4048 6224
337 266 401 328 15
1459 270 1853 330 MANUELIS
1883 270 2405 330 CHRYSOLOILE
3512 262 3576 326 16

406 376 527 428 llaec
560 376 759 445 duplex
796 380 968 447 patria
1012 378 1142 448 quid
1177 378 1280 431 sibi
1315 379 1462 442 velit,
1495 381 1734 449 explicat
1771 379 2139 449 Epitaphium,
2175 380 2319 447 quod
2348 378 2708 448 Chrysoloras
2754 388 2938 430 noster
2990 376 3041 430 in
3087 377 3571 431 Dominicanorum

337 467 681 519 monasterio
712 467 777 520 ad
808 482 957 521 aram
992 468 1043 519 in
1095 470 1225 520 urbe
1255 469 1571 522 Constantia
1613 478 1943 521 consecutus
1978 476 2062 521 est
2094 485 2106 517 :
2163 466 2375 519 Manaet
2412 466 2783 534 Chrysoloras,
2822 468 2972 517 mites
3017 465 3571 535 Constantinopolita-

334 564 455 613 nus,
487 566 551 604 ea:
587 562 786 606 vetusto
825 569 1011 622 genere
1043 552 1421 618 ltoiitanorum,
1454 557 1543 623 qui
1572 571 1693 607 cum
1736 552 2090 607 Constantino
2128 552 2446 619 imperatore
2489 552 2808 620 migrarunt.
2849 549 2913 602 Et
2940 560 3064 619 post
3095 554 3341 621 quaedam
3377 571 3390 607 :

827 666 994 719 Roma
1023 684 1161 720 meos
1187 670 1361 737 genuit
1404 670 1634 734 maiores
1676 682 1694 720 :
1734 683 1812 721 me
1843 667 1976 722 bona
2011 667 2168 721 tellus

831 737 1131 806 Byzantina
1171 739 1315 791 tulit.
1360 779 1374 794 .
1422 778 1434 792 .
1476 778 1492 793 .

407 844 426 897 Ι
458 882 473 897 .
517 826 658 907 Fuit,
694 852 752 897 ut
783 844 836 897 in
891 846 993 898 hoc
1027 844 1316 914 Epitaphio
1348 847 1571 911 dicitur,
1608 846 2258 916 Constantinopolitanus
2290 844 2464 897 miles.
2498 844 2620 907 Quo
2661 841 2931 895 vocabulo
2962 843 3326 910 scriptoribus
3351 843 3571 903 Latinis

335 932 740 986 recentioribus
792 949 966 1001 eques,
1001 934 1050 986 id
1081 942 1186 997 est,
1233 935 1506 988 interdum
1543 936 1726 1000 miles,
1768 937 1864 1005 qui
1913 951 2023 989 non
2058 934 2318 1003 peditem,
2362 932 2452 986 sed
2482 930 2719 999 equitem
2752 930 2863 997 agit
2898 946 2912 981 :
2952 930 3222 983 interdum
3265 932 3428 985 etiam
3465 950 3567 986 no-

336 1020 483 1085 bilis,
532 1035 693 1090 quem
729 1019 969 1089 dignitas
1003 1022 1278 1089 equestris
1324 1033 1506 1086 ornat,
1544 1022 1795 1078 denotari
1828 1022 1985 1077 solet.
2022 1020 2348 1076 Guilielmus
2380 1018 2530 1071 Brito
2560 1018 2657 1071 lib;
2694 1032 2754 1070 ιιι
2792 1018 3150 1086 Philippides,
3190 1034 3357 1072 versu
3392 1019 3497 1073 246
3518 1030 3573 1075 et

334 1108 438 1161 247
474 1125 489 1161 :

952 1236 963 1249 .
1002 1196 1144 1249 solus
1173 1194 1526 1251 Carlandicus
1561 1198 1712 1251 heros

829 1265 1014 1321 Servat
1045 1284 1157 1319 eam
1195 1266 1433 1338 [urbem]
1469 1278 1514 1320 et
1550 1270 1706 1336 pauci
1734 1268 1933 1335 pedites
1965 1282 2083 1318 cum
2117 1264 2285 1317 milite
2323 1280 2465 1317 raro.

405 1379 523 1433 Lib.
562 1396 634 1445 tv,
664 1397 818 1434 versu
846 1382 944 1434 281
982 1392 1034 1435 et
1066 1384 1425 1452 srqueutibus
1455 1400 1469 1436 :

832 1493 935 1546 Sed
970 1495 1118 1561 prius
1148 1510 1401 1562 expensas
1429 1495 1597 1546 tribus
1630 1495 1784 1547 annis
1818 1494 2147 1561 sufﬁcientes

828 1562 1091 1615 Militibus
1126 1575 1368 1617 numerat
1396 1565 1693 1633 quingentis
1725 1566 1789 1617 de
1828 1566 2043 1631 propria
2075 1579 2146 1625 re,

827 1633 972 1684 Mille
1000 1636 1186 1702 quibus
1216 1633 1387 1688 decies
1421 1636 1619 1703 pedites
1652 1635 1941 1703 adjungere
1964 1643 2138 1687 curat.

404 1717 523 1773 Lib.
555 1737 651 1785 vn,
684 1736 841 1774 versu
879 1721 909 1772 7
945 1730 998 1774 et
1027 1722 1387 1791 sequentibus
1426 1738 1441 1774 :

822 1828 1137 1900 Intermissa
1166 1830 1305 1882 brevi
1338 1830 1681 1897 languescunt
1712 1830 1851 1884 bella
1883 1834 2080 1900 quiete,

830 1899 1094 1967 Depositis
1121 1901 1324 1953 rediens
1363 1902 1526 1952 armis
1557 1903 1623 1951 ad
1648 1903 1863 1967 propria
1897 1899 2071 1964 miles,

826 1966 893 2020 Et
924 1969 1155 2037 peditum
1186 1979 1375 2022 lurmte
1407 1984 1503 2021 sita
1534 1966 1659 2022 rura
1700 1972 1921 2024 revisere
1949 1970 2203 2039 gaudent.

410 2062 679 2118 Henricus
709 2062 1129 2131 Gundeltingius
1160 2065 1214 2117 in
1244 2065 1578 2133 Appendice,
1621 2080 1785 2134 quam
1823 2065 2079 2118 Historia:
2108 2065 2410 2119 Austriacte
2440 2062 2727 2133 subiunxit
2757 2061 2977 2135 [Petrus
3008 2062 3331 2118 Lambecius
3369 2066 3467 2121 lib.
3501 2083 3562 2132 ιι,

334 2160 856 2207 commentariorum
896 2152 964 2207 de
1004 2154 1327 2207 bibliotheca
1359 2154 1605 2207 Caesarea
1642 2152 2069 2217 Vindobonensi,
2104 2171 2223 2223 cap.
2259 2156 2313 2219 6,
2348 2151 2689 2223 publicavit],
2720 2153 2787 2205 de
2812 2152 3087 2207 Comitum
3121 2153 3557 2223 Tyroliuensium

337 2240 688 2294 successione
725 2258 738 2295 :
773 2240 881 2293 Illa
914 2241 1285 2311 [Multeschia,
1323 2242 1622 2295 Corinthia:
1653 2242 1784 2313 dux]
1815 2258 1929 2295 cum
1962 2243 2248 2296 baronibus
2272 2243 2379 2296 suis
2409 2241 2601 2293 habitis
2630 2241 2849 2294 occultis
2879 2243 3220 2301 tractatibus,
3251 2252 3299 2294 et
3329 2258 3558 2310 praisew-

338 2328 430 2378 tim
458 2342 575 2380 cum
606 2326 924 2396 Engelmaro
955 2329 1118 2381 milite
1150 2330 1352 2382 Athesis
1380 2328 1460 2399 [id
1494 2340 1578 2383 est
1607 2330 1830 2383 ditionis
1861 2332 2184 2404 Athesinm],
2221 2333 2386 2401 ejecto
2415 2331 2641 2385 Bohemo
2675 2331 2739 2383 de
2785 2332 3038 2383 comitatu
3076 2332 3299 2401 Tyrclis.
3333 2334 3564 2388 Ludovi-

336 2433 455 2468 cum
489 2417 844 2469 marchionem
879 2416 1457 2487 Brandenburgensem,
1491 2418 1741 2472 Ludovici
1794 2418 1989 2473 Bavari
2024 2422 2263 2488 praedicti
2295 2422 2347 2471 in
2382 2436 2549 2489 regem
2610 2419 2764 2471 electi
2796 2418 2992 2485 ﬁlium,
3025 2421 3088 2472 de
3120 2412 3265 2488 [actu
3293 2426 3344 2475 in
3372 2425 3563 2476 matri-

344 2505 579 2556 monium
608 2508 825 2573 actepit.
863 2505 1015 2558 Paris
1045 2504 1357 2559 Latinitatis
1392 2508 1717 2562 auctoribus
1753 2509 1941 2561 militia
1973 2509 2287 2562 nominatur
2323 2509 2439 2577 ipsa
2474 2507 2812 2571 nobilitas,id
2849 2517 2949 2571 est,
2975 2511 3245 2576 equestris
3270 2513 3424 2565 ordo.
3465 2512 3561 2564 Er-

335 2590 643 2644 t-hinfridus
681 2592 989 2645 Melicensis
1024 2592 1193 2645 abbas
1223 2593 1275 2645 in
1315 2594 1539 2647 historia
1574 2593 1759 2664 [quam
1796 2595 1989 2649 Petrus
2016 2596 2343 2649 Lambecius
2376 2596 2546 2649 edidit
2580 2596 2672 2647 lib.
2706 2610 2740 2647 ιι
2791 2595 3324 2649 Coumrentariorum
3361 2599 3428 2649 de
3473 2598 3557 2651 bi-

336 2679 610 2733 bliotheca
645 2678 898 2734 Caesarea
926 2678 1356 2747 Vindobonensi,
1382 2698 1502 2751 cap.
1542 2682 1624 2753 8.]
1656 2684 1722 2736 de
1747 2682 2067 2737 Colomanni
2100 2684 2359 2753 martyrio
2390 2691 2445 2734 et
2476 2681 2755 2733 miraculis
2782 2697 2796 2733 :
2832 2679 3006 2747 llnjus
3040 2691 3143 2732 tam
3174 2685 3421 2745 prtrclari
3447 2696 3559 2737 stu-

334 2768 597 2835 pendique
632 2768 877 2821 miraculi
903 2768 1047 2836 fama
1078 2768 1144 2819 ad
1176 2785 1330 2821 aures
1362 2769 1577 2822 llenrici
1600 2770 1917 2823 marchionis
1948 2772 2176 2835 pervenit
2216 2769 2517 2821 rumoribus
2553 2769 2764 2821 allata:
2800 2769 2889 2835 qui
2918 2772 3093 2819 statim
3132 2771 3307 2822 missis
3339 2772 3561 2824 clerico-

338 2870 453 2905 runt
484 2856 756 2907 ordinibus
784 2866 830 2907 et
867 2856 1185 2925 quibusdam
1216 2858 1418 2910 militia:
1445 2873 1556 2909 sua:
1587 2859 1900 2925 primatibus
1934 2858 2202 2925 praecepit,
2240 2867 2295 2909 ut
2333 2858 2386 2908 in
2413 2873 2565 2909 suam
2598 2857 2855 2908 civitatem
2888 2857 3169 2923 honoriﬁce
3208 2859 3563 2925 transferrent

338 2942 611 2993 miraculis
647 2943 1004 3009 gloriﬁcatum
1038 2959 1253 3011 Corpus.
1290 2945 1469 3009 Quare
1501 2945 1864 3015 Chrysoloras
1899 2955 2106 3006 noster,
2137 2953 2193 2996 ut
2221 2960 2286 2997 ex
2327 2944 2711 3011 antiquissima
2751 2941 3124 2994 Roinanorum
3161 2945 3433 3012 prosapia,
3462 2949 3556 3013 qui

335 3047 459 3082 tum
494 3032 1216 3095 imperatoreConstantino
1249 3032 1445 3103 Magno
1495 3033 2011 3101 Constantinopolin
2049 3033 2443 3100 migrare-runt,
2499 3032 2598 3083 fuit
2632 3039 2812 3093 ortus,
2840 3030 2921 3083 sic
2959 3044 3081 3083 eum
3144 3033 3297 3085 mdes
3334 3034 3557 3096 dicitur,

333 3131 523 3184 c-Iues,
560 3118 613 3170 id
651 3128 754 3180 est,
791 3119 1001 3172 ordinis
1028 3121 1304 3185 equestris
1342 3121 1506 3171 homo
1549 3120 1653 3172 dici
1684 3119 2014 3187 iudicandus
2037 3127 2141 3172 est.
2175 3118 2415 3181 Accedit,
2443 3118 2588 3185 quod
2625 3132 2748 3171 eum
2810 3117 2978 3171 nobili
3010 3118 3173 3170 domo
3204 3131 3413 3183 natum,
3441 3121 3561 3189 qui-

333 3206 455 3256 dam
488 3205 689 3258 diserte
720 3216 1178 3259 commemorent.
1212 3205 1569 3260 Leonhardus
1596 3207 1813 3261 Brunus
1845 3210 2104 3261 Aretinus
2136 3208 2187 3259 in
2214 3206 2457 3259 Historia
2489 3222 2663 3257 rerum
2690 3203 3011 3256 Italicarum
3033 3222 3051 3257 :
3080 3204 3428 3275 Cht'ysoloras
3455 3208 3559 3276 Bg-

336 3292 603 3357 zautinus,
639 3294 715 3345 vir
747 3294 890 3346 domi
928 3296 1145 3349 nobilis.
1180 3296 1550 3350 llartmannus
1584 3296 1909 3351 Sehedelius
1938 3297 1990 3347 in
2019 3295 2296 3348 Chronico
2329 3312 2342 3348 :
2379 3292 2597 3345 Manuel
2629 3292 2978 3360 Chrysoloras
3017 3290 3345 3359 Byzantinus
3374 3308 3551 3360 patria

336 3379 985 3448 Constantiaopolitanus,
1022 3384 1097 3435 vir
1130 3384 1271 3436 domi
1332 3384 1539 3437 nobilis.
1573 3382 1809 3438 Jacohus
1848 3382 2129 3451 Philippus
2161 3382 2417 3434 Fet-estus
2473 3379 2763 3446 Bergomas
2796 3380 2848 3430 in
2882 3375 3279 3430 Chroniciirum
3324 3378 3554 3448 Supple-

336 3474 517 3518 tnento
545 3482 559 3518 :
605 3464 861 3519 Emanuel
893 3465 1240 3537 Chrysoloras
1276 3473 1490 3523 natione
1524 3470 1762 3534 Umerus,
1795 3474 1972 3538 patria
2008 3471 2365 3541 Byzantinus,
2395 3470 2475 3521 vir
2509 3468 2651 3519 domi
2682 3466 2893 3517 nobilis.

405 3552 492 3605 lll.
539 3552 799 3622 Tempus,
830 3571 938 3623 quo
968 3558 1325 3627 Chrysoloras
1375 3568 1558 3611 noster
1604 3560 1757 3622 vixit,
1787 3561 1949 3612 etiam
1981 3578 2010 3613 e
2036 3560 2371 3612 doctissimis
2399 3556 2530 3609 viris
2578 3554 2861 3607 nonnullos
2899 3556 3055 3619 t'ugtt.
3091 3555 3246 3617 Quod
3294 3554 3337 3606 si
3386 3552 3554 3606 Jaco-

336 3639 461 3692 bmn
496 3639 803 3694 Pontanqu
839 3646 889 3694 in
918 3645 1059 3697 notis
1090 3646 1154 3696 ad
1186 3644 1405 3714 Georgii
1440 3646 1698 3705 Phranzae
1726 3647 2049 3711 chronieon,
2093 3648 2291 3700 librum
2318 3662 2356 3712 ι,
2393 3656 2557 3714 caput
2592 3644 2675 3706 12,
2709 3644 2984 3707 audimus,
3019 3642 3161 3694 inter
3193 3642 3315 3705 hos,
3346 3647 3433 3706 qui
3471 3648 3555 3697 ln-

337 3743 480 3789 men,
516 3728 657 3794 quod
688 3727 966 3781 Christum
1002 3731 1053 3782 in
1107 3742 1290 3785 monte
1318 3733 1702 3797 circumlulsit,
1740 3748 2013 3793 creatum,
2051 3748 2156 3786 u0n
2188 3734 2515 3793 increatum,
2552 3731 2911 3793 allirmarunt,
2946 3732 3047 3782 sub
3080 3730 3408 3797 imperatore
3441 3735 3553 3785 An-

334 3815 561 3866 dronico
587 3814 892 3885 Palazologo
921 3807 1282 3887 juniorc,iqui
1314 3822 1499 3873 statim
1550 3836 1668 3889 post
1703 3820 1993 3875 concilium
2018 3836 2079 3873 ea
2113 3823 2178 3873 de
2212 3820 2587 3873 controversia
2620 3818 2975 3878 celebratum,
3004 3831 3145 3868 anno
3164 3817 3226 3869 C.
3264 3819 3414 3881 l5“,
3440 3819 3552 3874 vita

333 3903 588 3963 decessit,
622 3903 724 3957 luit
752 3906 1006 3960 celebris.
1047 3909 1294 3963 Phranza
1329 3911 1449 3966 loco
1482 3911 1649 3974 dicto,
1689 3912 1983 3980 interprete
2022 3908 2245 3958 laudato
2280 3904 2564 3956 Pontano:
2601 3903 2722 3955 Tum
2756 3919 2957 3968 quoque
3004 3905 3288 3956 monachus
3334 3907 3549 3972 quidam

334 3988 583 4055 Calaber,
613 3994 710 4056 ait,
740 3993 914 4045 dictus
950 3993 1298 4063 Barlaamus,
1330 4014 1395 4052 ex
1425 3997 1590 4052 Italia
1624 3995 2117 4063 Constantinopolin
2150 3992 2306 4052 venit,
2344 3993 2435 4057 qui
2477 3993 2528 4043 in
2558 3992 2826 4060 dogmatis
2862 3990 3177 4044 Latinorum
3204 3997 3549 4058 exercitatus,

334 4088 383 4128 et
419 4079 489 4130 ad
524 4096 584 4131 ea
614 4080 954 4148 defendenda
985 4083 1215 4137 disertus
1246 4089 1531 4139 admodum
1565 4096 1612 4139 et
1661 4086 1903 4155 eloquens
1931 4082 2034 4137 sibi
2088 4079 2381 4133 videbatur.
2416 4078 2694 4131 Asserebat
2724 4079 2880 4141 idem,
2917 4080 3089 4132 lumen
3127 4081 3259 4132 illud
3289 4082 3343 4133 in
3382 4094 3555 4134 monte

338 4163 546 4219 Thubor
592 4178 829 4221 creatum
882 4185 1015 4231 esse,
1056 4182 1371 4240 nostrosque
1398 4178 1466 4227 ad
1501 4176 1877 4243 disputandum
1915 4185 2067 4236 super
2101 4169 2197 4220 hoc
2252 4168 2519 4220 axiomate
2551 4168 2889 4235 provocabat.
2932 4165 3213 4236 Negotium
3269 4169 3555 4233 imperator

334 4249 705 4320 [Andronicus
735 4254 1073 4325 Puleeologus
1096 4258 1302 4330 junior]
1338 4259 1585 4330 Gregorio
1614 4260 1845 4313 Palamtv
1874 4258 2014 4310 dedit
2038 4259 2128 4325 qui
2157 4266 2277 4307 tunc
2301 4253 2810 4307 Thessalonicensem
2841 4252 3132 4306 Ecclesium
3159 4256 3552 4308 moderabatur.

336 4339 466 4391 Cum
508 4343 598 4393 diu
635 4344 772 4394 inter
804 4359 858 4395 se
888 4343 1089 4397 velitati
1120 4359 1311 4412 essent,
1342 4348 1714 4412 persuasibilia
1749 4344 1902 4399 verba
1934 4355 1982 4397 et
2018 4360 2183 4412 nugas
2217 4341 2431 4394 Calabri
2461 4339 2711 4393 Palamas
2760 4341 2899 4394 velut
2924 4356 3243 4394 aranearum
3277 4342 3407 4394 telas
3442 4344 3551 4394 dis-

335 4431 520 4482 cnssit.
553 4431 705 4495 Quod
731 4429 928 4485 Joanni
962 4434 1296 4503 Chrysalorte
1323 4438 1506 4489 eadem
1538 4435 1803 4495 sentienti,
1833 4432 2144 4499 dicendique
2171 4446 2231 4483 ac
2255 4430 2563 4492 disputandi
2590 4429 2836 4482 similiter
2863 4429 2987 4481 bene
3014 4433 3200 4497 perito,
3238 4431 3448 4496 perinde
3470 4430 3550 4498 fe-

335 4518 426 4569 cit.
480 4519 559 4571 Ad
593 4519 705 4574 lurc
733 4518 1030 4587 Pontanus,
1062 4522 1259 4576 Joanni
1296 4524 1653 4594 Chrysolorw,
1692 4533 1803 4574 tum
1838 4519 1967 4581 alia,
1998 4534 2119 4585 qua:
2172 4525 2362 4569 nostro
2401 4514 2636 4568 Manueli
2665 4515 2999 4583 Chrysalum
3030 4518 3380 4579 conveniunt,
3435 4527 3548 4569 tum

335 4607 497 4657 etiam
534 4606 905 4675 Epitaphium,
943 4611 1101 4678 cujus
1132 4613 1462 4666 mentionem
1491 4611 1517 4681 §
1549 4627 1563 4663 t
1596 4611 1846 4670 fecimus,
1882 4607 2130 4660 attribuit
2160 4624 2173 4669 ;
2228 4603 2364 4666 sive,
2395 4607 2538 4673 quod
2577 4606 2912 4671 praenomina
2948 4620 3040 4671 per
3082 4604 3427 4658 oscitantiam
3459 4622 3555 4657 ne-

336 4696 579 4762 glexerit,
624 4696 737 4749 sive
772 4699 914 4763 quod
955 4697 1215 4753 Joannem
1249 4698 1543 4752 Manuelem
1588 4696 1964 4768 Chrysoloram
1996 4701 2244 4745 nostrum
2278 4690 2446 4743 fuisse
2473 4690 2677 4743 dii-tum
2715 4705 3035 4757 persuasus,
3069 4705 3382 4756 praenomen
3416 4690 3553 4742 alte-

336 4798 455 4834 rnui
491 4784 541 4835 in
580 4783 888 4852 Epitaphio,
917 4786 1151 4840 alterum
1186 4803 1214 4839 a
1247 4786 1494 4840 Phranza
1528 4786 1789 4839 omissum
1816 4781 2237 4835 existimaverit.

408 4868 495 4923 Ν.
532 4871 600 4924 At
634 4887 783 4936 vero,
840 4889 1014 4943 neque
1039 4872 1304 4928 Joannem
1342 4873 1641 4927 Manuelem
1691 4870 2079 4939 Chrysoloram
2117 4875 2360 4919 nostrum
2397 4863 2566 4919 luisse
2599 4866 2805 4918 dictum
2839 4866 3161 4940 reperimus,
3195 4873 3248 4917 et
3287 4861 3553 4916 Joannem

337 4956 750 5027 Manuclemque
781 4959 1143 5029 Chrysoloras
1177 4960 1349 5014 fuisse
1398 4962 1667 5021 diversos,
1699 4959 1814 5027 ipsa
1856 4967 2162 5025 temporum
2198 4952 2401 5005 indicat
2434 4951 2694 5005 conditio.
2729 4951 2835 5004 Fac
2881 4951 3050 5015 enim,
3088 4950 3415 5016 imperatore
3447 4952 3559 5006 An-

338 5045 567 5100 dronico
621 5046 922 5116 Palzeologo
947 5046 1165 5115 juniore
1189 5049 1352 5101 vitam
1408 5047 1717 5110 claudente,
1753 5048 1801 5099 id
1838 5053 1941 5109 est,
1980 5057 2125 5095 anno
2157 5040 2219 5094 C.
2260 5039 2419 5101 1541,
2449 5038 2715 5093 Joannem
2748 5038 3134 5108 Chrysoloram
3163 5038 3232 5090 25
3261 5053 3555 5101 annorum,

340 5135 592 5201 quamvis
624 5145 734 5187 tum
767 5134 1078 5201 grandioris
1128 5136 1307 5187 artatis
1340 5148 1668 5201 prasumere
1697 5147 1803 5185 non
1837 5140 2032 5200 preter
2059 5143 2281 5181 causam
2318 5128 2540 5196 possis:
2574 5128 2979 5182 Constantiensi
3016 5126 3273 5189 concilio,
3306 5128 3370 5179 ad
3408 5127 3554 5195 quod

338 5219 551 5275 Manucl
582 5221 939 5291 Chrysoloras
970 5230 1155 5275 noster
1187 5228 1552 5289 spectatorem
1582 5231 1806 5273 acturus
1839 5218 2093 5280 acceSsit,
2130 5226 2187 5269 ut
2230 5215 2368 5269 infra
2419 5214 2995 5277 commemorabimus,
3031 5214 3246 5268 initium
3283 5214 3551 5283 capiente,

338 5310 391 5361 td
424 5317 527 5371 est,
568 5323 697 5361 ann.
730 5307 791 5361 C.
829 5308 986 5371 1414,
1020 5310 1393 5361 centenarium
1427 5322 1610 5361 senem
1643 5306 1917 5359 habebis;

409 5391 473 5446 ν.
508 5393 694 5463 Neque
723 5392 959 5447 Jacobus
989 5394 1272 5448 Pontanus
1302 5393 1498 5457 solum,
1524 5394 1689 5446 etiam
1724 5391 2001 5446 Gerardus
2033 5389 2271 5444 Joannes
2314 5394 2532 5442 tusslus
2555 5386 2819 5440 Joannem
2853 5396 3015 5455 atque
3048 5385 3345 5440 Mannelcin
3382 5384 3557 5456 Chry-

337 5480 549 5533 soloras
583 5479 892 5534 confundit.
928 5477 1169 5547 Uterque
1203 5480 1503 5533 Manuelcm
1537 5478 1923 5548 Chrysoloram
1954 5478 2235 5531 Francisci
2267 5475 2531 5543 l‘hilclphi
2560 5488 2811 5527 Socerum
2850 5473 3021 5527 fuisse
3062 5478 3241 5526 docet.
3279 5472 3562 5528 Pontanus

338 5568 459 5621 loco
486 5569 630 5620 dicto
655 5585 668 5621 :
698 5566 831 5636 Ejus
864 5567 1152 5638 [Manuclis
1180 5566 1542 5637 CIII‘YSOIOI‘IB]
1575 5584 1747 5635 gener,
1778 5582 1879 5619 non
1908 5566 2199 5631 discipulus
2233 5567 2405 5627 modo,
2441 5564 2542 5627 fuit
2579 5562 2888 5615 Franciscus
2922 5561 3250 5627 Phile/phus,
3284 5562 3369 5613 cui
3402 5559 3565 5614 Theo-

338 5657 522 5708 doram
554 5656 722 5723 filiam
756 5670 974 5723 nuptum
1033 5655 1193 5706 defit.
1226 5655 1450 5710 Vossius
1482 5656 1573 5711 lib.
1612 5673 1683 5721 tv,
1728 5656 1796 5708 De
1831 5656 2098 5709 historicis
2148 5653 2367 5712 Graecis,
2418 5665 2538 5719 cap.
2579 5650 2685 5703 19:
2729 5648 2945 5702 Manurl
2987 5648 3339 5717 Chrysoloras
3382 5646 3560 5700 Fran-
