4048 6224
512 356 585 421 ἰί
1610 352 1615 357 ·
1768 362 1953 423 VITA
1995 361 2092 423 ET
2131 361 2478 425 SCRIPTA.
2592 348 2597 353 ‘
3685 366 3755 432 18

511 473 640 526 cisci
677 471 941 542 Philelplti
972 489 1139 529 socer.
1174 474 1305 529 Tant
1329 488 1446 529 eum
1468 474 1859 557 laudataquam
1897 475 2231 545 Pltilelpltum
2265 478 2529 546 vituperat
2559 476 2786 547 Poggius
2821 480 2994 548 printa
3020 480 3072 533 in
3110 479 3448 551 Pltilelpltunt
3476 483 3752 539 ἱηυιαὸιειι.

509 562 674 616 Certe
706 576 813 616 non
839 561 1167 624 Manualem,
1202 564 1296 617 sed
1326 561 1591 617 Joannem
1625 563 2014 633 Chrysoloram
2052 559 2350 620 Francisco
2380 565 2672 634 Philelplto
2711 567 2876 619 tiliam
2920 577 3222 637 stupratam
3258 571 3309 624 in
3342 572 3755 626 matrimonium

512 647 755 711 dedisse,
778 648 1020 704 Joannes
1044 647 1381 705 Franciacus
1411 650 1651 718 Poggius
1693 652 1871 720 prima
1907 652 1958 705 in
1992 649 2352 707 Franciscum
2380 652 2724 724 Pbilelpltnm
2762 655 3038 709 invectiva
3072 658 3262 718 refert,
3295 674 3457 727 quem
3500 658 3573 712 ibi
3603 674 3759 712 com-

514 736 685 804 pellat
710 739 795 789 his
822 736 1005 791 verbis
1045 751 1060 790 :
1101 738 1297 791 Pulsus
1328 738 1453 790 olim
1480 737 1702 791 Patavio
1733 739 1979 806 turpiter,
2033 738 2121 792 ubi
2155 738 2517 809 Gasparinum
2555 742 2833 806 audiebas,
2871 753 3094 812 propter
3124 743 3495 805 adolescentis,
3537 760 3639 813 quo
3670 744 3760 799 de-

509 822 745 886 peribas,
776 822 1028 875 insanum
1059 840 1316 887 amorem,
1349 823 1870 893 Constantinopolin,
1909 837 2161 894 umquam
2188 828 2243 880 in
2277 827 2507 895 asylum.
2536 844 2726 897 egenus
2754 840 2913 897 atque
2942 832 3089 897 inops
3125 831 3434 900 confugisti.
3472 830 3681 884 Callide
3705 832 3760 885 id

510 908 723 976 quidem
776 923 824 961 et
882 919 1081 974 astute,
1136 920 1197 964 ut
1248 908 1318 964 ad
1344 925 1406 964 ea
1436 910 1553 964 loca
1584 911 1786 974 adires,
1831 912 1900 963 ad
1946 927 2063 981 qua:
2095 913 2250 966 citius
2286 922 2493 979 auctor,
2524 931 2683 984 quam
2712 916 2857 986 fama
2894 917 3170 977 scelerum.
3211 919 3518 986 perveniret.
3562 915 3649 971 Ibi
3700 901 3757 971 in

508 992 739 1046 Joannis
796 994 1130 1066 Chrysolorte
1187 998 1480 1050 doctissimi
1542 1006 1699 1066 atque
1752 998 1981 1067 insignis
2042 1000 2235 1066 equitis
2294 1000 2762 1069 familiaritatem,
2825 1004 3060 1058 discendi
3121 1005 3471 1072 cupiditatem
3541 1019 3651 1069 pra!
3705 1012 3755 1057 te

452 1152 459 1157 _
511 1086 705 1150 ferens,
732 1083 1041 1136 insinuasti.
1076 1082 1180 1148 Qui
1220 1094 1315 1137 tua
1345 1085 1662 1138 verbositate
1697 1093 1891 1147 motus,
1931 1084 2092 1137 simul
2116 1086 2450 1141 mendicitate
2485 1099 2777 1142 commotus
2820 1089 2980 1162 [nihil
3010 1092 3148 1145 enint
3175 1108 3260 1154 eo,
3291 1100 3484 1159 praeter
3517 1091 3754 1159 linguam

510 1169 724 1221 inanem
746 1179 797 1222 et
830 1179 1000 1223 cutem
1020 1172 1228 1223 aridam
1251 1170 1614 1242 deportat-as],
1646 1179 1696 1225 te
1715 1171 1862 1224 domi
1887 1186 1999 1226 sua:
2030 1172 2243 1240 recepit,
2268 1173 2486 1241 ignarus
2513 1176 2721 1242 futuri;
2751 1178 3011 1245 hospitem
3042 1179 3180 1231 enim
3203 1179 3475 1242 pudicum,
3506 1192 3611 1228 non
3649 1175 3753 1228 Ρα-
3820 1194 3823 1197 ·

513 1257 681 1310 rident
714 1260 1016 1312 adulterum
1058 1277 1114 1314 se
1158 1269 1495 1330 recepturum
1527 1261 1765 1328 putabat.
1805 1262 1871 1314 At
1900 1270 1956 1313 tn
1986 1277 2105 1313 cum
2135 1264 2391 1331 regiones,
2435 1277 2536 1316 non
2573 1280 2764 1325 mores,
2799 1266 3162 1329 immutasxes,
3193 1281 3257 1319 ne
3286 1268 3404 1335 quis
3445 1267 3590 1318 locus
3627 1271 3761 1316 esset

514 1360 711 1398 racuus
743 1348 1034 1400 sceleribus
1064 1348 1188 1411 tuis,
1219 1349 1333 1416 ejus
1371 1349 1624 1417 virginem
1653 1348 1824 1416 ﬁliam
1856 1349 2137 1416 stuprasti,
2173 1349 2277 1401 tuis
2308 1348 2786 1416 pollicitationibus
2810 1363 2857 1405 et
2896 1353 3172 1406 blanditiis
3205 1353 3498 1421 deceptam.
3539 1349 3671 1406 Cum
3709 1367 3763 1403 re

514 1434 607 1486 ille
638 1435 820 1494 miser,
855 1434 946 1503 qui
972 1443 1265 1502 serpentem
1307 1436 1450 1489 domi
1480 1437 1768 1498 nutrierat,
1803 1442 2057 1489 moechum
2085 1434 2209 1501 ﬁlia:
2245 1436 2685 1503 deprehendisset,
2718 1438 2780 1490 de
2809 1448 2858 1492 te
2886 1439 3251 1503 interﬁciendo
3283 1439 3567 1491 consilium
3605 1441 3759 1499 cepit,

515 1538 633 1573 cum
663 1531 721 1575 tu
747 1523 1043 1589 aufugisses
1074 1520 1326 1591 supplicii
1359 1532 1519 1575 metu.
1555 1521 1660 1576 Sed
1688 1523 1816 1591 quid
1851 1531 2026 1592 ageret
2058 1523 2135 1576 vir
2179 1524 2297 1574 licet
2338 1524 2567 1590 prudens
2592 1526 2619 1580 ν
2646 1524 2809 1591 Inops
2842 1529 3051 1579 consilii
3081 1537 3235 1588 erat;
3270 1527 3443 1580 scelus
3473 1528 3762 1583 detectum,

514 1612 660 1678 virgo
689 1626 1010 1674 compressa,
1039 1614 1135 1662 dos
1158 1611 1360 1664 amisia
1385 1611 1725 1679 virginitatis.
1764 1608 2109 1663 Intercedunt
2138 1609 2320 1662 Italici
2345 1618 2686 1673 mercatores,
2715 1613 3020 1672 consulunt.
3059 1623 3111 1664 ut
3138 1628 3255 1665 eam
3284 1612 3634 1678 despondeat,
3662 1610 3761 1661 hoe

522 1697 756 1748 maxime
787 1706 943 1765 pacto
974 1695 1280 1750 obumbrari
1302 1706 1547 1762 putantes
1575 1696 1960 1764 turpitudinem
1991 1704 2308 1762 susceptam.
2357 1693 2544 1765 Itaque
2572 1697 2918 1767 Cbrgsoloras
2953 1715 3174 1753 maerore
3201 1698 3492 1765 confectus,
3520 1700 3760 1755 compul-

517 1799 608 1834 sus
640 1783 903 1850 precibus,
935 1783 1078 1836 malo
1108 1792 1347 1841 coactus.
1385 1784 1559 1853 litium
1585 1783 1682 1836 tibi
1713 1782 1904 1851 nuptui
1936 1781 2082 1835 dedit
2114 1798 2146 1835 a
2177 1793 2225 1836 te
2250 1792 2580 1854 corruptam.
2605 1784 2683 1839 Ex
2708 1785 2911 1854 quibus
2934 1785 3097 1839 simul
3127 1794 3293 1853 patet.
3320 1784 3601 1838 Francisci
3632 1781 3763 1835 Plti-
3801 1799 3811 1806 ·

521 1867 687 1934 lrlplti
726 1866 913 1936 [quem
943 1883 1077 1924 ann.
1107 1867 1169 1922 C.
1215 1869 1355 1924 1598
1385 1877 1574 1923 natum
1605 1882 1730 1923 esse
1767 1866 2011 1937 canstat]
2041 1883 2297 1922 socerum
2329 1868 2597 1924 Jomnem
2635 1870 3026 1942 Cltrysoloram
3051 1910 3067 1936 ,
3101 1888 3208 1925 non
3246 1871 3425 1935 illum,
3465 1870 3627 1940 cuius
3666 1886 3761 1924 su-

527 1972 627 2025 pra
662 1956 1012 2021 memininus,
1042 1972 1189 2011 anno
1217 1957 1425 2012 Christi
1466 1958 1594 2011 i3“
1633 1958 1868 2023 clarum,
1901 1958 1995 2012 sed
2028 1955 2197 2010 alium
2244 1956 2413 2010 tuolto
2444 1958 2721 2026 juniorcm
2757 1958 2946 2013 fuisse.

605 2040 685 2098 Vl.
718 2042 985 2098 Indicium
1019 2045 1221 2109 aetatis,
1254 2061 1366 2115 qua
1397 2053 1582 2100 noster
1612 2045 1976 2117 Chrysaloras
2006 2044 2110 2100 fuit
2138 2055 2441 2115 superstes,
2474 2046 2773 2115 imperator
2794 2046 3038 2102 Joannes
3066 2047 3406 2119 Ρειιειεοιοςιιε
3434 2045 3596 2099 nobis
3628 2061 3765 2113 [mr-

522 2130 635 2185 bet.
664 2131 745 2186 Ad
775 2132 920 2186 hunc
950 2133 1096 2186 enim
1134 2133 1350 2202 longam
1392 2134 1482 2187 ille
1515 2133 1737 2203 scripsit
1764 2132 2078 2202 epistolam,
2113 2147 2219 2200 qua
2250 2131 2771 2203 Constantinopolin
2809 2151 2933 2189 cum
2967 2136 3137 2188 ltotua
3171 2141 3471 2201 comparat.
3507 2131 3611 2185 Sed
3650 2132 3763 2186 duo

518 2218 745 2273 fuerunt
769 2220 1134 2289 imperatores
1161 2218 1406 2274 Joannes
1447 2219 1760 2286 Palaaologi.
1796 2215 1974 2282 Prior,
2010 2218 2311 2273 Andronici
2345 2218 2635 2288 Palaudogi
2673 2221 2913 2289 junioris
2953 2220 3123 2283 ﬁlius,
3171 2217 3440 2272 Mauuelis
3474 2217 3761 2286 Pulteologi

518 2305 714 2372 frater,
744 2306 1038 2375 imperium
1072 2307 1178 2360 sub
1207 2307 1577 2361 Cantacnzeni
1619 2308 1789 2361 tutela
1816 2323 1952 2377 puer
1984 2307 2194 2375 accepit
2224 2323 2356 2362 ann.
2385 2304 2446 2361 C.
2484 2307 2615 2361 1541
2647 2326 2660 2360 :
2701 2300 2867 2361 vitam
2896 2323 3026 2362 ann.
3056 2307 3118 2362 C.
3150 2306 3280 2360 1591
3317 2305 3535 2358 elutisu.
3570 2303 3763 2361 Postc-

521 2393 656 2458 rior,
702 2393 969 2449 Manuelis
993 2395 1283 2466 Palmologi
1324 2396 1486 2460 filius,
1525 2397 1824 2464 imperator
1853 2411 1983 2451 ann.
2020 2396 2084 2450 C.
2119 2395 2256 2450 1419
2290 2405 2535 2460 creatus,
2571 2412 2602 2450 e
2632 2395 2770 2449 vivis
2802 2411 2936 2449 ann.
2983 2395 3121 2450 “£8
3146 2394 3407 2450 excessit.

605 2481 715 2537 \‘ll.
755 2481 1083 2539 Posterioris
1118 2482 1348 2539 Joannis
1374 2483 1663 2554 Palaeologi
1697 2485 2035 2554 temporibus
2057 2484 2422 2555 Cbrysoloras
2466 2495 2654 2539 noster
2678 2484 2899 2555 claruit,
2926 2484 2971 2536 si
3005 2484 3302 2540 nonnullos
3337 2503 3367 2541 e
3404 2485 3770 2554 scriptoribus

523 2572 921 2626 recentioribus
953 2571 1230 2625 audimus.
1261 2571 1413 2625 Inter
1443 2575 1541 2627 bos
1573 2572 1927 2643 reperiuntur
1973 2572 2211 2628 Joannes
2245 2573 2515 2628 Henricus
2540 2572 2821 2627 Alstedius
2844 2584 2896 2627 et
2929 2572 3207 2630 Gerardus
3236 2573 3479 2630 Joannes
3506 2574 3769 2629 Vossius.

520 2658 541 2712 l
568 2658 615 2711 le
644 2658 696 2711 in
728 2657 995 2712 Thesauro
1024 2658 1432 2726 Cltronologico,
1464 2660 1814 2729 chronologia
1844 2660 1932 2724 50,
1957 2676 2076 2729 quae
2097 2660 2544 2730 philosophorum
2568 2668 2673 2725 est,
2695 2659 2761 2715 ad
2794 2674 2924 2713 anu.
2943 2660 3002 2714 C.
3042 2660 3176 2715 1410
3208 2676 3224 2715 :
3260 2659 3567 2714 Theodorus
3602 2662 3769 2719 Utica,

524 2744 778 2817 Georgius
806 2746 1213 2817 Trapezuntius,
1247 2746 1510 2802 Emanuel
1534 2747 1904 2818 Cltrysoloras.
1935 2757 1984 2802 et
2035 2746 2367 2802 Maturacius
2403 2748 2616 2816 ﬂorent.
2651 2747 2751 2802 llic
2777 2747 2874 2801 lib.
2910 2762 2962 2802 ιν
2992 2746 3066 2802 De
3095 2748 3368 2802 historicis
3402 2746 3627 2812 Graecis,
3651 2763 3771 2816 cap.

528 2831 598 2886 19
630 2851 645 2886 :
682 2835 834 2888 Anno
877 2834 1016 2887 1440
1051 2850 1113 2887 ac
1139 2834 1379 2902 deinceps
1405 2835 1594 2903 ﬂoruit
1629 2834 1850 2889 Manuel
1885 2833 2263 2903 Cltrysoloras.

600 2921 734 2979 Vill.
763 2923 871 2977 Sed
909 2935 1136 2992 uterque
1168 2923 1389 2993 longius
1417 2938 1446 2978 a
1479 2937 1610 2977 vero
1642 2922 1970 2992 digreditur,
2004 2936 2132 2976 cum
2159 2920 2525 2993 Clu-ysoloras
2561 2929 2751 2976 noster
2777 2923 2913 2976 adeo
2935 2937 3041 2977 non
3073 2938 3202 2976 ann.
3236 2922 3460 2977 (2.14-10
3484 2925 3771 2985 claruerit,

531 3022 596 3065 ut
630 3011 818 3066 multis
852 3013 1012 3065 annis
1042 3021 1170 3066 ante
1201 3022 1468 3078 mortuus,
1505 3026 1572 3067 ne
1601 3020 1714 3065 tum
1748 3010 1991 3080 quidem,
2015 3024 2137 3064 cum
2173 3008 2417 3065 Joannes
2447 3009 2790 3078 Palaeologns
2815 3010 3004 3080 iunior
3033 3009 3303 3078 imperare
3340 3011 3531 3079 coepit,
3564 3011 3666 3064 hoc
3692 3020 3776 3065 est

526 3114 664 3153 ants.
694 3099 757 3153 C.
794 3099 956 3163 Mill,
985 3098 1039 3151 in
1079 3099 1222 3153 vivis
1254 3098 1528 3153 exstiterit
1567 3098 1753 3153 :sicut
1778 3112 1864 3160 ea,
1902 3112 2024 3165 qua:
2052 3111 2179 3151 mox
2216 3095 2534 3161 alleremus,
2568 3099 2882 3152 ostendent.

602 3184 695 3240 IX.
737 3189 792 3240 In
826 3186 1028 3240 litteris
1063 3186 1226 3240 modo
1259 3187 1515 3252 laudatis,
1549 3186 1615 3241 ad
1643 3183 1909 3240 Joannem
1936 3183 2302 3252 Palaeologuni
2340 3185 2728 3254 imperatorem
2765 3184 3016 3252 scriptis,
3049 3185 3417 3256 Cltrysoloras
3445 3195 3652 3249 uoster,
3679 3188 3785 3255 qui-

525 3287 657 3330 ante
681 3274 959 3330 biennium
999 3275 1052 3328 in
1082 3272 1359 3330 Britannia
1391 3273 1625 3327 Londini
1657 3272 1858 3336 fuerat,
1898 3273 1955 3325 in
1984 3272 2117 3326 urbe
2150 3271 2322 3325 Roma
2352 3286 2412 3325 se
2433 3272 2762 3327 commorari
2794 3283 3045 3328 testatur.
3080 3272 3152 3327 De
3173 3274 3388 3342 quibus,
3415 3275 3614 3342 inquit,
3651 3291 3779 3339 pro-

525 3364 691 3417 lixius
724 3363 799 3415 ad
822 3370 870 3415 te
895 3359 1223 3430 referendum
1255 3369 1393 3424 erat,
1426 3359 1621 3429 optime
1643 3364 1951 3427 imperator,
1983 3375 2044 3413 ea
2071 3358 2198 3412 aliis
2236 3359 2430 3413 litteris
2463 3361 2771 3429 perscripsi,
2808 3376 2939 3430 quas
2972 3377 3075 3415 una
3109 3376 3226 3414 cum
3259 3363 3396 3414 hisce
3426 3360 3494 3413 ad
3525 3371 3574 3413 te
3602 3361 3777 3426 perla-

530 3461 647 3501 tum
680 3449 748 3502 iri
778 3459 904 3518 puto
931 3464 949 3501 :
980 3449 1106 3519 quin
1142 3450 1249 3501 into
1284 3464 1400 3501 cum
1434 3449 1605 3501 multa
1639 3447 1847 3515 quidem
1871 3448 1985 3516 jam
2009 3456 2131 3501 ante
2157 3446 2281 3500 hinc
2313 3450 2381 3499 ad
2412 3459 2460 3501 te
2500 3448 2829 3514 scripserint,
2857 3458 2906 3502 et
2938 3466 3040 3503 non
3069 3465 3242 3516 pauca
3264 3450 3426 3501 etiam
3456 3451 3777 3517 nuperrimis

532 3541 730 3594 litteris
760 3553 779 3592 :
809 3539 1012 3606 placuit
1043 3550 1221 3591 tamen
1245 3537 1354 3592 Ita'c
1387 3536 1703 3605 subjungere
1733 3538 2048 3606 uoluptatis,
2080 3549 2183 3589 non
2219 3534 2476 3589 utilitatis
2508 3536 2687 3604 gratia
2726 3549 2744 3588 .'
2780 3552 2934 3604 quam
2968 3553 3072 3589 non
3121 3538 3369 3606 exiguum
3412 3553 3491 3590 ine
3514 3537 3778 3606 percipere

533 3629 726 3691 sentio,
755 3627 886 3678 dum
912 3643 1025 3679 mea
1051 3626 1253 3695 scripta
1274 3641 1441 3678 sacrte
1466 3636 1571 3679 tute
1603 3624 1877 3694 majestati
1906 3625 2090 3693 offero.
2116 3627 2394 3680 Materiam
2420 3641 2536 3680 vero
2557 3627 2832 3695 prtesentis
2852 3627 3155 3695 scriptionis
3178 3641 3243 3680 ea:
3265 3629 3365 3680 hac
3396 3627 3523 3680 urbe
3541 3629 3783 3696 capiam,

532 3729 691 3782 quam
727 3723 884 3765 antea
918 3713 1128 3780 quidem
1156 3726 1221 3763 ea:
1248 3711 1479 3779 aliorum
1506 3712 1858 3765 relationibus
1887 3712 2246 3777 admirabar;
2279 3714 2368 3766 sed
2401 3730 2539 3766 nunc
2575 3729 2641 3767 ex
2668 3715 2784 3782 ipsa
2812 3715 3134 3782 inspectione
3158 3715 3325 3768 ntulto
3346 3731 3461 3768 eam
3483 3715 3651 3785 magis
3678 3717 3779 3767 ad-

537 3800 846 3852 mirandam
870 3799 1083 3868 judico,
1118 3814 1280 3868 quam
1312 3814 1376 3852 ea:
1414 3798 1504 3861 iis,
1537 3813 1652 3868 qua:
1686 3799 1749 3851 de
1776 3798 1871 3851 illa
1908 3809 2223 3866 narrantur,
2259 3800 2575 3866 simpliciter
2605 3802 2801 3871 aliquis
2833 3803 3114 3873 conjiciat.
3149 3802 3355 3856 Ibidem
3398 3811 3532 3871 post~
3555 3803 3723 3854 Ittttlln
3759 3819 3775 3857 :

540 3888 658 3940 Duo
687 3897 863 3941 autem
896 3887 1211 3953 luminaria,
1249 3884 1328 3939 vel
1353 3884 1512 3949 soles,
1545 3893 1639 3937 aut
1667 3884 1821 3939 caelos
1857 3887 2085 3955 integros
2124 3886 2218 3942 Dei
2272 3888 2499 3958 gloriam
2528 3900 2862 3955 enarrantes,
2899 3890 3135 3954 Petrum,
3166 3891 3407 3959 inquam,
3431 3899 3481 3942 et
3524 3887 3778 3949 Paulum,

539 3990 765 4040 quorum
800 3976 1036 4045 reliquit:
1066 3976 1152 4028 hic
1175 3975 1291 4028 sita:
1317 3982 1468 4039 sunt,
1498 3983 1548 4027 et
1580 3973 1649 4025 ad
1679 3989 1901 4041 quorum
1929 3986 2268 4028 monumenta
2307 3975 2415 4030 lucc
2445 3976 2640 4039 scribo,
2669 3979 2788 4044 quis
2829 3977 2987 4047 digne
3011 3976 3372 4031 admirabitur
3395 3977 3421 4030 l
3449 3975 3573 4031 Post
3608 3975 3778 4029 multo

538 4064 802 4134 pauciora
834 4079 851 4120 :
890 4062 955 4115 Et
984 4063 1241 4117 memoria
1274 4060 1361 4115 Itic
1387 4070 1560 4130 repeto
1589 4076 1836 4128 pompam
1877 4071 1925 4114 et
1955 4061 2186 4114 solemne
2222 4061 2438 4129 festum,
2475 4067 2613 4130 quod
2662 4064 2890 4117 Londini
2922 4066 2985 4118 in
3029 4056 3321 4119 Britannia
3378 4064 3545 4132 ipsius
3576 4063 3785 4117 externi

541 4151 710 4204 maris
740 4150 1023 4219 oceanique
1051 4149 1254 4215 insula,
1277 4159 1402 4202 ante
1432 4150 1724 4215 biennium,
1752 4163 1834 4202 me
1859 4164 1920 4202 ac
1946 4149 2201 4202 comitatu
2224 4163 2335 4202 meo
2364 4158 2622 4217 praesente
2641 4160 2691 4205 et
2718 4160 3005 4221 spectante,
3031 4152 3097 4205 ab
3126 4151 3240 4219 ejus
3273 4152 3378 4204 loci
3415 4151 3607 4203 incolis
3633 4150 3789 4203 ltisca

540 4237 796 4306 apostolis
826 4238 1215 4291 celebrabatur.
1686 4298 1689 4300 η
2108 4274 2115 4278 ι

619 4325 691 4380 x.
763 4326 819 4380 in
857 4326 1083 4382 ltaliam’
1105 4342 1239 4383 vero
1258 4327 1623 4400 Chrysoloras
1655 4326 1872 4395 noster,
1917 4326 1987 4381 ab
2016 4326 2346 4395 imperatore
2382 4321 2593 4380 Joanne
2624 4322 2928 4393 Palaeologo
2957 4322 3027 4378 de
3054 4320 3454 4392 conquirendis
3510 4320 3792 4375 adversus

542 4414 757 4469 Turcas
788 4415 1009 4469 auxiliis
1035 4416 1101 4470 ad
1129 4416 1359 4485 populos
1386 4416 1618 4486 Europae
1649 4416 1871 4477 missus.
1908 4415 2059 4471 venit
2092 4453 2109 4480 ,
2143 4421 2205 4467 ut
2256 4411 2457 4466 Paulus
2509 4410 2702 4467 Jovius
2733 4412 2787 4465 in
2816 4410 3107 4465 doctorum
3154 4411 3400 4463 virorum
3434 4406 3629 4478 etagiis
3661 4421 3784 4475 cap.

540 4505 617 4560 23
646 4504 870 4560 indicat.
914 4503 975 4558 Is
1006 4504 1298 4576 [Emanuel
1329 4503 1749 4576 Citrysoloras],
1773 4505 1874 4569 ait,
1900 4503 2166 4574 Byzantio
2195 4501 2473 4557 emissusa
2496 4498 2705 4555 Joanne
2729 4500 3068 4569 imperatore,
3100 4508 3155 4551 ut
3191 4497 3354 4550 totius
3385 4495 3613 4561 Europa!
3638 4511 3782 4564 rcges

540 4592 823 4658 adeundo,
848 4594 1091 4663 pereunti
1127 4591 1347 4647 Gracia!
1385 4602 1653 4645 maturam
1689 4605 1838 4659 opem
1863 4592 2199 4660 imploraret.

614 4679 711 4735 XI.
749 4679 944 4735 Sedem
982 4681 1037 4733 in
1070 4681 1222 4735 Italia
1246 4681 1466 4735 sibimet
1490 4680 1758 4750 ﬂgendam
1789 4694 1912 4734 esse
1936 4688 2113 4742 ratus,
2143 4679 2357 4734 litteras
2379 4678 2602 4734 Grrecas
2623 4675 2985 4747 septingentis
3011 4676 3172 4731 annis
3203 4674 3506 4742 neglectos,
3542 4673 3791 4740 primum

541 4765 812 4830 Venetiis,
847 4784 968 4823 mox
1002 4767 1317 4832 Florentiae,
1344 4776 1533 4835 postea
1573 4766 1785 4829 Romae,
1817 4766 2041 4820 tandem
2071 4765 2249 4821 Ticini
2284 4764 2512 4820 docebat
2545 4781 2561 4819 ι
2593 4762 2936 4818 Leonardum
2968 4761 3213 4815 Bruuum
3274 4760 3586 4824 Aretinum,
3617 4756 3788 4811 Frau-

544 4857 755 4912 ciscum
779 4854 1107 4921 Barbarum,
1132 4856 1491 4911 Franciscum
1514 4853 1885 4924 Pbilelpbum,
1914 4854 2213 4924 BaptiStam
2237 4852 2566 4917 Guarinum,
2590 4849 2859 4905 Joannem
2886 4846 3240 4902 Franciscum
3269 4846 3534 4916 Poggium
3564 4854 3625 4898 et
3646 4846 3790 4899 alios

547 4943 786 5000 habebat
815 4944 1132 5013 discipulos.
1158 4942 1401 5000 Joannes
1434 4941 1765 4998 Frauciscus
1790 4940 2025 5013 Poggius
2060 4943 2117 4998 iu
2145 4940 2495 5012 Cltrysolorat
2526 4939 2700 4995 nostri
2729 4938 3005 4992 tumulum
3035 4952 3051 4988 :

834 5056 937 5112 llic
962 5069 1038 5113 est
1068 5058 1332 5115 Emanuel
1360 5060 1516 5127 situs,
2400 5055 2747 5127 guicarante
2779 5051 3084 5127 reconditas.

830 5126 1101 5184 Sermonis
1136 5131 1294 5184 decus
1323 5124 1511 5194 Attici,
1562 5162 1567 5165 ν
2400 5125 2500 5194 Res
2532 5125 2662 5194 belle
2684 5124 2878 5178 cecidit
2903 5124 3013 5194 tuis

832 5199 957 5271 Qui,
999 5202 1124 5253 dum
1153 5215 1387 5271 quarere
1413 5193 1560 5268 opem
1589 5201 1782 5271 patrita
2408 5193 2580 5271 Yotis,
2607 5193 2884 5271 Emauuel,
2908 5193 3025 5271 solo

828 5261 1385 5342 {ﬂectwustudetthuc
1412 5261 1499 5342 iit.
1589 5261 1601 5271 ’
2047 5328 2062 5342 .
2398 5263 2794 5342 ansecutus‘iu
2832 5261 2975 5316 Italo

833 5330 931 5392 Ile}
966 5338 1095 5392 belle
1130 5339 1312 5393 cecidit
1341 5341 1445 5394 tuis
2047 5330 2062 5342 ’
2396 5332 2681 5388 Αἳιενηηηι
2707 5331 2863 5385 decus
2892 5348 2966 5389 es.
2991 5330 3085 5385 tibi

845 5407 1011 5472 Votis,
1040 5408 1250 5471 Italia;
1275 5411 1360 5463 hic
1396 5411 1494 5465 tibi
2399 5405 2576 5470 Quale
2611 5402 2816 5457 Gra‘cia
2839 5417 2952 5472 non
2978 5402 3145 5464 dedit,

829 5470 1049 5549 Lingua
1080 5470 1307 5534 restituit
1335 5480 1493 5535 decus
2400 5474 2552 5529 Bello
2580 5473 2791 5541 perdita
2823 5470 3050 5525 Gra'cia.

624 5588 949 5645 Leonardns
986 5589 1199 5645 Brunns
1232 5591 1491 5647 Aretinus
1521 5592 1576 5646 in
1613 5590 1856 5647 Historia
1885 5608 2061 5646 rerum
2101 5589 2418 5645 Italicarum
2444 5585 2529 5642 sui
2557 5583 2818 5653 temporis
2858 5602 2870 5637 :
2902 5582 3117 5636 Litterte
3137 5595 3339 5650 quoque
3369 5593 3460 5648 per
3488 5578 3646 5648 hujus
3670 5572 3801 5631 belli

550 5678 1002 5746 intercapedines,
1036 5677 1282 5734 mirabile
1309 5690 1564 5746 quantum
1592 5696 1684 5749 per
1710 5679 1927 5735 Italiam
1959 5681 2240 5736 increvcre,
2268 5674 2547 5729 accedente
2570 5683 2695 5725 tunc
2726 5672 2952 5740 primum
2989 5670 3284 5740 cognitione
3320 5669 3623 5722 litterarum
3646 5663 3796 5720 (ιῖγω-

551 5780 763 5830 eorum,
798 5779 917 5833 qua:
945 5766 1287 5837 septingentis
1318 5769 1442 5837 jam
1469 5769 1623 5823 annis
1655 5770 1796 5839 apud
1822 5778 2027 5823 nostros
2050 5766 2282 5820 homines
2315 5763 2588 5817 desierant
2615 5776 2724 5817 esse
2746 5760 2798 5815 in
2831 5776 2949 5815 usu.
2981 5757 3183 5813 Retulit
3214 5769 3388 5814 autem
3415 5755 3656 5813 Gratcant
3678 5753 3792 5809 dis-
