4048 6224
365 331 434 397 19
1538 341 1946 403 MANUELIS
1972 292 2509 408 CHRYSOLOR/E
3532 361 3605 424 20

357 451 613 520 ciplinam
641 454 709 507 ad
744 470 837 508 nos
863 452 1213 524 Chrysoloras
1240 456 1557 527 Byzantius,
1593 462 1671 514 uir
1693 461 1837 516 domi
1868 462 2081 527 nobilis,
2113 481 2176 517 ac
2204 465 2504 519 litterarum
2529 463 2834 520 Grecorum
2857 469 3230 535 peritissimus.
3273 469 3371 523 Hic
3391 472 3601 526 obsesso

356 558 387 588 ιι
419 539 599 593 Turcis
630 542 835 610 patria.
885 541 1116 594 Venetias
1160 544 1294 596 mari
1323 544 1533 598 delatus
1566 548 1759 611 primo,
1804 562 1928 599 mox
1977 551 2165 603 audita
2213 553 2328 619 ejus
2364 553 2533 609 lauta.
2565 556 2819 607 invitatus
2856 557 3072 625 benigne
3122 573 3184 609 ac
3219 558 3541 624 postulatus,
3577 577 3605 616 e

356 627 559 678 salario
598 628 810 695 publica
844 628 1067 695 affectus
1102 627 1434 685 Florentium
1471 635 1632 696 venit,
1666 634 1750 686 sui
1783 636 2300 706 copiamvjut'enibus
2359 639 2714 695 exhibiturus.
2758 638 2870 710 Ego
2893 657 2983 709 per
3008 642 3063 695 id
3090 654 3290 711 tempus
3314 644 3432 713 juri
3459 646 3605 700 ciuili

356 729 570 780 operam
601 715 819 774 dabam.
854 732 955 769 non
986 718 1131 770 rudis
1166 730 1342 772 tamen
1375 731 1686 775 cancrorum
1726 721 2048 779 studiorum.
2089 724 2231 777 Nam
2265 738 2316 778 et
2342 737 2536 780 natura
2560 726 2859 796 ﬂagrabam
2893 729 3296 797 disciplinarum
3321 747 3520 789 amore.
3549 744 3600 786 et

353 800 651 856 dialecticis
686 819 749 855 ac
787 803 1085 859 rhetoribus
1118 823 1219 858 non
1251 824 1455 876 segnem
1486 823 1695 875 operam
1720 810 2105 876 impenderam.
2138 809 2326 879 Itaque
2370 814 2425 866 in
2458 814 2682 866 adventu
2710 812 3049 883 Chrysolora:
3072 831 3259 885 anceps
3284 818 3492 883 quidem
3518 820 3601 886 fa-

352 896 466 940 ctus
492 905 632 951 sum,
660 906 779 944 cum
810 903 858 945 et
887 895 1125 947 studium
1146 897 1292 965 juris
1324 900 1563 951 deserere
1608 898 1938 967 ﬂagitiosum
1970 899 2243 963 ducerem,
2278 909 2326 951 et
2364 908 2567 953 tantam
2605 902 2935 955 occasionem
2968 902 3268 956 litterarum
3293 904 3595 959 Cra-carum
3632 941 3644 973 ς

351 975 755 1031 cdiscendarum
794 983 1200 1048 prwtermittere
1235 984 1403 1038 scelus
1447 985 1833 1054 quodammodo
1883 986 2199 1041 arbitrarer.
2238 986 2441 1041 Ibidem
2493 987 2658 1056 paulo
2698 996 2866 1057 post:
2911 988 3013 1045 His
3051 992 3263 1043 tandem
3302 981 3595 1045 rationibus

348 1075 701 1133 expugnatus.
739 1068 1072 1139 Chrysalorae
1112 1089 1191 1125 me
1216 1072 1437 1139 tradidi,
1478 1082 1629 1128 tanto
1651 1074 1890 1127 discendi
1916 1072 2127 1136 ardore,
2162 1083 2219 1126 ut
2249 1089 2368 1141 quo:
2397 1090 2489 1142 per
2514 1075 2653 1128 diem
2682 1076 2909 1144 vigilans
2934 1078 3299 1145 percepissem,
3334 1095 3397 1131 ea
3441 1074 3598 1133 noctu

348 1164 554 1218 quoque
591 1152 859 1208 dormiens
890 1158 1172 1224 agitarem.
1204 1157 1403 1211 lterum
1444 1160 1636 1228 paucis
1668 1160 2010 1229 interpositis
2035 1178 2060 1216 τ
2102 1162 2256 1230 Apud
2306 1163 2445 1217 hunc
2480 1177 2573 1233 ego
2622 1166 2943 1234 magistrum
2974 1180 3137 1234 supra
3188 1165 3459 1221 biennium
3490 1168 3595 1236 fui,

348 1236 628 1322 institutas
650 1255 779 1294 sane
814 1243 1087 1310 probabili
1124 1254 1282 1311 atque
1311 1247 1510 1312 optima
1546 1247 1853 1315 disciplina.
1897 1248 2098 1305 Paulus
2125 1248 2317 1305 Jovius
2353 1251 2407 1305 in
2438 1252 2725 1307 doctorum
2773 1253 3012 1306 virorum
3067 1253 3286 1321 elogiis,
3316 1270 3438 1322 cap.
3469 1255 3539 1310 25
3577 1273 3593 1309 :

360 1318 584 1377 Venetiis
619 1328 871 1390 primum,
906 1339 954 1381 et
986 1346 1110 1383 mox
1142 1330 1433 1386 Florentia
1492 1332 1770 1403 Romreque
1806 1351 1868 1387 ac
1901 1335 2114 1391 demum
2150 1337 2340 1404 Ticini,
2368 1348 2614 1393 evocante
2642 1338 2852 1393 Joanne
2875 1337 3119 1394 Galeatio
3150 1318 3407 1409 principe.
3436 1339 3593 1395 Grie-

348 1424 530 1461 c~rum
562 1411 862 1466 litterarum
892 1418 1129 1469 stadium
1165 1420 1437 1480 excitavit,
1475 1431 1623 1473 tanta
1648 1421 1933 1487 felicitate,
1966 1435 2024 1477 ut
2064 1440 2127 1477 ea:
2152 1426 2268 1493 ejus
2297 1427 2480 1480 schola
2512 1442 2755 1488 summes.
2792 1442 2885 1478 nec
2921 1425 3038 1479 ideo
3082 1426 3378 1482 interitura:
3410 1427 3592 1481 laudis

346 1497 558 1565 ὅιιθιιιὶιι
608 1504 945 1570 prodierint;
989 1516 1047 1557 ut
1091 1509 1237 1577 queis
1267 1510 1414 1578 [uere
1461 1509 1775 1564 Leonardus
1825 1512 2094 1574 Aretinus,
2152 1511 2474 1568 lt‘ranciscus
2504 1512 2802 1577 Barbarus,
2850 1511 3184 1582 Philelphus,
3228 1512 3499 1568 Guarinus
3542 1525 3592 1568 et

344 1582 601 1654 Poggius.

416 1678 534 1735 ΧΙΙ.
577 1683 837 1753 Tempus,
867 1703 977 1756 quo
994 1690 1357 1761 Chrysoloras
1381 1703 1571 1750 noster
1600 1695 1653 1749 in
1679 1695 1833 1750 Italia
1866 1696 2084 1753 litteras
2102 1697 2325 1752 Graecas
2348 1695 2597 1765 proﬁteri
2626 1697 2876 1764 coeperit,
2915 1708 3023 1753 non
3052 1699 3312 1755 distincte
3336 1700 3588 1768 quidem,

343 1781 577 1825 attamen
608 1774 873 1842 indicant,
903 1781 994 1848 qui
1028 1782 1130 1836 sub
1162 1783 1453 1839 Bonifacio
1480 1784 1546 1838 1X
1588 1784 1657 1857 [is
1687 1786 1993 1841 Romanum
2042 1782 2423 1852 pontificatum
2453 1794 2599 1836 anno
2627 1784 2832 1837 Christi
2865 1783 3000 1838 1589
3023 1794 3237 1843 nat-tus.
3267 1800 3413 1841 anno
3433 1785 3593 1841 Chri-

341 1858 411 1912 sti
449 1860 586 1913 1404
621 1872 848 1918 mortem
874 1866 1032 1937 obiit]
1066 1885 1183 1922 cant
1217 1887 1328 1925 rem
1365 1875 1650 1941 accepisse
1684 1875 1927 1927 tradunt.
1960 1872 2108 1926 Inter
2137 1871 2236 1924 hos
2274 1869 2517 1939 Baptista
2546 1871 2764 1924 Platina
2820 1871 2873 1923 in
2914 1869 3181 1926 Bouilacii
3238 1871 3308 1925 1X
3340 1872 3446 1925 vita
3478 1891 3492 1926 :
3523 1871 3592 1925 In

344 1948 511 1998 tantis
546 1958 725 2001 autem
758 1952 935 2012 malis,
972 1954 1161 2022 quibus
1205 1959 1473 2023 provincia
1499 1970 1681 2014 nostra
1740 1960 2119 2029 afﬂictabatur,
2157 1974 2319 2011 unum
2355 1967 2529 2011 tanten
2562 1958 2753 2010 bonutn
2789 1959 2843 2010 in
2892 1956 3115 2011 Italiam
3150 1961 3424 2013 aduectum
3484 1972 3587 2014 est.

340 2034 424 2085 Ad
462 2051 554 2087 nos
594 2037 732 2088 enim
759 2035 1109 2107 Chrysoloras
1149 2043 1446 2111 Byzantius
1476 2047 1685 2100 litteras
1722 2046 1938 2102 σταται
1967 2049 2174 2107 attulit,
2209 2062 2327 2116 qua:
2354 2048 2511 2099 annis
2536 2046 2651 2114 jam
2680 2047 2982 2115 quingentis
3022 2045 3137 2118 [alii
3188 2048 3591 2117 septingentis]

339 2123 393 2171 in
422 2120 549 2174 I'ali
574 2126 959 2180 conticuerunt.
1004 2127 1144 2182 IIinc
1175 2131 1374 2184 (ἐνίκα)
1406 2130 1715 2201 Latineque
1740 2136 1933 2203 lingula
1961 2134 2151 2189 schola:
2175 2144 2375 2189 exortae
2424 2146 2565 2189 sunt.
2602 2133 2860 2201 tRaphuel
2916 2133 3138 2190 Mall'eus
3192 2134 3587 2189 Volaterranus

341 2211 877 2268 (Iouimvntarioruut
920 2218 1013 2271 lib.
1053 2236 1138 2272 XXI
1170 2236 1182 2272 :
1228 2219 1338 2276 llos
1374 2220 1560 2293 [Italos
1589 2239 1683 2291 per
1711 2218 1975 2278 Joannem
2009 2222 2412 2294 Ravennatem]
2440 2224 2513 2275 ita
2532 2222 2649 2290 jam
2680 2221 2887 2275 Latinis
2920 2221 3151 2290 legitime
3180 2222 3380 2275 litteris
3407 2223 3585 2275 imbu-

343 2310 417 2343 tos-
457 2297 711 2387 Bmanuel
735 2302 1080 2371 Chrysaloras
1106 2308 1285 2361 schola
1321 2325 1508 2363 rursus
1533 2313 1756 2380 excepit,
1791 2313 1881 2380 qui
1909 2321 2196 2381 praeceptor
2226 2310 2425 2387 Graiae
2453 2312 2648 2377 linguae
2676 2308 2967 2377 Byzantius
2993 2325 3204 2377 genere,
3230 2310 3323 2362 sub
3363 2309 3587 2377 Bonifao

338 2386 418 2438 cio
456 2386 536 2439 IX
574 2391 626 2442 in
658 2387 878 2445 Italiam
911 2405 1142 2461 uenerat,
1174 2398 1511 2469 primumque
1563 2400 1816 2462 Venetiis,
1844 2403 2030 2454 deinde
2068 2399 2357 2453 Florentiw
2387 2400 2589 2451 docuit.

410 2499 551 2554 Xlll.
584 2501 979 2572 Quamobrem,
1016 2522 1141 2562 cum
1182 2507 1428 2565 Joannes
1474 2512 1816 2582 Palmologus
1845 2511 2054 2573 senior,
2079 2512 2131 2565 id
2162 2522 2269 2573 est,
2300 2511 2594 2565 Andronici
2630 2510 2915 2579 Palaeologi
2945 2510 3189 2581 junioris
3219 2512 3385 2577 ﬁlius,
3432 2526 3582 2567 anno

334 2588 537 2643 Christi
576 2590 714 2646 1589
744 2594 1059 2663 Byzantinis
1090 2597 1464 2666 imperaverit,
1495 2615 1655 2661 quem
1692 2616 1821 2653 ann.
1856 2600 1918 2654 C.
1946 2598 2073 2653 1591
2108 2608 2380 2653 mortuum
2406 2598 2721 2668 cltrouologi
2757 2600 3010 2654 meliores
3038 2599 3299 2665 tradunt,
3333 2600 3467 2655 nihil
3495 2615 3583 2653 re-

338 2689 538 2745 pugnat
571 2680 950 2751 chronologia,
981 2685 1276 2752 quominus
1301 2686 1657 2757 Chrysoloras
1690 2697 1873 2743 noster
1906 2702 1934 2741 a
1961 2686 2171 2742 Joanne
2194 2686 2498 2757 Pala‘ologo
2522 2686 2737 2742 seniore
2764 2689 3055 2755 postremis
3081 2688 3180 2743 azvi
3213 2689 3295 2743 sui
3319 2688 3583 2756 tempori-

335 2766 435 2817 lius
463 2766 512 2817 iu
546 2763 891 2823 Occidentem
922 2771 985 2825 ad
1015 2772 1240 2841 auxilia,
1268 2788 1387 2843 quae
1422 2774 1618 2829 Turcis
1651 2783 2078 2845 ooponcrentur,
2113 2776 2419 2846 expetenda
2448 2776 2675 2840 missus,
2706 2772 2763 2830 in
2797 2775 3007 2831 Italiam
3055 2776 3160 2832 sub
3193 2775 3477 2831 Bonifacio
3509 2773 3579 2827 IX

334 2855 523 2906 venire
556 2858 819 2924 potuerit.

406 2965 548 3021 XIV.
616 2970 833 3026 Annum
870 2988 1027 3041 sane,
1060 2990 1172 3046 quo
1201 2978 1419 3033 Grtecas
1444 2978 1660 3033 litteras
1697 2978 1752 3033 in
1786 2978 1997 3033 Italiam
2033 2979 2400 3051 Chrysoloras
2428 2978 2636 3043 retulit,
2668 2976 2931 3033 Bonifacii
2969 2977 3043 3033 1X
3093 2978 3335 3048 primum
3392 2975 3566 3031 fuisse

334 3052 535 3109 l‘aulns
570 3056 802 3130 Langius
833 3063 884 3115 in
918 3062 1182 3117 Chronico
1209 3065 1461 3145 Citicensi
1485 3067 1698 3131 statuit,
1726 3082 1848 3120 cum
1885 3068 1953 3121 ad
1985 3084 2114 3121 ann.
2143 3068 2205 3119 C.
2241 3067 2378 3121 1589
2407 3066 2602 3120 scribit
2634 3082 2649 3119 :
2686 3064 2882 3119 Eodem
2914 3083 3051 3120 anno
3088 3064 3441 3137 Chrysoloras
3470 3065 3579 3135 By-

332 3151 576 3205 zantinus
605 3153 940 3222 disciplinam
979 3156 1290 3211 Crtecarum
1331 3159 1634 3213 litterarum
1662 3160 1716 3213 in
1754 3156 1930 3211 Italia:

2014 3153 2220 3215 retulit,
2248 3169 2366 3221 qua:
2399 3169 2494 3222 per
2524 3154 2881 3223 septingentos
2900 3153 3018 3219 jam
3052 3170 3221 3208 annos
3251 3154 3395 3220 apud
3425 3169 3573 3207 eant-

328 3238 443 3287 dem
484 3240 535 3290 ia
567 3257 665 3293 usu
700 3258 801 3294 non
829 3245 1067 3310 fuerunt.

401 3351 515 3408 XV.
558 3355 803 3422 Accedit,
832 3358 981 3427 quod
1005 3360 1226 3416 obsessa
1260 3376 1358 3429 per
1389 3359 1605 3414 Turcas
1632 3359 1809 3428 Cpoli.
1848 3368 2029 3413 terras
2058 3356 2280 3411 Italicas
2337 3354 2635 3413 intravisse
2666 3353 3056 3423 Chrysoloram
3106 3362 3380 3414 nostrum.
3436 3369 3577 3421 pra:-

329 3451 606 3507 ceptorem
640 3460 801 3499 suum
836 3444 1157 3503 Leonarrlus
1196 3448 1412 3503 Brunus
1444 3448 1713 3503 Aretinus
1760 3447 1812 3501 in
1848 3446 2093 3500 llistoria
2130 3459 2309 3496 rerum
2340 3441 2662 3494 Italicarum
2703 3441 2787 3495 sui
2826 3438 3092 3507 temporis
3125 3449 3330 3503 narret,
3367 3438 3462 3494 ubi
3502 3441 3576 3493 de

330 3532 496 3584 rebus
522 3540 647 3586 ante
681 3549 886 3587 annum
915 3534 1121 3591 Christi
1157 3536 1296 3591 1100
1329 3537 1499 3606 gestis
1530 3538 1641 3607 agit
1672 3552 1687 3592 :
1730 3549 1893 3604 quem
1935 3535 2114 3588 locum
2146 3530 2173 3601 §
2204 3530 2269 3583 11
2328 3528 2709 3597 produximus.
2747 3526 2911 3580 Certe
2945 3524 3229 3594 Bajazetes
3259 3525 3567 3580 Turcarum

329 3619 587 3687 princeps
615 3621 805 3689 Cpolin
843 3626 936 3687 per
966 3623 1238 3692 integrum
1276 3625 1607 3679 decennium
1646 3619 2029 3676 obsidionibus
2075 3617 2315 3679 vexavit.
2350 3630 2586 3683 quarum
2622 3614 2837 3667 initiutn
2884 3613 3154 3682 Georgius
3190 3612 3443 3668 Phranza
3476 3628 3568 3667 re-

331 3708 435 3757 lert
465 3706 531 3757 ad
561 3723 765 3760 artuum
809 3709 994 3762 mundi
1027 3709 1275 3765 Graecum
1310 3710 1471 3773 6900,
1506 3710 1559 3763 in
1592 3723 1753 3778 quem
1789 3707 1915 3760 anni
1955 3704 2281 3765 Christiani,
2311 3713 2362 3756 et
2396 3702 2527 3755 1591
2567 3700 2770 3763 exitus,
2808 3709 2863 3754 et
2895 3699 3034 3755 1392
3064 3701 3395 3769 principium
3430 3701 3572 3754 inci-

326 3791 426 3844 dit.
460 3791 526 3846 At
562 3795 722 3860 enim,
764 3797 839 3849 ait
871 3797 965 3851 lib.
1002 3812 1019 3851 ι
1050 3797 1333 3862 Chrooici,
1366 3812 1487 3865 cap.
1524 3797 1611 3859 19,
1639 3795 1924 3864 interprete

1971 3791 2163 3846 Iacobo
2198 3792 2471 3851 Pontano,
2508 3789 2710 3854 videns,
2740 3787 3073 3859 [Bajazetes]
3111 3787 3413 3843 Manuelem
3440 3786 3569 3859 [Ps-

330 3878 636 3948 la'ologum,
671 3897 831 3950 quem
867 3882 1104 3939 Joannes
1137 3884 1473 3953 Palmologus
1501 3884 1689 3937 multis
1718 3892 1843 3935 ante
1870 3892 2101 3934 mortem
2131 3894 2286 3933 suam
2325 3876 2485 3931 annis
2508 3891 2893 3931 successorem
2924 3875 3330 3946 designaverat,
3358 3887 3570 3931 mortu-

329 3982 502 4036 usque
533 3984 909 4025 successorem
944 3970 1153 4042 habuit]
1187 3983 1512 4037 craterasque
1564 3971 1853 4037 principes,
1881 3971 1945 4022 de
1975 3967 2168 4038 quibus
2196 3982 2379 4036 supra,
2413 3966 2677 4019 conventis
2707 3980 2809 4017 non
2842 3966 3072 4028 stetisse,
3111 3976 3164 4016 ut
3204 3982 3258 4018 se
3281 3981 3566 4034 sequeren-

324 4066 434 4120 tur,
473 4068 520 4109 et
560 4058 745 4111 doctus
774 4059 839 4112 de
871 4063 1133 4125 omnibus,
1163 4076 1279 4127 qua:
1314 4060 1565 4113 adversus
1594 4074 1650 4111 se
1682 4057 2088 4120 deliberassent,
2121 4054 2314 4107 bellum
2350 4070 2505 4123 graue
2530 4052 2728 4105 indixit
2760 4066 2779 4104 .'
2805 4062 2854 4105 et
2888 4069 3028 4106 anno
3060 4053 3245 4106 mundi
3276 4051 3416 4106 6900
3443 4053 3567 4106 urbi

328 4156 470 4196 terra
496 4147 755 4210 marique,
790 4148 1062 4202 obsidione
1087 4150 1324 4212 admota,
1361 4148 1677 4201 omnimodis
1702 4162 1815 4199 eam
1853 4145 2008 4211 longo
2050 4152 2280 4209 tempore
2315 4142 2656 4211 oppugnavit.
2701 4138 2837 4193 Cum
2868 4156 2928 4193 eo
2960 4157 3081 4193 cum
3109 4142 3351 4194 exercitu
3383 4156 3565 4211 pergeb

326 4242 424 4295 ret,
464 4242 658 4287 terram
690 4234 1041 4305 Byzantinam
1070 4237 1410 4304 singulasque
1436 4236 1666 4306 regiones
1696 4232 2007 4302 gravissima
2041 4228 2287 4283 vastitate
2316 4227 2523 4296 afﬂixit,
2552 4228 2958 4297 suburbanaquc
3002 4230 3182 4282 omnia
3209 4230 3456 4297 diripuit.
3496 4227 3566 4280 Et

322 4322 572 4388 quoniam
614 4322 756 4375 urbis
779 4324 1098 4393 oppugnatio
1127 4340 1316 4391 parum
1339 4322 1670 4390 procedebat,
1704 4336 1942 4374 reuersus
1966 4326 2045 4372 est
2074 4319 2311 4380 domum,
2331 4315 2660 4385 singulisque
2683 4317 2838 4370 annis
2866 4316 3010 4370 misit
3035 4318 3299 4370 exercitus
3329 4316 3564 4371 obsidio-

325 4425 544 4474 nemque
576 4411 725 4463 illam
756 4419 864 4464 toto
888 4411 1137 4465 decennio
1176 4412 1529 4465 continuavit.

396 4513 536 4569 XVI.
573 4514 714 4581 Quin
743 4517 854 4571 into
882 4517 1066 4586 plures
1095 4515 1414 4586 scriptores.
1438 4528 1755 4585 quanquam
1799 4513 2052 4577 diversis,
2081 4523 2262 4566 tamen
2298 4511 2369 4566 iis
2420 4511 2603 4578 annis,
2658 4511 2862 4580 quibus
2911 4512 3230 4568 Bonifacius
3279 4515 3350 4569 IX
3400 4516 3559 4580 vixit,

322 4602 673 4673 Chrysolorat
706 4604 878 4659 nostri
904 4603 991 4659 vel
1023 4604 1318 4657 adventum
1357 4606 1409 4656 in
1452 4602 1687 4669 Italiam,
1724 4601 1807 4656 vel
1834 4601 2130 4655 excitatam
2158 4600 2212 4653 in
2243 4613 2309 4653 ea
2341 4598 2588 4653 scholam
2620 4598 2864 4654 Grecam
2894 4599 3204 4656 ascribunt.
3258 4601 3433 4671 llujns
3459 4603 3563 4656 ini-

324 4690 459 4743 tiqu
501 4690 567 4745 ad
598 4707 801 4745 annum
833 4691 1033 4747 Christi
1062 4691 1197 4746 1597
1240 4690 1403 4744 refert
1429 4688 1671 4745 Joannes
1698 4686 2013 4742 ansiensis
2042 4685 2139 4756 [ita
2173 4692 2401 4739 vocatur
2429 4700 2458 4738 a
2492 4683 2791 4740 Melcltiore
2840 4685 3104 4741 Goldasto
3134 4686 3187 4740 in
3218 4701 3561 4743 commenta-

321 4778 419 4832 riis
438 4782 501 4832 de
527 4780 807 4843 Bohemia,
833 4780 926 4833 lib.
946 4796 1018 4839 tv,
1035 4795 1159 4848 cap.
1187 4780 1240 4844 4,
1264 4777 1291 4849 §
1314 4778 1403 4850 55]
1430 4780 1481 4831 in
1502 4793 1697 4847 magno
1716 4777 1990 4831 Chronico
2013 4771 2226 4841 Belgica
2245 4787 2257 4824 :
2274 4773 2425 4825 Anno
2452 4769 2820 4842 [millesimum
2854 4776 3292 4828 trecentesimum
3320 4790 3559 4844 nonage-

322 4866 523 4920 simum
594 4866 834 4937 sextum]
872 4868 1107 4935 sequenti
1132 4864 1481 4933 Chrysoloras
1508 4865 1801 4935 Byzantius
1830 4860 2171 4928 disciplinam
2204 4858 2513 4914 Grazcarum
2540 4857 2845 4912 litterarum
2878 4860 2931 4912 iu
2959 4859 3183 4913 Italiam
3209 4862 3411 4927 retulit,
3443 4880 3561 4933 qua:

324 4970 415 5019 per
443 4954 799 5021 septingentos
817 4952 934 5019 jam
963 4968 1129 5006 annos
1161 4953 1303 5018 apud
1329 4963 1536 5007 nostros
1563 4955 1798 5005 homines
1827 4953 1880 5005 in
1915 4963 2014 5000 usu
2046 4962 2152 5000 non
2183 4946 2496 4999 habebatur.
2529 4943 2628 4999 Cui
2660 4948 2949 5000 sententia!
3004 4948 3303 5002 subscribit
3354 4949 3559 5007 Setltus

320 5041 595 5094 Calvisius
623 5042 680 5091 itt
710 5055 873 5107 opere
900 5039 1287 5104 cltronologico
1315 5041 1380 5094 ad
1409 5056 1543 5093 ann.
1574 5040 1637 5095 C.
1678 5039 1837 5094 1597.
1874 5038 1954 5091 Ad
1987 5050 2191 5089 annum
2222 5034 2426 5088 Christi
2463 5033 2601 5088 1598
2636 5034 2805 5090 refert
2856 5033 3095 5090 Jacobus
3128 5034 3415 5105 Philippus
3447 5036 3555 5090 Fo-

321 5137 500 5181 restus
539 5126 835 5192 Bergomas
861 5128 913 5179 in
947 5127 1347 5181 Cltronicortttn
1388 5126 1785 5197 Supplementa
1814 5126 2052 5181 adhunc
2083 5139 2285 5178 annum
2312 5142 2325 5178 :
2361 5123 2622 5178 Emanuel
2654 5124 3029 5197 Ghrysoloras,
3068 5127 3281 5180 natione
3312 5125 3551 5192 Graecus,

319 5216 496 5282 patria
528 5213 885 5283 Byzantinus,
911 5217 991 5268 vir
1027 5216 1171 5268 domi
1214 5216 1426 5280 nobilis,
1454 5218 1543 5269 sed
1580 5217 1721 5269 omni
1759 5215 1998 5267 doctrina
2029 5222 2075 5267 et
2108 5214 2298 5267 virtute
2331 5213 2560 5266 nobilior
2590 5224 2749 5283 atque
2770 5215 3102 5281 prmclariar.
3132 5215 3319 5269 iisdem
3350 5225 3551 5283 tempo-

321 5301 467 5355 ribus
507 5300 1099 5368 Constantinopolitaua
1123 5306 1296 5357 urbea
1330 5302 1512 5357 Turcis
1548 5304 1826 5357 durissime
1847 5310 2033 5355 vexata
2063 5309 2113 5353 et
2139 5302 2373 5366 obsessa,
2411 5316 2474 5353 ea:
2490 5316 2552 5353 ea
2575 5302 2876 5371 profugiens
2911 5299 3149 5356 Venetias
3172 5305 3328 5367 venit,
3354 5311 3403 5356 et
3433 5311 3553 5354 tan-

323 5405 483 5458 quam
513 5390 904 5443 eruditissimus
939 5392 1128 5444 doctor
1158 5393 1366 5445 litteras
1399 5391 1616 5445 Gra’cas
1650 5390 1839 5444 ibidem
1886 5390 2069 5443 docere
2093 5389 2264 5455 erepit.
2295 5387 2373 5441 Att
2416 5402 2618 5441 annum
2655 5387 2859 5443 Christi
2904 5389 3041 5444 1599
3069 5392 3234 5444 refert
3263 5389 3550 5443 Matthteus

320 5475 626 5530 Paltnerius
655 5474 1028 5544 Florentiuus,
1067 5480 1371 5535 Eusebiani
1404 5479 1661 5534 Chrooici
1696 5480 2065 5535 continuator.
2114 5475 2179 5527 atl
2213 5475 2359 5529 hunc
2393 5490 2591 5528 annum
2630 5493 2643 5528 :
2674 5472 3027 5544 Chrysoloros
3059 5475 3351 5545 Byzantius
3379 5477 3546 5530 disci-

315 5563 521 5627 plinam
540 5563 845 5617 (irrccarum
868 5566 1161 5619 litteraruut
1191 5568 1244 5620 in
1266 5566 1482 5621 Italiam
1512 5566 1716 5632 retulit,
1758 5583 1874 5635 qum
1906 5586 1997 5639 per
2037 5568 2386 5636 septingentos
2413 5565 2526 5632 jam
2548 5582 2714 5619 annos
2734 5567 2875 5634 apud
2895 5578 3101 5620 nostros
3120 5569 3355 5621 homines
3378 5569 3429 5620 in
3457 5584 3557 5621 usu

318 5666 418 5703 non
445 5650 758 5704 habebatur.
784 5648 922 5704 lluic
944 5653 1183 5711 calculos
1202 5668 1333 5708 suos
1354 5653 1559 5709 addunt
1600 5654 1951 5710 Christianus
1971 5655 2226 5709 blasswus
2249 5654 2644 5708 Chronicorum
2669 5655 2807 5710 libro
2829 5672 2983 5716 xvnt.
3014 5656 3080 5710 ad
3109 5671 3238 5710 ann.
3273 5655 3337 5711 C.
3370 5656 3504 5710 1399
3534 5673 3549 5711 :

320 5737 557 5793 Joannes
589 5735 861 5794 Fuuccius
898 5738 951 5793 in
982 5738 1351 5813 Chronologia
1383 5744 1448 5797 ait
1478 5758 1608 5796 ann.
1647 5741 1706 5795 C.
1746 5742 1882 5797 1599
1916 5760 1928 5796 :
1964 5744 2312 5798 Abrabamus
2350 5741 2722 5800 Bucholcerus
2749 5742 2804 5799 in
2832 5743 3015 5800 Indice
3040 5743 3454 5813 chrunologico.
3480 5743 3549 5797 ad
