4048 6224
422 371 481 435 21
1670 373 1869 431 VITA'
1896 374 1991 432 ET
2032 373 2378 435 SCIlll‘TA.
2412 412 2415 415 ‹
3575 387 3645 450 22

422 506 539 542 ann.
571 486 628 539 (Σ.
661 484 800 541 1599
832 503 845 537 ε
876 484 1074 539 Petrus
1103 484 1407 553 Opmeerus
1448 484 1501 537 in
1560 484 2031 555 Chronographia,
2063 485 2129 540 ad
2162 502 2293 540 ann.
2322 488 2385 541 C.
2429 487 2565 543 l399
2602 507 2615 542 :
2644 489 2920 549 Aubcrtus
2965 492 3182 549 “incus
3213 495 3265 548 in
3292 495 3553 552 Attctario
3578 499 3647 554 do

423 574 770 639 set-iptorihus
797 573 1211 635 ecclesiasticis,
1242 587 1365 639 cap.
1402 573 1527 625 450.

485 659 640 715 XVII.
674 661 959 723 Potentiae,
1003 676 1107 728 qua
1134 660 1413 725 Bajazetcs
1446 658 1751 713 'I‘nrrarum
1790 670 2057 730 tyrannus
2103 663 2322 720 Grzecos
2355 656 2653 734 premebat,
2689 671 2866 742 impar
2896 672 3637 743 Constantinopolitanorutn

418 752 707 817 imperator
735 747 951 801 Manucl
986 748 1325 816 Pala'ologus
1357 747 1871 816 Constantinopolin
1902 750 2301 821 imperiumque
2336 753 2555 821 Joanni,
2597 756 2782 813 fratris
2816 759 2900 813 sui
2934 761 3226 815 Andronici
3264 762 3391 825 lilio,
3427 764 3516 816 etii
3543 765 3645 818 Ba-

411 838 604 902 juzetes
637 838 1117 905 patroeinahatur,
1156 835 1526 903 relinquebat,
1564 847 1617 888 et
1649 838 1699 889 in
1729 837 1938 890 Italiam
1977 839 2285 905 migrabat:
2321 843 2408 896 ubi
2445 852 2556 896 tum
2590 845 2726 899 alias
2760 847 2811 899 in
2845 847 3032 911 urbes,
3072 858 3186 901 tum
3234 851 3397 903 etiam
3438 850 3643 904 Medio-

411 928 583 977 lanum
621 924 889 977 veniehat.
940 926 1119 977 Ducas
1149 922 1435 977 Michaelis
1468 939 1637 993 nepos
1669 925 1720 977 in
1762 924 2005 978 Historia
2039 926 2369 997 Byzantina,
2405 945 2528 1000 cap.
2593 933 2679 996 ιι,
2716 933 3013 1005 interprete
3043 936 3272 991 Istnaele
3321 936 3590 993 Bullialdo
3623 956 3639 992 :

406 1012 519 1065 lam
542 1013 638 1065 diu
664 1013 751 1064 ille
794 1009 1120 1083 [Ilajazetes]
1144 1011 1332 1081 quibus
1359 1013 1565 1065 artibus
1597 1011 2093 1079 Constantinopolin
2129 1016 2419 1085 invaderet,
2453 1020 2633 1073 animo
2657 1022 2922 1075 versabat.
2953 1022 3072 1076 Non
3107 1025 3283 1076 omisit
3310 1026 3493 1089 itaque
3534 1041 3637 1077 no-

408 1116 512 1152 men
542 1101 829 1153 obtendere
855 1098 1109 1163 Joannis,
1139 1100 1230 1169 qui
1256 1098 1519 1154 Manuelis
1543 1116 1605 1154 ea:
1635 1101 1806 1170 fratre
1832 1118 1991 1169 nepos
2016 1110 2157 1165 erat,
2180 1103 2429 1173 iubetque
2485 1105 2786 1161 Manuelem
2826 1110 2955 1162 urbe
2986 1110 3190 1173 cedere,
3219 1121 3267 1163 et
3294 1110 3555 1164 Joannem
3587 1115 3642 1164 in

412 1186 541 1238 illuni
580 1188 879 1247 introduci,
908 1186 977 1238 ad
1000 1202 1154 1255 quem
1188 1198 1395 1240 natura:
1422 1189 1530 1257 lege
1552 1188 1827 1255 imperium
1857 1190 2156 1257 pertinebat
2183 1207 2201 1252 ;
2228 1193 2581 1260 pollicebatur
2607 1197 2825 1265 insuper
2872 1214 2987 1250 cum
3021 1199 3218 1252 civibus
3255 1198 3640 1253 Constantino-

405 1274 566 1340 poleos
594 1273 839 1341 deinceps
871 1290 925 1327 se
955 1273 1176 1341 paciﬁca
1197 1284 1466 1327 acturum.
1500 1274 1701 1327 Ibidem
1737 1276 1899 1341 paulo
1930 1285 2087 1343 post:
2124 1278 2344 1333 Manuel
2372 1282 2559 1334 deinde
2588 1298 2768 1336 coram
2797 1297 2930 1337 rictu
2954 1286 3209 1339 nobilium
3237 1287 3641 1355 primorumque

403 1362 549 1426 plebis
585 1362 829 1413 oratione
860 1363 1067 1418 habita.
1102 1364 1363 1415 triremem
1398 1364 1699 1415 conscendit
1734 1380 1850 1416 cum
1882 1379 2045 1417 uxore
2084 1378 2133 1420 et
2168 1368 2373 1432 liberis,
2410 1370 2538 1421 urbe
2579 1372 2732 1423 cessit
2782 1382 2828 1424 et
2877 1374 3114 1436 imperio.
3149 1372 3454 1441 Joannique
3497 1392 3641 1426 sum-

403 1468 531 1504 mam
564 1468 743 1504 rerum
777 1452 1018 1505 tradidit.
1046 1453 1243 1507 lterun
1266 1463 1385 1521 post
1402 1470 1571 1523 pauca
1606 1474 1615 1507 :
1645 1453 1875 1509 Navium
1912 1472 2223 1525 magnarum
2251 1473 2405 1508 :mam
2432 1458 2750 1522 conscendit,
2770 1467 2819 1510 et
2845 1458 3081 1512 Venetias
3109 1462 3335 1529 appulit.
3362 1462 3638 1514 lustr-aeit-

397 1555 487 1607 que
505 1541 745 1607 deinceps
774 1539 1154 1604 Mediolanum,
1182 1540 1435 1601 Genuam,
1464 1541 1815 1604 Florentium.
1840 1543 2167 1605 Ferrariam,
2194 1552 2459 1611 totamque
2486 1542 2705 1596 Italiam
2733 1546 3053 1612 peragravit.
3081 1546 3344 1615 Georgius
3367 1547 3636 1611 Phranza,

402 1630 488 1681 lib.
529 1646 541 1681 l
575 1629 862 1691 Chronici,
904 1646 1025 1698 cap.
1058 1630 1127 1684 ΞΟ
1155 1648 1166 1682 :
1206 1631 1459 1699 Tempore
1497 1634 1813 1699 procedente
1845 1634 2040 1700 cupido
2090 1635 2463 1700 imperatorem
2494 1634 2626 1697 cepit
2655 1635 2707 1685 in
2736 1632 2961 1687 Italiam
2988 1636 3381 1701 proﬁciscendi,
3408 1648 3453 1689 et
3480 1640 3639 1690 auxi-

404 1720 456 1768 lii
495 1717 721 1789 [contra
761 1718 996 1789 Turcas]
1038 1719 1388 1788 implorandi.
1428 1720 1603 1775 Paulo
1644 1734 1807 1790 post:
1845 1723 2121 1781 Abiturus,
2150 1719 2414 1773 Joannem
2436 1736 2500 1772 ea:
2532 1720 2700 1787 fratre
2728 1734 2960 1789 nepotem
2997 1721 3067 1774 ad
3104 1722 3277 1774 urbem
3318 1725 3519 1775 interra
3553 1742 3637 1776 rc-

401 1806 639 1872 gendam,
675 1818 725 1857 et
752 1808 1005 1874 impetum
1033 1808 1260 1861 hostium
1285 1810 1705 1875 propulsandum
1734 1811 2005 1879 relinquit.
2054 1808 2173 1878 Ipse
2212 1827 2329 1863 cum
2355 1808 2601 1875 desptena
2640 1809 2859 1878 conjuge
2886 1811 2938 1863 in
2972 1810 3383 1877 Peloponnesum
3408 1812 3635 1875 solt'ctts,

407 1892 608 1957 Sparta:
642 1910 753 1945 eam
786 1895 927 1961 apud
986 1896 1206 1963 fratrem
1242 1896 1575 1949 Theodorum
1610 1898 1847 1965 deponit,
1875 1907 1924 1949 et
1957 1899 2010 1950 in
2041 1897 2263 1950 Italiam
2291 1912 2447 1964 porro
2480 1897 2872 1965 navigationem
2902 1898 3041 1950 subit
3070 1913 3175 1963 ;ac
3199 1898 3427 1965 primum
3474 1897 3635 1951 Vene-

416 1984 494 2031 tiis
521 1982 779 2033 erscenzlit
815 1992 974 2048 :post
1013 1984 1082 2034 ad
1108 1985 1294 2035 durem
1326 1983 1806 2039 Mediolanensium
1830 1986 2024 2054 pergit,
2061 2001 2223 2053 aqua
2268 1983 2798 2050 honorificentissime
2844 1984 3371 2055 splendidissimeque
3422 1986 3633 2042 habitus

406 2078 453 2118 ct
484 2071 779 2121 muneribus
810 2070 985 2123 cultus
1016 2080 1117 2127 est.

465 2152 652 2210 XVIII.
681 2157 762 2208 Ad
800 2157 1105 2212 Manuelem
1146 2157 1512 2227 Palmologum
1546 2160 1937 2229 imperatorem
1972 2160 2359 2231 Chrysoloras,
2387 2158 2480 2227 qui
2518 2170 2631 2213 tum
2670 2159 2815 2228 apud
2846 2157 3195 2217 Florentinos
3231 2162 3449 2230 agebat,
3484 2161 3625 2216 invi-

396 2250 537 2296 tatus
568 2244 932 2298 Mediolanum
972 2246 1448 2315 proﬁciscebatur.
1488 2247 1806 2301 Leonardns
1839 2249 2056 2303 Brunus
2086 2249 2343 2303 Aretinus
2371 2246 2423 2300 iu
2461 2246 2702 2301 Historia
2740 2264 2915 2300 rerum
2950 2247 3272 2307 Italicarum
3306 2248 3391 2302 sui
3426 2258 3635 2317 tempo-

392 2332 464 2382 ris
504 2348 518 2382 :
554 2335 709 2396 Apud
739 2335 877 2385 hunc
898 2350 992 2403 ego
1022 2336 1342 2403 magistrum
1374 2336 1697 2406 [Mauuelcm
1735 2337 2146 2410 Cltrysoloram]
2190 2354 2349 2407 supra
2380 2338 2645 2390 biennium
2674 2337 2775 2405 fui,
2803 2337 3078 2390 institutus
3101 2353 3229 2390 sane
3259 2336 3520 2403 probabili
3549 2349 3631 2389 at-

392 2436 486 2485 que
512 2422 709 2487 optima
736 2423 1040 2491 disciplina.
1080 2423 1313 2478 Tandem
1351 2427 1669 2493 imperatore
1702 2426 2052 2479 Constantino
2073 2429 2125 2479 in
2160 2428 2376 2479 Italiam
2404 2427 2643 2490 advecto,
2667 2434 3038 2496 revocanthue
3062 2426 3129 2477 ad
3152 2443 3204 2478 se
3225 2424 3626 2493 Chrysoloram,

390 2511 516 2560 abiit
552 2510 642 2562 ille
662 2508 957 2575 Florentia,
992 2522 1041 2565 et
1076 2513 1433 2565 Mediolanum
1469 2516 1535 2566 ad
1573 2516 1943 2581 imperatorem
1976 2531 2132 2569 suum
2166 2530 2220 2567 se
2256 2514 2504 2567 contulit.

460 2594 602 2649 XIX.
645 2596 779 2672 Cum
814 2600 1015 2665 quibus
1041 2615 1183 2669 aegre
1224 2601 1610 2655 conciliaveris
1645 2602 1869 2655 Paulum
1898 2601 2139 2666 Jovium,
2172 2604 2288 2671 qui,
2316 2610 2604 2671 postquam
2636 2600 2988 2659 Tamerlaues
3027 2599 3211 2672 [etiam
3244 2600 3492 2655 Temires
3519 2601 3623 2654 dici

396 2684 605 2755 solitus]
641 2670 1004 2740 Tai‘tarorum
1047 2704 1139 2741 rex
1172 2687 1478 2760 Bajazetem
1514 2689 1817 2743 Tui-rarum
1849 2690 2153 2758 principem
2187 2670 2388 2743 rictum
2419 2692 2676 2759 cepisset,
2708 2670 3099 2760 Chrysoloram
3148 2690 3200 2742 in
3230 2689 3378 2742 Italia
3410 2686 3627 2741 Chremi;

395 2772 598 2827 litteras
630 2775 865 2827 docendi
899 2775 1183 2829 consilium
1221 2779 1434 2845 cepisse
1468 2788 1652 2831 narrat
1685 2779 1739 2832 in
1792 2779 2079 2832 doctorum
2115 2778 2354 2831 virorum
2389 2778 2582 2847 elogiis
2616 2794 2739 2845 cap.
2780 2778 2848 2830 25
2886 2795 2899 2831 :
2930 2775 3181 2845 Ofﬁcium
3210 2778 3419 2846 quidem
3456 2774 3628 2847 [lega-

388 2860 467 2932 ti],
512 2864 612 2921 ait.
651 2863 921 2915 laboriosa
948 2864 1374 2931 peregrinatione
1400 2865 1473 2917 ita
1500 2864 1750 2929 implerit,
1787 2875 1840 2915 ut
1874 2866 1924 2916 in
1962 2864 2124 2917 Italia
2156 2866 2484 2926 subsisteret,
2514 2864 2719 2916 Cra-cia
2752 2865 2953 2916 scilicet
2983 2867 3229 2931 prtesenti
3257 2874 3405 2921 metu,
3432 2864 3626 2915 littera-

385 2952 458 3013 ια,
489 2966 609 3000 cum
646 2949 982 3002 Tanterlanes
1024 2960 1195 3003 terror
1232 2949 1459 3004 Orientis
1496 2950 1801 3019 Bajazetem
1842 2951 2237 3005 Othomannum
2271 2969 2301 3004 a
2349 2951 2575 3004 terribili
2608 2952 2872 3004 celeritate
2918 2952 3145 3020 fulguris
3178 2969 3462 3021 cognomen
3497 2951 3624 3002 ade-

379 3049 556 3106 ptum,
591 3043 659 3090 ad
692 3040 913 3093 Stellam
949 3054 1173 3095 montem
1226 3042 1394 3094 vivum
1428 3042 1669 3106 cepisset.
1708 3040 1893 3107 Itaque
1924 3041 2273 3113 Cltrgsoloras
2306 3043 2424 3093 diro
2453 3036 2669 3092 Gra'cia:
2699 3039 2844 3092 hoste
2864 3038 3071 3091 sublato
3103 3037 3258 3091 la'tus
3285 3038 3622 3109 [Gra'carnm

377 3128 693 3181 litterarum
722 3132 968 3184 studium
1004 3130 1290 3201 excitavit]
1349 3129 1574 3183 Venetiis
1604 3132 1858 3199 primum.
1891 3139 1938 3183 et
1973 3146 2095 3182 mox
2125 3126 2434 3195 Florentia',
2463 3124 2744 3198 Romqu
2774 3142 2835 3180 ac
2870 3126 3080 3179 demum
3113 3124 3304 3179 Ticini.
3338 3125 3628 3178 Tami-rla-

377 3233 479 3271 nes
512 3218 661 3269 enim
694 3218 997 3286 Bajazetem
1030 3220 1118 3272 die
1144 3218 1271 3272 Julii
1306 3218 1397 3281 28,
1424 3233 1568 3272 anno
1609 3219 1793 3271 mundi
1823 3217 2013 3272 Grtrco
2043 3217 2202 3279 69l0,
2233 3217 2431 3271 Christi
2462 3218 2622 3280 1402,
2656 3217 2823 3285 cepit,
2862 3213 3320 3284 quemadmodum
3353 3214 3623 3278 Georgius

376 3304 632 3361 Phi-aula
665 3316 1078 3361 commemorat.
1132 3308 1263 3361 Nam
1294 3309 1384 3362 lib.
1419 3324 1433 3361 ι
1491 3308 1750 3365 Chroniei
1780 3323 1902 3361 cum
1938 3306 2165 3360 dixisset
2195 3321 2311 3372 cap.
2345 3304 2404 3358 2i
2447 3322 2463 3358 τ
2492 3305 2731 3359 Manuele
2759 3306 2854 3357 hoc
2878 3304 3192 3371 imperante,
3228 3303 3351 3353 dum
3386 3304 3509 3354 urbs
3536 3301 3629 3351 ob-

375 3396 609 3459 sidetur,
641 3412 731 3463 ego
786 3394 841 3447 in
892 3395 1058 3449 lucem
1129 3397 1299 3450 editus
1352 3414 1489 3462 sum,
1540 3414 1678 3451 anno
1708 3406 1824 3465 post
1860 3395 2092 3447 homines
2126 3387 2275 3447 natos
2310 3393 2471 3457 6909,
2496 3395 2581 3445 die
2612 3394 2838 3461 Augusti
2862 3392 2930 3444 50
2963 3406 2981 3444 :
3038 3392 3122 3444 his
3159 3391 3359 3444 ibidem
3390 3406 3512 3458 cap.
3550 3389 3627 3442 Ἠ

377 3482 667 3553 subiungit
703 3500 716 3535 :
757 3483 1009 3537 Vicesimo
1062 3492 1247 3538 octavo
1277 3482 1435 3549 Julii,
1489 3484 1723 3539 Temires
1757 3482 2213 3550 Massagetarum,
2277 3478 2564 3532 Persarum
2599 3490 2649 3533 et
2695 3478 3103 3547 Aquilonarium
3152 3477 3473 3547 Scytharum
3506 3493 3622 3539 rex,

374 3571 629 3623 Ameram
662 3569 963 3636 Bajazetein
989 3588 1107 3623 cum
1140 3587 1304 3625 uxore
1330 3580 1377 3625 et
1404 3572 1517 3639 ﬁlio
1557 3573 1726 3631 Mosc,
1760 3570 1980 3635 aliisque
2008 3567 2148 3621 aulis
2178 3569 2518 3634 Optimatibus
2544 3586 2646 3623 non
2678 3566 2865 3635 paucis
2896 3569 3052 3635 cepit,
3108 3578 3383 3636 totumque
3414 3568 3623 3620 exercio

376 3667 488 3709 tum
518 3658 672 3711 illius
698 3658 1000 3727 dissipavit.
1042 3662 1123 3714 Ad
1160 3661 1415 3713 eumdem
1451 3676 1657 3713 annum
1693 3656 2041 3711 'I‘amerlanis
2080 3657 2218 3709 hanc
2248 3657 2537 3710 victoriam
2573 3655 2759 3729 [quam
2798 3656 2926 3711 aliis
2955 3659 3114 3711 annis
3160 3657 3252 3710 alii
3288 3657 3623 3709 recentiores

376 3744 681 3816 ascribunt]
722 3747 887 3801 refert
915 3745 1159 3801 Joannes
1195 3730 1559 3802 Leitnclavius
1586 3748 1638 3801 in
1677 3748 1929 3802 Historia:
1965 3744 2410 3797 llusulmanniczc
2442 3745 2581 3799 libro
2617 3762 2728 3799 rit:
2764 3761 2889 3799 cum
2927 3761 3035 3813 quo
3093 3748 3441 3800 consentiunt
3477 3743 3623 3797 l’au-

376 3830 457 3885 lus
494 3831 828 3898 Interianus,
862 3833 1097 3903 Uberius
1126 3833 1355 3895 Folieta,
1388 3833 1584 3889 Petrus
1622 3834 1873 3896 Bizarus,
1905 3833 2245 3904 Augustinus
2278 3832 2622 3887 Justinianus
2676 3836 2729 3887 in
2764 3834 2939 3888 Rebus
2973 3832 3357 3897 Genuensibus,
3392 3843 3447 3886 et
3467 3831 3626 3886 Jaco-

376 3919 477 3973 bus
504 3918 727 3976 Cordus
763 3920 819 3974 in
860 3936 1024 3989 opere
1050 3921 1462 3990 chronologico.

444 4006 568 4061 XX.
600 4008 741 4062 lllutl
770 4019 924 4063 extra
955 4010 1353 4064 dubitationem
1392 4008 1651 4079 positum,
1691 4015 1813 4076 post
1857 4007 2163 4074 Bajazetem
2198 4024 2228 4062 a
2265 4006 2589 4063 Tamerlane
2620 4018 2867 4077 captum,
2905 4009 3093 4065 multis
3122 4009 3285 4065 annis
3316 4007 3622 4079 (lhrysiilo-

375 4108 488 4148 ram
524 4105 779 4150 nostrum
834 4096 977 4151 intra
1020 4096 1225 4151 Italiam
1261 4095 1604 4165 professione.
1653 4097 1956 4149 litterarum
1992 4094 2302 4147 Griecarum
2339 4097 2510 4150 fuisse
2547 4096 2816 4150 l'unctum.
2862 4096 3223 4160 Constantius,
3256 4110 3369 4163 quo
3398 4113 3459 4150 se
3489 4110 3625 4149 cou-

368 4187 600 4247 tulerat,
636 4194 695 4236 ut
749 4183 953 4237 ibidem
1006 4184 1245 4249 concilii,
1278 4184 1423 4253 quod
1456 4183 1524 4236 dc
1557 4183 1719 4237 trium
1760 4183 1925 4237 simul
1970 4183 2359 4237 assistentium
2427 4183 2744 4251 pontificum
2799 4181 3176 4235 Romanorum
3216 4183 3618 4235 controversiis

370 4286 504 4325 ann.
536 4272 599 4327 C.
631 4272 769 4326 illi
809 4272 1075 4327 celebrari
1108 4272 1293 4341 creuit,
1326 4280 1698 4340 spectatorem
1734 4280 1940 4340 ageret,
1990 4270 2136 4325 diem
2169 4286 2488 4340 supremum
2526 4286 2671 4326 anno
2708 4271 3059 4341 imperatoris
3116 4271 3381 4327 Manuelis
3418 4270 3626 4327 Palmm

369 4358 475 4424 lagi
512 4359 610 4419 24.
647 4359 848 4412 Christi
883 4359 1024 4413 1415
1048 4360 1206 4413 obiit.
1245 4357 1488 4425 llaphael
1518 4357 1743 4412 Malleus
1796 4357 2183 4413 Volaterranus
2232 4360 2755 4413 commentariorum
2801 4360 2897 4413 lib.
2930 4374 3020 4413 ut
3055 4377 3069 4413 :
3102 4358 3377 4412 Postremo
3412 4360 3464 4411 in
3496 4375 3623 4411 con-

366 4448 557 4501 cilium
588 4444 991 4501 Constanriense
1016 4457 1062 4500 et
1096 4447 1205 4527 ipse
1229 4446 1520 4515 profectus,
1552 4446 1606 4497 in
1641 4446 1818 4497 eodem
1852 4447 1965 4498 loco
1998 4450 2292 4503 exstinctus
2320 4458 2413 4502 est.
2450 4447 2683 4503 Iacobus
2711 4447 2996 4517 Philippus
3027 4447 3286 4504 Forcstus
3326 4447 3623 4516 Bergomas

367 4534 420 4588 in
454 4534 861 4590 Chronicorutn
891 4535 1280 4603 Supplemento
1320 4532 1385 4585 ad
1416 4547 1545 4587 ann.
1581 4532 1645 4586 C.
1683 4533 1821 4588 1598
1854 4550 1867 4587 :
1908 4532 2143 4606 Indeque
2166 4538 2376 4589 curiata
2417 4534 2712 4589 Romanam
2762 4552 2883 4588 cum
2910 4546 3119 4589 secutus
3157 4538 3372 4605 fuisset,
3398 4547 3446 4588 et
3479 4536 3621 4603 apud

368 4623 767 4687 Constantiam,
800 4624 889 4675 ubi
916 4622 1475 4692 generale’concilium
1501 4621 1822 4686 celebratur,
1848 4626 2093 4677 accessit.
2130 4624 2331 4677 Ibidem
2368 4630 2528 4690 paulo
2554 4634 2677 4691 post
2702 4640 2717 4676 :
2746 4623 3076 4676 Constantia:
3106 4623 3320 4677 tandem
3346 4624 3620 4692 deﬁciens,

365 4730 397 4764 a
439 4710 645 4782 I’oggio
680 4709 993 4764 Florentino
1028 4712 1283 4778 discipulo
1316 4726 1411 4763 suo
1450 4709 1716 4778 ntelliﬂua
1748 4711 1989 4763 oratione
2026 4712 2397 4764 cohonestatus
2423 4721 2522 4764 est.
2547 4711 2678 4776 Quae
2708 4712 2935 4765 totidem
2984 4712 3170 4766 verbis
3205 4712 3257 4764 iit
3296 4711 3619 4765 Chronieon

367 4814 531 4853 suum
576 4797 952 4853 IIartmannus
990 4797 1313 4853 Schedelius
1347 4799 1644 4851 transtulit.
1680 4796 1882 4852 Paulus
1909 4795 2101 4850 lovius
2131 4798 2183 4850 in
2218 4797 2504 4851 doctorum
2534 4799 2779 4852 virorum
2810 4799 3004 4867 elogiis
3039 4814 3162 4867 cap.
3196 4797 3267 4853 23
3296 4815 3309 4850 :
3344 4796 3619 4851 Postremo

368 4904 487 4941 cum
522 4891 596 4942 ad
629 4889 920 4942 tollendam
955 4888 1464 4957 pseudopontiﬁcum
1495 4887 1910 4940 controversiam
1938 4886 2141 4939 indicta
2164 4886 2396 4954 synodus
2433 4886 2573 4937 tanti
2600 4887 2894 4953 spectaculi
2924 4885 3172 4949 cupidum
3202 4886 3497 4943 excivisset.
3529 4902 3623 4939 cx-

370 4989 649 5031 auctorato
684 4978 1012 5031 Balthasare
1043 4978 1231 5042 Cassa,
1263 4975 1591 5030 Constantii:
1614 4976 1837 5028 interiit.
1869 4974 2146 5029 Posterior
2178 4988 2304 5041 pars
2336 4971 2633 5042 Epitaphii,
2663 4973 2809 5042 quod
2845 4973 3194 5043 Chrysolorze
3224 4982 3415 5027 nostro
3450 4974 3502 5025 in
3531 4989 3622 5025 ur-

272 5094 283 5099 -
371 5062 437 5117 bi-
470 5064 799 5120 Constantia
830 5065 1070 5133 positum
1102 5072 1208 5129 est,
1241 5063 1401 5132 cujus
1433 5073 1643 5133 partem
1698 5064 1938 5131 priorem
1976 5060 2002 5131 §
2031 5076 2046 5114 ι
2084 5059 2136 5112 in
2171 5057 2411 5113 medium
2444 5059 2646 5130 protuli
2679 5074 2695 5113 :
2735 5059 2823 5113 Vir
2856 5060 3219 5125 doctissimus,
3248 5060 3609 5128 prudentissi-

361 5168 504 5211 mus.
538 5153 771 5220 optinus
808 5153 896 5221 qui
934 5162 1166 5220 tempore
1219 5152 1477 5220 generalis
1514 5150 1730 5204 concilii
1781 5148 2208 5203 Conslantiensis
2257 5152 2398 5204 client
2456 5150 2608 5215 obiit,
2645 5164 2707 5204 ea
2737 5149 3155 5215 existimatione,
3189 5158 3244 5202 ut
3281 5149 3345 5201 ab
3380 5149 3623 5202 omnibus
3690 5156 3697 5161 ‘

359 5243 660 5295 sacerdotio
693 5242 883 5311 dignus
914 5239 1212 5295 haberetur.
1250 5237 1346 5292 Die
1368 5239 1439 5293 ‘25
1467 5239 1666 5307 Aprilis
1697 5238 1939 5291 conditus
1975 5251 2050 5290 est
2083 5256 2224 5292 anno
2260 5240 2415 5294 HIS.
2980 5224 2987 5251 ³
