4014 6214
322 326 393 390 ΞἹ

1465 340 1515 397 Μ
1527 338 1621 398 ΛΝ
1638 340 1863 400 UELIS
1900 343 1999 401 (Ἢ
2012 294 2425 405 ιὶΥΞΟίΑΟΒιΕ

3517 355 3595 421 24

2618 510 3569 539 ...η-...Ἠ

754 661 1160 814 MAN
1172 662 1738 820 UELIS
1830 669 3190 833 CHRYSOLORZE

1524 952 2340 1072 \EPISTOLXE.

327 1430 693 1509 I'Irnditissimi
736 1436 833 1488 viri
905 1435 1166 1492 Mnnuelis
1200 1440 1536 1509 Chrysolorar
1573 1445 1799 1509 epistola
1834 1448 1903 1499 ad

393 1500 653 1554 Joannem
675 1505 1069 1572 imperatorem,
1102 1527 1207 1578 qua
1252 1500 1435 1565 veleri:
1465 1530 1526 1565 ac
1559 1500 1703 1569 nova:
1733 1514 1909 1571 Romae

394 1579 718 1639 romparatio
748 1580 1064 1632 continetur.

402 1686 475 1741 De
528 1692 731 1757 quibus
807 1693 1075 1761 prolixius
1132 1697 1199 1749 ad
1259 1708 1311 1751 te
1365 1699 1704 1753 referendum
1766 1708 1907 1766 erat,

323 1779 525 1845 optime
562 1780 880 1850 imperator,
908 1802 968 1838 ea
996 1786 1118 1840 aliis
1159 1788 1358 1843 litteris
1406 1792 1721 1859 perscripsi,
1766 1807 1903 1861 quas

325 1885 431 1925 una
480 1887 603 1925 cum
648 1873 796 1928 hisce
828 1876 894 1929 ad
930 1885 982 1930 te
1025 1878 1290 1946 perlatum
1322 1881 1385 1933 iri
1420 1891 1588 1948 puto:
1623 1884 1755 1950 quin
1793 1885 1906 1935 imo

321 1976 445 2017 cum
468 1965 633 2017 multa
657 1966 875 2034 quidem
901 1967 1009 2036 jam
1032 1978 1154 2025 ante
1180 1972 1303 2026 hinc
1332 1973 1397 2025 ad
1420 1982 1469 2025 te
1489 1974 1825 2043 scripserim,
1853 1984 1905 2027 et

321 2068 428 2106 non
461 2070 631 2124 pauca
654 2058 817 2111 etiam
848 2062 1177 2129 nuperrimis
1228 2064 1445 2125 litteris,
1480 2065 1683 2133 placuit
1726 2075 1902 2118 tamen

322 2156 375 2199 et
407 2147 518 2203 [nec
556 2149 889 2221 subjungere
916 2154 1234 2222 voluptatis,
1279 2171 1385 2210 non
1425 2158 1677 2211 utilitatis
1694 2158 1902 2228 gratia:

324 2252 487 2304 quam
524 2255 631 2293 non
668 2241 919 2312 exiguam
968 2259 1054 2296 me
1087 2246 1363 2315 percipere
1393 2248 1588 2311 sentio,
1625 2247 1752 2301 dum
1787 2263 1906 2302 mea

323 2331 529 2401 scripta
558 2348 730 2389 sacrae
764 2345 867 2389 ture
891 2335 1154 2405 Majestati
1212 2339 1402 2395 odero.
1455 2340 1735 2395 Materiam
1777 2357 1905 2396 vero

323 2425 607 2492 praesentis
633 2428 945 2497 scriptionis
976 2445 1041 2484 ex
1104 2432 1203 2485 hac
1257 2432 1392 2487 urbe
1466 2433 1702 2501 capiam,
1740 2449 1901 2504 quam

322 2524 481 2571 antea
514 2519 781 2587 ‘quidem'
812 2535 878 2575 ex
932 2522 1164 2577 aliorum
1226 2523 1585 2579 relationibus
1661 2524 1906 2579 admira-

323 2606 598 2665 barzsed
653 2627 797 2667 nunc
841 2628 907 2667 ex
964 2614 1083 2683 ipsa
1141 2615 1477 2685 inspectione
1547 2616 1718 2670 multo
1780 2631 1900 2669 eam

1933 1333 1975 1385 A

2756 1335 2829 1390 A'.

2017 1447 2128 1500 Τοῦ
2162 1446 2545 1523 ,μογιῳτάιν-ουΔ
2570 1446 2861 1523 Maroni“
2897 1450 3259 1523 vadongé
3287 1454 3585 1523 ἐπιστολὴ

2080 1518 2231 1596 πρὸς
2261 1518 2367 1596 τὸν·
2425 1517 2709 1596 Ἰωάδης-ηις
2733 1520 3023 1596 βαρ-ἐλέει,
3076 1521 3144 1574 ἐν
3178 1520 3212 1596 ᾗ
3264 1517 3585 1594 σύγκρισιξ

2089 1586 2197 1653 τῆς
2227 1585 2489 1652 παλαιᾶς
2525 1588 2622 1641 καὶ
2644 1588 2785 1655 νέας
2824 1590 3072 1660 Ῥώμης.

2084 1704 2309 1771 Ἀριστε
2351 1702 2594 1773 βασιλεῦ,
2646 1703 2681 1757 ἃ
2718 1703 2817 1772 μὲν
2844 1704 2948 1758 ἔδει
2975 1706 3064 1759 διὰ
3114 1709 3323 1761 πολλῶν
3350 1710 3484 1779 πρὸς
3523 1711 3584 1762 τὸ

2011 1796 2105 1848 σὸν
2145 1796 2347 1863 κράτος
2398 1796 2732 1860 ἀνενεγκεῖν,
2778 1797 2835 1848 ἐν
2866 1798 3048 1860 ἄλλοις
3097 1800 3374 1869 γέγραφα,
3405 1800 3441 1855 ἃ.
3488 1802 3584 1855 καὶ

2009 1884 2147 1934 αὐτὰ
2179 1882 2327 1942 εἰκὸς
2368 1882 2660 1948 ἀφίξεσθαι
2696 1883 2833 1949 μετά
2874 1884 2984 1936 τῶν
3017 1888 3327 1953 παρόντων,
3385 1888 3584 1956 μᾶλλον

2005 1973 2062 2026 δὲ
2089 1972 2258 2024 πολλὰ
2289 1972 2388 2041 μὲν
2418 1975 2683 2041 πρότερον
2706 1972 2953 2024 ἐντεῦθεν
2974 1975 3229 2041 γέγραφα
3260 1992 3272 2004 ·
3303 1976 3402 2027 οὐκ
3427 1976 3582 2043 ὀλίγα

2007 2066 2064 2119 δὲ
2093 2066 2259 2128 εὐθὺς
2306 2065 2412 2134 πρὸ
2465 2065 2691 2119 τούτων.
2735 2066 2919 2130 Ἔδοξε
2963 2068 3017 2119 δὲ
3067 2069 3218 2137 ὅμως
3262 2070 3358 2122 καὶ
3405 2071 3582 2122 ταῦτα

2010 2157 2326 2227 προσθεῖναι
2360 2157 2577 2227 ἡδονῆς,
2602 2159 2663 2209 ού
2703 2157 2890 2228 χρείας
2909 2158 3096 2211 ἕνεκεν
3122 2174 3139 2190 '
3172 2160 3238 2229 ἦν
3271 2161 3332 2213 οὔ
3371 2162 3580 2229 μικρὰν

2008 2248 2125 2304 οἶδα
2174 2249 2555 2321 καρπούμενος
2588 2252 2651 2303 ὲκ
2690 2249 2784 2302 τοῦ
2832 2251 2959 2312 τοὺς
3003 2254 3171 2317 ἐμοὺς
3215 2252 3407 2318 λόγους
3444 2254 3581 2321 πρὸς

2006 2345 2105 2413 τὴν
2138 2343 2235 2409 σὴν
2284 2342 2538 2410 θειότητα
2572 2342 2883 2411 ἀναφέρειν.
2919 2342 3093 2412 ’Υλην
3127 2343 3184 2395 δὲ
3228 2344 3339 2395 τῶν
3373 2344 3578 2413 παρόν-

2006 2454 2115 2488 των
2168 2436 2342 2501 λόγων
2376 2436 2483 2489 ἀπὸ
2533 2437 2631 2504 τῆς
2686 2436 2897 2499 πόλεως
2944 2438 3149 2504 ταύτης
3199 2435 3464 2507 λήψομαι,
3514 2436 3582 2507 ῆν

2009 2526 2277 2594 πρότερον
2333 2527 2431 2596 μὲν
2477 2526 2584 2578 ἀπὸ
2628 2526 2734 2578 τῶν
2789 2528 3188 2594 ἱστορουμένων
3237 2528 3368 2598 περὶ
3410 2528 3581 2597 αὐτῆς

2011 2616 2354 2687 ἐθαύμαζον·
2391 2617 2485 2669 νῦν
2522 2617 2577 2670 δὲ
2612 2617 2707 2669 ἀπ’
2752 2617 2923 2687 αὐτῆς
2958 2618 3051 2686 τῆς
3089 2617 3279 2687 ,ὅψεως
3327 2618 3581 2686 γενέσθαι

323 2700 499 2769 magis
524 2702 897 2759 admirandam
926 2678 1136 2777 judico,
1172 2678 1333 2777 quam
1358 2725 1421 2762 ex
1456 2708 1522 2762 iis
1549 2723 1669 2776 quae
1709 2707 1775 2763 de
1807 2708 1900 2762 illa

2008 2678 2487 2779 θαυμασιωτέραν,
2524 2710 2555 2777 ἢ
2602 2710 2676 2771 ὼς
2709 2710 2774 2763 ἄν
2801 2678 3117 2773 τιξγάπλῶξ
3145 2678 3436 2763 ἐἰκασειεν
3472 2711 3579 2764 ἀπὸ

322 2796 621 2850 narrantur
685 2797 1008 2866 simpliciter
1074 2799 1273 2868 aliquis
1316 2799 1595 2869 conjiciat.
1656 2800 1722 2853 Et
1773 2816 1906 2856 sane

326 2887 563 2939 maxima
592 2886 659 2942 de
686 2903 748 2943 ea
771 2889 1106 2954 referuntur,
1166 2906 1274 2946 non
1330 2892 1398 2945 ab
1459 2890 1528 2945 iis
1575 2892 1753 2946 solum
1812 2891 1907 2960 qui

325 2978 620 3033 vernacula
670 2980 852 3050 lingua
932 2983 1081 3038 hisce
1103 2982 1170 3037 de
1227 2983 1394 3038 rebus
1447 2984 1716 3052 scripsere
1746 3023 1764 3049 ,
1813 2984 1905 3038 sed

327 3069 491 3123 etiam
531 3086 559 3125 a
588 3077 791 3128 nostris
840 3073 1011 3129 ferme
1071 3075 1349 3136 omnibus,
1414 3075 1656 3129 maxime
1687 3090 1717 3129 a
1774 3075 1905 3129 viris

332 3162 536 3228 doctis,
566 3165 656 3232 qui
688 3165 740 3217 in
783 3180 846 3218 ea
886 3167 1081 3220 versati
1123 3165 1278 3221 fuere
1306 3183 1322 3221 :
1359 3168 1429 3220 ita
1474 3178 1533 3220 ut
1563 3167 1653 3220 alii
1683 3167 1902 3235 quidem

322 3255 603 3307 orationes
637 3254 901 3324 integras,
933 3255 1024 3309 alii
1063 3256 1232 3311 libros
1269 3256 1337 3311 de
1369 3256 1491 3324 ejus
1538 3256 1809 3321 laudibus,
1843 3265 1905 3311 ut

325 3343 492 3406 nosti,
513 3343 853 3413 reliquerint.
886 3346 989 3399 Alii
1018 3355 1199 3399 autem
1232 3346 1419 3414 paucis
1449 3347 1632 3401 verbis
1664 3348 1900 3400 maxima

324 3438 392 3491 de
413 3452 474 3492 ea
489 3437 746 3494 dixerunt
778 3455 793 3492 :
828 3440 988 3509 quale
1016 3440 1190 3495 ethoc
1215 3439 1483 3510 Sophile
1517 3442 1777 3497 illiustibi
1810 3442 1904 3497 ad-

325 3528 545 3583 modum
566 3528 719 3582 chari
751 3540 803 3584 et
823 3529 1130 3595 familiaris,
1161 3531 1305 3599 quod
1327 3532 1380 3584 in
1413 3531 1643 3601 epistola
1665 3532 1899 3600 quadam

324 3620 474 3673 brevi
491 3621 779 3673 verborum
809 3622 1016 3674 ambitu
1050 3622 1345 3675 niaximum
1362 3622 1429 3677 de
1457 3638 1518 3676 ea
1553 3623 1900 3691 pronuntiat,

328 3708 483 3765 hisce
507 3711 710 3774 verbis,
740 3712 785 3765 si
820 3720 963 3765 recte
994 3712 1236 3777 memini,
1274 3712 1327 3766 in
1359 3712 1629 3782 principio
1655 3712 1900 3780 epistola:

324 3816 459 3856 usus
491 3818 505 3855 :
538 3798 647 3855 Fac
676 3802 847 3855 nostri
879 3802 1196 3856 memoriam
1227 3818 1435 3867 serves,
1465 3813 1753 3872 postquam
1791 3802 1902 3857 Βυ-

324 3908 468 3947 mam
527 3894 847 3961 pervenisti,
915 3904 1079 3964 atque
1115 3893 1425 3949 istiusmodi
1494 3896 1667 3961 vides,
1716 3897 1899 3966 qualia

321 3991 449 4037 ante
486 3997 594 4037 non
620 3984 869 4049 videras;
902 4000 1009 4038 non
1044 3994 1243 4041 terram
1270 3986 1441 4049 illam,
1466 3988 1561 4041 sed
1593 3987 1716 4041 σεειί
1738 3987 1903 4057 parti-

321 4074 496 4129 culam
535 4090 654 4131 esse
687 4076 898 4132 tibimet
952 4078 1055 4147 ipsi
1089 4080 1449 4147 persuadens.
1472 4078 1588 4133 Non
1613 4080 1757 4133 enim
1801 4080 1903 4133 mi-

332 4183 451 4222 rum
485 4179 697 4225 estnos
757 4171 833 4225 tui
868 4171 1205 4226 meminisse.
1240 4170 1371 4225 Nam
1401 4172 1527 4225 dum
1585 4187 1800 4241 semper
1846 4172 1899 4224 in

321 4256 543 4322 iisdem,
576 4275 752 4329 neque
797 4260 907 4314 ulla
964 4262 1019 4315 in
1051 4276 1109 4317 re
1152 4276 1290 4316 nova
1356 4277 1642 4317 versamur
1695 4261 1901 4315 amicos

322 4354 745 4420 respiceremus.
1432 4344 1439 4347 ⁷

392 4441 570 4509 Atque
589 4440 705 4493 haec
733 4440 798 4494 ad
818 4440 1061 4496 Grzecum
1084 4441 1163 4495 vel
1186 4441 1403 4512 Syrum,
1426 4442 1713 4511 civemque
1741 4456 1900 4495 suum

322 4533 588 4601 scripsit:
623 4548 817 4587 nomen
845 4535 989 4589 enim
1027 4537 1204 4605 ipsum
1239 4550 1349 4590 non
1410 4537 1546 4590 satis
1599 4536 1898 4600 recordor;

324 4638 450 4677 cum
482 4634 666 4678 tamen
701 4625 1007 4681 Antiochia:
1038 4627 1497 4696 pulchritudinem
1531 4642 1654 4681 cum
1689 4628 1755 4681 ab
1779 4626 1900 4680 aliis

325 4717 535 4781 multis,
566 4727 678 4772 tum
701 4718 768 4771 ab
794 4718 982 4774 eodem
1032 4732 1256 4776 auctore
1306 4721 1575 4775 celebrari
1625 4719 1899 4783 audimus,

323 4824 385 4861 ea
411 4809 662 4863 oratione
694 4824 799 4879 qua
845 4812 1031 4879 patriae
1079 4827 1191 4866 suae
1246 4812 1432 4866 laudes
1483 4820 1897 4871 commemorat.

324 4899 410 4950 cui
438 4896 509 4951 ab
533 4896 723 4971 eadem
756 4914 954 4955 nomen
1013 4902 1295 4971 imposuit.
1327 4900 1467 4968 Quin
1495 4912 1547 4956 et
1589 4903 1728 4957 alius
1757 4902 1902 4971 ejus-

324 4991 447 5044 dem
504 4990 764 5057 civitatis,
806 5008 955 5048 nunc
1016 5010 1147 5049 vero
1195 4995 1357 5048 etiam
1418 4995 1682 5050 cmlorum
1742 4996 1898 5058 civis,

324 5082 485 5153 «:tijus
506 5098 567 5138 os
582 5094 744 5153 atque
776 5084 958 5151 lingua
1007 5085 1072 5139 ab
1104 5100 1240 5139 auro
1271 5100 1574 5154 cOgnomen
1612 5101 1894 5155 accepere,

326 5176 560 5243 plurima
594 5177 797 5247 passim
829 5178 895 5232 de
928 5191 988 5230 ea
1021 5178 1280 5247 praedicat
1312 5197 1327 5233 :
1369 5181 1452 5233 vel
1481 5180 1548 5233 ad
1576 5195 1764 5233 eorum
1796 5179 1900 5232 ali-

224 5476 227 5479 λ
330 5460 596 5505 terrarum
629 5454 805 5521 signa.
841 5450 1213 5522 Eratquoque
1255 5453 1306 5506 in
1358 5453 1545 5507 eadem
1605 5453 1897 5521 Ephesium

329 5544 510 5597 Diana:
538 5545 816 5612 templum,
842 5551 913 5620 _et
943 5548 1191 5601 colossus
1237 5545 1506 5608 Rhodius,
1543 5545 1599 5600 et
1646 5546 1699 5600 in
1752 5543 1899 5598 Hali-

326 5647 586 5687 carnasso
622 5631 850 5688 Mausoli
873 5635 1204 5703 sepulcrum,
1270 5652 1500 5707 quorum
1534 5638 1775 5690 omnium
1812 5645 1903 5689 aut.

328 5726 715 5797 plerarumque
746 5727 986 5802 reliquie:
1022 5742 1133 5784 tum
1167 5731 1340 5785 adhuc
1400 5731 1900 5800 conspiciebantur,

1928 4030 1971 4087 C

2007 2801 2117 2851 τῶν
2151 2799 2464 2868 λεγομένων
2500 2802 2631 2870 περὶ
2672 2800 2845 2869 αὐτῆς
2890 2801 3083 2870 κρίνω.
3121 2802 3317 2854 Καίτοι
3360 2802 3577 2870 εἴρηται

2011 2890 2111 2960 μὲν
2168 2890 2387 2961 ἀληθῶς
2444 2892 2676 2961 μέγιστα
2712 2894 2839 2962 περὶ
2870 2892 3061 2963 αὐτῆς,
3095 2892 3156 2944 οὐ
3219 2892 3377 2961 μόνον
3430 2892 3577 2962 παρὰ

2010 2982 2117 3035 τῶν
2148 2985 2211 3049 τῇ
2249 2984 2462 3052 πατρίῳ
2503 2986 2653 3054 φωνῇ
2684 2984 2813 3053 περὶ
2848 2984 3055 3036 τούτων
3088 2982 3573 3051 συγγεγραφότων,

2004 3072 2122 3124 ἀλλ’
2162 3071 2263 3141 ήδη
2314 3076 2408 3123 καὶ
2446 3072 2601 3141 παρὰ
2627 3073 2732 3125 τῶν
2784 3073 3072 3142 ἡμετέρων
3120 3072 3305 3140 σχεδὸν
3337 3073 3576 3138 πάντων,

2005 3162 2101 3216 καὶ
2154 3163 2263 3214 τῶν
2313 3162 2638 3230 ἐλλογίμων,
2684 3164 2800 3215 ὅσοι
2851 3165 2975 3216 κατ’
3022 3163 3195 3232 αὐτὴν
3244 3165 3576 3232 γεγόνασιν·

2005 3254 2146 3307 ὥστε
2189 3254 2318 3316 τοὺς
2375 3254 2475 3323 μὲν
2524 3254 2710 3320 λόγους
2770 3254 2943 3316 ὅλους,
2980 3254 3107 3316 τοὺς
3147 3253 3202 3304 δὲ
3242 3252 3446 3321 βιϐλία,
3501 3254 3578 3314 ὠς

2004 3339 2181 3407 οἶσθα,
2215 3342 2464 3413 ἐγκώμια
2493 3345 2661 3412 αὐτῆς
2687 3345 3029 3396 καταλιπεῖν.
3069 3342 3251 3394 ’Ἄλλοι
3278 3342 3334 3394 δὲ
3363 3344 3421 3394 ὲν
3446 3342 3579 3410 βρο-

2007 3436 2128 3504 χέσι
2166 3436 2397 3505 μέγιστα
2420 3439 2547 3504 περὶ
2572 3436 2741 3504 αὐτῆς
2774 3437 3093 3506 εἰρήκασινο
3127 3430 3237 3488 οἷον
3261 3434 3357 3488 καὶ
3390 3434 3450 3486 τὸ
3481 3432 3573 3485 τοῦ

2006 3528 2262 3596 σοφιστοῦ
2295 3528 2506 3580 ἐκείνου
2533 3528 2629 3580 τοῦ
2667 3528 2808 3581 πάνυ
2849 3528 3001 3597 φίλου
3034 3528 3129 3580 καὶ⁸
3172 3527 3403 3592 οἰκείου,
3434 3527 3573 3593 ὅπερ

2004 3622 2064 3674 ἐν
2090 3621 2258 3690 ὀλίγῳ
2298 3621 2556 3691 μέγιστον
2610 3622 2816 3683 ἐκεῖνος
2869 3623 2924 3673 ὲν
2971 3619 3233 3690 ἐπιστολῇ
3271 3621 3405 3690 πρός
3455 3620 3576 3674 τι.νά

2004 3728 2138 3782 φησι
2170 3711 2299 3782 περὶ
2319 3712 2510 3780 αὐτῆς,
2543 3710 2687 3764 οὕτω
2720 3728 2835 3774 πως
2867 3712 3031 3774 εὐθὺς
3068 3714 3127 3765 ἐν
3159 3711 3301 3782 ἀρχῇ
3329 3711 3427 3781 τῆς
3457 3712 3578 3763 ἐπι-

2004 3803 2220 3869 στολῆς,
2254 3805 2302 3875 εί
2354 3802 2538 3864 καλῶς
2575 3802 2862 3872 μέμνημαι
2908 3801 3018 3853 τῶν
3063 3803 3330 3872 ῥημάτων
3371 3802 3574 3867 αὐτῶν,

2002 3893 2175 3960 λέγων
2201 3910 2214 3923 ’
2248 3894 2389 3962 Ι’Λρα
2416 3894 2695 3963 μέμνησαι
2730 3894 2887 3961 ἡμῶν
2916 3896 2996 3956 εἰς
3034 3893 3256 3964 Ῥώμην
3284 3891 3573 3961 ἁπηρκὼς,

2005 3988 2099 4039 καὶ
2130 3986 2423 4055 θεώμενος,
2459 3984 2545 4038 οἶα
2570 3988 2630 4037 οὑ
2657 3986 2921 4056 πρότερον
2956 3986 3156 4039 πείθων
3185 3987 3468 4038 τεσαυτὸν
3499 3985 3577 4048 ὡς

2006 4077 2106 4129 οὐκ
2141 4076 2256 4129 ἔστι
2305 4076 2374 4145 γῆ
2420 4074 2583 4145 αὕτη,
2625 4076 2740 4127 ἀλλ’
2773 4075 3005 4145 ούρανοῦ
3057 4077 3225 4146 μέρος
3275 4093 3348 4129 τι.
3398 4077 3574 4145 Ἠμᾱς

2009 4170 2108 4239 μὲν
2137 4168 2247 4237 γάρ
2296 4184 2391 4221 σου
2431 4167 2741 4238 μεμνῆσθαι
2775 4167 3085 4237 θαυμαστὸν
3129 4166 3298 4220 οὐδέν.
3344 4167 3431 4220 Ἐν
3464 4168 3573 4237 γὰρ

2004 4266 2115 4322 τοῖς
2149 4262 2333 4323 αὐτοῖς
2363 4263 2528 4329 ἡμεῐς
2572 4263 2666 4313 καὶ
2703 4261 2882 4314 οὐδενὶ
2912 4259 3083 4331 καινῷ
3130 4262 3568 4331 καταφρονοτμεν

2006 4348 2072 4402 ἂν
2100 4350 2210 4401 τῶν
2237 4348 2429 4417 φίλων.

2077 4443 2267 4496 Καίτοι
2322 4442 2457 4511 πρὸς
2492 4442 2731 4514 Ἕλληνα
2785 4443 2957 4514 δήπου
3006 4444 3177 4497 ταῦτα
3228 4445 3489 4513 ἔγραφεν,
3531 4440 3564 4510 ἢ

2006 4535 2197 4605 Σύρον,
2224 4536 2317 4587 καὶ
2344 4533 2510 4588 αὑτοῦ
2542 4536 2773 4606 πολίτην
2795 4553 2808 4567 ’
2844 4538 2908 4590 οὑ
2938 4537 3115 4607 μέμνη
3127 4554 3221 4605 μαι
3250 4537 3358 4604 γὰρ
3389 4533 3571 4595 καλῶς

2003 4623 2095 4677 τοῦ
2131 4624 2399 4692 ὀνόματος
2432 4625 2690 4703 ,ἐκείνοψ
2724 4626 2997 4697 ἀκούομεν
3034 4626 3089 4678 δὲ
3127 4626 3188 4677 τὸ
3221 4626 3321 4693 τῆς
3370 4625 3574 4674 Ἀντιο-

2005 4716 2154 4784 χείας
2202 4715 2398 4777 κάλλος
2440 4718 2591 4786 παρὰ
2624 4718 2830 4770 πολλῶν
2860 4736 2920 4770 τε
2950 4718 3142 4781 ἄλλων,
3182 4718 3273 4768 καὶ
3319 4715 3482 4767 αὐτοῦ
3512 4714 3570 4767 δὲ

2004 4809 2238 4870 ἐκείνου,
2273 4811 2330 4861 ἐν
2360 4803 2436 4869 οἷς
2458 4810 2549 4861 ἐπὶ
2576 4811 2672 4861 τοῦ
2703 4810 2993 4879 ὁμωνύμου
3018 4808 3191 4880 ταύτῃ
3220 4808 3375 4873 λόγου
3400 4808 3573 4875 ἐγκώ-

2007 4918 2106 4970 μια
2141 4904 2240 4971 τῆς
2278 4902 2532 4970 πατρίδος
2563 4903 2783 4972 γράφει.
2822 4904 2929 4955 Καὶ
2959 4903 3114 4961 ἄλλος
3155 4901 3211 4952 δὲ
3264 4900 3435 4968 αὐτῆς
3475 4918 3572 4952 πο-

2004 4992 2176 5061 λίτης,
2213 4992 2306 5045 νῦν
2339 4993 2394 5045 δὲ
2419 4995 2513 5047 καὶ
2539 4994 2646 5047 τῶν
2671 4992 2917 5063 οὐρανῶν
2949 4992 3193 5062 πολίτης,
3221 4993 3281 5044 ού
3313 4992 3372 5044 τὸ
3401 4993 3573 5061 στόμα

2004 5088 2098 5137 καὶ
2134 5086 2165 5155 ἡ
2202 5085 2417 5152 γλῶττα
2449 5086 2636 5155 ἔτυχον
2662 5086 2763 5151 τῆς
2791 5085 2899 5137 ἀπὸ
2930 5085 3023 5137 τοῦ
3058 5087 3261 5156 χρυσοῦ
3294 5101 3575 5154 προσηγο-

1952 5176 1955 5179 “
2007 5172 2150 5243 ρίας,
2185 5173 2414 5225 πλεῖστα
2464 5173 2733 5241 πολλαχοῦ
2772 5174 2920 5239 λέγει
2952 5179 3082 5241 περὶ
3123 5175 3296 5243 αὐτῆς
3320 5192 3334 5205 ·
3368 5174 3401 5243 ἢ
3438 5174 3571 5241 πρός

328 5283 489 5335 quem
523 5270 616 5337 qui
646 5268 832 5323 Asiam
881 5284 945 5323 eo
1001 5277 1243 5338 tempore
1292 5272 1642 5326 incolebant:
1702 5272 1754 5325 in
1794 5286 1900 5341 qua

2007 5282 2123 5317 τινα
2153 5264 2261 5317 τῶν
2310 5264 2406 5335 τὴν
2448 5265 2633 5318 Ἀσίαν
2675 5265 2793 5316 τότε
2824 5264 3137 5331 οἰκούντων,
3172 5267 3258 5335 ἐφ’
3287 5261 3353 5336 ἧς
3391 5264 3571 5322 Ῥόδος

330 5356 555 5412 Ilhodus
588 5365 717 5412 tunc
745 5367 941 5413 eratet
973 5358 1229 5429 Smyrna,
1264 5369 1319 5414 et
1350 5362 1721 5430 pulcherrima
1752 5362 1902 5415 orbis

2007 5352 2073 5428 ἦν
2104 5358 2225 5411 τότε
2262 5358 2355 5410 καὶ
2403 5357 2647 5425 Σμύρνα,
2682 5359 2873 5410 καὶτὰ
2924 5357 3220 5425 ἀγάλματα
3261 5359 3357 5422 τῆς
3388 5356 3573 5407 οἰκου-

2013 5448 2200 5517 μένης.
2239 5447 2498 5513 Γεγόνασι
2529 5447 2587 5500 δὲ
2629 5450 2686 5499 ἐν
2716 5448 2899 5517 ἐκείνῃ
2948 5449 3040 5499 καὶ
3069 5449 3095 5499 ὁ
3136 5450 3190 5499 ἐν
3238 5445 3448 5511 Ἐφέσῳ
3475 5446 3575 5510 τῆς

2022 5540 2333 5607 Ἀρτέμιδος
2365 5540 2511 5604 ναὸς,
2545 5541 2637 5592 κοιλ⁸
2658 5541 2695 5592 ’ό
2727 5542 2783 5593 ὲν
2809 5543 2873 5609 τῇ
2919 5540 3087 5609 Ῥόδῳ
3127 5537 3400 5601 κολοσσὸς,
3432 5535 3527 5587 καὶ
3551 5539 3576 5586 ὁ

2012 5634 2068 5684 ἐν
2112 5633 2522 5702 Ἀλικαρνασσῷ
2557 5631 2650 5685 τοῦ
2682 5632 2983 5687 Μαυσώλου
3018 5632 3205 5697 τάφος,
3252 5622 3326 5680 ὧν
3362 5626 3578 5680 πάντων

2014 5726 2047 5799 ἡ
2082 5743 2241 5780 τινων
2290 5724 2369 5778 ἔτι
2406 5725 2632 5795 λείψανα
2668 5726 2895 5797 ἑωρᾶτο.
2946 5724 3007 5777 Ei
3050 5722 3232 5792 βούλει
3284 5719 3363 5783 δὲ,
3400 5719 3578 5788 θῶμεν
