4048 6224
322 327 387 400 εδ
1397 333 1766 393 EPISTULA
1808 335 1907 394 AD
1951 334 2310 395 JOANNEM
2348 335 2498 398 IMP.
3499 340 3574 404 26

322 439 511 497 ίκεῐνον
539 441 600 508 ἐξ
631 441 910 509 Αἰγύπτου
933 443 1028 497 καὶ
1048 443 1255 513 Λιϐύης
1288 441 1450 510 εἶναι,
1488 447 1573 515 ἐφ’
1607 443 1673 519 ἦς
1697 449 1864 501 ἀκονο

1995 457 2090 502 aut
2127 449 2172 503 si
2208 449 2343 502 velis
2379 464 2442 501 ex
2467 447 2700 516 Egypto
2734 447 2814 500 vel
2842 447 3008 518 Libya
3043 463 3166 502 eum
3203 449 3374 505 fuisse
3403 467 3573 521 pona-

320 552 410 602 μιν
450 534 547 603 τὴν
595 534 950 603 Ἀλεξάνδρου
984 535 1164 600 πόλιν,
1220 538 1311 589 mi.
1363 538 1474 590 τῶν
1527 539 1865 606 ὑμνουμένωε

1992 553 2160 590 ntus:
2210 538 2263 590 in
2299 553 2404 606 qna
2457 536 2882 590 Alexandrinam
2955 537 3255 602 civitatem,
3319 551 3370 592 et
3435 540 3576 592 inter

314 627 589 693 θεαμάτων
616 627 712 688 τὰς
741 627 1153 695 ἐκατομπύλους
1181 627 1362 698 Θήϐας
1395 628 1612 692 ὲκείνας
1646 631 1740 682 καὶ
1776 648 1881 681 πυο

315 719 541 790 ραμίδας
580 718 952 786 γεγενῆσθαι·
988 712 1061 770 ὧν
1112 722 1210 782 τὰς
1254 722 1408 783 σκιὰς
1459 721 1730 790 ἀκούομεν
1765 722 1882 775 ὁδόν

310 831 459 865 τινων
491 811 718 881 ἡμερῶν
747 811 822 873 ὡς
857 813 1031 864 εἰπεῖν
1067 808 1229 875 εἶναι,
1259 814 1572 882 ἀνίσχοντος
1600 814 1695 866 τοῦ
1729 814 1880 883 ὴλίου

312 906 394 958 ναὶ
423 905 686 971 δυομένου
715 921 730 936 ·
762 904 856 956 καὶ
885 897 960 956 ὧν
995 907 1092 974 μιᾷ
1124 905 1220 958 καὶ
1257 909 1321 975 τῇ
1359 909 1702 978 σμικροτάτη
1729 907 1883 974 λέγε-

311 1013 391 1048 ται
416 996 514 1060 τὴν
563 995 788 1063 Μέμφιν
823 996 991 1066 αὐτὴν
1030 997 1126 1049 ml
1164 999 1289 1061 τοὺς
1335 999 1646 1066 περιοίκους
1672 999 1880 1061 πάντας

312 1089 492 1147 τόπους
524 1088 582 1152 ἐξ
613 1088 841 1141 ἐκείνων
864 1088 974 1141 τῶν
1004 1090 1214 1159 χρόνων
1242 1090 1323 1144 ἔτι
1363 1093 1457 1144 καὶ
1488 1092 1584 1146 νῦν
1612 1094 1750 1163 πρὸς
1774 1095 1879 1146 πᾶ-

326 1198 406 1232 σαν
437 1181 734 1250 οἰκοδομὴν
761 1183 851 1233 ἴσα
904 1183 1000 1234 καὶ
1052 1183 1338 1251 λατομίαις
1386 1185 1645 1255 χρῆσθαι,
1675 1186 1767 1238 καὶ
1801 1186 1874 1255 μὴ

321 1272 636 1324 ἐπιλείπεινο
693 1271 894 1340 μᾶλλον
938 1272 994 1324 δὲ
1031 1273 1218 1337 πόλεις
1249 1275 1374 1337 ὅλας
1423 1276 1519 1328 καὶ
1575 1276 1872 1340 συνοικίας,

317 1365 378 1426 ὧς
415 1381 600 1442 φασιν,
637 1364 696 1428 ἐξ
747 1365 919 1432 αὐτῆς
955 1366 1386 1432 οἰκοδομοῦντες,
1433 1367 1584 1436 μόλις
1615 1369 1789 1439 βραχύ
1823 1387 1877 1424 τι

319 1459 456 1526 μέρος
482 1457 700 1525 ἐκείνης
727 1456 1088 1524 ἀνηλωκέναι.
1118 1459 1276 1521 Εἰκὸς
1293 1459 1345 1512 δὲ
1373 1455 1442 1529 ἦν
1464 1461 1693 1524 ἐκεῖνον,
1725 1463 1873 1526 ὅστις

316 1549 425 1598 ποτε
451 1543 547 1616 ἦν,
580 1548 814 1600 πλέοντα
846 1550 923 1610 είς
964 1548 1184 1616 Ῥώμην
1207 1552 1299 1603 ml
1323 1551 1409 1604 διὰ
1439 1551 1545 1623 τῶν
1576 1555 1751 1622 νήσων
1781 1555 1875 1607 καὶ

312 1641 401 1708 τῆς
437 1640 702 1702 Ἑλλάδος
733 1641 1030 1710 ἀναχθῆναι
1057 1658 1071 1673 ο
1111 1643 1202 1695 καὶ
1243 1643 1510 1712 πρότερον
1544 1645 1598 1697 δὲ
1638 1645 1783 1708 εἰκὸς
1808 1642 1876 1716 ἦν

314 1731 460 1784 αὐτὸν
494 1731 598 1800 τὴν
637 1731 861 1784 Ἐλλάδα
889 1732 1039 1796 ίδεϊν,
1076 1732 1170 1786 καὶ
1199 1733 1292 1787 τδν
1331 1735 1432 1803 τῆς
1473 1734 1722 1800 Ἑλλάδος
1752 1737 1872 1790 τότε

313 1821 604 1890 ὀφθαλμὸν,
651 1822 748 1886 τὰς
806 1823 1037 1894 Ἀθήνας
1077 1824 1236 1892 λέγω.
1275 1826 1347 1879 Ἥ
1380 1845 1499 1879 τινα
1548 1827 1652 1880 ἔδει
1689 1827 1873 1880 τοῦτον

319 1914 424 1964 τῶν
455 1914 560 1965 amb
615 1918 702 1983 τῆς
741 1915 993 1978 Ἑλλάδος
1042 1913 1216 1970 εἶναι’
1275 1918 1368 1970 καὶ
1412 1917 1599 1970 τοῦτον
1648 1919 1709 1971 οὐ
1765 1919 1872 1972 τῶν

328 2005 524 2061 πολλῶν
551 2007 636 2057 καὶ
669 2006 917 2059 ἀθεάτων
944 2009 974 2071 ἢ
1008 2009 1258 2076 ἀνηκόων
1291 2010 1398 2062 τῶν
1429 2010 1712 2071 τοιούτων,
1736 2012 1870 2064 ἀλλὰ

319 2097 411 2147 τῶν
445 2097 914 2167 πεπαιδευμένων,
961 2098 1097 2168 πρὸς
1143 2097 1254 2152 οἷον
1297 2104 1500 2154 ἐκεῖνόν
1544 2118 1602 2154 τε
1637 2101 1870 2171 γράφειν

313 2189 443 2252 εἰκὸς
467 2185 558 2259 ἦν,
587 2190 682 2243 καὶ
731 2191 893 2244 αὐτὸν
919 2195 1027 2255 τοῖς
1063 2194 1324 2256 τοιούτοις
1352 2195 1589 2264 θεάμασι
1627 2199 1720 2248 καὶ
1751 2196 1869 2258 ταῖς

315 2280 575 2343 τοιαύταις
627 2283 962 2351 ἀποδημίαις
1003 2285 1254 2355 ¹χαίρειν.
1302 2286 1367 2338 Τί
1419 2286 1600 2338 τοίνυν
1652 2286 1761 2356 ἄρα
1800 2281 1868 2357 ἦν

306 2371 490 2438 into,
517 2373 546 2424 ὃ
597 2373 786 2425 τοῦτον
829 2375 1080 2428 τοσοῦτον
1124 2376 1350 2446 ἔμελλεν
1397 2379 1696 2447 ἒκπλῆξαι;
1726 2378 1867 2432 ὥστε

306 2466 392 2532 τῆς
443 2467 704 2529 Ἑλλάδος
747 2469 837 2518 καὶ
866 2468 975 2521 τῶν
999 2469 1060 2522 ὲν
1107 2471 1242 2539 αὐτῇ
1275 2470 1563 2538 θεαμάτων
1611 2471 1864 2523 ἐπιλαθέ-

302 2562 436 2618 σθαι,
475 2556 756 2626 θεώμενον
793 2554 878 2612 οἷα
904 2561 963 2612 οὐ
992 2562 1280 2630 πρότερον,
1315 2563 1407 2614 καὶ
1437 2563 1608 2630 αὐτῆς
1641 2563 1734 2615 ml
1757 2563 1864 2615 τῶν

306 2647 358 2697 ὲν
384 2648 518 2718 αὐτῇ
550 2647 717 2716 φίλων
766 2651 1178 2720 καταφρονῆσαι
1204 2668 1222 2686 ο
1254 2652 1464 2704 πείθειν
1497 2669 1558 2704 τε
1600 2653 1762 2706 αὐτὸν
1788 2655 1864 2717 ῶς

305 2738 399 2790 οὐκ
429 2740 539 2792 ἔστι
573 2741 643 2808 γῆ
681 2743 847 2812 αὐτὴ,
877 2743 1010 2796 ἀλλὰ
1040 2744 1270 2814 οὐρανοῦ
1315 2745 1482 2815 μέρος
1512 2762 1601 2810 τις
1635 2746 1862 2816 Εἴρηται

297 2825 406 2894 οὖν,
435 2833 575 2900 ὅπερ
602 2828 778 2897 εἷπον,
805 2834 936 2905 παρ’
964 2836 1289 2905 ἀμφοτέρων
1314 2836 1422 2889 τῶν
1447 2836 1706 2904 γλωσσῶν
1736 2835 1862 2888 τού-

295 2939 398 2975 των
431 2925 672 2994 μέγιστα
705 2927 835 2996 περὶ
865 2929 1056 2996 αὐτῆς.
1089 2924 1254 2997 υῐμαι
1283 2929 1339 2981 δὲ
1373 2931 1466 2983 καὶ
1498 2927 1621 2986 τοὺς
1654 2927 1862 2998 βαρϐά-

295 3025 418 3078 ρους
444 3011 670 3077 αὑτοὺς,
697 3014 814 3065 ὅσοι
851 3013 922 3084 μὴ
943 3017 1289 3086 γραμμάτων
1313 3017 1589 3080 παντελῶς
1612 3017 1854 3087 ἄμοιροι,

1988 629 2287 681 celebriora
2319 628 2628 696 spectacula
2662 627 2878 681 Thebas
2932 629 3054 682 illas
3120 640 3337 682 centum
3402 632 3570 699 portis

1989 721 2218 789 inclytas
2252 734 2314 772 ac
2379 719 2689 790 pyramide
2749 720 2919 772 fuisse
2979 720 3276 775 audimus:
3335 738 3568 790 quarum

1987 812 2210 865 umbras
2243 812 2357 865 sole
2376 813 2654 866 exoriente
2685 822 2733 864 et
2778 813 3059 866 occidente
3096 813 3208 867 fere
3259 807 3326 867 ad
3363 815 3570 883 aliquot

1986 905 2194 958 dierum
2227 907 2329 958 iter
2374 906 2560 976 projici
2625 909 2821 959 aiunt:
2873 915 2926 959 et
2948 922 3180 974 quarum
3231 923 3338 961 una
3395 923 3568 976 eaque

1985 998 2208 1052 minima
2249 1000 2422 1069 ipsam
2484 999 2770 1066 Memphim
2801 1007 2964 1067 atque
2994 999 3176 1052 omnia
3210 999 3390 1053 vicina
3449 1001 3564 1054 lnezt

1976 1091 2086 1161 jam
2115 1092 2238 1145 inde
2264 1092 2331 1144 ab
2364 1091 2455 1144 illo
2480 1099 2720 1158 tempore
2753 1099 2805 1144 et
2839 1091 3017 1143 adhuc
3064 1099 3256 1145 nostra
3306 1073 3462 1144 aetate
3498 1092 3563 1142 ad

1981 1198 2366 1252 quamcunque
2395 1191 2728 1236 structuram
2781 1198 2885 1235 non
2920 1197 3081 1236 secus
3137 1196 3200 1236 ac
3255 1183 3565 1249 lapidicinis

1980 1277 2057 1330 uti
2097 1274 2362 1335 referunt,
2396 1275 2466 1328 ita
2523 1284 2702 1328 tamen
2742 1285 2796 1328 ut
2829 1290 3106 1344 nunquam
3162 1275 3396 1338 deﬁciat,
3431 1275 3562 1344 quin

1981 1368 2094 1421 imo
2131 1367 2372 1434 intcgris,
2411 1378 2462 1418 ut
2495 1368 2667 1431 aiunt,
2721 1369 3033 1421 civitatibus
3075 1367 3316 1436 vicisque
3378 1383 3442 1422 ex
3498 1384 3564 1422 ca

1980 1461 2315 1518 exstructis.
2375 1459 2459 1512 vix
2523 1459 2774 1525 exiguam
2837 1459 2955 1524 cjus
3023 1459 3348 1527 particulam
3428 1473 3556 1511 con-

1977 1568 2284 1620 sumpsere.
2339 1550 2648 1606 Verisimile
2711 1561 2890 1604 antem
2936 1562 3070 1614 erat,
3116 1551 3431 1620 quicunque
3465 1549 3563 1603 tle-

1978 1661 2126 1698 mnm
2159 1644 2342 1708 fuerit,
2378 1645 2526 1698 illum
2575 1659 2695 1698 cum
2730 1642 2958 1697 Romam
3011 1644 3312 1709 navigaret.
3350 1644 3561 1696 insulas

1979 1751 2039 1788 ac
2061 1736 2322 1791 Graeciam
2357 1736 2583 1790 obiisse.
2619 1735 2728 1790 Nec
2766 1751 2793 1788 a
2821 1751 2947 1788 vero
2994 1736 3251 1788 abhorret
3282 1750 3402 1786 cum
3448 1733 3557 1800 iam

1977 1835 2134 1878 antea
2164 1827 2426 1882 Graeciam
2484 1827 2865 1894 perlustrasse.
2904 1833 2956 1879 et
3004 1825 3225 1878 Grzrcim
3262 1833 3390 1875 tunc.
3421 1834 3559 1875 tent-

1978 1919 2126 1986 poris
2151 1919 2402 1979 ocellum,
2443 1918 2703 1972 Athenas.
2742 1915 2835 1970 Vel
2870 1933 2932 1969 ex
2974 1917 3086 1984 ipsa
3112 1915 3317 1969 Cra-cia
3377 1917 3560 1966 oriun-

1973 2011 2102 2064 dum
2133 2025 2254 2063 esse
2283 2009 2567 2078 oportebat
2595 2025 2609 2071 ;
2635 2024 2809 2075 neque
2831 2008 2984 2060 illum
3012 2008 3076 2060 de
3107 2007 3268 2075 vulgo
3295 2006 3556 2074 aliquem,

1973 2100 2065 2168 qui
2131 2099 2441 2167 hujusmodi
2520 2114 2618 2151 nec
2676 2097 2900 2150 vidisset
2967 2112 3062 2150 nec
3105 2098 3404 2149 audivisset
3457 2111 3555 2148 un-

1972 2206 2134 2260 quam
2170 2232 2184 2253 ,
2223 2194 2317 2246 sed
2374 2190 2660 2256 quemdam
2705 2205 2766 2242 ex
2817 2189 3232 2248 eruditioribus,
3283 2204 3406 2241 cum
3444 2201 3555 2256 quo

1969 2282 2274 2336 litterarum
2359 2281 2752 2335 commercium
2825 2280 2872 2334 ei
2937 2280 3316 2341 intercederet,
3355 2287 3408 2331 et
3460 2275 3551 2346 qui

1972 2369 2088 2438 ipse
2119 2369 2388 2438 ejusmodi
2422 2369 2750 2438 spectaculis
2783 2380 2947 2438 atque
3001 2369 3288 2422 itineribus
3313 2369 3554 2422 delecta-

1968 2473 2140 2514 retur.
2170 2459 2438 2526 Quidnam
2504 2477 2636 2529 ergo
2699 2461 2828 2514 illud
2882 2470 2998 2514 erat
3041 2461 3184 2530 quod
3233 2463 3368 2513 adeo
3424 2477 3548 2514 eum

1970 2561 2149 2620 posset
2185 2551 2496 2620 percellere,
2528 2562 2584 2604 ιιι
2635 2551 2856 2606 Grtecim
2909 2569 3203 2621 rerumque
3229 2553 3280 2606 in
3313 2569 3374 2607 ea
3427 2554 3548 2606 visu

1968 2643 2258 2712 dignarum
2289 2642 2730 2705 oblivisreretur,
2789 2643 2982 2696 videns
3033 2644 3213 2711 qualia
3263 2652 3387 2697 ante
3442 2659 3550 2696 non

1964 2735 2195 2799 viderat,
2222 2744 2276 2787 et
2329 2734 2524 2802 ipsam,
2554 2743 2606 2788 et
2639 2735 2858 2788 relictos
2885 2735 2938 2788 in
2967 2750 3029 2789 ea
3055 2735 3264 2789 amicos
3297 2743 3548 2788 contem-

1963 2833 2119 2879 neret
2151 2863 2165 2885 ,
2205 2840 2268 2878 ac
2298 2825 2516 2879 sibimet
2568 2827 2922 2893 persuaderet
2965 2843 3072 2880 non
3122 2837 3318 2880 terram
3378 2827 3546 2888 illam,

1965 2917 2056 2980 sed
2082 2916 2202 2971 ραιιί
2230 2917 2552 2983 particulam
2583 2918 2876 2986 quamdam
2918 2932 3040 2971 esse
3071 2918 3094 2970 τ
3119 2933 3290 2987 quare
3318 2918 3368 2970 in
3397 2927 3548 2971 utra-

1963 3023 2090 3078 que,
2120 3017 2176 3060 nt
2205 3009 2335 3071 dixi,
2395 3007 2595 3076 lingua,
2655 3009 2892 3062 maxima
2924 3008 2993 3063 de
3036 3023 3098 3062 ea
3159 3010 3369 3076 prodita
3429 3007 3548 3062 fue-

295 3099 523 3153 πλεῖστα
555 3103 684 3172 περὶ
712 3104 880 3176 αὐτῆς
912 3107 1054 3176 ἔχειν
1083 3111 1138 3160 ἐν
1170 3111 1534 3179 συγγραφαῖς.
1588 3110 1728 3162 Ἀλλ’
1752 3111 1860 3178 ἐγὼ

1970 3107 2113 3154 runt.
2161 3098 2303 3164 Quin
2331 3109 2382 3153 et
2417 3097 2684 3152 Barbaros
2731 3099 2898 3168 ipsos,
2958 3107 3311 3168 quotcunque
3342 3099 3550 3153 Iittera'

297 3187 448 3260 ᾤμην
471 3191 654 3246 ταῦτα
678 3194 804 3262 παρ’
837 3196 1059 3250 ἐκείνων
1089 3200 1223 3267 πρὸς
1253 3200 1558 3269 ὑπερϐολὴν
1583 3201 1862 3269 λέγεσθαι·

291 3283 380 3336 νῦν
411 3285 466 3337 δὲ
491 3286 609 3356 ὁρῶ
645 3289 810 3357 μηδὲν
842 3291 977 3359 πρὸς
1011 3293 1317 3364 ὑπερϐολὴν
1349 3295 1603 3366 εἰρῆσθαι
1635 3295 1866 3350 τοιαῦτά

291 3376 388 3428 εἰσι
416 3377 486 3430 τά
519 3379 796 3448 ὁρώμενα.
831 3381 1022 3435 Καίτοι
1057 3386 1332 3454 μεμένηκε
1368 3389 1468 3455 μὲν
1495 3388 1649 3440 οὐδὲν
1677 3387 1864 3457 σχεδὸν

293 3466 427 3519 σῶον
455 3470 514 3521 ὲν
545 3471 709 3541 αὐτῇ,
744 3472 852 3524 οὐδ’
882 3473 948 3527 ἂν
995 3475 1180 3544 εὕροις
1206 3493 1258 3530 τι
1305 3477 1480 3532 ἀθῶον
1513 3481 1866 3534 παντάπασιν

291 3561 577 3629 ιπηρείας,
620 3564 729 3616 τῶν
765 3565 864 3634 μὲν
907 3567 1232 3637 αὐτομάτων
1273 3569 1377 3622 ὑπὸ
1420 3573 1612 3640 χρόνου
1662 3577 1863 3644 κατερ-

292 3654 597 3721 ρυηκότων,
654 3657 764 3709 τῶν
797 3657 852 3708 δὲ
885 3659 1043 3726 χερσί
1088 3678 1247 3714 τινων
1281 3662 1675 3733 βεϐιασμένων.
1714 3667 1865 3734 Συμ-

291 3740 488 3809 δέδηκε
532 3744 644 3813 γὰρ
672 3747 764 3799 καὶ
797 3747 991 3818 ταύτῃ,
1021 3751 1159 3820 ὅπερ
1187 3751 1280 3804 ml
1306 3755 1371 3822 τῇ
1411 3755 1660 3826 ἡμετέρα
1685 3755 1860 3818 πόλει,

291 3833 455 3902 αὐτὴν
492 3836 665 3904 ἑαυτῇ
694 3838 813 3889 ἀντὶ
847 3840 1122 3907 μετάλλων
1155 3843 1250 3895 καὶ
1275 3843 1552 3914 λατομιῶν
1579 3843 1740 3910 εἶναι,
1768 3847 1864 3900 καὶ

289 3923 422 3992 ὅπερ
467 3925 562 3977 ἐπὶ
606 3925 702 3979 τοῦ
751 3931 954 3992 παντὸς
999 3931 1192 3986 τούτου
1243 3933 1495 4004 λέγομεν,
1546 3936 1716 4007 αὐτὴν
1772 3937 1862 4004 ὑφ’

289 4016 479 4086 ἑαυτῆς
513 4018 814 4088 τρέφεσθαι
857 4023 954 4075 καὶ
981 4023 1334 4079 ἀναλοῦσθαι.
1383 4027 1651 4094 Κέκμηκε
1701 4026 1758 4078 δὲ
1788 4025 1864 4090 ὡς

291 4110 459 4160 εἰπεῖν
487 4111 547 4162 ἐν
571 4113 739 4163 πᾶσι⁸
773 4113 1028 4180 φαίνεται
1051 4114 1106 4170 δὲ
1140 4118 1288 4186 ὅμως
1313 4117 1410 4171 καὶ
1444 4118 1502 4169 ὲν
1537 4118 1721 4181 αὐτοῖς
1750 4121 1862 4183 τοῖς

289 4202 548 4269 ἐρειπίοις
579 4205 671 4257 καὶ
704 4205 981 4271 κολωνοῖς,
1011 4203 1098 4260 οἷα
1130 4209 1189 4274 ἐξ
1223 4211 1398 4279 ἀρχῆς
1430 4212 1648 4278 γέγονε,
1681 4211 1775 4264 ml
1800 4211 1862 4265 τὸ

288 4293 392 4344 τῶν
446 4294 779 4365 οἰκοδομιῶν
841 4299 1073 4367 μέγεθος
1104 4301 1200 4352 καὶ
1249 4301 1467 4362 κάλλος.
1507 4302 1572 4354 Τί
1621 4303 1730 4372 γὰρ
1763 4303 1861 4356 οὐκ

287 4377 350 4450 ἦν
376 4386 484 4438 τῶν
514 4390 576 4440 ἐν
607 4387 744 4457 αὐτῇ
768 4390 966 4455 καλόν;
1000 4390 1108 4444 Καὶ
1131 4393 1192 4443 οὐ
1217 4393 1377 4462 μόνον
1406 4394 1738 4464 συγκείμενα
1764 4397 1859 4448 καὶ

1969 3206 2089 3245 rum
2128 3205 2236 3243 non
2262 3190 2418 3258 plane
2464 3199 2718 3258 expertes
2747 3200 2897 3256 sunt,
2958 3190 3193 3260 plurima
3233 3192 3300 3244 de
3349 3191 3438 3244 illa
3491 3192 3546 3246 in

1967 3281 2184 3348 scripti
2220 3281 2418 3335 habere
2453 3280 2728 3334 existimo.
2765 3279 2868 3335 Sed
2905 3295 3005 3350 ego
3057 3282 3151 3351 qui
3204 3281 3318 3334 haec
3350 3280 3416 3334 ad
3449 3279 3550 3350 by-

1965 3355 2223 3440 perbolen
2277 3371 2440 3426 abiis
2490 3371 2596 3426 dici
2659 3372 2940 3440 putabam,
3004 3387 3148 3426 nunc
3194 3372 3330 3424 nihil
3382 3386 3547 3440 supra

1965 3477 2130 3531 quam
2163 3477 2250 3517 res
2286 3463 2447 3518 habet
2474 3462 2581 3516 dici
2627 3464 2784 3517 video
2817 3481 2830 3515 :
2873 3465 3000 3516 talia
3039 3449 3165 3516 sunt
3197 3477 3258 3516 ea
3313 3477 3435 3531 quae
3467 3463 3550 3513 vi-

1965 3554 2182 3608 dentur.
2217 3553 2366 3608 Licet
2407 3553 2540 3607 nihil
2604 3555 2774 3607 ferme
2814 3555 3080 3622 integrum
3135 3553 3451 3620 salvumque
3493 3552 3546 3604 in

1963 3662 2027 3702 ea
2053 3647 2418 3712 remanserit,
2461 3662 2559 3700 nec
2607 3645 2911 3716 quidquam
2962 3645 3188 3698 omnino
3228 3645 3298 3699 ab
3345 3645 3546 3713 injuria

1963 3739 2206 3792 immune
2227 3739 2468 3807 reperire
2491 3737 2651 3793 liceat
2680 3737 2974 3816 :cumglia
2999 3736 3216 3807 quidem
3237 3751 3336 3790 sua
3355 3742 3548 3804 sponte

1964 3845 2076 3900 prae
2105 3830 2366 3898 temporis
2389 3837 2657 3884 vetustate
2683 3829 2943 3896 collapsa,
2973 3827 3076 3881 alia
3107 3826 3377 3880 violentas
3407 3841 3542 3895 (μν-

1967 3921 2213 3974 rumdam
2249 3935 2445 3974 manus
2467 3932 2687 3988 experta
2743 3918 2964 3972 fuerint.
3006 3917 3139 3971 Nam
3174 3927 3229 3971 et
3261 3918 3385 3971 huic
3423 3917 3546 3970 urbi

1965 4009 2105 4064 idem
2123 4014 2266 4080 quod
2297 4022 2500 4078 nostrae
2517 4010 2739 4072 accidit,
2770 4019 2826 4064 ut
2860 4011 2972 4077 ipsa
2996 4009 3098 4064 sibi
3121 4009 3464 4062 metallorum
3485 4022 3548 4061 ac

1967 4103 2384 4176 lapicidinarutp
2425 4103 2544 4157 loco
2567 4112 2710 4155 esset
2751 4117 2765 4154 :
2794 4109 2848 4153 et
2889 4100 3030 4168 quod
3060 4099 3126 4151 de
3156 4099 3410 4152 universo
3445 4099 3549 4153 hoc

1975 4196 2233 4259 (licinius,
2270 4195 2385 4264 ipsa
2411 4209 2439 4246 a
2471 4193 2648 4261 seipsa
2683 4191 2983 4245 nutriretur
3010 4198 3064 4242 et
3109 4197 3544 4243 consumeretur.

1965 4288 2172 4343 Deiecit
2191 4297 2370 4341 autem
2395 4287 2563 4341 t'erme
2586 4285 2639 4339 in
2655 4283 2940 4338 omnibus:
2963 4282 3322 4336 nihilominus
3339 4281 3390 4335 in
3413 4281 3547 4350 ipsis

1966 4383 2132 4438 etiam
2182 4380 2356 4434 ruinis
2385 4395 2448 4434 ac
2479 4379 2769 4434 ruderibus
2797 4384 3041 4447 apparet,
3072 4375 3252 4443 qualis
3283 4373 3548 4442 principio

292 4479 657 4546 συνεστηκότα
679 4473 747 4548 ἦν
772 4480 880 4550 ἄρα
907 4482 1071 4546 καλά,
1093 4484 1228 4537 ἀλλὰ
1251 4486 1341 4536 κα¹ι
1369 4485 1709 4556 διαιρεθέντα
1734 4487 1865 4542 καλὰ

1982 4477 2165 4542 fuerit,
2189 4485 2303 4530 tum
2333 4484 2730 4530 structurarum
2764 4474 3150 4543 magnitudnet
3179 4471 3545 4541 pulchritudo.

291 4570 534 4632 φαίνεται
563 4585 579 4598 ·
620 4565 730 4622 οἷον
763 4570 1017 4639 σώματος
1041 4573 1164 4626 ὅλου
1196 4572 1386 4638 καλοῦ,
1412 4577 1534 4645 χεὶρ
1561 4574 1593 4644 ἢ
1639 4575 1793 4638 ποῦς,
1821 4576 1854 4646 ἢ

291 4661 488 4732 κεφαλὴ
512 4661 658 4730 καλή
681 4677 696 4692 ⁸
724 4666 815 4715 καὶ
836 4663 1073 4731 μεγάλου
1102 4663 1354 4734 σώματος
1379 4665 1612 4718 ἕκαστον
1631 4665 1737 4717 τῶν
1763 4682 1857 4732 με·

289 4749 384 4800 λῶν
409 4754 578 4821 μέγα.
606 4753 720 4806 Οὐκ
751 4753 905 4821 ὀλίγα
925 4753 981 4806 δὲ
1003 4756 1180 4807 αὐτῶν
1205 4757 1298 4809 καὶ
1319 4758 1396 4826 τῷ
1428 4757 1664 4827 πλείστῳ
1697 4755 1856 4825 μέρει

293 4846 587 4912 μεμένηκε.
621 4846 730 4898 Καὶ
758 4846 927 4898 πολλὰ
966 4847 1023 4899 δὲ
1054 4846 1162 4899 τῶν
1195 4850 1254 4900 ὲν
1283 4851 1349 4917 τῇ
1393 4849 1602 4903 Ἐλλάδι
1634 4848 1856 4916 γεγονό-

289 4948 410 4997 των,
446 4937 522 4998 ῶς
581 4936 792 4988 ἔνεστιν
845 4938 952 4990 ἀπὸ
999 4939 1109 4991 τῶν
1161 4941 1218 4992 έν
1277 4941 1459 5000 αὐτοῖς
1513 4940 1856 5008 γραμμάτων

293 5023 432 5087 ἰδεῖν,
465 5029 526 5078 ὲν
579 5029 718 5097 αὐτῇ
748 5027 1023 5080 δείκνυται
1048 5044 1062 5059 ο
1095 5030 1271 5091 κίονες
1319 5031 1413 5082 καὶ
1451 5030 1588 5082 λίθοι
1616 5047 1855 5099 περιφα-

286 5117 411 5180 νεῖς,
444 5120 544 5172 καὶ
577 5123 771 5188 στῆλαι
807 5122 903 5173 καὶ
925 5121 1242 5189 ἀγάλματα,
1268 5123 1362 5174 ml
1391 5121 1726 5189 ἀνδριάντες,
1761 5121 1857 5174 καὶ

288 5208 590 5278 γράμματα
651 5212 883 5264 πλεῖστα
932 5211 1224 5281 Ἑλληνικά
1279 5213 1372 5267 τοῦ
1423 5213 1711 5266 καλλίστου
1760 5215 1856 5267 καὶ

289 5299 514 5367 ἀρχαίου
563 5301 760 5356 τύπου.
823 5303 1002 5357 Πολλά
1048 5306 1104 5359 δὲ
1136 5307 1227 5358 ml
1272 5307 1396 5374 τῇδε
1449 5307 1504 5357 ἐν
1541 5307 1675 5376 αὐτῇ
1726 5308 1856 5376 παρ’

299 5389 564 5462 Ἐλλήνων
595 5396 845 5464 γέγονεν,
879 5397 954 5459 ὡς
992 5398 1201 5464 ἔξεστιν
1238 5400 1344 5453 ἀπὸ
1384 5401 1492 5452 τῶν
1529 5400 1857 5470 ἐπιγραφῶν

292 5478 414 5534 ἰδεῖν
436 5501 449 5514 ’
483 5485 579 5537 καὶ
610 5485 861 5552 φαίνεται
893 5487 1020 5550 τούς
1041 5506 1099 5541 τε
1132 5489 1352 5550 πολίτας
1379 5490 1569 5557 αὐτῆς,
1600 5490 1674 5551 ὡς
1705 5490 1856 5559 παρὰ

288 5569 390 5623 τῶν
437 5577 691 5646 ἱστοριῶν
741 5580 1037 5649 ἁκούομῖν,
1087 5583 1291 5651 σφόδρα
1349 5585 1459 5643 τοῖς
1519 5582 1855 5649 Ἑλληνικοῖς

289 5663 535 5731 ἥδεσθαι,
589 5673 681 5724 καὶ
717 5673 1001 5736 πλείστους
1034 5675 1138 5726 τῶν
1170 5676 1450 5744 ἡμετέρων
1494 5676 1764 5747 ’Έλληνας
1799 5680 1854 5730 ἐν

294 5755 423 5825 αὐτῇ
458 5761 724 5824 γενέσθαι.
760 5805 765 5808 ρ

1964 4570 2103 4637 Quid
2149 4569 2294 4623 enim
2319 4569 2372 4620 in
2397 4581 2459 4620 ea
2486 4581 2594 4618 non
2629 4564 2912 4634 pulchrum
2955 4562 3100 4616 fuit?
3132 4561 3244 4616 Nec
3265 4561 3440 4616 solum
3462 4561 3548 4613 in-

1963 4671 2110 4730 tegra
2139 4670 2192 4714 et
2213 4660 2500 4727 conjuncta
2521 4657 2746 4726 pulchra
2767 4666 2938 4720 erant,
2959 4654 3054 4710 sed
3078 4655 3304 4720 disjecta
3331 4665 3548 4720 quoque

1962 4768 2027 4807 ac
2072 4753 2244 4807 divisa
2278 4751 2503 4820 pulchra
2537 4757 2823 4817 apparent.
2851 4745 3325 4814 Quemadmodum
3359 4745 3410 4796 in
3465 4745 3547 4795 in-

1964 4853 2117 4914 tcgro
2137 4858 2372 4913 corpore
2413 4842 2645 4912 pulchro
2703 4855 2898 4894 manus
2944 4839 3028 4894 vel
3080 4853 3214 4908 pes,
3247 4837 3333 4891 vel
3385 4839 3548 4905 caput

1964 4937 2250 5005 pulchrum
2275 4945 2357 4989 est
2384 4951 2399 5000 ;
2436 4943 2492 4987 et
2523 4935 2574 4986 in
2617 4947 2815 5001 magno
2866 4946 3092 5000 corpore
3121 4929 3546 5001 unmnquodque

1966 5028 2268 5082 membrum
2302 5041 2583 5094 magnum.
2627 5025 2732 5078 Sed
2783 5039 2889 5076 non
2926 5037 3097 5090 pauca
3146 5024 3338 5075 horum
3383 5025 3544 5074 etiam

1964 5120 2201 5174 maxima
2228 5119 2311 5172 sui
2340 5127 2493 5188 parte
2540 5124 2960 5171 remanserunt:
2989 5119 3102 5169 titm
3161 5114 3328 5168 multa
3356 5129 3544 5167 eorum

1963 5228 2081 5282 quae
2115 5212 2166 5264 in
2203 5210 2412 5265 Graecia
2443 5210 2571 5264 olim
2599 5209 2883 5270 exstitere,
2917 5215 3058 5262 utex
3090 5205 3544 5274 inscriptionibus

1965 5306 2150 5359 videre
2205 5303 2353 5366 licet,
2415 5303 2470 5357 in
2504 5318 2568 5356 ea
2631 5304 2929 5357 visuntur:
2994 5302 3284 5361 columnae,
3327 5296 3538 5364 lapides

1962 5396 2170 5458 eximii,
2209 5407 2423 5459 statuae,
2494 5396 2675 5463 signa,
2711 5393 2995 5460 imagines,
3043 5391 3399 5457 plmimagque
3454 5388 3539 5440 in-

1964 5490 2290 5557 scriptiones
2335 5489 2557 5551 Graecte,
2606 5484 2986 5555 pulcherrima!
3035 5497 3098 5534 ac
3147 5481 3346 5533 veteris
3376 5490 3535 5536 noue.

1963 5583 2128 5636 Multa
2153 5596 2370 5650 quoque
2395 5580 2481 5633 hic
2513 5581 2563 5632 iu
2607 5580 2726 5646 ipsa
2776 5575 2910 5628 urbe
2973 5588 3001 5626 a
3033 5572 3236 5626 Grmeis
3285 5570 3424 5624 facta
3459 5570 3540 5622 Γυ-

1963 5658 2074 5738 ere,
2113 5684 2173 5729 ut
2197 5691 2260 5728 ex
2295 5671 2744 5740 inscriptionibus
2769 5667 2950 5721 videre
2981 5673 3086 5719 est.
3122 5665 3182 5716 Et
3218 5664 3363 5717 cives
3394 5663 3535 5729 ejus,

1964 5785 2020 5823 ut
2051 5787 2146 5822 ex-
2189 5767 2430 5821 historiis
2485 5761 2886 5832 cognoscimus,
2950 5760 3301 5814 vehementer
3372 5760 3535 5811 rebus

293 5847 488 5920 Graecis
544 5856 706 5908 fuisse
739 5857 1050 5919 delectatos,
1083 5859 1448 5929 plurimosque
1499 5868 1808 5916 nostrorum
1873 5863 2188 5918 Graecorum
2245 5863 2294 5914 in
2356 5873 2419 5913 ea
2453 5857 2652 5910 vixisse
2719 5862 2964 5921 apparet-
