4014 6214
521 304 593 377 27
933 318 937 322 ’
1685 321 1737 380 Μ
1748 323 1844 383 ΑΝ
1857 322 2083 386 UELIS
2132 328 2660 393 CHRYSOLORIE
3722 348 3793 407 23

593 422 795 476 Verum
846 439 953 477 non
985 439 1117 493 opes,
1145 427 1319 480 Solum
1377 438 1431 482 et
1486 431 1885 498 dexteritatem,
1945 446 2096 507 atque

2284 442 2358 496 Οὐ
2396 443 2557 513 μόνον
2608 445 2665 499 δὲ
2703 446 2795 500 τὸν
2849 447 3081 505 πλοῦτον
3120 454 3212 507 xui
3261 452 3362 525 τὴν
3414 456 3793 529 πολυχειρίαν,

521 514 838 577 artificium,
878 525 971 569 aut
1004 516 1047 570 si
1083 518 1218 571 velis
1247 519 1673 590 magnitudinem
1728 541 1793 580 ac
1840 530 2099 594 majesta-

522 615 651 669 tem,
686 616 797 659 tum
831 608 993 661 etiam
1029 610 1401 678 prudentiam,
1431 615 1804 680 splendorem.
1826 629 1880 672 et
1914 621 2096 674 luxum

522 706 683 764 atque
730 697 1115 767 profusmneuh
1151 700 1300 755 urbis
1330 718 1393 755 ex
1439 704 1589 759 hisce
1646 718 2095 773 statuarum,co-

520 787 849 849 lnmnarum,
910 792 1288 856 sepulcrorum
1341 804 1504 865 atque
1558 799 1913 856 aedificiorum
1968 804 2097 857 reli-

470 872 473 875 ’
518 879 663 945 quiis
689 883 999 949 perspicere
1054 884 1213 938 licet:
1259 887 1354 939 sed
1391 900 1441 940 et
1486 892 1930 958 superstitionem
1977 894 2098 962 ejus

516 979 568 1022 et
599 971 1125 1038 magnanimitatem,
1174 985 1227 1027 et
1280 977 1663 1042 ambitionem,
1720 989 1835 1033 tum
1879 992 2099 1039 senten-

514 1062 669 1125 tiam,
706 1061 988 1126 victorias,
1023 1071 1187 1132 atque
1240 1068 1549 1122 universam
1580 1071 1916 1135 felicitatem.
1970 1075 2097 1128 item

515 1154 829 1220 imperium,
896 1154 1190 1224 dignitates
1241 1168 1296 1213 et
1350 1175 1632 1216 armorum
1684 1164 2097 1232 peritiam.Nam

511 1260 619 1299 non
652 1245 828 1299 solum
889 1246 1152 1304 sublimes
1202 1252 1553 1321 aqmeductus
1582 1270 1611 1309 e
1646 1255 1943 1325 longinquo
1997 1257 2099 1313 ad-

510 1347 794 1391 ventantes
818 1338 1002 1393 videre
1032 1341 1176 1407 licet,
1213 1355 1264 1396 et
1286 1360 1568 1400 murorum
1606 1349 1951 1412 crassitiem,
1985 1361 2096 1406 tum

510 1431 775 1498 porticus,
836 1425 1127 1500 regiasque
1180 1433 1345 1508 :edes,
1407 1444 1461 1488 ct
1530 1438 1734 1498 curias.
1766 1451 1819 1493 et
1861 1438 2003 1504 lora,
2045 1450 2102 1499 et

511 1521 773 1586 thermas,
798 1531 852 1577 et
886 1524 1095 1577 lbeatrn
1128 1525 1196 1578 ob
1228 1540 1542 1583 numerum.
1588 1538 1638 1579 et
1668 1530 2098 1598 magnitudinem

510 1626 674 1683 atque
715 1618 1182 1687 pulchritudinem
1224 1619 1561 1686 constiieua:
1610 1634 1796 1673 verum
1819 1630 1872 1674 et
1900 1622 2100 1691 tempia

509 1704 793 1770 splendida
821 1706 985 1760 multa
1019 1717 1073 1761 et
1126 1707 1452 1776 frequentia.
1486 1710 1591 1763 alia
1642 1710 1765 1764 aliis
1822 1713 2102 1782 cognomi-

2204 533 2303 584 xui
2358 533 2460 603 τὴν
2513 535 2732 607 τέχνην,
2788 538 2838 592 ει
2893 540 2950 593 δὲ
3003 542 3184 611 βούλει
3217 545 3280 598 τὸ
3321 546 3554 615 μέγεθος
3605 552 3794 605 καὶτὸ

2207 624 2451 694 ἀξίωμα,
2483 628 2565 680 ἔτι
2599 628 2656 682 δὲ
2689 629 2748 683 τὸ
2791 631 3047 703 φρόνημα
3082 637 3179 689 xui
3218 637 3317 708 τὴν
3349 640 3668 705 φιλοκαλίαν
3701 646 3795 699 xui

2204 714 2484 786 ἁϐρότητα
2512 720 2605 773 xui
2636 721 2994 778 πολυτέλειαν
3018 726 3114 793 τῆς
3134 728 3365 794 πόλεως,
3389 731 3537 784 εστιν
3555 733 3664 786 ἀπὸ
3681 734 3793 788 τῶν

2204 804 2473 874 λειψάνων
2489 809 2702 865 τούτων
2719 814 2829 866 τῶν
2849 816 3210 886 ἀνδριάντων,
3232 822 3325 873 καὶ
3348 823 3563 885 κιόνων,
3585 826 3680 877 καὶ⁵
3694 826 3792 879 τά-

2205 913 2341 965 φων,
2364 901 2461 953 xui
2477 902 2942 972 οίκοδομῶνίδεῖν,
2965 908 3102 963 ἀλλά
3126 911 3221 964 xui
3245 911 3345 982 τὴν
3362 913 3789 985 δεισιδαιμονίαν

2200 989 2391 1077 αύτῆς,
2426 992 2524 1046 καὶ
2569 994 2669 1067 τὴν
2698 998 3134 1072 μεγαλοψυχίαν,
3172 1007 3269 1060 xui
3319 1006 3656 1077 φιλοτιμίαν,
3692 1014 3787 1064 καὶ
3817 1028 3819 1031 ‘

2198 1076 2299 1147 τὴν
2327 1079 2578 1152 γνώμην,
2619 1085 2715 1139 xui
2749 1087 2850 1150 τὰς
2878 1088 3056 1155 νίκας,
3101 1095 3196 1145 xui
3236 1093 3337 1164 τὴν
3380 1076 3567 1152 πᾶσαν
3607 1099 3786 1153 εὑδαιο

2202 1172 2427 1240 μονίαν,
2454 1178 2549 1230 xui
2597 1177 3056 1251 ἠγεμονίανηκαὶ
3099 1181 3279 1252 ἀξίαν,
3320 1190 3411 1240 xui
3450 1190 3551 1260 τὴν
3583 1192 3642 1243 ἐν
3674 1193 3787 1256 τοῖς

2199 1264 2388 1328 ὅπλοις
2408 1270 2627 1339 πεῖραν.
2653 1270 2727 1322 Οὐ
2746 1272 2855 1341 γάρ
2879 1274 3042 1342 μόνον
3066 1277 3318 1346 ἀγωγοὺς
3338 1279 3545 1331 ὑδάτων
3562 1283 3782 1350 ἀερίους

2201 1354 2413 1420 ἔξεστιν
2436 1360 2568 1431 ὁρᾷν
2593 1361 2879 1432 πόρρωθεν
2900 1364 3235 1437 ἐρχομένων,
3265 1370 3359 1422 xui
3377 1373 3573 1439 τειχῶν
3592 1373 3777 1439 ὄγκον,

2202 1450 2294 1501 xui
2327 1449 2521 1515 στοῶν,
2560 1454 2655 1506 xui
2695 1454 3002 1523 βασιλείων,
3036 1461 3129 1512 xui
3155 1459 3583 1533 βουλευτηρίων,
3618 1465 3699 1517 ἔτι
3724 1469 3784 1519 δὲ

2204 1539 2437 1610 ἀγορῶν,
2479 1545 2575 1597 xui
2628 1543 2947 1614 βαλανείων,
2990 1552 3086 1604 xui
3142 1551 3387 1622 θεάτρων
3429 1555 3637 1625 πλῆθός
3693 1575 3778 1623 τε,

2203 1634 2300 1685 xui
2340 1634 2594 1702 μέγεθος,
2628 1638 2725 1691 xui
2748 1638 2964 1703 κάλλος,
2999 1642 3133 1695 ἀλλά
3162 1644 3255 1696 xui
3280 1644 3413 1709 νεὼς
3455 1651 3783 1716 περιφανεῖς

2204 1724 2439 1790 πολλοὺς
2485 1730 2580 1808 καὶ
2626 1734 2892 1800 συνεχεῖς,
2929 1734 3126 1798 ἄλλους
3153 1736 3252 1790 ἀπ’
3283 1738 3451 1807 ἄλλης
3508 1757 3784 1808 προσηγο-

511 1796 673 1850 nibus
712 1798 1007 1866 insignita:
1053 1800 1179 1850 item
1216 1800 1361 1860 fana,
1418 1802 1597 1870 signa.
1627 1801 1915 1873 imagines,
1941 1804 2096 1860 delu-

2205 1816 2327 1885 ρίας
2371 1796 2819 1889 ὠνομασμένους,
2858 1796 2953 1876 xui
3004 1796 3147 1895 ίερά,
3178 1828 3271 1880 xu't
3326 1796 3638 1896 ἀγάλματα,
3673 1796 3783 1884 ’καὶ

514 1888 613 1941 bra
644 1897 696 1941 et
724 1898 934 1942 statuas
966 1900 1206 1942 veterum
1245 1891 1461 1944 illorum
1502 1904 1555 1945 et
1601 1893 1901 1947 illustrium
1960 1895 2101 1949 viro-

510 1972 654 2043 rum,
684 1980 751 2033 ob
787 1981 976 2034 merita
1025 1996 1149 2051 erga
1178 1981 1451 2037 civitatem
1509 1998 1575 2035 ex
1628 1984 1846 2052 publico
1871 1988 2097 2054 positas,

508 2074 587 2128 uti
632 2074 793 2128 etiam
849 2076 1066 2129 virtutis
1123 2085 1502 2137 inouumenta,
1554 2093 1831 2146 arcusque
1904 2082 2099 2135 trium-

506 2168 695 2236 phales
763 2169 814 2221 in
900 2168 1298 2237 triumphorum
1375 2178 1428 2222 et
1485 2184 1805 2238 pomparum
1882 2172 2096 2226 illarum

510 2261 831 2314 memoriam
872 2268 1216 2316 eunstrnrtos
1248 2279 1260 2314 :
1299 2261 1500 2329 quibus
1538 2261 1725 2330 praelia
1754 2262 1898 2331 ipsa,
1940 2280 2100 2319 man-

507 2353 689 2422 cipia,
747 2352 919 2421 spolia
977 2362 1030 2407 et
1106 2353 1439 2406 mteniornm
1510 2354 1945 2424 expugnationes
2010 2357 2092 2409 in-

505 2444 720 2512 sculpta
772 2453 921 2499 sunt.
946 2444 1355 2500 Sacrificiorum
1410 2455 1694 2515 praatcrea,
1729 2447 2096 2512 victimarum,

506 2538 761 2592 altarium
799 2549 852 2592 et
893 2538 1250 2595 donariorum
1307 2541 1642 2608 Sculpturas.
1702 2539 1782 2594 Atl
1839 2540 1954 2594 lucc
1989 2550 2095 2595 tam

507 2629 732 2684 navales
785 2646 950 2698 quum
1016 2630 1300 2698 pedestres
1328 2641 1383 2685 et
1440 2639 1726 2699 equestres
1781 2647 2011 2700 pugnas,
2042 2642 2097 2685 et

507 2729 565 2772 ut
596 2721 670 2773 ita
701 2720 900 2787 dicam,
940 2721 1313 2790 quodcunque
1360 2722 1580 2776 tandem
1649 2737 1844 2790 pugnae
1894 2722 2099 2777 instru-

504 2824 821 2866 mentorum
888 2826 1279 2880 armorumque
1352 2827 1570 2881 genus:
1643 2812 1772 2865 item
1822 2812 2085 2868 subactos

506 2904 805 2973 principes,
833 2902 1015 2958 Medos
1061 2904 1202 2958 forte
1231 2902 1325 2958 vel
1386 2900 1607 2968 Persas,
1638 2905 1721 2958 vel
1765 2902 1970 2971 Iberos,
2002 2912 2099 2959 aut

504 2998 710 3066 Gallos,
749 2998 1075 3070 Assyriosve
1133 3014 1236 3055 suo
1281 3014 1554 3069 quemque
1614 3000 1801 3054 habitu
1834 3017 1847 3052 :
1875 2983 2097 3069 genios-

503 3108 612 3159 que
648 3094 904 3147 subactas
945 3101 999 3146 et
1049 3092 1451 3161 triumphantes
1515 3092 1580 3145 de
1628 3092 1817 3146 iisdem
1856 3092 2091 3159 impeta-

505 3191 675 3235 tores.
704 3181 843 3234 ltem'
861 3196 1059 3235 currus
1092 3190 1145 3233 et
1183 3181 1478 3249 quadrigas
1516 3196 1645 3233 cum
1713 3181 1941 3248 aurigis,
1978 3190 2091 3237 tum
2121 3156 2167 3215 (δ

502 3272 798 3339 stipatores
847 3287 910 3326 ac
951 3276 1355 3341 subsequentes
1404 3275 1683 3341 satellites,
1713 3291 1813 3329 nec
1870 3289 2098 3332 nonan-

505 3363 811 3417 tectzdentia
835 3364 1008 3431 spolia
1038 3366 1220 3418 omnia
1255 3376 1517 3436 tanquam
1560 3366 1678 3420 viva
1712 3367 1765 3420 in
1808 3366 2096 3436 eﬂ‘igiebns

505 3458 713 3523 videre,
734 3467 787 3512 et
846 3458 975 3526 quid
1031 3464 1461 3530 unumquodque
1514 3460 1684 3515 fuerit
1705 3477 1769 3513 ex
1821 3458 2096 3525 adjunctis

504 3550 708 3604 litteris
738 3550 1065 3615 dignoscere
1106 3551 1253 3605 licet.
1293 3550 1363 3606 Ut
1424 3552 1721 3607 manifeste
1770 3561 1936 3621 queat
1974 3567 2096 3621 per-

506 3643 672 3711 Spici,
711 3643 917 3712 quibus
940 3642 1130 3706 arn‘is,
1155 3660 1374 3713 quoque
1402 3644 1590 3700 habitu
1624 3644 1751 3699 olim
1786 3653 2094 3705 uterentur,

508 3736 709 3802 quibus
788 3734 1167 3804 magistratum
1216 3736 1547 3807 insignibus,
1608 3737 1807 3805 quibus
1853 3736 2092 3790 acierutn

501 3825 965 3900 .igstructionibus
994 3835 1048 3879 et
1085 3829 1301 3896 pugnis,
1336 3828 1608 3899 queisque
1633 3830 1799 3883 urbes
1825 3827 2084 3881 obsideo-

507 3923 561 3975 di
593 3932 647 3976 et
673 3932 854 3977 castra
885 3923 1124 3976 metandi
1153 3923 1329 3977 modis
1366 3937 1380 3974 :
1416 3922 1616 3991 quibus
1664 3922 1905 3990 denique
1929 3936 2094 3974 orna-

510 4014 709 4070 mentis
741 4024 794 4069 et
815 4029 926 4083 qtro
955 4014 1154 4069 amictu
1188 4014 1395 4069 militia:
1425 4016 1504 4069 vel
1531 4014 1701 4080 domi,
1750 4012 1804 4067 in
1832 4012 2093 4076 comitiis,

508 4107 595 4160 vel
627 4108 679 4161 in
737 4117 955 4173 senatu,
1011 4108 1098 4161 vel
1147 4109 1310 4161 etiam
1376 4107 1431 4161 in
1499 4107 1662 4161 foro:
1714 4106 1768 4159 in
1836 4112 2006 4165 terra,
2039 4104 2093 4157 in

511 4199 649 4251 mari
704 4198 806 4253 iter
838 4197 1121 4262 facientes,
1150 4197 1233 4253 vel
1275 4199 1616 4267 navigantes,
1649 4197 1765 4251 sive
1819 4196 1968 4265 operi
2017 4192 2098 4247 fa-

511 4291 733 4355 ciendo,
766 4292 883 4344 sive
910 4290 1131 4356 corpori
1163 4288 1470 4343 exercendo
1499 4288 1718 4353 intenti,
1772 4285 1889 4339 sive
1934 4285 2095 4338 ludos

512 4392 847 4452 spectantes,
871 4384 985 4435 sive
1017 4381 1067 4434 iu
1095 4381 1473 4441 concionibus,
1498 4380 1614 4432 sive
1651 4377 1702 4429 in
1734 4375 1986 4437 oﬂicinis,
2015 4375 2095 4429 id-

2206 1906 2555 1975 ἀνδριάντας,
2611 1912 2707 1963 καὶ
2743 1915 2969 1982 τεμένη,
3014 1919 3108 1970 xui
3143 1920 3349 1983 στήλας
3383 1922 3491 1974 τῶν
3536 1924 3782 1975 παλαιῶν

2205 1997 2432 2051 ἐκείνων
2459 2001 2552 2053 καὶ
2581 2005 2902 2072 περιφανῶν
2927 2006 3158 2076 ἀνδρῶν,
3194 2010 3248 2060 εί
3282 2026 3365 2071 τις
3394 2011 3537 2079 ὑπὲρ
3561 2014 3658 2082 τῆς
3689 2016 3783 2066 πόα

2204 2086 2338 2161 λεώς
2370 2106 2424 2141 τι
2458 2090 2773 2163 εἴργασται,
2810 2096 3040 2161 ἐκείνοις
3070 2098 3220 2168 παρὰ
3254 2101 3346 2153 τοῦ
3399 2102 3658 2171 δημοσίου
3691 2121 3784 2169 γε-

2202 2179 2457 2248 νομένας,
2488 2186 2583 2235 xui
2611 2184 2879 2254 ἀριστεῖα,
2908 2187 3001 2241 καὶ
3034 2188 3283 2258 γεφύρας
3316 2189 3674 2259 θριαμϐικὰς,
3701 2193 3781 2255 είς

2205 2270 2505 2342 ὑπόμνημα
2534 2275 2646 2328 τῶν
2677 2277 2965 2348 θριάμϐων
3015 2279 3241 2334 ἐκείνων
3273 2281 3365 2334 xui
3398 2282 3507 2335 τῶν
3544 2284 3783 2353 πομπῶν

2204 2364 2606 2435 πεποιημένας,
2640 2367 2826 2421 αὐτῶν
2857 2369 2964 2422 τῶν
3000 2370 3272 2441 πολέμων,
3307 2373 3403 2425 xui
3432 2373 3539 2426 τῶν
3568 2375 3781 2443 αἱχμαυ

2199 2453 2410 2520 λώτων,
2453 2460 2547 2510 xui
2598 2459 2706 2512 τῶν
2761 2459 3046 2532 λαφύρων,
3094 2463 3190 2515 xui
3248 2463 3358 2516 τῶν
3411 2464 3784 2534 τειχομαχιῶν

2202 2547 2722 2619 ἑγκεκολαμμένων,
2769 2552 2849 2604 ἔτι
2884 2553 2939 2605 δὲ
2982 2553 3196 2623 ἱερείων
3225 2555 3284 2608 ὲν
3336 2553 3528 2615 αὐταῖς
3560 2558 3653 2609 xui
3688 2554 3785 2608 θυ-

2202 2640 2334 2690 σιῶν
2373 2641 2466 2693 xui
2509 2640 2710 2711 βωμῶν
2737 2642 2952 2713 γλυφάς
2988 2646 3082 2697 xui
3130 2645 3519 2714 ἀναθημάτων.
3554 2648 3698 2709 "pic
3724 2648 3783 2700 δὲ

2199 2729 2418 2792 τούτοις
2465 2735 2800 2802 ναυμαχίας,
2837 2734 2933 2787 xui
2987 2733 3357 2805 πεζομαχίας,
3388 2737 3483 2790 xui
3536 2740 3781 2808 ἱππομαο

2200 2821 2349 2891 χίας,
2386 2824 2479 2875 xui
2509 2825 2619 2875 πᾶν
2647 2821 2806 2887 εἶδος,
2843 2826 2918 2888 ὼς
2947 2827 3145 2891 εἰπεῖν,
3172 2827 3377 2897 μάχης,
3404 2830 3498 2880 καὶ
3530 2848 3783 2900 μηχσινη⁸

2205 2913 2394 2979 μάτων
2414 2930 2472 2965 τε
2502 2916 2593 2967 xui
2627 2916 2827 2979 ὃπλων,
2856 2921 2952 2974 xui
2989 2920 3111 2980 τοὺς
3137 2918 3488 2990 ὑπηγμένους
3512 2920 3776 2985 δυνάστας

2188 2998 2419 3072 Μήδους
2451 3006 2628 3075 τυχὸν,
2662 3006 2694 3074 ἢ
2732 3008 2963 3077 Πέρσας,
3000 3008 3032 3077 ἦ
3075 3009 3324 3079 Ἴϐηρας,
3359 3010 3389 3075 ἦ
3443 3011 3703 3076 Κελτοὺς,
3739 3012 3771 3078 ἢ

2213 3094 2556 3162 Ἀσσυρίους,
2589 3098 2732 3152 κατὰ
2779 3102 2876 3170 τὴν
2918 3101 3097 3155 αὐτῶν
3141 3102 3335 3171 στολὴν
3384 3102 3647 3166 ἑκάστους
3681 3104 3776 3156 xui

2198 3182 2266 3235 τὰ
2294 3185 2668 3254 δεδουλωμένα
2696 3188 2851 3255 γένη,
2896 3190 2990 3241 xui
3030 3192 3156 3252 τοὺς
3196 3191 3639 3261 θριαμϐεύοντας
3682 3193 3775 3246 hri

2196 3270 2407 3334 τούτοις
2436 3277 2805 3351 στρατηγοὺς,
2835 3278 3011 3329 καὶτὸ
3042 3278 3218 3347 ἇρμα,
3254 3283 3349 3332 xui
3374 3282 3442 3331 τά
3469 3280 3769 3353 τέθριππα,

2196 3362 2449 3425 καὶτοὺς
2495 3366 2746 3435 ἡνιόχους
2793 3367 2888 3420 xui
2939 3368 3065 3430 τοὺς
3108 3370 3465 3440 δορυφόρους,
3502 3373 3599 3425 xui
3645 3376 3772 3437 τοὺς

2197 3454 2502 3522 ἑπομένους
2532 3456 2820 3524 λοχαγοὺς,
2843 3459 2936 3511 xui
2958 3458 3025 3512 τά
3055 3461 3314 3529 προῐόντα
3337 3461 3532 3528 σκῦλα,
3560 3464 3777 3518 ἅπαντα

2197 3544 2402 3597 ὡσανεὶ
2420 3544 2598 3608 ζῶντα
2625 3549 2719 3600 ἐπὶ
2746 3550 2854 3602 τῶν
2884 3548 3110 3603 εἰκόνων
3141 3550 3286 3603 ἔστιν
3322 3551 3471 3617 ἰδεῖν,
3512 3556 3607 3606 xui
3639 3572 3779 3608 συν·

2202 3640 2344 3690 εἶναι
2372 3640 2424 3690 τί
2458 3638 2690 3693 ἕκαστον
2734 3634 2803 3711 ἦν
2831 3640 2920 3694 διὰ
2952 3641 3062 3694 τῶν
3094 3644 3151 3696 ὲν
3181 3643 3364 3703 αὐτοῖς
3399 3644 3777 3713 γραμμάτωνο

2198 3730 2341 3784 ὥστε
2370 3731 2637 3785 δύνασθαι
2673 3734 2862 3799 σαφῶς
2893 3734 3028 3804 ὀρᾷν
3068 3735 3177 3787 τίσι
3214 3734 3315 3805 μὲν
3344 3735 3553 3800 ὅπλοις,
3582 3738 3780 3802 τίσιδὲ

2200 3820 2416 3883 στολαῖς
2448 3822 2690 3892 ἐχρῶντο
2736 3824 2797 3876 τὸ
2826 3823 3073 3889 παλαιὸν,
3100 3825 3209 3878 τίσι
3235 3825 3293 3879 δὲ
3343 3827 3639 3896 ἐπισήμοις
3669 3830 3779 3882 τῶν

2196 3911 2403 3981 ἀρχῶν,
2429 3914 2642 3978 ὁποίαις
2672 3915 2729 3969 δὲ
2768 3917 3135 3987 παρατάξεσι,
3165 3918 3258 3970 καὶ
3298 3917 3527 3987 μάχαις,
3559 3922 3654 3971 xui
3680 3936 3779 3973 uo-

2198 4003 2490 4073 λιορκίαις,
2527 4007 2624 4059 xui
2657 4009 3045 4077 στρατοπέδοις
3065 4026 3080 4042 ο
3113 4009 3223 4063 τίσι
3254 4010 3311 4063 δὲ
3344 4012 3449 4080 ἄρα
3480 4012 3511 4081 ἢ
3542 4011 3777 4079 θέσεσιν,

2196 4097 2230 4168 ἢ
2261 4099 2601 4167 περιϐολαῖς,
2639 4103 2752 4154 εἴτε
2787 4105 2879 4156 ἐπὶ
2904 4104 3214 4172 στρατείας,
3243 4105 3357 4158 είτε
3392 4105 3553 4167 οἴκοι,
3588 4107 3695 4158 εἴτε
3720 4110 3782 4160 ὲν

2198 4188 2547 4258 ἐκκλησίαις,
2586 4194 2694 4245 εἴτε
2733 4196 2789 4247 ὲν
2822 4193 3212 4266 βουλευτηρίῳ,
3253 4198 3360 4249 εῐτε
3395 4197 3517 4250 κατ’
3548 4199 3779 4268 ἀγοράν,

2198 4279 2310 4332 εἴτε
2344 4285 2400 4334 ἐν
2430 4285 2524 4353 γῇ,
2554 4283 2665 4335 εῐτε
2689 4285 2744 4337 ὲν
2770 4285 3031 4357 θαλάττῃ,
3062 4288 3173 4341 εἴτε
3207 4289 3635 4358 ὁδοιποροῦντες,
3665 4290 3779 4343 εἴτε

2199 4372 2478 4438 πλέοντες,
2512 4375 2620 4428 εἴτε
2660 4377 2973 4441 τ.ονοῧντες,
2999 4378 3109 4432 εἴτε
3139 4381 3460 4445 ἀσκοῦντες,
3502 4381 3614 4433 εἴτε
3644 4380 3783 4433 θεώ-

512 4492 619 4543 qne
659 4474 957 4530 secundum
990 4473 1236 4526 diversos
1286 4471 1570 4525 nationum
1606 4467 1922 4532 ritus.Quos
1962 4465 2089 4519 dum

2203 4482 2379 4535 μενοι,
2417 4466 2529 4519 εἴτε
2574 4469 2631 4520 ἐν
2674 4470 3075 4540 πανηγύρεσιν,
3110 4473 3221 4525 εἴτε
3271 4474 3329 4525 ὲν
3372 4474 3778 4542 ἐργαστηρίοις,

514 4564 827 4621 Herodotus
890 4563 1095 4632 aliique
1144 4561 1398 4615 nonnulli
1479 4559 1726 4615 historici
1796 4558 2090 4627 explicant,

515 4673 774 4729 magnum
800 4672 981 4725 opem
1036 4655 1271 4724 pretium
1329 4653 1528 4707 fecisse
1589 4650 1979 4705 videntur.Sed
2039 4650 2091 4703 in

515 4750 671 4806 bisve
702 4751 884 4803 omnia
919 4749 985 4802 iis
1027 4746 1365 4816 temporibus
1429 4758 1550 4799 sese
1606 4742 1897 4806 trahebant,
1948 4756 2096 4811 quae-

516 4858 622 4913 que
682 4843 824 4911 apud
874 4840 1123 4896 diversos
1197 4837 1423 4906 populos
1488 4835 1724 4896 fiebant,
1784 4834 1970 4888 videre
2026 4833 2094 4886 li-

516 4948 604 4991 cet
632 4951 646 4990 :
678 4935 752 4989 ita
797 4945 853 4989 ut
901 4944 1158 4989 accurata
1186 4931 1435 5001 quadam
1465 4928 1693 4984 historia
1741 4929 1810 4983 sit
1846 4946 1859 4979 :
1892 4929 1972 4982 vel
2000 4944 2095 4997 po-

515 5030 752 5082 tiusnon
783 5037 890 5080 tam
927 5026 1177 5090 historia,
1204 5040 1369 5094 quam
1400 5023 1661 5086 ocularis,
1695 5032 1755 5077 ut
1790 5021 1863 5076 ita
1891 5022 2092 5084 dicam,

517 5122 786 5191 inspectio
815 5131 867 5175 et
904 5135 1146 5191 praesens
1175 5119 1417 5190 cegnitio
1444 5135 1629 5174 rerum
1670 5117 1916 5175 omnium
1972 5132 2096 5187 qua:

517 5224 652 5268 tunc
686 5214 948 5283 temporis
968 5212 1359 5281 contigerunt:
1391 5224 1443 5266 et
1476 5226 1607 5265 sane
1634 5208 1970 5265 imitationis
2000 5224 2094 5263 ar-

516 5310 747 5363 tificium
776 5324 901 5363 cum
936 5310 1050 5380 ipsa
1071 5322 1251 5363 rerum
1284 5316 1480 5360 natura
1509 5313 1682 5358 certztl
1704 5310 1761 5357 el.
1788 5304 2093 5366 contendit,

521 5404 597 5458 ita
636 5411 698 5457 ut
732 5402 965 5457 videaris
1003 5402 1275 5470 integrum
1324 5398 1623 5464 hominem,
1646 5396 1860 5462 urbem,
1894 5411 2094 5465 equum

522 5495 947 5548 autexercitum
970 5492 1178 5558 videre,
1211 5491 1293 5545 vel
1336 5490 1564 5544 loricam
1595 5498 1689 5542 aut
1731 5487 1968 5557 gladium
2014 5488 2095 5541 vel

522 5595 858 5642 armaturam
886 5587 1151 5657 integram
1183 5603 1197 5638 :
1235 5584 1315 5638 vel
1352 5585 1513 5637 etiam
1542 5590 1761 5651 captos,
1803 5580 2095 5651 fugientes,

523 5679 786 5738 ridentes,
819 5679 1029 5740 ﬂentes,
1052 5687 1376 5737 commotos,
1409 5675 1492 5731 vel
1524 5675 1712 5728 iratos.
1735 5672 1874 5727 Tum
1904 5682 2098 5741 praeter

528 5769 643 5824 haec
670 5767 852 5822 omnia
887 5767 1188 5824 uncialibus
1222 5766 1416 5823 litteris
1474 5766 1774 5838 ascriptum
1808 5780 1819 5820 :
1861 5764 2097 5821 Senatus

2203 4558 2297 4611 xui
2329 4557 2502 4611 ταῦτα
2536 4561 2629 4612 xui
2659 4560 2757 4624 τὰς
2793 4563 2902 4616 τῶν
2935 4564 3106 4618 ἐθνῶν
3141 4566 3426 4635 διαφοράς.
3468 4560 3569 4617 Ὦν
3609 4565 3781 4618 ἕνεκα

2202 4650 2381 4713 ἐκθεὶς
2424 4650 2709 4721 Ἡρὸδοτος
2747 4656 2839 4707 xui
2868 4656 3018 4709 ἄλλοι
3052 4658 3197 4720 τινὲς
3230 4657 3342 4709 τῶν
3376 4658 3614 4727 ίστορίας
3647 4674 3782 4724 συγ-

2202 4742 2575 4813 γραψαμένων
2599 4744 2816 4798 δοκοῦσί
2838 4764 2890 4798 τι
2910 4746 3190 4818 προῦργου
3219 4748 3599 4815 πεποιηκέναι.
3636 4749 3778 4802 Ἀλλ’

2201 4836 2258 4888 ὲν
2291 4835 2523 4900 τούτοις,
2555 4837 2746 4909 ὥσπερ
2778 4843 2898 4894 κατ’
2928 4841 3171 4903 ἐκείνους
3204 4840 3332 4901 τοὺς
3363 4840 3587 4910 χρόνους
3624 4844 3777 4904 ὅντα.

2202 4930 2294 4981 xui
2327 4931 2383 4981 ὲν
2425 4929 2703 5001 διαφόροις
2749 4931 2927 4985 ἔθνεσι
2958 4932 3223 5001 γινόμενα
3262 4932 3440 4986 πάντα
3483 4936 3616 5004 ὁρᾷν
3662 4935 3777 4999 ἔξε-

2203 5041 2321 5077 στιν
2346 5040 2365 5056 ο
2401 5024 2544 5076 ὥστε
2585 5024 2825 5095 ἱστορίαν
2855 5024 2975 5078 τινὰ
3009 5024 3186 5078 πάντα
3225 5024 3412 5088 ἁπλῶς
3442 5026 3772 5095 ἀκριϐούσαν

2201 5112 2344 5169 εἶναι
2362 5132 2377 5147 ο
2410 5115 2611 5185 μᾶλλον
2639 5118 2697 5170 δὲ
2724 5118 2822 5187 οὐχ
2848 5118 3113 5187 ἱστορίαν,
3140 5116 3258 5171 ἀλλ’
3286 5117 3353 5170 ἶν’
3386 5117 3558 5180 οὕτως
3609 5118 3769 5179 εἴπω,

2202 5208 2467 5276 αὑτοψίαν
2511 5209 2622 5260 τῶν
2670 5209 2793 5261 τότε
2842 5209 3031 5270 ἁπλῶς
3097 5208 3414 5277 ἁπανταχοῦ
3469 5209 3773 5275 γενομένων

2203 5302 2446 5365 πάντων,
2476 5301 2569 5352 xui
2620 5300 2945 5369 παρουσίαν.
2985 5300 3059 5353 Ἦ
3093 5316 3158 5367 γε
3202 5298 3311 5370 μὴν
3352 5301 3510 5368 τέχνη
3536 5297 3641 5348 τῶν
3678 5314 3774 5365 μι-

2207 5394 2478 5462 μημάτων
2533 5391 2746 5459 ἀληθῶς
2782 5391 2957 5461 ἐρίζει
3014 5393 3108 5444 xui
3147 5390 3443 5461 ἁμιλλᾶται
3496 5386 3633 5455 πρὸς
3671 5388 3775 5457 τὴν

2202 5485 2313 5538 τῶν
2355 5484 2700 5554 πραγμάτων
2740 5485 2928 5552 φύσιν,
2980 5482 3123 5536 ὥστε
3162 5484 3341 5536 δοκεῖν
3387 5480 3698 5549 ἄνθρωπον,
3738 5478 3774 5545 ἢ

2204 5577 2392 5639 ῐππον,
2428 5576 2460 5645 ἦ
2498 5575 2674 5637 πόλιν,
2705 5576 2737 5646 ἢ
2772 5574 3004 5643 στρατὸν
3033 5575 3158 5628 ὅλον
3189 5574 3341 5644 ὀρᾷν,
3378 5571 3410 5641 ἢ
3462 5571 3704 5641 θώρακα,
3738 5570 3774 5637 ἢ

2206 5670 2379 5738 ξίφος,
2412 5669 2444 5738 ἢ
2476 5668 2803 5735 πανοπλίαν,
2836 5671 2930 5722 xui
2962 5668 2993 5731 ἢ
3027 5666 3440 5734 ἁλισκομένους,
3472 5664 3504 5734 ἢ
3546 5662 3780 5731 ἐρεύγονσ

2205 5780 2321 5827 τας,
2366 5761 2397 5831 ἢ
2445 5760 2739 5831 γελῶντας,
2794 5760 2827 5831 ἢ
2879 5758 3186 5824 κλαίοντας,
3234 5756 3264 5825 ἧ
3312 5756 3684 5827 κινουμένους,
3732 5754 3769 5823 ἢ
