4048 6224
492 344 559 409 31
1660 354 2057 414 MANUELIS
2097 356 2627 421 cumsomnu
3678 377 3765 442 '32

561 452 666 507 Sed
696 454 796 509 ista
823 454 1041 523 quidem
1095 457 1466 524 prmtcrmitto.
1517 459 1632 513 Duo
1684 470 1864 513 autem
1919 460 2080 513 lumi-
2112 468 2151 521 Α

492 544 667 607 naria,
713 544 792 597 vel
844 544 1006 610 soles,
1052 555 1145 597 aut
1198 547 1365 600 cmlns
1424 549 1662 618 integros
1706 550 1796 604 Dei
1852 551 2078 620 gloriam

489 646 834 699 enarrantes,
870 636 1110 701 l’etrutu,
1176 638 1500 708 inquam,et
1547 641 1795 707 Paulum,
1848 659 2078 711 quorum

489 726 733 794 reliquim
775 729 859 781 hic
892 730 1008 782 sitae
1043 741 1204 793 sunt;
1242 740 1294 785 et
1328 733 1391 785 ad
1442 749 1675 802 quorum
1728 747 2079 789 monumenta

490 816 603 868 luet:
643 818 846 883 scribo,
887 824 1011 886 quis
1077 823 1236 893 digne
1282 825 1689 879 admirabitur?
1739 827 1868 895 quid
1897 827 1962 879 de
1996 836 2080 880 to-

488 909 596 963 tius
624 911 776 964 orbis
808 913 873 965 ad
915 914 1157 980 eosdem,
1218 916 1384 970 veluti
1421 934 1737 974 communes
1810 922 2080 989 quosdam

487 998 792 1066 praefectos,
825 1004 1127 1071 duceSque,
1153 1014 1248 1059 aut
1274 1008 1534 1073 prwsxdes
1575 1023 1844 1065 concursu
1871 1012 2084 1065 dicant?

492 1088 818 1145 Miraculum
871 1093 1111 1160 prni'ec'o
1141 1105 1225 1150 est
1269 1098 1454 1152 videre
1503 1102 1569 1151 ab
1619 1100 1908 1170 Hispania,
1966 1103 2082 1159 sive

492 1180 663 1233 lin-ria
700 1192 751 1237 et
787 1183 979 1251 Gallia,
1048 1187 1351 1258 insulisque
1395 1191 1744 1259 Britannicis,
1778 1207 1828 1247 et
1866 1195 1908 1249 si
1961 1212 2082 1261 qua:

486 1271 719 1327 ulterius
749 1290 936 1330 versus
980 1280 1315 1334 occidentem
1357 1282 1438 1335 vel
1499 1284 1809 1353 aquilonem
1843 1286 2079 1342 distent:

486 1372 599 1414 tum
637 1365 796 1418 etiam
843 1383 908 1420 ex
959 1368 1276 1437 Germania,
1337 1373 1608 1427 Sarmatia
1663 1386 1718 1429 et
1776 1377 2080 1445 Pannonia,

486 1458 776 1512 nonnullos
821 1475 947 1513 vero
977 1462 1138 1515 etiam
1166 1478 1229 1516 ex
1293 1462 1499 1518 Graacia
1549 1476 1602 1519 et
1657 1468 1782 1522 Asia
1848 1478 1900 1523 et
1954 1470 2081 1539 qui-

485 1547 806 1619 buscunque
845 1553 971 1606 aliis
1020 1569 1083 1607 ex
1124 1556 1257 1609 locis
1310 1558 1457 1626 (quis
1508 1561 1653 1614 enim
1719 1576 1909 1616 omnes
1948 1578 2083 1617 enu-

486 1655 698 1693 lucrare
725 1644 1011 1714 posse”),
1046 1662 1149 1700 non
1190 1648 1336 1703 viros
1375 1652 1553 1705 solum
1604 1653 1851 1722 cuiusvis
1905 1656 2082 1710 aetatis

484 1738 539 1782 et
590 1732 971 1799 professionis,
1027 1739 1123 1791 sed
1166 1750 1218 1792 et
1251 1740 1480 1797 feniinas
1510 1759 1607 1812 per
1639 1753 1744 1797 tam
1779 1745 2072 1814 longinqua

487 1822 703 1889 itinera,
765 1841 859 1891 per
884 1837 962 1880 tot
1035 1832 1278 1897 pericula
1314 1846 1366 1888 et
1437 1836 1691 1898 labores;
1745 1853 1840 1906 per
1876 1839 2072 1908 frigus,

487 1914 684 1979 lutum,
716 1916 1015 1983 pulverem,
1049 1932 1238 1974 testium
1268 1933 1322 1975 et
1377 1924 1659 1978 molestias
1690 1927 1795 1981 huc
1852 1932 2077 1983 venien-

485 2017 588 2071 tes,
620 2017 677 2060 ut
715 2025 896 2063 arcam
953 2021 1005 2066 et
1038 2014 1301 2077 loculum,
1330 2026 1382 2070 et
1432 2019 1798 2074 conditorium
1856 2033 2078 2091 aposto-

488 2100 692 2161 lorum,
736 2102 896 2169 idque
921 2105 1137 2160 eminus
1166 2116 1217 2159 et
1249 2123 1345 2176 per
1375 2111 1615 2165 cortinas
1687 2128 1750 2167 ac
1800 2116 2074 2173 cancellos

490 2191 734 2244 adorent.
772 2191 838 2245 Ut
873 2196 1102 2262 pulveri,
1139 2212 1200 2251 ac
1230 2199 1368 2264 solo,
1412 2209 1465 2253 et
1496 2202 2079 2264 circumambientibus

490 2282 715 2350 lapideis
757 2286 1054 2356 ferreiSque
1086 2290 1340 2347 claustris
1392 2293 1581 2349 faciem
1616 2308 1668 2350 et
1703 2300 1878 2368 capita
1915 2317 2080 2371 appo-

488 2385 1040 2438 neutes,’scrvatores
1100 2384 1487 2456 dominosque,
1541 2399 1614 2454 et,
1648 2399 1705 2444 ut
1772 2392 1906 2457 dixi,
1936 2395 2079 2448 soles

485 2469 634 2523 orbis
662 2480 927 2525 terrarum
959 2488 1052 2527 eos
1099 2477 1415 2542 praedicent.
1456 2479 1521 2535 Ut
1549 2492 1671 2550 post
1704 2493 1781 2537 tot
1805 2499 1976 2540 annos
2006 2488 2076 2542 ob

489 2560 926 2624 pradicationem
981 2564 1243 2631 veritatis,
1284 2578 1338 2622 et
1369 2568 1437 2622 ab
1466 2585 1654 2625 errore
1710 2587 1775 2626 ac
1832 2574 2075 2628 tenebris

486 2651 897 2705 conversionem
954 2656 1155 2724 gratias
1205 2670 1384 2728 agant,
1438 2660 1598 2727 idque
1627 2663 1679 2715 in
1730 2678 1788 2717 ea
1823 2665 1978 2728 urbe,
2018 2677 2075 2721 et

486 2738 541 2791 iu
599 2740 689 2795 illo
717 2741 965 2809 imperio,
1004 2746 1091 2798 ubi
1127 2747 1226 2814 ipsi
1285 2748 1395 2802 luec
1449 2751 1805 2818 prredicantes
1846 2765 2074 2810 mortem

486 2834 785 2902 oppetiere.
818 2835 906 2889 ubi
937 2852 965 2890 a
1005 2838 1249 2905 veritatis
1304 2842 1634 2898 adversariis
1689 2854 1839 2901 tanta
1887 2864 2079 2918 snper-

486 2930 656 2996 stitio,
688 2938 983 3002 tantusque
1011 2948 1165 2989 error
1208 2937 1553 2993 introductus
1588 2940 1707 3008 fuit,
1744 2954 1987 3011 quantus
2011 2962 2074 3000 ex

485 3024 667 3089 idolis,
719 3028 913 3080 statuis
993 3029 1317 3098 templisque
1394 3031 1636 3100 ipsorum
1711 3034 2075 3092 demonstrari

2279 468 2439 522 Ἀλλὰ
2462 471 2634 525 ταῦτα
2669 473 2769 542 μὲν
2799 475 2873 529 ἐῶ
2899 492 2912 508 ⁸
2944 479 3069 540 τοὺς
3093 481 3149 533 δὲ
3170 481 3264 535 δύο
3295 484 3606 553 φωστῆρας,
3636 487 3667 556 η
3700 489 3768 556 ἡ-

2185 558 2327 622 λιους
2343 561 2374 629 ἢ
2392 563 2664 632 οὐρανοὺς
2696 567 2871 629 ὅλους,
2895 570 2994 637 τὴν
3010 571 3103 624 τοῦ
3124 572 3261 625 Θεοῦ
3295 576 3453 637 δόξαν
3473 577 3767 646 διηγουμέ-

2184 667 2331 713 νους,
2358 653 2561 721 Πέτρον
2583 657 2729 726 φημὶ
2745 659 2837 710 xui
2860 660 3094 727 Παῦλον,
3115 659 3188 718 ὧν
3207 666 3275 718 τὰ
3292 667 3521 735 λείψανα
3532 670 3764 723 ἐνταῦθα

2184 745 2383 809 κεῖται,
2419 748 2511 800 καὶ
2545 745 2618 800 ὧν
2650 752 2745 803 ἐπὶ
2792 755 2891 819 τῆς
2943 756 3163 824 μνήμης
3204 759 3376 812 ταῦτα
3416 763 3637 829 γράφω,
3676 763 3764 826 τίς

2187 835 2253 889 ἂν
2294 839 2460 902 ἀξίως
2490 841 2722 912 ἀγαΘείη
2748 862 2760 908 ;
2794 846 2848 897 τί
2877 845 2933 899 δὲ
2967 847 3066 917 τὴν
3102 851 3181 912 είς
3210 853 3433 915 τούτους
3467 853 3656 925 ὥσπερ
3682 858 3764 919 είς

2185 930 2401 992 κοινούς
2433 948 2585 996 τινας
2624 939 2912 1005 σατράπας
2958 941 3052 993 xui
3090 943 3387 1011 ἡγεμόνας,
3419 946 3449 1015 ἢ
3495 948 3759 1014 ὑπάτους,

2187 1023 2490 1092 συνδρομὴν
2539 1026 2719 1097 πάσης
2764 1030 2862 1099 τῆς
2917 1033 3279 1105 οίκουμένηςς
3332 1038 3534 1108 Θαύμα
3592 1040 3761 1105 ὅντως

2184 1111 2331 1166 ἐστιν
2366 1116 2494 1168 ἰδεῖν
2543 1119 2651 1171 ἀπὸ
2689 1119 2970 1186 Ἱσπανίας
3015 1125 3108 1176 xui.
3146 1127 3406 1195 Ἰϐηρίας,
3452 1133 3544 1183 καὶ
3587 1132 3759 1185 Γαλα-

2184 1205 2324 1269 τίας,
2358 1209 2452 1258 καὶ
2482 1207 2589 1259 τῶν
2612 1210 2960 1280 Βρετανικῶν
2993 1216 3193 1284 νήσων,
3227 1219 3321 1271 xui
3358 1220 3468 1272 τῶν
3505 1221 3585 1274 ἔτι
3618 1223 3762 1276 δυτι-

2185 1297 2440 1367 κωτέρων
2472 1301 2524 1353 ετ
2568 1318 2711 1363 τινες
2742 1297 2917 1373 εἷενῆ
2964 1307 3381 1379 ἀρτικωτὲρων,
3420 1310 3500 1363 ἔτι
3551 1313 3608 1365 δὲ
3652 1316 3761 1367 ἀπὸ

2184 1388 2500 1458 Γερμανίας
2532 1394 2625 1444 xui
2663 1395 3002 1462 Σαρματίας,
3039 1400 3134 1451 xui
3167 1400 3486 1464 Παννονίας,
3517 1404 3671 1465 τινὰς
3700 1404 3758 1456 δὲ

2185 1483 2277 1533 καὶ
2309 1481 2415 1535 τῶν
2446 1484 2550 1536 ἀπὸ
2578 1484 2679 1553 τῆς
2705 1484 2957 1551 Ἑλλάδος
2988 1490 3083 1543 xui
3114 1491 3320 1556 Ἀσίας,
3347 1493 3577 1546 καὶτῶν
3610 1494 3761 1547 ὁθεν-

2184 1574 2279 1628 οῦν
2304 1575 2530 1629 ἄλλοθεν
2562 1579 2666 1642 (τίς
2694 1581 2802 1652 γὰρ
2833 1583 2899 1638 ἂν
2939 1580 3047 1646 οἷός
3096 1585 3144 1637 τ’
3174 1586 3258 1657 εἴη
3291 1588 3499 1650 πάντας
3527 1590 3755 1641 καταλέ-

2185 1669 2366 1735 γεινς)
2423 1670 2522 1721 οὐκ
2573 1670 2779 1742 ἄνδρας
2817 1675 2981 1743 μόνον
3036 1677 3217 1745 πάσης
3263 1678 3481 1747 ἡλικίας
3532 1698 3609 1745 τε,
3667 1683 3759 1733 καὶ

2186 1760 2408 1829 τέχνης,
2459 1762 2592 1816 ἀλλὰ
2627 1765 2721 1817 καὶ
2745 1769 3009 1832 γυναῖκας
3053 1770 3151 1839 ἤδη
3205 1772 3291 1823 διὰ
3333 1772 3605 1825 τοσούτων
3650 1773 3749 1839 μὲν

2184 1850 2339 1918 ὁδῶν,
2380 1854 2647 1908 τοσούτων
2690 1858 2785 1909 xui
2817 1860 3098 1926 κινδύνων,
3130 1863 3219 1915 διὰ
3265 1864 3539 1916 τοσούτων
3570 1865 3626 1917 δὲ
3656 1864 3755 1915 πό-

2184 1960 2313 2007 νων,
2356 1945 2448 1997 xui.
2474 1946 2699 2014 ψύχους,
2748 1950 2839 2001 καὶ
2889 1950 3084 2018 πηλοῦ,
3116 1956 3211 2005 καὶ
3249 1955 3473 2017 κόνεως,
3521 1957 3614 2008 xui.
3642 1956 3759 2007 πνί-

2150 2051 2335 2103 Δγους,
2387 2036 2480 2088 xui
2514 2038 2930 2105 ταλαιπωριῶν,
2981 2042 3142 2109 δεῦρο
3193 2045 3626 2113 ἀφικνουμένας,
3674 2048 3760 2098 ἵνα

2182 2130 2279 2199 τὴν
2297 2130 2561 2196 λάρνακα,
2586 2133 2677 2181 xui
2694 2132 2790 2200 τὴν
2816 2132 3010 2202 οήκην,
3033 2136 3127 2185 καὶ
3146 2134 3243 2204 τὴν
3270 2136 3447 2201 σορὸν,
3469 2137 3562 2188 xui
3583 2137 3757 2190 ταῦτα

2183 2218 2467 2289 πόρρωθεν
2504 2220 2596 2271 xui.
2628 2220 2716 2272 διὰ
2768 2223 3280 2290 καταπετασμάτων
3324 2224 3415 2275 xui
3465 2225 3760 2289 κιγκλίδων

2181 2309 2291 2360 τῶν
2325 2309 2631 2362 ἀποστόλων
2669 2314 3123 2381 προσκυνήσωσιν
3146 2330 3158 2344 ·
3194 2314 3280 2368 ἵνα
3320 2315 3502 2378 Θέντες
3538 2318 3629 2369 ἐπὶ
3660 2316 3761 2383 τῆς

2182 2400 2405 2465 κόνεως,
2443 2402 2535 2453 καὶ
2586 2402 2681 2454 τοῦ
2718 2403 2972 2470 ἐδάφους,
3018 2408 3113 2459 xui.
3141 2406 3249 2458 τῶν
3280 2409 3760 2476 περιφραττόντων

2180 2490 2364 2557 λίθων,
2397 2496 2493 2548 καὶ
2529 2495 2766 2563 σιδήρων
2814 2496 2881 2548 τὰ
2933 2499 3185 2564 μέτωπα,
3219 2498 3315 2550 xui.
3346 2499 3442 2557 τὰς
3492 2497 3760 2565 κεφαλὰς,

2183 2584 2431 2653 σωτῆρας
2465 2585 2690 2649 αὐτοὺς,
2722 2586 2816 2640 xui
2860 2587 3153 2654 δεσπότας,
3183 2591 3280 2642 xui.
3312 2589 3520 2657 ἡλίους,
3566 2589 3760 2660 ὥσπερ

2180 2671 2357 2738 εἶπον,
2404 2676 2505 2743 τῆς
2546 2678 2875 2746 οἰκουμένης
2922 2678 3411 2746 ἀναφθέγξωνται·
3476 2680 3563 2733 ἵνα
3617 2685 3758 2749 μετὰ

2179 2764 2420 2818 τοσαῦτα
2446 2765 2543 2833 ἔτη
2569 2765 2661 2818 τοῦ
2686 2766 3045 2835 κηρύγματος
3078 2769 3240 2839 χάριν
3268 2771 3452 2829 αὐτοῖς
3487 2773 3583 2840 τῆς
3615 2774 3752 2842 ἀλη-

2180 2853 2354 2917 Θείας,
2390 2856 2483 2907 xui
2535 2854 2638 2924 τῆς
2687 2856 2794 2908 ἀπὸ
2819 2856 2925 2925 τῆς
2969 2857 3196 2928 πλάνης,
3248 2861 3342 2912 xui
3393 2860 3483 2913 τοῦ
3529 2863 3757 2924 σκότους

2181 2945 2505 3015 ἀπαλλαγῆς
2540 2947 2944 3017 ὁμολογήσωσι,
2975 2950 3067 3002 xui
3092 2949 3265 3021 ταῦτα
3299 2952 3388 3002 ἐπὶ
3415 2951 3513 3019 τῆς
3542 2954 3755 3018 πόλεως

2182 3036 2417 3103 ἐκείνης,
2457 3038 2549 3089 καὶ
2587 3038 2685 3106 τῆς
2718 3038 2891 3108 ἀρχῆς
2928 3040 3164 3109 ἐκείνης,
3198 3042 3256 3093 ἐν
3357 3042 3523 3096 ταῦτα
3554 3045 3755 3097 ἐκεῖνοι

484 3126 683 3185 potest.
738 3114 888 3171 Unde
932 3117 1110 3172 edicta
1140 3130 1328 3173 contra
1360 3121 1702 3176 Christianos
1757 3139 1850 3190 per
1904 3135 2073 3179 totum

2182 3126 2433 3196 λέγοντες
2478 3130 2772 3184 ἀπέθανον.
2815 3131 2984 3184 Ἔνθα
3006 3133 3244 3203 τοσαύτη
3282 3133 3504 3202 γέγονεν
3550 3137 3582 3204 ἡ
3622 3138 3755 3206 περὶ

485 3204 673 3258 orbem
714 3203 1051 3265 ferebantur.
1085 3215 1149 3260 et-
1178 3208 1465 3263 carniﬁcos
1525 3209 1578 3263 in
1608 3210 1827 3265 eosdem
1868 3212 2076 3269 immit-

486 3295 760 3349 tebantur.
812 3293 913 3349 Ubi
956 3297 1064 3349 alio
1105 3297 1320 3365 quidem
1363 3300 1418 3351 in
1462 3298 1586 3354 loco
1647 3300 1878 3357 Neronis
1923 3303 2073 3374 impii

484 3383 633 3439 illius
668 3384 974 3452 homicidae,
1016 3387 1144 3441 alibi
1193 3402 1319 3441 vero
1350 3389 1701 3456 Diocletiani,
1752 3393 1878 3447 alibi
1909 3394 2078 3449 Maxi-

488 3479 655 3532 miani
694 3490 1100 3548 persecutorum
1137 3481 1393 3552 collapsa:
1415 3482 1527 3553 jam
1553 3484 1882 3555 dejectreque
1910 3489 2072 3555 aades,

486 3576 542 3622 et
566 3568 795 3632 mutila‘,
832 3582 896 3622 ac
923 3568 1249 3624 scmil‘ractze
1286 3582 1479 3627 statua:
1508 3573 1778 3631 visuntur.
1817 3575 1922 3632 Sed
1960 3578 2075 3631 hmc

485 3661 706 3727 quidem
747 3673 1120 3728 monumenta,
1178 3664 1303 3719 licet
1335 3665 1747 3734 imperatorum,
1774 3679 1824 3724 et
1879 3672 1969 3740 qui
2004 3671 2076 3728 is-

488 3762 573 3807 tos
595 3754 889 3824 aliquando
934 3755 1196 3811 sistebant
1226 3757 1449 3825 judicio,
1485 3743 1541 3814 et'
1568 3772 1621 3814 ut
1658 3764 1927 3833 mancipia
1962 3775 2069 3817 tra-

486 3847 731 3910 cxaliant,
754 3849 956 3903 cursim
987 3859 1345 3917 praetereunt:
1373 3863 1425 3907 et
1456 3855 1584 3923 quid
1612 3856 1734 3910 dico
1763 3855 2075 3925 praeterire?

486 3942 618 4011 quin
651 3944 828 4011 potius
888 3943 1099 3999 infestis
1124 3946 1363 4000 calcibus
1395 3958 1704 4015 proterunt,
1767 3959 1820 4003 et
1878 3951 2074 4019 pugnis

487 4034 710 4098 feriunt,
746 4037 1152 4105 atque,utdixi,
1203 4040 1478 4104 mutilaut,
1535 4052 1843 4110 conspuunt
1872 4054 1925 4096 et
1947 4043 2075 4096 sub-

488 4138 709 4181 vertunt
737 4143 750 4183 :
779 4129 929 4182 hisce
968 4138 1151 4183 autem
1184 4131 1532 4199 pauperculis
1558 4142 1606 4184 et
1639 4134 1964 4202 peregrinis.
1992 4125 2075 4186 vel

487 4221 672 4288 potius
706 4221 878 4276 servis
910 4236 975 4276 ac
1012 4223 1243 4277 subditis
1271 4224 1510 4289 illorum,
1543 4224 1885 4292 professione
1914 4226 2067 4277 vitae-

486 4329 595 4383 que
624 4313 897 4374 instituto.
925 4315 1223 4369 aulicorum
1281 4317 1582 4368 tectoribus
1614 4326 1663 4369 et
1700 4316 2075 4385 piscatoribus

489 4420 655 4471 quam
685 4407 923 4459 maximo
955 4407 1150 4474 gaudio
1206 4415 1259 4458 et
1300 4406 1601 4475 voluptate,
1644 4416 1735 4459 aut
1772 4407 1819 4459 si
1877 4406 2061 4469 mulis,

487 4512 613 4551 eum
652 4499 1005 4566 percussione
1036 4500 1295 4569 pectoris,
1347 4508 1402 4552 ct
1430 4498 1737 4562 devotione,
1779 4498 2066 4569 lacrymis-
2103 4462 2145 4551 Ρ

486 4608 595 4662 que
611 4594 783 4661 capita
816 4594 1079 4647 inclinant
1102 4604 1429 4655 servatores,
1450 4602 1506 4644 ut
1550 4590 1682 4653 dixi,
1711 4599 1764 4645 et
1791 4592 2074 4659 praesides,

488 4701 587 4741 nec
616 4686 956 4754 pransi-utinm
988 4695 1195 4739 tantum
1229 4696 1389 4753 atque
1418 4696 1753 4738 terreunrnm
1789 4684 2071 4747 dominos.

488 4779 676 4833 sedet
727 4782 991 4833 caelorum
1038 4775 1305 4842 ianitores
1358 4791 1452 4831 eos
1511 4784 1784 4839 vocantes,
1840 4785 1893 4830 et
1944 4777 2074 4844 εἰΙή,

489 4870 703 4930 amicis.
732 4878 786 4924 et
815 4867 1195 4927 familiaribus,
1241 4876 1405 4936 atque
1454 4866 1569 4920 orbi
1621 4868 1876 4920 universo
1931 4868 2081 4921 salu-

491 4972 598 5018 tem
635 4971 1011 5035 exposcentes.
1072 4960 1149 5018 illi
1183 4969 1363 5013 autem
1416 4960 1563 5013 edito
1601 4968 1657 5012 et
1693 4958 1989 5027 conspicuo
2024 4961 2076 5011 in

490 5052 611 5110 loco
637 5055 836 5123 lapillis
866 5050 1159 5116 tesselatis,
1189 5051 1273 5104 vel
1303 5050 1669 5104 marmoribus
1706 5050 2078 5116 coloribusvc,

491 5148 624 5218 quin
648 5148 812 5200 etiam
842 5152 1064 5214 argento
1088 5158 1237 5225 inero
1268 5153 1430 5213 atque
1487 5159 1620 5197 auro
1672 5143 1737 5195 ad
1802 5144 2078 5212 antiquam

495 5236 729 5306 speciem
767 5232 958 5302 majori
985 5233 1155 5287 forma
1210 5234 1494 5303 magniﬁce
1551 5234 1814 5287 elTormati
1870 5234 2079 5299 sedent,

495 5339 752 5395 tanquam
787 5340 938 5391 reges
979 5326 1056 5379 vel
1089 5326 1383 5395 principes,
1449 5334 1544 5379 aut
1605 5340 1922 5380 communes
1966 5341 2084 5378 om-

497 5423 649 5476 nium
682 5421 909 5484 domini,
939 5421 1117 5475 claves
1163 5420 1362 5489 ligandi
1407 5418 1758 5484 solvendique
1803 5420 2083 5486 potestatis

498 5513 808 5583 symbolum
833 5522 1119 5585 gerentes,
1162 5513 1489 5581 signumque
1540 5511 1752 5564 virtutis
1787 5522 1839 5563 et
1902 5519 2087 5562 auctu-

502 5606 684 5660 ritatis
711 5606 831 5675 ejus
890 5607 983 5675 qui
1026 5613 1348 5675 potestatem
1399 5605 1547 5656 illam
1613 5602 1783 5655 dedit.
1814 5602 1873 5654 Et
1901 5599 2082 5669 populi

506 5695 722 5764 quidem
766 5694 1021 5760 Romani,
1084 5706 1179 5750 aut
1225 5694 1355 5749 Julii
1411 5695 1663 5760 Caesaris,
1696 5695 1775 5748 vel
1827 5691 2080 5761 Attgttsli,

511 5789 595 5845 Vel
633 5788 1010 5860 cujuscunque
1043 5790 1269 5843 alterius
1302 5797 1653 5843 monumenta
1696 5785 1857 5840 ctiam
1904 5784 1986 5837 hic
2024 5783 2076 5836 in

2181 3221 2288 3273 τῶν
2320 3221 2477 3276 ἀντία
2502 3222 2610 3275 τῶν
2642 3222 2857 3291 ἀληθῶν
2893 3222 3288 3292 δεισιδαιμονία
3336 3242 3395 3277 τε
3429 3228 3522 3278 καὶ
3557 3227 3757 3296 πλάνη,

2178 3314 2279 3385 ὅση
2311 3315 2460 3383 παρὰ
2515 3314 2624 3367 τῶν
2674 3315 2764 3366 ἐπὶ
2818 3314 3029 3376 τούτοις
3064 3312 3336 3379 ῈΞδώλων,
3389 3317 3482 3367 xui.
3524 3317 3751 3379 ξοάνων,

2178 3408 2272 3460 xui
2304 3408 2446 3460 ναῶν
2499 3407 2722 3459 δύναται
2754 3404 3088 3461 δείκνυσθαι.
3131 3409 3295 3461 Ὅθεν
3342 3409 3408 3459 τὰ
3452 3409 3596 3462 κατὰ
3648 3410 3755 3462 τῶν

2178 3497 2525 3567 Χριστιανῶν
2592 3496 2912 3567 ἁπανταχοῦ
2958 3498 3059 3566 τῆς
3114 3500 3443 3570 οἰκουμένης
3504 3502 3754 3571 δόγματα

2179 3592 2459 3660 ἐφέροντο,
2515 3591 2607 3643 xui
2644 3591 2693 3642 οί
2731 3591 2873 3643 κατὰ
2917 3592 3125 3644 τούτων
3173 3594 3359 3661 δήμιοι
3420 3595 3753 3663 ἐπέμποντο.

2178 3681 2356 3735 Ὅπου
2386 3675 2487 3733 ὧδε
2536 3681 2637 3751 μὲν
2668 3681 2923 3749 Νέρωνος
2970 3683 3064 3734 τοῦ
3100 3684 3354 3751 σφαγέως
3395 3686 3632 3749 ἐκείνου,
3668 3690 3758 3738 καὶ

2177 3774 2418 3838 ἀνοσίου,
2474 3771 2706 3827 ἐνταῦθα
2740 3773 2796 3826 δὲ
2846 3774 3264 3843 Διοκλητιανού,
3312 3777 3507 3844 ἐκείνῳ
3545 3778 3599 3829 δὲ
3636 3780 3758 3831 Μα-

2178 3866 2434 3937 ξιμιανού
2486 3868 2593 3919 τῶν
2646 3867 2905 3920 διωκτῶν·
2948 3870 3446 3931 καταπεπτωκότες
3502 3870 3601 3939 ἢδη
3663 3870 3758 3922 xui

2176 3962 2627 4027 κατασκαφέντες
2686 3958 2963 4028 θάλαμοι,
3031 3962 3127 4013 καὶ
3180 3960 3595 4030 λελωϐημέναι,
3661 3963 3759 4014 καὶ

2180 4054 2512 4124 ήμιρραγεῖς
2539 4052 2736 4119 στῆλαι
2768 4052 3026 4120 ὁρῶνται.
3072 4052 3466 4126 unam-ca;
3505 4054 3626 4120 μὲν,
3660 4055 3757 4107 καὶ

2177 4147 2354 4200 ταῦτα
2406 4143 2674 4215 βασιλέων
2716 4144 3043 4211 γενομένας,
3086 4144 3183 4195 xui.
3226 4144 3424 4206 αὐτούς
3472 4160 3603 4197 ποτε
3654 4162 3759 4196 πα-

2182 4239 2643 4308 ραστησαμένων,
2678 4237 2773 4289 καὶ
2811 4237 3281 4306 δουλευσαμένων,
3316 4238 3751 4308 παρατρέχουσι·

2179 4331 2273 4383 xui.
2307 4329 2358 4382 τί
2405 4329 2550 4395 λέγω
2607 4330 3058 4397 παρατρέχουσι;
3109 4329 3314 4397 μᾶλλον
3370 4332 3471 4397 μὲν
3518 4324 3610 4382 οὖν
3658 4326 3759 4392 λὰξ

2178 4419 2507 4481 ὲνάλλονται,
2540 4420 2632 4471 καὶ
2665 4418 2772 4481 πὺξ
2804 4419 3049 4479 παίουσι,
3094 4419 3187 4471 καὶ
3228 4435 3290 4469 πε
3304 4416 3756 4487 ριρῤηγνύοδσιν,

2182 4511 2375 4581 ὥσπερ
2428 4507 2603 4572 εἷπον,
2638 4510 2731 4561 xui
2760 4509 3156 4573 καταπτύουσι,
3204 4510 3295 4561 καὶ
3348 4508 3757 4577 ἁνατρέπουσι’

2181 4604 2395 4665 τούτοις
2425 4602 2483 4655 δὲ
2518 4602 2763 4664 πένουσι,
2802 4604 2895 4655 xui
2924 4602 3266 4663 ἀλλοδαποῖς,
3307 4602 3509 4671 μᾶλλον
3538 4601 3593 4653 δε
3634 4601 3759 4654 δού-

2182 4695 2315 4758 λοις,
2357 4697 2451 4747 xui
2502 4694 2770 4763 ὑπηκόοις
2801 4695 3048 4758 ἐκείνων,
3082 4694 3180 4762 τὴν
3230 4694 3506 4745 πολιτείαν
3558 4694 3649 4745 καὶ
3701 4694 3760 4744 τὸ

2183 4786 2334 4847 ἔθνος
2356 4784 2693 4854 γενομένοις,
2719 4786 3066 4855 σκηνοποιοῖς
3093 4784 3187 4834 καὶ
3216 4783 3453 4846 ἁλιεῦσι,
3483 4783 3604 4852 μεθ’
3628 4783 3760 4851 ὅσης

2184 4873 2251 4927 ἂν
2278 4873 2422 4926 εἴποι
2452 4891 2534 4935 τις
2561 4873 2805 4943 τέρψεως
2833 4871 2927 4924 καὶ
2959 4871 3172 4941 ἡδονῆς,
3203 4873 3251 4923 εἰ
3289 4872 3346 4922 δὲ
3384 4871 3568 4939 βούλει
3604 4888 3761 4938 στερ-

2184 4966 2466 5027 νοτυπίας,
2501 4964 2595 5016 xui
2630 4964 2940 5025 εὐλαϐείας,
2982 4963 3078 5012 καὶ
3106 4961 3361 5028 δακρύων
3394 4961 3637 5015 κλίνουσι
3662 4964 3757 5022 τὰς

2185 5056 2449 5123 κεφαλὰς,
2480 5056 2759 5124 σωτῆρας,
2790 5056 2929 5123 ὅπερ
2960 5049 3143 5116 εἷπον,
3172 5055 3264 5105 καὶ
3299 5056 3634 5122 προστάτας,
3666 5052 3757 5103 καὶ

2184 5147 2244 5198 οὐ
2285 5146 2391 5197 τῶν
2442 5144 2727 5213 παρόντων
2758 5145 2851 5195 xui
2893 5142 3097 5209 γηΐνων
3146 5141 3371 5208 κυρίους
3409 5141 3588 5209 μόνον,
3622 5138 3758 5188 ἀλλὰ

2185 5241 2280 5290 καὶ
2322 5237 2431 5288 τῶν
2462 5235 2708 5302 οὐρανῶν
2749 5234 3036 5303 πυλωροὺς
3082 5232 3535 5299 ἀνακαλούμενοι,
3573 5229 3758 5292 αὐτοῖς

2185 5350 2265 5394 τε,
2298 5331 2392 5382 καὶ
2424 5329 2620 5396 φίλοις,
2658 5326 2752 5377 xui
2780 5325 3023 5386 οίκεὶοις,
3053 5326 3147 5377 xui
3179 5327 3243 5392 τῇ
3277 5321 3569 5388 οἰκουμένη
3607 5321 3760 5391 πάσῃ

2188 5422 2315 5492 παρ’
2351 5420 2530 5473 αὐτῶν
2561 5418 2845 5487 εὐχόμενοι
2878 5416 3172 5486 σωτηρίαν,
3214 5415 3276 5467 Οἱ
3312 5414 3365 5464 δὲ
3403 5414 3665 5480 κάθηνται
3694 5414 3758 5463 ἐκ

2191 5511 2478 5582 περιωπῆς
2528 5510 2732 5563 ἄνωθεν
2793 5509 3021 5578 μεγάλοι
3080 5507 3388 5577 μεγαλωστὶ
3450 5504 3754 5572 ψηφῖσινῆ

2186 5606 2353 5664 λίθοις
2391 5603 2422 5671 ἢ
2452 5594 2760 5672 χρώμασιν,
2794 5603 2874 5654 ἔτι
2906 5603 2959 5654 δὲ
2991 5600 3215 5670 ἀργύρῳ
3262 5596 3407 5665 μόνῳ
3439 5599 3532 5649 καί
3567 5596 3754 5666 χρυσῴ

2190 5700 2270 5760 είς
2306 5697 2366 5747 τὸ
2396 5697 2622 5766 ἀρχαῖον
2660 5690 2799 5755 εἶδος
2852 5691 3246 5759 τετυπωμένοι,
3278 5687 3465 5756 ὥσπερ
3514 5689 3757 5757 βασιλεῖς

2190 5807 2357 5854 τινες,
2392 5790 2423 5860 ἢ
2460 5787 2750 5858 ἡγεμόνες,
2780 5786 2813 5855 ἦ
2863 5786 3031 5839 κοινοὶ
3062 5783 3276 5834 πάντων
3304 5780 3559 5849 δεσπόται
3611 5780 3783 5855 κλεῖὶ
