4048 6224
355 290 421 350 33
1362 279 1756 341 ‘EPIS'I‘OLA
1796 280 1898 339 AD
1944 277 2299 341 JOANNEM
2342 278 2500 340 IMP.
3514 270 3585 337 34

355 395 572 468 ἔχοντες,
625 391 892 461 σύμϐολον
924 388 1020 460 τῆς
1061 388 1345 458 δυνάμεως
1394 388 1488 442 τοῦ
1533 389 1767 458 δεσμεῖν,
1812 386 1906 439 καὶ

2022 387 2181 453 patria
2217 386 2459 452 ipsorum
2488 384 2740 455 plurimis
2776 383 3079 453 incognita,
3118 383 3339 453 pristini
3367 384 3587 441 decoris

352 490 503 553 λύειν,
550 482 941 554 καὶ.σύμδο).ον
1000 485 1098 551 τῆς
1130 483 1335 551 ίσχύος,
1367 482 1461 534 καὶ
1504 480 1661 546 ἀξίας
1690 479 1786 531 τοῦ
1810 479 1899 530 δε-

2022 476 2137 530 lore
2172 476 2395 541 amisso,
2436 475 2635 546 passim
2674 476 2910 545 collapsa
2957 476 3162 543 jacent.
3222 474 3429 531 Horum
3486 490 3586 530 au-

348 582 581 640 δωκότος.
636 578 743 630 Καὶ
771 576 840 628 τὰ
875 575 974 645 μὲν
1027 573 1123 627 τοῦ
1153 573 1328 642 δήμου
1375 572 1483 625 τῶν
1518 569 1831 640 Ῥωμαίων,
1859 567 1894 640 ἢ

2022 582 2111 620 .em
2143 565 2338 620 ﬂorent
2375 566 2665 635 vigentque
2703 582 2796 635 per
2852 567 3040 621 orbem
3101 566 3439 621 universum.

349 673 408 723 τὰ
451 668 670 721 Ἰουλίου
723 667 1024 736 Καίσαρος,
1063 665 1095 736 ἢ
1148 665 1480 732 Αὐγούστου,
1531 663 1564 735 ἢ
1599 663 1914 717 οὑτινοσοῦν
1946 659 2131 723 ἄλλου,
2165 658 2443 712 κάνταῦθα
2482 660 2577 713 ἐπὶ
2614 661 2711 728 τῆς
2746 659 2927 714 αὐτῶν
2976 660 3234 730 πατρίδος
3305 658 3411 712 ὑπὸ
3471 658 3584 712 τῶν

350 764 597 815 πλείστων
662 759 1001 829 ἀγνοούμενα
1057 758 1347 829 ἁπήνθηκε
1424 757 1737 828 πανταχοῦ,
1798 758 1895 811 καὶ
1924 753 2179 826 ἀπερρύη
2207 770 2221 784 ο
2251 756 2320 808 τὰ
2400 754 2458 807 δὲ
2523 753 2728 807 τούτων
2755 754 2845 807 διὰ
2876 754 3057 824 πάσης
3094 756 3192 823 τῆς
3262 751 3587 825 οἰκουμένης

349 857 483 909 ἀνθεῖ
507 853 597 905 καί⁵
626 852 831 907 θάλλει.

409 947 702 1013 Μέμνημαι
751 944 808 996 δὲ
856 946 955 1014 τῆς
996 944 1054 995 ὲν
1096 942 1358 1014 Δονδινίῳ
1415 943 1514 1013 τῆς
1559 942 1899 1013 Βρετανικῆς

352 1041 427 1093 ἐπ’
450 1037 619 1107 αὐτῆς
645 1036 746 1105 τῆς
777 1036 883 1099 ἔξω
915 1035 1205 1104 θαλάττης,
1239 1038 1335 1088 καὶ
1361 1035 1898 1106 ὠκεανοῦ,δεύτερον

354 1133 450 1189 ἔτος
486 1129 645 1180 τουτὶ
680 1125 837 1195 ἐμοῦ,
871 1125 967 1179 καὶ
1017 1126 1127 1179 τῶν
1165 1126 1263 1199 σὺν
1294 1129 1422 1196 ἐμοὶ
1468 1129 1770 1198 παρόντων,
1808 1126 1903 1179 καὶ

362 1223 623 1291 θεωμένων
642 1218 943 1289 γενομένης
975 1219 1160 1282 αὐτοῖς
1179 1219 1402 1289 πομπῆς
1431 1220 1519 1271 καὶ
1542 1219 1904 1288 πανηγύρεως

354 1314 482 1383 παρὰ
514 1310 633 1364 τῶν
675 1311 809 1365 ἐκεῖ.
843 1308 1098 1379 Καίσαρα
1146 1308 1204 1362 δὲ
1237 1309 1329 1362 τὸν
1361 1309 1590 1379 πρώτως
1621 1308 1907 1377 ύπαγαγότ

354 1423 491 1475 μενον
508 1404 735 1467 αὐτοὺς,
756 1401 850 1456 καὶ
878 1395 940 1455 οὗ
971 1400 1206 1470 φρούρια
1237 1400 1318 1454 ἔτι
1342 1403 1435 1455 xal.
1467 1402 1562 1455 νῦν
1593 1399 1742 1455 ἔστιν
1766 1403 1902 1464 ἐκεῖ,

353 1498 402 1550 τὸ
432 1498 522 1567 μὲν
547 1496 645 1548 ἐπὶ
674 1493 776 1565 τῆς
817 1493 1141 1556 διαδάσεως,
1178 1493 1239 1546 τδ
1271 1492 1328 1547 δὲ
1371 1493 1462 1547 ἐπ’
1492 1492 1654 1547 αὐτοῦ
1688 1491 1782 1547 τοῦ
1820 1493 1908 1546 τό-

352 1610 458 1655 κου,
490 1588 772 1660 ἀγνοοῦσι.
815 1587 925 1641 Καὶ
948 1586 1123 1653 ἔγωγε
1157 1582 1333 1654 οἶμαι,
1362 1586 1456 1638 καὶ
1487 1588 1672 1639 ἐκεῖνα
1704 1588 1904 1650 πάντα,

349 1687 434 1739 mi
458 1685 551 1753 τὴν
586 1683 686 1750 τῆς
715 1679 933 1749 Ῥώμης
958 1679 1155 1749 ἀρχὴν,
1188 1679 1281 1731 καὶ
1301 1677 1402 1748 τὴν
1433 1676 1543 1731 τῶν
1573 1677 1907 1748 αὐτοκρατό-

2080 935 2143 989 Εῑ
2173 937 2436 991 memoria
2471 936 2563 991 hic
2586 948 2769 1006 repeto
2825 953 3074 1007 pompam
3105 949 3156 993 et
3204 939 3447 993 solemne
3501 937 3580 992 fe-

2006 1038 2174 1089 stum.
2203 1028 2345 1097 quod
2377 1028 2607 1083 Londini
2641 1030 2694 1083 in
2723 1030 3026 1097 Britannia,
3056 1030 3226 1102 ipsius
3244 1029 3450 1085 externi
3472 1043 3557 1083 ma

2006 1118 2085 1173 ris
2112 1120 2409 1184 oceanique
2433 1119 2630 1183 insula,
2657 1133 2780 1174 ante
2814 1121 3121 1183 biennium,
3175 1136 3263 1176 me
3310 1136 3374 1177 ac
3418 1123 3586 1176 comi—

2009 1218 2125 1263 tatu
2152 1225 2274 1263 meo
2300 1224 2566 1281 pl'a‘St'nle
2592 1221 2649 1266 et
2678 1221 2976 1280 spectante,
3009 1215 3077 1268 ab
3109 1213 3231 1282 ejus
3259 1214 3366 1268 Ieci
3393 1214 3588 1270 incolis

2012 1302 2162 1357 hisce
2189 1304 2456 1371 apostolis
2515 1302 2916 1358 celebrabatur.
2986 1304 3252 1359 Caesarem
3309 1321 3441 1361 vero
3493 1307 3587 1375 qui

2011 1384 2223 1460 primus
2247 1406 2342 1446 cos
2378 1392 2615 1463 subegit,
2639 1401 2694 1447 et
2722 1394 2882 1463 cujus
2904 1396 3128 1449 castella
3154 1395 3336 1450 adhuc
3379 1396 3585 1452 ibidem

2008 1489 2249 1545 exstant,
2277 1481 2505 1536 alterum
2533 1483 2754 1551 quidem
2788 1485 2854 1538 ad
2887 1485 3195 1554 trajectum.
3241 1487 3472 1543 alterum
3499 1505 3589 1544 ve-

2008 1587 2072 1627 ro
2102 1572 2250 1627 dicto
2282 1573 2335 1627 in
2362 1573 2479 1629 loco
2535 1575 2805 1646 ignorant.
2840 1576 3019 1646 Atque
3056 1591 3154 1647 ego
3196 1580 3417 1647 quidem
3474 1580 3588 1633 cxi-

2009 1665 2173 1719 stimo
2192 1674 2245 1719 et
2274 1667 2374 1720 ista
2393 1667 2599 1731 omnia,
2617 1677 2670 1721 et
2690 1666 2994 1723 Romanum
3020 1670 3329 1739 imperium,
3349 1680 3404 1725 et
3423 1673 3589 1740 impe-

354 1793 451 1844 ρων
481 1741 779 1845 μοναρνίαν
961 1741 1283 1839 ἡγεμονίαν,
1316 1741 1414 1821 καὶ
1458 1768 1557 1840 τὴν
1604 1770 1712 1822 τῶν
1738 1741 1910 1823 έθνῶν

2022 1766 2256 1811 ratorum
2288 1757 2663 1813 monarchiam
2682 1773 2746 1813 ac
2809 1759 3197 1829 principatum,
3236 1764 3589 1831 gentiumque

354 1864 594 1932 ὑπακοὴν
608 1862 691 1916 διὰ
707 1861 883 1914 ταῦτα
906 1859 1213 1929 γεγονέναι,
1237 1860 1325 1913 ἵνα
1347 1858 1523 1914 ταῦτα
1538 1860 1907 1933 ἀκολουθήσῃ.

357 1938 505 2009 Τι’δὲ
531 1956 633 2023 χρὴ
663 1954 759 2022 τὴν
786 1953 945 2017 ἀξίαν
974 1952 1078 2004 τῶν
1109 1952 1427 2004 ἀποστόλων
1461 1954 1555 2005 καὶ
1586 1951 1685 2023 τὴν
1713 1951 1911 2008 ἀπονε-

364 2047 588 2117 μομένην
612 2045 795 2106 αὐτοῖς
825 2042 1132 2105 εὐλάδειαν,
1167 2043 1262 2097 καὶ
1286 2042 1455 2127 τιμὴν
1479 2043 1536 2095 ἐν
1558 2044 1742 2107 αὐτοῖς
1770 2045 1914 2098 ἐκεί-

239 2173 257 2194 ,
352 2155 478 2199 νοις,
504 2136 742 2197 καὶτοῖς
785 2133 1026 2203 σώμασι,
1077 2135 1170 2187 καὶ
1203 2136 1319 2197 τοῖς
1349 2134 1541 2202 τάφοις
1580 2135 1760 2189 αὐτῶν
1792 2136 1916 2189 θαυ-

351 2229 536 2297 μάζειν
589 2228 685 2281 καὶ
748 2227 920 2298 optim;
957 2225 1176 2291 Ἔξεστι
1210 2228 1316 2294 γὰρ
1356 2225 1514 2280 τοῦτο
1538 2229 1671 2300 όρᾷν
1699 2245 1757 2281 τε
1818 2230 1917 2285 καὶ

349 2320 672 2389 θαυμάζειν,
704 2318 799 2371 καὶ
831 2319 923 2372 ἐπὶ
956 2317 1056 2389 τῆς
1089 2318 1262 2388 ἀρχῆς
1302 2319 1397 2388 τῆς
1428 2319 1776 2391 Ἕκκλησίας,
1821 2322 1917 2377 καὶ

347 2414 433 2464 ini
461 2415 577 2473 τοῖς
623 2410 931 2474 πολλοστοῖς
970 2407 1091 2478 μετ’
1125 2410 1371 2469 ἐκείνους
1399 2410 1469 2464 δι’
1494 2412 1691 2476 αὐτούς
1717 2430 1730 2443 ·
1759 2407 1915 2482 οἶμαι

346 2508 449 2572 γὰρ
496 2502 771 2572 μηδέποτε
804 2502 897 2553 ἐπὶ
938 2501 1039 2569 τῆς
1069 2501 1246 2570 ἀρχῆς
1283 2501 1383 2570 τῆς
1419 2502 1642 2573 Ῥώμης
1680 2506 1914 2575 ἐκείνης,

347 2597 485 2660 λέγω
518 2594 625 2661 τῆς
672 2592 930 2657 παλαιᾶς,
965 2593 1203 2645 τοσαῦτα
1239 2593 1586 2665 θεσπίσματα
1620 2596 1726 2648 τῶν
1755 2597 1915 2650 αύτο-

354 2686 636 2756 κρατόρων
688 2685 937 2746 ἐκείνων,
971 2686 1065 2736 κοιλ⁵
1099 2683 1195 2737 τοῦ
1225 2685 1399 2755 δήμου
1435 2687 1527 2740 καὶ⁵
1573 2689 1671 2757 τῆς
1702 2688 1918 2758 βουλῆς,

354 2776 447 2827 καὶ
492 2777 579 2829 διὰ
627 2766 887 2830 τοσούτου
943 2781 1142 2847 μέρους
1182 2779 1284 2849 τῆς
1317 2781 1646 2852 οἰκουμένης
1706 2784 1918 2853 φοιτᾷν,

349 2868 445 2918 ὅσα
473 2867 570 2920 καὶ
616 2868 818 2938 ὁσαχοῦ
878 2868 973 2921 νῦν
1008 2871 1153 2940 παρὰ
1185 2872 1282 2941 τῆς
1316 2872 1668 2940 Ἐκκλησίας.
1697 2874 1819 2925 Εἰσὶ
1863 2874 1921 2927 δὲ

346 2958 392 3009 οἱ
427 2955 782 3021 θεσπίζοντες
815 2956 902 3009 ἀεὶ
953 2960 1046 3010 καὶ
1077 2960 1125 3010 oi
1170 2959 1335 3029 κύρια
1371 2959 1657 3023 ποιοῦντες
1684 2961 1773 3014 διὰ
1814 2962 1921 3016 τῶν

2013 1846 2405 1915 snhjectioue'm
2469 1858 2752 1919 propterea
2785 1851 3087 1915 exstitisse,
3136 1865 3196 1905 ut
3227 1853 3341 1907 haec
3389 1854 3588 1908 dein'e

2013 1928 2390 2011 sequerentur.
2412 1941 2552 2009 Quid
2576 1959 2702 1998 vero
2720 1945 3089 2013 apostolorum
3112 1946 3338 2015 gloriam
3357 1956 3411 2001 ct
3429 1963 3590 2000 vene-

2014 2033 2281 2086 rationem
2305 2044 2468 2102 atque
2487 2035 2749 2093 honorem
2772 2035 2824 2089 in
2856 2035 2990 2105 ipsis
3014 2037 3334 2100 corporibus
3377 2052 3591 2091 corum-

2017 2138 2124 2192 que
2151 2125 2417 2193 sepulcris
2443 2125 2523 2180 eis
2544 2114 2845 2180 exhibitum
2868 2125 3127 2180 admirari
3152 2138 3205 2180 et
3229 2127 3590 2197 contemplari

2016 2215 2207 2270 attinet
2234 2216 2258 2270 ἲ
2284 2216 2341 2270 ld
2374 2216 2515 2270 enim
2544 2231 2606 2271 ex
2634 2216 2864 2287 imperio
2890 2225 2942 2271 et
2977 2218 3283 2286 principatu
3310 2218 3588 2287 Ecclesiae,

2016 2315 2070 2361 et
2097 2315 2315 2377 propter
2339 2306 2618 2377 principes
2643 2306 2807 2362 hosce
2824 2309 2876 2362 in
2907 2308 3064 2379 longa
3087 2326 3468 2366 successorum
3494 2327 3588 2366 se-

2026 2401 2104 2454 rie
2152 2401 2333 2454 videre
2399 2409 2453 2455 et
2506 2400 2765 2454 admirari
2829 2402 2976 2456 licet.
3030 2401 3383 2473 Nequaquam
3444 2406 3589 2459 enim

2020 2492 2121 2545 sub
2158 2492 2387 2560 imperio
2442 2490 2637 2546 veteris
2684 2491 2830 2548 illius
2886 2491 3071 2547 Ronuc
3097 2504 3173 2549 tot
3202 2496 3589 2566 imperatorum

2020 2584 2219 2648 edicta,
2241 2591 2317 2636 tot
2350 2582 2634 2647 plebiscita
2658 2590 2711 2636 et
2736 2587 3213 2639 senatusconsulta
3243 2602 3337 2655 per
3386 2597 3588 2641 tantam

2021 2674 2172 2729 Orbis
2212 2687 2483 2729 terrarum
2537 2686 2744 2743 partem
2810 2676 3081 2744 prodiisse
3131 2673 3405 2745 existima,
3459 2688 3592 2751 quot

2024 2781 2168 2818 nunc
2201 2765 2359 2834 longe
2394 2765 2606 2833 lateque
2629 2765 2698 2819 ab
2732 2764 2967 2821 Ecclesia
2990 2770 3257 2836 prodeunt
3282 2770 3378 2823 .Ea
3410 2781 3589 2824 autem

2011 2864 2239 2921 semper
2302 2855 2595 2921 obsignant
2645 2864 2700 2909 ct
2743 2856 3066 2910 confirmant
3119 2858 3418 2926 sigillorum
3470 2861 3594 2915 loco

2025 2945 2227 3014 eﬂigies
2255 2956 2307 3001 et
2334 2946 2510 3013 capita
2537 2945 2680 2999 Petri
2710 2957 2760 2999 et
2791 2946 2972 3012 Pauli;
3007 2949 3099 3015 qui
3131 2950 3313 3004 dicere
3347 2951 3454 3018 jam
3478 2967 3598 3006 ani-

350 3047 666 3116 σφραγίδων
689 3048 850 3112 αὐτὰ,
882 3049 937 3101 αἱ
967 3049 1195 3114 είκόνες,
1230 3051 1325 3103 καὶ
1354 3052 1411 3103 al
1437 3051 1675 3120 κεφαλαὶ
1707 3053 1919 3124 Πέτρου

2029 3041 2169 3107 plius
2200 3052 2476 3107 nequeunt
2507 3056 2522 3093 :
2557 3039 2845 3108 Argentum
2867 3049 3246 3094 etaurumnon
3270 3044 3589 3097 astuti/1U.»

347 3143 438 3190 καὶ
476 3136 721 3202 Παύλου,
755 3140 936 3192 οὐκέτι
957 3140 1272 3207 δυναμένων
1300 3141 1480 3211 λέγειν
1503 3160 1518 3176 ο
1564 3144 1863 3214 Ἀργύριον
1884 3147 1919 3216 ἢ

2029 3132 2164 3197 Quis
2207 3145 2336 3185 vero
2384 3146 2517 3199 opes
2545 3132 2612 3184 ab
2649 3130 2783 3200 ipsis
2825 3133 3055 3187 collatas
3077 3147 3403 3187 enumerare
3444 3139 3595 3203 pote-

346 3229 618 3296 χρυσίον
640 3230 749 3282 οὐκ
772 3229 903 3284 ἐστι
928 3246 1050 3299 μοι.
1073 3216 1168 3289 τίς
1195 3231 1239 3284 δ’
1263 3233 1328 3285 ἂν
1352 3234 1677 3304 ἁριθμήσειε
1707 3237 1774 3289 τὰ
1798 3238 1925 3309 παρ’

348 3322 530 3373 αὐτῶν
564 3321 863 3391 διδόμενα;
912 3323 1056 3387 Δξξω
1104 3324 1204 3394 μὲν
1241 3326 1373 3387 ἴσως
1401 3327 1514 3379 τισὶ
1542 3328 1724 3395 λέγειν
1757 3328 1925 3401 ὕπερ-

346 3409 529 3475 6ολὰς,
563 3404 722 3480 οἶμαι
744 3410 799 3464 δὲ
840 3411 1200 3476 συνελθούσας
1241 3414 1377 3483 ὁμοῦ
1410 3416 1592 3480 πάσας
1625 3420 1725 3481 τὰς
1751 3421 1926 3489 ἐγνω-

348 3504 554 3570 σμένας
590 3505 726 3573 ἡμῖν
747 3504 922 3573 ἀρχὰς
953 3505 1018 3557 ὲκ
1057 3505 1169 3558 τῶν
1201 3505 1702 3579 ἀπονενεμημένων
1739 3514 1927 3575 αὑταῖς

346 3590 403 3651 ἐξ
446 3591 629 3652 εῒους,
681 3593 775 3642 καὶ
808 3590 843 3644 ἃ
880 3590 1056 3660 κύριοι
1101 3594 1244 3646 κατὰ
1288 3595 1466 3664 ’νόμον
1510 3597 1809 3667 διανέμειν,
1851 3601 1924 3673 μὴ

346 3681 589 3732 τοσαῦτα
613 3680 799 3733 δοῦναι
821 3681 1101 3760 δύνασθαι.
1138 3684 1355 3737 Διδόασι
1383 3687 1440 3740 δὲ
1469 3689 1640 3741 ταῦτα
1665 3691 1692 3742 ό
1726 3691 1928 3760 Πέτρος

346 3770 761 3833 misria-319;.
796 3746 1149 3842 Και“ἀνάγκη
1180 3775 1236 3827 δι
1263 3774 1433 3829 ταῦτα
1465 3777 1666 3832 διδόναι
1688 3795 1703 3813 ο
1728 3746 1925 3835 οὐδ”ᾶᾷ

347 3860 537 3912 ἐκεῖνα
581 3863 914 3931 κατασχοῖεν
971 3865 1183 3927 ἑαυτοῖς
1239 3866 1288 3918 oi
1344 3867 1519 3920 ταῦτα
1571 3869 1922 3935 διαδιδόντες.

357 3951 604 4021 Ἀνάγκη
633 3951 690 4004 δὲ
736 3955 832 4005 καὶ
864 3954 978 4016 τοῖς
1026 3955 1134 4007 ἀπὸ
1170 3956 1379 4026 Πέτρου
1416 3958 1509 4011 καὶ
1564 3960 1798 4027 Παύλου,
1830 3964 1925 4015 καὶ

349 4041 444 4093 τοῦ
488 4043 697 4111 κλήρου
728 4042 936 4096 τούτων
967 4045 1267 4116 διανέμειν.
1300 4049 1408 4102 Kal.
1438 4051 1495 4104 οἵ
1520 4067 1578 4104 τε
1613 4051 1924 4120 λαμϐάνονο

350 4149 441 4195 τες
466 4133 688 4187 δοκοῦσι
731 4138 882 4205 παρὰ
907 4136 1184 4189 δεσποτῶν
1211 4139 1545 4210 λαμϐάνειν·
1574 4143 1629 4197 ot
1657 4160 1717 4196 τε
1761 4142 1929 4197 διδόν-

351 4238 445 4285 τες
476 4222 634 4275 eos»
658 4223 844 4293 κύριοι
882 4225 1135 4280 διδόασιν.
1172 4229 1328 4282 Ἐστι
1355 4229 1414 4283 δὲ
1443 4230 1621 4294 οὐδεὶς
1658 4232 1686 4284 ό
1717 4232 1928 4285 ἀντιλέ-

349 4330 483 4379 γων,
516 4314 660 4384 πλὴν
684 4314 742 4367 εῐ
765 4333 910 4378 τινες
939 4322 1080 4369 κατά
1107 4319 1166 4371 τὸ
1192 4319 1456 4389 δεδόσθαι,
1487 4324 1519 4393 ἢ
1550 4324 1625 4394 μὴ
1653 4324 1921 4386 δεδόσθαι.
1946 4380 1965 4394 ,

2029 3223 2098 3275 rit
2126 3221 2148 3275 ?
2175 3218 2418 3274 Videbor
2470 3218 2609 3274 forte
2645 3221 2923 3274 nonnullis
2968 3236 3079 3276 rem
3133 3223 3358 3276 nimium
3413 3226 3597 3279 verbis

2026 3314 2285 3368 extollere
2318 3330 2331 3366 :
2366 3322 2494 3381 puto
2519 3323 2698 3367 tamen
2729 3327 2918 3367 omnes
2941 3313 3088 3368 orbis
3109 3315 3407 3386 principes,
3429 3328 3593 3386 quot-

2027 3417 2160 3475 quot
2191 3407 2256 3459 ad
2279 3415 2522 3460 nostram
2561 3405 2813 3460 notitiam
2855 3408 3595 3479 pervenere,simuljuuctos

2026 3512 2091 3549 ex
2108 3495 2388 3550 consuetis
2414 3495 2533 3550 Suis
2561 3480 3126 3566 reditihnsihonisque,
3147 3513 3381 3566 quorum
3408 3502 3597 3554 distri-

2028 3567 2368 3640 h'ucndorum
2394 3597 2635 3656 potestas
2650 3588 2770 3656 jure
2790 3587 2856 3641 ad
2876 3587 3025 3657 ipsos
3049 3598 3281 3658 spectat,
3304 3605 3412 3643 non
3435 3606 3597 3661 posse

2028 3684 2235 3729 tantum
2271 3672 2542 3732 conferre.
2588 3675 2893 3731 Coul‘eruut
2927 3688 3109 3732 autem
3139 3680 3252 3734 haec
3286 3680 3495 3735 ‘Petrns
3541 3688 3597 3736 et

2031 3768 2230 3823 Paulus
2266 3787 2279 3823 :
2313 3779 2363 3823 et
2392 3758 2644 3835 conferre
2678 3784 2967 3825 necessum
3037 3780 3122 3827 est
3157 3789 3171 3826 :
3227 3786 3327 3827 nec
3375 3788 3596 3829 servate

2028 3861 2130 3914 sibi
2167 3861 2363 3913 vellent
2395 3863 2485 3928 qui
2511 3875 2573 3915 ea
2597 3862 2907 3915 conferunt.
2933 3862 3229 3929 Necessum
3275 3874 3455 3918 autem
3509 3873 3594 3920 est

2027 3951 2171 4004 Petri
2196 3963 2247 4005 et
2277 3952 2429 4006 Pauli
2459 3968 2812 4008 successores
2858 3969 3159 4024 eorumque
3188 3956 3446 4011 l'atniliam
3478 3956 3595 4013 ha-c

2027 4042 2380 4097 distribuere.
2410 4041 2474 4095 Et
2500 4043 2590 4112 qui
2616 4058 2677 4096 ea
2714 4046 3010 4112 accipiunt,
3034 4053 3332 4113 tanquama
3356 4048 3595 4103 dominis

2028 4134 2277 4199 accipere
2304 4131 2553 4184 \idetttur
2587 4149 2601 4184 :
2631 4131 2976 4186 conferentes
2993 4143 3173 4187 autem
3209 4145 3465 4204 tanquam
3502 4141 3597 4193 (l0-

2027 4223 2159 4276 tuini
2195 4220 2509 4277 conferunt.
2556 4221 2675 4276 Nec
2716 4221 3006 4292 quisquam
3049 4225 3379 4282 contradicit
3431 4252 3443 4283 :
3487 4229 3591 4285 nisi

2028 4315 2171 4385 quod
2205 4315 2536 4369 nunuullidc
2566 4325 2683 4369 rata
2700 4316 2972 4370 autirrita
3023 4316 3311 4373 collatione
3357 4320 3591 4375 invicem

350 4408 439 4456 καὶ
467 4406 579 4457 τίνι
614 4406 862 4459 δεδόσθαι
888 4407 1143 4479 ἀλλήλοις
1172 4412 1594 4482 ἁμφισδητοΐεν.
1628 4416 1736 4469 Καὶ
1761 4416 1919 4470 τοῦτο

2032 4405 2259 4471 litigent.
2294 4401 2358 4456 Et
2381 4403 2481 4458 hoc
2504 4404 2676 4472 ipsum
2716 4418 2903 4459 rursus
2937 4406 3058 4460 illos
3087 4406 3595 4476 dijudicare,etco-

352 4495 402 4547 ts
430 4499 570 4550 α-ιτδ
600 4497 671 4549 δι’
699 4498 942 4562 ἐκείνους
976 4497 1133 4563 αὖθις
1158 4503 1479 4574 ἐπικρίνειν,
1520 4507 1615 4559 καὶ
1642 4507 1750 4560 τῶν
1776 4524 1927 4577 γενο-

353 4588 532 4651 μένων
559 4589 696 4657 παρ’
721 4589 903 4642 αὐτῶν
927 4591 1123 4654 αὐτοὺς
1150 4588 1290 4646 εἶναι
1321 4596 1516 4665 κριτὰς
1550 4599 1641 4649 καὶ
1664 4600 1920 4668 ὁριστὰς

352 4679 613 4744 πολλάκις
648 4682 705 4732 δὲ
738 4684 831 4733 καὶ
860 4682 969 4734 τῶν
1017 4683 1150 4753 παρ’
1181 4684 1357 4738 ἄλλων
1388 4689 1690 4757 γινομένων
1717 4693 1798 4754 εἰς
1827 4692 1925 4744 αύ-

352 4771 475 4830 τοὺς
506 4771 613 4841 τὴν
645 4770 837 4837 ἔφεσιν
862 4772 1183 4827 διαϐαίνειν.
1214 4776 1282 4828 Τί
1311 4776 1369 4829 δὲ
1402 4778 1502 4840 τὰς
1546 4783 1925 4849 πνευματικὰς

352 4859 546 4924 δόσεις.
580 4864 635 4916 τι
662 4864 720 4915 δὲ
739 4865 867 4928 τοὺς
888 4866 996 4918 τῶν
1019 4865 1206 4933 φυλῶν
1232 4868 1456 4936 κριτάςς
1485 4869 1641 4922 Ἐστι
1666 4874 1773 4940 γὰρ
1797 4874 1929 4944 όρᾷν

352 4954 500 5004 κατὰ
522 4953 783 5021 γλώσσας
818 4956 914 5009 ἐπὶ
939 4956 1033 5009 τοῦ
1063 4958 1193 5010 ναοῦ
1230 4957 1341 5010 τῶν
1368 4960 1682 5014 ἀποστόλων
1697 4963 1930 5018 ἐνταῦθα

351 5042 461 5111 μὲν
494 5045 817 5115 καθήμενον
849 5048 944 5101 ἐπὶ
982 5048 1175 5117 θρόνου
1219 5048 1311 5101 τὸν
1344 5050 1612 5104 ἀκούοντα
1659 5056 1786 5116 τοὺς
1821 5056 1926 5110 ἀπὸ

346 5137 458 5190 τῶν
507 5138 859 5206 Βρετανικῶν
903 5140 1084 5209 νήσων
1138 5140 1227 5196 ἐπ’
1267 5142 1418 5211 αὐτῷ
1467 5143 1643 5215 τούτῳ
1692 5146 1927 5215 ἥκοντας

348 5226 918 5297 ἑξομολογουμένους·
944 5231 1178 5285 ἐνταῦθα
1206 5231 1263 5285 δὲ
1292 5232 1384 5286 τὸν
1409 5235 1532 5298 τοὺς
1563 5238 1668 5287 ἀπ’)
1685 5236 1924 5308 Ἰϐηρίας

348 5317 381 5387 ἢ
410 5320 693 5383 Γαλατίας
712 5338 728 5352 ο
762 5321 890 5398 Δἐκεῖ
910 5322 967 5376 δὲ
992 5324 1084 5376 τὸν
1115 5324 1243 5387 τοὺς
1274 5325 1383 5377 ἀπὺ
1407 5327 1721 5395 Δαλματίας
1746 5328 1778 5398 ἢ
1818 5331 1922 5381 Δα-

347 5410 473 5471 κοῖας
496 5425 513 5441 ο
549 5395 841 5474 αὐτοὺςδὲ
875 5414 968 5465 ἐπὶ
1016 5414 1127 5467 τῶν
1155 5414 1317 5478 όδῶν,
1353 5415 1385 5485 ῆ
1424 5416 1516 5468 ἐπὶ
1561 5417 1661 5487 τῆς
1692 5395 1917 5484 πόλεως,

344 5500 379 5567 ἦ
408 5502 504 5553 ἐπὶ
539 5503 642 5570 τῆς
664 5503 959 5573 ἐκκλησίας
983 5508 1297 5576 συμμιγεῖς,
1332 5506 1523 5569 ἄλλους
1544 5507 1713 5578 ἄλλην
1737 5511 1921 5580 φωνὴν

424 5684 440 5713 ¹
479 5684 608 5734 Act.
646 5695 729 5744 Itt,
762 5683 837 5737 ϐξ

2029 4511 2149 4551 rum
2172 4510 2290 4565 qua:
2318 4494 2417 4564 ipsi
2454 4494 2877 4564 fecere,juilices
2899 4511 2961 4550 ac
2981 4497 3290 4553 deﬁnitores
3303 4513 3424 4554 esse
3442 4516 3597 4569 Opor-

2030 4599 2142 4654 tet;
2173 4588 2372 4657 saepius
2406 4596 2589 4641 autem
2628 4589 2776 4643 etab
2819 4590 2885 4643 iis
2937 4603 3058 4658 qua:
3107 4588 3200 4643 alii
3238 4596 3594 4661 constituere,

2029 4684 2467 4753 provocationem
2504 4681 2571 4735 ad
2610 4695 2708 4734 eos
2749 4680 2886 4747 ﬁeri.
2915 4680 3053 4746 Quid
3081 4691 3260 4735 autem
3278 4685 3594 4752 Spirituales

2028 4774 2365 4844 largitiones,
2400 4773 2530 4842 quid
2559 4774 2843 4826 nationum
2877 4772 3090 4840 jutlices
3109 4789 3538 4830 commemorem
3569 4776 3594 4831 i

2029 4866 2166 4921 Nam
2188 4866 2242 4919 in
2266 4867 2464 4934 templo
2486 4874 2797 4918 sanctorum
2818 4865 3189 4933 apostolorqu
3235 4882 3334 4936 pro
3376 4868 3594 4938 lingua-

2034 4972 2152 5011 rum
2187 4955 2506 5011 diversitate
2548 4968 2770 5010 cernere
2808 4952 2932 5008 licet
2955 4955 3043 5010 hic
3062 4956 3282 5025 quidem
3309 4959 3590 5013 sedentem

2032 5049 2085 5103 in
2115 5046 2337 5111 throno,
2376 5057 2430 5101 et
2487 5048 2890 5101 auscultantem
2948 5046 3325 5104 confessiones
3377 5064 3591 5115 eorum,

2026 5140 2118 5211 qui
2149 5153 2215 5194 ex
2245 5138 2579 5193 Britannicis
2612 5139 2807 5193 insulis
2839 5139 2982 5194 hanc
3024 5142 3195 5209 ipsam
3252 5141 3320 5193 ob
3369 5154 3592 5195 causam

2028 5240 2382 5288 accesserunt
2411 5250 2424 5286 :
2461 5232 2621 5288 isthic
2643 5247 2834 5287 eorum
2867 5232 2962 5303 qui
2991 5247 3054 5285 ex
3079 5232 3338 5299 Hispania
3367 5233 3593 5287 vchal-

2030 5323 2101 5378 lia
2131 5343 2144 5379 :
2170 5323 2296 5377 alibi
2333 5338 2463 5378 vero
2491 5322 2663 5391 qoiex
2688 5322 2951 5375 Dalmatia
2982 5322 3064 5374 vel
3094 5319 3253 5373 Dacia
3295 5324 3589 5375 advenere.

2032 5416 2142 5471 llos
2173 5425 2356 5470 autem
2390 5415 2445 5470 in
2470 5414 2683 5483 plateis,
2715 5413 2798 5467 vel
2828 5423 2924 5482 per
2943 5413 3157 5474 urbem,
3182 5410 3265 5465 vel
3286 5411 3340 5465 in
3359 5412 3593 5468 ecclesia

2026 5504 2337 5580 promiscue
2368 5506 2503 5561 alios
2534 5505 2694 5560 aliam
2727 5519 2910 5559 vocem
2968 5504 3313 5572 proferentes
3371 5504 3589 5563 audias.
