4014 6214
464 244 542 311 35

1635 239 2034 301 MANUELIS
2068 239 2160 299 CH
2180 240 2593 300 ΠῩΞΟΕΟΠΑΞ

3658 245 3725 305 36

465 358 737 427 Quocirca
769 370 878 417 non
909 364 1041 411 tunc
1067 355 1248 411 solum
1288 354 1522 425 apostoli
1547 369 1714 423 super
1747 353 2040 411 duodecim

2148 357 2531 424 προϊεμένους.
2571 356 2683 409 Kal
2715 354 2815 408 οὐκ
2845 351 2952 424 ἄρα
2984 354 3079 407 ἐπὶ
3106 352 3316 409 δώδεκα
3345 356 3507 427 μόνον
3527 357 3732 430 θρόνων

384 485 387 489 -
469 456 700 507 thronos
727 449 1014 513 sedebant,
1039 449 1195 518 juxta
1212 446 1417 503 Christi
1436 445 2051 517 promissionem,judi-

466 550 657 597 cantes
685 539 974 596 duodecim
1011 539 1190 595 tribus
1224 539 1389 593 Israel
1424 538 1558 595 :sed
1590 545 1645 593 et
1672 537 1775 591 hoc
1799 544 2048 606 tempore

468 635 547 690 illi
578 636 629 687 in
654 631 839 686 multis
873 632 1092 685 thronis
1132 629 1381 701 iudicum
1431 630 1607 684 instar
1635 629 1851 692 sedent,
1903 627 2051 697 judi-

467 736 657 780 cantes
683 724 879 795 orbem
934 731 1253 777 terrarum:
1304 737 1406 776 nec
1441 720 1619 775 solum
1668 721 1719 774 in
1779 718 2051 790 primitiva

468 811 734 873 Ecclesia,
761 811 853 865 sed
877 825 1019 863 nunc
1038 825 1256 879 quoque
1276 824 1373 863 sua
1393 810 1594 879 cuique
1614 812 1794 879 lingua
1812 810 2053 879 loquun-

468 914 577 965 tur,
633 905 785 956 itaut
847 901 1081 970 intelligi
1115 911 1341 971 queant.
1369 902 1513 968 Quin
1542 902 1711 957 etiam
1744 903 1963 957 decreta
1998 911 2053 956 et

467 994 896 1049 constitutiones
975 1004 1293 1047 sanctorum
1362 995 1737 1063 apostolorum
1803 1010 2052 1064 quaqua-

465 1101 708 1145 vrrsum.
728 1086 934 1147 utdixi,
958 1085 1105 1139 foras
1147 1085 1414 1155 prodeunt
1438 1102 1452 1140 :
1475 1095 1529 1138 et
1554 1086 1661 1139 huc
1689 1086 2055 1155 unde-quaque

466 1190 574 1228 non
611 1176 786 1228 solum
817 1178 1115 1230 multorum
1154 1175 1391 1238 dierum,
1419 1176 1512 1230 sed
1547 1187 1601 1231 et
1636 1177 1907 1251 mensium
1966 1176 2054 1230 iti-

465 1284 597 1322 nere
650 1269 934 1322 conﬂuunt
991 1269 1211 1323 nemine
1265 1279 1659 1338 persequente,
1719 1278 2054 1325 accusantes

466 1362 813 1429 semctipsos,
837 1361 981 1429 quod
1003 1360 1155 1415 Plato
1176 1361 1231 1413 in
1260 1360 1459 1429 Gorgia
1491 1375 1608 1423 eos,
1649 1358 1892 1429 quiiusti
1928 1374 2057 1413 eva-

464 1451 592 1505 dere
626 1454 875 1521 cupiunt,
906 1452 1085 1507 facere
1112 1448 1379 1521 praecipit,
1415 1462 1476 1506 ut
1502 1451 1776 1506 sententia
1809 1453 2058 1521 istorum_

465 1556 683 1613 recepta
728 1545 1031 1615 injnuctam
1089 1560 1306 1614 pmnam
1363 1559 1528 1614 opere
1578 1545 1857 1614 expleant.
1908 1542 2054 1601 Nihil

463 1637 612 1690 enim
658 1638 724 1691 de
770 1637 836 1690 iis
881 1638 1027 1699 dico,
1053 1638 1146 1706 qui
1202 1651 1269 1692 ex
1314 1645 1584 1706 μεθεριο
1637 1636 1761 1690 inde
1809 1636 1877 1689 ab
1930 1636 2056 1688 ulti-

465 1727 570 1779 mis
599 1736 757 1779 terra:
808 1727 1010 1779 ﬁnibus
1066 1726 1151 1779 vel
1205 1726 1349 1779 ultro
1391 1736 1716 1790 accurrunt,
1769 1724 1854 1779 vel
1898 1724 2051 1780 inviti

463 1818 885 1886 pertrahuntur.
916 1816 1050 1880 Quis
1084 1830 1215 1868 vero
1250 1830 1359 1867 non
1388 1815 1773 1882 Obstupescat,
1806 1815 1936 1871 dum
1997 1816 2049 1869 in

463 1911 683 1979 publico
703 1907 1039 1963 consistorio
1068 1921 1262 1976 papam
1292 1920 1558 1976 responsa
1585 1906 1810 1960 dantem
1847 1913 1902 1960 et
1926 1920 2050 1960 ora-
2085 1919 2098 1935 '

460 2001 586 2055 cola
614 2000 929 2055 fundentem
965 2000 1117 2054 audit
1141 2002 1164 2053 ’ί
1189 2001 1311 2070 quis
1339 2014 1445 2052 non
1475 1997 1777 2053 admiretur
1792 1996 1921 2052 dum
1946 1997 2048 2050 ista

460 2092 652 2145 videt?
680 2090 785 2145 Sed
812 2091 940 2160 quid
974 2092 1129 2161 plura
1152 2093 1221 2146 de
1256 2091 1341 2146 Itis
1364 2090 1550 2145 dicere
1573 2089 1808 2145 attinet?
1832 2088 1886 2142 ld
1920 2103 2050 2143 vero

460 2182 606 2250 quod
648 2181 716 2236 de
755 2182 1128 2252 apostolorum
1175 2181 1426 2250 reliquiis
1463 2182 1731 2243 dicebam.
1780 2179 2047 2250 quantum

462 2273 594 2327 huic
640 2272 761 2327 urbi
799 2272 1117 2336 conferant,
1152 2272 1342 2327 videre
1380 2273 1504 2327 licet
1527 2287 1590 2326 ex
1625 2270 2049 2327 Commentariis

457 2363 809 2434 Chrysotomi
841 2364 893 2417 in
922 2364 1221 2433 Epistulam
1256 2363 1408 2417 Pauli
1444 2363 1512 2417 ad
1540 2364 1807 2431 hosipsos
1844 2362 2049 2416 Romae

464 2471 589 2519 nos,
620 2456 667 2510 si
699 2464 847 2509 recte
877 2456 1128 2521 memini,
1155 2456 1260 2509 sub
1290 2457 1477 2519 linem,
1512 2455 1604 2509 ubi
1630 2456 1711 2510 vir
1733 2470 1842 2509 non
1868 2454 2047 2508 solum

462 2565 579 2614 ore,
616 2549 709 2603 sed
739 2558 792 2602 et
814 2548 1000 2601 animo
1036 2563 1162 2603 vere
1190 2563 1413 2613 aureus,
1447 2555 1623 2602 totum
1653 2538 1966 2601 sermonem
1995 2553 2050 2599 et

458 2656 691 2696 aureum
720 2638 851 2693 illud
884 2642 1147 2710 scriptum
1174 2639 1533 2701 concludens,
1558 2640 1725 2694 veluti
1750 2639 1937 2693 divino
1966 2641 2049 2691 lu-

462 2744 589 2785 rore
616 2731 951 2795 concitatus,
995 2732 1077 2785 bis
1115 2741 1265 2787 terve
1294 2740 1349 2787 et
1381 2731 1887 2800 sa-piusexrlamat.
1942 2730 2049 2785 Cu-

462 2835 649 2891 perem
684 2822 867 2876 videre
899 2823 1087 2875 urbem
1122 2823 1296 2886 illam,
1319 2820 1548 2877 Romam
1570 2823 1786 2877 scilicet
1816 2862 1831 2888 ,
1864 2822 1917 2875 in
1938 2839 2047 2891 qua

465 2913 581 2968 haec
610 2922 665 2967 et
688 2914 794 2967 alia
822 2913 890 2968 de
922 2914 1610 2984 apostoliscorporumque
1636 2930 1827 2969 eorum
1864 2916 2049 2984 sepul-

2151 452 2275 502 τότε
2298 450 2347 501 oi
2373 448 2664 502 ἀπόστολοι
2687 447 3030 514 καθίσονται,
3068 448 3209 500 κατά
3239 450 3340 518 τὴν
3371 451 3732 518 ἔπαγγελίαν,

2153 543 2436 613 κρίνοντες
2475 542 2573 604 τὰς
2603 540 2816 593 δώδεκα
2845 539 3020 608 φυλὰς
3048 538 3140 593 τοῦ
3183 541 3402 611 Ἰσραήλ
3422 558 3435 571 ο
3468 544 3605 596 diu
3641 548 3732 598 καὶ

2154 634 2248 687 νῦν
2276 626 2422 684 οὗτοι
2454 632 2725 700 κάθηνται
2754 631 2845 684 ἐπὶ
2872 631 3083 683 πολλῶν
3108 631 3332 702 θρόνων,
3358 632 3553 705 ὥσπερ
3587 639 3732 702 τινὲς

2152 725 2426 779 δικασταὶ.
2454 723 2735 794 κρίνοντες
2760 723 2859 791 τὴν
2884 723 3234 793 οἰκουμένην.
3265 726 3377 779 Kal
3404 726 3503 778 οὐκ
3524 727 3616 779 ἐπὶ
3634 732 3729 798 της

2154 817 2394 885 ἀρχαίας
2428 814 2761 883 Ἐκκλησίας
2799 814 2984 884 μόνον,
3018 814 3154 867 ἀλλά
3195 815 3292 867 καὶ
3319 817 3413 868 νῦν
3443 818 3582 870 κατά
3632 820 3729 888 τὴν

2156 909 2333 964 αὐτῶν
2368 908 2553 977 φωνὴν
2583 908 2716 959 πᾶσι
2744 908 2941 958 συνετά
2978 906 3331 974 φθέγγονται.
3365 909 3474 961 Kal
3519 908 3620 974 ἔξω
3647 927 3726 972 τε,

2154 1001 2226 1064 ὡς
2255 996 2434 1063 εἷπον,
2465 998 2775 1068 πανταχόσε
2802 999 2870 1049 τὰ
2901 997 3010 1049 τῶν
3040 998 3360 1052 ἀποστόλων
3405 1000 3731 1071 ψηφίσματα

2156 1094 2249 1147 καὶ
2298 1093 2645 1160 θεσπίσματα
2676 1091 2957 1161 διαφοιτᾷ.
3013 1091 3120 1143 Kal
3172 1090 3335 1162 δείρο
3392 1093 3733 1163 πανταχόθεν

2155 1181 2405 1252 ἔρχονται
2454 1180 2668 1233 πολλῶν
2703 1179 2948 1250 ἡμερῶν,
3000 1179 3101 1250 ἥδη
3134 1179 3192 1232 δὲ
3227 1182 3322 1233 καὶ
3376 1182 3564 1250 μηνῶν
3612 1183 3734 1234 ὁδον

2156 1273 2388 1345 μηδενὸς
2418 1272 2711 1333 διώκοντος
2768 1271 2991 1334 αὐτοὺς,
3043 1272 3408 1341 κατεροῦντες
3468 1272 3564 1341 μὲν
3607 1274 3737 1325 ἑαυ-

2155 1344 2287 1427 τῶν,
2321 1363 2349 1416 δ
2382 1363 2604 1416 Πλάτων
2637 1362 2695 1414 ὲν
2722 1344 2926 1431 Γοργίᾳ
2953 1364 3064 1425 τοῖς
3100 1360 3451 1430 βουλομένοις
3478 1363 3571 1415 καὶ
3605 1363 3737 1433 μέλα

2154 1444 2312 1507 λουσι
2336 1454 2563 1517 δικαίοις
2591 1450 2732 1506 εἶναι
2764 1455 3039 1523 παραινεῖ,
3070 1452 3348 1524 δεξόμενοι
3378 1454 3479 1516 τάς
3505 1454 3735 1508 ἐκείνων

2156 1547 2487 1616 ἀποφάσεις,
2534 1544 2630 1600 καὶ
2680 1544 3072 1616 πληρώσαντες
3110 1544 3211 1607 τὰς
3262 1545 3567 1612 ἐπιτιμίας.
3628 1547 3735 1598 Ἰαίῶ

2159 1636 2268 1707 γὰρ
2294 1638 2420 1701 τοὺς
2450 1637 2515 1689 ἐκ
2540 1636 2861 1708 προσταγῆς
2888 1635 3172 1708 πόρρωθεν
3196 1636 3303 1690 ἀπὸ
3329 1637 3439 1691 τῶν
3463 1636 3733 1709 ὲσχατιῶν

2154 1730 2257 1799 τῆς
2283 1730 2613 1800 οἰκουμένης
2644 1730 2943 1800 τρέχοντας
2973 1729 3007 1800 ἢ
3057 1729 3387 1799 ἀγομένους.
3429 1730 3526 1792 Τίς
3557 1730 3605 1783 δ’
3628 1730 3733 1783 οὐκ

2153 1819 2219 1872 ἃν
2248 1820 2555 1888 ἐκπλαγείη
2584 1818 2678 1870 τοῦ
2710 1820 2914 1873 πάππα
2944 1820 3160 1874 ἀκούων
3190 1824 3247 1874 ὲν
3275 1820 3442 1891 κοινῷ
3471 1820 3735 1891 συνεδρίῳ

2152 1908 2587 1985 χρηματίζοντος
2624 1910 2719 1962 καὶ
2742 1911 3201 1980 χρησμῳδοῦντος
3229 1930 3242 1976 ;
3268 1914 3353 1974 τίς
3382 1913 3483 1965 οὐκ
3514 1913 3579 1966 ἂν
3606 1912 3735 1969 θαυ-

2155 1999 2349 2068 μάσειε
2398 1998 2573 2054 ταῦτα
2630 1999 2811 2069 όρῶνς
2858 1998 3023 2054 Ἀλλὰ
3084 2004 3210 2067 περὶ
3257 2004 3465 2055 τούτων
3524 2006 3579 2056 τί
3628 2002 3733 2072 χρὴ

2153 2092 2322 2145 πλείω
2353 2092 2569 2159 λέγειν;
2613 2093 2678 2144 Ὃ
2706 2092 2760 2144 δὲ
2802 2090 3012 2160 ελεγον,
3046 2092 3170 2145 ὅσον
3198 2090 3312 2144 ἐστὶ
3341 2093 3409 2144 τὰ
3451 2092 3561 2147 τῶν
3598 2094 3734 2144 ἀπο-

2155 2185 2361 2238 στόλων
2394 2185 2623 2254 λείψανα
2648 2188 2714 2253 τῇ
2749 2185 2901 2237 πόλει
2943 2187 3139 2254 ταύτῃ,
3176 2185 3448 2254 πάρεστιν
3480 2184 3588 2235 ἀπὸ
3632 2185 3731 2245 τῆς
3828 2180 3837 2191 “

2165 2274 2515 2346 Ἐξηγήσεως
2545 2275 2638 2329 τοῦ
2663 2276 3052 2345 Χρυσοστόμου
3089 2277 3146 2328 ὲν
3173 2275 3249 2343 τῷ
3283 2274 3426 2328 τέλει
3463 2276 3560 2344 τῆς
3598 2278 3729 2342 πρὸς

2152 2368 2351 2429 αὐτοὺς
2390 2368 2614 2430 τούτους
2653 2368 2783 2432 τοὺς
2819 2366 3149 2435 Ῥωμαίους,
3199 2369 3247 2418 εἱ
3279 2364 3461 2427 καλῶς
3513 2366 3731 2435 μέμνη-

2156 2477 2277 2528 μαι,
2312 2459 2527 2512 Παύλου
2566 2458 2891 2527 Ἐπιστολῆς
2933 2457 3081 2518 ίδεῖν.
3116 2459 3175 2511 ὲν
3203 2453 3244 2525 ᾧ
3274 2458 3364 2510 τον
3396 2458 3516 2509 ὅλον
3549 2456 3730 2524 λόγον,

2151 2553 2245 2602 le
2278 2550 2335 2602 τὸ
2374 2548 2613 2620 χρυσοῦν
2646 2550 2988 2618 σύγγραμμα
3020 2551 3196 2602 ἐκεῖνο
3229 2553 3257 2602 ὁ
3291 2549 3527 2620 χρυσοῦς
3559 2549 3731 2609 ὅντως

2151 2641 2211 2693 οὐ
2240 2641 2300 2693 τὸ
2336 2644 2508 2708 στόμα
2546 2641 2727 2710 μόνον,
2762 2642 2898 2694 ἀλλά
2931 2640 3025 2693 καὶ
3055 2641 3153 2707 τὴν
3183 2640 3366 2711 ψυχὴν
3397 2641 3539 2711 ἀνὴρ
3580 2642 3728 2692 ὲκεί-

2151 2749 2240 2793 νος
2278 2731 2616 2797 καταπαύει,
2656 2733 2719 2784 ὲν
2777 2728 2861 2794 οἷς
2912 2730 3101 2800 ὥσπερ
3162 2731 3454 2783 ἐνθουσιῶν
3511 2734 3591 2792 δὶς
3633 2735 3729 2782 καὶ

2150 2825 2273 2893 τρὶς
2297 2822 2392 2877 καὶ
2424 2822 2689 2885 πολλάκις
2712 2821 2886 2889 λέγει,
2904 2822 3242 2891 Ἐϐουλόμην
3267 2821 3368 2888 τὴν
3402 2819 3558 2875 πόλιν
3586 2820 3730 2874 ἐκεί·

2156 2932 2255 2985 νην
2286 2914 2439 2981 ίδεῖν,
2474 2914 2573 2983 τὴν
2613 2912 2835 2981 Ῥώμην
2862 2899 3058 2980 λέγων,
3099 2914 3157 2963 ὲν
3248 2911 3317 2963 τά
3350 2909 3444 2963 καὶ
3478 2910 3566 2973 τὰ,
3597 2911 3728 2977 περὶ

462 3013 587 3060 tura
616 3015 669 3059 et
696 3005 985 3074 praesentia
1018 3006 1373 3060 referuntur:
1400 3021 1655 3072 cuperem
1698 3006 1823 3059 illos
1856 3007 2043 3074 pedes,

2153 3005 2261 3058 τῶν
2294 3006 2616 3059 ἀποστόλων
2674 3007 2769 3059 καὶ
2800 3006 2899 3073 τῆς
2950 3005 3061 3057 τῶν
3117 3004 3389 3074 σωμάτων
3447 3002 3629 3056 αὐτῶν
3668 3006 3727 3054 ὲν

459 3110 722 3164 cuperem
759 3110 974 3159 manus,
1018 3111 1273 3164 cuperem
1325 3097 1501 3166 capita
1537 3098 1745 3151 videre.
1782 3097 1893 3151 Nec
1924 3113 2044 3152 crs—

447 3194 572 3261 .sat,
611 3185 785 3237 instar
829 3198 1021 3238 eorum
1077 3187 1168 3252 qui
1215 3185 1503 3254 impotenti
1544 3201 1732 3240 amore
1772 3188 2041 3251 laborant,

463 3276 678 3346 singula
735 3276 975 3331 membra
1028 3291 1314 3333 recensere
1342 3316 1358 3342 ,
1407 3285 1463 3334 et
1509 3278 1816 3333 sexcenties
1850 3280 2040 3335 eadem

462 3370 668 3424 dicere.

542 3545 649 3602 Sed
684 3548 798 3601 hac
816 3545 1039 3616 quidem
1074 3560 1220 3598 nunc
1251 3543 1421 3599 missa
1471 3542 1742 3599 faciamus
1794 3561 1809 3611 ;
1865 3559 2043 3614 neque

461 3643 611 3699 enim
644 3640 952 3694 litterarum
982 3637 1180 3690 modus
1226 3644 1337 3688 tam
1395 3635 1667 3705 prolixum
1728 3650 2038 3691 sermonem

461 3731 741 3786 admittit:
779 3736 837 3784 et
866 3726 1271 3797 qualiacunque
1308 3726 1524 3780 tandem
1553 3727 1875 3791 dixerimus.
1909 3727 2043 3780 nihil

461 3828 529 3879 de
562 3824 629 3877 iis
656 3836 756 3893 pro
792 3819 1058 3890 dignitate
1088 3819 1298 3873 dixisse
1346 3817 1655 3873 videbimur
1691 3834 1704 3872 :
1734 3813 1855 3872 'tum
1907 3834 2041 3875 vero

458 3930 638 3986 pauca
687 3913 954 3967 duntaxat
1000 3909 1269 3981 principio
1314 3908 1567 3965 dicturus
1601 3911 2042 3967 eramzsednon

462 4006 750 4062 observavi
791 4021 874 4058 me
923 4002 1138 4072 loogius
1168 4002 1389 4056 modum
1419 4002 1750 4057 excessisse.
1788 4001 1912 4058 Haec
1943 4019 2043 4058 au-

462 4109 569 4152 tem
603 4097 749 4151 velut
779 4093 1133 4164 appendicem
1190 4090 1502 4146 litterarum
1558 4106 1807 4146 mearum
1873 4093 2042 4149 animi

459 4187 771 4243 oblectandi
798 4186 969 4256 gratia
1002 4184 1252 4240 scribere
1294 4183 1488 4237 volui:
1547 4185 1853 4252 praesertim
1911 4198 2038 4240 cum

2147 3098 2284 3167 αὐτῇ
2332 3099 2510 3166 ταφῆς
2561 3098 2654 3150 καὶ
2723 3099 3033 3169 παρουσίας
3095 3098 3342 3166 φάσκων.
3394 3095 3725 3165 Ἐϐουλόμην

2144 3188 2272 3248 τοὺς
2304 3187 2468 3248 πόδας
2506 3186 2773 3251 ἐκείνους,
2809 3187 3116 3255 ἐϐουλόμην
3142 3187 3241 3249 τάς
3264 3188 3473 3257 χεῖρας,
3508 3186 3726 3237 ἐϐουλό-

2149 3295 2258 3348 μην
2293 3277 2509 3341 ὲκείνας
2560 3279 2655 3339 τὰς
2713 3278 2961 3347 κεφαλὰς
3014 3276 3164 3329 ίδετν.
3197 3278 3305 3331 Kal
3353 3276 3413 3329 οὐ
3466 3276 3722 3340 παύεται,

2145 3370 2334 3441 ὥσπερ
2368 3372 2416 3422 oi
2444 3369 2774 3438 δυσέρωτες,
2801 3368 2945 3421 κατά
3002 3368 3141 3438 μέλη
3172 3366 3406 3434 διεξιὼν,
3458 3368 3557 3420 καὶ
3615 3386 3721 3436 μυο

2148 3461 2328 3532 ριάκις
2355 3461 2533 3514 ταυτὰ
2562 3461 2769 3529 λέγων.

2228 3554 2390 3607 ’Λλλά
2423 3554 2598 3607 ταῦτα
2634 3554 2733 3622 μὲν
2766 3554 2945 3625 ἐῶμεν
2984 3553 3085 3624 ἤδη
3110 3569 3124 3584 ο
3152 3551 3277 3606 οὔτε
3306 3556 3417 3624 γὰρ
3450 3556 3572 3609 κατ’
3603 3556 3723 3609 ἑπι-

2147 3642 2340 3714 στολὴν
2370 3646 2611 3697 τοσαῦτα
2642 3647 2845 3714 λέγειν,
2878 3648 2973 3700 καὶ¹
3020 3646 3121 3699 ὅσα
3150 3646 3217 3699 ἂν
3271 3648 3547 3724 εςποιμεν,
3572 3648 3723 3701 οὐδὲν

2147 3742 2212 3793 ἂν
2238 3742 2366 3810 περὶ
2401 3741 2606 3793 τούτων
2628 3742 2823 3810 εἴημεν
2854 3740 2988 3808 πρὸς
3021 3740 3180 3805 ἀξίαν
3212 3742 3519 3812 εἰρηκότεςο
3547 3743 3725 3805 ἄλλως

2143 3850 2202 3887 τε
2238 3832 2494 3903 ἠρξάμην
2533 3834 2636 3902 μὲν
2663 3834 2736 3895 ὡς
2760 3833 2923 3900 ὀλίγα
2959 3834 3122 3903 ἐρῶν,
3160 3834 3353 3886 ἔλαθον
3398 3834 3455 3885 δὲ
3486 3836 3723 3904 ἐμαυτὸν

2148 3924 2354 3996 σφόδρα
2380 3924 2548 3987 ἐκϐὰς
2571 3922 2664 3977 τοῦ
2693 3925 2916 3994 μέτρου.
2943 3919 3047 3979 Οἷα
3067 3925 3121 3979 δὲ
3145 3924 3417 3995 ἑπιθήκην
3440 3926 3551 3978 τῶν
3574 3926 3724 3994 ἐμῶν

2144 4016 2491 4084 γραμμάτων
2529 4015 2685 4069 τοῦτο
2718 4016 3061 4087 ποιούμενος,
3096 4014 3367 4087 θυμηδίας
3412 4018 3559 4080 τινος
3621 4020 3723 4086 χά-

2149 4123 2258 4175 ριν,
2285 4107 2456 4159 ταῦτα
2495 4106 2803 4177 ἐϐουλήθην
2850 4108 3091 4179 γράψαιο
3133 4107 3356 4176 μάλισθ’
3389 4109 3472 4161 ὅτι
3516 4109 3574 4159 έν
3606 4112 3722 4170 τοῖς

2147 4198 2260 4259 σοῖς
2294 4198 2432 4266 πρὸς
2462 4200 2561 4268 ἐμὲ
2598 4200 2894 4271 γράμμασι
2928 4200 3066 4267 πρὸς
3094 4203 3208 4263 τοῖς
3237 4199 3419 4263 ἄλλοις
3448 4201 3541 4252 καὶ
3562 4199 3721 4253 τοῦτο

462 4282 518 4337 in
548 4280 654 4335 tuis
684 4282 750 4332 ad
785 4292 869 4330 me
896 4275 1091 4329 litteris
1122 4274 1174 4328 id
1203 4288 1425 4343 quoque
1474 4273 1616 4327 inter
1649 4274 1754 4327 alia
1797 4275 2037 4345 positum

2148 4278 2301 4353 εὗρον
2344 4288 2685 4356 ἐγκείμενον,
2716 4291 2791 4354 ὡς
2839 4290 2997 4358 ὀλίγα
3030 4290 3356 4345 ἐπιστέλλω.
3407 4289 3633 4343 Σπεύδω
3663 4291 3717 4344 δὲ

464 4368 784 4440 repererim.
816 4366 961 4435 quod
991 4379 1184 4434 parum
1218 4363 1482 4417 scribam.
1510 4361 1689 4419 Hasce
1717 4372 1905 4420 autem
1939 4366 2037 4420 lit.-

2148 4344 2316 4434 ταιῖτα
2352 4344 2560 4445 δοῦναι,
2611 4344 2685 4451 μη
2719 4344 2828 4454 πρὸ
2862 4344 2958 4453 τῆς
2991 4386 3069 4448 εἰς
3110 4344 3360 4437 Βενετίαν
3387 4382 3567 4438 αὐτῶν
3596 4384 3721 4451 ἀφί-

460 4470 611 4516 teras
640 4458 772 4513 dare
799 4454 1037 4519 festino,
1088 4470 1159 4511 nc
1204 4460 1497 4523 antequam
1539 4452 1796 4511 Venetias
1850 4471 2039 4525 perve-

459 4553 645 4617 niant,
669 4550 793 4620 ejus
823 4547 1068 4603 civitatis
1092 4546 1346 4601 triremes
1365 4546 1478 4617 jam
1509 4545 1887 4603 discesserint.
1931 4546 2036 4607 Sed

462 4639 709 4710 profecto
737 4643 788 4695 in
810 4638 1119 4708 hujusmodi
1152 4652 1211 4692 re
1236 4637 1290 4691 id
1324 4637 1484 4708 longe
1524 4638 1905 4693 difﬁcillimum
1932 4648 2038 4701 est.

460 4743 612 4790 recte
637 4732 900 4802 incipere,
926 4741 979 4785 et
1004 4735 1142 4786 bene
1171 4730 1331 4784 linire
1360 4748 1375 4796 ;
1403 4746 1528 4785 nam
1560 4739 1667 4785 tota
1718 4746 1808 4788 res
1856 4744 2041 4789 extre-

463 4824 750 4880 mitatibus
771 4823 1049 4886 delinitur,
1067 4831 1120 4876 et
1138 4820 1365 4876 formant
1386 4820 1516 4877 inde
1540 4822 1767 4894 accipit.
1789 4822 1854 4879 Et
1884 4827 2037 4881 multi

463 4926 522 4971 ut
542 4917 794 4973 nesciunt
822 4917 965 4969 unde
993 4914 1394 4984 incipiendum,
1423 4917 1495 4970 ita
1530 4930 1707 4986 neque
1768 4918 1858 4972 ubi
1911 4921 2037 4977 linis

461 5010 825 5078 imponendos
849 5009 939 5071 sit,
972 5021 1138 5076 quos,
1165 5017 1453 5078 postquam
1480 5010 1773 5078 coeperint,
1823 5027 2041 5082 semper

462 5095 608 5165 loqui
635 5111 920 5153 necessum
945 5105 1050 5153 est.
1075 5096 1384 5165 Egoautem
1405 5104 1556 5152 tanto
1574 5102 1837 5169 temporis
1860 5105 2040 5173 Spatia

460 5188 565 5244 isto
592 5186 753 5242 modo
783 5187 927 5256 apud
957 5185 1341 5240 celsitudinem
1373 5196 1519 5241 tuam
1554 5189 1705 5257 silui,
1742 5199 1801 5246 ut
1858 5208 2039 5263 ccepta

462 5278 550 5333 vix
611 5277 831 5334 tandem
888 5276 1085 5331 iterum
1148 5276 1404 5333 oratione
1469 5282 1580 5333 cito
1639 5282 1887 5339 desinere
1947 5302 2040 5343 ne-

460 5387 677 5441 queam.
719 5371 823 5427 Sed
870 5380 930 5425 ut
980 5371 1033 5425 in
1088 5370 1379 5440 praeteritis
1412 5372 1741 5433 intermissae
1776 5378 2040 5435 orationis

458 5463 699 5528 silentio,
734 5462 811 5517 ita
863 5476 1010 5515 nunc
1060 5462 1377 5531 loquacitati
1435 5480 1569 5521 meae
1617 5466 1892 5538 ignosces.
1933 5471 2038 5529 Sed

454 5567 580 5603 eum
611 5552 920 5619 hujusmodi
957 5555 1119 5607 rebus
1144 5554 1287 5623 apud
1319 5564 1370 5609 te
1399 5558 1659 5627 expositis
1690 5558 1813 5616 ﬁnis
1855 5578 2039 5617 neces-

456 5642 602 5698 satio
627 5644 907 5700 faciendus
965 5646 1063 5714 sit,
1094 5646 1223 5701 nolo
1278 5658 1456 5704 tamen
1514 5660 1799 5721 propterea
1832 5664 2034 5711 nostrae

2142 4474 2278 4541 ξεως
2307 4474 2365 4528 at
2386 4475 2633 4543 τριήρεις
2660 4479 2760 4544 τῆς
2787 4476 2996 4541 πόλεως
3032 4476 3248 4544 ἐκείνης
3277 4475 3557 4544 φθάσωσιν
3588 4478 3719 4531 ἁνα-

2140 4567 2377 4635 χθείσαι.
2418 4565 2562 4617 Ἀλλ’
2589 4566 2757 4629 ὅντως
2787 4568 2844 4618 ὲν
2875 4568 3037 4622 παντὶ
3068 4568 3356 4637 πράγματι
3396 4569 3572 4621 ἰκεῖνό
3602 4570 3718 4620 ἐστι

2140 4656 2344 4726 μᾶλλον
2378 4655 2661 4717 δύσκολον.
2690 4659 2906 4720 οἰκείως
2939 4675 2997 4710 τε
3025 4658 3320 4728 ἄρξασθαι,
3348 4659 3441 4711 καὶ
3480 4658 3716 4722 δεόντως

2141 4745 2490 4816 τελευτῆσαι.
2522 4749 2635 4802 Kal
2664 4748 2725 4800 τὺ
2761 4748 2881 4801 ὅλον
2914 4747 2970 4800 δὲ
3004 4748 3188 4815 ἁπλῶς
3226 4751 3340 4811 τοῖς
3385 4749 3573 4819 ἄκροις
3603 4751 3720 4819 dp!-

2141 4836 2294 4901 ζεται
2319 4838 2413 4890 καὶ
2452 4840 2671 4910 μορφὴν
2703 4840 2989 4910 λαμϐάνει.
3024 4840 3135 4897 Καὶ
3159 4839 3345 4893 πολλοὶ
3377 4838 3570 4907 ῶσπερ
3594 4840 3718 4894 ὅθεν

2140 4930 2219 4983 δεῖ
2250 4929 2523 4999 ἄρξασθαι
2572 4933 2673 4985 οὐκ
2707 4933 2912 4998 ἴσασιν,
2946 4934 3119 4996 οὕτως
3144 4933 3254 4984 οὐδ’
3286 4934 3421 4986 ὅπου
3459 4933 3540 4987 δεῖ
3566 4933 3719 4993 τέλος

2139 5021 2426 5076 ἐπιθεῖναι.
2476 5024 2717 5093 Ἀνάγκη
2762 5024 2826 5094 δὴ
2866 5024 3088 5086 τούτους
3118 5023 3461 5094 ἀρξαμένους
3500 5025 3588 5077 ἀεὶ
3627 5025 3718 5075 λα’

2141 5112 2273 5166 λεῖν.
2319 5112 2461 5181 Ἐγὼ
2484 5115 2539 5167 δὲ
2564 5116 2656 5167 καὶ
2678 5116 2931 5169 τοσοῦτον
2962 5117 3156 5186 χρόνον
3188 5116 3281 5169 τὸν
3302 5116 3506 5185 τρόπον
3533 5113 3717 5166 τοῦτον

2141 5205 2277 5275 πρὸς
2311 5206 2372 5257 τὸ
2400 5206 2493 5258 σὸν
2528 5206 2659 5275 ὕψος
2694 5204 3006 5275 ἐσιώπησα,
3032 5206 3174 5260 ὥστε
3214 5208 3367 5274 μόλις
3402 5205 3531 5258 ποτὲ
3561 5204 3716 5265 αὖθις

2141 5298 2446 5365 ἀρξάμενος
2476 5301 2539 5351 οὗ
2574 5297 2810 5367 δύναμαι
2847 5301 3059 5369 ταχέως
3107 5298 3294 5365 λῆξαι.
3328 5295 3628 5367 Συγγνώσῃ
3658 5296 3714 5345 δέ

2143 5404 2244 5457 μου
2269 5388 2459 5458 ὥσπερ
2485 5390 2541 5440 ἐν
2565 5392 2676 5450 τοῖς
2704 5389 2944 5456 φθάσασι
2979 5392 3043 5460 τῇ
3080 5390 3224 5442 κατά
3249 5387 3344 5438 τὸν
3378 5385 3578 5452 τρόπον
3596 5386 3716 5436 τοῦ·

2140 5495 2231 5530 τον
2260 5480 2423 5549 μέχρι
2450 5479 2593 5542 τινὶις
2624 5480 2715 5532 τοῦ
2742 5480 2926 5548 λέγειν
2966 5484 3169 5550 σιωπῇ,
3201 5480 3343 5531 οὓτω
3389 5477 3484 5528 νῦν
3520 5478 3586 5544 τῇ
3617 5491 3715 5527 πο-

2140 5568 2603 5638 λυλογίᾳ.’Λλλως
2634 5588 2690 5622 τε
2718 5572 2812 5623 καὶ
2841 5574 2965 5642 περὶ
2994 5572 3253 5645 τοιούτων
3278 5569 3411 5638 πρὸς
3440 5567 3499 5618 σὲ
3530 5566 3715 5633 λέγον-

2141 5676 2231 5722 τος
2261 5662 2471 5732 ἀνάγκη
2503 5679 2560 5728 γε
2621 5664 2725 5732 μὴν
2757 5665 2905 5729 τέλος
2940 5664 3227 5717 ἐπιθεῖναι.
3259 5662 3333 5715 Οὐ
3361 5659 3627 5731 βούλομαι
3657 5659 3716 5715 δὲ
