4014 6214
519 235 591 298 39
1668 225 2066 287 MANUEIJS
2125 225 2653 286 Cttnrsowna
3702 244 3773 297 ευ

521 365 619 404 nec
660 348 783 402 huic
816 346 1039 401 alterius
1070 342 1339 399 coloniam
1379 342 1655 411 filiamque
1685 358 1825 402 esse.
1858 358 1957 395 nec
1991 357 2090 393 nn-

2202 347 2417 413 μητέρα
2444 338 2607 407 εἶναι,
2643 341 2779 412 μήτε
2816 326 3034 411 ἐκείνην
3072 339 3241 409 ἄλλης
3276 318 3531 400 ἀποικίαν
3560 350 3656 402 καὶ
3675 351 3773 403 θυ-

516 456 705 508 qnam,
764 437 907 492 sicut
958 437 1119 490 modo
1153 436 1289 499 dixi,
1339 444 1488 487 tanta
1545 434 1598 486 itt
1638 443 1809 485 matre
1861 441 1914 483 et
1960 431 2089 492 tilia,

516 543 717 601 quanta
742 530 793 583 itt
834 530 1000 594 hisce,
1027 529 1328 582 similitudo
1368 526 1546 580 fuerit.
1576 525 1652 578 Ita
1688 536 1741 577 ttt
1773 522 1937 593 ltnjns
1966 526 2095 592 pul-

516 624 786 686 chritudo,
825 623 998 676 instar
1029 621 1166 689 ignis
1199 630 1292 673 aut
1328 618 1467 671 radii
1503 616 1722 671 aliunde
1754 614 1991 677 accensi,
2023 615 2092 665 ab

516 715 605 767 illa
639 712 910 779 acceperit
948 721 1322 779 augmentum.
1364 707 1495 761 Nam
1551 708 1597 761 si
1640 707 1772 758 nihil
1805 705 1950 757 aliud
1991 721 2090 759 ιιοο

513 805 599 860 bis
624 804 914 857 dicendum
942 810 1277 873 suppeteret,
1305 801 1443 853 situs
1475 799 1563 851 ille
1586 813 1774 852 versus
1806 806 2091 862 utramque

512 884 906 956 continentem,
940 893 1210 962 Europam
1245 892 1369 945 dico
1398 900 1451 944 et
1477 889 1657 944 Asiam
1684 930 1697 954 ,
1734 898 1787 943 et
1822 892 2090 944 connexio

514 985 973 1057 septemtrionalis
1008 995 1060 1037 et
1110 983 1483 1037 meridionalis
1527 983 1711 1041 maris,
1758 986 1831 1034 ita
1876 991 1932 1035 ut
1964 983 2090 1053 ltittc

513 1078 928 1138 continentium,
959 1076 1153 1129 istltinc
1175 1090 1476 1142 mquorttm,
1502 1075 1580 1126 vel
1605 1074 1782 1144 potius
1813 1085 2090 1126 utrorum-

512 1189 617 1240 que
645 1170 909 1224 beneﬁcio
934 1170 1119 1221 urbem
1149 1177 1421 1220 terrarum
1443 1180 1741 1235 gentesque
1772 1165 1937 1229 illius,
1966 1176 2088 1218 tan-

511 1260 674 1332 quam
727 1259 1006 1315 communi
1039 1259 1275 1329 quodam
1321 1256 1536 1310 vinculo
1600 1257 1921 1325 coniungat,
1971 1270 2090 1307 rur-

513 1366 749 1418 sumque
778 1365 805 1400 a
836 1365 895 1402 se
924 1348 1157 1401 invicem
1192 1346 1438 1401 seclndat
1474 1346 1591 1415 ipsa
1626 1345 1770 1397 velut
1802 1345 1869 1398 ad
1905 1355 2091 1413 portas

512 1442 872 1508 sita.quibus,
896 1454 1098 1509 quaeso,
1122 1438 1172 1491 id
1202 1453 1311 1491 non
1340 1437 1471 1490 utile
1489 1438 1664 1489 solum
1696 1445 1748 1490 et
1775 1436 2087 1505 pulchrum,

513 1532 607 1585 sed
636 1534 795 1583 etiam
825 1530 1034 1598 regium
1069 1543 1175 1581 non
1212 1526 1539 1580 videretur?
1574 1526 1708 1579 Nam
1744 1536 1932 1594 portus
1968 1541 2090 1578 meo

508 1623 716 1691 judicio
752 1621 964 1674 cretei-is
1000 1620 1167 1673 totius
1213 1618 1364 1671 orbis
1397 1617 1768 1687 magnitudine
1803 1629 1855 1670 et
1881 1615 2089 1670 securi-

2197 437 2407 507 γατέρα
2428 454 2442 467 ·
2474 437 2611 506 μήτε
2634 434 2740 506 μὴν
2774 436 2828 487 ὲν
2858 435 3031 505 μητρὶ
3060 437 3157 489 καὶ
3188 437 3437 509 θυγατρὶ,
3464 440 3597 510 ὅπερ
3616 442 3772 512 ἔφην,

2196 531 2328 599 ὅσην
2361 530 2418 581 ιν
2470 526 2697 590 ταύταις
2750 528 2881 579 ποτὲ
2936 529 3233 599 ὁμοιότητα
3274 531 3561 597 γενέσθαιο
3614 534 3677 586 τό
3707 550 3774 601 γε

2199 623 2309 691 μὴν
2358 621 2565 688 ταύτης
2620 620 2837 683 κάλλος,
2867 618 3056 689 ὥσπερ
3092 621 3236 685 τινὸς
3274 622 3446 692 πυρὸς
3486 623 3519 695 ἢ
3554 626 3774 687 ἀκτῖνος

2197 711 2411 781 ἔξαψιν,
2446 710 2542 761 ἀπ’
2577 711 2793 779 ἐκείνης
2826 711 3070 779 ἐπίδοσιν
3101 712 3405 784 εἰληφέναι.
3444 716 3501 767 Εἰ
3536 718 3642 786 γὰρ
3673 734 3775 786 μη-

2196 801 2282 854 δὲν
2342 801 2532 867 ἕτερον
2578 801 2760 868 λέγειν
2792 801 3014 870 ἔχομεν,
3048 802 3163 853 ἀλλ’
3197 804 3229 874 ἡ
3293 805 3426 870 πρὸς
3459 806 3775 876 ἀμφοτέρας

2195 895 2293 957 τὰς
2346 895 2631 964 ἠπείρους,
2667 895 2766 965 τήν
2816 912 2873 947 τε
2929 896 3201 967 Εὐρώπην
3250 896 3392 966 λέγω
3439 899 3531 951 καὶ
3568 900 3775 965 Ἀσίαν,

2197 988 2365 1050 θέσις,
2401 986 2516 1039 ἀλλ’
2550 989 2581 1048 ὴ
2616 988 2887 1057 συνάφεια
2913 988 3011 1059 τῆς
3051 1008 3110 1043 τε
3145 989 3403 1061 ἀρκτῴας
3439 992 3535 1043 καὶ
3570 1008 3781 1061 μεσημ-

2196 1080 2384 1152 ϐρινῆς
2442 1079 2745 1149 θαλάσσης,
2778 1080 2919 1133 ὥστε
2980 1084 3044 1151 τῇ
3099 1084 3198 1151 μὲν
3231 1084 3318 1148 διᾲ
3367 1083 3477 1135 τῶν
3506 1084 3781 1153 ἠπείρων,

2194 1178 2263 1244 τῇ
2306 1175 2361 1227 δὲ
2395 1175 2481 1228 διὰ
2506 1175 2615 1229 τῶν
2647 1175 2960 1238 θαλασσῶν,
3003 1177 3207 1246 μᾶλλον
3239 1178 3295 1231 δὲ
3327 1178 3398 1229 δι’
3426 1179 3781 1248 ἀμφοτέρων,

2196 1268 2387 1338 ὥσπερ
2419 1269 2477 1319 ὲν
2502 1267 2667 1339 κοινῷ
2696 1284 2801 1320 τινι
2827 1268 3111 1339 συνδέσμῳ
3137 1271 3434 1323 συνάπτειν
3462 1272 3556 1322 καὶ
3579 1268 3784 1323 κλείειν

2195 1356 2352 1424 αὖθις
2386 1361 2480 1413 ἀπ’
2528 1360 2792 1429 ἀλλήλων,
2850 1347 3036 1429 ὥσπερ
3069 1364 3161 1414 ἐπὶ
3208 1363 3394 1417 πυλῶν
3438 1358 3781 1431 ἳσταμένην,

2195 1451 2294 1522 τὴν
2341 1452 2694 1521 οἰκουμένην,
2728 1454 2822 1505 καὶ
2851 1454 2918 1506 τὰ
2951 1456 3041 1508 ἐπὶ
3071 1455 3276 1524 ταύτης
3326 1455 3479 1524 ἔθνη,
3507 1456 3652 1511 τίσιν
3682 1456 3786 1508 οὐκ

2191 1544 2257 1596 ἂν
2281 1543 2450 1605 δόξειε
2487 1543 2648 1612 μόνον
2672 1548 2948 1615 χρήσιμον
2979 1547 3073 1598 καὶ
3103 1546 3333 1614 ὡραῖον,
3364 1544 3500 1599 ἀλλὰ
3551 1547 3647 1600 καὶ
3682 1545 3784 1615 βα-

2198 1635 2404 1689 σιλικὸν
2435 1632 2612 1702 εῐναι;
2644 1637 2715 1690 ’Ὀ
2750 1655 2811 1703 γε
2865 1637 2971 1707 μὴν
2997 1637 3187 1709 λιμὴν,
3220 1638 3406 1701 νικῶν,
3441 1634 3619 1705 οἶμαι,
3655 1637 3785 1698 τοὺς

514 1722 621 1767 tate
652 1712 1006 1775 antecellens,
1039 1708 1286 1763 Omnium
1320 1707 1497 1762 ubivis
1535 1709 1777 1761 locorum
1807 1716 2090 1761 contexta-

2200 1726 2521 1796 ἁπανταχοῦ
2577 1694 2798 1796 μεγέθει
2849 1694 2941 1780 καί
3006 1694 3301 1799 ἀσφαλείᾳ,
3359 1694 3539 1788 πάσας
3588 1694 3654 1780 αν
3684 1694 3788 1789 τάξ

512 1821 632 1860 runt
672 1805 977 1857 triremium
1011 1805 1343 1870 naviumque
1387 1815 1587 1869 capax:
1625 1811 1738 1856 tum
1775 1792 1921 1869 quod
1955 1809 2089 1862 tota,

511 1907 571 1952 ut
597 1898 668 1951 ita
701 1899 900 1961 dicam,
945 1896 1082 1949 mari
1120 1904 1173 1948 et
1200 1894 1504 1948 continenti
1534 1893 1892 1946 circumcirca
1925 1892 2094 1962 cingi-

512 2001 623 2056 tur,
664 1991 734 2043 ita
764 1998 821 2042 ut
868 1989 1057 2041 eadem
1096 1995 1149 2040 et
1171 1986 1460 2041 continens
1506 1985 1766 2053 undique,
1820 1995 1871 2037 et
1916 1984 2091 2037 insula

450 2116 457 2123 —
511 2082 640 2135 item
680 2079 958 2134 terrestris
985 2078 1148 2132 simul
1180 2086 1347 2145 atque
1387 2076 1661 2129 maritima
1692 2075 1785 2128 sit.
1828 2072 2090 2126 Maenium

510 2187 731 2241 quoque
759 2186 958 2225 corona
990 2183 1181 2223 revera
1202 2178 1256 2221 et
1287 2166 1547 2232 ambitus,
1570 2168 1661 2235 qui
1687 2166 1871 2220 nescio
1893 2182 1959 2218 an
1986 2165 2091 2218 ulla

506 2265 562 2318 itt
600 2280 656 2318 re
678 2262 989 2333 Babyloniis
1018 2263 1213 2316 cedere
1238 2261 1411 2330 possit
1436 2277 1449 2311 :
1482 2260 1788 2312 ettttrrium
1819 2259 1872 2311 in
1899 2259 2091 2311 iisdem

509 2355 840 2425 frequentia,
871 2354 1189 2424 magnitudo
1225 2364 1278 2408 et
1305 2352 1539 2407 altitudo
1570 2368 1583 2416 ;
1613 2352 1685 2405 ita
1723 2359 1781 2403 ttt
1832 2350 2096 2420 quaelibet

512 2464 701 2502 carum
736 2450 779 2502 si
820 2450 902 2501 vel
936 2447 1049 2501 sola
1078 2453 1249 2509 esset,
1304 2460 1414 2514 prae
1472 2445 1667 2514 quavis
1716 2442 1822 2496 alia
1883 2444 2092 2510 integra

509 2553 779 2599 structura
798 2540 1213 2594 admirationem
1229 2537 1628 2608 spectatoribus
1652 2536 1894 2591 incutere
1908 2544 2091 2604 queat:

508 2651 633 2689 cum
666 2635 743 2686 vel
770 2633 884 2687 sola
915 2634 1179 2702 graduum
1221 2631 1423 2701 quibus
1475 2630 1925 2684 conscenduntur
1978 2644 2092 2681 ma-

508 2725 759 2795 gnitudo,
793 2725 1080 2779 erassities
1109 2736 1160 2778 et
1198 2733 1479 2780 structura
1530 2722 1890 2778 admiratione
1929 2721 2093 2793 digna

507 2820 580 2873 sit
612 2837 625 2873 :
670 2829 782 2872 tum
826 2832 950 2871 vero
996 2816 1284 2882 moenium,
1316 2829 1488 2885 porta:
1520 2817 1871 2886 turriumque
1900 2817 1954 2871 in
1987 2816 2094 2869 illis

508 2910 865 2963 eminentium
897 2909 1192 2977 splendor:
1218 2916 1271 2961 et
1298 2923 1396 2976 pro
1430 2908 1704 2962 moenibus
1732 2906 2091 2969 antemurale,

507 3002 654 3071 quod
684 3001 859 3054 solum
894 3000 1050 3053 alteri
1102 2998 1312 3054 civitati
1346 3014 1443 3067 pro
1497 3014 1693 3053 securo
1747 2999 2090 3052 munimento

498 3093 806 3147 sulﬁeetet:
837 3102 949 3146 tum
976 3093 1157 3145 adhuc
1181 3092 1451 3146 fossarum
1478 3094 1683 3162 egestio
1709 3103 1764 3145 et
1786 3102 2084 3150 structura.

508 3199 805 3254 earumque
830 3186 1063 3238 latitudo
1080 3195 1132 3238 et
1156 3185 1524 3255 profunditas,
1545 3194 1599 3239 et
1622 3200 1780 3254 aquae
1808 3186 1858 3238 in
1892 3184 2084 3237 iislem

508 3276 663 3344 copia
693 3294 705 3328 ε
742 3286 799 3330 ιιι
834 3293 939 3345 qua
974 3287 1185 3329 tantum
1233 3286 1387 3346 parte
1418 3292 1480 3331 ea
1508 3278 1716 3342 deerat,
1756 3277 1918 3331 isiltic
1950 3293 2086 3344 quo-

508 3384 615 3433 qne
645 3368 789 3420 illius
827 3370 1090 3422 beneﬁcio
1124 3369 1252 3423 urbs
1282 3369 1556 3423 maritima
1589 3370 1870 3424 videatur:
1898 3387 2088 3441 quem-

512 3461 804 3512 admodum
862 3462 979 3513 vice
1030 3477 1208 3527 versa,
1266 3477 1373 3531 qua
1432 3473 1583 3532 parte
1638 3464 1914 3516 maritima
1981 3474 2084 3525 est.

510 3564 733 3621 propter
766 3551 970 3606 insulas
1009 3553 1217 3607 vicinas
1249 3554 1551 3608 continenti
1592 3555 1868 3609 adhaerere
1902 3555 2088 3610 videa-

510 3655 640 3697 tnr:
672 3646 897 3713 utquod
932 3646 1000 3697 de
1048 3645 1463 3699 Atheniensium
1496 3640 1971 3717 civitate'quidam
2006 3648 2085 3701 di-

513 3734 609 3797 xit,
636 3750 754 3786 eam
794 3746 846 3788 et
878 3737 1326 3806 punet-navigari
1370 3748 1421 3791 et
1448 3739 1905 3809 circumnarigari
1935 3740 2087 3808 pedi-

510 3826 723 3895 busque
770 3829 992 3882 circuiri
1041 3844 1218 3898 posse,
1244 3831 1358 3884 haec
1403 3831 1567 3885 etiam
1617 3835 1834 3900 gemino
1877 3833 2086 3887 ambitu

513 3921 846 3984 circueatnr,
903 3922 1204 3992 eademque
1271 3924 1627 3979 nihilominus
1666 3938 1886 3995 propter
1933 3942 2087 3996 aqua:

512 4013 724 4082 copiam
753 4014 1023 4067 maritima
1054 4015 1125 4068 sit
1151 4036 1163 4070 ;
1198 4016 1331 4080 haec,
1350 4017 1598 4086 inquam,
1617 4019 1798 4071 omnia
1815 4019 1941 4089 quid
1966 4021 2089 4073 reli-

510 4121 681 4173 quum
710 4105 915 4161 faciunt
932 4122 1040 4177 quo
1060 4110 1307 4178 superari
1328 4124 1358 4163 a
1387 4124 1663 4180 quoquam
1687 4112 1895 4179 possint
1916 4113 2086 4180 iquin

510 4198 692 4269 potius
713 4215 823 4268 quo
846 4203 1037 4254 saltem
1068 4205 1254 4256 accedi
1284 4204 1352 4257 de
1378 4206 1629 4273 proximo
1649 4205 1857 4272 possint
1879 4216 1932 4257 et
1950 4217 2089 4256 exae-

509 4291 707 4362 quari?
729 4290 995 4345 Interiora
1026 4304 1205 4345 autem
1238 4296 1388 4347 urbis
1409 4298 1682 4349 moenibus
1709 4307 1763 4348 et
1786 4294 2086 4362 exemplari

2197 1819 2518 1890 ἁπανταχοῦ
2556 1819 2779 1874 πώποτε
2801 1822 3103 1890 γενομένας
3138 1823 3387 1893 τριήρεις
3419 1823 3516 1876 καὶ
3546 1821 3784 1884 ὁλκάδας

2196 1906 2308 1973 οἷός
2345 1928 2403 1964 τε
2432 1908 2509 1963 ὣν
2562 1902 2818 1974 δέξαόθαι
2844 1925 2857 1940 °
2892 1911 2951 1964 τὸ
2993 1910 3047 1963 δὲ
3078 1911 3261 1981 κύκλῳ
3293 1909 3417 1965 καθ’
3447 1911 3580 1979 ὅλην
3605 1912 3680 1973 ὼς
3710 1912 3792 1962 εἰ-

2198 2004 2321 2055 πεῖν
2358 2002 2561 2069 ἑαυτὴν
2606 2000 2884 2056 θάλασσάν
2914 2018 2973 2053 τε
3011 2003 3104 2056 καὶ
3151 2002 3377 2073 ἤπειρον
3430 2000 3792 2071 πανταχόθεν

2197 2093 2363 2164 ἔχειν,
2399 2092 2539 2146 ὥστε
2570 2092 2668 2163 τὴν
2713 2093 2887 2162 αὐτὴν
2918 2094 3102 2163 πάντη
3138 2112 3197 2147 τε
3231 2096 3461 2166 ἡπειρον
3498 2095 3595 2146 καὶ
3622 2092 3792 2164 νῆσον

2194 2182 2360 2251 εἶναι,
2389 2185 2683 2255 πρόσγειόν
2715 2202 2773 2238 τε
2798 2185 2895 2256 τὴν
2927 2185 3099 2257 αὐτὴν
3139 2187 3254 2256 ἅμα
3281 2187 3377 2240 καὶ
3407 2188 3685 2252 πελαγίαν
3707 2199 3723 2216 ·
3761 2186 3791 2237 ό

2194 2278 2252 2331 δὲ
2283 2279 2390 2331 τῶν
2415 2277 2615 2347 τειχῶν
2648 2277 2914 2345 στέφανος
2938 2276 3153 2347 ἀληθῶς
3177 2280 3269 2331 καὶ
3300 2277 3505 2339 κύκλος
3540 2278 3645 2331 οὐκ
3671 2271 3793 2329 οἶδα

2197 2375 2256 2424 ἐν
2281 2372 2385 2423 τίνι
2410 2369 2727 2439 δυναμένων
2766 2368 3054 2423 λείπεσθαι
3085 2369 3194 2423 τῶν
3223 2369 3591 2423 Βαϐυλωνίων
3612 2387 3627 2399 ο
3663 2372 3695 2438 ἡ
3734 2369 3792 2421 δὲ

2195 2463 2308 2516 τῶν
2341 2463 2400 2516 ὲν
2430 2462 2615 2524 αὐτοῖς
2652 2461 2884 2531 πύργων
2909 2463 3188 2530 πυκνότης
3214 2465 3309 2516 καὶ
3333 2463 3391 2516 τὸ
3427 2462 3664 2533 μέγεθος
3697 2460 3798 2516 καὶ

2196 2555 2355 2626 ὕψος,
2412 2555 2555 2609 ὥστε
2613 2555 2868 2619 ἕκαστον,
2913 2556 2963 2607 εί
2991 2556 3085 2608 καὶ
3133 2555 3297 2625 μόνος
3323 2550 3392 2626 ἦν
3421 2556 3632 2625 δήπου,
3668 2554 3797 2607 καθ’

2196 2648 2391 2702 ἑαυτὸν
2439 2648 2555 2701 ἀντ’
2595 2647 2763 2709 ἄλλης
2812 2648 2959 2708 τινὸς
3015 2647 3144 2713 ὅλης
3178 2648 3476 2717 οἰκοδομῆς
3520 2645 3800 2700 δύναιθαι

2197 2742 2386 2811 θαῦμα
2415 2740 2683 2809 παρέχειν
2718 2742 2833 2801 τοῖς
2872 2738 3192 2805 θεωμένοις.
3223 2730 3325 2791 Ὧν
3357 2738 3420 2809 δὴ
3476 2740 3574 2791 καὶ
3610 2738 3798 2806 μόνων

2196 2836 2305 2889 τῶν
2336 2834 2661 2901 ἁναγουσῶν
2690 2834 2774 2895 είς
2810 2833 2952 2885 αὐτὰ
2976 2831 3266 2901 κλιμάκων
3292 2830 3443 2894 ἄξιον
3476 2826 3624 2882 εἶναι
3660 2828 3801 2881 θαυ-

2201 2928 2373 2998 μάσαι
2394 2928 2454 2977 τὸ
2481 2924 2731 2995 μέγεθος,
2756 2925 2847 2976 καὶ
2875 2924 2968 2977 τὸν
2987 2923 3149 2991 ὄγκον
3178 2922 3269 2975 καὶ
3289 2921 3595 2991 οἰκοδομήν
3613 2936 3629 2952 ο
3654 2921 3713 2970 αἱ
3739 2918 3800 2970 δὲ

2196 3022 2303 3072 τῶν
2318 3021 2515 3087 τειχῶν
2528 3019 2690 3072 πύλαι
2709 3016 2803 3072 κα)⁵
2827 3019 2859 3088 ἡ
2878 3017 2986 3071 τῶν
3004 3019 3062 3069 ὲν
3082 3018 3263 3073 αὐτοῖς
3287 3016 3523 3085 πύργων
3538 3012 3805 3083 λαμπρόο

2200 3130 2318 3183 της·
2339 3113 2399 3166 τὸ
2421 3112 2477 3164 δὲ
2500 3093 2613 3183 ’πρὸ
2629 3093 2723 3165 τοῦ
2758 3113 2975 3182 τείχους
3016 3114 3187 3181 τεῖχος
3205 3111 3291 3164 ἒτε
3304 3128 3417 3179 ρον,
3447 3108 3630 3177 ἑτέρᾳ
3648 3106 3807 3157 πόλει

2199 3207 2361 3277 μόνον
2394 3205 2459 3256 ἂν
2492 3206 2613 3256 ἀντὶ
2636 3204 2913 3273 ἐρύματος
2932 3202 3207 3269 ἀσφαλοῦς
3242 3203 3488 3270 ἀρκέσειν
3515 3213 3530 3228 ·
3551 3201 3585 3269 ἡ
3606 3198 3665 3251 δὲ
3694 3197 3810 3250 τῶν

2199 3299 2288 3349 ἐπὶ
2308 3294 2517 3357 τούτοις
2541 3294 2763 3363 τάφρων
2782 3294 3027 3364 διωρυχὴ
3054 3293 3147 3347 καὶ
3165 3293 3555 3360 οἰκοδομὴ,καὶ
3588 3291 3652 3344 τὸ
3683 3289 3814 3342 τού-

2194 3405 2303 3440 των
2335 3386 2490 3457 εῦρός
2523 3403 2581 3438 τε
2615 3388 2710 3439 καὶ
2741 3384 2895 3455 ὕψος,
2931 3385 2989 3437 τὸ
3023 3384 3079 3437 δὲ
3122 3383 3328 3451 πλῆθος
3356 3368 3466 3435 τῶν
3501 3385 3568 3437 ἐν
3606 3382 3825 3443 αὐταῖς

2196 3480 2439 3532 ὑδάτων·
2484 3478 2625 3531 ὥστε
2673 3472 2718 3544 ᾧ
2749 3479 2904 3547 μέρει
2960 3478 3126 3545 μόνον
3162 3476 3433 3539 ἐλείπετο,
3467 3477 3581 3528 καὶ
3627 3474 3813 3545 ταύτῃ

2196 3571 2375 3622 δοκεῖν
2405 3569 2677 3636 πελαγίαν
2701 3568 2801 3637 τὴν
2838 3568 2994 3620 πόλιν
3029 3566 3171 3621 εἶναι
3194 3567 3282 3621 διὰ
3330 3567 3571 3632 τούτων,
3606 3567 3813 3637 ὥσπερ

2194 3661 2263 3715 αὖ
2300 3664 2358 3714 ὲν
2390 3655 2433 3728 ᾧ
2461 3661 2619 3730 μέρει
2653 3661 2891 3728 πελαγία
2923 3664 3200 3727 φαίνεται,
3230 3660 3530 3730 πρόσγειον
3561 3662 3658 3716 διὰ
3695 3663 3814 3715 τῶν

2195 3758 2396 3825 νήσων·
2413 3756 2543 3808 ὥσθ’
2565 3758 2701 3826 ὅπερ
2719 3752 2841 3810 εἶπέ
2860 3772 2939 3817 τις
2960 3755 3207 3823 περὶτῆς
3225 3755 3539 3825 Ἀθηναίων
3555 3757 3810 3822 πόλεως,

2195 3851 2289 3901 καὶ
2315 3848 2623 3918 παραπλεῖν
2639 3847 2807 3916 αὐτὴν
2823 3847 3088 3900 δύνασθαι
3118 3851 3210 3900 καὶ
3236 3845 3556 3915 περιπλεῖν.
3586 3851 3693 3902 καὶ
3714 3868 3820 3902 πε-

2197 3935 2398 4002 ζεύειν,
2420 3936 2624 4007 ταύτην
2653 3937 2707 3988 δὲ
2738 3934 2859 4005 δίχα
2884 3935 3157 4000 πεζεύειν,
3182 3938 3276 3988 καὶ
3302 3932 3461 3997 αὖθις
3486 3936 3823 4005 πελαγίους

2194 4026 2335 4083 εἶναι
2353 4031 2442 4084 διὰ
2461 4030 2686 4099 ταύτης,
2714 4030 2818 4081 τίνι
2843 4028 3069 4081 δύναται
3098 4028 3425 4082 καταλιπεῖν
3448 4028 3606 4093 ὅλως
3637 4031 3826 4102 ὕπερ-

2197 4122 2397 4191 6ολήνς
2457 4121 2658 4189 μᾶλλον
2689 4120 2749 4173 δὲ
2789 4119 2900 4172 τίνι
2945 4119 3299 4188 συγχωρῆσαι
3345 4118 3585 4172 δύναται
3626 4121 3819 4189 ἐγγὺς

2198 4213 2371 4281 αὐτῆς
2396 4212 2620 4281 ἐλθεῖνῆ
2645 4212 3007 4280 ὲξισωθῆναι;
3042 4212 3124 4263 Τά
3141 4228 3204 4278 γε
3225 4210 3331 4280 μὴν
3360 4210 3505 4263 ἔνδον
3520 4206 3599 4280 ἧν
3627 4213 3819 4275 ὅντως

2198 4303 2324 4366 ἄξια
2348 4303 2457 4355 τῶν
2492 4303 2688 4370 τειχῶν
2715 4304 2811 4355 καὶ
2837 4303 2931 4356 τοῦ
2976 4303 3427 4371 παραδείγματος
3463 4305 3613 4373 πρὸς
3643 4305 3674 4357 ὅ
3703 4305 3817 4375 τὴν

510 4382 577 4432 ad
611 4380 754 4448 quod
790 4382 1039 4449 principe
1065 4391 1403 4436 exstructam
1442 4383 1608 4437 fuisse
1636 4384 1769 4448 dixi,
1803 4393 1857 4438 et
1894 4398 2090 4438 metro-

2201 4394 2396 4464 ἀρχὴν,
2426 4392 2501 4457 ὡς
2532 4388 2707 4451 εἶπον.
2735 4394 2927 4461 γέγονε
2962 4395 3056 4446 καὶ
3105 4393 3206 4463 τῆς
3242 4393 3669 4463 μητροπόλεως,
3711 4401 3821 4451 καὶ

512 4474 622 4541 poli
665 4474 937 4540 matrique
975 4482 1085 4524 tum
1142 4474 1486 4526 conditorum
1519 4476 1706 4544 gloria:
1739 4484 1793 4529 et
1833 4469 2091 4545 potentia:

513 4566 740 4617 omnino
783 4568 1211 4633 respondebant.
1593 4580 1600 4587 ‘

586 4655 714 4710 Dna:
740 4657 883 4709 enim
932 4659 1327 4724 potentissimae
1373 4661 1927 4729 prudentissimteque
1960 4679 2091 4729 gett-

514 4760 618 4809 tes,
647 4765 876 4818 quarutn
909 4751 1077 4805 altera
1107 4761 1232 4805 tunc
1263 4754 1525 4822 temporis
1554 4756 1844 4824 imperium
1876 4757 2093 4809 obtine-

513 4843 627 4908 bat,
670 4843 839 4896 altera
866 4844 1033 4911 paulo
1078 4855 1203 4898 ante
1248 4846 1585 4914 obtinuerat,
1612 4849 1763 4903 omni
1790 4848 1991 4901 artium
2034 4858 2089 4901 ct

514 4929 831 4983 ambitionis
886 4930 1316 5000 deliciarumque
1346 4949 1544 5003 genere
1573 4935 1927 4999 excellentes,
1978 4934 2088 4989 Ro—
2116 5004 2117 5007 η

514 5022 683 5083 mani,
728 5022 973 5090 inquam,
1013 5029 1063 5075 et
1103 5020 1275 5076 Cra-ei
1334 5024 1645 5093 conjunctis
1703 5027 1903 5080 studiis
1950 5026 2091 5085 hanc

513 5112 878 5183 perfecerunt,
918 5126 1081 5183 atque
1103 5130 1163 5168 ea
1207 5114 1261 5168 in
1292 5132 1350 5170 re
1383 5127 1437 5170 et
1472 5118 1805 5186 reliquarum
1843 5121 2089 5186 gentium

513 5211 758 5263 omnium
787 5220 842 5263 et
863 5225 1087 5264 suorum
1118 5226 1285 5280 opera
1310 5227 1374 5267 ac
1396 5213 1705 5266 ministerio
1735 5214 1955 5266 fuerunt
1982 5214 2089 5267 usi.

512 5299 578 5353 Et
605 5301 871 5371 principio
896 5302 1112 5372 quidem
1135 5304 1309 5358 locum
1338 5306 1457 5358 urbi
1485 5305 1781 5360 condendae
1804 5305 2091 5375 elegerunt

511 5393 731 5461 dignum
770 5408 902 5448 sane
946 5402 999 5449 et
1032 5395 1164 5450 urbe
1199 5412 1363 5465 quam
1406 5399 1592 5451 animo
1635 5398 2007 5452 moliebantur
2034 5409 2091 5453 et

513 5486 767 5555 imperio,
805 5498 861 5540 ut
901 5489 953 5542 itt
1006 5504 1069 5543 ea
1104 5490 1411 5546 residentes
1460 5500 1632 5545 totum
1678 5502 1950 5546 terrarum
1996 5507 2093 5546 or-

511 5578 634 5648 bem
694 5581 981 5636 commode
1035 5598 1224 5653 regere
1281 5596 1525 5656 possent.
1572 5586 1868 5656 Elegerunt
1924 5588 2115 5655 igitur.

512 5667 655 5755 ltanc
688 5684 796 5725 non
829 5671 1004 5727 solum
1037 5676 1104 5728 ad
1146 5677 1298 5732 orbis
1333 5679 1572 5736 universi
1605 5680 2085 5750 gubernationem,

2202 4484 2432 4554 μητρὸς,
2467 4485 2562 4537 καὶ
2596 4485 2694 4549 τῆς
2745 4484 2924 4549 ἀξίας,
2968 4487 3058 4537 καὶ
3098 4485 3384 4555 δυνάμεως
3420 4486 3529 4537 τῶν
3566 4490 3818 4540 οίκισαο

2203 4580 2403 4649 μένων.

2273 4671 2377 4724 Δύο
2405 4670 2515 4738 γὰρ
2547 4669 2613 4721 τὰ
2647 4668 2998 4722 δυνατώτατα
3049 4669 3146 4721 καὶ
3186 4667 3580 4736 φρονιμώτατα
3628 4667 3814 4740 ἔθνη,

2199 4765 2259 4818 τὸ
2290 4764 2388 4831 μὲν
2412 4763 2533 4815 τότε
2565 4762 2753 4830 ἄρχον,
2780 4762 2841 4813 τὸ
2888 4761 2944 4814 δὲ
2994 4759 3155 4821 εὐθὺς
3188 4758 3361 4828 ἄρξαν
3395 4757 3502 4826 πρὸ
3538 4759 3815 4828 ἐκείνου,

2200 4857 2293 4909 καὶ
2341 4854 2490 4923 πάσῃ
2536 4854 2723 4924 τέχνῃ,
2758 4852 2851 4905 καὶ
2912 4852 3219 4921 φιλοτιμίᾳ,
3250 4852 3343 4904 καί⁵
3376 4850 3650 4920 ἁϐρότητι
3705 4870 3815 4906 κο-

2201 4950 2411 5018 μῶντα,
2464 4944 2730 5015 Ῥωμαῖοί
2791 4963 2851 4998 τε
2907 4946 3000 4997 καὶ
3053 4944 3357 5013 Ἕλληνες,
3424 4944 3811 5011 συνελθόντα,

2200 5039 2404 5108 ταύτην
2438 5038 2798 5107 πεποιήκασι,
2833 5038 2927 5090 καὶ
2957 5037 3091 5089 πᾶσι
3122 5035 3179 5088 δὲ
3208 5037 3325 5099 τοῖς
3357 5036 3540 5099 ἄλλοις
3573 5036 3807 5099 ἔθνεσν,

2199 5132 2439 5193 καὶτοῖς
2468 5130 2695 5183 ἐκείνων
2728 5132 2806 5191 είς
2844 5131 3015 5198 αὐτὴν
3039 5130 3343 5201 ἐχρήσαντο
3376 5128 3520 5198 πρὸς
3567 5128 3813 5195 ὑπηρε-

2203 5225 2348 5278 σίαν.
2383 5222 2493 5276 Καὶ
2521 5222 2741 5293 πρῶτον
2778 5222 2877 5289 μὲν
2913 5222 3231 5285 ἐξελέξαντο
3277 5225 3443 5275 τόπον
3475 5220 3676 5288 ἔδαφος
3724 5226 3827 5292 τῇ.

2203 5315 2380 5377 πόλει,
2414 5315 2565 5379 ἄξιον
2614 5313 2714 5382 τῆς
2772 5312 3074 5382 μελλούσης
3130 5315 3360 5378 πόλεως,
3403 5315 3469 5383 ἢν
3514 5312 3819 5366 ὲὸάλοντο

2202 5406 2343 5459 κατὰ
2378 5404 2528 5467 νοῦν,
2581 5404 2675 5457 καὶ
2721 5404 2818 5472 τῆς
2862 5405 3188 5471 ἡγεμονίας,
3233 5405 3381 5464 ὅπως
3431 5403 3525 5457 ἐπὶ
3569 5402 3816 5467 ταύτης

2201 5495 2505 5567 καθήμενοι
2556 5495 2755 5565 ἔχωσιν
2783 5494 3003 5562 εὐφυῶς
3038 5494 3310 5563 κυῦερνᾷν
3358 5493 3540 5544 πᾶσαν
3566 5489 3667 5560 τὴν
3710 5490 3811 5539 οῖ-

2201 5590 2478 5660 κουμένην
2502 5605 2516 5619 ο
2550 5588 2866 5655 ἐξελέγοντο
2890 5587 2947 5639 δὲ
2976 5588 3088 5656 ἄρα
3115 5586 3320 5653 ταύτην
3350 5583 3409 5634 ού
3441 5582 3601 5650 μόνον
3638 5582 3817 5647 πρὸς

2199 5682 2531 5751 κυϐέρνησιν
2558 5678 3018 5751 τῆςοίκουμένης
3050 5676 3250 5745 πάσης,
3282 5671 3412 5727 ἀλλὰ
3444 5670 3540 5725 καὶ
3571 5673 3636 5724 ὲκ
3675 5668 3821 5729 πά-⁵
