4014 6214
450 268 523 329 4a
1624 279 2023 341 MANUELIS
2053 281 2575 362 cnnrsocons
2739 315 2742 318 ~
3254 257 3259 261 ’
3647 297 3715 361 tt

451 392 503 436 et
552 381 1027 438 fundamentorum
1056 399 1119 440 ac
1148 401 1426 442 murorum
1479 388 1918 446 substructiones
1943 408 2038 448 us-

2144 400 2249 451 τῶν
2305 402 2571 472 θεμελίων
2626 398 2716 457 καὶ
2754 404 2859 456 τῶν
2914 407 3118 477 τειχῶν
3166 408 3273 462 ἀπὸ
3310 411 3405 480 τῆς
3441 390 3717 484 θαλάττης

453 490 560 543 que
591 476 657 530 ad
685 491 834 531 mare
893 487 1194 545 porrectas,
1230 489 1284 535 et
1339 491 1670 550 opportunas
1723 498 1788 537 ex
1844 484 2036 553 quavis

456 576 608 634 parte
667 569 903 622 navibus
952 571 1278 637 recipiendis
1336 556 1633 630 stationes:
1681 574 1813 644 quin
1872 575 2035 629 etiam

456 668 633 713 turres
664 659 716 712 in
751 661 932 741 medio
962 666 1126 719 maris
1159 674 1212 719 et
1268 665 1542 735 profundo
1594 667 1801 737 pelago,
1863 675 1916 722 et
1980 669 2037 722 in

453 750 571 817 ipso
610 752 1065 820 reciprocantiun.
1108 756 1372 811 (luctuum
1416 759 1689 813 verticoso
1716 768 1874 824 mstu,
1903 770 1952 813 et
1984 761 2035 813 in

467 845 711 897 turribus
741 845 890 901 hisce
941 847 1127 903 dulces
1163 865 1351 919 aquas.
1385 834 1587 905 Pu-teter
1629 851 1743 905 haec
1777 851 2039 907 sublimes

454 943 510 988 et
541 937 772 999 pensiles
808 953 904 1003 per
948 955 1228 993 murorum
1267 958 1428 995 arcus
1508 958 1772 1011 aquaram
1818 943 2037 1008 ductus,

457 1042 594 1095 quos
636 1027 826 1084 ﬂuvios
861 1032 1040 1086 aérios
1082 1033 1356 1101 appellare
1408 1034 1607 1103 possis,
1661 1050 1723 1089 ex
1770 1036 1906 1091 locis
1957 1051 2041 1089 re-

456 1118 782 1172 motioribus
812 1123 876 1174 ad
912 1121 1118 1190 aliquot
1151 1123 1361 1175 dierum
1396 1130 1524 1187 iter,
1582 1124 1635 1176 iit
1680 1126 1854 1190 aiunt,
1917 1140 2038 1191 per"

455 1210 685 1263 ductos:
714 1221 823 1278 tum
857 1211 1103 1281 perfesso
1139 1213 1471 1268 obstantium
1528 1218 1793 1268 montium
1854 1216 2037 1271 dorsa.

455 1302 659 1356 Omitto
698 1304 859 1356 etiam
896 1305 1231 1372 receptacula
1261 1315 1312 1358 et
1361 1306 1625 1360 cisternas
1646 1287 1847 1376 quibus
1886 1321 2042 1376 aqua:

457 1392 575 1444 istae
649 1394 884 1461 primum
918 1394 1300 1461 excipiuntur:
1354 1411 1473 1464 qum
1520 1398 1584 1450 ad
1637 1412 1804 1467 aqua:
1846 1398 2041 1453 ductus

459 1483 626 1537 maris
659 1485 739 1536 vel
781 1485 954 1553 stagni
1011 1485 1183 1538 inS'ar
1216 1486 1462 1540 obtinent
1493 1505 1504 1540 :
1537 1504 1771 1557 quarum
1805 1489 1927 1543 alia:
1960 1500 2039 1544 te-

459 1572 561 1626 ctis
595 1573 870 1644 adopertas
903 1576 1078 1630 visum
1141 1577 1330 1641 latent,
1394 1580 1512 1634 alia:
1553 1582 1607 1635 in
1668 1584 1955 1651 propatulo
1988 1593 2042 1638 et

462 1672 657 1732 apertae
686 1665 903 1733 scaphis
940 1667 1188 1736 navigari
1222 1681 1475 1738 possunt.
1527 1673 1839 1744 Earumque
1903 1691 2037 1729 nono

463 1753 624 1807 nullae
652 1754 761 1822 jam
790 1755 936 1808 intus
976 1760 1075 1811 sub
1142 1773 1387 1813 convexo
1461 1761 1756 1830 fornicum,
1807 1766 1924 1819 alim
1950 1782 2040 1819 su-
2077 1746 2113 1797 Β

464 1847 644 1909 pertus
680 1845 730 1896 in
768 1850 925 1900 tectis
959 1849 1230 1903 maximas
1261 1851 1485 1904 arbores
1521 1853 1791 1916 nutriunt,
1827 1856 2042 1910 etvici-

464 1934 550 1984 nis
568 1950 820 2000 agrorum
851 1937 930 1988 vel
974 1936 1252 1992 lmrtorum
1291 1941 1460 1995 vicem
1510 1952 1787 2012 prn‘stant.
1834 1943 2044 2002 Omitto

466 2020 522 2076 'tu
574 2026 823 2078 cisternis
876 2028 979 2081 illis
1027 2027 1401 2085 columnarum
1453 2043 1507 2086 et
1549 2033 1818 2090 fornicum
1860 2039 2043 2093 multi-

471 2118 713 2170 tudinem
740 2137 751 2169 :
781 2130 891 2172 tum
924 2120 1059 2175 alios
1080 2122 1464 2180 subterraneos
1495 2135 1545 2180 et
1565 2126 1793 2185 eﬂ‘ossos
1824 2132 2044 2186 canales

462 2210 553 2274 qui
588 2218 751 2261 totam
787 2210 975 2262 urbem
1005 2211 1231 2265 tabulati
1265 2215 1437 2267 instar
1474 2217 1738 2285 pensilem
1765 2227 1817 2273 et
1850 2218 2043 2273 subtus

462 2313 755 2352 concavam
789 2299 1065 2356 cilicium:
1107 2302 1235 2355 item
1289 2304 1504 2358 cloacas
1535 2318 1587 2359 et
1617 2315 1828 2362 meatus
1883 2311 2043 2379 pubi-

462 2406 558 2444 t-os
589 2409 601 2444 :
632 2408 752 2461 qure
774 2395 954 2446 omnia
990 2394 1152 2447 etiam
1183 2396 1235 2449 iu
1270 2396 1373 2450 hac
1427 2402 1560 2453 urbe
1597 2399 1757 2468 longe
1809 2402 2041 2471 plurima

461 2494 697 2537 exstant.
737 2484 876 2550 Quid
915 2503 1042 2540 vero
1081 2488 1146 2539 de
1183 2488 1393 2544 balucis
1423 2491 1635 2548 diram:
1670 2509 1900 2563 quorum
1966 2499 2044 2552 vel

464 2591 749 2630 munerum
792 2577 834 2631 si
880 2580 1133 2642 referam,
1189 2580 1345 2633 tidem
1412 2596 1518 2635 non
1584 2583 1878 2640 invenero?
1928 2595 2042 2640 tum

459 2685 725 2740 aquarum
755 2671 988 2738 cupiam,
1022 2687 1142 2740 quze
1188 2688 1249 2725 ex
1292 2672 1535 2727 fontibus
1569 2690 1664 2745 per
1696 2678 1838 2733 aedes
1861 2689 1913 2733 et
1949 2695 2046 2748 pu-

460 2762 599 2816 tdtce
633 2779 725 2831 per
772 2763 961 2817 urbem
1014 2765 1334 2819 derivatur?
1383 2766 1527 2833 Quid
1584 2768 1652 2823 de
1687 2771 2044 2826 surburbiis?

458 2870 598 2923 (μιει),
636 2856 679 2906 si
710 2854 1137 2922 magnitudinem
1168 2872 1401 2926 spectes,
1459 2861 1666 2929 aliquot
1714 2862 1925 2918 dierum
1960 2865 2045 2918 iti-

458 2960 587 2998 nere
610 2957 761 2999 extra
788 2947 973 3018 urbem
998 2949 1432 3019 protenduntur:
1466 2952 1509 3007 si
1543 2954 2005 3020 pulchritudinem
2023 2991 2039 3018 ,

2140 491 2340 558 λίθους,
2377 494 2468 547 καὶ
2512 495 2639 558 τοὺς
2681 494 3115 564 ὑποδεχομένους
3170 500 3233 552 ὲκ
3280 502 3477 565 παντὸς
3514 503 3716 573 μέρους

2140 582 2482 645 νεωσοίκους,
2520 584 2614 636 καὶ
2651 585 2778 646 τοὺς
2819 586 2876 637 ὲν
2919 584 3067 654 μέσῳ
3115 589 3214 657 τῆς
3272 588 3564 660 Θαλάττης,
3621 595 3718 647 καὶ

2140 676 2234 728 τοῦ
2268 676 2558 743 πελάγους.
2594 678 2687 729 καὶ
2723 677 2818 729 τοῦ
2871 676 3058 747 βυθοῦ,
3088 682 3180 732 ἐπὶ
3232 681 3330 749 τῆς
3355 681 3508 752 δίνης
3543 685 3716 754 αὐτῆς

2141 771 2235 823 καὶ
2264 769 2361 836 τῆς
2399 770 2725 841 παλιρροίας
2774 770 3043 840 πύργους,
3082 772 3177 824 καὶ
3199 774 3266 824 τὰ
3294 775 3349 824 ὲν
3379 775 3561 838 αὑτοῖς
3589 775 3717 842 γλυ-

2140 864 2242 915 κέα
2298 861 2461 916 ὕδατα
2489 902 2504 926 ,
2541 862 2673 931 πρὸς
2709 864 2765 915 δὲ
2794 862 3002 925 τούτοις
3034 864 3287 932 ἀγωγοὺς
3322 864 3553 930 ὑδάτων,
3582 866 3718 918 ὑπο-

2142 954 2325 1019 γείους
2364 956 2457 1007 καὶ
2503 955 2849 1024 κρεμαστοὺς
2900 951 2966 1008 αὖ
2998 957 3087 1009 διὰ
3112 958 3332 1027 τειχῶν,
3375 958 3596 1029 ἀερίους
3622 976 3719 1011 πο-

2143 1045 2349 1111 ταμοὺς
2381 1043 2633 1110 λέγεσθαι
2673 1044 3031 1113 δυναμένους,
3088 1046 3373 1118 πόρρωθέν
3429 1047 3595 1101 ποθεν
3653 1049 3719 1100 ἐκ

2147 1137 2492 1206 μακροτάτου
2553 1134 2922 1206 διαστήματος
2954 1137 3180 1208 ἡμερῶν
3231 1138 3373 1201 ὀδὸν,
3407 1138 3483 1201 ὥς
3529 1155 3717 1207 φασιν,

2142 1226 2573 1296 ἀφικνουμένους
2594 1245 2610 1259 ο
2655 1228 2748 1280 καὶ
2774 1228 2870 1290 τὰς
2892 1228 3002 1280 τῶν
3039 1229 3244 1299 μεταξὺ
3292 1230 3717 1299 παρεμπιπτόνο

2142 1336 2249 1372 των
2270 1319 2410 1386 ὀρῶν
2435 1319 2729 1389 διωρυγὰς,
2764 1320 2858 1372 καὶ
2884 1319 2982 1379 τὰς
3016 1320 3420 1391 ὑποδεχομένας
3448 1323 3718 1390 πρότερον

2142 1414 2367 1476 τούτους
2396 1395 2716 1482 δεξαμενὰς,
2754 1411 3096 1483 θαλασσῶνῆ
3131 1412 3338 1481 λιμνῶν
3372 1412 3534 1479 λόγον
3578 1411 3716 1480 προς

2146 1507 2388 1570 ἐκείνους
2421 1507 2537 1560 τότε
2569 1523 2630 1572 γε
2674 1504 2923 1574 ἐχούσας,
2966 1506 3063 1565 τὰς
3098 1504 3195 1574 μὲν
3230 1506 3596 1574 καταστέγους
3617 1504 3715 1557 καὶ

2145 1604 2390 1671 ἀφανεῖς,
2422 1601 2518 1662 τὰς
2544 1600 2598 1653 δὲ
2637 1600 3098 1668 ἀναπεπταμένας
3121 1599 3214 1651 καὶ
3245 1595 3484 1666 φανεράς
3517 1594 3714 1648 ὀλκάσι

2144 1691 2446 1760 δυναμένας
2497 1688 2782 1743 πλεῖσθαν
2817 1684 2893 1744 ὧν
2925 1687 3064 1742 ἔνιαι
3103 1687 3197 1740 νῦν
3252 1688 3309 1740 αί
3362 1688 3458 1755 μὲν
3491 1684 3583 1739 ἐπὶ
3616 1680 3712 1736 τοῦ

2145 1786 2342 1849 κύτους
2388 1784 2554 1848 ἔνδον,
2591 1786 2652 1837 αί·
2686 1782 2742 1836 δὲ
2782 1783 2895 1837 ἄνω
2938 1782 3035 1836 ἐπὶ
3081 1781 3191 1834 τῶν
3237 1779 3445 1847 στεγῶν
3481 1776 3716 1848 μέγιστα

2143 1878 2335 1945 δένδρα
2397 1878 2658 1947 τρέφουσι
2714 1877 2808 1929 καὶ
2863 1876 2974 1935 τοῖς
3029 1873 3244 1944 ἔχουσιν
3283 1868 3544 1941 ἀρκοῦσιν
3598 1865 3718 1920 ἀντ’

2146 1970 2330 2040 ἀγρῶν
2358 1971 2453 2023 καὶ
2495 1971 2687 2038 κήπων
2724 1966 2863 2021 εἶναι
2889 1982 2904 1998 ⁶
2933 1965 3029 2020 καὶ
3054 1966 3111 2019 τὸ
3144 1962 3345 2031 πλῆθος
3395 1960 3505 2012 τῶν
3535 1959 3595 2011 ὲν
3623 1960 3723 2011 αὑ-

2144 2064 2261 2126 ταῒ,
2291 2062 2481 2115 κιόνων
2527 2063 2623 2114 καὶ
2650 2059 2854 2130 ἀψίδων
2873 2076 2886 2091 ·
2918 2057 3084 2119 ἄλλας
3115 2055 3169 2110 δὲ
3207 2049 3274 2109 αὖ
3307 2049 3595 2119 ὑπογείους
3625 2049 3721 2101 καὶ

2144 2151 2378 2223 ὀρυντὰς
2420 2153 2602 2206 πᾶσαν
2638 2149 2735 2221 τὴν
2767 2150 2923 2204 πόλιν
2958 2147 3211 2216 ὑπερῷον
3256 2144 3353 2198 καὶ
3379 2141 3714 2213 κρεμαστὴν,

2145 2244 2240 2297 καὶ
2273 2244 2340 2295 τὰ
2368 2244 2520 2296 κάτω
2548 2241 2794 2296 διάκενον
2830 2236 3087 2300 ποιούσας
3110 2253 3123 2266 ·
3156 2236 3248 2289 καί
3274 2235 3402 2295 τοὺς
3422 2229 3716 2298 δημοσίους

2146 2337 2471 2404 ὑπονόμους,
2513 2337 2549 2388 ἃ
2586 2334 2694 2399 ,καὶ
2751 2332 2906 2402 παρά
2952 2330 3076 2399 τῇδε
3120 2329 3370 2382 πλεῖστα.
3397 2326 3461 2377 Τί
3497 2323 3554 2377 δὲ
3588 2323 3719 2392 περὶ

2145 2424 2385 2493 λουτρῶν
2415 2424 2481 2478 ἂν
2510 2423 2744 2491 λέγοιμι.
2772 2415 2846 2475 ὧν
2874 2419 2933 2473 τὸ
2968 2417 3353 2489 ἱστορούμενον
3379 2418 3436 2468 ἐν
3460 2416 3598 2484 αὐτῇ
3624 2428 3719 2480 γε-

2145 2516 2333 2571 νέσθαι
2359 2515 2562 2586 πλῆθος
2590 2514 2900 2567 ἀπιστεῖται
2926 2528 2941 2575 ;
2976 2511 3070 2564 mi.
3094 2509 3201 2563 τῶν
3222 2508 3330 2562 ἀπὸ
3360 2505 3577 2577 κρηνῶν
3596 2503 3720 2557 ὑδά-

2144 2626 2275 2673 των,
2304 2605 2340 2661 ὃ.
2361 2605 2483 2659 κατ’
2513 2604 2694 2658 οἰκίαν
2719 2620 2775 2654 τε
2799 2604 2891 2655 καὶ
2914 2602 3003 2654 διὰ
3035 2600 3134 2669 τῆς
3166 2598 3372 2660 πόλεως
3406 2596 3620 2667 ὲχεῖτος
3651 2594 3719 2647 Τί

2145 2703 2201 2756 δὲ
2250 2700 2377 2769 περὶ
2416 2697 2525 2750 τῶν
2569 2695 2927 2767 προαστείων,
2983 2692 3058 2763 τῷ
3090 2691 3190 2763 μὲν
3220 2689 3441 2760 μεγέθει
3488 2688 3718 2760 ἡμερῶν

2145 2794 2262 2847 ὁδὸν
2289 2792 2389 2846 οὑκ
2411 2791 2609 2858 ὀλίγων
2634 2786 3029 2853 διατεινόντων,
3079 2785 3158 2856 τῷ
3184 2785 3240 2838 δὲ
3275 2782 3483 2849 κάλλει,
3520 2786 3613 2836 καὶ
3645 2784 3713 2852 τῇ

2126 2883 2327 2954 χρείᾳ,
2357 2884 2453 2937 καὶ
2480 2883 2546 2952 τῇ
2573 2881 2886 2949 κατασκευῇ
2917 2879 3025 2940 τοῖς
3059 2879 3150 2929 ἐπὶ
3180 2876 3277 2945 τῆς
3318 2874 3528 2944 πόλεως
3570 2875 3715 2926 κατᾶ

2147 2979 2254 3030 πᾶν
2277 2973 2417 3038 εἶδος
2443 2972 2836 3042 ἁμιλλωμένων
2862 2989 2876 3036 ;
2904 2969 3034 3023 Ἀπὸ
3061 2969 3169 3040 γὰρ
3205 2966 3458 3029 Ἀϐύδου,
3488 2966 3582 3018 καὶ
3613 2965 3720 3032 Ση-

459 3039 897 3091 eorumoditatem
926 3047 981 3092 et.
1003 3052 1323 3108 apparatum
1356 3083 1371 3107 ,
1403 3060 1523 3097 rum
1548 3047 1792 3101 aediliciis
1815 3048 2038 3103 urbanis

2144 3067 2292 3130 στοῦ,
2322 3067 2415 3119 καὶ
2464 3039 2861 3131 Ἑλλησπόντου
2920 3064 3083 3131 μέχρι
3130 3057 3366 3131 Θρᾳκίου
3413 3055 3715 3125 Βοσπόρου,

456 3130 650 3202 quovis
674 3145 870 3198 genere
891 3140 1122 3185 certant.
1148 3130 1278 3197 Nam
1314 3136 1437 3188 inde
1456 3136 1527 3188 ab
1554 3137 1762 3206 Abydo,
1784 3146 1835 3191 et
1862 3139 2043 3213 Sesto,

455 3228 507 3269 et
544 3218 891 3287 Hellesponto
940 3236 1112 3288 usque
1144 3224 1209 3273 ad
1269 3227 1566 3292 Bosporum
1621 3226 1940 3288 Thracium,
1989 3240 2042 3283 et

459 3309 630 3372 Fana,
652 3310 967 3379 insulasque
992 3312 1263 3380 Cyaneas,
1295 3318 1407 3369 sive
1435 3317 1679 3381 abAsire,
1710 3318 1822 3373 sive
1845 3319 1912 3374 ab
1936 3319 2011 3374 Eu
2029 3352 2043 3359 -

461 3403 800 3471 ropwlatcre
833 3403 1184 3473 Propontidis
1231 3405 1517 3469 ambitum,
1567 3408 1792 3477 ejusque
1837 3411 2042 3466 insulas

456 3494 598 3547 circa
634 3495 821 3548 urbem
851 3497 1003 3559 sitas,
1040 3505 1150 3550 tum
1175 3502 1339 3553 etiam
1369 3516 1541 3555 cornu
1571 3511 1782 3571 portus,
1810 3505 2039 3573 etquid-

458 3586 586 3653 quid
623 3585 748 3640 inde
776 3587 840 3640 ad
877 3586 1115 3641 Pharum
1174 3606 1343 3658 usque
1392 3592 1753 3660 protenditur,
1787 3587 1912 3663 quis
1938 3594 2042 3648 cir-

458 3676 707 3743 euivcrit,
732 3682 992 3734 continua
1021 3681 1143 3735 huic
1166 3684 1283 3737 urbi
1311 3683 1569 3738 suburbia
1595 3695 1748 3739 erant
1774 3684 2035 3751 .Qnorum

459 3771 656 3835 templa
691 3780 742 3825 et
776 3771 1000 3826 aediﬁcia
1030 3775 1088 3844 [si
1123 3775 1245 3843 quis
1282 3791 1606 3832 enumerare
1632 3779 1811 3846 vellet,
1841 3779 1917 3832 illi
1953 3780 2039 3832 hi-

458 3858 647 3923 storia,
688 3871 737 3913 et
765 3877 826 3915 ea
861 3863 1077 3931 quidem
1104 3880 1211 3918 non
1246 3880 1406 3933 parva
1441 3868 1664 3921 texenda
1700 3878 1865 3924 esset.
1896 3871 2038 3935 Quin

428 3950 573 4019 'ipsa
608 3954 721 4005 haec
752 3953 1011 4007 suburbia
1077 3971 1184 4009 non
1215 3958 1406 4027 exigua
1442 3957 1525 4013 sui
1580 3969 1732 4028 parte
1790 3974 1886 4029 per
1917 3976 2033 4013 mu-

461 4058 580 4096 rum
616 4044 859 4111 longum,
889 4055 945 4099 ut
970 4056 1185 4114 vocant,
1220 4049 1289 4102 ab
1322 4049 1561 4104 infcriori
1623 4051 1756 4105 mari
1789 4052 1855 4106 ad
1890 4067 2040 4105 mare

466 4137 725 4203 superius
758 4136 1103 4208 Pontumque
1132 4137 1405 4193 Euxinum
1435 4151 1770 4210 porrectum,
1794 4142 1847 4196 in
1880 4157 2039 4198 uuam

462 4227 776 4280 continuam
809 4230 999 4283 urbem
1028 4231 1379 4285 coalescunt:
1409 4249 1529 4301 quae
1552 4234 1818 4303 integram
1855 4243 2041 4303 posset

465 4318 802 4371 conatituere
831 4321 1206 4386 provinciam:
1243 4323 1444 4392 quippe
1494 4340 1616 4393 qua:
1667 4323 2040 4394 magnitudine

2145 3160 2238 3212 καὶ
2269 3158 2476 3228 Ἱερῶν,
2513 3157 2606 3209 καὶ
2630 3154 2909 3218 Κυανέων,
2946 3155 3056 3206 εἴτε
3104 3151 3213 3205 ἀπὸ
3238 3150 3337 3219 τῆς
3368 3150 3571 3211 Ἀσίας,
3609 3148 3718 3201 εἴτε

2145 3252 2249 3303 ἀπδι
2296 3248 2395 3317 τῆς
2429 3245 2699 3315 Εὐρώπης
2727 3245 2910 3313 κύκλῳ
2939 3245 3039 3315 τὴν
3085 3244 3441 3314 Προποντίδα,
3491 3247 3586 3296 καὶ
3620 3240 3720 3303 τὰς

2145 3343 2201 3393 ἐν
2236 3342 2372 3409 αὑτῇ
2400 3338 2767 3410 κυκλάδαςτῇ
2796 3336 2949 3389 πόλει
2972 3336 3191 3405 νήσους,
3224 3335 3315 3387 καὶ
3339 3336 3396 3387 τὸ
3430 3332 3593 3403 κέρας
3621 3331 3717 3386 τοῦ

2142 3430 2379 3498 λιμένος,
2416 3432 2510 3484 καὶ⁸
2563 3430 2684 3482 ὅσον
2729 3427 2937 3482 ἄνωθεν
2995 3427 3154 3495 μέχρι
3192 3425 3369 3495 φάρου
3417 3424 3716 3493 περιιοῦσι,

2144 3521 2344 3591 συνεχῆ
2382 3524 2678 3590 προάστεια
2708 3516 2776 3589 ἦν
2797 3521 2862 3589 τῇ
2895 3518 3043 3571 πόλει
3067 3534 3080 3548 ·
3103 3511 3178 3571 ὧν
3214 3519 3267 3570 εἰ
3286 3534 3370 3580 τις
3399 3518 3527 3580 τοὺς
3555 3518 3720 3581 ναοὺς

2141 3613 2357 3676 καὶτὰς
2386 3613 2671 3683 οἰκοδομὰς
2705 3611 2947 3681 βούλοιτο
2978 3610 3320 3677 καταλέγειν,
3355 3611 3596 3679 ἱστορίαν
3630 3610 3720 3675 ἂν,

2142 3711 2236 3757 καὶ
2266 3704 2473 3772 ταύτην
2507 3705 2569 3758 οὑ
2623 3704 2887 3774 σμικράν,
2941 3701 3305 3770 ἀναγκάζοιτο
3341 3703 3681 3769 συγγράφειν
3702 3718 3716 3731 ·

2143 3796 2237 3848 καὶ
2267 3796 2403 3849 αὑτά
2436 3796 2492 3847 δὲ
2532 3796 2599 3847 τά
2621 3796 2942 3863 προάστεια,
2975 3794 3076 3846 οὑκ
3118 3793 3283 3861 ὀλίγῳ
3319 3792 3476 3862 μέρει
3503 3792 3589 3846 διὰ
3621 3792 3718 3846 τοῦ

2147 3885 2358 3958 μακροῦ
2392 3887 2688 3955 λεγομένου
2735 3888 2947 3954 τείχους
2991 3885 3098 3936 ἀπὸ
3129 3883 3227 3952 τῆς
3257 3881 3406 3934 κάτω
3441 3880 3718 3952 θαλάττης

2141 3982 2220 4042 είς
2238 3979 2338 4049 τὴν
2369 3979 2481 4032 ἄνω
2504 3978 2595 4029 καὶ
2621 3978 2709 4029 τὸν
2744 3975 2993 4040 Εὔξεινον
3022 3975 3299 4044 διήκοντος
3324 3973 3474 4036 πόλις
3509 3973 3720 4039 ἐγίνετο

2143 4071 2385 4140 ὑπαρχία
2415 4069 2684 4138 δλναμένη
2713 4066 2878 4131 εἶναι,
2920 4067 2996 4136 τῷ
3045 4066 3263 4135 μεγέθει
3297 4064 3535 4118 τοσαῦτα
3563 4082 3718 4132 περι-

2143 4162 2424 4222 κλείουσα,
2455 4160 2554 4211 ὅσα
2590 4159 2645 4209 ἐν
2674 4156 2810 4228 ὀμοῦ
2845 4156 3050 4218 πάσαις
3085 4160 3205 4218 ταῖς
3240 4155 3430 4217 ἄλλαις
3464 4155 3624 4225 ἔργον
3650 4151 3719 4224 ἦν

2144 4254 2274 4314 ἴσως
2321 4252 2519 4319 εὑρεῖν.
2556 4251 2700 4302 Αὑτο
2743 4250 2798 4303 δὲ
2826 4248 2889 4301 τὸ
2924 4247 3135 4318 μακρὸν
3183 4249 3358 4315 τεῖχος
3411 4248 3470 4298 οὑ
3505 4249 3718 4317 μακρδιν

2149 4346 2329 4414 μόνον,
2374 4342 2512 4395 ἀλλὰ
2554 4342 2647 4394 καὶ
2678 4340 2851 4394 πλατὺ
2888 4342 3059 4409 τεῖχος
3104 4337 3325 4400 δικαίως
3375 4337 3467 4392 καὶ
3516 4338 3718 4406 ὑψηλόν

460 4422 555 4460 sua
589 4419 802 4463 tantum
844 4410 898 4461 in
932 4423 988 4461 se
1017 4411 1417 4478 complectitur,
1444 4424 1707 4481 quantum
1737 4414 1789 4466 in
1820 4413 2040 4482 reliquis

2148 4407 2619 4496 κατ”.ὲπωνυμίαν
2672 4428 2905 4496 ἠδύνατο
2950 4426 3270 4480 καλεῖσθαιο
3322 4426 3574 4479 τοσοῦτον
3616 4428 3718 4496 μὲν

462 4498 716 4553 ornuibtfs
748 4500 910 4554 simul
949 4502 1183 4567 reprrire
1244 4504 1426 4555 forsan
1487 4504 1627 4556 haud
1685 4504 1844 4558 iacilc
1876 4514 2041 4559 esset.
2102 4524 2109 4527 ·

463 4590 579 4656 Ipse
602 4583 793 4644 autem
835 4606 1024 4643 murus
1056 4594 1270 4658 longus,
1316 4608 1421 4646 non
1458 4594 1632 4647 solum
1683 4595 1900 4662 longus,
1948 4594 2043 4649 sed

461 4684 623 4736 etiam
643 4683 824 4752 largus
842 4684 1090 4752 altusque
1111 4699 1298 4738 murus
1312 4685 1433 4753 jure
1452 4697 1633 4755 posset
1648 4687 2041 4758 cognominari:

460 4791 582 4827 eum
605 4776 728 4829 talis
750 4791 813 4829 ac
853 4786 1036 4830 tantus
1053 4777 1142 4841 sit,
1191 4778 1313 4831 utsi
1362 4780 1671 4848 promiscue
1712 4795 1775 4833 ex
1816 4778 2046 4848 quibus-

460 4881 677 4937 cunque
739 4867 1007 4937 lapidibus
1034 4867 1431 4939 ﬂuminumque
1489 4871 1694 4940 glarea,
1734 4882 1788 4926 et
1821 4872 2045 4931 minutis

461 4962 632 5030 petris
692 4973 1043 5018 COtlsll‘llCllIs
1131 4974 1298 5025 esset,
1391 4966 1577 5034 utique
1628 4968 2039 5023 admirationem

464 5062 791 5107 mereretur.
837 5052 941 5105 Sed
980 5052 1069 5106 ille
1093 5052 1411 5120 huiusmodi
1431 5072 1685 5111 saxorum
1749 5059 1888 5111 mole
1914 5074 2047 5113 con-

467 5154 597 5208 Stat,
630 5155 685 5197 et
706 5145 795 5197 tali
828 5154 941 5197 arte
970 5155 1053 5197 est
1092 5155 1422 5210 exstructus,
1455 5156 1512 5201 ut
1542 5147 1586 5200 si
1627 5148 1703 5200 vel
1734 5148 1796 5201 ad
1841 5164 2043 5218 paucas

458 5252 655 5307 orgyas
683 5240 1090 5298 extenderetur,
1142 5244 1422 5305 stuporem
1470 5240 1841 5308 spectantibus
1900 5242 2042 5295 haud

414 5354 417 5357 λ
460 5334 737 5386 immerito
768 5333 1022 5388 afferret:
1055 5334 1254 5404 quippe
1313 5349 1436 5387 cum
1501 5350 1659 5388 motis
1712 5338 1892 5390 Verius
1951 5338 2039 5398 sit,

458 5441 623 5493 quam
663 5441 875 5480 murus.
929 5429 1078 5479 Adro
1107 5428 1325 5497 quttlctn
1366 5435 1422 5480 ut
1462 5427 1506 5480 si
1556 5426 1701 5480 funis
1757 5427 2041 5497 velprojc-

458 5534 488 5572 c
514 5534 559 5571 αι
592 5520 763 5572 trahis
795 5520 966 5573 instar
993 5522 1219 5590 pensilis
1246 5530 1391 5575 esset
1415 5522 1828 5575 convenientem
1865 5521 2041 5592 longi-

458 5609 634 5662 tudini
665 5613 968 5664 crassitiem
1005 5615 1308 5667 obt»ncret:
1342 5628 1462 5682 qum
1496 5599 1715 5681 quidem
1779 5614 1832 5668 in
1897 5614 2040 5686 istis,

458 5718 526 5756 ne
577 5702 1015 5774 dis;mnpautur,
1063 5706 1380 5774 requiritur.
1435 5706 1571 5762 Cum
1627 5716 1808 5761 tamen
1851 5722 2043 5760 murus

2147 4521 2393 4585 δν,ὥστε
2423 4522 2471 4573 εί
2518 4521 2759 4582 καὶτοῖς
2807 4518 3029 4590 τυχοῦσι
3083 4519 3275 4582 λίθοις,
3324 4520 3416 4571 καὶ
3464 4520 3582 4583 ταῖς
3608 4519 3718 4571 ἀπὸ

2146 4615 2255 4667 τῶν
2305 4612 2565 4682 ποταμῶν
2620 4611 2715 4665 καὶ
2769 4612 3088 4682 χειμάρρων
3127 4610 3339 4680 βώλοις,
3376 4611 3471 4663 καὶ
3510 4626 3721 4679 χερμα-

2146 4706 2277 4770 δίοις
2315 4705 2504 4767 ἁπλῶς
2576 4705 2877 4766 συνέκειτο,
2930 4704 3077 4770 ἄξιον
3107 4703 3166 4756 ὃν
3197 4703 3506 4772 θαυμάσαι·
3541 4703 3721 4756 τοιού-

2147 4814 2272 4859 τους
2308 4796 2386 4859 δὲ,
2417 4798 2464 4849 εί
2490 4797 2546 4849 δὲ
2579 4795 2777 4865 βούλει,
2819 4794 3173 4862 τηλικούτους
3200 4796 3328 4857 τοὺς
3361 4792 3542 4856 λίθους
3575 4795 3717 4864 ἕχον,

2148 4889 2242 4942 καὶ
2270 4888 2528 4959 τοιαύτην
2556 4887 2653 4958 τὴν
2687 4886 3082 4957 δομησαμένην
3126 4886 3340 4956 τέχνην,
3374 4883 3514 4937 ὥστε
3541 4886 3591 4938 εί
3625 4885 3721 4939 καὶ

2146 4982 2340 5049 ὀλίγων
2371 4980 2606 5051 ὀργυιῶν
2633 4976 2723 5049 ἦν,
2749 4979 2974 5041 δικαίως
3014 4979 3079 5031 ἂν
3113 4978 3415 5048 παρασχεῖν
3454 4977 3720 5046 ἔκπληξιν

2148 5073 2258 5133 τοῖς
2304 5069 2611 5139 θεωμένους
2663 5069 2788 5137 ὅρος
2821 5068 2880 5120 ὃν
2928 5067 3195 5137 μᾶλλονῆ
3240 5068 3445 5134 τεῖχος’
3481 5063 3623 5118 ὥστε
3669 5066 3721 5117 εί

2150 5157 2460 5226 κρεμαστὸν
2495 5153 2563 5226 ἦν
2594 5155 2783 5225 ὥσπερ
2812 5173 2864 5208 τι
2895 5154 3126 5224 σχοινίον
3156 5154 3189 5225 ἦ
3217 5153 3370 5215 δοκὸς
3400 5154 3721 5223 διατεταμέ-

2149 5264 2258 5308 νον,
2296 5246 2557 5312 άνάλογον
2605 5245 2683 5314 τῷ
2734 5245 2900 5315 μήκει
2948 5245 3007 5296 τὸ
3052 5247 3221 5314 πάχος
3249 5239 3411 5303 εἶναι,
3444 5243 3631 5312 ῶσπερ
3659 5244 3718 5294 ὲν

2148 5334 2372 5395 ἐκείνοις
2406 5334 2647 5401 ζητεῖται
2677 5335 2813 5403 πρὸς
2841 5335 2902 5385 τὸ
2935 5336 3009 5406 μὴ
3053 5333 3455 5406 διαρραγῆναι·
3479 5332 3613 5384 αὑτό
3654 5347 3717 5384 τε

2150 5425 2242 5477 καὶ
2275 5425 2332 5478 τι
2365 5425 2461 5495 τῆς
2488 5426 2712 5488 πόλεως,
2744 5427 2775 5495 ἢ
2803 5426 3005 5494 μᾶλλον
3036 5427 3103 5478 τὰ
3132 5426 3227 5495 τῆς
3261 5424 3491 5487 πόλεως,
3526 5421 3717 5491 ὥσπερ

2149 5516 2387 5587 εἴρηται,
2438 5506 2530 5570 ἐπὶ
2567 5520 2833 5588 τοσαύτης
2880 5521 2972 5573 καὶ
3003 5518 3143 5571 οὕτω
3182 5519 3565 5586 δυνατωτάτης
3598 5517 3718 5570 τότε

2150 5610 2344 5679 ἀρχῆς.
2391 5610 2864 5679 μεγαλοπρεπείας
2913 5610 3113 5681 μᾶλλον
3141 5613 3322 5679 χάριν,
3362 5606 3551 5676 ὥσπερ
3590 5605 3720 5661 ἄλλο

2150 5701 2341 5753 τιτῶν
2402 5702 2541 5753 κατὰ
2585 5705 2683 5772 τὴν
2740 5700 2890 5753 πόλιν
2950 5697 3296 5770 θαυμαστῶν,
3350 5699 3615 5767 γενόμενα
3682 5700 3715 5767 ἦ
