4048 6224
444 291 517 353 ts
1487 340 1492 347 .
1527 290 1894 352 EPISTULA
1927 289 2030 350 AD
2062 286 2427 349 JOANNEM
2466 287 2622 348 IMP.
3651 264 3723 350 is

439 408 651 483 χρτζας.
717 408 867 478 Ὀσῳ
931 407 1038 478 γάρ
1094 424 1259 480 ηττον
1319 408 1585 479 μεγέθους
1639 407 1838 478 τειχῶν
1902 408 2023 462 τοτε

2132 407 2220 460 ille
2245 416 2302 461 et
2324 404 2531 473 reliqua
2557 403 2709 460 urbis
2737 403 3099 472 munimenta,
3147 420 3268 477 qua:
3291 405 3427 472 dixi,
3455 406 3617 461 validi
3659 424 3723 464 ac

441 505 633 565 ιδεττο,
674 501 914 571 τοσούτῳ
940 502 1112 556 πλείω
1135 541 1152 567 ,
1193 502 1274 557 ἔτι
1307 503 1364 556 δὲ
1415 502 1586 573 μείζω
1620 506 1795 560 ταῦτα
1832 519 2020 569 περιε-

442 594 660 654 ϐάλετο.
694 593 917 661 οίομένη
958 593 1115 644 πόλιν
1148 609 1208 645 τε
1257 591 1492 664 πρώτως
1525 593 1634 645 ἀπὸ
1667 592 1780 645 τῶν
1814 594 2023 662 πειχῶν

441 683 753 753 φαίνεσθαι,
788 684 881 736 καὶ
939 683 1246 751 καλεῖσθαι,
1294 686 1391 738 καὶ
1425 684 1562 754 πρὸς
1591 686 1682 738 τὸν
1715 687 1936 739 ἅπαντα
1967 685 2022 739 δὲ

439 774 658 843 χρόνον,
684 774 744 825 ού
779 774 916 843 πρὸς
940 774 1041 843 τὴν
1072 774 1359 843 παροῦσαν
1391 774 1804 844 μόνονιηλικίαν
1845 774 2020 829 ταῦτα

441 866 727 933 γίνεσθαι*
774 862 861 931 ἐφ’
907 856 969 915 οὗ
1009 862 1180 916 πολλά
1229 863 1348 916 κατ’
1384 862 1704 933 ἀνθρώπους
1757 863 2021 917 δύνασθαι

442 954 754 1023 συμϐῆναιο
798 953 893 1006 καὶ
946 952 1055 1005 τῶν
1103 955 1382 1021 μεγίστων
1429 950 1530 1014 μὲν
1578 946 1719 1004 εἶναι
1747 951 1836 1002 τὸν
1868 952 2022 1019 παρά

440 1045 554 1097 τῶν
585 1044 797 1097 πολλῶν
831 1044 1049 1112 φθόνον,
1083 1045 1347 1113 μεγίστας
1377 1043 1434 1096 δὲ
1478 1040 1615 1097 εἶναι
1652 1044 1746 1097 καὶ
1774 1044 1873 1106 τὰς
1919 1061 2019 1114 με·

440 1135 678 1197 τα6ολάς
701 1151 716 1162 ·
747 1134 891 1188 ὥστε
923 1136 985 1188 οὐ
1015 1136 1177 1205 μόνον
1203 1137 1302 1203 τῆς
1330 1135 1612 1204 δυνάμεως
1647 1135 1752 1188 τῶν
1781 1151 2018 1202 πεποιη-

2133 497 2501 567 pmentissimi
2532 496 2745 564 imperii
2777 508 3044 566 tempore,
3100 506 3161 551 ut
3176 508 3366 553 caetera
3395 498 3720 556 admiranda

2132 604 2294 658 opera
2327 590 2476 644 illius
2529 589 2703 653 urbis,
2755 590 2938 658 potius
2968 590 3032 643 ad
3077 591 3531 659 magniﬁcentiam
3555 608 3720 662 quant

2132 697 2288 735 usum
2317 690 2592 735 exstructa
2632 680 2863 737 fuerint.
2896 682 3112 747 Quanto
3146 684 3292 737 cnim
3323 685 3507 740 minus
3536 701 3727 739 muro-

2132 789 2253 828 rum
2289 774 2662 843 magnitudine
2696 784 2823 827 tunc
2858 774 3153 843 indigebat,
3199 790 3263 829 eo
3296 785 3349 830 et
3378 778 3631 846 pluribus
3665 787 3723 834 et

2130 860 2434 935 majoribus
2467 866 2647 919 cincta
2675 863 2798 919 fuit.
2841 865 3052 934 Quippe
3070 881 3191 919 cum
3226 868 3509 923 crederent
3531 870 3722 925 urbem

2142 959 2380 1023 primum
2400 973 2465 1010 ex
2488 960 2657 1011 muris
2687 972 2970 1026 apparere,
3006 974 3312 1028 nomenque
3335 961 3459 1016 inde
3473 962 3725 1032 accipere

2123 1056 2178 1099 et
2201 1050 2365 1100 hosce
2386 1063 2491 1101 non
2543 1054 2791 1116 praesenti
2840 1058 3045 1102 tantum
3082 1050 3250 1115 a-tati,
3299 1052 3393 1105 sed
3445 1054 3512 1107 ad
3563 1068 3725 1108 omne

2126 1136 2373 1191 futurum
2430 1149 2644 1207 tempus
2689 1141 2934 1193 exstrui:
2984 1141 3139 1210 cujus
3198 1156 3489 1212 progressu
3550 1146 3721 1199 multa

441 1227 643 1287 κότων,
695 1226 829 1279 ἀλλά
864 1226 961 1277 καὶ
1006 1229 1104 1296 τῆς
1152 1228 1236 1289 είς
1294 1228 1356 1279 τὸ
1392 1226 1586 1295 μέλλον
1615 1226 1873 1296 προνοίας
1924 1228 2018 1279 καὶ

2132 1227 2441 1283 hominibus
2464 1229 2682 1282 evenire
2709 1234 2950 1297 possint;
2977 1231 3246 1300 inquibus
3268 1232 3558 1288 multorum
3586 1236 3727 1288 invi-

442 1317 760 1384 φρονήσεως
823 1316 1003 1371 αὐτῶν
1069 1317 1231 1388 μέχρι
1281 1317 1475 1371 πολλοῦ
1540 1318 1787 1387 σύμὸυλα
1830 1318 2026 1389 διαμέτ

443 1424 500 1458 νε
512 1424 583 1462 ιν.

2134 1319 2222 1372 dia
2273 1320 2357 1373 vel
2385 1318 2717 1388 pracipuum
2750 1321 2928 1375 locmn
2961 1324 3190 1388 obtinet,
3220 1332 3332 1377 tum
3354 1326 3520 1379 etiam
3544 1330 3717 1381 maxi-

2131 1425 2252 1465 mas
2297 1425 2482 1463 rerum
2516 1411 2845 1466 mutationes
2882 1415 3224 1482 contingere,
3262 1414 3333 1470 ita
3368 1426 3427 1469 ut
3468 1417 3581 1472 lucc
3613 1434 3721 1474 non

443 1498 623 1555 solum
669 1498 926 1569 potentia:
947 1500 1316 1567 conditorum,
1342 1502 1435 1558 sed
1460 1502 1625 1557 etiam
1651 1502 2011 1573 providentia:
2035 1502 2101 1556 de
2130 1501 2327 1557 futuris
2351 1512 2404 1556 et
2429 1502 2731 1571 prudentia:
2749 1514 3071 1574 argumenta
3097 1522 3262 1576 quam
3287 1510 3594 1567 diutissime
3635 1526 3731 1567 su-

444 1580 757 1660 péressent.

528 1685 671 1740 Ἀλλ’
703 1684 826 1740 οὐδὲ
868 1687 1150 1757 μνήματα,
1182 1686 1215 1758 ἢ
1250 1686 1481 1756 τάφους,
1532 1686 1566 1757 ἦ
1619 1687 1904 1758 στήλας,ἦ
1939 1688 2034 1741 ἀν-

2213 1681 2369 1750 Quod
2403 1682 2449 1737 si
2482 1691 2857 1750 monumenta,
2899 1686 3171 1754 sepulcra,
3212 1686 3499 1742 columnas
3523 1695 3576 1741 et
3611 1695 3727 1742 sta-

444 1780 724 1851 δριάντας.
759 1782 855 1833 ὶπὶ
876 1781 976 1849 τῆς
1008 1781 1286 1851 ἡμετέρας
1319 1781 1530 1843 πόλεως
1552 1780 1771 1850 ὅνταςῆ
1801 1781 2023 1849 γενομέ-

2133 1785 2256 1831 tuas
2305 1785 2507 1831 nostrae
2548 1776 2701 1831 urbis
2751 1792 3186 1833 commemorare
3234 1778 3449 1843 vellem,
3474 1794 3595 1848 qua:
3638 1779 3722 1834 vel

453 1888 585 1933 νους
608 1870 933 1941 βουλόμινος
964 1870 1033 1924 ἂν
1068 1872 1245 1925 εἰπεῖν
1274 1872 1516 1940 ἠπόρουν
1552 1870 1704 1933 ῐσωςο
1738 1870 1852 1923 ἀλλ’
1878 1871 2032 1923 ὶλάτ-

455 1978 535 2014 τω
558 1961 652 2030 μὲν
677 1962 810 2023 ῐσως
834 1960 1063 2030 Ξμελλον
1086 1959 1196 2013 τῶν
1229 1960 1381 2031 παρά
1424 1960 1640 2024 τούτοις
1669 1960 1873 2029 λέγειν,
1898 1961 2032 2015 καλ-

455 2054 554 2107 λίω
575 2053 630 2106 δὲ
657 2052 775 2106 ἔνια
800 2053 895 2106 καὶ
921 2051 1366 2123 περιφανέστερα
1413 2050 1595 2121 πολλῷ
1638 2053 1747 2106 τῶν
1786 2052 1936 2122 τῇδε.
1963 2052 2028 2104 Τί

449 2144 558 2213 γάρ
574 2145 604 2197 ὁ
623 2142 721 2198 τοῦ
746 2144 968 2197 κτίστου
993 2143 1094 2213 μὲν
1116 2144 1212 2197 καὶ
1238 2141 1526 2213 πολιούχου
1548 2141 1815 2212 βασιλέως
1837 2144 2028 2210 τάφος,

447 2236 547 2288 καὶ
570 2236 620 2288 οί
645 2234 753 2287 τῶν
787 2234 965 2290 ἄλλων
987 2234 1097 2288 τῶν
1122 2234 1254 2305 περὶ
1306 2234 1472 2289 αὑτὸν
1502 2236 1594 2289 ἐπὶ
1620 2233 1716 2286 τοῦ
1747 2233 2028 2303 βασιλικοῦ

443 2327 822 2396 πολυανδρίου,
855 2327 883 2379 ὃ
924 2328 1089 2397 μόνον
1128 2327 1317 2397 θαῦμα
1349 2323 1419 2399 ἦν
1472 2328 1624 2392 ίδεῖν,
1683 2326 1870 2379 πολλοὶ
1928 2325 2028 2396 μὶν

441 2419 634 2488 κύκλῳ
650 2419 951 2490 σωζόμενοι
969 2420 1097 2491 περὶ
1112 2420 1205 2473 τὸν
1228 2420 1356 2474 ναὸν
1375 2419 1485 2473 τῶν
1516 2419 1878 2485 Ἀποστόλων,
1901 2419 2028 2474 πολ-

442 2510 530 2566 λοὶ
549 2510 608 2565 δὲ
641 2511 742 2582 ήδη
765 2513 859 2565 καὶ
880 2511 1242 2577 ἀπολωλότες,
1261 2511 1357 2566 καὶ
1393 2512 1543 2566 ἄλλοι
1579 2512 1636 2565 δὲ
1667 2511 1904 2582 ἀλλαχοῦ
1927 2512 2027 2582 τῆς

440 2604 776 2667 πόλεωςοὲπὶ
803 2606 912 2656 τῶν
960 2603 1252 2673 προνάων;
1311 2604 1378 2657 Τί
1407 2605 1465 2658 δὲ
1516 2607 1549 2676 η
1601 2604 1697 2658 τοῦ
1732 2607 2025 2676 νομοθέτου

445 2697 712 2767 βασιλέως
741 2696 953 2767 στήλης
988 2698 1098 2750 Καὶ
1126 2698 1260 2767 περὶ
1284 2696 1477 2750 τοῦτον
1506 2696 1564 2750 δὲ
1600 2693 1669 2750 αὖ
1699 2696 1859 2751 ἀλλαι
1891 2700 1990 2768 στῆ
2010 2726 2024 2740 -

440 2790 539 2843 λαι
564 2790 873 2858 γεγόνασιν,
906 2791 957 2843 εί
989 2789 1297 2860 μέμνημαι,
1327 2789 1463 2861 πρὸς
1511 2789 1781 2853 ἀνατολὰς
1832 2790 2026 2841 πολλαὶ

442 2886 646 2938 κιόνων
676 2886 928 2952 ἐξαισίων
960 2886 1283 2956 ἀνεχόντων.
1313 2883 1442 2942 Ὀτι
1488 2884 1545 2939 δὲ
1577 2884 1671 2938 καὶ
1695 2886 1845 2940 ἄλλοι
1875 2885 2027 2937 πλεί-

446 2994 568 3030 στοι
595 2977 688 3029 ἐπὶ
714 2977 816 3042 τῆς
846 2977 1053 3039 πόλεως
1072 2976 1307 3031 τοιοῦτοι
1351 2977 1673 3047 ἀνδριάντες
1716 2973 1881 3048 ἦσαν,
1912 2976 2020 3029 δεί-

2135 1882 2280 1922 nunc
2313 1877 2562 1932 exstant,
2590 1868 2674 1921 vel
2705 1868 2835 1922 olim
2872 1868 3047 1935 fuere,
3078 1870 3334 1925 fortassis
3359 1886 3460 1924 nec
3488 1872 3577 1925 hic
3606 1886 3725 1925 ma~

2137 1960 2305 2015 teries
2363 1959 2496 2015 mihi
2546 1958 2802 2014 deﬁceret
2827 1978 2842 2026 ;
2878 1961 2972 2016 sed
3025 1962 3275 2031 quamvis
3313 1977 3541 2017 numero
3582 1961 3723 2018 forte

2136 2052 2419 2122 pauciora,
2454 2068 2620 2123 quam
2643 2052 2732 2107 hic
2756 2053 2890 2117 sint,
2909 2061 3148 2108 attamen
3177 2055 3437 2109 nonnulla
3468 2055 3534 2110 iis
3563 2055 3725 2123 longe

2134 2143 2446 2211 pulchriora
2514 2151 2568 2198 et
2642 2142 3014 2211 splendidiora
3082 2157 3531 2197 commemorem.
3588 2141 3721 2197 Nam

2138 2236 2271 2304 quid
2314 2234 2548 2290 Caesaris
2578 2234 2727 2289 illius
2775 2235 3114 2303 sepulcrum,
3172 2249 3334 2302 quem
3379 2234 3722 2290 conditorem

2132 2341 2201 2381 ac
2230 2326 2515 2381 tutelarem
2549 2342 2612 2379 ea
2642 2326 2773 2380 urbs
2791 2326 3044 2394 agnoscit
3068 2327 3090 2380 ?
3114 2327 3243 2396 quid
3279 2328 3453 2382 vicina
3487 2328 3727 2397 reliquo-

2134 2436 2253 2474 rum
2275 2432 2626 2474 monumenta
2648 2434 2716 2473 eo
2749 2420 2872 2474 loco
2893 2419 2985 2473 ubi
3007 2419 3399 2489 imperatorum
3426 2422 3726 2489 sepulturae

2134 2514 2386 2567 visuntur
2415 2510 2439 2565 ἳ
2465 2511 2648 2567 resvel
2675 2512 2795 2566 solo
2819 2512 2939 2566 visu
2973 2511 3290 2565 admiranda
3310 2528 3324 2565 :
3344 2526 3579 2581 quorum
3611 2528 3722 2567 non

2131 2621 2303 2674 pauca
2322 2605 2501 2690 adhuc
2518 2613 2813 2675 supersunt
2831 2604 2974 2659 circa
2993 2608 3162 2659 aedem
3187 2603 3289 2660 SS.
3307 2605 3720 2674 Apostolorum;

2130 2699 2300 2753 multa
2324 2714 2543 2769 quoque
2586 2698 2700 2768 jam
2730 2697 3078 2763 interierunt;
3111 2697 3215 2751 alia
3243 2698 3406 2753 etiam
3431 2699 3632 2768 passim
3662 2698 3721 2754 in

2131 2792 2461 2861 templorum
2496 2792 2780 2846 vestibulis
2811 2798 3049 2846 exstant.
3100 2790 3241 2856 Quid
3278 2806 3409 2849 vero
3442 2801 3623 2846 statua
3654 2791 3716 2846 il-

2131 2882 2236 2938 lius
2262 2882 2615 2951 imperatoris
2642 2881 2739 2949 qui
2762 2883 2942 2950 legum
2965 2892 3161 2937 auctor
3186 2881 3291 2937 fuit
3316 2883 3522 2952 ‘Iquam
3556 2885 3724 2940 vicis-
3776 2922 3780 2926 -

2128 2976 2232 3031 sim
2256 2975 2441 3029 multa:
2461 2974 2582 3028 alia:
2599 2983 2795 3028 stature
2819 2973 2888 3027 ab
2905 2973 3117 3037 ortu,si
3151 2982 3297 3028 recte
3317 2975 3568 3037 memini.
3601 2992 3721 3030 ma-

442 3087 640 3123 κνυται
670 3070 777 3122 ἀπὸ
798 3069 908 3122 τῶν
933 3069 1278 3137 φαινομένων
1306 3069 1519 3139 βάσεων
1561 3067 1760 3132 αὐτῶν,
1789 3069 1884 3122 καὶ
1913 3068 2022 3121 τῶν

2132 3070 2295 3123 ximis
2319 3067 2592 3122 columnis
2625 3065 2898 3135 impositae
2949 3066 3190 3135 undique
3237 3066 3549 3138 cingebant.
3608 3068 3720 3125 Sed

440 3163 508 3213 ιν
538 3160 723 3222 αὐτοῖς
761 3160 1203 3231 ἐπιγραμμάτων
1230 3177 1245 3193 °
1288 3154 1362 3214 ὧν
1397 3160 1558 3215 ἄλλαι
1614 3161 1713 3229 μὲν
1761 3160 2021 3230 ἀλλαχοῦ,

440 3252 701 3307 πλεῖσται
752 3252 806 3305 δὲ
857 3248 997 3324 ἦσαν
1035 3256 1094 3307 έν
1155 3252 1536 3324 Ἱπποδρόμῳο
1565 3254 1662 3307 καὶ
1716 3253 1884 3316 ἄλλας
1926 3251 2024 3305 καὶ

444 3344 710 3408 πλείστας
740 3341 880 3397 εἶδον
910 3344 1073 3408 αὐτὸς
1126 3346 1415 3416 πρότερον,
1463 3343 1529 3409 ἀς
1555 3344 1650 3398 νῦν
1699 3340 1820 3400 οῐδα
1857 3344 2023 3414 ἀφαι-

445 3436 721 3505 ρεθείσας.
758 3437 876 3489 Εἰσὶ
903 3436 960 3489 δὲ
1001 3437 1049 3489 οἳ
1077 3436 1298 3503 λέγουσι
1328 3438 1421 3489 καὶ
1452 3438 1546 3489 τὸν
1590 3438 1688 3489 ἐπὶ
1710 3435 1806 3488 τοῦ
1837 3435 2021 3506 Ξηροῦ

437 3529 611 3596 λόφου
645 3528 819 3592 κίονα,
877 3530 969 3581 καὶ
1024 3528 1116 3582 τδν
1162 3528 1390 3598 ἀντικρὺ
1426 3528 1621 3583 τούτου
1674 3527 1813 3596 πρὸς
1867 3528 2021 3597 ἣλιον

439 3621 738 3689 ἀνίσχοντα
760 3620 855 3674 ἐπὶ
883 3620 973 3673 τοῦ
1002 3621 1190 3691 ἐτέρου
1230 3620 1418 3689 λόφου,
1455 3619 1566 3675 ἀπὸ
1591 3622 1796 3690 ταύρου
1828 3620 2025 3688 κεκλη-

440 3712 634 3781 μένον,
661 3711 847 3781 βάσεις
869 3713 1231 3782 σφυρηλάτων
1269 3713 1529 3783 ἀργυρῶν
1565 3714 1902 3784 ἀνδριάντων
1928 3728 2023 3778 γε-

438 3803 731 3873 γενῆσθαι,
755 3806 846 3856 τὸν
883 3805 979 3873 μὲν
993 3805 1088 3857 τοῦ
1113 3806 1383 3874 μείζονος,
1406 3806 1496 3858 τὸν
1521 3806 1579 3860 δὲ
1600 3804 1693 3858 τοῦ
1719 3805 2023 3867 ἐλάττονος,

439 3893 589 3948 οὕτω
615 3896 722 3965 γὰρ
748 3896 1012 3964 λέγονται,
1040 3900 1152 3950 τοῖν
1170 3898 1473 3952 Θεοδοσίοιν
1494 3913 1508 3930 ⁸
1537 3898 1632 3962 οὓς
1666 3899 1830 3952 πόσον
1853 3898 2022 3968 ἐχρῆν

443 3989 699 4057 γενέσθαι
735 3990 1028 4058 μεγάλους,
1058 3992 1152 4044 καὶ
1186 3992 1428 4061 τιμίους,
1463 3992 1556 4045 καὶ
1585 3991 1807 4054 καλοὺς,
1833 3991 2022 4057 φαίνε-

440 4100 539 4137 ται
571 4084 679 4136 ἀπὸ
707 4083 798 4137 τοῦ
838 4083 1088 4146 κάλλους,
1128 4084 1222 4136 καὶ
1251 4082 1346 4137 τοῦ
1375 4083 1567 4152 ὕψους,
1598 4084 1689 4135 καὶ
1733 4082 1834 4151 τῆς
1878 4081 2022 4150 λαμ-

440 4173 739 4244 πρότητος,
775 4175 870 4228 καὶ
898 4176 995 4244 τῆς
1025 4173 1378 4237 πολυτελείας
1410 4173 1519 4226 τῶν
1554 4173 1856 4244 κρηπίδων.
1882 4170 2028 4226 Tab-

437 4281 514 4317 τα
543 4266 598 4318 ὁὶ
652 4264 983 4334 ἐνθυμηθεὶς
1034 4263 1316 4334 ἐμνήσθην
1369 4263 1576 4332 μεταξὺ
1644 4265 1739 4315 καὶ
1789 4262 1888 4331 τῆς
1932 4264 2028 4316 ἐπὶ

434 4360 547 4427 τῆς
574 4357 745 4426 αὖτῆς
773 4357 892 4410 ὀδοῦ
922 4373 983 4409 τε
1028 4356 1124 4409 καὶ
1151 4355 1416 4424 γραμμῆς
1480 4356 1616 4428 πρὸς
1657 4354 1869 4425 δυριιμάς
1931 4372 2024 4424 γε,

2133 3170 2189 3215 et
2207 3159 2529 3230 aliashujus
2548 3160 2765 3229 generis
2792 3167 3005 3213 statuas
3021 3158 3458 3228 quamplurimas
3496 3175 3596 3230 per
3621 3177 3719 3215 ur-

2112 3254 2259 3310 bem
2286 3253 2569 3307 exstitisse
2601 3251 2769 3305 bases
2796 3251 3041 3318 ipsarum
3073 3260 3127 3305 et
3162 3252 3567 3321 inscriptiones,
3596 3267 3722 3322 quae

2134 3345 2316 3400 adhuc
2347 3343 2622 3406 visuntur,
2651 3344 2985 3398 ostendunt:
3010 3357 3244 3413 quarum
3269 3344 3390 3399 alia»
3409 3343 3535 3398 aliis
3565 3344 3619 3400 in
3643 3345 3722 3400 lo-

2133 3434 2236 3499 cis,
2267 3435 2360 3490 sed
2389 3430 2638 3502 plurima:
2669 3433 2723 3485 in
2749 3429 3124 3501 llippodromo
3155 3433 3467 3487 exstabant.
3494 3432 3636 3499 Quin
3663 3442 3721 3488 et

2136 3526 2254 3593 ipse
2290 3525 2423 3578 olim
2450 3525 2651 3578 multas
2679 3522 2815 3577 alias
2848 3522 2980 3589 vidi,
3003 3538 3142 3591 quas
3173 3541 3315 3579 nunc
3346 3526 3558 3582 ablatas
3578 3526 3716 3584 scio.

2134 3615 2244 3671 Nec
2277 3615 2478 3671 desunt
2511 3616 2604 3685 qui
2635 3614 2945 3669 columnam
2990 3630 3112 3684 qua:
3153 3616 3204 3668 iu
3232 3618 3371 3671 colle
3401 3617 3719 3690 Xeroloplto

2133 3716 2336 3771 exstat,
2395 3718 2456 3762 ut
2483 3719 2538 3762 et
2570 3708 2825 3768 alteram,
2857 3721 2979 3776 qua:
3009 3707 3371 3763 exadversum
3404 3710 3470 3764 ad
3541 3714 3713 3767 solem

2131 3800 2421 3864 orientem,
2452 3799 2507 3854 in
2538 3801 2678 3855 colle
2707 3800 2799 3869 qui
2828 3815 2858 3853 a
2882 3798 3065 3854 Tauro
3090 3815 3290 3856 nomen
3317 3801 3495 3867 liabet,
3519 3804 3717 3861 ductas

2135 3907 2198 3945 ex
2246 3903 2472 3963 argento
2516 3903 2729 3948 statuas
2764 3893 3093 3948 sustinuisse
3130 3893 3446 3950 allirmant:
3478 3912 3712 3967 quarum

2134 3983 2356 4053 quidem
2376 3984 2547 4037 altera
2568 3983 2815 4053 majoris,
2835 3984 3008 4038 altera
3029 3986 3260 4039 minoris
3279 3988 3572 4043 Theodosii
3594 3990 3715 4045 t'ue-

2138 4076 2227 4140 rit,
2249 4075 2400 4128 hisce
2418 4074 2560 4128 enim
2582 4074 2895 4130 nominibus
2914 4074 3072 4146 vulgo
3090 4073 3716 4145 distinguuntur.Quan-

2135 4175 2217 4222 tas
2261 4174 2463 4228 autem,
2496 4181 2661 4234 quam
2694 4165 2985 4233 pretiosas,
3016 4175 3071 4220 et
3123 4182 3287 4235 quam
3322 4168 3591 4239 pulchras;
3618 4187 3712 4227 cas

2137 4260 2309 4316 fuisse
2337 4266 2611 4330 oporteat,
2633 4257 2684 4312 id
2703 4272 2833 4311 vero
2852 4273 2916 4311 ex
2945 4259 3154 4313 basium
3187 4259 3613 4327 pulchritudine,
3635 4267 3716 4319 al-

2138 4351 2391 4417 titudine,
2418 4350 2710 4421 splendore
2730 4358 2781 4401 et
2804 4349 3207 4418 magniﬁcentia
3227 4362 3474 4420 apparet.
3500 4350 3706 4410 Verum

437 4449 675 4519 νομένης
729 4449 860 4502 ποτὲ
918 4447 1092 4517 πύλης
1141 4447 1242 4517 τῆς
1300 4446 1527 4511 πόλεως,
1562 4446 1806 4517 πύργους
1868 4446 2023 4509 ὅλους

2135 4446 2267 4498 mibi
2294 4445 2413 4499 haec
2431 4459 2555 4498 cum
2584 4442 2768 4496 animo
2797 4443 3094 4497 revolventi
3144 4444 3360 4499 interim
3392 4446 3447 4500 in
3507 4462 3714 4503 memo-

437 4542 475 4614 ἢ
509 4541 744 4611 φρούρια
767 4542 1027 4604 είσιόντα,
1059 4541 1219 4611 εἴπερ
1246 4536 1356 4594 οἷόν
1385 4558 1445 4594 τε
1476 4538 1545 4612 ἦν
1584 4543 1873 4607 κινεῖσθαι,
1928 4544 2024 4595 καὶ

437 4635 679 4698 ὁλκάδας
706 4635 890 4698 αὐτοῖς
937 4634 1163 4709 liveat.
1183 4633 1277 4686 καὶ
1332 4635 1499 4697 ίστοῖς
1527 4635 1835 4705 δυναμένης
1868 4635 2023 4699 δέξαο

442 4727 594 4791 σθαι,
631 4729 727 4780 καὶ
763 4728 861 4794 τῆς
888 4726 1030 4795 ὐπὶρ
1059 4726 1227 4795 αὐτῆς
1253 4726 1579 4795 λαμπούσης
1605 4729 1767 4788 στοᾶς
1802 4728 2022 4798 πόρρω-

440 4822 541 4874 θεν
569 4823 665 4873 καὶ
691 4818 784 4874 τοῦ
839 4820 1104 4888 μεγέθους
1138 4819 1246 4872 τῶν
1276 4821 1333 4872 έν
1365 4820 1503 4890 αὐτῇ
1563 4820 1912 4891 μαρμάρων·
1941 4820 2022 4870 ἐτι

436 4914 499 4967 δὲ
528 4910 614 4964 τοῦ
646 4910 751 4980 πρὸ
787 4910 956 4977 αὐτῆς
998 4910 1198 4972 κίονος,
1230 4909 1290 4972 ὃς
1319 4911 1417 4963 καὶ
1447 4909 1608 4973 αὐτὸς
1638 4911 1843 4979 στήλην
1874 4911 2023 4962 ἀνεῖ-

440 5020 531 5072 χε.
557 5002 667 5055 Καὶ
691 5004 718 5054 ὁ
752 5001 844 5052 ἐπὶ
882 5000 972 5052 τοῦ
1000 5001 1190 5069 ἐτέρου
1220 5001 1276 5054 δὲ
1307 5002 1492 5068 λόφου,
1524 5000 1617 5054 τοῦ
1649 5002 1788 5070 ὑπὲρ
1822 5003 1919 5072 τῆς
1947 5003 2023 5054 οἰ-

439 5094 570 5156 κίας
595 5093 662 5162 ἢν
698 5094 792 5144 νῦν
832 5095 1023 5155 οἰκεῖς,
1074 5093 1211 5146 κίων
1243 5093 1387 5146 οὕτω
1430 5092 1789 5163 καλούμενος,
1825 5096 1920 5146 καὶ
1972 5093 2023 5146 oi

437 5185 542 5239 ἐπὶ
568 5184 665 5237 τοῦ
693 5186 1049 5254 στρατηγίου,
1087 5189 1180 5237 καὶ
1207 5187 1235 5238 ὀ
1258 5188 1350 5240 ἐπὶ
1370 5185 1438 5238 τὰ
1458 5186 1608 5250 δεξιά
1643 5185 1738 5238 τοῦ
1766 5185 1895 5239 ναοῦ
1916 5186 2023 5238 τῶν

450 5275 820 5337 Ἀποστόλων,
847 5278 941 5328 καὶ
970 5276 1153 5329 πολλοὶ
1185 5276 1388 5345 ἕτεροι,
1423 5278 1613 5344 βάσεις
1640 5278 1806 5345 ἀξίων
1832 5280 2023 5343 αὐταῖς

435 5368 779 5440 ἀνδριάντων
805 5364 968 5440 ἦσαν.
1003 5370 1069 5422 Τί
1098 5370 1206 5440 γὰρ
1247 5371 1312 5423 ἂν
1340 5369 1557 5440 λέγοιμι
1588 5372 1714 5441 περὶ
1744 5370 1838 5426 τοῦ
1885 5374 2023 5441 πρὸς

434 5464 518 5515 ἕω
555 5462 647 5515 ἐπὶ
676 5461 776 5529 τῆς
812 5461 986 5530 αὐτῆς
1029 5462 1293 5525 πλατείας
1341 5460 1498 5525 αὖθις
1557 5464 1637 5526 είς
1677 5463 1812 5533 ὕψος
1856 5468 2023 5535 μήκι-

438 5570 573 5607 στον
606 5554 850 5622 αῑροντος
903 5553 993 5605 τὸν
1039 5557 1272 5622 σταυρὸν
1330 5555 1619 5625 πορφύρου
1672 5558 1870 5619 κίονος,
1928 5556 2022 5609 ἐπὶ

435 5648 541 5712 τῆς
571 5645 741 5715 αὐλῆς
764 5645 872 5698 τῶν
899 5644 992 5697 τοῦ
1021 5646 1260 5713 μεγάλου
1292 5647 1704 5700 Κωνσταντίνου
1736 5649 2022 5717 βασιλείων

436 5733 614 5793 αὑτοῦ
637 5736 948 5807 πηξαμένου
978 5736 1071 5789 καὶ
1100 5738 1405 5808 ἱδρυμένου,
1428 5740 1636 5803 πάντας
1658 5744 1756 5811 μὲν
1781 5743 2023 5808 ἀνδριάνο

2132 4536 2270 4590 riam
2302 4534 2449 4590 venit
2476 4547 2631 4605 porta
2650 4535 2827 4599 urbis,
2859 4549 2981 4604 quae
3013 4536 3066 4589 in
3093 4536 3280 4591 eadem
3312 4538 3417 4602 via,
3449 4548 3501 4593 et
3533 4540 3672 4595 inea
3696 4572 3712 4584 -

2131 4624 2255 4682 dem
2288 4627 2431 4681 linea
2450 4641 2645 4681 versus
2668 4641 2923 4682 occasum
2949 4630 3225 4697 quondam
3250 4632 3498 4687 exstabat
3524 4650 3541 4698 ;
3569 4635 3709 4690 adeo

2132 4720 2336 4790 ampla,
2357 4730 2417 4774 ut
2439 4729 2622 4776 turres
2648 4720 2891 4790 integras
2913 4729 2993 4774 etc
3011 4731 3182 4788 astra,
3203 4723 3245 4776 si
3266 4727 3470 4780 moveri
3501 4730 3712 4797 potuis-

2132 4819 2257 4865 sent
2285 4827 2386 4864 suo
2418 4812 2560 4874 loco,
2589 4827 2865 4881 navesque
2894 4814 3179 4867 onerarias
3210 4829 3332 4869 cum
3351 4823 3710 4874 armamentis

2132 4912 2187 4957 et
2214 4902 2373 4957 malis
2397 4902 2641 4973 recipere
2672 4912 2892 4971 posset:
2924 4914 3038 4959 tum
3080 4907 3241 4959 etiam
3278 4910 3516 4975 porticus
3542 4928 3710 4980 supra

2132 5012 2251 5069 eam
2276 4997 2435 5063 longe
2455 4998 2667 5063 lateque
2687 4997 3058 5064 resplendens,
3077 5006 3132 5051 et
3151 5012 3482 5053 marmorum
3507 5003 3558 5055 in
3586 5004 3706 5071 ipsa

2135 5087 2346 5156 porticu
2400 5088 2758 5157 magnitudo:
2798 5097 2942 5141 utet
2988 5089 3241 5143 columna
3296 5100 3421 5144 ante
3474 5104 3706 5160 portam,

2131 5198 2255 5252 qua:
2287 5190 2343 5236 et
2396 5182 2512 5251 ipsa
2546 5190 2783 5234 statuam
2843 5180 2974 5235 olim
3016 5185 3278 5238 sustinuit
3310 5222 3324 5236 .
3354 5185 3493 5250 Quin
3540 5189 3707 5239 etiam

2132 5275 2238 5343 pila
2259 5275 2312 5327 in
2343 5274 2515 5328 altero
2537 5273 2693 5338 colle,
2723 5275 2815 5342 qui
2857 5274 3063 5336 aedibus
3096 5276 3226 5338 tuis,
3254 5277 3307 5328 in
3344 5276 3544 5343 quibus
3562 5292 3710 5332 nunc

2136 5371 2370 5431 llitbslas,
2428 5367 2676 5421 imminet
2710 5383 2726 5419 :
2756 5374 2815 5419 ut
2856 5376 2910 5418 et
2948 5367 3032 5419 ιιω
3070 5383 3191 5435 quae
3216 5366 3271 5420 in
3309 5370 3566 5437 strategio
3608 5384 3711 5426 ex-

2132 5468 2318 5523 stant;
2351 5468 2465 5512 tutn
2500 5474 2618 5527 quae
2647 5460 2713 5510 ad
2735 5458 3012 5511 dexteram
3044 5458 3144 5513 SS.
3169 5461 3559 5531 Apostolorum
3583 5466 3712 5519 visi-

2134 5563 2245 5617 tur,
2290 5553 2585 5617 multaeque
2633 5549 2753 5603 aliae
2783 5551 2962 5617 digna:
2994 5553 3444 5609 convenientibus
3508 5560 3706 5625 statuis

2133 5647 2290 5699 bases
2323 5643 2496 5697 luere.
2526 5641 2627 5696 Sed
2661 5642 2792 5710 quid
2826 5658 2927 5710 ego
2953 5642 3021 5699 de
3050 5645 3425 5716 porphyretica
3456 5650 3706 5706 columna

2130 5749 2582 5800 commemorem,
2612 5750 2732 5804 quin
2768 5751 2957 5791 versus
2982 5739 3246 5794 orientem
3285 5743 3339 5794 ιιι
3384 5752 3572 5798 eadem
3619 5759 3705 5798 re.-
