4048 6224
332 294 401 353 47
1476 276 1872 340 MANUELIS
1912 276 2434 342 CliRYSOLOR/E
2792 311 2797 315 -
2954 300 2967 307 κ
3521 289 3589 355 ις

332 407 489 475 gione
524 415 717 467 exstat,
756 409 806 455 et
839 415 1052 454 erucem
1077 396 1435 453 editissimam
1470 393 1702 447 sustinet
1736 410 1748 445 :
1781 406 1900 461 qua!

2010 412 2129 459 τας,
2162 398 2342 459 πασας
2370 396 2426 449 δὲ
2454 396 2651 467 στήλας
2698 398 2955 461 νικῶντος
2983 418 2996 463 ;
3052 402 3173 454 ἐπεὶ
3205 401 3297 457 καὶ
3325 402 3437 459 τῶν
3464 407 3589 475 γλυ-

334 496 386 549 in
416 510 543 549 area
576 492 755 563 p:-latii
788 488 1128 545 Constantini
1156 485 1330 554 Magni
1365 492 1544 537 erecta
1566 493 1620 537 et
1657 483 1902 536 dedicata

334 587 455 653 fuit,
487 596 537 639 et
571 598 793 638 caeteras
849 590 1057 635 statuas
1101 592 1311 639 omnes,
1346 588 1648 641 omnesque
1697 573 1906 628 colum-

337 695 435 731 nas
464 674 727 744 superat?
759 690 878 726 nam
914 683 965 724 et
1000 671 1171 725 ca-lali
1199 671 1380 737 operis
1407 672 1655 735 magnam
1685 665 1898 734 copiam

333 770 616 833 habemus,
656 767 813 835 quale
843 766 894 817 in
924 762 1196 818 columnis
1232 761 1340 816 illis
1374 758 1731 814 circumcirca
1786 753 1902 809 etii-

330 862 489 933 giatis
515 862 731 922 visitur,
784 873 905 927 qnze
939 855 1351 911 accuratissime
1380 853 1567 909 ellictze
1623 856 1772 911 sunt.
1830 847 1899 901 ad

330 954 689 1005 imitationem
711 965 899 1004 earum
929 990 943 1012 ,
964 962 1084 1018 qua:
1099 948 1185 1000 hic
1202 954 1434 1001 exstant.
1478 944 1581 997 Sed
1605 939 1738 994 illud
1758 952 1900 1005 opus

329 1050 591 1111 superant
616 1049 809 1094 statua:
844 1038 985 1099 istae,
1016 1051 1137 1104 qua:
1189 1050 1255 1089 ex
1281 1034 1457 1103 lapide
1514 1025 1897 1099 porphyretico

332 1135 490 1188 facta:
526 1132 672 1187 sellis
699 1131 763 1184 ad
797 1128 1014 1182 trivium
1056 1126 1320 1185 insident.
1358 1132 1411 1179 et
1450 1124 1746 1179 secundum
1797 1117 1899 1171 ali-

331 1240 468 1295 quos
496 1220 846 1293 agoranomia
883 1230 937 1273 et
966 1218 1308 1287 principatus
1338 1226 1744 1283 nuneupantur:
1779 1222 1895 1268 tum

330 1319 495 1372 etiam
525 1316 694 1369 altera
732 1314 783 1364 in
816 1314 1004 1363 eadem
1040 1310 1147 1373 via,
1184 1308 1347 1376 paulo
1369 1321 1532 1374 supra
1564 1318 1725 1374 caput
1749 1305 1897 1359 rivu-

332 1410 363 1461 li
396 1405 529 1475 ,qui
567 1405 753 1458 urbem
806 1400 1120 1470 perlabitur,
1176 1415 1239 1452 ex
1292 1398 1524 1453 candido
1579 1397 1755 1467 lapide
1812 1396 1896 1451 vel

327 1510 602 1551 marmore
623 1532 637 1557 ,
675 1506 793 1563 quae
823 1490 1005 1544 cubito
1038 1489 1197 1543 inniti
1237 1489 1468 1542 videtur.
1537 1485 1676 1540 Sunt
1705 1495 1759 1540 et
1792 1486 1896 1539 alia

331 1592 493 1657 hujus
520 1590 729 1659 generis
763 1587 951 1645 multa,
982 1598 1103 1654 quae
1125 1584 1237 1650 ipse
1254 1580 1469 1649 quidem
1505 1593 1613 1631 non
1646 1577 1776 1638 vidi.
1800 1576 1893 1629 sed

327 1684 380 1736 in
418 1682 553 1735 locis
575 1680 897 1750 quibusdam
918 1676 1121 1730 abditis
1138 1682 1354 1727 exstare
1376 1668 1583 1723 audivi.
1638 1666 1772 1720 Nam
1794 1676 1894 1721 ‘eas

2012 490 2159 541 πτῶν
2187 491 2393 542 τούτων
2422 489 2621 556 ἔργων,
2657 488 2853 558 ἔχομεν
2881 492 2938 542 δὲ
2988 492 3184 557 πολλὰ,
3218 489 3332 548 οἷον
3358 499 3456 549 ἐπὶ
3483 501 3590 553 τῶν

2014 578 2365 647 περιγλύφων
2400 580 2627 632 ἐκείνων
2663 581 2880 642 κιόνων,
2931 581 3178 651 ἀκριϐῶς
3234 587 3315 647 είς
3355 587 3589 658 μίμησιν

2008 670 2116 721 τῶν
2144 672 2270 739 τῇδε
2325 672 2745 739 πεποιημένων·
2779 674 2930 740 ὅμως
2980 674 3036 725 δὲ
3091 674 3589 748 ὑπερϐαλλομένων

2011 762 2241 815 καὶτῶν
2280 762 2367 815 διὰ
2420 766 2586 831 μέσου
2626 764 2830 817 τούτων
2863 767 2964 832 τῆς
3014 769 3407 839 πορφυριτιδος
3439 771 3589 825 λίθου

2010 857 2391 924 πεποιημένων
2412 854 2768 925 ἀνδριάντων,
2791 858 2847 909 ὲν
2875 856 3089 926 θρόνοις
3131 861 3224 913 ἐπὶ
3252 863 3465 930 τριόδου
3489 880 3588 916 κα-

2008 948 2295 1014 θημένων,
2320 943 2399 1010 οἷς
2442 948 2613 1017 ὄνομά
2668 968 2719 1001 τι
2775 950 2919 1002 κατὰ
2954 950 3591 1024 τούτουςράγορανομίας

2007 1044 2101 1095 καὶ
2132 1041 2301 1109 ἀρχῆς
2340 1042 2728 1109 ὲπιφημίξεται
2749 1056 2765 1071 ⁸
2806 1045 2904 1094 καὶ
2932 1043 3093 1097 ἄλλου
3120 1045 3175 1097 δὲ
3204 1047 3297 1099 hri
3350 1050 3449 1117 τῆς
3489 1048 3589 1101 αὐ-

2006 1136 2105 1203 τῆς
2126 1134 2246 1187 ὁδοῦ
2278 1134 2474 1202 μικρὸν
2520 1135 2585 1186 ἐκ
2619 1133 2813 1187 λευκοῦ
2840 1135 2990 1189 λίθου
3021 1136 3052 1204 ἢ
3099 1139 3417 1209 μαρμάρου,
3443 1140 3585 1208 ὑπὲρ

2007 1225 2248 1294 κεφαλῆς
2278 1225 2370 1277 τοῦ
2406 1225 2495 1278 διὰ
2538 1226 2636 1294 τῆς
2669 1228 2882 1289 πόλεως
2914 1230 3248 1301 χειμάρρου,
3300 1232 3588 1297 δοκοῦντος

2006 1313 2084 1373 είς
2115 1312 2342 1377 ἀγκῶνα
2378 1313 2719 1368 ἀνακεῖσθαι.
2749 1316 2861 1369 Καὶ
2887 1316 3023 1369 ἀλλα
3054 1317 3111 1370 δὲ
3143 1320 3313 1373 πολλὰ
3336 1320 3582 1388 τοιαῦτα,

2004 1404 2039 1458 ἃ
2072 1404 2146 1474 μὴ
2172 1404 2367 1475 ἔτυχον
2400 1400 2562 1469 αὐτὸς
2607 1405 2757 1472 ίδὼν,
2794 1409 3008 1478 ἀκήκοα
3032 1409 3089 1463 δὲ
3120 1412 3179 1464 ὲν
3210 1413 3397 1475 τόποις
3438 1414 3587 1465 τισὶν

2003 1498 2348 1567 ἀποκρύφοις
2390 1494 2553 1551 εἶναι.
2601 1494 2707 1551 Ἐῶ
2736 1499 2843 1569 γὰρ
2882 1502 3008 1563 τοὺς
3062 1502 3168 1569 πρὸ
3221 1503 3319 1570 τῆς
3369 1502 3581 1572 χρυσῆς

2005 1590 2201 1660 πύλης.
2232 1592 2332 1642 Ἢν
2360 1593 2451 1642 καὶ
2482 1591 2651 1658 αὐτὴν
2681 1592 2776 1643 καὶ
2800 1594 2924 1654 τοὺς
2947 1594 3003 1644 ὲν
3026 1594 3161 1662 αὐτῇ
3197 1597 3578 1664 μαρμαρίνους

2006 1681 2253 1751 πύργους
2309 1684 2391 1743 τίς
2430 1682 2494 1735 ἂν
2542 1682 2707 1747 ἀξίως
2767 1682 2981 1736 δύναιτο
3042 1686 3341 1754 Θαυμάσαι,
3378 1686 3576 1747 ἄθλους

326 1793 446 1844 qua:
472 1787 599 1831 sunt
629 1783 753 1827 ante
778 1781 988 1841 portam
1016 1782 1238 1823 auream
1274 1766 1487 1817 omitto.
1520 1762 1694 1816 Sedet
1727 1761 1900 1829 ipsam

2016 1775 2348 1843 Ἡρακλέους
2368 1775 2601 1845 ἀρίστης
2634 1777 2727 1827 καὶ
2752 1776 3212 1846 θαυμασιωτάτης
3234 1777 3450 1847 τέχνης,
3478 1778 3575 1831 καὶ

327 1871 467 1922 hanc
502 1878 729 1934 portam,
758 1876 812 1917 et
838 1868 1172 1915 marmoreas
1203 1858 1349 1912 illius
1382 1866 1587 1918 turres;
1625 1862 1739 1906 tum
1766 1850 1902 1906 lier-

330 1959 467 2012 eulis
493 1957 730 2017 labores,
770 1965 821 2007 et
855 1951 1161 2005 Promethei
1192 1956 1549 2009 tormentum,
1581 1953 1746 2013 atque
1792 1942 1900 1996 alia

327 2049 492 2118 hujus
515 2050 729 2115 generis
752 2059 963 2099 summa
994 2052 1046 2097 et
1066 2039 1372 2095 admirabili
1404 2048 1523 2091 arte
1558 2038 1607 2089 in
1628 2048 1902 2089 marmore

328 2154 585 2209 expressa
636 2137 760 2207 quis
813 2135 975 2203 digne
1025 2131 1285 2185 admirari
1320 2127 1562 2199 poterit?
1602 2126 1711 2180 Sed
1750 2122 1897 2193 quod

328 2235 519 2288 civitas
554 2231 642 2284 illa
700 2244 810 2282 non
845 2227 1007 2281 etiam
1061 2224 1213 2294 plura
1248 2223 1479 2277 istorum
1515 2232 1740 2289 operum
1804 2217 1901 2270 ha-

328 2326 470 2390 beat,
504 2321 623 2389 ejus
657 2321 769 2373 haec
801 2330 880 2375 est
923 2331 1109 2380 causa,
1140 2314 1281 2385 quod
1312 2324 1424 2368 tum
1456 2311 1673 2382 condita
1710 2307 1896 2372 fuerit,

327 2432 451 2471 cum
501 2415 663 2467 etiam
720 2412 809 2465 hic
876 2418 1096 2480 propter
1145 2406 1462 2476 religionem
1515 2403 1620 2457 ista
1656 2400 1897 2471 neglecta

324 2508 571 2576 iacerent
589 2543 602 2558 .
629 2502 809 2557 Credo
835 2504 981 2571 quod
1008 2500 1259 2554 homines
1291 2506 1595 2551 statuarum
1626 2504 1682 2549 et
1712 2494 1897 2562 signo-

329 2611 451 2651 rum
482 2592 900 2651 similitudinem
937 2600 1356 2653 aversarentur;
1398 2590 1622 2657 quinam
1641 2599 1777 2664 ergo
1801 2586 1898 2637 ist-

328 2689 421 2745 hic
446 2704 510 2743 ea
563 2698 676 2744 tum
703 2683 897 2741 facturi
920 2694 1122 2748 essent,
1157 2697 1280 2752 quae
1315 2683 1399 2735 hie
1430 2695 1551 2733 eum
1578 2680 1690 2749 jam
1720 2687 1898 2731 exsta-

328 2792 452 2837 rent
469 2781 708 2850 neglecta
727 2776 1013 2849 iacebant?
1033 2774 1295 2831 Fecerunt
1312 2781 1491 2827 tamen
1510 2781 1561 2827 et
1576 2774 1900 2826 invenerunt

225 2911 232 2917 -
328 2875 468 2929 alia:
506 2873 742 2933 tabulas,
794 2871 1037 2939 inquam,
1090 2868 1375 2937 imagines,
1411 2865 1651 2934 picturas
1704 2873 1758 2918 et
1792 2872 1899 2918 tes-

329 2968 581 3021 sellatum
616 2967 728 3018 sive
758 2964 1030 3017 musivnm
1053 2976 1212 3031 opus,
1239 2971 1409 3012 artem
1432 2974 1617 3013 revera
1645 2956 1899 3027 pulcher-

328 3061 523 3112 rimam
556 3068 609 3111 et
641 3057 875 3109 maxime
905 3054 1227 3108 durabilem.
1263 3050 1328 3103 Et
1369 3050 1457 3103 hlc
1488 3048 1704 3119 quidem
1734 3063 1897 3118 opera

330 3150 418 3203 illa
451 3147 727 3203 tessellata
760 3143 1052 3199 admodum
1072 3157 1200 3196 rara
1220 3149 1380 3195 sunt:
1408 3156 1526 3209 qua:
1544 3139 1784 3209 profecto
1813 3153 1902 3195 so-

331 3240 436 3292 lius
457 3237 699 3299 Graecim,
731 3244 823 3287 aut
860 3234 1040 3301 potius
1092 3231 1240 3286 illius
1282 3231 1432 3284 urbis
1484 3238 1611 3285 sunt
1638 3232 1856 3301 propria
1888 3250 1904 3288 :

330 3350 455 3388 nam
510 3335 554 3389 si
606 3334 689 3386 vel
721 3333 809 3387 hic
854 3330 935 3385 vel
984 3330 1106 3385 aliis
1138 3330 1191 3382 in
1228 3330 1361 3384 locis
1392 3332 1496 3384 tale
1527 3330 1656 3399 quid
1684 3330 1900 3398 visitur,

330 3437 383 3479 et
412 3426 690 3480 materiam
714 3434 766 3480 et
795 3433 965 3481 artem
991 3423 1116 3477 inde
1147 3422 1355 3477 habuit.
1374 3421 1530 3487 Quod
1556 3422 1722 3476 etiam
1759 3424 1813 3477 in
1841 3438 1902 3479 re

330 3521 594 3577 etatuaria
640 3518 933 3587 contigisse
966 3516 1257 3581 existimo;

2006 1867 2340 1935 Προμηθέως
2374 1867 2628 1935 βάσανον,
2666 1869 2757 1920 καὶ
2782 1869 3006 1922 τοιαῦτα
3031 1868 3196 1937 ἕτερα
3220 1869 3329 1923 ἀπὸ
3360 1870 3582 1939 μαρμάο

2008 1976 2141 2030 ρους
2195 1960 2301 2013 Τοῦ
2333 1962 2389 2013 δὲ
2442 1962 2520 2031 μὴ
2550 1964 2643 2013 xei.
2679 1962 2850 2014 πλείω
2892 1962 3098 2014 τούτων
3148 1962 3294 2031 ἔχειν
3327 1964 3499 2015 αίτιον
3522 1963 3586 2016 τὸ

2001 2054 2100 2123 τὴν
2130 2054 2281 2107 πόλιν
2320 2054 2537 2121 ἐκείνην
2583 2057 2700 2106 τότε
2735 2054 3093 2124 γεγενῆσθαι.
3130 2055 3221 2107 ὅτε
3262 2056 3437 2108 ταῦτα
3488 2057 3585 2108 καὶ

2002 2144 2235 2199 ἐνταῦθα
2275 2145 2363 2197 διὰ
2412 2144 2513 2215 τὴν
2553 2145 2854 2213 θρησκείαν
2906 2146 3186 2214 ἠμελεῖτο,
3239 2146 3582 2212 φευγόντων,

2001 2233 2179 2306 οἶμαι,
2209 2235 2318 2288 τῶν
2346 2234 2656 2307 ἀνθρώπων
2687 2238 2786 2306 τὴν
2823 2236 2931 2288 τῶν
2975 2236 3183 2300 ξοάνων
3214 2236 3309 2289 καὶ
3338 2236 3582 2291 εἰδώλων

2000 2328 2318 2399 ὁμοιότητα.
2346 2329 2470 2392 Πῶς
2497 2329 2679 2381 τοίνυν
2712 2328 2910 2381 ἐκεῖνοι
2949 2329 3123 2380 ποιεῖν
3159 2327 3405 2394 ἔμελλον,
3438 2326 3474 2380 ἃ
3494 2328 3583 2379 ὲν-

2000 2421 2175 2475 ταῦθα
2218 2421 2321 2492 ἤδη
2352 2421 2616 2491 πρότερον
2663 2420 2792 2472 ὄντα
2819 2418 3151 2490 καθῃρεῖτο;
3177 2418 3472 2488 Ἐποίησαν
3518 2418 3576 2471 δὲ

2000 2514 2095 2566 καὶ
2117 2512 2337 2582 ἐξεῦρον
2359 2512 2494 2565 ἄλλα
2512 2527 2527 2541 '
2565 2511 2633 2564 τά
2661 2511 2750 2563 διὰ
2774 2509 2884 2562 τῶν
2913 2510 3181 2573 πινάκων,
3206 2509 3299 2563 κα)⁵
3326 2509 3575 2572 είκόνων,

2001 2602 2096 2654 καὶ
2117 2600 2380 2670 γραφῶν,
2425 2598 2519 2652 καὶ
2557 2599 2624 2651 τὰ
2652 2596 2739 2650 διὰ
2772 2594 3021 2668 ψηφίδων
3068 2598 3233 2665 λέγω,
3266 2596 3462 2663 τέχνης
3490 2594 3578 2646 ὗν-

2000 2711 2107 2759 τως
2144 2693 2536 2764 λαμπροτάτης
2576 2693 2671 2746 καὶ
2720 2694 3106 2763 μονιμωτάτης
3129 2707 3143 2722 °
3168 2690 3204 2745 ἃ
3230 2692 3326 2745 καὶ
3354 2690 3442 2744 διά
3468 2691 3577 2742 τῶν

1998 2786 2250 2858 ψηφίδων
2280 2786 2452 2856 δήπου
2488 2787 2694 2840 σπάνια
2730 2786 2966 2840 ἐνταῦθα
2998 2787 3091 2837 καὶ
3120 2782 3342 2851 ἀληθῶς
3401 2782 3572 2852 μόνης

1998 2875 2102 2947 τῆς
2141 2875 2412 2940 Ἑλλάδος,
2439 2875 2473 2945 ἢ
2500 2872 2602 2945 τῆς
2631 2874 2837 2937 πόλεως
2866 2874 3108 2942 ΐκείνης.
3148 2873 3298 2924 Ἐπεὶ
3326 2872 3419 2924 καὶ
3448 2873 3506 2925 ετ
3524 2889 3579 2925 τι

2000 2968 2242 3022 τοιοῦτον
2265 2968 2504 3022 ἐνταῦθα
2542 2968 2573 3037 ἢ
2614 2966 2854 3039 ἀλλαχοῦ
2906 2968 3208 3028 δείκνυται,
3238 2964 3446 3019 ἐκεῖθεν
3479 2964 3583 3035 τὴν

1930 3091 1975 3149 c
2006 3061 2136 3130 ὓλην
2163 3061 2289 3129 ἔσχε
2333 3063 2429 3115 καὶ
2480 3062 2583 3131 τὴν
2633 3063 2852 3131 τέχνην.
2892 3062 2958 3112 Ὃ
3002 3058 3211 3123 νομίζω
3239 3058 3331 3111 καὶ
3360 3058 3453 3111 επὶ
3483 3056 3587 3124 τῆς

2016 3157 2523 3226 ἀνδριαντοποιικῆς
2570 3154 2844 3223 συμϐῆναι
2869 3171 2882 3185 ·
2919 3152 3189 3223 ἄρξασθαι
3235 3149 3336 3220 μὲν
3368 3149 3463 3204 καὶ
3492 3147 3584 3200 ὲλ-

2016 3248 2127 3299 θεῖν
2152 3247 2252 3315 τὴν
2286 3246 2461 3316 ἀρχὴν
2483 3247 2713 3310 ἐκεῖθεν,
2745 3243 3022 3297 ἐπιδοῦναι
3048 3243 3105 3295 δὲ
3142 3239 3463 3310 θαυμασίως
3484 3238 3583 3293 καὶ

2010 3338 2263 3393 ὲνταῦθα.
2287 3339 2444 3400 Ἴσως
2472 3337 2529 3390 δὲ
2560 3336 2720 3390 τοῦτο
2751 3334 2820 3389 ἀν
2849 3336 2993 3388 εῐποι
3019 3350 3101 3396 τις
3130 3332 3225 3385 καὶ
3249 3331 3342 3383 ἐπὶ
3370 3328 3584 3382 πολλῶν

2010 3429 2212 3481 ἄλλων.

1336 3515 1587 3571 videlicet
1638 3531 1757 3570 eam
1820 3517 2091 3587 principio
2152 3519 2313 3575 isthic
2370 3519 2600 3590 coepisse
2654 3529 2711 3575 et
2758 3521 2865 3575 huc
2924 3518 3275 3589 pervenisse:
3340 3524 3583 3571 attamen

328 3628 381 3672 et
437 3617 524 3672 hic
582 3613 900 3669 admirabile
951 3614 1229 3681 accepisse
1271 3612 1697 3666 incrementum:
1732 3610 1882 3682 quod
1923 3611 2174 3670 fortassis
2223 3618 2386 3669 etiam
2416 3616 2483 3671 de
2518 3615 2706 3670 multis
2735 3614 2859 3670 aliis
2885 3613 3006 3683 quis
3034 3613 3310 3667 afﬁrmare
3368 3620 3581 3683 posset.

405 3714 509 3768 Sed
546 3723 602 3767 ut
632 3722 819 3766 ert-tera
852 3726 972 3780 qua:
1022 3710 1140 3765 sine
1163 3709 1360 3765 fabulis
1398 3718 1452 3765 et
1485 3711 1900 3780 exaggeratione

328 3809 397 3861 tle
430 3807 532 3860 ista
566 3804 697 3857 urbe
724 3802 1135 3856 connnemorari
1180 3813 1416 3869 possent,
1448 3804 1731 3867 omittam;
1761 3812 1898 3865 tem.

328 3899 477 3968 plum
511 3896 659 3957 illud,
709 3894 795 3948 cui
829 3894 1044 3962 Sophia:
1078 3907 1270 3945 nomen
1303 3908 1331 3946 a
1378 3893 1569 3946 divina
1622 3892 1898 3963 Sapientia

329 3993 576 4047 Conditor
610 3988 867 4058 imposuit
925 3988 1293 4057 (nequaquam
1340 3987 1484 4039 enim
1525 3988 1774 4042 humana:
1809 4004 1897 4043 sa-

328 4083 545 4153 pientiae
594 4096 730 4151 opus
779 4077 925 4149 est),
969 4081 1055 4132 ubi
1124 4081 1245 4148 quis
1300 4079 1696 4148 contemplatus
1720 4079 1901 4143 fuerit,

328 4189 571 4244 qu:enam
591 4174 693 4226 alia
716 4182 833 4241 post
872 4172 984 4225 hzec
1006 4187 1205 4225 conum
1225 4186 1461 4234 morare,
1489 4171 1573 4225 vel
1604 4171 1790 4225 mirari
1814 4186 1905 4240 po-

333 4268 477 4329 terit,
499 4267 578 4319 vel
604 4281 833 4335 quorum
860 4266 1115 4332 deinceps
1136 4263 1331 4331 poterit
1350 4264 1661 4318 meminisse
1681 4262 1905 4331 ?Neque

329 4358 471 4411 enim
513 4366 633 4425 post
672 4355 920 4409 homines
948 4363 1099 4407 natos
1122 4354 1295 4405 simile
1322 4353 1449 4419 quid
1470 4351 1657 4416 fuisse,
1680 4352 1763 4405 vel
1808 4368 1906 4404 un-

331 4461 489 4512 quam
546 4443 786 4496 futurum
835 4442 1105 4494 existimo.
1158 4436 1312 4491 Unde
1362 4448 1415 4491 et
1460 4438 1577 4507 ipse
1620 4441 1902 4509 postquam
1943 4458 1984 4512 υ
2015 4451 2133 4503 κατ’

332 4537 451 4603 ejus
506 4534 745 4598 memini,
803 4548 1016 4587 onmem
1047 4532 1240 4585 deinde
1281 4531 1583 4584 orationem
1629 4531 1696 4585 de
1754 4532 1902 4585 hisce

332 4628 497 4681 rebus
535 4628 797 4680 omittam.
840 4623 1019 4692 Neque
1047 4623 1190 4676 enim
1217 4623 1511 4691 quidquam
1577 4637 1673 4692 pro
1726 4624 1800 4676 rei
1826 4624 1904 4676 di-

329 4720 531 4788 gnitate
557 4720 620 4771 de
649 4719 737 4770 illo
767 4717 869 4769 diei
904 4724 1112 4782 potest;
1139 4723 1191 4766 et
1242 4724 1524 4783 postquam
1549 4713 1666 4781 ejus
1714 4716 1903 4769 memi—

330 4814 496 4876 neris,
524 4811 655 4863 nihil
683 4810 913 4874 amplius
938 4806 1045 4858 ulla
1074 4806 1140 4859 de
1173 4821 1230 4858 re
1253 4807 1433 4859 dicere
1461 4806 1604 4859 licet.
1644 4804 1775 4859 Nam
1811 4806 1899 4859 ubi

330 4904 431 4956 hoc
454 4902 639 4954 animo
664 4888 839 4953 tecum
868 4898 1203 4963 consideras,
1234 4898 1301 4951 ibi
1337 4898 1472 4951 nihil
1501 4897 1646 4951 aliud
1679 4900 1901 4968 cogitari

329 5003 523 5061 potest.
557 4990 662 5045 Sed
699 4990 764 5043 de
788 4990 900 5049 illo.
933 4998 990 5042 ut
1018 4988 1146 5051 dixi,
1177 5004 1271 5058 pro
1310 4990 1573 5058 dignitate
1600 4991 1901 5059 quidquam

326 5088 429 5138 diri
456 5083 670 5151 nequit;
700 5092 752 5134 et
776 5081 817 5134 si
843 5081 965 5149 quis
995 5082 1173 5135 dicere
1205 5092 1481 5149 tnelperet.
1509 5082 1903 5150 plustemporis

328 5176 404 5229 illi
429 5190 590 5243 quam
615 5174 820 5227 caeteris
845 5173 1101 5226 omnibus
1128 5173 1438 5241 impendere
1461 5182 1769 5240 cogeretur,
1805 5188 1902 5225 nec

327 5278 508 5321 tamen
528 5266 819 5335 quidquam
855 5275 909 5317 ut
944 5281 1038 5333 par
1065 5274 1146 5318 est
1166 5267 1385 5318 diceret.
1409 5265 1511 5317 Sed
1531 5273 1583 5315 et
1608 5264 1708 5315 hoc
1734 5264 1904 5315 liben-

327 5372 407 5413 ter
426 5360 741 5422 coneedam,
769 5358 1081 5426 neutiquam
1108 5366 1281 5409 tamen
1302 5369 1476 5422 neque
1501 5354 1550 5405 in
1573 5354 1677 5407 line
1698 5356 1902 5407 oratio-

326 5456 432 5515 nis,
455 5468 626 5520 neque
647 5452 840 5511 obiter,
858 5466 952 5503 nec
968 5449 1081 5501 sine
1098 5457 1249 5502 certo
1280 5444 1509 5499 consilio
1535 5456 1591 5498 ut
1620 5448 1903 5516 superiora

325 5550 607 5602 dicendum
659 5554 794 5599 erat.
821 5545 1017 5597 Verum
1047 5541 1090 5595 si
1118 5555 1214 5594 nec
1243 5540 1422 5593 statim
1452 5554 1479 5593 a
1513 5540 1802 5609 principio,
1850 5550 1904 5595 et

323 5652 471 5693 certo
489 5636 735 5693 consilio,
754 5650 927 5702 neque
945 5633 1096 5685 alteri
1120 5631 1349 5683 consilio
1370 5631 1556 5683 intenti
1588 5632 1750 5684 ullam
1771 5642 1905 5687 tem-

326 5735 397 5803 pli
445 5731 592 5785 iliius
616 5735 819 5797 partem
846 5726 1018 5780 verbis
1044 5724 1347 5779 desl'riberc
1371 5740 1675 5794 possumus,
1711 5728 1898 5796 utique

2090 3713 2249 3766 Ἀλλά
2278 3714 2447 3768 ταῦτα
2481 3713 2602 3784 μιν,
2627 3715 2765 3784 ὅπερ
2794 3710 2969 3776 εἷπον,
3005 3711 3081 3764 ἐῶ
3103 3726 3118 3741 ·
3161 3709 3234 3762 ἐῶ
3259 3709 3316 3762 δὲ
3339 3711 3433 3763 καὶ
3457 3709 3585 3763 τάλ-

2005 3807 2093 3870 λα,
2122 3807 2221 3859 ὅσα
2269 3823 2350 3868 τις
2385 3806 2640 3875 ἀμύθητα
2685 3807 2777 3859 καὶ
2838 3800 3231 3872 ἀνυπέρϐλητα
3279 3801 3459 3868 λέγειν
3490 3802 3584 3854 δύο

2006 3918 2156 3952 ναιτο
2191 3900 2319 3968 περὶ
2376 3898 2624 3967 ἐκείνης’
2688 3896 2825 3949 ἀλλὰ
2876 3896 3001 3957 ναδς
3041 3896 3270 3959 ἐκεῖνος,
3309 3888 3352 3961 ᾧ
3392 3892 3577 3957 καλῶς

2010 3993 2180 4045 ποιῶν
2207 3994 2409 4054 ἐκεῖνος
2448 3990 2690 4060 τοῦνομα
2716 3990 2811 4057 τῆς
2843 3988 2938 4041 τοῦ
2972 3988 3108 4039 Θεοῦ
3143 3987 3344 4055 Σοφίας
3371 3987 3584 4055 ἐπεφή-

2016 4101 2140 4154 μισε
2166 4084 2302 4152 (ἔστι
2331 4084 2440 4151 γὰρ
2468 4084 2635 4143 ὅντως
2661 4081 2760 4134 οὐκ
2780 4080 3131 4150 ἀνθρωπίνης
3163 4079 3352 4146 σοφίας
3375 4080 3581 4149 ἔργον),

2013 4176 2133 4228 τίνα
2170 4175 2344 4228 ἰδόντα
2375 4175 2526 4227 ἐάσει
2548 4174 2713 4242 ἔτερα
2740 4173 2834 4225 τοῦ
2850 4172 3038 4226 λοιποῦ
3067 4171 3266 4238 λέγειν,
3305 4170 3338 4242 ἦ
3371 4170 3584 4239 θαυμάο

2015 4266 2148 4330 ζειν,
2182 4266 2214 4335 ἦ
2259 4266 2462 4331 ἐτέρων
2509 4266 2606 4318 τοῦ
2659 4263 2844 4317 λοιποῦ
2880 4263 3228 4334 μεμνῆσθαι;
3268 4257 3438 4331 Οῐμαι
3474 4262 3584 4329 γὰρ

2018 4358 2154 4425 μήτε
2189 4357 2459 4425 γενέσθαι,
2490 4361 2628 4425 μήτε
2663 4355 2768 4427 μὴν
2799 4356 3124 4425 γενήσεσθαί
3157 4372 3286 4408 ποτε
3319 4355 3506 4423 ὅμοιόν
3529 4372 3582 4406 τι

2190 4450 2542 4518 ἀνθρώπου;·
2597 4449 2718 4500 ὅθεν
2756 4450 2820 4517 δὴ
2879 4447 3033 4514 κάγὼ
3068 4447 3258 4499 τούτου
3295 4447 3581 4515 μνησθεὶς,

2007 4543 2151 4594 ἐάσω
2190 4541 2377 4595 λοιπὸν
2404 4542 2578 4593 πάντα
2600 4539 2691 4592 τὸν
2716 4542 2844 4607 περὶ
2872 4540 3080 4591 τούτων
3102 4538 3286 4605 λόγον.
3313 4536 3451 4590 Οῠτι
3474 4538 3585 4604 γὰρ

2006 4634 2134 4703 περὶ
2165 4631 2330 4686 αὐτοῦ
2362 4631 2505 4682 ἐστιν
2559 4630 2707 4695 ἄξιόν
2760 4646 2813 4681 τι
2867 4624 2958 4681 τοῦ
3000 4629 3327 4698 πράγματος
3379 4629 3587 4692 εἰπεῖν,

2004 4724 2127 4777 οὗτε
2157 4724 2345 4776 τούτου
2378 4723 2685 4791 μνησθέντα
2709 4721 2918 4785 ἔξεστιν
2951 4721 3087 4782 ὅλως
3113 4722 3300 4772 λοιπὸν
3331 4722 3461 4789 περὶ
3486 4721 3578 4773 οὐ-

2005 4814 2247 4868 τινοσοῦν
2276 4816 2477 4880 λέγειν.
2511 4812 2681 4865 Τοῦτό
2719 4829 2776 4863 τε
2811 4812 2917 4881 γὰρ
2951 4812 3091 4862 κατά
3126 4811 3250 4863 νοῦν
3281 4810 3580 4879 βαλόμενον

2004 4911 2104 4962 οὐκ
2136 4909 2283 4960 ἔστιν
2329 4907 2514 4975 ἓτερον
2562 4905 2930 4974 διανοηθῆναι.
2991 4904 3098 4956 Καὶ
3132 4904 3259 4970 περὶ
3295 4902 3459 4955 αὑτοῦ
3497 4902 3578 4968 δὲ,

2003 4999 2077 5061 ὡς
2110 4996 2285 5059 εἷπον,
2324 4998 2460 5064 πρὸς
2486 4995 2643 5057 ἀξίαν
2671 5012 2725 5047 τι
2760 4996 2937 5062 λέγειν
2968 4992 3218 5046 ὁπωσοῦν
3256 4994 3539 5061 ἀμήχανον
3560 5009 3576 5024 ’

2007 5090 2101 5142 καὶ
2133 5088 2437 5157 ἀρξάμενον
2456 5089 2512 5139 δὲ
2546 5088 2727 5156 δεήσει
2752 5088 2973 5140 πλείονα
3002 5104 3064 5137 πε
3078 5089 3129 5157 pl.
3171 5085 3357 5138 τούτου
3384 5085 3576 5153 χρόνον

2006 5182 2038 5250 ἢ
2071 5181 2202 5249 περὶ
2229 5179 2337 5231 τῶν
2368 5180 2678 5231 ὑπολοίπων
2726 5178 2943 5229 πάντων
2973 5177 3268 5234 ἀναλῶσαι,
3306 5176 3397 5226 καὶ
3425 5173 3578 5235 τέλος

2009 5271 2175 5339 μηδὲν
2206 5272 2351 5339 ὅμως
2378 5268 2529 5332 ἀξιον
2572 5271 2766 5321 εἰπεῖν.
2802 5267 2945 5335 Ἐγὼ
2996 5267 3051 5318 δὲ
3085 5269 3179 5319 καὶ
3215 5266 3452 5332 σπεύδω,
3502 5266 3577 5327 ὡς

2006 5356 2176 5425 εἷπον,
2207 5360 2378 5414 ταῦτα
2404 5361 2603 5413 δοῦναι.
2640 5362 2848 5414 Οὐκοῦν
2885 5361 2987 5412 ἔδει
3022 5362 3155 5429 πρὸς
3183 5360 3260 5429 τῷ
3293 5362 3437 5412 τέλει
3479 5359 3578 5412 τοῦ

2004 5453 2185 5519 λόγου,
2217 5452 2339 5504 οὐδὲ
2368 5456 2425 5505 ὲν
2450 5454 2731 5521 παρέργῳ,
2764 5453 2856 5505 καὶ
2885 5453 2983 5503 οὐκ
3027 5451 3154 5503 ἄνευ
3187 5454 3438 5521 προνοίας
3472 5453 3582 5506 ὦσ-

2006 5562 2115 5614 περ
2146 5547 2237 5596 ἐπὶ
2263 5546 2369 5597 τῶν
2401 5547 2837 5617 προειρημένων,
2871 5547 2987 5600 ἀλλ’
3013 5548 3060 5598 εἰ
3100 5550 3183 5598 καὶ
3213 5546 3269 5608 ἐξ
3292 5545 3465 5613 ἀρχῆς
3488 5546 3582 5600 εὐ·-

2006 5636 2103 5699 θὺς
2137 5639 2230 5691 καὶ
2260 5640 2397 5705 μετά
2428 5641 2705 5707 προνοίας.
2736 5642 2825 5691 καὶ
2860 5640 3022 5709 μηδὲν
3044 5639 3168 5692 ἄλλο
3196 5640 3579 5705 προστησάμε-

2004 5748 2083 5787 νοι
2112 5730 2461 5803 ἡδυνήθημέν
2492 5733 2667 5786 τιτῶν
2698 5734 2760 5786 ὲκ
2786 5734 2979 5802 ἐκείνῳ
3011 5729 3404 5797 ἐπιδείξασθαι,
3434 5731 3576 5799 εἴχο-
