4014 6214
355 389 417 443 51
1536 397 1933 458 MANUELIS
1972 397 2502 460 CHRYSOLOR/E
3089 471 3098 476 _
3556 405 3626 468 52

354 501 476 570 ipso
512 509 736 568 aspectu
763 500 842 554 vel
893 500 1058 556 etiam
1109 503 1226 557 sola
1283 505 1664 560 recordatione
1717 517 1950 561 mentem

2061 511 2228 580 ἀρχῆς
2259 511 2469 578 γέγονε,
2499 513 2699 583 σπουδῇ
2733 514 3070 584 πανταχόθεν
3103 515 3205 568 τῶν
3231 516 3369 570 κατὰ
3409 520 3642 586 καιροὺς

352 606 652 661 vocemque
687 593 817 658 illis,
847 594 937 662 qtti
979 593 1058 648 vel
1109 596 1317 662 animo,
1359 601 1440 652 vel
1497 599 1673 653 oculis
1703 609 1953 654 contem-

357 683 600 751 plautur,
632 684 874 740 adimere
906 687 1078 756 possit
1107 690 1604 758 :quemadutodum
1639 691 1954 782 ii.c:£cutire

351 776 551 841 solent,
592 777 684 846 qui
713 777 882 831 solem
918 780 1001 834 vel
1035 781 1196 835 aliam
1237 797 1349 835 rem
1376 783 1620 836 lucidam
1646 776 1950 838 intuentur.

352 867 490 931 Ooiu
523 870 686 926 etiam
728 871 795 925 de
827 871 1073 941 reliquiis
1129 884 1469 939 sanctorum,
1507 885 1560 930 et
1583 877 1745 931 rebus
1776 879 1950 932 sacris

2059 600 2326 670 ἀοιδίμων
2367 603 2633 672 βασιλέων
2681 604 2851 658 ταῦτα
2894 605 3336 675 συλλεξαμένων,
3373 607 3644 661 πλείστων

2059 690 2116 746 δὲ
2142 689 2300 757 αὖθις
2343 695 2571 759 ἐκεῖθεν,
2617 695 2809 766 ὥσπερ
2841 698 2951 749 ἀπὸ
2997 699 3188 767 κοινῆς
3237 699 3422 768 πηγῆς
3470 717 3644 766 τινος,

2060 790 2370 856 πανταχόσε
2402 790 2779 855 διαδοθέντων,
2829 792 3002 846 πολλὰ
3039 792 3117 846 ἔτι
3150 797 3245 847 καὶ
3275 794 3370 847 νῦν
3403 793 3646 864 μεμένη-

2061 897 2178 944 κεν,
2213 881 2389 942 οὐδεὶς
2418 882 2578 948 ὅλως,
2605 879 2782 952 οῗμαι,
2811 884 3017 952 ἀγνοεῖ.

351 965 498 1023 illius
527 966 699 1029 urbis,
733 982 854 1035 quae
883 967 1099 1036 quidem
1133 968 1383 1038 plurimae
1411 985 1441 1024 a
1474 970 1742 1040 principio
1779 970 2017 1035 luerunt,
2053 986 2120 1027 eo
2151 975 2294 1040 quod
2329 989 2543 1028 summo
2601 991 2818 1046 semper
2867 992 2992 1032 cum
3027 978 3212 1033 studio
3265 979 3334 1032 ab
3365 979 3644 1050 augustis-

351 1059 508 1112 simis
565 1059 988 1128 imperatoribus
1044 1064 1412 1135 undequaque
1452 1065 1856 1133 colligerentur,
1893 1067 1984 1119 sed
2022 1067 2272 1135 plurimis
2340 1068 2465 1122 inde
2521 1079 2779 1138 tanquam
2809 1086 2837 1125 a
2885 1071 3163 1125 communi
3215 1070 3452 1140 quodam
3495 1069 3644 1123 fonte

351 1147 419 1206 θα
457 1151 559 1206 alia
586 1152 700 1205 loca
731 1154 1067 1209 transmissis
1093 1155 1447 1212 nihilominus
1471 1158 1637 1211 etiam
1678 1174 1820 1212 nunc
1881 1160 2064 1214 multa:
2093 1171 2409 1228 supersunt,
2469 1162 2742 1216 neminem
2792 1165 3017 1217 omnino
3073 1163 3326 1232 ignorare
3359 1163 3641 1221 existimo.

423 1242 692 1298 Caeterum
749 1262 892 1300 nunc
921 1247 1049 1300 illud
1092 1249 1156 1302 de
1183 1257 1412 1317 utraque
1465 1251 1600 1303 urbe
1656 1252 1858 1310 dicam.
1909 1264 1953 1302 st

351 1334 476 1404 quis
505 1337 854 1404 antiquorum
905 1337 1120 1393 illorum
1152 1355 1314 1406 opera
1377 1348 1600 1409 spectet,
1639 1351 1744 1394 tam
1773 1342 1822 1392 in
1852 1340 1956 1394 hac

353 1440 518 1493 quam
552 1427 604 1480 in
642 1441 829 1483 nostra
869 1420 1029 1493 urbe,
1066 1430 1216 1484 illum
1273 1439 1327 1483 et
1363 1432 1693 1500 voluptatem
1725 1441 1777 1483 et
1809 1430 1954 1483 utili-

355 1526 525 1573 tatem
558 1520 683 1574 inde
723 1531 1129 1590 percepturum.
1172 1522 1262 1576 Est
1300 1523 1444 1576 enim
1471 1525 1615 1593 quod
1645 1522 1952 1576 mortalium

352 1626 519 1680 opera
551 1613 861 1677 admireris,
887 1624 973 1668 est
1008 1615 1252 1669 vicissim
1301 1631 1399 1669 cur
1423 1626 1742 1670 contemnas
1775 1625 1828 1669 et
1857 1629 1956 1684 pro

356 1703 523 1757 nihilo
550 1703 749 1758 habeas
780 1722 793 1760 :
827 1721 950 1759 nam
992 1707 1035 1759 si
1069 1707 1192 1775 quis
1216 1723 1278 1761 ca
1341 1721 1616 1777 spectans,
1655 1708 1808 1762 urbis
1842 1707 1952 1759 llo-

356 1809 458 1848 mae
503 1795 788 1864 imperium
821 1809 873 1851 et
941 1799 1263 1867 potentiam,
1309 1807 1419 1853 tum
1461 1800 1624 1854 etiam
1671 1799 1950 1852 hominum

2133 1253 2278 1306 Ἀλλ’
2315 1255 2494 1306 ἐκεῖνο
2519 1253 2705 1307 λοιπὸν
2739 1253 2806 1306 ἂν
2840 1255 3054 1323 εἴποιμι
3103 1257 3233 1324 περὶ
3285 1256 3641 1325 ἀμφοτέρω-ιο

2063 1344 2146 1397 ὅτι
2171 1344 2324 1413 παρὰ
2347 1345 2446 1413 τῆς
2480 1345 2692 1408 πόλεως
2725 1346 2954 1416 ταύτης,
2984 1345 3175 1417 ὥσπερ
3219 1347 3315 1400 καὶ
3353 1347 3504 1414 παρὰ
3537 1342 3642 1412 τῆς

2067 1437 2363 1506 ἡμετέρας,
2390 1437 2508 1489 ἐστι
2545 1439 2646 1506 μὲν
2676 1436 2870 1507 τέρψιν
2929 1437 3240 1491 σκοποῦντα
3274 1437 3340 1490 τὰ
3390 1437 3501 1488 τῶν
3528 1453 3640 1488 πα-

2063 1528 2234 1582 λαιῶν
2277 1528 2526 1594 ἐκείνων,
2555 1529 2673 1582 ἔστι
2703 1529 2760 1582 δὲ
2817 1530 2913 1582 καὶ
2939 1529 3210 1596 ὠφέλειαν
3277 1527 3636 1596 κομίσασθαι.

2067 1621 2176 1674 Καὶ
2211 1621 2326 1674 ἔστι
2381 1622 2480 1692 μὲν
2513 1621 2792 1690 θαυμάσαι
2843 1622 2912 1674 τὰ
2954 1621 3062 1673 τῶν
3115 1619 3419 1692 ἀνθρώπων
3475 1619 3634 1687 ἔργα,

2061 1712 2180 1775 ἔστι
2199 1713 2253 1766 δὲ
2277 1711 2343 1766 αὖ
2374 1715 2468 1767 καὶ
2503 1713 2930 1783 καταφρονῆσαι
2969 1714 3200 1777 τούτων,
3254 1715 3348 1766 καὶ
3375 1713 3438 1764 τὸ
3468 1712 3636 1782 μηδὲν

2063 1803 2202 1857 αὐτὰ
2234 1804 2582 1871 λογίσασθαι.
2644 1805 2708 1857 El
2737 1804 2845 1874 γάρ
2881 1821 2964 1866 τις
3006 1803 3180 1856 ταῦτα
3207 1801 3350 1871 ὁρῶν
3399 1799 3640 1867 ἐνθυμη-

356 1887 574 1942 illorum
606 1890 952 1958 dignitatem,
992 1905 1155 1958 opera
1183 1906 1247 1944 ac
1275 1893 1459 1946 studia
1505 1892 1850 1954 consideret,
1889 1905 1951 1944 ac

2061 1894 2177 1964 θείη
2204 1893 2302 1964 τὴν
2347 1895 2650 1964 ἡγεμονίαν
2674 1896 2774 1964 τῆς
2826 1892 3070 1962 Ῥώμης,
3111 1892 3203 1944 καὶ
3246 1891 3345 1959 τὴν
3380 1888 3636 1956 δύναμιν,

356 1979 552 2031 deinde
579 1979 778 2044 videat,
800 1995 958 2047 quem
982 1981 1136 2032 linem
1159 1979 1260 2034 ista
1285 1981 1466 2034 omnia
1495 1982 1708 2034 tandem
1742 1980 1949 2034 habue-

357 2070 469 2122 rint
497 2085 510 2122 :
542 2068 614 2121 ita
643 2078 698 2121 ut
733 2085 839 2122 non
863 2071 1040 2123 solum
1075 2071 1197 2140 ipsi,
1223 2088 1409 2125 verum
1442 2072 1604 2126 etiam
1631 2073 1871 2141 potentia
1899 2079 1955 2125 et

355 2161 668 2230 imperium,
685 2171 848 2232 atque
869 2164 994 2232 ipsa)
1017 2165 1264 2219 civitates
1284 2166 1668 2234 prapemotlum
1687 2166 1961 2219 emorian-

359 2263 450 2307 tur
505 2256 675 2323 (ttam,
715 2267 772 2309 ut
796 2257 883 2310 ille
924 2259 1018 2318 ait,
1055 2257 1215 2311 etiam
1269 2259 1518 2313 civitates
1570 2260 1957 2325 moriuntur);

359 2362 472 2417 quo
538 2349 752 2402 tandem
816 2351 933 2405 loco
964 2349 1052 2405 ille
1096 2366 1184 2406 res
1241 2352 1511 2405 humanas
1585 2352 1960 2421 reputaverit?

358 2441 632 2508 quomodo
704 2439 792 2494 ille
858 2442 936 2494 vel
1015 2443 1272 2497 secundis
1341 2443 1652 2509 extolletur,
1711 2442 1795 2497 vel
1863 2443 1960 2497 dc-

358 2529 628 2598 priutetur
682 2531 968 2585 adversis?
1028 2543 1122 2586 aut
1175 2548 1276 2602 qua
1329 2549 1389 2588 re
1457 2549 1784 2604 magnopere
1845 2532 1961 2602 glo-

358 2621 634 2677 riabitur?
713 2625 795 2678 vel
857 2625 982 2692 quid
1055 2626 1274 2680 tandem
1333 2643 1398 2680 ex
1473 2627 1636 2682 rebus
1702 2627 1960 2682 humanis

359 2715 543 2784 magni
564 2714 727 2769 faciet
745 2715 770 2770 ἲ
785 2716 994 2786 Saepius
1011 2732 1110 2787 ego
1139 2718 1266 2772 dum
1290 2717 1645 2787 triumphales
1665 2717 1830 2772 hasce
1848 2716 1961 2771 vias

358 2815 599 2869 transeo,
631 2822 786 2877 reges
815 2823 878 2862 ac
931 2809 1200 2879 principes
1239 2819 1578 2879 caeterosque
1614 2825 1678 2864 ex
1704 2809 1957 2862 Armenia

359 2908 456 2954 aut
486 2897 727 2965 Perside,
761 2900 844 2955 vel
871 2917 933 2954 ex
965 2902 1084 2956 aliis
1112 2903 1494 2957 remotissimis
1526 2903 1839 2974 regionibus
1859 2917 1961 2960 sa-

361 2997 544 3066 ptivos
602 2995 779 3050 istliac
844 2997 1114 3053 deductos
1174 2998 1359 3051 animo
1427 3001 1705 3052 recordor.
1768 2997 1958 3067 Cogito

360 3089 525 3142 etiam
557 3089 679 3142 belli
720 3090 888 3144 duces
938 3090 1002 3143 de
1069 3090 1203 3158 ipsis
1264 3091 1685 3158 triumphantes,
1739 3097 1793 3143 et
1831 3089 1956 3156 quis

360 3182 576 3235 animus
612 3181 679 3235 iis
734 3181 914 3246 fuerit,
965 3197 1129 3250 quam
1193 3182 1521 3250 voluptatem
1571 3182 1958 3250 perceperint:

2065 1985 2159 2038 καὶ
2215 1986 2315 2056 τὴν
2341 1985 2500 2050 ἀξίαν
2551 1987 2660 2039 τῶν
2707 1985 2918 2056 ἀνδρῶν
2958 1984 3209 2046 ἐκείνων,
3251 1982 3344 2034 καὶ
3386 1981 3451 2034 τὰ
3479 1980 3641 2049 ἔργα,

2058 2079 2155 2132 καὶ
2209 2079 2305 2142 τὰς
2349 2079 2606 2142 σπονδάς
2641 2074 2764 2130 εἶτα.
2817 2076 2964 2147 ὁρῴη
3021 2076 3196 2128 ταῦτα
3247 2075 3426 2126 πάντα
3485 2073 3566 2134 είς
3605 2069 3642 2124 ἃ

2059 2171 2522 2238 τετελευτήκασιν
2544 2213 2558 2236 ,
2592 2171 2731 2223 ὥστε
2765 2170 2829 2223 οὐ
2883 2171 3045 2237 μόνον
3094 2167 3313 2231 αὐτοὺς,
3370 2164 3509 2220 ἀλλὰ
3544 2163 3642 2216 καὶ

2063 2264 2160 2334 τὴν
2185 2263 2529 2329 δυναστείαν,
2559 2265 2653 2314 καὶ
2682 2262 3007 2332 ἠγεμονίαν,
3039 2262 3136 2314 καὶ
3182 2261 3280 2321 τὰς
3329 2257 3513 2319 πόλεις
3544 2253 3644 2307 αὐ·

2057 2358 2158 2419 τὰς
2195 2355 2382 2426 σχεδὸν
2411 2357 2704 2410 ἀποθανεῖν
2745 2355 3076 2425 (θνήσκουσι
3110 2352 3241 2422 γὰρ,
3263 2351 3337 2415 ὥς
3366 2367 3469 2403 που
3492 2349 3642 2415 λέγει

2059 2462 2164 2513 τις,
2220 2449 2314 2502 καὶ
2364 2448 2592 2514 πόλεις)ο
2626 2448 2678 2500 τί
2731 2447 2916 2499 λοιπὸν
2955 2447 3021 2498 ἂν
3084 2445 3366 2512 λογίσαιτο
3403 2443 3472 2496 τὰ
3531 2442 3642 2494 τῶν

2071 2540 2414 2610 ἀνθρώπωνς
2454 2541 2569 2601 πῶς
2604 2539 2649 2592 δ’
2677 2539 2742 2591 ἂν
2771 2538 3018 2608 εὐτυχῶν
3051 2537 3346 2606 ἐπαρθείη,
3380 2535 3638 2604 ἦδυστυ-

2062 2636 2171 2704 χῶν
2201 2633 2570 2703 ταπεινωθείη
2596 2651 2609 2696 ;
2641 2633 2731 2685 ἐπὶ
2779 2633 2884 2685 τίνι
2909 2630 2955 2683 δ’
2985 2631 3052 2684 ἂν
3087 2630 3230 2698 μέγα
3259 2629 3594 2697 φρονήσαιτο
3619 2643 3634 2689 ;

2059 2724 2113 2776 τί
2139 2724 2184 2777 δ’
2208 2723 2273 2777 ἂν
2311 2723 2423 2776 τῶν
2463 2722 2828 2792 ἀνθρωπίνων
2857 2721 2992 2783 ὅλως
3043 2721 3173 2787 περὶ
3225 2717 3422 2771 πολλοῦ
3474 2717 3638 2786 ποιή·

2061 2834 2216 2870 σαιτο
2242 2833 2256 2880 ;
2289 2815 2558 2877 Πολλάκις
2588 2814 2716 2878 τοὺς
2747 2813 3114 2884 θριαμϐικοὺς
3151 2812 3382 2879 δρόμους
3413 2810 3639 2868 τούτους

2058 2907 2252 2972 ἐπιὼν,
2303 2907 2624 2975 διανοοῦμαι
2684 2905 2784 2975 μὲν
2816 2906 2944 2968 τοὺς
2983 2904 3070 2957 διὰ
3128 2901 3333 2955 τούτων
3363 2901 3640 2970 ἠγμένους

2059 2999 2390 3070 ἄρχονταςῆ
2453 2998 2746 3058 δυνάστας,
2781 2997 3032 3058 καὶτοὺς
3087 2994 3284 3056 ἄλλους
3353 2990 3639 3062 αἰχμαλώ-

2059 3109 2209 3154 τους,
2244 3090 2510 3152 πολλάκις
2542 3090 2653 3142 ἀπὸ
2696 3087 3064 3158 Ἀρμενίωνῆ
3109 3086 3357 3156 Περσῶν,
3392 3087 3427 3154 ἦ
3475 3101 3638 3137 τινων

2059 3183 2238 3236 ἄλλων
2278 3182 2488 3251 σφόδρα
2559 3181 2991 3250 ἀφεστηκότων·
3039 3179 3358 3247 διανοοῦμαι
3402 3179 3457 3230 δὲ
3507 3177 3641 3238 τοὺς

359 3286 583 3332 econtra
635 3293 740 3343 quo
770 3275 953 3328 animo
1013 3274 1212 3328 ίυιιι-ἰιιι
1269 3277 1378 3330 isti.
1435 3275 1625 3344 Cogito
1688 3285 1954 3330 astantem

2061 3275 2503 3347 θριαμϐεύοντας
2529 3276 2620 3326 ἐπὶ
2664 3271 2878 3335 τούτοις
2935 3272 3303 3341 στρατηγοὺς,
3361 3272 3457 3323 καὶ
3513 3268 3641 3322 τίνα

361 3378 415 3423 et
453 3366 842 3423 εει-ουιιιΐιιειιηι
869 3366 1014 3420 illius
1077 3366 1230 3422 urbis
1297 3367 1721 3432 multitudinem,
1769 3378 1821 3422 et
1866 3366 1958 3420 de-

362 3475 526 3532 sitper
558 3475 624 3514 ex
691 3459 898 3514 aedibus
961 3461 1322 3529 spectantium
1383 3463 1645 3516 turbam:
1717 3458 1780 3512 ad
1843 3460 1958 3514 haec

362 3563 661 3608 concentus
698 3553 1213 3617 instrumentorum,
1272 3551 1573 3618 fremitum,
1609 3552 1958 3607 acclamatio-

363 3659 460 3698 nes
491 3651 546 3698 et
573 3642 821 3712 plausus,
859 3650 915 3695 et
964 3641 1157 3714 horum
1220 3642 1437 3711 quidem
1504 3642 1571 3696 de
1635 3642 1864 3694 victoria
1903 3639 1954 3693 in

363 3745 476 3790 tam
508 3734 821 3804 l0ttginquis
866 3733 1179 3801 regionibus
1225 3727 1383 3802 parta
1436 3735 1791 3803 voluptatem,
1825 3747 1956 3787 con-

364 3839 448 3882 tra
479 3842 608 3879 vero
639 3827 854 3879 illorum
888 3836 1051 3893 atque.
1075 3827 1379 3880 amicorum
1405 3826 1457 3880 itt
1489 3827 1665 3894 patria
1696 3826 1764 3880 de
1797 3824 1956 3879 clade

363 3936 428 3977 ac
474 3920 568 3975 tali
629 3918 940 3987 spectaculo
977 3917 1245 3986 dolorem,
1277 3929 1330 3974 et
1384 3920 1678 3983 diversam,
1727 3929 1787 3974 ut
1844 3927 1954 3972 tum

364 4013 690 4069 credebatur
759 4012 1044 4080 utriusque
1101 4011 1270 4080 partis
1325 4013 1733 4065 conditionem:
1793 4022 1957 4077 atque

363 4117 427 4162 ut
457 4108 509 4179 lti
543 4106 835 4160 miserrimi
904 4118 958 4162 et
1015 4106 1301 4171 infelices,
1358 4107 1436 4160 illi
1489 4104 1672 4160 felices
1695 4113 1748 4158 et
1813 4100 1956 4155 beati

364 4214 474 4255 tam
523 4203 646 4257 aliis
711 4220 873 4272 quam
930 4202 1294 4266 sibimetipsis
1357 4199 1701 4253 videbantur.
1753 4196 1954 4252 Verum

365 4311 514 4350 nuttc
555 4297 739 4350 omnia
791 4297 890 4349 ista
932 4296 1122 4363 paria:
1162 4294 1343 4348 omnia
1375 4295 1427 4346 in
1486 4293 1762 4360 pulverem
1796 4289 1957 4344 reda-

365 4401 450 4445 cta
479 4411 491 4444 :
523 4405 697 4457 neque
728 4389 902 4457 magis
934 4387 1173 4455 Pompeii
1202 4395 1256 4439 et
1290 4385 1502 4438 Luculli
1547 4401 1708 4452 quam
1745 4383 1958 4437 Mithri-

365 4482 512 4536 datis
543 4491 638 4534 aut
671 4480 924 4550 Tigranis
973 4479 1246 4533 fortunam
1293 4477 1530 4532 novet-is.
1586 4475 1728 4541 Quin
1791 4477 1953 4530 etiant

2063 3371 2162 3440 μὲν
2191 3369 2422 3436 καρδίαν
2467 3365 2614 3436 εἶχον
2656 3361 2802 3418 οῦτοι
2857 3364 2947 3416 καὶ
2987 3363 3205 3436 ἡδονὴν,
3259 3367 3380 3418 τίνα
3425 3363 3481 3416 δὲ
3533 3362 3639 3432 ψυ-

2059 3465 2163 3532 χὴν
2208 3465 2431 3516 ἐκεῖνοι.
2476 3463 2858 3535 Ἑνθυμοῦμαι
2881 3465 2939 3517 δὲ
2993 3462 3054 3516 τὸ
3083 3457 3386 3531 περιεστὼς
3416 3458 3510 3510 καὶ
3539 3473 3640 3509 πε-

2064 3556 2430 3628 ρικεχυμένον
2467 3557 2682 3620 τούτοις
2718 3557 2818 3624 τῆς
2850 3557 3059 3619 πόλεως
3091 3553 3318 3622 πλῆθος,
3370 3551 3464 3603 καὶ
3511 3549 3641 3610 τοὺς

2061 3650 2376 3718 θεωμένους
2435 3649 2644 3703 ἄνωθεν
2709 3650 2816 3702 ἀπὸ
2845 3650 2952 3701 τῶν
3005 3646 3215 3712 οἰκιῶν,
3274 3644 3366 3697 καὶ
3398 3643 3498 3711 τὴν
3529 3641 3639 3692 τῶν

2059 3739 2311 3811 ὀργάνων
2343 3742 2689 3810 συμφωνίαν,
2728 3742 2825 3793 καὶ
2859 3741 2951 3794 τὸν
2979 3738 3168 3810 θροῦν,
3197 3737 3292 3790 καὶ
3333 3735 3432 3798 τὰς
3462 3736 3637 3801 εὐφηο

2063 3833 2216 3901 μίας,
2261 3832 2508 3894 καὶτοὺς
2543 3835 2804 3902 κρότουςο
2837 3832 2930 3884 καὶ
2985 3833 3085 3895 τὴν
3137 3829 3346 3887 τούτων
3412 3829 3510 3897 μὲν
3547 3827 3641 3878 ἐπὶ

2059 3927 2126 3994 τῇ
2183 3924 2333 3993 νίκῃ,
2374 3925 2467 3976 καὶ
2511 3923 2684 3986 οὕτως
2719 3923 2999 3993 ὑπερορίῳ
3037 3922 3256 3993 ἡδονὴν,
3316 3921 3542 3974 ἐκείνων
3582 3919 3640 3972 δὲ

2062 4016 2155 4069 καὶ
2185 4017 2293 4067 τῶν
2323 4017 2541 4068 οἰκείων
2568 4015 2748 4068 αὐτῶν
2781 4015 2921 4069 οἴκοι
2949 4016 3050 4084 τὴν
3101 4015 3196 4067 ἐπὶ
3231 4017 3295 4083 τῇ
3343 4014 3486 4083 ἥττῃ
3544 4011 3641 4064 καὶ

2060 4113 2127 4179 τῇ
2162 4110 2388 4179 τοιαύτῃ
2419 4113 2612 4179 πομπῇ
2654 4108 2855 4177 λύπην,
2887 4108 2981 4159 καὶ
3032 4109 3133 4177 τὴν
3185 4105 3553 4174 νομιζομένην
3581 4105 3639 4156 ἐν

2061 4202 2275 4266 τούτοις
2312 4205 2435 4255 τότε
2465 4201 2734 4272 διαφοράν
2764 4216 2777 4230 ·
2811 4203 2909 4255 καὶ
2942 4201 3092 4260 ὅπως
3119 4192 3271 4252 οὗτοι
3307 4198 3406 4266 μὲν
3442 4197 3639 4268 τρισά-

2061 4293 2199 4345 θλιοι
2227 4295 2319 4345 καὶ
2348 4293 2766 4359 κακοδαίμονες,
2814 4293 3013 4344 ἐκεῖνοι
3066 4291 3123 4344 δὲ
3159 4291 3478 4360 εὐδαίμονες
3541 4289 3639 4344 καὶ

2064 4387 2326 4458 μακάριοι
2366 4387 2480 4446 τοῖς
2522 4384 2704 4445 ἄλλοις
2742 4385 2838 4436 καὶ
2872 4385 3086 4446 ἑαυτοῖς
3147 4385 3388 4438 ἐδόκουν.
3435 4383 3550 4436 Νῦν
3581 4383 3639 4435 δὲ

2062 4481 2240 4534 πάντα
2272 4481 2459 4530 ἐκεῖνα
2491 4477 2549 4528 ὲν
2583 4475 2812 4544 ἰσότητι,
2844 4477 3022 4529 πάντα
3062 4476 3118 4529 δὲ
3151 4477 3207 4529 ἐν
3241 4476 3389 4528 κόνει
3411 4492 3425 4504 ο
3459 4475 3554 4528 καὶ
3575 4474 3636 4526 οὐ

366 4577 564 4630 domus
589 4575 739 4643 ipsze,
780 4583 834 4628 et
854 4581 1072 4636 statua),
1108 4581 1270 4638 atque
1295 4570 1525 4624 a'ditieia
1557 4569 1610 4622 in
1670 4568 1946 4637 pulverem

2064 4570 2264 4642 μᾶλλον
2291 4571 2358 4620 ἂν
2393 4568 2579 4638 γνοίης
2607 4569 2704 4636 τὴν
2727 4566 2818 4619 τοῦ
2848 4567 3166 4638 Πομπηΐου,
3204 4568 3235 4639 ἢ
3269 4566 3635 4632 Λουκούλλου,

366 4668 622 4722 redacta:
660 4683 782 4736 qua:
810 4666 862 4719 in
906 4675 1120 4719 tantum
1181 4665 1361 4718 adhuc
1423 4667 1854 4731 supereminent,
1898 4667 1951 4717 itt

366 4767 631 4828 quantum
665 4759 847 4818 tellus,
892 4772 998 4826 qua
1023 4757 1217 4809 obruta
1259 4764 1532 4824 teguntur,
1592 4769 1697 4806 non
1755 4754 1954 4821 ubique

366 4850 592 4918 aequalis
623 4860 726 4909 est,
761 4849 852 4902 sed
886 4848 938 4901 itt
969 4847 1238 4899 tumulum
1284 4845 1568 4898 attollitur.
1598 4843 1793 4898 Multas
1818 4861 1955 4913 quo-

366 4958 474 5012 que
507 4952 718 4997 statuas
760 4941 952 4994 ltorum
988 4939 1230 4993 felicium
1260 4954 1323 4991 ac
1374 4937 1656 4991 beatorum
1685 4936 1952 4988 victorum

368 5051 476 5089 una
508 5050 631 5088 cum
664 5033 883 5102 tropaeis
913 5047 976 5087 ac
1010 5033 1212 5086 laureis
1253 5031 1306 5084 in
1373 5043 1531 5083 emno
1559 5038 1609 5082 et
1651 5028 1763 5082 luto
1804 5028 1953 5096 deje-

369 5138 492 5182 tttas
521 5143 584 5181 ac
618 5126 937 5196 provolutus
967 5140 1194 5179 cernere
1221 5125 1373 5189 licet,
1393 5123 1530 5177 a'ias
1553 5131 1863 5190 cumpaetas
1889 5135 1954 5174 ac

368 5222 631 5284 divulsas,
678 5235 782 5273 non
824 5233 1024 5285 paucas
1077 5218 1241 5271 calcis
1302 5218 1552 5287 operisve
1603 5215 1834 5279 tectorii,
1868 5214 1953 5266 vel

368 5314 529 5368 etiam
563 5313 798 5382 lapidum
833 5313 1006 5366 vicem
1056 5311 1284 5364 aliorum
1331 5310 1776 5363 aedilicatimtibus
1808 5323 1952 5361 nunc

370 5415 625 5473 prmstare
688 5405 895 5458 videas.
949 5402 1018 5456 At
1056 5402 1212 5473 queis
1243 5403 1431 5455 melior
1452 5415 1574 5457 sors
1599 5402 1816 5470 obtigit,
1845 5400 1953 5454 illa:

369 5498 644 5566 ili-perdita
684 5497 1042 5567 primigenia,
1083 5504 1138 5548 ut
1166 5493 1486 5549 Aristotcles
1511 5501 1686 5554 vocat,
1713 5491 1948 5559 lapidum

374 5590 572 5654 forma,
604 5605 804 5660 equum
825 5588 1213 5643 conscensuris
1249 5587 1475 5657 gradum
1506 5600 1600 5639 seu
1627 5585 1945 5649 scalzellutu,

371 5683 455 5737 vel
518 5685 657 5736 muri
697 5684 1053 5751 crepidinem,
1086 5683 1167 5737 vel
1219 5681 1363 5737 asini
1389 5689 1482 5735 aut
1521 5683 1673 5735 bovis
1712 5695 1950 5748 praesepe

370 5775 614 5829 e'l‘ciunt
635 5793 649 5841 ;
671 5775 912 5842 disjectm
941 5775 1282 5844 plerumque,
1310 5784 1368 5828 ttt
1389 5775 1525 5837 dixi,
1557 5782 1607 5826 et
1631 5773 1946 5826 confractus.

377 5867 521 5926 Alias
559 5870 728 5940 spina:
761 5878 811 5926 et
847 5880 1056 5934 sentes,
1129 5869 1209 5924 vel
1265 5869 1486 5924 arbusta
1536 5867 1772 5938 titulique
1823 5883 1949 5921 cna-

2057 4663 2213 4735 ἢτὴν
2240 4661 2600 4731 Μιθριδάτου,
2651 4659 2992 4730 ἢΤιαίράνου
3049 4659 3242 4728 τύχην.
3297 4660 3407 4712 Καὶ
3469 4659 3636 4713 αὑταὶ

2056 4757 2113 4808 δὲ
2169 4755 2435 4819 αίοίκίαι,
2480 4754 2573 4806 καὶ
2607 4756 2662 4806 αἱ
2713 4754 2930 4822 στῆλαι,
2985 4753 3079 4805 καὶ
3126 4755 3181 4804 al
3244 4752 3529 4822 οἰκοδομαὶ
3580 4754 3638 4805 ὲν

2059 4848 2205 4900 κόνει
2259 4847 2410 4917 παρὰ
2439 4846 2695 4899 τοσοῦτον
2727 4845 3096 4916 ὑπερέχουσαι
3135 4847 3269 4916 παρ’
3313 4846 3438 4898 ὅσον
3489 4849 3522 4914 ἡ
3555 4847 3639 4898 δε-

2059 4934 2270 5004 ξαμένη
2311 4934 2483 4987 ταῦτα
2539 4936 2610 5002 γῆ
2643 4935 2745 4986 οὐκ
2802 4934 3069 4997 ἱσόπεδος,
3108 4935 3225 4986 ἀλλ’
3274 4937 3635 5002 ἀνεστηκυῖα.

2056 5030 2166 5083 Kal.
2193 5029 2421 5091 πολλοὺς
2451 5029 2558 5081 τῶν
2589 5028 2930 5097 ἀνδριάντων
2964 5029 3072 5092 τῷν
3105 5029 3448 5096 εὐδαιμόνων
3490 5032 3636 5083 ἐκεί-

2057 5143 2166 5178 νων
2212 5125 2305 5178 καὶ
2343 5124 2632 5194 μακαρίων
2683 5123 2922 5193 νικητών
2977 5125 3163 5186 αὐτοῖς
3208 5124 3496 5194 τροπαίοις
3542 5124 3637 5176 καὶ

2057 5217 2342 5287 στεφάνοις
2373 5217 2521 5269 ἐστιν
2556 5219 2686 5270 ἰδεῖν
2719 5219 2778 5272 ὲν
2806 5219 3079 5290 βορϐόρῳ,
3107 5219 3205 5270 καὶ
3235 5218 3393 5289 πηλῷ
3445 5217 3636 5273 καλιν-

2055 5310 2370 5376 δουμένους,
2411 5312 2503 5364 καὶ
2564 5313 2938 5382 ἐρριμμένους
2965 5331 2978 5344 δ
3040 5313 3237 5374 ἄλλους
3281 5312 3337 5365 δὲ
3382 5314 3636 5382 ηκρωτη-

2058 5402 2388 5472 ριασμένους
2429 5403 2521 5456 καὶ
2543 5402 3011 5475 διεσπαρμένους
3055 5407 3155 5459 οὐκ
3187 5403 3406 5473 ὀλίγους
3453 5405 3510 5458 δὲ
3544 5404 3629 5458 τί·-

2053 5511 2233 5557 τανον,
2263 5495 2296 5565 ἢ
2330 5493 2539 5560 κονίαν,
2584 5495 2617 5564 ἢ
2671 5495 2781 5547 τῶν
2833 5495 3164 5565 οίκοδομιῶν
3225 5495 3401 5558 ἄλλως
3447 5495 3634 5555 λίθους

2055 5588 2389 5655 γενομένους
2413 5602 2430 5618 ο
2483 5588 2597 5640 ὅσοι
2637 5587 2694 5640 δὲ
2753 5587 3024 5657 βελτίονος
3076 5589 3248 5659 τύχης
3287 5589 3500 5659 ἔτυχον,
3535 5589 3636 5658 τὴν

2056 5678 2200 5732 κατὰ
2230 5679 2619 5750 Ἀριστοτέλην
2664 5681 3048 5750 πρωτάρχειον
3097 5683 3208 5734 τῶν
3261 5682 3426 5735 λίθων
3477 5683 3634 5734 εὐτυο

2053 5771 2178 5842 χίαν
2218 5771 2619 5836 ἀποϐαλόντας,
2667 5773 2839 5825 ἵππου
2899 5775 3201 5846 ἐπίϐαθρον
3249 5775 3387 5846 πρὸς
3427 5775 3631 5829 M161-

2057 5883 2163 5934 σιν,
2195 5864 2224 5935 ἦ
2259 5867 2497 5936 κρηπῖδα
2531 5867 2738 5937 τοίχου,
2769 5865 2800 5935 ἢ
2839 5867 2962 5921 ὖνου
2993 5870 3224 5937 φάτνην,
3261 5870 3292 5938 ἢ
3330 5869 3449 5939 βοὸς
3496 5869 3630 5930 πλη-
