4014 6214
388 304 461 367 55
1537 308 1933 369 MANUELIS
1970 308 2494 372 CHRYSOLOILE
3577 317 3644 381 56

385 417 618 489 pedibus
647 418 806 473 sitam
865 420 1223 491 contemplor,
1251 436 1357 477 non
1393 421 1449 477 in
1495 422 1647 479 Italia
1694 435 1750 480 et
1785 426 1963 487 Latio,

2068 425 2159 479 ὲπί
2205 438 2352 490 τινος
2402 425 2611 498 ὑψηλοῦ
2654 427 2966 500 γενόμενος,
3020 431 3240 496 ἀκούεις
3288 431 3345 488 δδ
3420 440 3545 502 τοὺς
3584 438 3645 491 ἐν

387 511 486 566 sed
518 513 574 565 in
610 512 825 567 colonia
893 512 1072 582 aliqua
1110 529 1198 569 me
1242 530 1364 570 esse
1409 516 1743 586 imaginaris,
1768 518 1967 573 domus

389 613 590 659 nostra;
623 605 788 659 situm
848 606 1253 675 circumspicio,
1288 609 1507 663 hortum
1560 610 1845 679 pensilem,
1875 626 1970 681 ry-

388 710 606 762 pressos
650 704 701 748 et
736 696 781 749 si
809 696 936 760 quid
973 696 1118 751 aliud
1157 697 1359 752 indicio
1392 715 1511 754 esse
1540 708 1735 767 potest,
1758 690 1965 770 quaero,

387 791 444 838 et
482 784 623 836 oculi
655 783 811 837 [idem
851 785 1057 838 faciunt
1085 787 1133 839 ei
1166 787 1308 854 quod
1353 788 1480 843 olim
1513 788 1578 842 de
1599 789 1833 857 paradisi
1860 790 1967 842 situ

388 875 617 930 auribus
660 890 1001 944 acceperam.
1032 877 1169 942 Quid
1197 878 1341 932 enim
1376 880 1464 933 hic
1498 881 1647 935 vides
1677 881 1821 950 quod
1860 896 1967 935 non

384 966 526 1034 apud
562 974 804 1020 nostram
835 983 1053 1037 quoque
1084 970 1501 1025 admirationem
1529 972 1774 1041 moveat}
1803 971 1969 1027 Tem-

382 1056 494 1124 pla.
521 1058 796 1125 porticus,
823 1058 1193 1128 hippodromi,
1234 1062 1451 1130 palatia,
1482 1064 1714 1129 theatra,
1751 1072 1966 1119 statuae,

382 1163 505 1216 qua!
569 1150 753 1204 omnis
814 1151 1011 1206 mirum
1071 1155 1122 1207 in
1173 1153 1390 1208 modum
1429 1170 1459 1209 e
1494 1155 1733 1213 latomiis
1760 1161 1967 1225 excisa,

384 1252 759 1313 transportata
805 1254 930 1298 ante
972 1246 1162 1301 oculos
1192 1256 1409 1301 nostros
1441 1248 1493 1300 in
1524 1263 1702 1302 acrem
1737 1264 1968 1306 consur-

379 1344 515 1404 gunt
553 1337 566 1389 !
610 1335 759 1389 Adde
799 1337 1089 1392 marmoris
1125 1339 1274 1393 varia
1308 1354 1524 1407 genera,
1568 1356 1691 1409 qua:
1713 1343 1966 1411 speculo-

378 1442 503 1479 rum
557 1429 729 1482 instar
774 1436 1109 1493 coruscant;
1156 1429 1442 1495 imagines,
1490 1433 1677 1496 stelas,
1737 1442 1965 1500 statuas,

380 1516 677 1579 obeliscos,
730 1534 851 1587 qum
873 1519 1056 1573 omnia
1102 1527 1155 1573 et
1184 1521 1526 1576 multitudine
1548 1532 1599 1576 et
1631 1524 1848 1592 opiﬁcio
1874 1541 1973 1580 ex-

379 1607 627 1670 cellunt;
659 1609 857 1676 quibus
889 1608 932 1661 si
964 1607 1157 1675 adjicls
1214 1620 1565 1667 monumenta
1622 1616 1846 1684 antiqua
1883 1630 1971 1670 se-

378 1699 666 1766 pulcralia,
722 1700 834 1754 ha‘c
883 1702 1014 1755 urbs
1044 1701 1118 1755 illi
1166 1712 1369 1757 nostrae
1421 1714 1682 1772 praestare
1732 1708 1963 1762 videtur.

378 1789 549 1844 Porro
587 1807 652 1844 ne
693 1793 911 1847 silentio
940 1801 1328 1861 praetereamus
1360 1812 1523 1866 opera
1556 1799 1760 1853 circum
1794 1799 1969 1867 parie-

379 1893 461 1936 tes
521 1884 726 1937 musiva
768 1884 837 1937 ab
888 1885 1188 1939 artiﬁcibus
1246 1886 1650 1955 elegantissime
1673 1889 1969 1943 elaborata.

376 1975 537 2043 Apud
583 1989 681 2028 nos
734 1975 954 2043 quidem
1008 1986 1198 2029 statuae
1246 1991 1587 2041 marmorea,
1628 1977 1970 2048 sarcophagi,

382 2066 576 2119 caelato
606 2074 769 2136 opcrc
806 2082 835 2120 ο
862 2066 1068 2120 Grmcia
1103 2068 1326 2135 invecti,
1363 2069 1566 2124 Phidiae
1600 2080 1653 2124 et
1681 2069 1972 2127 Praxitelis

377 2172 543 2225 opera
577 2168 726 2223 sunt,
766 2166 825 2212 ut
859 2173 922 2213 cx
951 2174 1290 2215 summorum
1337 2163 1607 2216 artificum
1656 2163 1972 2219 nominibus

376 2251 586 2319 passim
648 2250 936 2319 insculptis
990 2252 1248 2321 colligere
1297 2252 1444 2307 licet.
1502 2252 1706 2307 liorum
1750 2254 1801 2307 in
1841 2268 1972 2309 con.

376 2350 566 2410 spcctu
613 2357 754 2410 sape
781 2341 997 2412 Synesii
1040 2342 1244 2397 dictum
1279 2356 1515 2399 mentem
1552 2345 1713 2399 subiit
1751 2362 1765 2410 ;
1795 2346 1883 2415 qui
1913 2347 1967 2401 in

375 2433 606 2501 cpistola
664 2434 729 2487 ad
760 2433 1004 2497 fratrem,
1035 2435 1087 2489 ni
1124 2435 1302 2502 fallor,
1342 2451 1375 2491 e
1411 2436 1621 2491 Gra’cia
1649 2437 1836 2499 missa,
1874 2438 1966 2493 ubi

377 2525 718 2579 Athenarum
777 2526 1108 2580 mentionem
1167 2526 1297 2581 facit
1340 2527 1483 2581 inter
1516 2527 1643 2591 alia,
1691 2524 1967 2604 Lycaeum,

377 2615 534 2679 dicit,
598 2616 706 2669 vidi
734 2632 749 2681 ;
782 2617 887 2671 vidi
922 2616 1221 2683 Purticum,
1261 2615 1498 2673 Pcecilcn
1528 2618 1675 2683 vidi,
1715 2617 1826 2688 jam
1862 2628 1969 2672 non

375 2704 661 2776 Poecilen;
738 2726 863 2764 nam
943 2712 1235 2779 proconsul
1293 2711 1505 2766 tabulas
1569 2718 1968 2780 asportaverat.

378 2799 497 2871 Ego
538 2802 653 2871 ipse
696 2801 770 2855 ibi
827 2796 1050 2856 litteras
1070 2800 1286 2857 Graecas
1324 2802 1516 2873 prisca:
1558 2802 1788 2871 originis
1821 2816 1969 2855 mar-

377 2892 628 2947 moribus
664 2891 965 2960 insculptas
995 2892 1130 2955 vidi,
1166 2904 1303 2956 quas
1334 2893 1650 2962 quicunque
1677 2893 1872 2948 viderit
1905 2906 1968 2947 ex

372 2983 607 3038 Athenis
664 2991 719 3036 et
747 2983 957 3052 reliqua
997 2982 1205 3039 Gmcia
1256 2984 1362 3038 huc
1396 2985 1655 3043 advectas
1680 2985 1845 3039 dicet.
1879 2985 1972 3038 Sic

2073 515 2210 586 αὐτῇ
2244 516 2465 585 λόφους,
2502 518 2626 571 ὅθεν
2656 519 2748 574 καὶ
2775 522 2842 590 τῇ
2902 522 3153 596 ἡμετέρᾳ
3208 525 3350 578 κατά
3406 526 3645 597 μίμησιν

2073 607 2381 676 ἑπτάλοφον
2405 608 2690 665 καλεῖσθαι
2745 611 3090 684 συμϐέϐηκε,
3137 616 3275 684 πρὸς
3303 615 3434 685 ὅλην
3472 619 3647 688 αὐτὴν

2072 699 2479 766 ἀπίδω,οὒκέτι
2508 703 2695 772 οἴομαι
2719 706 2776 755 ιν
2804 704 3012 776 Ἰταλίᾳ
3040 706 3135 759 καὶ
3165 708 3371 780 Λατίῳ,
3409 710 3528 764 ἀλλ’
3549 704 3645 765 ἐπὶ

2071 793 2171 859 τῆς
2204 792 2579 863 ἐνεγκαμένης
2610 794 2780 863 αὐτῆς
2814 791 2980 851 εἶναι.
3011 798 3126 868 ,Καὶ
3175 798 3324 869 ζητῶ
3372 802 3474 869 τὴν
3504 803 3645 872 ἠμε-

2070 882 2237 950 τέραν
2262 883 2442 936 οίκίαν
2474 885 2530 937 ἐν
2570 876 2615 952 ᾦ
2646 885 2807 954 μέρει
2863 887 2965 951 τῆς
3012 888 3219 952 πόλεως
3259 890 3496 959 ἕστηκε·
3547 895 3645 946 καὶ

2071 974 2162 1027 τὸν
2194 975 2253 1027 ὲν
2276 975 2413 1045 αὐτῇ
2443 979 2760 1045 κρεμαστὸν
2787 979 2987 1048 κῆπον,
3016 982 3112 1033 καὶ
3145 982 3198 1035 εί
3217 999 3270 1035 τι
3291 983 3479 1053 ἕτερον
3497 982 3643 1037 ἐκεί-

2071 1082 2169 1135 νης
2199 1066 2511 1137 γνώρισμα,
2535 1068 2633 1120 καὶ
2664 1069 2767 1133 τὰς
2789 1071 3066 1142 ἡμετέρας
3092 1074 3500 1141 κυπαρίττους.
3528 1072 3641 1129 Καὶ

2070 1155 2098 1208 δ
2131 1155 2299 1210 πάλαι
2326 1157 2532 1235 ἤκουον
2559 1159 2696 1228 πρὸς
2748 1161 3106 1230 παράδειγμα
3163 1163 3392 1232 ταύτης,
3425 1166 3643 1235 ἐκείνην

2072 1248 2173 1318 τὴν
2197 1232 2377 1320 ἀρχὴν
2403 1250 2680 1317 γενέσθαι,
2700 1250 2797 1304 νῦν
2833 1252 3082 1322 ἀκριϐῶς
3111 1254 3245 1323 ὁρῶ.
3283 1255 3349 1308 τι
3396 1253 3504 1325 γάρ
3533 1232 3642 1309 τῶν

2073 1339 2132 1391 tv
2160 1338 2355 1409 ταύτῃ,
2412 1339 2602 1402 ἁπλῶς
2631 1342 2829 1404 εἰπεῖν,
2863 1341 2892 1395 δ
2923 1341 2998 1413 μὴ
3050 1345 3145 1396 καὶ
3197 1344 3330 1413 παρ’
3383 1344 3515 1416 ἡμῖν
3546 1346 3642 1412 γέ-

2073 1448 2266 1500 γονεν;
2297 1432 2371 1485 Ού
2413 1431 2539 1503 νεῲ,
2567 1433 2628 1486 ού
2657 1435 2813 1487 στοαί
2831 1451 2845 1499 ;
2878 1434 2976 1504 οὐχ
3029 1435 3399 1506 ίππόδρομοι;
3434 1437 3495 1489 οὑ
3541 1436 3641 1506 βα.

2075 1522 2287 1588 σίλειοις
2341 1524 2403 1577 ού
2441 1524 2671 1595 θέατρα;
2707 1526 2801 1579 καὶ
2860 1528 2919 1580 ιν
2969 1528 3154 1593 αὐτοῖς
3191 1529 3248 1583 δὲ
3281 1529 3518 1593 τούτοις,
3574 1528 3640 1583 οὐ

2072 1613 2343 1671 λίϐοιδιαὶ
2374 1614 2552 1676 κίονες
2603 1618 2947 1684 περιφανεῖς,
3020 1616 3436 1686 ἀπιστούμενοι,
3489 1618 3642 1682 ὅπως

2000 1759 2038 1813 Β
2079 1706 2179 1776 μὲν
2210 1706 2323 1785 sip).
2341 1706 2520 1777 ἀρχὴν
2554 1709 2620 1761 ὲκ
2649 1707 2759 1761 τῶν
2788 1707 3066 1778 λατομιῶν
3116 1708 3460 1780 ἐτμήθησαν,
3489 1710 3643 1773 ὅπως

2072 1798 2129 1853 δὲ
2168 1798 2562 1869 ἐκομίσθησαν.
2594 1801 2770 1863 ὅπως
2816 1801 2873 1853 δὲ
2902 1800 3256 1871 ὴγέρθησανς
3310 1801 3371 1854 οὐ
3416 1802 3643 1872 μαρμά-

2076 1907 2187 1959 ρων
2226 1894 2457 1942 παντοία
2482 1891 2639 1960 γένη,
2671 1891 2959 1961 κάτοπτρα
2994 1894 3137 1961 ὑπὲρ
3164 1895 3348 1947 πᾶσαν
3380 1893 3515 1964 ὕλην
3544 1893 3641 1947 δυ·-

2071 1977 2320 2046 ναμένων
2372 1974 2548 2043 εἷναι;
2603 1979 2702 2031 ούκ
2755 1979 3070 2045 είκόνες,ού
3124 1981 3351 2051 στῆλαις
3404 1982 3508 2035 οὐκ
3540 1984 3641 2035 ἀν-

2070 2066 2351 2138 δριάντες;
2381 2068 2481 2122 ούκ
2510 2068 2783 2123 ὀϐελίσκοι
2812 2085 2827 2135 ;
2863 2071 2923 2123 ὲν
2954 2064 2997 2138 ᾧ
3023 2071 3077 2124 δὲ
3107 2071 3267 2141 αὕτη,
3313 2070 3394 2143 τῷ
3441 2072 3639 2142 πλήθει

2070 2162 2180 2213 τῶν
2208 2159 2316 2215 ἀπὸ
2344 2159 2511 2214 λίθων
2542 2160 2875 2230 ἀνδριάντων
2907 2163 3073 2231 λέγω,
3110 2166 3206 2217 καὶ
3234 2167 3298 2234 τῇ
3358 2168 3489 2236 περὶ
3515 2165 3638 2219 τού-

2071 2266 2197 2312 τους
2218 2251 2405 2322 τέχνῃ,
2441 2252 2536 2306 καὶ
2566 2254 2678 2314 τοῖς
2698 2255 2807 2307 τῶν
2834 2254 3081 2308 παλαιῶν
3137 2255 3351 2326 τάφοις,
3411 2259 3506 2310 καὶ
3537 2258 3637 2326 τῆς

2068 2343 2345 2413 ἡμετέρας
2364 2340 2512 2396 δοκεῖ
2538 2343 2925 2401 πλεονεκτεῖν.⁶
2961 2347 3370 2418 Ἀνελθήσωμιν
3404 2350 3502 2420 τὴν
3528 2349 3637 2402 ἀπὸ

2070 2435 2181 2489 τῶν
2209 2434 2460 2504 ψηφίδων
2494 2439 2552 2490 ὲν
2575 2439 2689 2499 τοῖς
2720 2438 2920 2508 τοίχοις
2974 2440 3193 2510 τέχνην.
3240 2442 3335 2495 καὶ
3378 2442 3477 2511 τὴν
3528 2443 3637 2495 ἀπδ

2069 2526 2275 2581 τούτων
2297 2526 2472 2598 ῶραν.
2508 2528 2711 2600 Ὅπερ,
2739 2529 2927 2600 ῶσπερ
2954 2530 3088 2603 παρ’
3122 2535 3255 2601 ἡμῖν
3302 2534 3363 2588 τὸ
3396 2534 3503 2587 τῶν
3552 2533 3638 2587 λι-

2071 2618 2236 2672 θίνων
2286 2619 2619 2688 ἀγαλμάτων
2694 2622 2792 2675 καὶ
2855 2622 2965 2675 τῶν
3025 2623 3374 2695 περιγλύιρων
3429 2624 3636 2695 θηκῶν,

2073 2710 2307 2762 σπάνιον
2342 2711 2399 2762 ὲν
2430 2711 2665 2773 τούτοις,
2685 2712 2781 2765 καὶ
2808 2712 2986 2765 αὐτῶν
3014 2713 3070 2767 δὲ
3102 2714 3312 2768 τούτων
3340 2715 3449 2768 τῶν
3467 2715 3639 2780 άγαλ·

2076 2798 2288 2868 μάτων,
2326 2800 2424 2853 καὶ
2463 2801 2572 2853 τῶν
2605 2800 2788 2868 θηκῶν
2820 2800 3049 2856 πλεῖστα
3079 2805 3187 2858 ἀπὸ
3221 2808 3321 2873 τῆς
3361 2803 3636 2872 Ἑλλάδος,

2069 2889 2279 2943 Φειδίου
2306 2892 2398 2944 καὶ
2425 2890 2814 2960 Πραξιτέλους,
2845 2893 2938 2943 καὶ
2965 2893 3075 2946 τῶν
3106 2893 3308 2960 ὁμοίων
3354 2893 3522 2963 ἔργα,
3559 2895 3638 2958 ὡς

2072 2981 2223 3035 ἐστιν
2256 2983 2501 3050 ἀκριϐῶς
2564 2983 2695 3036 ίδετν
2730 2981 2839 3036 ἀπὸ
2883 2983 2991 3036 τῶν
3029 2985 3525 3055 ὲγκεκολαμμένων
3576 2988 3638 3040 ἐν

375 3083 664 3130 sescentas
692 3075 905 3143 reperio
923 3076 1233 3146 sculpturas
1260 3084 1353 3129 aut
1389 3076 1785 3144 inscriptiones
1813 3075 1968 3131 ϐικρ-

2071 3073 2255 3136 αύτοῖς
2322 3076 2689 3143 γραμμάτων,
2753 3076 2847 3127 τὸν
2888 3076 3141 3146 τεχνίτην
3201 3077 3584 3146 ἐπιϐοωμένων
3617 3093 3632 3108 ·

375 3182 494 3233 cas,
525 3179 583 3222 ut
636 3168 906 3222 tumulum
934 3167 1097 3222 etiam
1128 3168 1222 3236 qui
1274 3165 1465 3222 Latine
1499 3168 1797 3237 inscriptus
1827 3167 1973 3221 hunc

374 3272 592 3314 versum
622 3257 824 3313 Gnaeo
849 3273 1104 3313 sermone
1138 3259 1377 3325 exhibet,
1413 3277 1432 3310 ι
1457 3258 1651 3325 Macte,
1673 3258 1968 3321 Prisciane,

376 3367 542 3407 nemo
577 3350 923 3405 immortalis.
961 3369 980 3403 ι
1007 3350 1122 3406 Huc
1154 3351 1289 3405 adde
1318 3359 1693 3405 matronarum
1711 3359 1766 3413 et
1799 3350 1973 3405 liber-

379 3453 558 3500 tarum
597 3445 870 3514 sepulcra,
911 3460 1035 3514 qua:
1075 3444 1430 3514 lapicidarum
1468 3448 1604 3499 liene
1641 3443 1971 3498 {amatorum

376 3536 600 3591 nomina
650 3536 793 3606 typis
824 3534 1029 3591 Graecis
1087 3535 1357 3615 insculpta
1399 3550 1512 3605 prae
1564 3550 1625 3590 se
1656 3533 1856 3599 ferunt,
1904 3534 1971 3589 de

379 3628 583 3698 quibus
638 3630 864 3696 longum
903 3629 990 3684 hic
1015 3628 1303 3684 instituere
1335 3643 1639 3684 sermonem
1669 3627 1969 3683 absurdum

376 3728 542 3773 esset.
574 3718 630 3771 id
660 3726 809 3772 certe
836 3717 907 3771 ab
960 3717 1243 3772 historicis
1272 3719 1550 3771 memoriae
1576 3716 1855 3785 proditum
1890 3717 1968 3772 leo

377 3809 523 3876 gitur
550 3810 694 3878 quod
728 3809 841 3863 haec
870 3810 1001 3863 urbs
1026 3809 1153 3863 olim
1180 3823 1290 3863 non
1318 3810 1497 3862 minus
1516 3823 1545 3863 a
1576 3808 1783 3863 Graecis
1800 3823 1964 3879 quam

375 3901 446 3955 ab
486 3900 635 3955 Italis
668 3902 909 3955 habitata
946 3901 1050 3956 fuit
1081 3920 1095 3967 ;
1133 3903 1227 3971 qui
1261 3901 1481 3972 quidem
1520 3903 1819 3956 maximam
1844 3918 1969 3972 par-

374 4003 485 4046 tem
519 3991 703 4047 Graece
731 3992 877 4062 loqui
910 3994 1115 4060 sciunt,
1147 4003 1201 4048 et
1229 3994 1309 4049 sic
1333 3992 1547 4049 dialecti
1577 3994 1969 4049 communitate

376 4084 679 4140 eﬂecerunt
710 4094 770 4140 ut
801 4087 953 4139 multi
982 4085 1156 4142 Graeci
1194 4084 1363 4142 hocce
1399 4086 1735 4142 domicilium
1784 4089 1967 4157 elege-

376 4178 511 4232 rint.
567 4175 631 4230 Et
663 4177 793 4246 quia
828 4178 1044 4231 tandem
1079 4178 1410 4233 incommodi
1445 4179 1658 4249 generis
1678 4179 1969 4234 diversitas

375 4265 573 4318 aﬂ'et're
630 4272 744 4317 tum
807 4265 1147 4333 potissimum
1189 4268 1457 4335 potuisset
1486 4269 1578 4322 ubi
1613 4278 1970 4337 utrarumque

377 4356 662 4409 nationum
718 4353 850 4406 unio
910 4370 999 4409 res
1050 4356 1386 4421 desiderata,
1440 4358 1751 4411 necessaria
1805 4369 1961 4423 erat;

377 4449 470 4503 ubi
510 4456 703 4518 praeter
732 4459 913 4501 mores
934 4448 1154 4501 eosdem
1184 4448 1325 4501 idem
1351 4462 1570 4517 quoque
1597 4449 1831 4512 animus,
1866 4464 1963 4503 ea-

2073 3162 2213 3215 ὦστε
2239 3163 2501 3226 πολλάκις
2547 3164 2722 3217 ταῦτα
2771 3166 2914 3233 δρῶν
2958 3166 3305 3238 ἐνεθυμήθην
3355 3169 3532 3220 ἐκεῖνο
3576 3167 3638 3221 τδ

2071 3253 2165 3307 τοῦ
2197 3254 2476 3308 Συνεσίου.
2512 3254 2603 3308 Ἐν
2622 3254 2700 3325 τῷ
2732 3256 2868 3321 πρὸς
2891 3254 2982 3308 τὸν
3011 3255 3262 3324 ἀδελφὸν,
3289 3250 3470 3328 οἶμαι,
3493 3258 3640 3311 €st-

2071 3359 2181 3406 νος,
2230 3343 2291 3395 ού
2331 3345 2441 3413 γὰρ
2493 3344 2672 3407 καλῶς
2728 3346 3041 3415 μέμνημαι,
3108 3348 3219 3400 ἀπὸ
3249 3348 3347 3417 τῆς
3390 3348 3637 3411 Ἑλλάδος

2071 3434 2323 3503 γράφων,
2352 3438 2446 3487 καὶ
2471 3437 2605 3505 περὶ⁸
2644 3438 2742 3503 τῆς
2767 3437 2846 3498 είς
2887 3438 3117 3506 Ἂθήνας
3163 3432 3475 3509 ἀποδημίας
3520 3441 3637 3509 διη-

2071 3525 2357 3595 γούμενος,
2381 3527 2516 3595 φησὶ
2547 3527 2685 3597 μετὰ
2727 3528 2896 3582 πολλά
2924 3530 3022 3599 (1)·
3060 3527 3216 3583 Εἶδον
3249 3531 3485 3584 Λύκειον
3509 3547 3522 3562 ·
3557 3529 3639 3585 εἷ-

2068 3619 2158 3672 δον
2182 3620 2372 3671 Στοάνο
2403 3614 2543 3672 εῐδον
2578 3620 2861 3689 Ποικίλην,
2899 3623 2999 3691 τὴν
3038 3621 3219 3675 οὐκέτ’
3251 3618 3417 3676 οὖσαν
3451 3624 3640 3676 Ποικί-

2070 3712 2191 3781 λην.
2233 3711 2291 3763 '0
2314 3710 2423 3781 γάρ
2447 3711 2760 3774 ἀνθύπατος
2807 3711 2905 3775 τὰς
2960 3713 3175 3776 σανίδας
3230 3714 3508 3781 ἀφείλετο·
3544 3714 3639 3766 καὶ

2070 3803 2243 3857 πολλὰ
2302 3803 2397 3857 καὶ
2440 3803 2601 3865 αὐτὸς
2655 3797 2795 3856 εἶδον
2848 3805 3083 3858 ἐνταῦθα
3168 3807 3262 3861 ἐπὶ
3331 3794 3636 3876 μαρμὰρων

2070 3895 2378 3967 γράμματα
2413 3895 2705 3963 Ἐλληνικά
2755 3897 2849 3950 τοῦ
2908 3897 3139 3966 ἀρχαίου
3170 3896 3368 3952 τύπου.
3409 3899 3476 3951 Ἃ
3528 3901 3636 3961 πᾶς

2069 4006 2153 4050 τις
2216 3987 2284 4041 ἂν
2341 3988 2576 4057 βεϐαίως
2645 3988 2752 4041 ἀπὸ
2801 3985 2909 4040 τῶν
2962 3988 3324 4058 γραφομένων
3377 3988 3525 4043 εἴποι
3576 3988 3637 4054 ἐξ

2086 4080 2325 4149 Ἀθηνῶν
2361 4079 2543 4133 αὐτῶν
2573 4081 2665 4132 καὶ
2695 4080 2792 4149 τῆς
2824 4079 2993 4148 ἄλλης
3035 4079 3293 4139 Ἑλλάδος
3350 4080 3514 4150 δεῦρο
3545 4098 3637 4132 κε-

2071 4172 2365 4241 κομίσθαι·
2400 4173 2495 4225 καὶ
2526 4172 2664 4226 ἄλλα
2695 4171 2749 4224 δὲ
2781 4171 2950 4240 μυρία
2983 4170 3224 4241 εὑρίσκω
3252 4172 3485 4224 ἐνταῦθα
3521 4172 3640 4224 Ἐλ-

2070 4262 2311 4329 ληνικῶς
2358 4262 2641 4330 γραφέντα
2677 4264 2769 4314 καὶ
2799 4261 3145 4324 τυπωθέντα,
3207 4256 3320 4316 οἷον
3380 4263 3464 4329 ἐφ’
3519 4264 3636 4327 ἐνὸς

2073 4354 2245 4420 τάφου
2310 4353 2450 4422 μετὰ
2507 4351 2679 4404 πολλὰ
2740 4352 3049 4414 Λατινικῶς
3105 4354 3509 4422 τετυπωμένα’
3555 4354 3635 4406 ἔτι

1999 4423 2040 4475 θ
2071 4444 2464 4513 προσκείμενον
2521 4442 2824 4511 Ἑλληνιστὶ
2860 4442 3011 4495 τουτὶ
3057 4442 3113 4495 τὸ
3152 4442 3302 4506 ἔπος·
3371 4444 3632 4513 Εύψύχει,

376 4540 501 4592 dem
538 4537 765 4591 ambitio
803 4552 995 4590 omnes
1042 4548 1167 4593 ante
1207 4538 1471 4608 iungebat
1504 4538 1516 4591 l
1551 4540 1605 4593 ld
1640 4554 1767 4593 vero
1809 4540 1960 4597 triste

2068 4535 2389 4605 Πρισκιανὲ,
2425 4534 2599 4598 οὐδεὶς
2622 4535 2924 4594 ἀθάνατος⁹
2959 4536 3054 4586 καὶ
3110 4536 3390 4603 γυναικῶν
3442 4537 3495 4588 δὲ
3531 4555 3633 4587 πα-

378 4629 528 4684 dictu
568 4646 631 4684 ac
654 4630 863 4685 creditu
888 4630 1033 4699 quod
1067 4631 1311 4701 plerique
1334 4629 1579 4685 nesciant
1608 4631 1760 4685 tidem
1799 4632 1959 4685 Chri-

2068 4627 2239 4681 λαιῶν
2282 4629 2443 4697 μέχρι
2485 4630 2579 4683 κα)⁴
2634 4626 3016 4695 ἀπελευθέρων
3078 4629 3306 4694 τάφουςο
3352 4628 3448 4679 καὶ
3496 4627 3640 4680 λιυο-

383 4721 619 4776 stianam
682 4723 931 4791 utrisque
987 4738 1333 4777 communem
1398 4723 1629 4793 ideoque
1679 4724 1956 4778 vinculum

2068 4720 2202 4785 ξὸων
2232 4718 2290 4774 δὲ
2319 4723 2384 4791 τῇ
2415 4720 2580 4792 τέχνῃ
2610 4722 3032 4789 σεμνυνομένων
3089 4722 3182 4773 ἐπὶ
3227 4719 3337 4773 τῶν
3378 4722 3636 4791 μιμημά-

376 4815 621 4868 omnium
651 4815 1096 4885 antiquissimum
1130 4814 1248 4885 ejus
1272 4817 1347 4870 rei
1382 4832 1599 4871 causam
1632 4814 1821 4871 fuisse.
1850 4816 1956 4869 Sed

2069 4832 2172 4867 των
2196 4812 2377 4866 αὐτῶν
2408 4811 2650 4881 ὀνόματα
2673 4812 3345 4882 γράμμασινἘλ).ηνικοίς
3400 4815 3638 4881 ἐγκεχα-

376 4907 442 4958 de
494 4907 579 4961 his
637 4922 817 4961 sermo
877 4924 982 4960 nun
1039 4918 1123 4962 cst
1177 4910 1339 4977 hujus
1388 4908 1490 4963 loci
1551 4924 1615 4962 ac
1672 4909 1957 4978 temporis.

2068 4902 2342 4972 ραγμένα.
2383 4894 2483 4953 Ὧν
2527 4900 2709 4970 λέγειν
2741 4902 2821 4964 είς
2869 4901 2930 4953 τὸ
2978 4900 3150 4973 παρὸν
3193 4902 3365 4954 πολλὰ
3417 4901 3490 4970 μὴ
3539 4917 3635 4966 γε·

384 4999 490 5052 Sed
548 4998 745 5052 iterum
818 4998 1018 5063 dicant,
1058 5000 1201 5068 quod
1263 4999 1431 5053 Roma
1497 4992 1692 5054 mirum
1759 5017 1810 5054 In
1847 5016 1963 5054 mo-

2068 4996 2206 5049 >.οἶον
2322 4994 2488 5049 Ὅθεν
2532 4995 2813 5062 φαίνεται,
2858 4993 2887 5046 δ
2912 4996 3006 5048 καὶ
3032 4997 3184 5064 παρὰ
3233 4995 3341 5047 τῶν
3376 4996 3635 5063 ἱστοριῶν

380 5092 511 5142 dum
560 5089 692 5142 mihi
724 5089 978 5157 placebit,
1015 5092 1058 5145 si
1097 5090 1413 5161 frequentes
1454 5107 1482 5145 a
1523 5092 1673 5147 vobis
1694 5093 1957 5162 epistolas

2068 5088 2357 5157 ἀκούομεν,
2387 5087 2485 5157 τὴν
2522 5087 2678 5139 πόλιν
2706 5087 2906 5157 ταύτην
2955 5087 3016 5139 τὸ
3046 5089 3272 5155 ἀρχαῖον
3323 5087 3423 5139 οὐκ
3482 5088 3635 5138 ἔλατ-

379 5182 666 5250 accipiam,
707 5194 761 5237 et
799 5185 943 5252 quod
1008 5185 1161 5240 vobis
1200 5185 1335 5254 ipsis
1371 5200 1475 5238 non
1505 5184 1688 5239 minus
1735 5197 1951 5254 gratum

2068 5198 2152 5233 τον
2182 5179 2313 5249 παρ’
2364 5179 2636 5249 Ἑλλήνων
2670 5178 2703 5247 ἢ
2738 5179 2872 5246 παρ’
2902 5178 3124 5231 Ἰταλῶν
3145 5179 3416 5232 οἰκεῖσθαι
3445 5195 3460 5212 σ
3496 5180 3637 5244 μᾶλ-

374 5287 437 5323 cr
460 5280 500 5334 ι,
526 5287 672 5327 meas
711 5275 777 5328 ad
816 5290 910 5329 vos
951 5276 1147 5345 legere.
1187 5275 1451 5346 Equidem
1477 5275 1588 5344 jam
1624 5276 1750 5329 Ιιυιο
1775 5276 1953 5329 ollicio

2068 5274 2154 5326 >ον
2184 5274 2238 5326 δὲ
2270 5274 2364 5326 καὶ
2400 5274 2597 5335 αὐτοὺς
2622 5275 2751 5334 τοὺς
2796 5273 3034 5336 Ἰταλοὺς
3076 5272 3153 5343 τῷ
3184 5273 3423 5343 πλείστῳ
3476 5272 3633 5341 μέρει

377 5361 681 5427 satisfacio,
727 5365 839 5418 imo
887 5366 1187 5435 plurimum
1241 5366 1506 5429 satisfeci,
1558 5382 1623 5420 ex
1683 5383 1791 5436 quo
1847 5368 1954 5421 huc

2072 5365 2405 5431 Ἑλληνικῶς
2455 5366 2653 5418 εἰδέναι
2684 5365 3054 5433 φθέγγεσθαιο
3099 5366 3340 5418 καὶτῶν
3400 5364 3507 5416 ἀπ’)
3536 5362 3632 5424 τῆς

376 5453 498 5507 veni
537 5453 666 5519 ;sed
703 5467 823 5509 tuas
868 5472 1087 5526 quoque
1118 5456 1258 5511 haud
1291 5472 1446 5512 raras
1511 5458 1744 5527 accipio.
1800 5457 1949 5512 Vale.

2072 5458 2322 5519 Ἑλλάδος
2354 5456 2581 5519 πολλοὺς
2623 5455 2826 5525 ταύτην
2857 5457 3219 5526 αἱρουμένους
3275 5459 3464 5521 οἰκεῖν,
3507 5472 3634 5508 συν-

382 5543 480 5594 ιτᾶ
511 5542 775 5599 δύνασθαι
836 5547 1016 5601 λαλεῖν
1044 5550 1299 5615 ἐκείνοις.
1324 5548 1439 5603 Νῦν
1465 5550 1520 5602 δὲ
1552 5552 1640 5603 ὅτε
1676 5550 1808 5616 ἔδει,
1861 5553 1955 5603 καὶ
1980 5551 2279 5616 ἀναγκαῖον
2339 5542 2407 5620 ἦν
2459 5548 2702 5618 μάλιστα
2774 5549 3037 5618 ἡνῶσθαι,
3098 5550 3149 5601 τί
3223 5551 3503 5623 διέστησε.
3549 5546 3632 5617 τῷ

451 5720 528 5791 (1)
571 5718 722 5776 Εἶδον
753 5724 813 5777 τὸ
851 5728 1105 5795 Λύκειον,
1142 5726 1280 5784 εἶδον
1308 5730 1403 5803 τὴν
1452 5732 1641 5797 Στοὰν,
1686 5728 1968 5797 Ποικίλην,
1994 5728 2092 5801 τὴν
2124 5729 2221 5783 νῦν
2254 5729 2432 5783 οὐκέτ’
2461 5728 2626 5783 οὖσαν
2655 5730 2935 5801 Ποικίλην.
2962 5733 3093 5805 Syn.
3138 5736 3298 5804 rstt.
3338 5734 3454 5787 155.
