4014 6214
562 307 629 373 7i
1853 306 2185 369 JOANNIS
2214 304 2495 367 CANANI
3599 331 3603 334 ·
3754 309 3832 375 72

635 425 879 499 Singulis
926 438 1141 496 quoque
1179 425 1373 481 diebus
1426 440 1489 481 ac
1508 427 1786 492 noctibus,
1841 427 1953 483 imo
1990 428 2138 481 horis
2170 446 2215 502 Α

562 519 807 587 linguam
842 516 1109 570 adversus
1146 532 1246 570 nos
1278 516 1443 571 veluti
1500 517 1757 586 utrinque
1806 528 2141 587 praeacutum

563 625 750 663 ensem
807 607 1108 676 agitabant,
1158 608 1538 663 voceseffcras
1599 618 1764 677 atque
1810 609 2145 665 inhumanas

565 702 914 770 impudenter
966 701 1340 769 injurioseque
1391 700 1734 766 emittentes,
1784 718 1895 757 non
1932 713 2143 759 tantum

562 792 929 861 patriarcham
960 801 1011 846 et
1065 784 1474 859 imperatorem,
1507 792 1600 848 sed
1662 793 1822 848 tidem
1854 796 2015 851 etiam
2048 812 2147 850 no-

561 894 729 939 stram
760 884 1020 936 audacter
1044 883 1476 950 improperantes
1503 892 1554 937 et
1603 884 1967 939 inverecunde
2003 887 2148 940 blas-

563 980 903 1045 phemant-s.
945 995 963 1026 ι
1005 975 1107 1029 Ubi
1137 975 1385 1029 estDrtts
1431 979 1660 1030 vester?
1719 977 1762 1033 Ο
1816 979 2146 1035 tenebricosi

568 1070 795 1122 Romani
821 1070 833 1120 l
860 1064 959 1123 Ubi
979 1068 1229 1121 Christus
1253 1069 1465 1122 vester?
1491 1068 1587 1123 Ubi
1608 1080 1733 1123 sunt
1753 1071 1927 1124 sancti
1956 1072 2144 1138 vestri,

565 1164 655 1231 qni
679 1163 829 1217 vobis
854 1177 1009 1230 opem
1038 1162 1319 1214 tulerunt?
1340 1163 1473 1216 (iras
1498 1164 1632 1215 urbe
1659 1164 1952 1231 potiemur,
1971 1172 2025 1218 et
2053 1181 2147 1220 vos

564 1270 756 1308 servos
787 1257 1141 1320 captivosque
1166 1255 1503 1307 alnlut‘etutts
1532 1273 1546 1308 :
1581 1257 1842 1310 uxoribus
1876 1258 2073 1311 vestris
2096 1269 2149 1312 et

562 1345 691 1398 liliis
718 1345 935 1403 vestris.
977 1348 1129 1398 vobis
1157 1347 1610 1413 insttertantihns,
1663 1349 1767 1400 vim
1798 1347 2096 1405 inferemus
2130 1366 2145 1401 :

574 1451 786 1490 ιἐκιγιιδ
820 1438 1036 1490 ιιιοιιὶτιὶι
1058 1454 1082 1491 s
1120 1456 1237 1491 rum
1272 1436 1571 1493 Tun-arum
1600 1441 1878 1496 monachis
1911 1443 2150 1512 despon-

574 1528 836 1580 sabimus.
871 1526 971 1579 Per
1003 1528 1160 1580 fidem
1196 1539 1436 1581 nostram
1470 1546 1593 1583 vere
1625 1531 1737 1584 haec
1763 1533 2020 1601 propheta
2053 1549 2151 1588 no-

564 1632 675 1670 ster
706 1622 886 1687 pl‘ﬂ‘tllt
910 1632 984 1675 at.
1012 1640 1027 1670 ι
1058 1619 1178 1672 "sec
1204 1632 1387 1675 autem
1419 1632 1673 1691 tanquam
1702 1626 1857 1679 firma
1885 1636 2149 1696 certaque

567 1711 717 1778 itnpii
756 1713 1038 1774 tenebant,
1082 1713 1316 1781 idroqtte
1349 1714 1528 1784 iurgia
1563 1718 1651 1769 illa
1684 1717 1850 1785 impia
1884 1719 1937 1772 in
1978 1719 2145 1773 Deum

2325 425 2485 479 Ἀλλὰ
2523 425 2618 478 καὶ
2641 423 2765 478 καθ’
2805 423 3020 494 ἡμέραν
3051 425 3145 477 καὶ
3183 424 3355 478 νύκτα
3414 425 3514 489 τὰς
3562 426 3833 496 παλάμας

2249 516 2534 587 ἐκρότουν,
2567 517 2662 570 καὶ
2689 514 2782 575 τοῦ
2810 516 3107 585 Μηρσαϊτη
3158 518 3258 587 τὴν
3316 517 3503 587 φωνήν
3561 517 3837 588 ἀνέμενον

2243 608 2323 669 ὼς
2344 609 2580 674 ἀγγέλου
2631 608 3033 678 ἀληθεστάτων,
3082 609 3157 671 ὡς
3213 609 3303 663 ἵνα
3354 609 3837 678 αἰχμαλωτίσουσι

2247 701 2373 764 τοὺς
2425 702 2755 771 Ῥωμαίους.
2804 700 2969 754 Ἀλλὰ
2993 701 3090 754 καὶ
3110 700 3235 755 καθ’
3266 702 3485 772 ἡμέραν
3513 701 3614 755 καὶ
3651 702 3836 756 νύκτα

2250 795 2345 848 καὶ
2374 793 2523 863 ὥραν
2556 794 2654 862 τήν
2688 793 2946 861 γλῶσσαν
2979 792 3163 847 αὐτῶν
3195 793 3321 847 καθ’
3355 794 3514 863 ἡμῶν
3541 793 3617 858 ὡς
3647 793 3840 847 δίστο-

2253 903 2353 956 μον
2386 886 2542 954 ξίφος
2580 884 2863 954 ὴκύνιζαν,
2891 887 2984 939 καὶ
3008 886 3193 954 φωνάς
3220 886 3455 954 ἀγρίους
3484 886 3581 938 καὶ
3625 885 3841 954 ἀνημέ»

2251 995 2377 1047 ρους
2429 979 2619 1047 ἔλεγον
2683 979 2917 1041 ἀναιδῶς
2977 980 3070 1032 καὶ
3116 977 3473 1048 ὑϐριστικῶς.
3511 975 3602 1046 Μὴ
3657 976 3837 1045 μόνον

2248 1070 2388 1123 κατὰ
2417 1071 2772 1142 πατριαρχῶν
2795 1088 2855 1124 τε
2891 1072 2985 1123 xa‘t
3015 1070 3281 1140 βασιλέως
3330 1068 3692 1138 αἰσχροτάτας
3714 1084 3837 1135 φω-

2248 1163 2343 1223 νὰς
2370 1163 2716 1232 ἀνέπεμπον,
2754 1162 2890 1215 ἀλλὰ
2914 1162 3009 1213 καὶ
3035 1161 3178 1214 κατὰ
3215 1161 3315 1228 τῆς
3363 1161 3605 1221 πίστεως
3660 1159 3836 1227 ἡμῶν

2248 1253 2538 1321 τολμηρῶς
2568 1251 2927 1316 ὀνειδίζοντες
2960 1252 3053 1303 καὶ
3078 1250 3317 1312 ἀναιδῶς
3367 1248 3839 1318 βλασφημοῦντες

2251 1345 2461 1413 ἔλεγον.
2501 1365 2518 1396 ι
2560 1346 2671 1398 Ποῦ
2716 1346 2898 1408 ὁΘεός
2945 1363 3064 1408 σας,
3100 1337 3145 1396 ὦ
3185 1344 3452 1396 σκοτεινοὶ
3523 1342 3835 1410 Ῥωμαῖοιζ

2250 1436 2355 1490 ποῦ
2391 1441 2417 1490 ὁ
2448 1438 2686 1509 Χριστός
2723 1455 2863 1503 σας;
2899 1436 3004 1489 ποῦ
3037 1432 3178 1491 εἶναι
3205 1439 3257 1490 οἱ
3281 1436 3428 1504 ᾶγιοί
3454 1453 3559 1500 σας
3602 1438 3668 1490 νὰ
3731 1437 3831 1500 σὰς

2252 1530 2596 1600 βοηθήσουν;
2633 1529 2839 1599 Αὔριον
2862 1530 2962 1598 τὴν
2986 1528 3142 1582 πάλιν
3186 1529 3514 1599 ὲπέρνομεν,
3566 1530 3659 1582 καὶ
3696 1531 3835 1593 tsi;

2250 1622 2636 1693 αἰχμαλώτους
2665 1626 2759 1675 καὶ
2787 1620 3059 1684 σκλάϐους
3082 1621 3303 1691 ἔχομεν,
3327 1621 3420 1674 καὶ
3436 1622 3535 1684 τὰς
3560 1622 3838 1689 γυναῖκάς

2252 1732 2355 1777 σας
2384 1719 2480 1768 καὶ
2517 1715 2585 1767 τὸ.
2616 1715 2806 1767 παιδία
2843 1731 2945 1776 σας
2979 1714 3296 1785 ἔμπροσθεν
3347 1715 3504 1783 ὑμῶν
3540 1715 3838 1783 ἀτιμάσω-

563 1820 597 1855 tt
623 1813 810 1855 ‘Sll‘lllll
844 1804 1213 1859 t-ﬂuntlebattt.
1265 1806 1397 1860 Cttm
1430 1810 1645 1863 tandem
1712 1820 1983 1879 postrema
2018 1812 2144 1867 belli

2255 1823 2378 1875 μεν,
2408 1809 2502 1860 καὶ
2526 1806 2624 1868 τὰς
2653 1806 2997 1875 καλογραίας
3046 1823 3147 1869 σας
3173 1805 3244 1874 μὲ
3273 1808 3405 1869 τοὺς
3455 1805 3844 1876 Τουρκοκαλο-

562 1894 780 1949 Turcici
807 1896 921 1950 dies
944 1897 1190 1961 advenit,
1233 1915 1394 1965 quam
1446 1900 1556 1953 illis
1587 1917 1816 1972 magnus
1851 1905 2153 1970 prazvatici-

562 1996 725 2041 natus
755 1989 931 2041 fuerat
961 1989 1219 2043 Mersaita
1258 1990 1563 2044 Turearunt
1595 2004 1771 2058 vates,
1799 1993 1940 2048 dixit
1968 1996 2153 2065 copia-

565 2095 684 2132 rum
718 2080 932 2132 dtu-tori
971 2079 1559 2149 Musulmanorumque
1591 2084 1822 2151 principi
1855 2096 1916 2136 ε(
1948 2082 2027 2140 Ne
2056 2085 2150 2140 diu

567 2186 747 2226 moras
778 2173 1074 2243 traherent,
1112 2172 1207 2226 sed
1241 2173 1570 2241 quantocius
1595 2175 1811 2243 jnberet
1839 2176 2150 2242 ordinibus,

567 2270 623 2313 ιιι
652 2275 711 2315 se
742 2272 954 2314 arment
987 2269 1041 2315 et
1069 2262 1349 2315 tnachinas
1399 2276 1589 2318 omnes
1625 2272 1681 2318 et
1709 2264 1774 2317 ad
1813 2264 2010 2318 bellum
2053 2280 2146 2320 ne.

563 2354 803 2408 ccssaria
849 2357 1143 2419 instruunt,
1181 2367 1233 2408 ut
1266 2365 1513 2424 prompta
1571 2358 1685 2410 sint
1715 2373 1729 2410 :
1761 2367 1943 2425 postea
1983 2373 2149 2427 prope

564 2450 750 2499 urbem
785 2447 850 2499 ad
920 2447 1006 2500 teli
1033 2446 1239 2517 jnctum
1299 2447 1670 2502 conferantur.
1736 2449 1962 2517 Signum
2003 2461 2147 2515 esto,

568 2539 713 2604 quod
747 2538 936 2602 jubro.
970 2538 1107 2591 Cum
1168 2555 1253 2592 me
1288 2555 1453 2608 super
1482 2556 1683 2610 equum
1725 2542 1895 2595 altum
1955 2541 2148 2596 sedere

566 2629 689 2681 etin
711 2627 930 2682 dextera
961 2646 1075 2683 mea
1102 2631 1306 2684 nudum
1334 2646 1522 2685 ensem
1550 2633 1929 2700 conspicietis,
1955 2640 2147 2701 terque

566 2734 755 2774 vocem
790 2737 963 2775 meam
1002 2737 1126 2775 cum
1159 2722 1396 2777 clamore
1425 2732 1478 2777 et
1506 2724 1736 2791 Strepitu
1760 2733 1812 2778 et
1861 2724 2062 2792 impetu
2092 2732 2148 2778 et

564 2814 921 2883 applausibus
950 2827 1006 2869 et
1036 2819 1259 2886 organis
1282 2818 1590 2882 audieritis,
1621 2819 1672 2872 in
1725 2816 1942 2872 Graecos
1975 2817 2146 2885 impe-

567 2915 682 2958 tum
716 2905 907 2971 facite;
938 2916 991 2961 et
1026 2909 1169 2962 ultro
1201 2909 1354 2966 urbis
1392 2912 1592 2965 moenia
1636 2920 1918 2974 corrttent,
1955 2921 2009 2967 et
2049 2927 2146 2966 vos

567 2999 717 3051 nullo
747 2999 1000 3053 obstante
1027 3000 1256 3071 ingressi
1290 3003 1525 3070 praedam
1575 3005 1770 3075 agite.»
1812 3004 1990 3062 Etltas
2018 3007 2142 3076 qui-

565 3087 691 3141 dem
715 3106 887 3159 nugas
949 3091 1202 3146 Mersaita
1271 3103 1530 3163 tanquam
1598 3105 1780 3152 certas
1810 3113 1877 3152 ac
1918 3098 2144 3152 stabiles

2253 1900 2450 1967 γέρους
2474 1899 2541 1951 νά
2563 1897 2994 1967 παντρέψωμεν.
3028 1899 3123 1952 Μὰ
3159 1897 3257 1968 τὴν
3301 1899 3486 1951 πίστιν
3538 1915 3647 1967 μας
3694 1897 3838 1968 diu}-

2253 1988 2374 2041 θεία
2413 1992 2440 2041 ὁ
2467 1991 2752 2058 προφήτης
2788 2006 2896 2056 μας
2945 1987 3077 2056 ἕτζη
3119 1988 3291 2056 λέγει.
3334 2006 3354 2041 ι
3421 1990 3610 2042 Ταῦτα
3640 1990 3695 2041 δὲ
3748 1990 3835 2055 ὡς

2254 2074 2447 2142 βέϐαια
2470 2076 2564 2129 καὶ
2600 2075 3016 2145 ὁμολογούμενα
3045 2077 3094 2129 οἱ
3128 2076 3353 2141 ἀσεϐεῖς
3378 2079 3584 2149 εἷχασι,
3622 2081 3720 2133 καὶ
3738 2078 3835 2137 διὰ

2251 2166 2411 2218 τοῦτο
2440 2168 2529 2218 τὸν
2553 2167 2685 2219 Θεὸν
2710 2167 2866 2235 ήμῶν
2909 2166 3178 2233 ὀνείδιζον
3218 2169 3433 2232 ἀσεϐῶς
3479 2170 3675 2225 ταῦτα.
3737 2170 3835 2235 Ὠς

2249 2258 2313 2327 δὴ
2346 2257 2583 2326 ἔφθασεν
2614 2260 2647 2330 ή
2675 2259 2859 2312 τελεία
2890 2260 3074 2330 ήμέρα
3104 2259 3202 2313 τοῦ
3227 2260 3470 2331 πολέμου
3509 2263 3618 2314 τῶν
3658 2263 3839 2330 Τούρ-

2251 2368 2387 2416 κων,
2434 2351 2630 2405 ὁποίαν
2688 2350 2825 2420 παρ’
2875 2352 3154 2416 ἐκείνοιςδ
3218 2353 3396 2422 μέγας
3454 2353 3837 2424 προεθέσπισε

2250 2442 2586 2514 Μηρσαῖτης
2640 2440 2669 2494 ὀ
2722 2442 3013 2513 προφήτης
3065 2444 3321 2507 ἐκείνων,
3379 2439 3502 2498 εἷπε
3560 2447 3701 2515 πρὸς
3734 2450 3837 2500 τὸν

2252 2535 2600 2604 στρατάρχην
2624 2534 2718 2587 καὶ⁵
2744 2533 3015 2604 δεσπότην
3047 2534 3157 2588 τῶν
3189 2536 3655 2604 Μουσουλμάνωνο
3682 2556 3699 2589 ι
3733 2539 3834 2609 Μὴ

2250 2626 2484 2696 βράδυνε
2520 2628 2612 2680 ἐπὶ
2645 2627 2832 2692 πλέον,
2862 2627 3002 2681 ἀλλά
3041 2628 3256 2699 ταχέως
3286 2628 3387 2693 τὰς
3418 2631 3604 2695 τάξεις
3665 2630 3838 2697 τάξον

2250 2710 2652 2790 καθοπλισοῆνα
2661 2738 2698 2786 ι,
2715 2721 2805 2772 καὶ
2821 2721 2930 2773 πᾶν
2952 2719 3402 2790 μηχανικώτατον
3418 2722 3511 2775 καὶ
3530 2722 3845 2792 πολεμικώ-

2247 2828 2411 2865 τατον
2447 2812 2611 2881 ἔργον
2635 2812 2852 2883 ἔχοντες
2872 2813 2930 2877 ἐξ
2951 2813 3195 2883 ἑτοίμου,
3216 2813 3311 2866 καὶ
3330 2814 3427 2867 σὺν
3444 2814 3656 2877 τούτοις
3677 2817 3840 2883 γενέ-

2249 2907 2361 2957 σοω
2377 2906 2474 2973 τῆς
2488 2906 2698 2969 πόλεώς
2715 2921 2774 2958 τε
2799 2906 3023 2974 πλησίον
3050 2906 3177 2959 ὅσον
3195 2906 3353 2973 τόξου
3372 2907 3535 2979 βολήν
3556 2912 3634 2972 είς
3655 2908 3844 2969 sexd-

2250 3013 2437 3067 στρον.
2458 2999 2568 3050 Καὶ
2590 2997 2873 3068 σύνθημα»
2893 2993 3017 3050 εἶπε
3040 3016 3057 3048 ι
3078 2999 3405 3069 προστάσσω
3424 3002 3839 3057 τοιόνδε.’οταν

2248 3085 2331 3153 ἐφ’
2367 3085 2536 3138 ἵππου
2580 3086 2789 3156 ὑψηλοῦ
2824 3100 2894 3158 με
2927 3089 3245 3158 καθήμενον
3280 3088 3599 3161 Θεωρήσητε
3646 3093 3740 3145 καὶ
3768 3094 3839 3147 ἐν

569 3155 931 3237 Musultnvanis
994 3200 1092 3253 pro
1142 3155 1407 3241 concione
1460 3188 1756 3257 garriebat,
1808 3190 2007 3259 quippe
2051 3191 2143 3259 qui

2255 3176 2403 3248 δεξιᾷ
2439 3179 2505 3247 τῇ
2556 3155 2702 3249 χειρί
2737 3155 2842 3253 μου
2898 3155 3115 3249 στάοην
3146 3155 3839 3252 γεγυμνωμένηνθεάσητε

580 3276 871 3328 Mahamcti
908 3278 1166 3331 vaticinia
1194 3288 1245 3331 et
1273 3280 1490 3335 liasulis
1512 3279 1804 3335 Mabometi
1833 3283 2000 3338 libros
2019 3299 2151 3353 pos-

2255 3272 2348 3322 καὶ
2396 3270 2518 3339 τρὶς
2545 3270 2646 3340 τῆς
2683 3269 2870 3340 φωνῆς
2899 3288 3010 3339 μου
3034 3272 3331 3346 ἀκούσητε,
3369 3278 3507 3343 μετὰ
3556 3273 3686 3345 βοῆς
3733 3280 3841 3333 καὶ⁵

566 3364 793 3419 side-ret.
841 3367 905 3420 Et
934 3369 1045 3423 lnec
1102 3369 1197 3422 ille
1226 3380 1321 3434 ;at
1351 3373 1631 3439 cupiarum
1663 3373 1856 3427 ductor
1891 3374 2150 3444 princeps

2255 3363 2506 3433 κραυγῆς
2541 3363 2639 3417 καὶ⁵
2672 3365 2854 3435 ὁρμῆς
2885 3366 2982 3419 καὶ
3012 3366 3225 3436 κρότων
3258 3368 3354 3420 καὶ
3393 3369 3643 3437 ὀργάνων
3682 3371 3840 3426 κατὰ

570 3456 1038 3513 Musultnanorum
1076 3461 1306 3531 imperio
1336 3463 1568 3517 audiens
1598 3465 1882 3519 ordinibus
1895 3466 2151 3521 omnibus

2255 3456 2361 3507 τῶν
2397 3456 2688 3525 Ῥωμαίων
2716 3458 3021 3521 είσϐάλετε,
3056 3463 3152 3514 καὶ
3177 3462 3504 3530 αὐτομάτως
3536 3464 3840 3522 πεσοῦνται

567 3546 834 3616 praecipit,
863 3557 922 3601 ut
952 3563 1072 3603 sese
1100 3561 1313 3604 arment
1334 3558 1387 3606 et
1407 3564 1729 3623 apparatum
1762 3570 1976 3610 omnem
1999 3554 2157 3610 belli-

570 3655 697 3694 tum
726 3640 977 3696 manibus
1001 3650 1260 3697 tractent.
1277 3640 1472 3697 Subito
1492 3645 1661 3713 copia:
1680 3645 2152 3703 Musulmanorum

564 3745 624 3790 et
644 3733 884 3787 universi
907 3735 1180 3788 exercitus
1201 3735 1355 3803 jnssa
1381 3748 1779 3806 exsequuntur,
1799 3748 1853 3792 et
1877 3753 2152 3793 armorum

567 3841 734 3880 omne
751 3842 923 3896 genus
945 3834 999 3881 et
1021 3836 1315 3896 apparatus
1344 3829 1759 3897 copiosissimos
1786 3837 1841 3883 et
1869 3830 2157 3886 machinas

572 3919 766 3974 ordine
789 3920 1122 3989 disponunt:
1147 3920 1237 3973 alii
1257 3921 1433 3975 scalas
1455 3919 1727 3985 ferebant,
1746 3923 1925 3977 scalas
1953 3924 2155 3990 varias,

579 4027 827 4081 magnas,
857 4026 1076 4080 parvas,
1109 4012 1203 4065 alii
1233 4012 1474 4081 stipites,
1498 4012 1589 4067 alii
1624 4015 1825 4078 trabes,
1853 4015 1942 4068 alii
1976 4014 2156 4085 ignem

571 4124 695 4163 cum
729 4105 1052 4169 mazaladis,
1084 4105 1178 4160 alii
1198 4107 1493 4177 sclopctos,
1520 4107 1963 4162 aliiarmamenta
1983 4108 2156 4163 ferrea

574 4201 840 4269 ingentia,
859 4200 1042 4253 omnia
1081 4198 1228 4253 ferro
1254 4200 1747 4270 circutnsepta,alii
1778 4201 2044 4269 ploeotas,
2064 4201 2156 4255 alii

574 4294 808 4363 pavetia,
870 4294 963 4346 alii
992 4291 1200 4347 ferreos
1216 4308 1387 4347 uncos
1413 4302 1645 4347 etomne
1677 4293 1924 4347 bellicum
1954 4293 2158 4346 instru-

575 4396 843 4446 mentum,
883 4393 1161 4437 armatura
1190 4382 1431 4450 undique
1459 4382 1655 4435 muniti
1683 4382 1864 4435 valida
1899 4391 1953 4436 et
1979 4381 2155 4435 ferrea

2252 3546 2319 3599 τὰ
2358 3548 2512 3617 τείχη
2537 3548 2635 3618 τῆς
2664 3549 2897 3616 πόλεως,
2922 3550 3014 3603 καὶ
3047 3552 3347 3615 ἀκωλύτως
3385 3553 3642 3619 γενέσθαι
3670 3557 3831 3620 ὲντὺς

2255 3640 2350 3691 καὶ
2370 3639 2575 3710 ταύτην
2605 3641 3082 3709 αἰχμαλωτίσατε.
3121 3662 3139 3694 ι
3168 3644 3281 3697 Καὶ
3327 3645 3533 3708 ταύτας
3581 3648 3681 3715 μὲν
3729 3649 3841 3711 τὰς

2256 3730 2582 3801 ληρολογίας
2612 3733 2640 3785 ὁ
2665 3734 2997 3802 Μηρσαϊτης
3032 3733 3108 3796 ὡς
3142 3734 3371 3805 βεϐαίας
3397 3737 3681 3805 ὁμολογῶν
3712 3742 3841 3804 τοῖς

2256 3821 2710 3891 Μουσουλμάνοις
2747 3823 3082 3893 δημηγορῶν
3151 3827 3360 3893 ἔλεγεν,
3431 3828 3508 3889 ὡς
3551 3830 3687 3899 ἔχων
3732 3834 3840 3895 τὰς

2260 3914 2601 3986 προφητείας
2634 3917 2697 3968 ὲκ
2747 3914 2841 3968 τοῦ
2896 3918 3146 3986 Μωάμεθ
3195 3922 3288 3972 καὶ
3336 3921 3565 3975 Ῥασοὺλ
3615 3924 3842 3992 Maxw-

2260 4010 2399 4079 μέτη
2425 4010 2522 4073 τὰς
2548 4009 2786 4079 βίϐλους.
2815 4012 2926 4065 Καὶ
2959 4013 3121 4076 αὐτὸς
3161 4015 3259 4083 μὲν
3292 4010 3414 4068 εἷπε
3444 4016 3642 4069 ταῦτα’
3696 4021 3723 4072 ὁ
3773 4020 3840 4073 δὲ

2261 4102 2612 4172 στρατάρχης
2641 4104 2737 4155 καὶ
2755 4103 3028 4173 δεσπότης
3050 4105 3159 4156 τῶν
3198 4104 3461 4177 Τούρκων
3511 4109 3571 4161 τὸ
3635 4108 3839 4162 κελευ-

2263 4194 2390 4249 σθὲν
2427 4194 2793 4265 ἐκπληρώσας
2828 4195 2921 4248 καὶ
2950 4196 3262 4264 προστάξας
3299 4198 3401 4262 τὰς
3437 4197 3621 4263 τάξεις
3687 4203 3840 4254 άπά-

2260 4304 2355 4350 σας
2377 4289 2831 4358 καθοπλισθῆναι,
2863 4292 2956 4342 καὶ
2988 4291 3174 4344 πᾶσαν
3201 4292 3301 4361 τὴν
3330 4292 3692 4366 παρασκευήν
3734 4296 3837 4349 τοῦ

2258 4379 2498 4447 πολέμου
2522 4380 2781 4448 φέροντες
2800 4382 2904 4436 ἀνὰ
2938 4386 3148 4453 χεῖρας,
3189 4383 3353 4446 εὐθὺς
3384 4386 3454 4437 τὰ
3507 4385 3690 4456 πλήθη
3724 4387 3843 4442 τῶν

572 4487 626 4530 et
659 4474 970 4546 ingentibus
1019 4473 1208 4543 galeis.
1263 4473 1492 4527 Militum
1545 4488 1809 4529 numerus
1840 4474 1893 4527 in
1945 4480 2151 4529 tantum

2261 4471 2703 4540 Μουσουλμάνων
2722 4478 2815 4526 καὶ
2837 4475 2906 4526 τὰ
2939 4474 3323 4544 στρατεύματα
3359 4476 3537 4529 πάντα
3569 4477 3627 4529 τὸ
3660 4495 3843 4547 προσ-

571 4578 841 4629 creverat,
873 4578 932 4621 ιιι
982 4566 1051 4621 ab
1108 4581 1217 4620 uno
1281 4574 1529 4622 extremo
1589 4576 1758 4636 porta
1798 4564 2043 4636 Chrysia‘.
2087 4569 2153 4624 ad

573 4664 720 4717 aliud
753 4661 1062 4733 Xyloporta:
1091 4659 1275 4715 omnia
1322 4668 1639 4729 occuparet.
1700 4659 1851 4714 Bello
1915 4659 2157 4731 praefecti

572 4756 881 4808 Turcarutn
930 4753 1231 4822 phalanges
1290 4752 1586 4806 ordinatim
1669 4766 1837 4821 prope
1890 4762 2155 4820 castrum,

574 4857 633 4900 ut
661 4846 1132 4916 pseudopropheta
1156 4845 1487 4898 vaticinatus
1512 4842 1710 4907 fuerat,
1739 4844 2153 4912 disposuerunt.

576 4938 897 5008 Sagittarius
927 4938 1047 4992 illos
1093 4936 1915 5005 innumerabilespratceperunt
1961 4952 2157 4992 omnes

575 5030 736 5084 simul
769 5032 996 5097 sagittas
1038 5027 1301 5096 ejaculnri
1352 5041 1516 5095 supra
1576 5042 1817 5081 castrum
1846 5038 1899 5080 et
1955 5043 2156 5097 promt-

572 5124 825 5194 gnacula,
872 5132 933 5176 ut
962 5123 1268 5176 vulneratis
1299 5121 1605 5190 occisisque
1636 5123 2158 5178 nunttullisGraaco-

578 5235 723 5281 tum,
757 5219 849 5273 alii
872 5232 993 5288 pra.
1024 5226 1167 5269 metu
1199 5214 1252 5269 in
1285 5215 1466 5284 fugam
1487 5231 1545 5270 se
1598 5224 1872 5269 verterent
1930 5224 1983 5270 et
2017 5230 2153 5270 ma:-

576 5314 666 5368 nia
699 5312 1081 5368 destituerem.
1116 5307 1253 5364 Hinc
1303 5309 1537 5363 facultas
1587 5309 1695 5364 illis
1747 5308 1911 5362 fuerit
1963 5320 2158 5363 ascen-

574 5405 914 5461 dendinttllo
964 5404 1291 5474 impediente
1345 5404 1646 5472 urbemque
1698 5400 1968 5471 capiendi.
2003 5398 2158 5456 Cra:-

576 5515 765 5553 corom
798 5498 1015 5553 interim
1043 5497 1331 5550 multitudo
1369 5503 1722 5565 prospectans
1741 5494 1931 5548 bellica
1951 5493 2157 5547 Turca-

575 5607 693 5643 rntn
729 5589 971 5644 facinora
1002 5598 1056 5643 et
1098 5600 1414 5659 apparatus,
1472 5603 1682 5642 necnon
1736 5602 1805 5640 ex
1851 5584 2155 5639 innumeris

580 5683 897 5737 nationibus
928 5684 1201 5739 exercitus
1220 5682 1635 5743 abundantiam,
1657 5678 2011 5733 Tartarorum
2051 5677 2153 5729 im—

578 5785 766 5844 petum
798 5782 852 5829 et
882 5772 1359 5835 Musttlntanorum
1406 5773 1718 5839 audaciam,
1751 5777 1808 5824 et
1828 5782 1948 5839 qua:
1978 5769 2144 5837 paulo

2259 4561 2462 4632 ταχθὲν
2521 4564 2896 4633 ἐκπληροῦσι,
2977 4567 3071 4619 καὶ
3123 4568 3190 4635 μὲ
3251 4566 3392 4621 ὅπλα
3438 4570 3669 4621 παντοῖα
3738 4572 3841 4623 καὶ

2260 4653 2618 4722 παρασκευὰς
2670 4656 2769 4718 τὰς
2809 4654 3075 4724 μεγίστας
3134 4657 3228 4709 καὶ
3276 4655 3343 4709 τὰ
3410 4660 3845 4727 μηχανικώτατα

2259 4742 2398 4814 ἔργα
2451 4745 2768 4814 ὲσράπαξαν
2815 4748 2955 4801 κατὰ
2999 4746 3173 4811 τάξιν.
3222 4749 3333 4802 Καὶ
3395 4749 3446 4803 oi
3498 4750 3599 4816 μὲν
3630 4753 3844 4814 σκάλας

2262 4836 2477 4906 ἔφερον,
2511 4840 2605 4890 καὶ
2643 4838 2850 4900 σκάλας
2889 4839 3172 4901 παντοίας,
3206 4840 3409 4911 μικρὰς
3435 4843 3531 4893 καὶ
3561 4842 3840 4909 μεγάλας,

2260 4927 2484 4982 ἄλλοιδὲ
2515 4927 2763 4993 τξόκους,
2802 4930 2898 4981 καὶ
2924 4929 3105 5000 ἕτεροι
3139 4932 3363 4997 συστὰς,
3397 4934 3493 4987 καὶ
3533 4933 3686 4986 ἄλλοι
3721 4934 3845 5004 πῦρ

2264 5019 2404 5088 μετὰ
2439 5019 2791 5089 μαζαλάδων,
2819 5020 2998 5090 ἕτεροι
3019 5023 3074 5074 δὲ
3100 5023 3411 5086 σκλὼπους,
3442 5024 3597 5077 ἄλλοι
3644 5025 3701 5077 δὲ
3748 5042 3842 5077 σι·

2259 5111 2402 5182 δηρᾶ
2431 5112 2652 5181 μάχιμα
2686 5112 2828 5164 ὅπλα
2883 5112 3283 5184 δρεπανηφόρα
3336 5116 3484 5184 μετὰ
3527 5117 3845 5186 κονταρίων

2263 5206 2522 5274 μακρέων
2578 5204 2647 5257 τὰ
2715 5206 3166 5275 ἐπονομαζόμενα
3221 5208 3476 5277 φάλκας,
3532 5210 3713 5281 ἕτεροι
3780 5212 3847 5266 δὲ

2264 5303 2563 5369 σκουτὰρια
2604 5301 2802 5369 στερεὰ
2836 5301 2930 5352 καὶ
2985 5300 3220 5369 μεγάλα,
3255 5302 3351 5354 καὶ
3374 5300 3443 5354 τὰ
3475 5302 3657 5354 πάντα
3696 5305 3851 5370 μετὰ

2264 5392 2523 5460 σιδήρων,
2552 5391 2648 5444 καὶ¹
2669 5389 2950 5454 πλοκοτὰς
2989 5392 3046 5445 δὲ
3084 5392 3260 5456 ἄλλοι,
3291 5393 3385 5445 καὶ
3421 5392 3694 5455 παϐἐτζια
3748 5394 3857 5448 ἄλ-

2259 5484 2366 5547 λοι,
2404 5483 2554 5547 ἄλλοι
2589 5482 2645 5535 δὲ
2674 5482 2925 5552 ἁγγύρας
2968 5484 3249 5554 σιδηρὲας,
3288 5484 3381 5536 καὶ
3425 5482 3557 5537 ἄλλο
3604 5483 3855 5554 πολεμι·

2261 5577 2357 5629 κὸν
2412 5576 2574 5646 ἔργον
2624 5574 2824 5645 ἔφερον
2877 5576 2981 5629 ἀνὰ
3026 5580 3240 5647 χεῖρας.
3304 5577 3413 5630 Καὶ
3451 5577 3854 5646 κατάφρακτοι

2264 5675 2465 5733 πάντες
2494 5668 2634 5737 μετὰ
2664 5668 2894 5738 ἰσχυρᾶς
2947 5670 3041 5721 καὶ
3079 5670 3306 5740 σιδηρᾶς
3367 5669 3679 5731 πανοπλίας
3748 5671 3859 5721 καὶ

2262 5761 2713 5833 περικεφαλαίας·
2728 5763 3017 5831 μεγίστας.
3058 5764 3168 5817 Καὶ
3202 5760 3457 5817 τοσοῦτον
3490 5762 3707 5833 ὑπῆρχε
3741 5762 3859 5832 τῆς
