4014 6214
463 302 538 363 ’ῖῦ
1770 300 2101 365 IOANNts
2137 306 2423 367 CANANI
3434 293 3437 297 ’
3642 306 3719 370 τυ

467 414 749 485 plausibus
766 424 819 469 et
841 415 1062 486 organis
1089 421 1141 469 et
1169 413 1444 471 sexcentis
1469 414 1589 468 aliis
1619 414 1955 471 clamoribus
1985 427 2038 470 et

2147 419 2341 487 μέτη,›
2379 419 2786 485 συνανεῦόησαν
2834 418 2946 486 ἅμα
2984 419 3075 470 καὶ
3128 419 3235 471 τῶν
3269 418 3719 488 Μουσουὶμάνων

452 504 721 557 tubarum
749 504 930 556 sonitu
965 503 1031 557 ad
1074 519 1260 558 muros
1287 503 1441 557 urbis
1492 517 1816 571 pervenere,
1860 520 1889 559 a
1934 504 2044 574 Xy-

469 600 678 664 loporta
714 595 778 648 ad
818 595 1103 665 Cltrysiam
1129 610 1233 647 una
1270 595 1570 661 eademque
1591 594 1739 647 illius
1765 595 2043 659 dieibora,

444 698 521 747 et
556 699 664 741 tum
703 688 894 742 bellica
936 689 1295 740 instrumenta
1337 686 1587 740 manibus
1611 685 1838 739 advecta
1905 703 2043 742 mae-

468 776 629 830 nibus
670 790 960 844 apponere,
990 774 1164 829 scalas
1192 775 1507 843 appiugere,
1534 785 1775 828 castrum
1806 791 2040 830 ascensu

468 875 798 935 pertentare,
835 875 1013 919 turres
1065 866 1382 934 perforare;
1442 882 1541 920 nec
1571 866 1670 920 fuit
1703 870 1793 936 qui
1846 883 2038 922 eorum

467 959 726 1025 impemm
756 958 1104 1022 amoliretur,
1136 957 1343 1011 Grzecis
1369 958 1624 1011 omnibus
1656 960 1857 1027 ingenti
1893 971 2037 1012 metu

465 1063 527 1100 ac
569 1057 805 1100 tremore
842 1050 1142 1115 oppressis.
1199 1047 1332 1112 Quis
1360 1049 1504 1101 enim
1566 1064 1626 1101 ea
1668 1050 1795 1101 bora
1832 1066 2038 1105 vacuus

468 1142 662 1195 timore
706 1143 802 1197 fuit
863 1143 1050 1208 ?Quis
1104 1152 1325 1212 aspectu
1364 1144 1457 1196 illo
1519 1145 1702 1198 animo
1753 1147 2038 1212 perculsus

464 1248 570 1286 non
603 1244 681 1288 est
709 1235 731 1287 ?
764 1234 894 1301 Quae
916 1236 1063 1289 auris
1107 1235 1442 1288 auditionem
1476 1236 1756 1299 sustinuit,
1789 1237 1912 1304 quis
1958 1237 2039 1288 vi-

461 1326 670 1379 sionem
712 1327 903 1379 oculus
934 1325 1253 1379 ?Momento
1294 1341 1533 1394 namque
1563 1326 1822 1394 temporis
1868 1327 2038 1395 sagit-

454 1429 637 1470 tarum
686 1418 961 1488 myriades
1019 1418 1070 1470 in
1123 1417 1407 1471 Romanos
1459 1418 1721 1470 adversos
1779 1417 2037 1486 proiecta:

459 1519 612 1563 extra
657 1510 909 1578 intraque
966 1523 1155 1562 muros
1226 1509 1375 1563 urbis
1429 1509 1768 1572 ceciderunt,
1812 1509 2037 1563 crebrae

458 1598 598 1649 adeo
620 1606 679 1650 ut
704 1613 887 1651 aerem
918 1597 1285 1666 cooperirent,
1320 1597 1500 1649 lumen
1527 1597 1661 1650 solis
1710 1598 2037 1650 obtenebra-

458 1703 599 1754 rent,
630 1705 834 1757 nosque
863 1689 915 1743 in
950 1699 1152 1742 metum
1180 1689 1520 1745 adducerent
1549 1698 1608 1743 et
1639 1689 1839 1743 animis
1859 1689 2035 1743 disso-

2145 513 2211 565 τὰ
2250 512 2451 582 πλήθη,
2486 512 2581 564 καὶ
2606 510 2744 579 μετὰ
2768 511 2945 580 ὁρμῆς
2979 510 3075 562 καὶ
3098 510 3351 579 κραυγῆς
3380 514 3475 565 καὶ
3506 512 3719 579 κρότων

2144 606 2237 655 καὶ
2267 604 2518 671 ὀργάνων
2540 604 2634 655 καὶ
2690 604 2901 672 μυρίων
2950 604 3126 656 ἄλλων
3164 603 3564 669 ἀλαλαγμάτων
3624 606 3717 655 καὶ

2144 694 2464 761 σαλπίγγων
2497 693 2740 762 ἔφθασαν
2775 696 2854 755 εἰς
2885 696 2951 746 τὰ
2983 695 3136 762 τείχη
3163 694 3259 745 τοῦ
3314 695 3557 763 κάστρου
3612 695 3721 746 ἀπὸ

2141 789 2239 855 τῆς
2264 784 2617 855 Ξυλοπόρτης
2658 786 2761 847 ἓως
2796 788 2888 837 καὶ
2928 787 3026 853 τῆς
3076 785 3343 854 Χρυσίας,
3405 787 3507 854 τὴν
3545 788 3720 856 αὐτὴν

2141 877 2404 944 λέγωκαὶ
2441 879 2570 947 μίαν
2605 879 2758 948 ὥραν
2788 881 2886 947 τῆς
2926 879 3140 948 ἡμέρας
3168 880 3409 947 ἐκείνης.
3450 879 3559 930 Καὶ
3605 881 3717 931 πᾶν

2141 972 2439 1039 πολεμικὸν
2468 971 2701 1039 ὄργανον
2734 972 2932 1039 ἔφερον
2964 970 3067 1022 ἀνὰ
3109 974 3321 1039 χεῖρας,
3377 973 3473 1022 καὶ
3510 970 3722 1039 ἠκούμ-

2141 1062 2316 1131 ϐησαν
2344 1065 2424 1124 είς
2449 1064 2517 1114 τὰ
2547 1061 2723 1130 τείχη,
2750 1062 2954 1129 ἔθηκαν
2998 1060 3226 1123 σκάλας,
3289 1059 3581 1111 ἁνέὁαιναν
3623 1061 3719 1120 ,είς

2138 1151 2201 1203 τὸ
2235 1153 2488 1221 κάστρον,
2519 1152 2864 1221 ἐτρυποῦσαν
2889 1152 3017 1209 τοὺς
3053 1153 3324 1218 πύγρους.
3379 1152 3487 1202 Καὶ
3541 1152 3719 1211 οὐδεὶς

2140 1243 2375 1310 εὐρέθην
2405 1247 2432 1295 ὁ
2463 1243 2764 1312 ἐμποδίσας
2796 1242 3040 1303 ἐκείνους
3073 1244 3136 1294 ἐκ
3176 1241 3271 1293 τοῦ
3325 1243 3585 1310 μεγίστου
3623 1242 3719 1307 φύε

2142 1335 2235 1386 ϐου
2256 1337 2349 1388 καὶ
2364 1335 2564 1397 δειλίας
2596 1333 2789 1396 ὁποίας
2823 1333 3015 1385 ἔλαϐον
3048 1335 3096 1385 οἱ
3150 1332 3431 1401 Ῥωμαῖοι.
3461 1334 3557 1394 Τίς
3612 1332 3721 1399 γὰρ

2137 1429 2239 1478 οὐκ
2289 1428 2555 1495 ἐτρὸμαξε
2610 1428 2711 1495 τὴν
2770 1426 2918 1495 ὥραν
2954 1426 3213 1494 ἐκείνην;
3267 1426 3349 1485 τίς
3396 1425 3495 1477 οὐκ
3527 1425 3717 1493 ἔφριξε

2137 1519 2345 1586 ταύτην
2377 1521 2479 1585 τὴν
2511 1519 2678 1583 θέανς
2709 1517 2789 1579 τίς
2822 1516 2960 1587 ἀκοὴ
2995 1518 3152 1584 φέρει
3170 1518 3229 1568 τὸ
3262 1518 3540 1583 ἄκουσμα,
3587 1518 3719 1569 ποία.

2138 1609 2261 1677 ὄψις
2293 1608 2354 1661 τὸ
2384 1609 2599 1677 θέαμας
2632 1609 2738 1659 Καὶ
2769 1608 2878 1676 γὰρ
2910 1609 2967 1659 ἐν
2992 1608 3089 1675 μιᾷ
3112 1605 3307 1674 καιροῦ
3332 1608 3471 1676 ῥοπῇ
3516 1606 3721 1674 μυριά-

2138 1702 2235 1763 δας
2261 1701 2451 1770 βελῶν,
2473 1702 2723 1753 τουτέστι
2756 1700 3046 1765 σαγίττας,
3072 1698 3363 1760 ἐτόξευσαν
3394 1697 3581 1749 ἐπάνω
3604 1697 3717 1748 τῶν

460 1783 592 1835 lutis
658 1783 1016 1835 deterrerent.
1096 1781 1319 1835 interim
1391 1796 1421 1835 e
1479 1793 1775 1850 conspectu
1843 1797 2032 1836 eorum

2156 1790 2464 1859 Ῥωμαίων,
2490 1791 2584 1842 καὶ
2608 1790 2803 1842 ἔπεσον
2837 1790 2918 1852 είς
2953 1790 3021 1841 τὰ
3050 1790 3207 1858 τείχη
3242 1789 3340 1857 τῆς
3374 1791 3586 1851 πόλεως
3615 1791 3719 1841 καὶ

460 1876 741 1942 paululum
768 1875 1149 1939 subducimur,
1188 1890 1293 1927 non
1328 1876 1487 1941 longo
1528 1883 1796 1939 tempore,
1827 1885 1880 1925 et
1911 1884 2036 1942 post

461 1968 864 2037 propttgnacnla
914 1967 1275 2033 contcgimur.
1314 1963 1385 2019 Ut
1439 1964 1630 2017 Turcre
1681 1965 1883 2018 nudum
1941 1981 2034 2034 ea:

460 2073 631 2116 strum
651 2059 962 2112 hominibus
998 2073 1353 2125 conspexere,
1387 2057 1648 2125 suspicati
1687 2072 1812 2110 esse
1843 2068 2035 2111 custo-

461 2153 622 2206 dibus
653 2152 992 2214 destitutum,
1027 2150 1230 2219 ingenti
1287 2165 1408 2202 cum
1442 2149 1671 2202 audacia
1735 2149 2033 2211 irruentes,

463 2243 514 2296 bi
551 2244 768 2310 quidch
805 2258 927 2293 cum
957 2242 1122 2292 scalis
1157 2249 1397 2292 castrum
1430 2240 1754 2301 ascendere,
1797 2237 2035 2290 aliicum

460 2336 699 2395 ancoris,
736 2348 871 2402 quas
932 2330 1103 2386 falcas
1164 2333 1423 2395 diximus,
1465 2332 1557 2385 alii
1613 2331 1778 2401 systis
1854 2338 2037 2382 turres

434 2427 762 2495 .perforare.
794 2437 848 2479 et
887 2439 1047 2478 omne
1075 2424 1248 2477 audax
1303 2439 1367 2478 ac
1421 2437 1752 2493 generosum
1813 2421 2039 2474 facinus

462 2519 612 2587 impii
639 2519 710 2571 illi
738 2519 803 2570 ad
834 2531 1092 2570 terrorem
1125 2516 1497 2569 incutietnlum
1523 2514 1748 2569 audere.
1796 2511 1918 2566 Ηωο
1950 2514 2037 2565 in-

454 2610 646 2666 felices
686 2608 918 2664 Romani
953 2608 1130 2661 intuiti
1159 2616 1213 2660 et
1246 2606 1483 2659 fortunis
1517 2607 1633 2659 suis
1660 2605 1843 2668 tliﬂisi,
1872 2604 1926 2656 itt
1978 2615 2039 2656 se

450 2705 688 2766 reversi,
722 2712 1003 2769 comperto
1034 2701 1239 2753 nullum
1272 2700 1373 2752 sibi
1410 2697 1630 2752 aliunde
1667 2696 1838 2751 aliore
1872 2696 2039 2751 auxi-

445 2797 615 2859 lium,
647 2810 820 2863 neque
869 2793 961 2860 qui
1005 2793 1259 2861 populum
1293 2793 1572 2845 trementia
1618 2792 1707 2845 illa
1776 2794 1905 2846 liora
1962 2795 2031 2846 ad

446 2904 691 2957 .pngnam
759 2885 1067 2940 Turcarum
1132 2885 1398 2937 excitaret
1467 2892 1520 2936 et
1575 2894 1947 2953 promoveret,
2005 2899 2036 2938 e

460 2982 686 3036 latebris
716 2996 773 3034 se
802 2980 1136 3039 eduxerunt,
1184 2976 1251 3029 ad
1290 2978 1458 3030 robur
1500 2985 1553 3028 et
1601 2975 1887 3029 audaciam
1912 2978 2036 3029 ani-

450 3086 697 3128 uuantcs.
733 3071 978 3141 Namque
1004 3071 1096 3135 qui
1155 3079 1314 3122 antea
1353 3076 1507 3121 erant
1542 3067 1741 3129 timidi,
1801 3049 2036 3136 fugitivi,

2137 1884 2309 1945 ἐντὸς,
2341 1882 2483 1934 ὥστε
2524 1883 2617 1935 καὶ
2647 1884 2739 1933 τὸν
2769 1882 2964 1951 αἰθέρα
3004 1881 3285 1948 ἐκάλυψαν
3331 1882 3425 1933 καὶ
3477 1880 3607 1932 αὐτὸ
3657 1881 3721 1931 τὺ

2138 1973 2254 2039 φῶς
2280 1973 2562 2038 τοῦ”ἡλίου
2589 1974 2925 2035 ἐσκέπασαν,
2953 1973 3049 2024 καὶ
3093 1973 3239 2041 ἡμᾶς
3288 1972 3495 2033 πάντας
3550 1971 3718 2038 φάεος

2136 2064 2413 2133 ἐκράτησε
2445 2064 2538 2115 καὶ
2562 2062 2737 2114 δειλία
2768 2062 3057 2131 ἐξέπληξε,
3095 2064 3191 2115 καὶ
3230 2064 3437 2129 ’μικρὸν
3476 2063 3722 2130 ἀπεκρύ-

2136 2154 2339 2223 6ημεν.
2385 2153 2525 2205 Ἀλλ’
2555 2154 2615 2204 οὐ
2657 2155 2897 2222 μακρὰν,
2950 2153 3064 2207 ἀλλ’
3091 2154 3319 2205 ὄπισθεν
3352 2155 3458 2206 τῶν
3495 2171 3717 2223 προμαλ-

2139 2245 2358 2315 χιονίων
2389 2245 2721 2314 ἐστάθημεν.
2774 2245 2863 2307 Ὠς
2909 2245 2966 2298 δὲ
3027 2248 3077 2298 οἱ
3117 2247 3350 2315 Τοῦρκοι
3402 2249 3608 2314 γυμνὸν
3659 2248 3719 2297 τὸ

2139 2340 2379 2406 κάστρον
2416 2338 2526 2389 άπὸ
2582 2336 2905 2407 ἀνθρώπους
2944 2337 3148 2399 ἰδόντες
3191 2337 3464 2389 ὑπέλαϐον
3512 2338 3723 2404 ἀφυλά-

2139 2446 2283 2490 κτως
2306 2425 2465 2496 εἶναι,
2501 2430 2595 2481 καὶ
2630 2430 2773 2497 μετά
2795 2430 3033 2498 θράσους
3064 2431 3330 2498 μεγίστου
3390 2430 3512 2481 καθ’
3560 2433 3721 2498 ἡμῶν

2138 2521 2723 2583 εἰσϐάλλουσιπάντες.
2760 2523 2866 2573 Καὶ
2907 2523 2955 2572 οἰ
3020 2522 3120 2590 μὲν
3166 2523 3306 2590 μετά
3358 2521 3575 2574 σκαλῶν
3622 2524 3719 2573 ἀν-

2138 2613 2357 2666 έϐαινον
2386 2616 2467 2673 είς
2499 2615 2561 2666 τὸ
2593 2615 2853 2683 κάστρον,
2892 2617 2940 2665 οἱ
2972 2614 3027 2665 δὲ
3064 2615 3156 2666 καὶ
3186 2615 3253 2682 μὲ
3310 2616 3407 2677 τὰς
3463 2615 3721 2684 άγγὺρας

2140 2708 2359 2770 καὶτὰς
2404 2707 2620 2775 φάλκας
2652 2708 2890 2769 ἐκείνας.
2926 2707 3111 2759 Ἀλλοι
3149 2706 3206 2759 δὲ
3253 2707 3596 2777 ἐτρυποῖηαν
3651 2712 3719 2778 μὲ

2140 2801 2341 2862 συστὰς
2363 2802 2490 2861 τοὺς
2522 2799 2789 2868 πύγρους,
2823 2798 2975 2852 ἄλλοι
3012 2799 3343 2868 ἐχαλούσανε
3371 2800 3437 2867 μὲ
3486 2800 3719 2863 τζόκόυς

2139 2892 2199 2942 τὸ
2230 2891 2487 2960 κάστρον,
2519 2891 2671 2944 ἄλλοι
2707 2890 2923 2959 ἐκαψαν
2950 2892 3050 2954 τὰς
3086 2892 3296 2961 πόρτας
3322 2891 3416 2944 τοῦ
3451 2893 3556 2959 ἐξω
3616 2874 3719 2946 κά·-

2144 2996 2329 3049 στρου,
2360 2983 2456 3035 καὶ
2495 2982 2607 3033 πᾶν
2631 2981 2904 3051 τολμηρὸν
2964 2982 3059 3035 καὶ
3113 2982 3363 3052 ἀνδρεῖον
3400 2985 3450 3035 οἱ
3502 2984 3720 3044 ἀσεϐεῖς

2143 3071 2424 3123 ἐποιοῦντο
2476 3073 2613 3140 πρὸς
2656 3070 3001 3140 κατάπληξιν
3035 3072 3135 3140 τὴν
3180 3073 3481 3140 ἡμετέραν.
3533 3072 3720 3125 Ταῦτα

452 3169 701 3222 rltostium
733 3164 1110 3217 invasionibns
1146 3162 1393 3224 obnoxii,
1439 3170 1661 3228 repente
1716 3160 1952 3213 audaces
1984 3169 2038 3214 et

2142 3163 2381 3232 ὁρῶντες
2429 3166 2478 3215 ol
2511 3134 2799 3232 δυστυχεῖς
2842 3134 2938 3216 καὶ
2983 3134 3389 3231 ἀπελπισμένοι
3456 3163 3720 3233 Ῥωμαῖμι

466 3256 715 3325 generosi
799 3264 855 3309 et
938 3253 1147 3307 robusti
1210 3253 1529 3313 bellatores,
1589 3260 1641 3303 et
1670 3251 1947 3320 plagarum
1986 3260 2041 3305 et

454 3349 882 3402 ainbOnestorum
954 3345 1238 3396 vulnerum
1296 3351 1349 3395 et
1409 3341 1603 3394 mortis
1662 3355 1823 3394 omne
1867 3357 2039 3410 genus

458 3446 875 3505 contemptores
920 3434 1050 3488 facti
1083 3445 1211 3489 sunt
1242 3453 1254 3499 ;
1287 3442 1341 3487 et
1371 3432 1748 3487 sanctissimae
1800 3429 2040 3501 Virginis

461 3548 567 3600 cpe
614 3530 850 3584 audaces
877 3528 1075 3596 impios
1102 3526 1395 3579 deuudatis
1420 3524 1644 3577 ensibus
1668 3523 1925 3594 saxisque
1953 3524 2039 3576 in-

465 3624 693 3679 vadunt.
723 3622 787 3674 Et
823 3622 989 3675 veluti
1024 3624 1175 3673 fumo
1197 3618 1545 3673 examinibus
1565 3616 1870 3684 dissipatis,
1898 3632 2039 3669 unus

470 3726 592 3788 post
633 3716 796 3769 alium
824 3715 1159 3777 concitatur,
1192 3722 1247 3765 et
1285 3711 1645 3764 sexusomnis
1664 3710 1949 3775 consurgit
1988 3718 2042 3762 et

468 3820 626 3871 tetas,
654 3808 867 3876 singuli
903 3823 1027 3860 cum
1068 3808 1236 3858 armis
1268 3806 1470 3871 quibus
1497 3811 1770 3870 poterant,
1813 3801 1901 3853 alii
1922 3803 2042 3854 sine

469 3903 658 3966 armis,
683 3900 772 3954 alii
798 3916 920 3953 curn
948 3899 1172 3951 ensibus
1194 3905 1244 3949 et
1268 3895 1595 3955 Itastis.Alii,
1620 3894 1817 3961 quibus
1840 3892 2041 3947 similia

469 3997 523 4049 in
553 4005 803 4063 promptu
831 4007 937 4044 non
974 3999 1153 4052 erant,
1178 3988 1378 4041 tabulis
1410 3991 1462 4039 in
1497 3986 1698 4055 quibus
1724 3986 1906 4038 cibum
1947 4000 2043 4037 su-

470 4087 710 4148 mebant,
747 4096 796 4138 et
847 4083 973 4138 dolii
1034 4082 1308 4151 tympanis
1365 4080 1588 4133 funibus
1647 4079 1883 4150 alligatis
1948 4093 2045 4148 pro

469 4179 642 4235 scutis
683 4176 999 4231 utebantur.
1037 4173 1270 4238 Quidam
1311 4173 1429 4227 sine
1462 4174 1546 4226 bis
1580 4172 1635 4226 in
1672 4172 1874 4224 bellum
1920 4186 2045 4239 pro-

468 4286 712 4332 cessere,
748 4280 802 4322 et
836 4268 1109 4337 lapidibus
1144 4266 1489 4319 solummodo
1509 4265 1773 4317 audacter
1804 4279 1868 4316 ac
1908 4262 2044 4315 viri-

469 4362 617 4421 liter,
675 4373 832 4425 :eque
876 4372 938 4409 ac
986 4357 1031 4408 si
1085 4365 1359 4408 armatura
1419 4355 1568 4407 varia
1599 4365 1781 4407 essent
1823 4352 2043 4418 muniti,

2142 3256 2221 3315 ei;
2252 3256 2479 3314 ἑαυτοὺς
2526 3255 2851 3322 ἐπανῆλθον,
2908 3255 3007 3307 καὶ
3056 3255 3561 3325 περιεργασθέντες
3602 3255 3721 3316 πῶς

2144 3348 2331 3411 πόθεν,
2363 3348 2664 3416 ἀλλαχόθεν
2693 3351 2886 3417 χεῖραν
2917 3348 3019 3399 οὐκ
3051 3348 3270 3417 ἔχοντες
3299 3347 3553 3416 βοηθείας
3597 3344 3721 3398 οὔτε

2142 3443 2265 3493 τινά
2312 3440 2451 3509 πρὸς
2512 3441 2572 3491 τὸ
2598 3441 2866 3511 διεγεῖραι
2924 3441 3021 3493 καὶ
3064 3438 3405 3510 παροτρῦναι
3442 3438 3533 3490 τὸν
3590 3437 3722 3491 λαὸν

2094 3552 2099 3556 ν
2144 3531 2281 3599 πρὸς
2339 3531 2447 3581 τῶν
2482 3529 2744 3598 Τούρκων
2795 3528 2896 3598 τὴν
2942 3530 3129 3598 μάχην
3187 3529 3287 3598 τὴν
3350 3530 3717 3595 φρικτοτάτην

2142 3622 2291 3691 ὥραν
2326 3622 2567 3689 ἐκείνην.
2610 3624 2720 3675 Καὶ
2760 3622 3143 3688 ἐξενεγκόντες
3170 3620 3320 3673 οὗτοι
3350 3622 3582 3682 ἑαυτοὺς
3610 3620 3720 3671 διε-

2144 3717 2576 3785 γείρονταιπρὲς
2617 3717 2870 3784 ἀνδρείαν
2904 3716 3000 3769 καὶ
3052 3716 3283 3786 τόλμην.
3345 3714 3455 3768 Καὶ
3503 3715 3613 3783 γὰρ
3665 3715 3716 3765 oi

2144 3809 2309 3861 aulai
2344 3809 2403 3860 τὸ
2427 3810 2692 3877 πρότερον
2722 3812 2815 3860 καὶ
2859 3809 3022 3874 φυγοὶ
3050 3810 3146 3860 καὶ
3202 3806 3718 3877 κατατρυπούμενοι

2144 3902 2298 3969 ἄφνω
2328 3899 2593 3970 τολμηροὶ
2614 3892 2922 3969 εὑρέθησαν
2956 3900 3050 3951 καὶ
3096 3901 3336 3967 γενναῖοι
3391 3897 3720 3963 πολεμισταὶ

2146 3993 2240 4044 καὶ
2288 3991 2524 4060 ἀνδρεῖοι
2560 3991 2659 4043 καὶ
2708 3989 3113 4059 περιφρονηταὶ
3167 3988 3275 4040 τῶν
3346 3987 3574 4056 πληγῶν
3624 3988 3721 4040 κ).

2145 4081 2334 4134 δεινῶν
2352 4079 2695 4149 λαόωμάτων
2731 4079 2825 4130 καὶ
2863 4078 2974 4130 τῶν
2999 4077 3273 4130 παντοίων
3306 4075 3577 4128 θανάτων.
3610 4075 3719 4126 Kal.

2145 4174 2242 4240 τῆς
2272 4172 2544 4239 παναγίας
2575 4174 2641 4240 τῇ
2687 4172 2915 4242 βοηθείᾳ
2940 4175 3003 4241 τῇ
3030 4172 3205 4241 τόλμῃ
3268 4169 3575 4240 ρωσθέντες
3630 4170 3719 4236 op-

2150 4263 2292 4332 μῶσι
2314 4264 2568 4330 ξιφήρεις
2600 4263 2743 4313 κατὰ
2763 4262 2872 4314 τῶν
2897 4262 3111 4315 ἀσεὸὦν
3152 4265 3246 4313 καὶ
3276 4260 3343 4328 μὲ
3380 4258 3585 4321 λίθους,
3621 4259 3717 4309 καὶ

2148 4353 2224 4414 ὼς
2256 4351 2464 4404 καπνοῦ
2498 4353 2823 4420 κινήσαντες
2854 4350 3062 4420 σμῆνος
3097 4351 3258 4412 ἄλλος
3292 4349 3383 4401 ὑπ’
3408 4349 3556 4418 ἄλλῳ
3609 4349 3718 4401 διε-

471 4467 596 4506 cum
633 4450 882 4503 hostibus
914 4448 1221 4500 certabant.
1242 4446 1333 4498 Sic
1361 4460 1503 4497 unus
1533 4460 1656 4497 cum
1694 4445 1802 4497 alio
1828 4453 1881 4496 et
1905 4446 2040 4497 inter

2150 4443 2421 4513 γείρεται,
2457 4442 2551 4495 καὶ
2593 4444 2877 4496 ἀνίσταται
2897 4443 3052 4510 γένος
3084 4442 3231 4495 ἅπαν
3258 4442 3353 4494 καὶ
3386 4440 3571 4510 ἡλικία
3610 4441 3719 4491 πᾶ·

470 4559 530 4596 se
558 4540 757 4611 singuli
814 4540 1063 4593 animose
1126 4537 1552 4599 contendebant,
1584 4544 1639 4588 et
1678 4535 1746 4589 ad
1806 4549 2041 4602 pugnam

470 4634 1014 4691 vehementissimam
1072 4630 1456 4684 hortabantur.
1495 4648 1513 4680 ι
1556 4629 1714 4698 Agite
1761 4642 1793 4681 ο
1825 4628 1988 4680 amici
2024 4628 2038 4681 Ξ

470 4744 505 4783 o
530 4727 726 4781 fratres
768 4726 780 4779 Ξ
820 4739 853 4778 o
907 4723 1056 4777 cives
1094 4723 1105 4775 !
1168 4731 1439 4776 certemus
1474 4720 1656 4774 bodie.
1693 4718 2043 4774 Vindicetnus

476 4822 634 4875 nobis
684 4820 837 4887 ipsis.
913 4814 1198 4876 uxoribus,
1228 4814 1354 4867 filiis
1427 4811 1709 4881 sanguinis
1762 4812 1958 4881 patriae
1984 4820 2041 4865 et

479 4928 692 4980 magna:
740 4910 967 4978 hujusce
1008 4909 1181 4969 urbis,
1219 4916 1275 4959 et
1330 4905 1477 4974 quod
1530 4904 1703 4972 magis
1756 4914 1863 4967 est,
1902 4918 2047 4957 vera:

378 5045 394 5051 μ
472 5003 910 5059 Christianorum
947 4999 1065 5053 fidei
1104 4997 1429 5052 libertatem.
1472 4993 1695 5049 Nosluet
1728 5010 1826 5064 pro
1888 4994 2046 5049 nobis

474 5095 607 5164 ipsis
635 5092 690 5146 in
726 5090 1028 5162 periculum
1060 5088 1421 5142 adducamus.
1447 5087 1527 5139 An
1555 5085 1601 5140 si
1636 5100 1784 5139 nunc
1805 5092 2041 5137 mortem

473 5201 582 5239 non
613 5184 851 5244 obituus,
883 5182 992 5234 vita
1024 5179 1076 5234 in
1106 5188 1383 5247 posterum
1418 5191 1523 5231 non
1555 5176 1771 5230 deticiet
1798 5175 1820 5227 ἲ
1848 5173 2043 5228 Facia-

475 5291 600 5331 mus
626 5284 684 5329 ut
715 5274 830 5327 brec
858 5272 1158 5327 necessitas
1217 5268 1441 5323 honoris
1491 5266 1733 5321 studium
1760 5266 2046 5319 videatur:

476 5381 766 5423 curramus
833 5367 885 5418 in
975 5364 1102 5419 belli
1195 5361 1512 5422 discrimen,
1587 5358 2046 5427 quemadmodum

475 5468 744 5530 martyres
762 5460 827 5512 ad
857 5467 1213 5527 tyrannorum
1246 5453 1419 5510 stadia
1443 5452 1826 5506 convolarunt.
1864 5468 1883 5501 ι
1924 5449 2051 5504 Haec

477 5550 710 5603 diemdu
738 5550 879 5603 alius
911 5550 1079 5602 alium
1123 5546 1427 5609 adhortari,
1472 5543 1808 5598 contendere
1835 5558 2047 5610 omnes,

476 5639 778 5702 decertare,
799 5640 1256 5707 quemadmodum
1275 5636 1573 5692 exsaturati
1595 5642 1649 5707 et
1668 5635 1795 5687 vino
1824 5634 2045 5697 madidi,

475 5739 530 5784 et
558 5745 627 5784 ex
677 5732 982 5800 composito
1024 5728 1189 5786 simul
1242 5728 1311 5784 ab
1344 5741 1454 5783 uno
1512 5735 1761 5780 extremo
1808 5724 2045 5780 civitatis

2152 4551 2240 4597 σα,
2271 4534 2364 4585 καὶ
2396 4534 2627 4594 ἕκαστος
2658 4533 2779 4602 μεθ’
2797 4529 2872 4586 ὧν
2909 4532 3145 4602 ἠδύνατο
3166 4533 3371 4596 ὅπλων,
3428 4532 3607 4602 ἕτεροι
3663 4533 3718 4585 δὲ

2148 4627 2243 4679 καὶ
2274 4628 2404 4680 ἄνευ
2440 4626 2550 4678 τῶν
2579 4626 2783 4690 ὃπλων,
2818 4626 2974 4679 ἄλλοι
3009 4625 3148 4694 μετὰ
3179 4625 3350 4692 ξιφῶν
3379 4641 3438 4676 τε
3470 4626 3562 4676 καὶ
3594 4641 3723 4677 κον-

2145 4720 2371 4789 ταρίων.
2401 4718 2625 4788 Ἐτεροι
2650 4719 2707 4770 δὲ
2728 4719 2849 4771 οὐδὲ
2881 4719 2938 4784 ἐξ
2971 4719 3153 4771 αὐτῶν
3185 4717 3552 4787 εὐποροῦσαν,
3584 4718 3724 4770 ἀλλὰ

2146 4814 2244 4875 τὰς
2267 4812 2473 4875 ταύλας
2519 4811 2655 4866 ὀποῦ
2710 4811 2961 4881 ἐτρώγαν
3018 4811 3112 4865 καὶ
3153 4812 3221 4865 τὰ
3279 4810 3566 4877 τυμπάνια
3611 4812 3722 4863 τῶν

2149 4904 2414 4973 βουτςίων
2480 4905 2678 4973 ἔδησαν
2712 4904 2779 4973 μὲ
2835 4903 3067 4972 σχοινία,
3116 4903 3212 4955 καὶ
3263 4903 3568 4966 ἐϐάσταζαν
3600 4904 3724 4956 ἀντὶ

2150 4993 2509 5063 σκουταρίων.
2534 4995 2691 5057 Τινὲς
2711 4995 2767 5047 δὲ
2801 4995 2922 5046 οὐδὲ
2959 4998 3085 5063 μετ’
3112 4996 3291 5048 αὐτῶν
3318 5000 3400 5058 είς
3428 4997 3521 5049 τὸν
3560 4996 3724 5049 πόλε-

2152 5102 2251 5155 μον
2281 5082 2467 5156 ἦλθον,
2500 5086 2641 5139 ἀλλὰ
2667 5086 2736 5156 μὲ
2776 5086 2961 5150 λίθους
2986 5089 3081 5140 καὶ
3104 5087 3263 5156 μόνον
3302 5088 3575 5157 ἐμάχοντο
3598 5091 3715 5139 τολ-

2154 5177 2343 5246 μηρῶς
2373 5178 2470 5229 καλ⁵
2496 5178 2781 5245 ἀνδρείως,
2818 5178 2894 5240 ὡς
2950 5180 3333 5246 κατάφρακτοι
3399 5179 3535 5248 μετὰ
3596 5195 3726 5230 πανο

2148 5272 2310 5323 τοίων
2339 5271 2448 5322 τῶν
2476 5270 2680 5324 δπλων.
2716 5271 2824 5322 Καὶ
2858 5272 3045 5340 ἕτερος
3066 5273 3275 5341 ἕτερον,
3312 5272 3407 5324 καὶ
3434 5270 3596 5333 ἄλλος
3624 5272 3724 5326 άλι-

2149 5362 2261 5427 λον,
2300 5362 2395 5415 καὶ
2426 5363 2562 5432 πρὸς
2593 5363 2838 5432 ἀλλήλων
2863 5364 3116 5433 ἀλλήλοις
3147 5366 3406 5435 ἀνδρείως
3459 5366 3555 5416 καὶ
3589 5364 3727 5434 θαρ-

2153 5452 2360 5513 σαλέως
2412 5453 2770 5522 ἠγωνίζοντο,
2820 5457 2915 5508 καὶ
2966 5457 3411 5525 ἐπαροτρύναντο
3441 5457 3581 5525 πρὸς
3628 5466 3726 5521 την

2153 5543 2529 5613 σφοδροτάτην
2563 5546 2741 5615 μάχην
2768 5548 3005 5617 ἐκείνην,
3039 5548 3213 5615 λέγων
3282 5566 3300 5599 ι
3332 5546 3440 5599 Ναὶ
3470 5541 3516 5599 ὢ
3538 5546 3680 5613 φίλοι
3708 5549 3721 5599 l

2152 5628 2198 5687 ὦ
2231 5636 2448 5703 ἀδελφοί
2482 5639 2495 5690 ι
2524 5630 2571 5693 ὦ
2594 5639 3041 5709 συμπατριῶται,
3093 5639 3498 5707 ἀγωνισώμεθα
3552 5639 3725 5705 σήμε-

2154 5745 2272 5800 ρον,
2307 5728 2720 5801 σπουδάσωμεν,
2752 5732 3302 5803 προκινδυνιὺεωμεν
3323 5732 3555 5794 ἑαυτοὺς
3584 5730 3722 5799 ὑπὲρ
