4014 6214
449 321 518 387 79
1480 321 1531 384 J.
1569 317 1851 380 CANANI
1882 314 1985 378 DE
2024 312 2239 376 CPOLI
2276 312 2750 377 OPPUGNATA.

3644 304 3720 369 δι)

456 454 522 509 pe
559 445 801 497 castrum
843 445 1018 504 erant,
1066 436 1211 505 ipsos
1232 434 1436 491 Graecis
1456 435 1764 504 reliquisse,
1792 435 2032 504 quaalon-

2145 435 2212 485 τά
2249 432 2523 500 πολεμικά
2561 431 2655 484 καὶ
2678 430 2891 497 μάχιμα
2932 424 3140 479 τούτων
3166 424 3305 477 ὅπλα
3331 424 3397 476 τὰ
3432 424 3529 493 μὲν
3578 425 3709 493 πλη.

455 531 576 600 gius
589 532 835 593 aberant,
862 528 1250 584 inﬂammasse.
1272 526 1336 581 Et
1352 540 1483 580 sane
1504 526 1608 579 hoc
1635 526 1934 594 prodigium
1956 524 2037 576 vi-

457 637 579 675 sum
597 628 681 675 est
699 629 754 674 et
780 619 1103 673 inusitatum
1124 617 1356 673 facinus.
1380 616 1625 682 Quanam
1643 617 1787 669 enim
1806 616 2036 681 ratione,

400 768 423 788 .
460 711 556 781 qui
573 720 728 764 antea
748 710 983 778 superbe
1002 724 1059 763 se
1075 708 1794 776 efferebantjactabantque,
1818 717 2041 775 repente

455 802 634 856 mmsti
680 813 845 871 atque
873 801 1092 855 inutiles
1122 800 1316 855 redditi
1340 800 1507 854 sunt?
1541 798 1606 851 Et
1634 800 1908 867 quomodo
1943 801 2037 867 qui

456 902 616 948 antea
648 895 890 962 impense
919 908 1042 947 cum
1064 893 1267 947 Grazcis
1303 892 1499 946 bellum
1537 891 1854 960 cupiebant,
1880 891 2030 943 inex-

453 993 691 1054 spectata
710 986 835 1055 fuga
860 1000 918 1039 se
937 984 1005 1038 ab
1026 984 1131 1039 illis
1148 982 1562 1037 subduxerunt?
1581 982 1874 1036 Enimvero
1898 997 2035 1050 opus

456 1077 562 1131 hoc
593 1077 775 1131 divina
806 1079 1013 1130 virtute
1066 1090 1237 1145 eaque
1269 1074 1531 1129 invisibili
1556 1088 1877 1130 concessum
1927 1082 2031 1127 est.

452 1169 522 1222 Et
563 1168 734 1223 Graeci
768 1168 820 1223 id
849 1167 1030 1222 intuiti
1097 1168 1297 1221 mirum
1348 1167 1825 1236 obstupescebant,
1880 1174 1933 1219 et
1963 1169 2033 1223 ob

451 1256 693 1312 hostium
722 1258 904 1328 fugam
957 1258 1283 1313 exsiliebant
1322 1256 1543 1327 gaudio,
1588 1256 1643 1311 in
1678 1258 2035 1327 lmtitiamque

451 1346 609 1402 ρειιεί
644 1349 934 1403 dicebant:
979 1366 999 1400 ι
1045 1347 1089 1403 Ο
1121 1364 1352 1404 suavem
1386 1352 1530 1406 hanc
1556 1350 1697 1402 diem
1731 1359 1784 1404 et
1810 1352 2028 1403 horam!

453 1447 487 1487 ο
530 1434 952 1490 admirandam!
1003 1451 1036 1491 ο
1080 1438 1413 1507 insperatam
1460 1440 1944 1495 immutationem!
1999 1452 2032 1492 0

456 1524 890 1593 inexspectatam
951 1528 1193 1583 laetitiam
1222 1529 1235 1581 l
1272 1545 1303 1582 o
1336 1532 1675 1587 claritatem!
1709 1546 1741 1585 o
1786 1530 2033 1598 volupta-

453 1621 586 1677 tem,
618 1632 740 1684 quas
765 1618 943 1673 verbis
964 1620 1197 1688 exprimi
1226 1624 1436 1689 nequit,
1461 1640 1566 1693 qua
1594 1624 1860 1694 quidquid
1880 1625 2030 1676 dixe-

450 1706 527 1760 ris
559 1708 741 1762 minus
791 1712 933 1765 erit!
968 1730 987 1764 ι
1032 1713 1130 1768 His
1158 1716 1389 1772 vocibus
1422 1718 1497 1771 illi
1555 1718 1739 1772 multis
1762 1718 2029 1772 certami-

451 1796 614 1853 nibus
676 1802 919 1857 celebres
974 1806 1204 1861 Romani
1263 1809 1427 1863 simul
1480 1811 1650 1863 laetari
1682 1850 1698 1873 ,
1756 1811 2031 1879 prosilire,

454 1885 661 1941 alacres
691 1891 899 1958 palmas
930 1894 1167 1959 pulsare,
1194 1906 1247 1948 et
1269 1898 1471 1952 diserte
1502 1900 1609 1953 Deo
1626 1902 1827 1968 gratias
1852 1915 2030 1968 agere.

453 1976 708 2033 laudibus
756 1982 1159 2037 sanctissimam
1198 1984 1470 2056 Virginem
1538 1990 1820 2054 extollere,
1855 1998 1909 2043 et
1967 2011 2033 2048 ex

453 2068 636 2122 animo
663 2070 1028 2139 gloriﬁcantes
1054 2074 1267 2130 dicere:
1307 2096 1323 2128 ι
1357 2078 1469 2133 Hoc
1500 2080 1713 2150 hymnis
1736 2083 2024 2140 abundans

459 2161 984 2230 nominatissimum,
1033 2176 1420 2234 memoratum,
1474 2171 1771 2240 egregium,
1807 2172 2033 2228 inusita-

453 2259 590 2313 tum,
657 2254 1035 2313 admirandum
1095 2257 1420 2313 miraculum
1475 2276 1601 2317 vere
1655 2270 1709 2317 et
1750 2264 1869 2320 sine
1921 2266 2029 2319 ulla

450 2339 790 2396 dubitatione
818 2347 1179 2402 sanctissima;
1209 2347 1446 2420 Virginis
1474 2361 1579 2408 est.
1612 2372 1630 2403 ι
1666 2354 1729 2408 Et
1782 2356 2024 2410 testimo-

453 2429 542 2482 nia
576 2433 732 2487 nobis
765 2434 832 2488 de
858 2436 963 2489 hoc
988 2445 1281 2507 suppetunt
1315 2442 1533 2494 testium
1582 2443 1731 2496 omni
1760 2447 2033 2513 exceptio-

447 2535 544 2586 ne,
593 2531 651 2575 ut
690 2524 793 2592 piae
826 2527 971 2596 leges
1005 2530 1383 2595 prmscribunt,
1418 2533 1688 2602 majorum
1731 2553 1744 2587 :
1781 2539 2029 2591 testimo-

452 2615 543 2667 nia
569 2615 714 2670 enim
745 2634 865 2687 qua:
898 2621 1169 2676 habentur
1214 2622 1282 2678 ab
1313 2623 1589 2693 hostibus,
1643 2628 1749 2683 ﬁde
1783 2629 2032 2699 digniora

447 2715 603 2763 sunt.
632 2709 770 2766 Cum
800 2727 929 2767 vero
960 2714 1142 2770 hostes
1197 2725 1361 2785 atque
1395 2720 1693 2776 adversarii
1726 2726 1901 2779 nostri
1931 2726 2033 2779 hoc

456 2800 770 2857 testimonio
804 2820 907 2860 suo
952 2809 1440 2876 constabiliverint,
1476 2814 1645 2868 multo
1688 2817 2032 2873 verissimum

453 2900 536 2947 cst
567 2894 672 2950 hoc
695 2899 1058 2955 sanctissimae
1110 2901 1346 2973 Virginis
1397 2906 1744 2963 miraculum.
1778 2910 2032 2981 Namque

2146 522 2261 574 σίον
2291 523 2384 575 τοῦ
2411 523 2649 592 κάστρου
2676 522 2787 582 τοῖς
2824 518 3119 587 Ῥωμαίοις
3176 519 3403 579 ἄκοντες
3458 517 3710 571 καταλεέο

2143 615 2365 684 ψαντες,
2396 616 2463 667 τά
2500 615 2558 668 δὲ
2584 614 2901 684 μακρότερα
2928 610 3179 680 εὑρόντες
3228 609 3307 677 τῷ
3359 610 3494 680 πυρὶ
3546 612 3709 683 παρέ-

2143 708 2339 761 δωκαν.
2375 707 2481 758 Καὶ
2523 708 2690 774 τέρας
2724 704 2877 769 ἔδοξε
2904 703 3065 754 τοῦτο
3095 702 3187 754 καὶ
3228 700 3470 765 ἐξαίσιον
3528 701 3713 770 ἔργον,

2143 798 2261 860 πῶς
2306 799 2355 850 οί
2418 796 2722 867 ἐπηρμένοι
2771 796 2866 848 καὶ
2924 794 3291 863 γαυριωμένοι
3325 793 3386 845 τὸ
3444 795 3714 863 πρότερον

2143 890 2297 957 ἄφνω
2329 892 2595 958 κατηφεῖς
2622 887 2927 956 εὑρέθησαν
2958 886 3051 938 καὶ
3078 886 3308 955 ἀχρεῖοι,
3357 887 3455 937 καὶ
3498 886 3615 947 πῶς
3663 886 3714 939 οἳ

2140 983 2407 1052 πρότερον
2458 980 2768 1044 ἐπεθύμουν
2807 978 2899 1030 τὸν
2941 978 3178 1045 πόλεμον
3240 979 3347 1031 τῶν
3392 978 3704 1046 Ῥωμαίων,

2139 1073 2723 1144 ἀπαραπροσδοκήτως
2752 1072 2813 1124 τὸ
2849 1070 3040 1123 λοιπὸν
3067 1071 3270 1137 ἔφυγον
3320 1071 3428 1122 ἀπὸ
3480 1071 3709 1125 τούτων.

2138 1167 2249 1218 Καὶ
2275 1165 2383 1235 γὰρ
2422 1164 2637 1231 ἀληθῶς
2671 1164 2831 1216 τοῦτο
2858 1163 3024 1232 ἔργον
3058 1164 3307 1233 ἀοράτως
3361 1165 3619 1235 ἐπέμφθη
3648 1168 3712 1218 ὲκ

2136 1258 2421 1320 δυνάμεως
2452 1256 2623 1318 θείας.
2660 1256 2770 1308 Καὶ
2800 1255 2849 1308 οἱ
2889 1254 3159 1327 Ῥωμαῖοι
3192 1255 3351 1308 τοῦτο
3385 1257 3584 1319 ἰδόντες
3604 1257 3715 1309 διε-

2138 1349 2441 1418 πλήττοντο
2467 1349 2565 1417 μὲν
2609 1350 2671 1400 τὸ
2706 1347 2911 1415 θαῦμα,
2946 1347 3166 1417 ἔχαιρον
3193 1348 3247 1401 δὲ
3275 1349 3375 1415 τὴν
3406 1350 3600 1418 ’φυγήν
3648 1367 3712 1402 τε

2134 1439 2242 1492 τῶν
2273 1439 2555 1508 πολεμίων
2589 1439 2837 1501 ἐκείνων,
2874 1438 2970 1491 καὶ
3028 1439 3311 1509 χαίροντες
3369 1440 3553 1508 ἔλεγον
3582 1456 3596 1469 ·
3646 1442 3713 1494 Ὢ

2134 1533 2451 1601 γλυκύτητα
2479 1532 2692 1601 ἡμέρας
2716 1531 2921 1599 ταύτης
2946 1532 3041 1584 καὶ
3069 1531 3241 1601 ὥρας,
3287 1530 3332 1584 ὣ
3364 1516 3712 1602 μεταλλαγῆς

2136 1624 2445 1695 Θαυμασίοις
2474 1626 2567 1676 καὶ
2616 1621 2925 1691 ὲναλλαγῆς
2991 1622 3337 1688 ἀνελπίστου,
3390 1624 3437 1675 ὣ
3490 1624 3710 1693 ἀπαρα-

2136 1716 2509 1786 προσδοκήτου
2542 1714 2864 1784 ἐλευθερίας
2900 1714 2990 1766 καὶ
3030 1715 3396 1785 εὐφροσύνης,
3454 1713 3500 1767 ῶ
3547 1716 3711 1768 εὐθυο

2142 1809 2270 1877 μίας
2299 1805 2666 1876 ἀνεκλαλήτου
2714 1806 2807 1858 καὶ
2836 1805 3029 1874 ἡδονῆς
3070 1806 3492 1873 ἁνεκφράστουὶ
3534 1824 3555 1857 η»
3597 1806 3711 1861 Καὶ

2137 1899 2245 1966 γάρ
2296 1899 2465 1950 ταῦτα
2526 1896 2636 1947 τῶν
2694 1896 3014 1949 πολυάθλων
3084 1896 3370 1964 Ῥωμαίων
3437 1897 3712 1964 λεγόντων

2135 1986 2353 2056 ἔχαιρον
2380 1987 2495 2056 ἅμα
2526 1988 2620 2040 καὶ
2658 1988 2991 2054 σκιρτῶντες
3033 1988 3328 2056 εὐθύμουν,
3390 1989 3488 2051 τὰς
3534 1990 3709 2043 παλά-

2139 2095 2245 2147 μας
2282 2078 2557 2149 ἐκρότουν,
2592 2079 2685 2131 καὶ
2716 2078 2931 2147 τρανῶς
2985 2079 3079 2131 τὸν
3136 2080 3272 2132 Θεὸν
3321 2081 3706 2151 εὐχαρίστουν,

2136 2172 2230 2223 καὶ
2262 2170 2359 2240 τὴν
2388 2172 2661 2238 παναγίαν
2687 2170 3008 2237 ἀνέπεμπον
3034 2167 3261 2240 ὕμνους,
3294 2174 3389 2225 καὶ
3431 2174 3495 2225 ὲκ
3528 2172 3709 2242 ψυχῆς

2134 2260 2449 2328 δοξάζοντες
2499 2262 2690 2329 ἔλεγον
2726 2278 2741 2293 ·
2804 2281 2828 2313 ’1
2860 2262 3031 2315 Τοῦτο
3084 2262 3145 2315 τὸ
3184 2264 3565 2334 πολυύμνητον
3612 2264 3710 2317 καὶ

2136 2352 2577 2422 πολυθρύλλητον
2601 2354 2695 2404 καὶ
2728 2350 2967 2418 ἐξαίσιον
2992 2353 3085 2406 καὶ
3125 2353 3405 2422 ἐξαίρετον
3444 2354 3539 2407 καὶ
3575 2353 3710 2406 θαυο

2137 2444 2333 2513 μάσιον
2365 2424 2459 2495 παὶ
2486 2441 2764 2510 θαύματος
2827 2440 2978 2503 ἀξιον
3038 2441 3225 2510 θαῦμα
3280 2443 3380 2511 τῆς
3428 2442 3710 2509 Παναγίας

2134 2535 2347 2603 ἀληθῶς
2405 2534 2500 2586 καὶ
2568 2532 2955 2602 ἀναμφιϐόλως
3017 2534 3287 2603 ὑπῆρχεν,
3341 2533 3416 2596 ὠς
3460 2534 3554 2585 καλ⁸
3609 2533 3711 2597 τὰς

2139 2625 2447 2696 μαρτυρίας
2475 2625 2671 2694 ἔχομεν
2705 2624 2860 2695 παρά
2916 2625 3210 2695 μαρτύρων
3250 2626 3710 2697 ἀπαραγράπτων

2136 2720 2277 2773 κατά
2305 2721 2431 2782 τοὺς
2464 2719 2805 2787 φιλευσεϐείς
2836 2721 3056 2787 νόμους.
3121 2721 3582 2790 Φάσκοντεςκγάρ
3647 2720 3707 2774 ai

2137 2810 2286 2879 παρά
2309 2811 2417 2864 τῶν
2446 2811 2659 2881 ἐχθρῶν
2690 2810 2989 2882 μαρτυρίαι
3037 2810 3477 2882 ἀξιοπιστότεραί
3542 2814 3707 2866 εἰσιν.

2149 2900 2369 2971 Ἐπειδὴ
2397 2901 2450 2953 δὲ
2473 2902 2522 2952 οί
2559 2901 2745 2971 ἐχθροὶ
2793 2905 2888 2954 καὶ
2937 2902 3186 2971 πολέμιοι
3243 2903 3403 2971 ήμῶν
3464 2904 3707 2956 δέδωκαν

453 2984 706 3042 Mersaita
721 2996 775 3043 et
790 2991 1097 3059 patriarcha
1114 2993 1190 3063 (l)
1211 2995 1509 3051 Turcarum
1532 2999 2032 3073 aliirmabatpropo-

2142 2982 2450 3062 μαρτυρίαν
2511 2993 2793 3062 τοιαύτην,
2843 2994 2984 3046 πάνυ
3014 2995 3162 3049 ἐστὶν
3216 2994 3586 3062 ἀληθέστατον
3644 2996 3708 3047 τὸ

452 3079 610 3132 sitam
631 3088 759 3135 tunc
799 3082 906 3138 illis
926 3084 1091 3139 fuisse
1110 3087 1381 3142 civitatem
1402 3091 1465 3145 ad
1486 3097 1741 3159 pranlam,
1768 3098 2028 3163 quemad-

2138 3083 2320 3151 θαῦμα
2345 3084 2443 3151 τῆς
2474 3084 2767 3150 παναγίας.
2805 3084 3035 3153 Ἔλεγεν
3079 3084 3188 3153 γὰρ
3237 3087 3265 3137 ό
3295 3086 3643 3154 Μηρσαὴης,
3676 3086 3706 3136 ό

455 3170 675 3224 modum
709 3174 807 3226 viri
844 3175 986 3229 docti
1020 3177 1197 3232 Persa:
1222 3190 1379 3234 aatate
1400 3180 1687 3240 Mahometi
1716 3188 2028 3245 calculave-

2142 3176 2489 3245 πατριάρχης
2522 3175 2633 3228 τῶν
2688 3175 2971 3246 Τούρκων,
3001 3180 3085 3229 ὅτι
3132 3179 3164 3246 ἡ
3220 3178 3374 3238 πόλις
3421 3179 3708 3247 ὲπρῦκειτο

451 3269 600 3324 rant,
631 3263 1061 3334 invenerantquc
1101 3270 1201 3323 hoc
1228 3284 1369 3324 anno
1422 3286 1606 3327 mense
1640 3274 1858 3345 dieique
1892 3278 2029 3332 bora

2139 3270 2271 3337 παρ’
2318 3268 2475 3337 ἡμῶν
2505 3268 3042 3337 αίχμαλωτισθῆναι,
3067 3270 3143 3331 ὡς
3175 3271 3223 3321 oi.
3248 3271 3401 3338 σοφοὶ
3435 3270 3534 3336 τῆς
3568 3271 3708 3339 [lep-

453 3352 644 3406 urbem
676 3369 705 3406 a
724 3354 885 3408 nobis
903 3357 1276 3411 debellandam
1303 3374 1456 3427 esse;
1488 3371 1540 3416 et
1561 3364 1801 3419 futurum
1840 3368 1892 3421 id
1920 3381 2032 3424 erat

2142 3361 2260 3422 σίας
2330 3362 2409 3422 εἰς
2449 3360 2538 3413 τὸν
2611 3360 2803 3429 καιρὸν
2854 3359 2947 3413 τοῦ
2986 3361 3232 3430 Μωάμεθ
3278 3360 3707 3431 ἐψηφοφόρησαν

454 3446 679 3500 omnino
699 3457 971 3502 astrorum
1004 3449 1053 3502 vi
1084 3460 1137 3505 et
1167 3462 1608 3510 astronomorum
1634 3458 1904 3523 artiﬁcio;
1937 3460 2032 3515 sed

455 3534 742 3591 mulierem
776 3537 923 3591 illam
951 3539 1205 3596 violaceis
1239 3544 1481 3598 vestibus
1512 3546 1768 3599 amictam
1828 3564 1922 3614 per
1945 3564 2036 3603 ca-

454 3634 629 3682 strum
642 3628 1077 3686 obambulantem
1091 3642 1143 3687 et
1157 3648 1319 3702 super
1331 3638 1733 3705 propugnacula
1750 3640 2036 3709 intrepide,

456 3717 585 3772 dum
604 3734 781 3789 pugna
813 3722 1002 3781 initur.
1023 3725 1130 3777 vim
1151 3735 1420 3780 astrorum
1449 3727 1727 3783 obtudisse
1740 3740 1792 3785 et
1807 3733 2035 3786 astroloo

457 3823 651 3878 gorum
681 3810 943 3876 artiﬁcia;
981 3818 1235 3882 quamvis
1268 3817 1358 3869 illa
1386 3831 1492 3871 non
1523 3832 1552 3871 a
1586 3828 1726 3873 terra
1760 3836 1937 3889 neque
1964 3836 2030 3876 ex

458 3901 799 3968 hominibus,
841 3906 935 3958 sed
962 3919 993 3959 e
1026 3905 1164 3959 coelo
1190 3916 1243 3960 et
1292 3906 1549 3962 invisibili
1602 3919 1870 3979 potestate
1924 3913 2033 3966 vim

460 3990 760 4046 obtinebat.
805 3992 1068 4048 Similiter
1095 3996 1369 4050 exercitus
1422 3996 1662 4053 universi
1723 4000 2029 4056 Turcarum

454 4082 813 4153 jurejurando
872 4083 1138 4139 Mersaita:
1213 4086 1419 4149 dictum
1476 4090 1918 4158 confirmabant,
1979 4103 2033 4148 et

459 4175 717 4230 omnibus
768 4177 1063 4231 narrabant
1104 4192 1300 4247 pugnze
1362 4181 1516 4246 hora,
1562 4191 1850 4252 postquam
1906 4200 2029 4239 cum

459 4265 687 4320 audacia
717 4272 771 4319 et
803 4267 1025 4335 impetu,
1055 4268 1146 4337 qui
1177 4270 1417 4323 coerceri
1438 4286 1542 4323 non
1564 4281 1796 4338 poterat,
1819 4274 1886 4328 ad
1909 4290 2030 4327 mu-

460 4372 555 4412 ros
588 4358 753 4412 castri
780 4366 1162 4425 pervenerant,
1200 4368 1259 4412 ut
1304 4360 1663 4415 escenderent
1703 4362 2028 4433 Graecosque

458 4448 712 4516 fugarent
743 4448 1043 4517 urbemque
1094 4450 1593 4517 caperent,vidisse
1644 4467 1703 4507 se
1739 4454 2023 4508 mulierem

459 4539 973 4607 violaceisIvestibus
988 4540 1257 4602 indutam,
1276 4541 1711 4596 deambulantem
1727 4556 1891 4613 super
1902 4560 2028 4614 pro-

460 4633 768 4701 pugnacula
798 4632 1090 4687 exterioris
1119 4633 1320 4695 castri;
1351 4647 1455 4700 qua
1488 4634 1600 4687 visa
1652 4635 1837 4689 statim
1868 4644 2031 4690 tene—

464 4726 577 4779 bris
607 4724 841 4797 procella
870 4724 1065 4778 timore
1093 4739 1156 4778 ac
1186 4734 1423 4779 tremore
1450 4738 1731 4796 correptos
1756 4741 1947 4781 omnes
1976 4727 2032 4781 in
2056 4749 2063 4757 -

464 4816 647 4884 fugam
671 4831 730 4872 se
752 4825 806 4869 et
827 4830 933 4869 non
964 4816 1030 4869 ad
1059 4816 1259 4872 bellum
1285 4817 1519 4884 dedisse,
1547 4827 1600 4873 et
1630 4820 1680 4873 vi
1711 4818 2033 4889 influxuque

465 4908 613 4962 illius
632 4907 871 4963 mulieris
898 4908 1241 4963 formidinem
1269 4908 1372 4963 sibi
1406 4910 1702 4965 immissam
1758 4920 1812 4966 et
1843 4912 2031 4965 urbem

468 5001 780 5055 liberatam.
811 4998 936 5053 Haec
986 5010 1168 5053 autem
1196 5008 1416 5068 peracta
1450 5011 1579 5055 sunt
1603 5015 1750 5054 anno
1782 5017 2032 5073 nongen-

465 5091 660 5145 tesimo
692 5088 964 5145 tricesimo
993 5104 1159 5160 supra
1189 5089 1369 5146 sexies
1421 5088 1795 5157 millesimum,
1829 5093 2035 5148 mensis

536 5312 612 5377 (Ι)
637 5307 809 5375 Quem
834 5305 994 5377 hodie
1018 5304 1301 5374 Mouftium
1321 5306 1496 5377 solent
1518 5319 1854 5377 nuncupare;
1872 5305 2033 5377 lique

459 5374 822 5454 patriarcham
852 5375 1149 5454 urcarum
1167 5383 1328 5454 vocat
1340 5376 1502 5454 etiam
1526 5376 1836 5454 suprahcol.
1861 5374 1926 5454 6_7
2015 5395 2027 5430 :

461 5444 635 5514 λύτὸς
660 5450 715 5503 δὲ
747 5451 774 5502 ό
820 5446 1076 5514 μέγιστος
1105 5446 1204 5514 xal
1242 5444 1407 5507 πολὺς
1442 5446 1573 5512 παρ’
1596 5444 1845 5505 ίὲκείνοις
1876 5446 1903 5496 ὁ
1944 5445 2034 5497 εύ-

462 5513 625 5590 γενὴς
654 5513 1025 5590 πατριάρχης,
1067 5515 1138 5590 ὃν-
1160 5513 1724 5590 εἶχονῌτξροωρατιῖιὸν
1754 5516 1849 5590 παὶ
1895 5531 2032 5590 προ-

461 5583 638 5659 mea»;
656 5583 894 5659 τοῦνομα
920 5583 1243 5655 Μηρσαῒτης
1269 5588 1332 5655 τῇ
1358 5583 1599 5659 Περσικῇ
1622 5584 1886 5650 διαλέκτῳ
1906 5583 2028 5659 ‘Stef

461 5653 765 5731 pi'us'idem
814 5653 1072 5731 (lanarius
1132 5653 1394 5731 memora:
1459 5653 1762 5731 'l‘u_r¢ar_t_nn
1829 5653 2051 5731 καλογέ-

468 5722 594 5795 ρους
612 5726 728 5781 sive
758 5722 1075 5783 tnOnacltos.
1102 5724 1264 5778 etiam
1290 5739 1396 5779 uuo
1412 5724 1630 5778 nomine
1652 5722 2029 5783 Τουρκοκαλο-

2139 3452 2267 3520 περὶ
2291 3452 2507 3513 τούτου,
2538 3453 2629 3504 καὶ
2661 3452 2819 3522 εὖρον
2854 3453 2934 3506 ὃτι
2970 3454 3047 3515 είς
3066 3453 3126 3504 τὸ
3155 3453 3275 3515 ἔτος
3308 3452 3520 3506 καὶτὸν
3558 3453 3706 3522 μῆνα

2137 3544 2231 3595 καὶ
2275 3543 2373 3609 τὴν
2434 3542 2646 3612 ἡμέραν
2696 3543 2903 3611 ταύτης
2960 3544 3061 3605 τῆς
3108 3543 3256 3611 ὥρας
3302 3545 3335 3611 ἡ
3389 3545 3542 3606 πόλις
3576 3542 3707 3611 παρ’

2137 3633 2293 3701 ἡμῶν
2316 3633 2599 3701 πρόκειται
2629 3632 2988 3699 κρατηθῆναι.
3024 3632 3129 3685 Καὶ
3165 3631 3356 3699 ἔμελλε
3404 3632 3561 3689 τοῦτο
3594 3646 3708 3698 ,γε-

2136 3724 2326 3778 νέσθαι
2377 3723 2517 3775 κατά
2562 3725 2659 3791 τὴν
2702 3723 2933 3793 δύναμιν
2999 3725 3109 3775 τῶν
3161 3725 3410 3793 ἀστέρων
3471 3724 3561 3775 καὶ
3608 3723 3709 3791 τὴν

2138 3817 2333 3884 τέχνην
2362 3814 2470 3866 τῶν
2492 3814 2862 3884 ἀστρονόμων.
2911 3814 3053 3883 Ἀμὴ
3101 3815 3394 3884 ήγυναῖκα
3452 3813 3635 3880 ἐκείνη
3674 3814 3709 3881 ἡ

2137 3904 2262 3969 ὀξέα
2292 3904 2535 3973 φοροῦσα
2588 3905 2681 3955 καὶ
2736 3904 3121 3972 περιπατοῦσα
3176 3902 3273 3955 τοῦ
3328 3903 3569 3972 κάστρου
3616 3904 3709 3954 καὶ

2134 3998 2245 4050 τῶν
2294 3995 2704 4067 προμαχιονίων
2756 3996 2945 4048 ἐπάνω
2982 3996 3199 4063 ἀφόϐως
3216 3996 3309 4047 τοῦ
3335 3996 3577 4062 πολέμου
3607 3994 3709 4064 τὴν

2135 4088 2305 4159 ὥραν.
2334 4087 2518 4156 ἐκείνη
2553 4086 2862 4156 ἀντέπραξε
2892 4086 2988 4148 τὰς
3024 4087 3283 4153 δυνάμεις
3339 4085 3450 4138 τῶν
3486 4087 3705 4154 ἄστρων

2134 4184 2228 4235 καὶ
2254 4181 2352 4250 τὴν
2382 4181 2576 4249 τέχνην
2599 4178 2708 4232 τῶν
2741 4179 3111 4246 ἀστρολόγων.
3144 4179 3287 4246 Πλὴν
3322 4179 3422 4231 οὐκ
3461 4178 3567 4231 ἀπὸ
3603 4178 3705 4244 γῆς

2133 4270 2255 4322 οὐδὲ
2287 4270 2346 4333 ἐξ
2376 4269 2682 4337 ἀνθρώπων
2715 4269 2813 4337 τὴν
2842 4268 3075 4333 δύναμιν
3120 4267 3287 4336 εἶχεν,
3329 4268 3444 4321 ἀλλ’
3492 4268 3553 4332 ἐξ
3611 4269 3705 4321 ού-

2137 4360 2298 4431 ρανοῦ
2331 4361 2424 4412 καὶ
2443 4360 2679 4426 ἀοράτου
2706 4360 3008 4427 δυνάμεως.
3055 4360 3291 4428 Ὁμοίως
3322 4361 3415 4412 καὶ
3438 4361 3505 4412 τὰ
3538 4375 3703 4426 στρα-

2131 4451 2380 4520 τεύματα
2407 4450 2580 4504 πάντα
2614 4451 2723 4504 τῶν
2777 4450 3037 4519 Τούρκων
3081 4451 3553 4520 ὲσυνεμαρτύρουν
3606 4451 3696 4500 ὲν-

2134 4544 2314 4612 όρκως
2344 4542 2434 4595 τὸν
2467 4542 2798 4613 Μηρσαῖτην
2822 4544 3053 4602 ἐκεῖνον.
3095 4542 3190 4594 καὶ
3215 4541 3530 4609 ἐδιηγοῦντο
3560 4540 3698 4609 πρὸς

2137 4637 2348 4699 πάντας
2379 4636 2461 4688 ὅτι
2481 4634 2576 4687 τοῦ
2610 4635 2849 4705 πολέμου
2880 4635 2979 4705 τὴν
3005 4636 3181 4705 ῶραν,
3212 4636 3342 4687 ὅταν
3369 4635 3436 4703 μὲ
3467 4635 3707 4703 θράσους

2139 4729 2235 4782 καὶ
2260 4728 2438 4797 ὁρμῆς
2469 4727 2779 4796 ἀκρατήτου
2810 4726 3053 4795 ἔφθασαν
3083 4728 3163 4789 είς
3192 4728 3262 4779 τά
3291 4727 3443 4795 τείχη
3476 4724 3571 4778 τοῦ
3604 4726 3708 4777 κά-

2141 4836 2326 4890 στρου.
2358 4820 2444 4872 ἵνα
2471 4814 2745 4872 ἀναϐῶσιν
2774 4818 2956 4872 ὲπάνω
2982 4818 3079 4871 καὶ
3108 4818 3343 4883 διώξωσι
3390 4819 3516 4880 τοὺς
3575 4816 3710 4868 Ῥω-

2144 4909 2337 4981 μαίους
2364 4909 2458 4961 καὶ
2480 4907 2578 4978 τὴν
2609 4906 2766 4962 πόλιν
2790 4906 3255 4977 αίχμαλωτίσουν,
3277 4906 3400 4978 τότε
3439 4901 3579 4957 είδον
3607 4921 3710 4971 γυο

2142 5002 2303 5053 ναϊκα
2325 4999 2452 5064 ὀξέα
2473 4998 2644 5068 ροὖκα
2668 4998 2944 5068 φοροῦσαν
2969 4998 3063 5050 καὶ
3088 5013 3153 5049 πε
3165 4994 3490 5067 ριτατοῦσαν
3519 4993 3708 5046 ἐπάνω

2140 5090 2249 5144 τῶν
2280 5090 2687 5161 προμαχιονίων
2710 5088 2804 5142 τοῦ
2848 5088 2952 5153 ἔξω
3001 5090 3267 5159 καστρου.
3336 5087 3446 5141 Καὶ
3500 5084 3709 5155 ταύτην

2142 5311 2359 5379 γέρους.
2383 5306 2646 5379 Similiter
2682 5302 2977 5372 Cbaiiplias
3006 5304 3315 5379 Turcarum
3370 5304 3710 5379 Urspergen-

2139 5372 2222 5433 sis
2248 5379 2481 5447 appellat
2516 5376 2777 5447 Papae:
2811 5375 3127 5447 apostolicos
3157 5391 3266 5447 aug
3297 5372 3507 5447 gentis;
3538 5372 3711 5447 Vicis-

2139 5450 2240 5503 sim
2272 5441 2371 5501 l'u'it
2394 5446 2480 5501 cui
2517 5441 2654 5513 Papa
2677 5441 2952 5497 diceretur
2976 5444 3017 5496 il
3052 5444 3193 5500 Gran
3220 5444 3390 5498 Turco
3428 5445 3510 5496 dei
3538 5441 3709 5513 Chri-

2136 5519 2322 5582 sliani,
2344 5526 2398 5570 et
2426 5511 2747 5569 Mahoinetis
2782 5513 2847 5567 Ill
2890 5514 3101 5583 legatus
3161 5514 3484 5576 Leoninum,
3520 5511 3709 5568 Galliae

2138 5588 2279 5653 regis
2306 5587 2639 5649 ministrum,
2688 5582 2961 5649 Magnum’
2989 5583 3245 5635 Vizirium
3278 5584 3592 5651 appellavit,
3650 5590 3708 5636 ut

2131 5652 2298 5712 refert
2319 5656 2456 5711 Tan.
2487 5654 2662 5710 Faber
2683 5655 2751 5710 ad
2780 5652 3082 5724 Longinum
3112 5668 3235 5723 pag.
3265 5653 3353 5706 l7.
