4048 6224
319 339 374 402 81
1497 350 1822 413 MANUEL
1854 351 1917 412 PA

1959 352 2391 422 LIEOLOGUS.
2882 313 2888 322 Ι
3485 372 3557 436 82

317 457 534 520 ἰδόντες,
566 457 756 521 σκότος
777 457 872 511 καὶ
898 458 1032 531 ζάλη
1069 462 1162 516 καὶ
1193 462 1398 534 τρόμος
1419 465 1512 518 καὶ
1533 465 1701 534 φόϐος
1727 466 1884 535 ἄφνω
1909 526 1915 539 1

1986 471 2215 542 Augusti
2251 472 2512 529 vicesima
2539 483 2757 545 quarta,
2782 475 2916 533 feria
2978 481 3236 549 secunda,
3292 483 3427 539 liora
3458 486 3565 540 diei

313 549 386 610 είς
416 549 510 611 τὰς
545 548 722 618 ψυχὰς
750 551 971 621 εἰσῆλθε
1000 553 1112 608 τῶν
1151 554 1397 622 πάντων,
1445 558 1540 612 καὶ
1571 558 1711 628 πρὸς
1773 575 1876 625 φυ-

1983 567 2245 630 septima.
2283 565 2359 619 Ex
2401 565 2598 622 Turcis
2633 570 2853 638 quidam
2881 571 3150 628 vulnerati
3173 548 3228 629 et
3273 577 3398 630 caesi
3442 587 3571 632 sunt

313 639 408 707 τὴν
433 639 691 708 ἔϐλεψαν,
715 642 810 694 καὶ
838 645 920 706 εἰς
943 645 1184 716 πόλεμον
1239 647 1363 700 οὐδὲ
1385 649 1560 721 ιόλως,
1630 650 1729 702 καὶ
1770 650 1880 703 ἀπὸ

1983 668 2148 722 supra
2181 655 2330 711 mille
2362 672 2377 722 ;
2407 671 2472 711 ex
2496 658 2723 724 nostris,
2747 671 2804 715 ut
2832 671 3021 716 verum
3055 662 3246 726 fatear,
3301 665 3568 720 vulnerati

312 731 596 796 δυνάμεώς
618 749 677 783 τε
705 734 800 785 καὶ
822 734 1038 805 τέχνης.
1079 737 1190 806 Τῆς
1229 740 1489 806 γυναικὸς
1518 741 1629 810 γὰρ
1659 741 1880 811 ἐκείνης

2005 754 2109 800 lunt
2136 746 2316 802 minus
2347 757 2586 815 centum,
2623 751 2937 821 mortuique
2988 770 3094 809 non
3153 757 3336 825 plores
3399 773 3603 826 quam-

313 821 507 873 ἔλαϐον.
529 822 630 892 τὴν
661 824 888 890 δειλίαν,
917 829 1012 880 καὶ
1039 829 1396 901 ἠλευθερώθη
1425 832 1458 902 ἡ
1489 833 1667 896 πόλις.
1723 833 1878 900 Ἐγέ-

1982 835 2312 914 triginta._Et
2339 840 2588 908 gaudete,
2612 855 2644 895 ο
2675 843 2868 898 amici!
2904 845 3134 914 gaudete
3153 821 3271 899 tum
3301 848 3372 902 ob
3418 821 3568 902 libe-

315 928 427 962 νετο
462 912 519 964 δὲ
555 913 728 968 ταῦτα
758 918 902 971 κατὰ
922 919 1018 973 τδν
1046 919 1240 990 καιρὸν
1267 922 1364 975 τοῦ
1413 921 1878 993 ἑξακισχιλιοστοῦ

1984 912 2251 982 rationem
2281 930 2456 996 urbis,
2485 941 2596 985 tum
2629 934 2700 988 ob
2745 912 3164 1003 generositatem
3213 938 3558 1006 imperterri-

314 1003 721 1059 twaxoatoetot'i
739 1011 1066 1078 τριακοστοῦ
1080 1011 1258 1081 ἔτους,
1276 1015 1446 1085 μηνὸς
1458 1015 1770 1083 Αὐγούστου
1785 1016 1862 1069 κδ’
1867 1056 1882 1079 .

1994 1025 2103 1072 tam
2138 1017 2530 1088 Romanorum,
2557 1032 2667 1078 tum
2695 1025 2766 1080 ob
2794 1025 2972 1081 modis
2997 1027 3256 1082 omnibus
3291 1003 3568 1082 admiran-

318 1091 498 1186 tetes
521 1095 771 1168 δευτέρᾳ.
805 1099 924 1171 ὥρᾳ
953 1101 1053 1171 τῆς
1082 1104 1298 1174 ἡμέρας
1343 1105 1569 1177 ἐϐδόμῃ.
1595 1107 1704 1160 Καὶ
1731 1109 1886 1178 παρά

1990 1111 2119 1166 dum
2155 1113 2541 1170 sanetissimae
2576 1114 2817 1186 Virginis
2849 1118 3197 1180 miraculum.
3246 1117 3398 1175 Hanc
3453 1121 3570 1172 lau~

317 1183 409 1251 μὲν
430 1185 545 1239 τῶν
555 1189 816 1258 Τούρκων
841 1193 1194 1266 ὲλαϐώθησαν
1213 1197 1310 1250 καὶ
1333 1196 1600 1251 ἀπέθανον
1624 1199 1882 1252 ἐπέκεινα

1988 1204 2135 1270 date,
2160 1205 2287 1262 huic
2317 1207 2543 1277 gloriam
2570 1183 2755 1275 dicite,
2775 1220 2840 1268 .et
2863 1209 3096 1281 hymnos
3124 1212 3328 1280 gratias
3349 1223 3570 1282 agentes

315 1277 440 1343 μιᾶς
469 1279 732 1347 χιλιάδος,
757 1285 819 1337 ὲκ
847 1285 908 1370 δε
934 1285 1041 1339 τῶν
1087 1289 1383 1358 ἡμετέρων
1430 1291 1568 1359 μετὰ
1618 1289 1882 1360 ἀληθείας

1989 1297 2238 1354 conficite
2269 1313 2367 1368 pro
2417 1299 2656 1355 maximo
2711 1312 2922 1358 nostra;
2967 1303 3309 1358 liberationis
3379 1317 3567 1370 Opere,

314 1370 670 1440 ὲλαὸὡθησαν
709 1375 807 1442 μὲν
861 1377 1150 1442 ἐλάττονες
1181 1379 1291 1433 ἀπὸ
1326 1380 1548 1444 ἑκατὸν,
1609 1381 1884 1435 ἀπέθανον

1984 1401 2146 1456 quam
2178 1389 2460 1444 consecuti
2493 1405 2686 1447 sumus
2721 1407 2751 1445 a
2780 1393 3043 1462 gloriosa.
3071 1409 3400 1464 semperque
3443 1391 3566 1445 Vir-

314 1461 365 1518 δὲ
393 1462 455 1513 οὐ
494 1461 738 1528 πλείονες
765 1466 875 1520 τῶν
909 1469 1221 1538 τριάκοντα.
1254 1473 1363 1526 Καὶ
1403 1473 1648 1543 χαίρετε,
1685 1467 1730 1526 ὧ
1783 1474 1872 1543 φί-

1984 1476 2108 1543 gine
2133 1486 2302 1531 matre
2325 1476 2542 1532 Domini
2572 1488 2627 1534 et
2659 1479 2751 1534 Dei
2779 1461 2834 1534 et
2866 1480 3167 1537 Salvatoris
3194 1461 3209 1464 ν
3231 1461 3377 1535 Jesu.
3411 1477 3577 1532 Cirris

315 1551 408 1614 λοι,
438 1554 667 1623 χαίρετε
695 1557 769 1609 τὸ
785 1558 886 1627 μὲν
917 1559 1012 1630 τὴν
1039 1561 1354 1632 ἐλευθερίαν
1397 1565 1496 1632 τῆς
1536 1564 1765 1630 πόλεωο,
1809 1565 1868 1618 τὸ

1434 1565 1496 1632 ῆς
1536 1564 1765 1630 πόλεω·,
1809 1565 1868 1618 τὸ
1978 1567 2037 1630 ti,
2071 1568 2159 1620 cui
2195 1569 2265 1622 sit
2302 1569 2472 1640 gloria
2501 1571 2553 1624 in
2585 1573 2806 1625 saecula.
2837 1573 3032 1634 Amen.

316 1646 366 1698 δὲ
394 1648 508 1702 τῶν
525 1647 816 1719 Ῥωμαίων
837 1656 901 1705 τὸ
934 1658 1180 1722 γενναῖον
1209 1657 1304 1710 καὶ
1337 1658 1782 1730 ἀκατάπληκτον,
1826 1663 1885 1714 τὸ
1908 1661 1966 1714 δὲ
1991 1661 2052 1715 τὸ
2086 1663 2515 1734 πανθαύμαστον
2542 1665 2728 1738 Θαῦμα
2755 1669 2855 1737 τῆς
2889 1669 3192 1737 Παναγίας,
3221 1669 3314 1722 καὶ
3361 1666 3572 1733 ταύτην

315 1740 616 1834 ὑμνήσατε,
656 1745 1066 1816 δοξολογήσατε,
1119 1751 1210 1804 καὶ
1267 1751 1468 1821 ὕμνους
1498 1754 1959 1824 εὐχαριστηρίους
1997 1755 2364 1827 ἀναπέμψατε
2395 1762 2474 1823 εἰς
2543 1761 2604 1814 τὸ
2645 1748 2938 1832 ’μέγιστον
3001 1764 3163 1834 ἔργον
3220 1763 3319 1829 τῆς
3352 1760 3572 1813 exesos.

317 1830 453 1902 ρίας,
499 1831 570 1906 ἦς
616 1839 1060 1910 εὐεργετήθημεν
1107 1846 1258 1914 παρὰ
1299 1845 1401 1914 τῆς
1453 1846 1661 1910 ἐνδόξου
1688 1849 1782 1900 καὶ
1809 1848 2174 1917 ἁειπαρθένου
2199 1852 2421 1920 Μητρδς
2447 1852 2542 1906 τοῦ
2575 1830 2809 1925 Κυρίου,
2846 1857 2944 1908 καὶ
2975 1830 3134 1919 Beati,
3172 1852 3270 1908 καὶ
3309 1851 3568 1919 Σωτῆρος

314 1927 467 1994 ἡμῶν
541 1930 718 1998 Ἰησοῦ
780 1934 1039 2004 Χριστοῦ.
1099 1936 1256 2006 Αὐτῷ
1318 1939 1350 2007 ἡ
1395 1939 1523 2003 δόξα
1577 1941 1658 2003 είς
1701 1941 1828 2004 τοὺς
1868 1939 2100 2004 αἰῶνας.
2147 1943 2347 2013 Ἀμήν.

338 2097 3570 2149 W

1545 2275 1714 2320 ΑΝΝο
1771 2273 2000 2318 ΠΟΜΙΝΙ
2063 2276 2340 2319 Μευιιν.

650 2649 654 2653 .
805 2445 1558 2677 MANUEL
1815 2445 2248 2674 PM»)

1504 2449 1558 2672 L
1815 2445 3102 2678 PAMIWWGIJS

1285 2957 1786 3058 NOTITIA
1901 2957 2598 3052 HISTOBICA.

1011 3149 1188 3214 (Henr.
1214 3148 1436 3199 Warton.
1473 3148 1521 3196 in
1555 3146 1804 3209 supplem.
1857 3149 1915 3196 ad
1959 3151 2085 3200 Cave
2115 3150 2180 3198 De
2203 3149 2374 3210 script.
2399 3147 2569 3199 ecclcs.
2601 3152 2722 3212 pag.
2765 3150 2868 3212 52.)

373 3449 595 3504 Manuel
623 3449 664 3504 ll
695 3448 1058 3519 Palaeologus,
1100 3447 1326 3504 Joannis
1358 3447 1397 3501 V
1427 3447 1710 3518 Palaeologi
1765 3451 1894 3516 imp.
1928 3447 2070 3504 filius
2089 3460 2220 3504 natu
2250 3451 2466 3518 tertius,
2492 3450 2783 3520 imperium
2813 3465 2939 3506 rara
2966 3462 3092 3520 erga
3117 3457 3328 3520 patrem
3355 3453 3564 3523 pietate

304 3545 532 3598 meruit.
567 3543 703 3599 Cum
738 3539 972 3596 Joannes
994 3541 1136 3595 enim
1169 3552 1321 3610 pater
1345 3557 1489 3596 anno
1525 3540 1746 3596 etrciter
1779 3541 1936 3603 i580,
1972 3541 2228 3611 praefecto
2263 3542 2739 3614 Constantinopoli
2771 3543 3086 3599 Andronico
3121 3544 3234 3599 filio
3263 3554 3393 3600 natu
3433 3561 3554 3601 tua-

306 3638 477 3701 ximo,
517 3637 570 3690 in
604 3635 951 3691 Occidentem
986 3634 1444 3704 proﬁcisceretur,
1480 3644 1536 3690 ut
1568 3635 1812 3690 subsidia
1844 3652 1870 3688 a
1902 3634 2228 3690 Christianis
2263 3637 2611 3707 principibus
2641 3637 2905 3696 adversus
2936 3637 3378 3707 ingravescentes
3421 3637 3562 3694 Τυν-

304 3744 499 3784 corum
538 3733 684 3784 vires
731 3729 1100 3797 conquireret,
1134 3737 1188 3781 et
1222 3727 1363 3782 inter
1392 3728 1726 3782 redeundum
1765 3726 2004 3782 Venetiis
2036 3743 2065 3782 a
2095 3730 2491 3784 mercatoribus
2533 3731 2604 3784 ob
2641 3731 2952 3786 usurariam
2982 3730 3270 3799 pecuniam
3307 3730 3555 3786 nondum

307 3829 623 3882 exsolutam
655 3826 1012 3892 detineretur,
1048 3827 1416 3890 Andronicus,
1459 3827 1523 3881 de
1557 3827 1784 3896 imperio
1821 3842 2068 3892 securus,
2106 3829 2274 3896 patris
2315 3829 2686 3897 captivitatem
2713 3829 2766 3882 in
2799 3828 2922 3883 sinu
2955 3828 3111 3884 risit:
3152 3827 3370 3884 Manuel
3417 3844 3568 3893 vero.

197 3947 208 3955 -
308 3920 556 3975 cor-rasis
583 3935 614 3973 e
635 3921 953 3989 praefectura
979 3935 1075 3974 sua
1107 3919 1579 3974 Thessalonicensi
1609 3920 1874 3988 pecuniis,
1909 3917 2164 3975 Venelias
2191 3922 2523 3990 preperavit,
2553 3931 2608 3976 ct
2634 3922 2924 3991 expunctis
2951 3930 3316 3976 mercatorum
3363 3921 3566 3977 tabulis

307 4026 523 4085 patrem
558 4017 806 4071 redemit.
863 4017 1158 4071 Andronici
1200 4017 1405 4071 scelere
1457 4016 1856 4081 incarceratus,
1889 4016 2152 4070 Manuelis
2202 4018 2400 4086 pietate
2449 4019 2714 4072 liberatus
2753 4016 2994 4072 Joannes
3025 4016 3158 4086 imp.
3191 4055 3206 4081 ,
3239 4017 3390 4071 illum
3432 4033 3558 4074 cum

307 4109 523 4164 Joanne
557 4111 668 4166 lilio
697 4109 1082 4174 exbaeredavit,
1114 4109 1280 4164 istum
1313 4109 1522 4178 imperii
1560 4121 1938 4162 successorem
1995 4108 2098 4161 sibi
2135 4118 2353 4163 mortuo
2391 4109 2722 4177 designavit,
2763 4111 2976 4165 socium
3032 4111 3136 4164 sibi
3182 4111 3310 4166 vivo
3369 4112 3570 4167 ascivit

309 4221 458 4262 anno
483 4208 700 4262 circiter
722 4205 880 4262 1584.
918 4205 1282 4268 Andronicus,
1308 4204 1575 4274 ejusmodi
1603 4204 1898 4272 ignominia
1934 4203 1986 4256 in
2019 4203 2224 4256 rabiem
2254 4213 2429 4267 actus,
2463 4207 2528 4258 ad
2554 4205 2856 4274 Bajazetem
2890 4205 3196 4260 Turcorutn
3221 4221 3403 4274 regem
3435 4221 3569 4261 cou-

308 4296 489 4369 fugit;
517 4307 572 4355 et
593 4300 764 4369 c0piis
797 4299 943 4372 illius
968 4299 1328 4353 auxiliaribus
1358 4297 1597 4366 adjutus,
1633 4296 2161 4366 Constantinopolim
2186 4306 2481 4367 expugnat,
2511 4306 2718 4366 patrem
2757 4298 3094 4369 fratremque
3125 4301 3333 4354 carceri
3359 4300 3568 4355 manci-

306 4405 424 4466 pat,
460 4407 516 4451 et
546 4395 832 4464 imperium
861 4377 1086 4449 invadit.
1128 4395 1329 4449 Exacto
1367 4395 1421 4448 in
1444 4407 1665 4448 carcere
1696 4391 1932 4447 triennio
1953 4393 2193 4447 Joannes
2230 4403 2284 4446 et
2310 4393 2520 4448 Manuel
2565 4393 2704 4448 filius
2731 4395 2868 4449 salvi
2899 4394 3166 4461 evadunt,
3191 4403 3246 4448 et
3291 4394 3562 4465 Bajazetis

309 4492 558 4561 tyranni,
587 4491 902 4547 Andronico
930 4490 1253 4560 jamdudum
1299 4489 1614 4545 infensioris
1654 4488 1802 4552 facti,
1841 4488 2024 4544 favore
2042 4499 2098 4544 et
2124 4489 2342 4546 auxiliis
2367 4490 2477 4554 usi,
2513 4491 2796 4560 imperium
2831 4501 3182 4562 recuperant,
3211 4500 3266 4546 et
3290 4491 3568 4546 Androni-

310 4606 436 4645 cum
471 4590 526 4643 in
565 4602 839 4643 carcerem
877 4596 1196 4658 perpetuum
1235 4586 1613 4641 abducendum
1631 4585 1828 4640 Turcis
1851 4586 2222 4641 committunt.
2247 4589 2404 4641 Anno
2442 4588 2572 4643 1591
2603 4586 2864 4644 defuncto
2891 4586 3106 4643 Joanne
3136 4595 3312 4658 patre,
3349 4585 3569 4642 Manuel

311 4683 466 4738 solus
504 4681 766 4749 deinceps
801 4695 1029 4751 regnare
1059 4678 1258 4750 capit:
1291 4693 1526 4749 cumque
1557 4678 1770 4746 Imperii
1794 4678 2130 4747 majestatem
2165 4678 2430 4736 adversus
2463 4679 2732 4750 Bajazetis
2755 4679 3016 4735 ferociam
3041 4687 3360 4736 constanter
3383 4687 3570 4733 tuere-

315 4784 422 4841 tur,
452 4775 807 4831 decennalem
837 4774 1022 4830 statim
1059 4777 1219 4844 regia:
1241 4772 1392 4826 urbis
1423 4771 1766 4828 obsidionem
1794 4787 1988 4841 passus
2015 4780 2116 4827 est.
2150 4772 2268 4841 Ipse
2299 4773 2452 4827 urbis
2481 4787 2612 4827 cura
2640 4773 3067 4842 defensioneque
3099 4769 3322 4838 Joanni,
3347 4771 3566 4826 Andro-

317 4873 424 4926 nici
449 4871 642 4927 fratris
673 4870 804 4935 filio,
831 4869 1151 4944 commissa,
1180 4869 1234 4924 in
1256 4868 1606 4924 Occidentem
1637 4877 1866 4938 paterno
1891 4868 2141 4937 exemplo
2172 4867 2413 4924 subsidia
2446 4885 2476 4923 a
2507 4867 2716 4924 Latinis
2744 4870 3141 4940 impetraturos
3174 4866 3432 4938 navigat;
3469 4880 3568 4938 pa-

317 4975 477 5020 terno
505 4966 671 5019 etiam
700 4963 1002 5018 infortunio
1031 4978 1183 5018 usus.
1206 4963 1502 5033 Postquam
1529 4962 1677 5018 enim
1712 4960 1947 5025 Italiam,
1969 4961 2225 5026 Galliam,
2259 4961 2531 5033 Angliam,
2562 4962 2911 5018 Germaniam
2942 4972 2996 5016 et
3029 4960 3368 5018 Pannoniam
3401 4975 3563 5029 pera-

317 5070 552 5129 grasset,
602 5060 1134 5131 Constantinopolim
1182 5060 1404 5115 demum
1449 5075 1506 5114 re
1525 5057 1722 5113 infecta
1774 5057 1956 5113 rediit.
1994 5059 2306 5129 Desperatis
2341 5060 2453 5115 fere
2494 5060 2659 5116 rebus
2688 5048 3316 5129 Constantinopolitanis
3347 5055 3570 5111 aliunde

313 5154 494 5210 eluxit
521 5155 692 5210 salus.
724 5153 1045 5210 Tamerlane
1071 5154 1219 5209 enim
1252 5152 1610 5208 Tartarorum
1645 5152 1890 5222 principe
1927 5153 1995 5208 ad
2029 5155 2316 5224 suppetias
2340 5154 2575 5210 Manueli
2623 5153 2876 5210 ferendas
2910 5168 3037 5209 cum
3069 5153 3276 5223 ingenti
3309 5148 3559 5206 exercitu

313 5247 626 5313 advolante,
658 5247 934 5315 Baias-etes
956 5263 1102 5302 anno
1131 5246 1262 5302 1401
1297 5247 1640 5304 obsidionem
1671 5245 1856 5310 solvit,
1879 5254 1934 5302 et
1953 5247 2254 5303 commisso
2282 5263 2428 5303 anno
2455 5249 2705 5318 sequenti
2729 5262 2852 5302 cum
2890 5246 3142 5302 Tartaris
3175 5245 3361 5315 praelia
3387 5242 3570 5299 vinci-

317 5352 406 5397 tur
439 5357 506 5398 ac
532 5343 779 5412 captivus
811 5343 1116 5398 abducitur.
1148 5342 1360 5399 Manuel
1390 5343 1668 5398 exstincto
1697 5350 1928 5412 tyranno
1962 5350 2280 5412 perpetuam
2312 5357 2434 5397 cum
2463 5341 2769 5398 Maltometo
2811 5341 2933 5410 ejus
2956 5340 3073 5394 filio
3107 5352 3297 5409 pacem
3326 5335 3489 5391 iniit:
3515 5345 3572 5390 et

315 5436 608 5506 imperium
635 5438 891 5507 deinceps
922 5451 1150 5493 securus
1192 5439 1383 5492 tenuit.
1425 5435 1594 5498 Obiit.
1625 5435 1705 5489 uti
1743 5435 1956 5500 volunt,
1995 5449 2142 5488 anno
2174 5433 2330 5501 1418,
2386 5433 2586 5490 rectius
2620 5447 2750 5489 vero
2779 5431 2935 5496 M25,
2967 5436 3255 5500 postquam
3287 5426 3441 5483 senio
3472 5427 3567 5484 deo

317 5529 450 5585 bilis
482 5530 691 5600 imperii
719 5530 1021 5600 lampadem
1053 5529 1251 5586 Joanni
1285 5530 1394 5587 filio
1421 5545 1562 5586 anno
1594 5529 1730 5584 1419
1763 5526 2098 5584 tradidisset.
