4048 6224
753 285 838 304 ἀν-
899 297 916 304 ..

329 333 398 393 93
1177 339 1457 400 ORATIO
1500 339 1584 401 IN
1626 339 2170 406 DORMITIONEM
2215 341 2316 403 ss.
2366 339 2740 402 DEIPARE.
3486 328 3555 392 9t

332 432 492 495 dixit,
531 431 830 487 laudationi
870 432 1127 502 imposuit
1161 435 1491 489 coronidem.
1555 436 1679 490 Haec
1749 438 1888 491 enim
1914 441 1964 496 Α
2006 438 2253 507 produxit
2285 455 2316 492 e
2340 441 2527 492 nihilo.
2568 440 2646 493 Tu
2682 457 2810 494 vero
2847 457 2964 495 eum
2996 443 3100 497 illis
3149 446 3214 499 de
3267 447 3546 501 nobilitate

327 537 516 574 revera
545 531 630 576 est
661 537 872 576 summa
911 525 1284 578 encomiorum
1313 565 1328 586 ,
1377 541 1731 595 quacumque
1778 541 1888 580 non

328 611 496 663 modo
521 612 703 681 lingua
741 615 1042 676 hominum,
1085 615 1178 670 sed
1209 618 1450 684 ipsorum
1484 605 1702 687 quoque
1737 619 1803 674 de
1835 629 1886 675 te

325 699 573 764 proferat
601 703 938 768 angelorum.
975 703 1117 769 Quid
1151 707 1294 760 enim
1331 708 1396 760 ad
1426 707 1642 760 laudem
1677 717 1885 762 tantum

326 791 491 852 valet,
516 804 780 859 quantum
813 788 1056 851 asserere
1082 799 1254 866 ipsam
1289 807 1339 850 te
1378 798 1689 854 Divinitatis
1733 800 1881 854 ﬂatu-

325 897 472 934 mam
500 887 810 953 suscepisse
845 896 1040 949 utero,
1095 897 1149 943 et
1201 883 1508 958 purissima:
1559 892 1705 946 illius
1755 892 1890 946 lueis

323 987 490 1041 supra
517 990 708 1030 omnes
732 990 1011 1035 creaturas
1045 990 1346 1049 compotem
1397 982 1590 1037 factam
1617 1023 1631 1044 ,
1680 985 1884 1036 nullum

223 1070 274 1146 ς
325 1072 507 1117 tamen
565 1067 690 1121 inde
743 1069 1128 1126 detrimentum
1177 1074 1432 1141 passam?
1482 1073 1619 1139 Quid
1673 1076 1885 1128 tandem

322 1157 509 1219 fuerit,
540 1161 682 1226 quod
716 1160 872 1229 longe
900 1163 1127 1216 inferius
1163 1179 1266 1216 non
1299 1165 1410 1218 sit?
1445 1164 1625 1228 Quare
1656 1171 1890 1232 appella-

317 1246 471 1298 tione
503 1249 605 1300 hac
645 1251 800 1316 quasi
832 1253 1069 1318 generali
1093 1254 1327 1318 quodam
1362 1254 1545 1314 titulo,
1572 1269 1694 1306 cum
1723 1254 1885 1306 animi

319 1340 570 1394 studium
604 1351 656 1396 et
683 1343 1016 1397 voluntatem
1051 1346 1184 1398 satis
1222 1346 1678 1398 declaraverimus
1709 1385 1723 1409 ,
1761 1360 1888 1412 spe-

320 1431 556 1483 cialibus
603 1448 712 1486 non
763 1432 1092 1487 abutendum
1150 1436 1514 1490 arbitramur:
1583 1435 1683 1488 hoc
1742 1437 1886 1488 enim

320 1521 483 1590 plane
510 1533 661 1577 esset
715 1525 1118 1590 existimantis,
1163 1527 1434 1594 perveniri
1484 1528 1673 1579 saltem
1725 1541 1886 1594 posse

318 1623 489 1677 prepe
519 1611 597 1672 id,
635 1616 780 1682 quod
820 1615 1102 1675 condecet,
1142 1630 1266 1668 cum
1291 1630 1392 1669 nec
1431 1615 1544 1669 ﬁeri
1576 1615 1767 1683 possit,
1787 1630 1886 1668 nec

316 1713 346 1749 ιι
375 1702 576 1752 mentis
615 1717 762 1756 sanie
793 1704 906 1758 viro
934 1705 1145 1773 sperari
1166 1746 1178 1765 ,
1216 1707 1439 1774 perinde
1493 1721 1555 1759 ac
1587 1707 1631 1758 si
1664 1707 1785 1775 quis
1815 1705 1880 1758 ad

2006 539 2216 584 natura;
2247 547 2581 599 nequaquam
2611 535 2901 588 certaveris
2922 575 2935 596 ,
2970 551 3174 590 memor
3212 537 3328 603 ejus
3353 580 3368 598 ,
3403 541 3548 607 quod

2003 635 2034 675 a
2074 629 2167 674 tuo
2191 637 2389 690 proavo
2411 624 2608 676 dictum
2637 633 2719 677 est
2749 625 2815 678 de
2865 627 3142 681 Salvatore
3186 638 3392 692 nostro,
3425 644 3549 682 cum

2003 709 2174 766 solam
2223 713 2275 765 in
2316 728 2380 766 eo
2425 715 2704 767 mortalem
2755 726 2956 784 partem
2989 720 3403 772 consideraret:
3446 719 3550 771 Με-

2000 805 2156 856 nuiin
2175 821 2287 856 eum
2311 806 2468 868 paulo
2493 807 2660 858 minus
2687 807 2750 859 ab
2778 809 2972 876 angelis
2998 808 3182 874 (Hebr.
3207 826 3265 873 tt,
3289 812 3320 861 7
3338 812 3377 876 l,
3417 827 3552 875 quo-

1999 907 2118 944 rum
2154 895 2218 944 ab
2252 895 2406 948 initio
2437 905 2626 947 natura
2657 897 2871 948 condita
2925 898 3021 949 fuit
3071 900 3412 950 immortalis.
3441 900 3553 952 Ca:-

2001 992 2170 1034 terttm
2220 984 2361 1050 quod
2412 985 2600 1038 attinet
2654 987 2717 1037 ad
2771 987 2994 1053 gloriam
3057 1000 3108 1040 et
3161 990 3498 1056 Splendorem
3533 1031 3548 1052 ,

1997 1085 2154 1137 quem
2189 1072 2353 1125 habes
2384 1074 2436 1126 in
2479 1075 2610 1134 Deo.
2640 1090 3021 1144 summumque
3044 1078 3096 1129 in
3130 1087 3180 1129 te
3207 1078 3548 1140 miraculum,

1997 1159 2119 1212 licet
2158 1162 2557 1218 modestissima
2591 1166 2666 1219 sis
2698 1207 2712 1230 ,
2769 1167 2874 1219 illis
2909 1183 3246 1234 nequaquam
3273 1167 3502 1221 cesseris
3533 1184 3546 1218 :

1998 1266 2119 1303 nam
2156 1253 2198 1305 si
2225 1256 2348 1320 quis
2376 1256 2469 1307 tibi
2503 1257 2749 1310 conferre
2768 1259 2895 1311 velit
2936 1261 3272 1311 substantias
3303 1259 3551 1322 corporis

1995 1354 2261 1408 expertes,
2301 1343 2530 1399 inveniet
2566 1349 2658 1414 (ut
2689 1347 2887 1400 Paulus
2918 1348 3126 1416 inquit)
3169 1364 3264 1401 eas
3291 1364 3413 1402 esse
3458 1350 3555 1402 ad-

1999 1431 2426 1486 ministratorios
2451 1434 2690 1499 spiritus.
2724 1438 2813 1502 qni
2841 1437 2905 1488 ad
2935 1437 3289 1490 ministerium
3322 1437 3552 1488 mittunc

1997 1529 2108 1584 tur,
2128 1529 2346 1589 propter
2366 1537 2478 1582 eos.
2503 1524 2595 1591 qui
2626 1525 2986 1578 htereditatem
3013 1529 3220 1593 capient
3259 1529 3482 1580 salutis:
3505 1536 3558 1581 te

1997 1620 2177 1665 autem
2209 1655 2224 1678 ,
2264 1629 2297 1665 ο
2325 1612 2487 1682 Virgo
2515 1653 2530 1679 ,
2583 1615 2964 1682 primitiarum,
3001 1625 3052 1669 et
3093 1616 3553 1669 reconciliationis

1998 1705 2105 1756 vim
2149 1706 2480 1760 obtinentem
2505 1707 2644 1774 apud
2675 1722 2820 1770 cum,
2863 1706 2953 1774 qui
2983 1706 3231 1772 primitiae
3269 1715 3321 1758 et
3363 1720 3552 1757 recon-

319 1791 767 1860 restinguendam
799 1797 1326 1850 Vehementissimam
1369 1797 1538 1860 sitim,
1591 1811 1695 1862 qua
1763 1810 1883 1848 rna-
1915 1777 1961 1835 B
2001 1793 2207 1846 ciliatio
2231 1805 2312 1847 est
2349 1796 2490 1863 apud
2525 1811 2682 1849 suum
2731 1795 2943 1848 Patrem
3005 1798 3240 1847 humano
3279 1794 3550 1847 infensum

319 1880 470 1933 xime
516 1893 872 1950 premeretur,
898 1886 1262 1954 persuaderet
1289 1889 1414 1948 sibi.
1439 1902 1599 1956 posse
1630 1887 1884 1940 facillime

321 1985 524 2038 aquam
555 1988 766 2027 omnem
826 1976 1118 2030 exhaurire
1137 1978 1530 2046 potabilem,et
1551 1978 1777 2046 proinde
1799 1977 1884 2030 in-

323 2067 512 2125 tegros
543 2060 841 2128 Euphrates
885 2073 940 2118 et
973 2066 1161 2134 Tigres
1202 2066 1592 2136 aggrederetur
1643 2066 1883 2120 ebibere.

317 2147 458 2200 Nam
491 2164 588 2202 nec
627 2150 716 2203 ille
742 2155 941 2208 mentis
975 2169 1200 2223 compos
1254 2155 1548 2208 haberetur
1578 2171 1606 2208 a
1629 2155 1886 2224 sapienti-

319 2237 448 2300 bus,
477 2255 574 2293 nec
601 2240 699 2308 ipsi
733 2243 777 2295 si
812 2243 1292 2298 vehementissimo
1322 2260 1448 2313 erga
1474 2253 1527 2298 te
1557 2246 1880 2299 insanientis

319 2329 489 2382 animi
529 2331 710 2385 studio
744 2333 1011 2400 compulsi
1053 2335 1294 2388 laborem
1322 2335 1652 2391 subiremus.
1689 2335 1778 2402 qui
1812 2333 1878 2386 ad

322 2420 484 2472 tinem
513 2422 732 2489 perduci
766 2440 868 2476 non
898 2434 1094 2491 potest,
1132 2428 1310 2479 conati
1341 2426 1588 2479 videlicet
1623 2427 1879 2494 hymnum

321 2514 434 2562 tuis
471 2512 671 2566 meritis
727 2517 1140 2582 respondentem
1189 2515 1403 2568 oﬂ‘erre.
1437 2514 1568 2567 Nam
1617 2517 1757 2568 sicut
1794 2530 1882 2566 ve-

316 2601 506 2654 cordis
535 2613 676 2656 essvt
709 2605 962 2659 arbitrari
1014 2606 1308 2660 lucidiores
1348 2607 1459 2660 fieri
1504 2607 1685 2660 radios
1741 2607 1852 2659 mul

317 2700 502 2744 tarum
537 2709 636 2762 ope
661 2695 1028 2759 lucernarum,
1061 2707 1153 2749 aut
1185 2699 1510 2751 immeIISum
1531 2697 1632 2751 hoc
1660 2699 1880 2763 pelagus

322 2779 495 2833 unius
547 2792 712 2849 gutta:
743 2785 1048 2850 adjectione
1079 2785 1284 2852 augeri,
1316 2785 1569 2838 similiter
1599 2795 1652 2838 et
1690 2785 1878 2838 conari

319 2868 573 2922 laudibus
603 2879 673 2929 te,
706 2868 892 2940 Virgo,
927 2874 1188 2926 extollere
1219 2889 1312 2926 vas
1341 2875 1608 2927 donorum
1634 2875 1874 2925 omnium

317 2959 630 3024 di‘vinorum
666 2961 906 3027 plenum,
936 2972 1193 3028 tantaque
1221 2963 1565 3017 sublimatam
1592 2964 1874 3032 dignitate.

316 3059 379 3104 ut
405 3065 525 3103 eam
556 3051 638 3104 vel
665 3051 863 3121 fingere
892 3055 1040 3106 nulla
1067 3069 1220 3106 mens
1253 3056 1457 3121 possit:
1491 3055 1758 3122 siquidem
1791 3055 1871 3107 in~

1998 1885 2204 1952 generi.
2229 1886 2298 1937 ob
2334 1886 2583 1953 injuriam
2611 1887 3087 1954 praevaricationis.
3145 1885 3210 1938 Ut
3237 1887 3378 1938 enim
3415 1885 3552 1952 ipse,

1997 1973 2122 2041 quia
2159 1971 2349 2038 Filius,
2384 1975 2524 2041 apud
2556 1975 2862 2030 Genitorem
2899 1977 3227 2044 propitiatio,
3273 1985 3326 2028 tu
3355 1975 3556 2042 pariter

1998 2063 2138 2131 apud
2176 2064 2352 2132 ipsum
2405 2075 2592 2133 utpote
2631 2064 2897 2118 Geuitrix.
2942 2064 3157 2129 Quanto
3210 2067 3370 2131 igitur
3419 2078 3554 2132 prte-

1999 2155 2233 2212 Stantius
2262 2155 2361 2208 hoc
2389 2169 2468 2210 εει
2497 2156 2712 2208 illorum
2748 2157 2944 2220 otiicio,
2975 2165 3126 2208 tanto
3157 2165 3212 2206 tu
3246 2155 3370 2208 illis.
3403 2153 3552 2218 Qua-

2000 2251 2224 2308 propter
2253 2242 2456 2306 optimo
2485 2243 2714 2296 consilio
2745 2251 2977 2296 mentem
3011 2258 3072 2295 ac
3116 2244 3351 2308 linguam
3384 2242 3555 2293 conli-

1999 2345 2127 2383 nere
2154 2331 2393 2393 decrevi,
2426 2347 2546 2398 qua:
2579 2333 2642 2385 ad
2663 2333 2955 2386 nectendas
2990 2334 3176 2386 laudes
3199 2333 3440 2401 prosilire
3462 2347 3553 2383 ca-

1998 2430 2145 2482 vent,
2174 2429 2227 2472 et
2263 2419 2440 2474 favent
2465 2423 2527 2473 ad
2561 2422 2660 2474 hoc
2694 2423 2822 2474 mihi
2867 2423 3187 2486 luculenter,
3227 2422 3316 2490 qui
3351 2437 3378 2474 a
3407 2421 3554 2488 prin-

1999 2510 2140 2578 cipio
2170 2525 2346 2577 usque
2375 2512 2550 2564 adhuc
2586 2513 2826 2580 egregias
2876 2513 2989 2600 tibi.
3023 2520 3414 2565 contexuerunt
3454 2525 3553 2561 en-

1998 2601 2297 2656 comiorum
2323 2616 2575 2657 coronas.
2603 2601 2778 2656 Taceo
2821 2603 3130 2671 angelorum
3180 2603 3420 2663 ordines,
3459 2601 3550 2667 qui

2001 2691 2131 2744 mihi
2165 2691 2417 2746 videntur
2457 2693 2902 2760 prteclarissimos
2947 2693 3043 2746 tibi
3100 2693 3330 2762 hymnos
3372 2693 3550 2742 tacitis

1999 2783 2290 2836 concinere
2315 2784 2580 2844 vocibus',
2633 2784 3020 2851 stupendisque
3071 2782 3391 2849 przeconiis,
3433 2794 3552 2847 qure

2001 2871 2308 2924 mortalium
2333 2887 2483 2924 mens
2509 2887 2702 2939 capere
2725 2887 2829 2925 non
2858 2882 3037 2938 queat.
3066 2872 3382 2924 inferiorum
3404 2885 3551 2922 men-

1999 2963 2197 3016 tionem
2227 2961 2438 3016 faciant.
2461 2963 2686 3027 Quinam
2710 2978 2839 3014 vero
2869 2962 2984 3014 illi?
3009 2961 3306 3026 Proltbeta',
3329 2972 3551 3027 aposto-

1998 3055 2172 3107 lorum
2223 3055 2417 3116 etelus,
2461 3053 2770 3121 pontificum
2824 3063 3088 3113 catervae,
3130 3059 3407 3103 oratorum
3457 3063 3548 3100 so-

317 3143 1852 3213 circumscriptum,nulliscontenlumspatiis,inaecessi
1915 3149 1958 3211 C
2001 3147 2407 3214 phistarumque
2439 3144 2677 3210 ipsorum
2709 3143 2762 3194 itt
2811 3158 2867 3196 re
2911 3141 3210 3209 theol0gica
3260 3139 3549 3193 celeberri-

317 3229 481 3284 bilem
518 3231 620 3299 ipsi
651 3235 813 3285 etiam
849 3243 1056 3288 natura:
1082 3235 1348 3302 spirituali
1381 3274 1395 3296 ,
1455 3245 1736 3302 postquam
1771 3236 1880 3290 cir-

317 3323 662 3390 cumscripto
727 3332 820 3375 tuo
847 3333 1000 3377 utero
1026 3326 1196 3378 voluit
1219 3326 1619 3387 circumscribi,
1649 3326 1878 3379 circum-

316 3413 579 3478 scriptum
627 3414 838 3466 efficere
871 3415 1119 3482 potuisti,
1152 3424 1206 3470 et
1249 3416 1426 3484 spatio
1460 3425 1794 3479 contentum,
1826 3425 1880 3471 et

318 3504 697 3558 accessibilem
747 3504 843 3558 tibi
904 3507 1203 3559 secundum
1273 3507 1625 3576 hypostasim.
1674 3507 1878 3572 Captus

316 3594 463 3647 enim
495 3603 579 3648 est
616 3595 714 3665 (ut
744 3597 815 3647 ita
841 3597 1018 3648 dicam
1047 3600 1062 3655 )
1095 3597 1289 3650 animm
1320 3608 1424 3651 tua:
1453 3597 1877 3665 pulchritudine,

318 3689 410 3756 qui
439 3703 547 3741 non
607 3688 854 3754 subiacet
905 3688 1186 3740 affectibus
1232 3690 1436 3752 animi,
1496 3698 1548 3740 et
1589 3691 1879 3744 conclusus

318 3779 498 3844 spatio
524 3786 607 3831 est
638 3779 688 3830 in
727 3789 799 3842 te,
826 3780 916 3844 qui
945 3779 1112 3832 nullis
1144 3780 1444 3832 includitur
1477 3781 1723 3834 terminis
1752 3821 1765 3844 ,
1799 3790 1880 3834 te-

320 3884 429 3936 que
455 3885 675 3922 suorum
708 3869 975 3923 donorum
1009 3870 1137 3924 fecit
1161 3872 1503 3932 thesaurum,
1538 3880 1590 3922 et
1634 3887 1875 3938 promam

319 3956 576 4008 condam.
606 3957 714 4009 lloc
738 3969 788 4012 te
820 3959 1158 4029 mysterium.
1191 3970 1248 4012 ut
1277 3976 1396 4026 qua:
1421 3960 1588 4013 nullis
1611 3969 1874 4012 arctatttm

323 4045 571 4097 terminis
603 4055 757 4097 utero
787 4047 1103 4112 sussepisti,
1135 4057 1187 4098 et
1221 4047 1510 4100 Cherubim
1548 4049 1669 4100 fecit
1703 4050 1876 4102 hono-

323 4131 657 4194 rabiliorem,
682 4143 736 4185 et
767 4133 1050 4202 Seraphim
1084 4137 1457 4202 gloriosiorem
1487 4178 1500 4196 ,
1546 4139 1624 4189 vel
1657 4150 1880 4203 compa-

323 4224 536 4276 ratione
566 4225 683 4291 ipsa
723 4225 864 4278 haud
901 4225 1061 4277 facili.
1093 4225 1223 4278 Nam
1266 4239 1526 4293 quantum
1579 4228 1718 4279 inter
1770 4228 1880 4295 glo-

323 4313 460 4365 riam
497 4325 670 4375 tuam,
695 4329 1078 4383 summumque
1103 4319 1418 4383 angelorum
1451 4318 1690 4369 ordinem
1713 4318 1879 4370 inter-

323 4404 421 4464 sit,
454 4404 606 4456 solus
639 4404 850 4455 noverit
879 4404 1040 4466 Deus,
1067 4416 1282 4473 captum
1312 4422 1437 4458 vero
1481 4409 1769 4458 humanum
1801 4406 1882 4459 fu-

323 4491 399 4558 git
427 4490 672 4555 munitio,
699 4490 832 4543 adeo
865 4493 1114 4559 superior
1149 4508 1207 4546 es
1248 4494 1497 4545 universa
1534 4507 1724 4544 natura
1767 4494 1881 4558 spi-

2003 3251 2212 3287 tnorum
2239 3275 2253 3298 ,
2299 3243 2352 3287 et
2397 3234 2448 3285 iu
2503 3233 2649 3284 omni
2685 3232 2946 3285 doctrinm
2986 3247 3180 3300 genere
3225 3231 3549 3284 exitniorum

2002 3337 2108 3380 tam
2141 3335 2361 3390 nostrae,
2393 3341 2550 3392 quam
2587 3333 2888 3389 extraneae;
2912 3334 2966 3377 et
3009 3325 3054 3376 si
3088 3332 3312 3376 venuste
3371 3322 3554 3375 dicen-

2001 3419 2125 3472 dum
2166 3426 2247 3470 est
2283 3415 2530 3482 aliquid-,‘
2558 3416 2900 3468 confessores
2935 3430 3044 3466 sua:
3094 3415 3214 3467 vitae
3240 3413 3550 3476 curriculo,

2003 3521 2264 3577 martyres
2293 3522 2386 3574 per
2413 3521 2496 3561 ea.
2527 3520 2645 3572 quze
2671 3503 2810 3570 passi
2841 3513 2987 3566 sunt,
3021 3518 3183 3556 voces
3211 3519 3274 3556 ex
3307 3517 3399 3555 ore
3434 3503 3554 3553 illo-

2004 3616 2120 3651 rum
2157 3596 2406 3663 profectae
2450 3594 2623 3647 adhuc
2652 3594 2732 3646 Iac
2769 3593 3072 3644 redolentes
3104 3591 3404 3644 clamabant
3443 3589 3553 3640 Ho-

2004 3701 2211 3742 sumta:
2240 3688 2354 3754 ipse
2385 3685 2524 3738 inter
2575 3691 2730 3735 natos
2763 3682 3048 3733 mulierum
3081 3681 3250 3746 major
3273 3719 3288 3742 ,
3322 3681 3410 3748 qui
3446 3681 3551 3732 sal-

2003 3782 2149 3832 tibus
2179 3777 2526 3830 Conditorem
2559 3774 2868 3834 celebravit,
2895 3772 3071 3824 adhuc
3115 3771 3322 3839 positus
3354 3771 3404 3822 in
3434 3786 3551 3821 ma—

2003 3873 2102 3924 tris
2129 3878 2303 3930 utero,
2331 3881 2454 3919 eum
2485 3866 2658 3917 oliicio
2692 3865 2884 3930 lingua!
2932 3864 3006 3913 ttti
3058 3878 3164 3914 non
3218 3869 3398 3928 posset
3429 3899 3442 3922 ,
3496 3868 3550 3912 et

2003 3959 2311 4014 summatim
2344 3957 2596 4024 quisquis
2655 3953 2792 4006 Filio
2839 3963 2931 4005 tuo
2983 3951 3256 4019 quidpiam
3309 3950 3544 4004 obtulit.

2003 4051 2128 4101 dmn
2163 4049 2238 4099 illi
2266 4047 2489 4114 gloriam
2519 4046 2805 4106 tribueret,
2840 4051 2890 4096 te
2921 4057 3136 4108 quoque
3165 4041 3350 4108 gloriae
3381 4041 3550 4102 parti-

2003 4139 2171 4205 cipem
2193 4135 2516 4196 declarabat,
2537 4131 3002 4199 quando.quidem
3030 4131 3092 4181 ad
3120 4137 3370 4197 parentes
3386 4128 3546 4179 etiam

2005 4227 2280 4281 referenda
2318 4231 2444 4277 sunt
2475 4237 2596 4290 qua:
2624 4222 2732 4272 nati
2766 4221 2980 4272 habent.

2072 4317 2230 4370 Certe
2263 4315 2463 4367 multos
2484 4323 2536 4366 et
2559 4312 2803 4379 egregios
2831 4310 2884 4362 in
2922 4307 3134 4362 dicendi
3181 4307 3438 4360 facultate
3470 4309 3549 4360 vi-

2004 4411 2194 4463 demus
2227 4413 2496 4472 quotquot
2543 4405 2595 4456 in
2648 4412 2862 4454 tuarum
2918 4400 3133 4452 laudum
3175 4400 3402 4468 pelagus
3427 4414 3550 4452 sese

2001 4503 2286 4563 dederunt,
2315 4497 2430 4564 qui,
2471 4502 2525 4548 et
2572 4495 2773 4562 optima
2824 4491 3175 4545 dicendorum
3218 4489 3548 4554 inventione,

324 4582 550 4631 rituum.
583 4579 760 4632 Taceo
787 4581 928 4632 enim
962 4596 1132 4648 genus
1167 4591 1412 4634 nostrum
1463 4583 1685 4634 mortale
1714 4622 1728 4642 ,
1757 4597 1879 4633 cum

2000 4600 2052 4643 et
2116 4591 2389 4642 luculenta
2457 4585 2805 4644 narratione,
2859 4595 3180 4648 summoque
3237 4579 3445 4642 ordine,
3497 4589 3551 4633 et

324 4672 435 4724 Deo
458 4673 533 4722 sis
582 4671 851 4737 proxima,
896 4671 1132 4737 nihilque
1162 4672 1538 4726 intermedium
1571 4672 1717 4725 sinas
1744 4672 1883 4726 inter

327 4773 377 4815 te
407 4771 667 4827 tuumque
702 4759 898 4813 Filium
927 4802 940 4823 ,
967 4763 1109 4828 quod
1138 4762 1606 4816 demonstratione
1644 4762 1746 4812 ulla
1800 4762 1882 4814 in-

327 4851 507 4918 digere
541 4867 646 4902 non
679 4852 934 4901 arbitror.
962 4847 1094 4901 Nam
1123 4850 1166 4902 si
1209 4860 1264 4900 tu
1299 4866 1401 4900 una
1450 4865 1575 4901 cum
1633 4849 1768 4900 Filio
1820 4866 1878 4904 es

330 4939 456 5008 (qui
481 4940 624 4992 enim
658 4940 887 5006 aliter?)
917 4940 1003 4990 ille
1030 4954 1157 4992 vero
1201 4955 1324 4991 cum
1373 4925 1528 4990 patre
1553 4978 1566 5000 ,
1623 4949 1676 4991 et
1722 4939 1884 4990 Para-

327 5026 490 5091 clyto,
521 5025 688 5091 liquet
717 5041 836 5076 esse
867 5024 961 5075 tibi
996 5023 1170 5075 locum
1203 5027 1342 5090 apud
1374 5024 1514 5085 illos,
1541 5039 1649 5091 quo
1704 5023 1884 5076 nullus

326 5113 398 5164 sit
426 5112 678 5180 dignior;
711 5128 878 5180 quare
905 5121 957 5164 et
983 5112 1241 5165 ineﬂ'abili
1275 5115 1486 5166 illorum
1539 5116 1721 5181 gloria:
1765 5123 1885 5166 tau-

327 5209 437 5251 tam
465 5201 630 5252 habes
661 5201 1018 5260 vicinitatem,
1050 5212 1310 5268 quantam
1346 5217 1442 5254 nec
1476 5203 1744 5254 maximus
1772 5217 1884 5256 cce-

327 5291 543 5342 lestium
575 5291 836 5341 mentiunt
870 5289 1027 5342 ordo.
1055 5289 1204 5341 Hanc
1237 5305 1395 5357 porro
1423 5299 1667 5345 assecuta
1703 5305 1762 5342 es
1789 5329 1802 5352 ,
1851 5305 1884 5342 ο

329 5381 698 5437 immaculata,
735 5392 951 5447 pr0pter
1005 5379 1298 5431 voluntatis
1349 5390 1453 5432 tua:
1502 5379 1880 5445 propositum.

326 5483 449 5536 qua
476 5470 637 5522 etiam
679 5471 916 5522 ostendit
947 5481 1193 5522 naturam
1223 5478 1412 5537 suapte
1458 5478 1646 5537 Sponte
1689 5472 1886 5538 perha-

328 5560 489 5610 hilem
522 5558 587 5610 ad
625 5575 810 5613 revera
843 5561 1062 5613 bonum.
1098 5559 1355 5613 Naturam
1389 5562 1533 5614 enim
1574 5581 1696 5618 esse
1729 5581 1888 5632 ange-

330 5650 398 5707 lis
432 5652 762 5718 superiorem
811 5652 886 5705 illi
933 5653 1036 5706 soli
1094 5654 1382 5718 convenit,
1436 5654 1527 5722 qui
1579 5657 1887 5710 universum

2001 4682 2304 4736 admirabili
2334 4686 2550 4740 ornatu,
2588 4684 2664 4729 tot
2705 4684 2960 4739 tantaque
2980 4684 3388 4740 congesserunt,
3421 4685 3552 4740 quot

2002 4774 2082 4826 vel
2117 4780 2354 4824 amente
2441 4770 2670 4821 inveniri
2742 4776 2989 4834 poterant
3049 4765 3273 4817 imtnttni
3331 4775 3552 4832 peccato

2001 4863 2342 4920 obscurante,
2385 4859 2466 4910 vel
2511 4857 2752 4908 enarrari
2795 4870 2822 4906 a
2859 4855 3038 4922 lingua
3081 4861 3400 4906 cunctarum
3460 4869 3552 4922 pe-

2004 4954 2100 5005 rita
2134 4951 2544 5016 disciplinarum
2579 4950 2815 5001 climata.

2071 5041 2174 5094 Sed
2212 5044 2400 5093 horum
2433 5041 2808 5092 Ittli\€l‘SOl‘l.llll
2845 5036 3094 5104 quamvis
3135 5045 3281 5089 tanta
3312 5036 3548 5104 polleant

1999 5133 2048 5184 vi
2073 5132 2308 5191 dicendi,
2337 5129 2472 5182 adeo
2495 5139 2620 5182 sunt
2655 5128 2911 5181 inferiora
2953 5141 3043 5181 tuo
3084 5127 3298 5188 merito,
3339 5138 3544 5180 tantunt

2002 5232 2058 5274 ut
2098 5224 2318 5283 distent,
2347 5231 2607 5287 quantum
2648 5234 2674 5270 a
2706 5229 2779 5284 te,
2807 5234 2924 5286 qua:
2951 5217 3213 5277 laudaris,
3238 5219 3328 5285 qui
3365 5215 3550 5268 laudes

1999 5311 2249 5371 oderunt,
2290 5312 2412 5364 licet
2443 5311 2601 5363 etiam
2637 5309 2880 5360 collectis
2913 5303 3154 5361 Omnium
3200 5305 3550 5374 perfectioni-

2004 5405 2103 5456 bus
2135 5419 2238 5455 ttna
2267 5404 2392 5470 quis
2431 5400 2890 5455 absolutissimam
2917 5398 3204 5451 conficeret
3227 5396 3548 5450 orationem.

2004 5488 2146 5542 Adeo
2181 5491 2311 5542 nihil
2351 5491 2592 5545 invenire
2625 5499 2707 5542 est
2749 5487 2855 5542 tuis
2889 5487 3140 5540 laudibus
3170 5485 3505 5538 otferendum
3534 5502 3549 5550 ;

2003 5579 2143 5645 quod
2177 5579 2346 5648 possit
2405 5595 2567 5648 prope
2601 5577 2860 5632 accedere
2905 5579 2971 5630 ad
3014 5577 3063 5630 id
3090 5577 3230 5645 quod
3266 5585 3318 5632 te
3345 5577 3547 5632 condc-

2003 5676 2104 5720 cet.
2135 5665 2369 5734 Namque
2401 5667 2592 5720 anima:
2624 5677 2726 5720 tuae
2775 5667 2951 5738 fulgor
2993 5682 3155 5736 supra
3210 5669 3415 5721 salares
3458 5683 3543 5720 ra-
