4014 6214
468 248 535 310 95
612 276 616 280 κ
1656 241 2054 304 MANUELIS
2089 234 2532 298 PALAEOLOGI
3624 219 3696 282 96

469 356 589 407 dios
615 395 628 418 ,
664 361 715 408 et
749 355 858 407 fere
913 353 1117 406 nullum
1154 351 1359 405 habens
1399 349 1576 412 linem,
1611 348 1724 401 sive
1771 345 2005 398 laudem.
2046 338 2090 396 A
2131 339 2330 398 dicam.
2360 337 2594 394 insertas
2625 335 2898 388 habebunt
2939 334 3114 403 ipsius
3150 334 3362 396 laudes,
3415 333 3516 388 etsi
3552 333 3688 386 nihil

465 448 579 499 sive
617 447 882 514 plausum.
918 446 1030 498 sive
1067 444 1393 503 encomium,
1428 451 1586 508 atque
1614 449 1672 491 ut
1701 452 1811 490 uno
1841 436 2007 489 verbo

464 535 661 593 dicam,
723 533 987 602 quidquid
1053 531 1117 584 ad
1176 531 1631 585 cohonestandam
1689 527 2008 580 adhibemus

467 626 677 690 plenam
722 623 912 692 gratiis
963 622 1219 685 animam,
1262 622 1422 688 longo
1463 616 2009 686 superatintervallo,

463 725 516 766 et
565 713 801 766 laborem
867 727 1081 766 omnem
1117 711 1349 765 ostendit
1411 711 1646 762 inanem.
1688 707 1768 760 Ad
1799 713 2006 758 tantum

463 819 591 871 ergo
645 804 1017 864 celsitudinis:
1049 800 1541 870 magnitudinisque
1603 805 1825 856 evecta,
1882 793 2008 860 quid

466 910 563 956 nos
595 895 788 947 aliene
856 894 1179 961 poterimus,
1242 892 1386 960 quod
1447 891 1520 944 sit
1553 905 1660 942 non
1697 886 2016 956 indignum?

464 985 640 1040 Vitam
673 984 818 1037 enim
855 985 1024 1052 prima
1061 985 1199 1037 inter
1231 983 1477 1036 homines
1509 978 2010 1033 innocentissimam

464 1075 646 1136 egisti,
707 1081 1049 1140 mentemque
1110 1072 1343 1124 habuisti
1385 1070 1534 1124 omni
1577 1081 1806 1136 prorsus
1857 1066 2012 1130 culpa

469 1178 712 1228 vacuant,
748 1170 803 1216 et
858 1178 1056 1231 corpus
1107 1163 1180 1216 illi
1233 1171 1698 1221 consentaneum,
1757 1163 2017 1223 tantaque

469 1254 702 1322 Spiritus
759 1252 1077 1315 radiatione,
1137 1252 1327 1320 gloria,
1389 1258 1443 1303 et
1495 1250 1780 1316 splendore
1828 1254 2015 1297 ornata

467 1345 640 1405 fuisti,
685 1354 741 1396 ut
767 1343 846 1396 vel
884 1343 1028 1409 ipsas
1059 1341 1406 1408 superaveris
1442 1337 1548 1390 Deo
1587 1335 2012 1404 pretiosissimas

467 1446 771 1496 creaturas,
808 1434 989 1500 idque,
1038 1441 1094 1484 ut
1129 1431 1332 1484 dictum
1357 1439 1460 1489 est,
1496 1427 1815 1497 longissimo
1843 1425 2015 1477 inter-

465 1527 632 1581 vallo.
697 1525 775 1577 Ad
843 1524 970 1590 quid
1031 1537 1130 1590 ego
1178 1536 1376 1584 moror,
1445 1533 1668 1586 remque
1701 1524 1867 1568 totam
1905 1528 2014 1566 uno

466 1619 630 1671 verbo
665 1630 768 1668 non
803 1609 1175 1678 complector?
1208 1609 1318 1664 Vas
1355 1609 1494 1662 facta
1535 1624 1592 1662 es
1622 1615 1804 1675 aptum
1845 1601 2020 1657 susci—

2131 429 2235 483 dici
2267 435 2464 497 potest,
2525 426 2668 496 quod
2705 426 2921 495 dignam
2963 427 3244 480 contineat
3277 425 3644 479 laudationem
3676 441 3693 486 ;

2133 536 2240 574 non
2301 519 2446 576 enim
2502 519 2766 586 permittit
2817 519 2918 570 hoc
2976 517 3294 584 magnitudo
3338 516 3554 584 gratiae,
3588 530 3696 581 qua

2135 609 2322 678 pollet.
2355 607 2488 672 Quis
2541 607 2685 661 enim
2726 608 2902 675 dignis
2936 608 3079 660 illam
3124 607 3382 660 laudibus
3431 606 3694 667 celebret,

2133 715 2255 770 quae
2304 701 2428 754 caeli
2467 699 2749 758 absidibus
2804 699 3093 760 excelsior,
3151 699 3318 751 radiis
3359 700 3570 766 purior,
3611 712 3699 750 res

2133 802 2216 846 est
2239 794 2480 846 omnium
2536 792 2933 861 pretiosissima
2997 790 3147 844 Deo?
3181 791 3286 843 Nec
3335 793 3379 843 si
3411 788 3699 854 utriusque

2132 883 2346 953 generis
2387 882 2636 950 quisquis
2673 881 3011 950 angelorum.
3059 881 3308 946 inquam,
3335 889 3384 931 et
3413 878 3698 930 hominum

2134 975 2321 1027 decem
2358 989 2475 1035 ora,
2505 972 2694 1027 decem
2719 973 2929 1040 linguas
2960 973 3204 1030 haberet,
3238 978 3332 1023 aut
3365 971 3552 1022 eadem
3605 967 3700 1019 dc-

2133 1065 2247 1120 cies
2300 1064 2496 1119 millies
2543 1062 2916 1130 multiplicata.
2983 1062 3046 1114 Et
3103 1061 3453 1132 hyperbolice
3477 1058 3696 1124 quidem

2137 1153 2302 1220 hujus
2379 1167 2565 1206 ansam
2648 1151 2944 1205 locutionis
3021 1151 3150 1203 mihi
3177 1149 3326 1202 dedit
3406 1148 3694 1199 Ilomerus.

2137 1244 2388 1297 Arbitror
2416 1253 2617 1306 tamen,
2647 1243 2791 1309 quod
2823 1259 2942 1298 sum
2995 1243 3267 1301 dicturus,
3298 1241 3554 1307 majorem
3579 1251 3700 1289 esse

2139 1336 2490 1404 hyperbolen,
2522 1349 2627 1388 non
2661 1343 2838 1386 tamen
2872 1348 2900 1385 a
2933 1333 3160 1387 verit-ate
3205 1331 3444 1384 alienum
3468 1345 3482 1392 ;
3505 1341 3626 1380 nam
3651 1325 3696 1379 si

2139 1429 2390 1482 universa
2445 1427 2763 1495 angelorum
2801 1425 3114 1486 multitudo,
3143 1432 3198 1478 et
3237 1422 3553 1475 universum
3595 1418 3697 1470 ho-

2140 1517 2345 1568 minum
2395 1531 2566 1584 genus
2616 1517 2669 1569 in
2734 1532 2898 1569 unam
2959 1516 3181 1569 omnino
3224 1514 3438 1568 coirent
3479 1525 3613 1570 rem,
3645 1516 3700 1561 et
3744 1556 3748 1560 .

2138 1605 2364 1673 proinde
2401 1621 2568 1660 unum
2614 1621 2676 1661 os
2723 1617 2774 1660 et
2831 1621 2992 1658 unam
3027 1618 3216 1658 omnes
3267 1603 3505 1671 linguam
3534 1599 3700 1652 habeo

466 1709 660 1774 piendo
693 1705 1141 1760 consubstantiali
1191 1701 1332 1754 Patri
1387 1709 1659 1754 coaeterno
1698 1697 1774 1748 illi
1819 1694 2015 1754 Verbo,
2054 1699 2100 1757 Β
2139 1707 2280 1759 rent,
2309 1711 2371 1750 ac
2399 1707 2567 1750 totum
2601 1699 2703 1751 hoc
2737 1697 2938 1750 animai
2995 1703 3339 1765 compactum
3397 1693 3701 1745 resolvere-

466 1797 609 1860 quod
641 1813 704 1848 ex
739 1796 897 1847 Patre
929 1793 1149 1860 quidem
1189 1792 1304 1846 sine
1334 1799 1593 1854 tempore,
1629 1803 1690 1840 ex
1726 1796 1777 1840 te
1805 1801 1934 1847 vero
1961 1785 2014 1837 in

469 1892 728 1948 tempore.
761 1893 809 1935 et
837 1897 896 1932 ex
940 1890 1172 1947 utroque
1206 1877 1404 1945 prodiit
1461 1876 1579 1929 sine
1636 1876 1739 1928 ulla
1780 1875 2015 1928 laesione.

468 1967 653 2034 Itaque
691 1983 786 2021 nec
811 1970 918 2021 Deo
939 1983 1078 2035 opus
1099 1973 1259 2018 erunt
1279 1973 1456 2016 nostra
1475 1963 1735 2016 encomia.
1761 1959 2016 2026 Quinam,

467 2069 521 2111 et
541 2059 722 2112 unde?
752 2057 858 2112 Nec
888 2058 982 2110 tibi
1019 2057 1137 2123 ejus
1158 2053 1332 2115 Matri,
1370 2062 1422 2106 et
1453 2053 1526 2106 illi
1564 2052 1778 2120 quidem
1811 2066 1873 2105 eo
1892 2051 2017 2119 quia

471 2160 718 2204 naturam
781 2151 939 2202 habet
990 2149 1417 2217 supereminere,
1492 2145 1636 2214 quod
1703 2141 2016 2211 aliquando,

469 2240 690 2293 caducis
721 2241 882 2308 etiam
927 2240 1112 2301 rebus,
1165 2247 1215 2292 et
1249 2253 1369 2304 quae
1411 2237 1552 2303 apud
1586 2250 1685 2289 nos
1740 2242 1886 2295 sunt,
1921 2232 2019 2284 tri-

472 2333 634 2383 buere
661 2330 1062 2384 consuevimus.
1100 2327 1232 2381 Cum
1268 2327 1357 2380 Dei
1401 2335 1590 2379 natura
1647 2324 1904 2377 inﬁnities
1935 2323 2019 2374 in-

473 2421 621 2474 ﬁnita
681 2435 895 2474 omnem
951 2427 1184 2472 mentem
1249 2417 1395 2472 omni
1441 2424 1661 2482 stupore
1707 2412 1928 2479 repleat,
1964 2417 2018 2463 et

471 2527 630 2564 omne
678 2510 943 2563 bonorum
1007 2496 1178 2578 g'enus
1238 2517 1390 2563 tanta
1440 2506 1665 2559 excellat
1726 2503 2017 2561 alﬂuentia,

473 2609 732 2666 quantum
791 2600 974 2652 animo
1035 2598 1492 2666 comprehendere
1540 2610 1646 2647 non
1704 2593 1860 2655 licet;
1897 2605 2020 2643 nam

473 2690 563 2743 illa
622 2690 771 2742 nullo
831 2689 1018 2741 linitur
1055 2689 1306 2748 termino,
1333 2701 1433 2739 nec
1473 2684 1615 2738 enim
1649 2689 1846 2750 potest,
1881 2683 2022 2734 sicut

471 2793 525 2835 et
551 2783 783 2851 seipsam
823 2795 1041 2849 negare.
1077 2780 1244 2847 Cujus
1268 2779 1408 2830 enim
1433 2775 1696 2828 terminus
1733 2782 1815 2827 est
1855 2772 2022 2824 inter-

475 2875 826 2935 minabilitas,
892 2879 946 2924 et
996 2869 1140 2938 quod
1191 2868 1474 2920 manifeste
1537 2865 1730 2925 scitur,
1783 2871 2021 2916 estesse

473 2966 766 3026 occultum,
823 2977 928 3029 qua
978 2961 1189 3013 ratione.
1248 2959 1368 3025 quis
1425 2957 1594 3024 possit
1642 2952 1760 3022 ejus
1795 2953 2020 3004 delinire

2139 1799 2227 1842 tur
2258 1791 2311 1842 in
2339 1805 2498 1843 unam
2539 1778 2816 1844 Stentoris
2844 1805 3050 1853 vocem,
3081 1791 3196 1843 sive
3236 1788 3398 1841 etiam
3450 1785 3538 1837 illa
3580 1786 3701 1837 sine

2137 1881 2490 1946 proportione
2541 1881 2939 1942 t-larnosiorem,
2999 1887 3052 1933 et
3101 1880 3215 1931 [nec
3261 1876 3370 1929 illis
3399 1874 3591 1926 darent
3630 1869 3699 1922 ad

2138 1969 2504 2040 peragendum
2557 1965 2644 2022 Dei
2694 1970 2845 2022 Matri
2899 1972 3179 2036 hymnum.
3236 1967 3346 2020 lieri
3391 1981 3496 2017 non
3544 1977 3702 2030 posse

2137 2066 2288 2124 puto,
2354 2059 2440 2110 illa
2497 2059 2740 2129 dignum,
2801 2068 2893 2113 aut
2933 2060 3097 2129 digno
3144 2057 3452 2127 proximum
3486 2055 3701 2107 :satius

2137 2164 2265 2217 ergo
2295 2160 2378 2201 est
2443 2152 2720 2216 preter-ire
2787 2151 3027 2213 silentio,
3079 2164 3240 2218 quam
3279 2149 3416 2202 velle
3446 2159 3698 2199 sermone

2137 2238 2296 2307 longo
2351 2240 2492 2292 illaut
2551 2241 2849 2304 celebrare,
2915 2259 3035 2311 qua:
3071 2252 3177 2294 tam
3205 2239 3511 2292 illuSIribus
3542 2236 3701 2290 fartis

2141 2331 2401 2398 gloriosa,
2435 2341 2542 2400 tam
2598 2333 2956 2396 admirandis,
2995 2349 3056 2388 ac
3117 2347 3284 2402 supra
3319 2333 3565 2386 ordinem
3602 2344 3702 2382 na-

2142 2429 2278 2474 tune
2335 2423 2528 2487 eluxit,
2585 2426 2806 2492 perinde
2861 2440 2921 2478 ac
2990 2426 3034 2478 si
3096 2428 3219 2493 quis
3276 2438 3375 2491 cpe
3427 2423 3699 2476 scalarum

2141 2515 2301 2569 vellet
2326 2519 2519 2571 cadum
2540 2520 2935 2574 conscendere.
2962 2519 3023 2573 Et
3046 2521 3156 2573 haec
3174 2517 3390 2586 quidem
3415 2517 3702 2569 hactenus.

2143 2608 2297 2672 Quod
2349 2619 2538 2671 restat,
2593 2621 2650 2662 ut
2681 2610 2984 2676 ostendam,
3051 2626 3209 2664 unam
3238 2625 3299 2662 ex
3327 2608 3585 2661 omnibus
3609 2605 3703 2658 Dei

2144 2697 2366 2754 Matrem
2398 2701 2598 2754 obiisse
2631 2701 2976 2766 gaudentem.
3004 2712 3059 2753 ut
3085 2699 3417 2753 exordiendo
3441 2699 3703 2756 diximus,

2146 2788 2247 2840 hoc
2303 2800 2453 2844 certe
2509 2790 2783 2846 succedet.
2841 2790 2953 2855 ipsa
2989 2802 3150 2856 supra
3198 2787 3342 2838 vires
3373 2791 3586 2837 nostras
3624 2780 3703 2832 fa-

2143 2885 2305 2931 vente
2359 2877 2661 2939 laboribus,
2715 2879 2873 2945 cujus
2925 2877 3126 2930 auxilio
3155 2875 3276 2929 freti
3309 2871 3702 2936 illos~spscepi~

2147 2982 2285 3020 mus.
2323 2968 2432 3021 lloc
2463 2978 2642 3020 autem
2683 2980 2738 3021 ut
2771 2971 3058 3034 probetur,
3098 2982 3204 3020 non
3251 2981 3388 3034 opus
3414 2979 3535 3018 esse
3560 2961 3704 3014 arbi-

474 3055 872 3111 sttbstantiam?
931 3053 1129 3106 Rerum
1190 3065 1314 3102 vero
1347 3049 1398 3100 in
1426 3056 1477 3098 te
1498 3045 1960 3104 atlmit‘andarum.
1991 3056 2024 3094 0
2062 3058 2103 3117 C
2145 3066 2260 3110 tror
2306 3058 2624 3128 ambagibus
2680 3067 2731 3110 et
2782 3058 3138 3127 labyrinthis;
3193 3056 3288 3110 sed
3331 3063 3510 3109 vestra
3539 3064 3706 3104 causa

475 3147 659 3215 Virgo.
694 3160 858 3197 causa
909 3153 993 3196 est
1047 3139 1338 3193 voluntatis
1390 3136 1748 3204 propositum.
1782 3132 1913 3184 Nam
1953 3145 2021 3185 ex

474 3237 798 3291 rectitudine
823 3233 1039 3293 mentis,
1071 3241 1123 3285 et
1153 3229 1425 3298 probitate
1467 3242 1676 3280 morum
1727 3225 1804 3287 ﬁt,
1838 3234 1896 3277 ut
1929 3239 2022 3277 su-

477 3346 633 3398 peres
687 3331 793 3382 vim
827 3327 1219 3387 encomiorum,
1258 3339 1363 3376 non
1422 3322 1564 3390 quod
1609 3321 1707 3374 llos
1740 3326 1945 3372 naturae
1971 3325 2025 3372 et

478 3422 668 3479 honor,
699 3434 760 3472 ac
792 3419 976 3479 decus,
1011 3423 1064 3469 ct
1091 3425 1281 3469 caetera
1315 3413 1364 3465 id
1401 3427 1570 3479 genus
1609 3411 1789 3463 omnia
1819 3417 1871 3462 ct
1902 3409 2028 3476 jure

475 3510 692 3579 quidem
751 3508 976 3576 optimo,
1030 3519 1262 3566 namque
1287 3503 1357 3557 ob
1416 3509 1624 3554 naturre
1653 3499 2023 3555 excellentiam

478 3602 721 3655 habenda
749 3597 1031 3652 Conditori
1063 3594 1259 3664 gratia,
1313 3593 1384 3645 ob
1414 3592 1578 3644 animi
1627 3607 1753 3644 vero
1778 3588 2028 3659 proposi-

479 3703 590 3744 tum
621 3689 920 3743 laudandus
951 3687 1041 3755 qui
1075 3689 1154 3739 sic
1182 3683 1370 3738 voluit.
1420 3680 1669 3736 Otnittatn
1703 3681 1868 3748 igitur
1906 3682 2026 3733 lau-

477 3781 748 3832 dationem
775 3775 983 3829 meliori
1012 3787 1140 3826 sane
1168 3771 1432 3825 consilio:
1456 3769 1705 3822 vi‘dentur
1727 3771 1868 3820 enim
1897 3767 2028 3820 mihi

477 3866 676 3920 dicturi
741 3879 951 3925 omnes,
999 3862 1201 3930 optime
1257 3860 1445 3911 laudes
1485 3872 1513 3910 a
1567 3872 1651 3909 me
1698 3857 2026 3919 elaboratas,

477 3956 621 4025 quod
654 3954 866 4008 animus
912 3952 1075 4004 fuerit
1121 3965 1188 4002 ne
1221 3951 1485 4016 attingere
1531 3946 1643 4000 fere
1667 3945 1874 4009 laudes,
1904 3945 2029 4000 licet

479 4058 595 4100 uta
625 4061 791 4114 scapo
841 4058 1030 4112 parum
1093 4039 1454 4102 deﬂecterem,
1513 4037 2026 4091 vehementissimus

478 4142 555 4192 tui
591 4152 741 4190 amor
771 4135 1028 4190 elfecerit.
1059 4131 1168 4185 Nec
1212 4132 1430 4193 mirum,
1460 4143 1582 4182 cum
1627 4139 1680 4182 et
1735 4127 2028 4180 inanimata

478 4232 595 4298 ipsa
631 4238 822 4297 sponte
858 4240 956 4280 sua
1010 4231 1330 4277 moveantur
1361 4222 1414 4272 in
1445 4229 1565 4273 tuas
1599 4218 1805 4272 laudes.
1833 4218 1960 4279 Sed,
1993 4231 2026 4269 ο

477 4332 655 4375 ccetus
691 4319 898 4378 Dci,'et
952 4314 1260 4368 festivitatis
1309 4327 1520 4370 amans,
1555 4323 1677 4362 nam
1729 4307 2024 4360 secundoa

481 4412 655 4480 primo
686 4408 902 4477 pendet,
929 4407 1104 4459 ethoc
1135 4401 1412 4471 prmsel‘ert
1453 4401 1606 4461 illud,
1645 4397 1710 4451 ad
1741 4412 1836 4451 vos
1871 4397 2026 4450 dein-

480 4517 608 4569 ceps
630 4499 877 4553 conversi
930 4496 1204 4549 solvemus
1231 4493 1470 4546 debitum
1506 4490 1678 4550 vobis,
1709 4497 1761 4542 et
1796 4486 2027 4556 Virgini.

485 4591 599 4645 Dixi
658 4599 837 4642 autem
894 4587 1097 4640 meliori
1147 4581 1366 4636 consilio
1406 4582 1472 4633 de
1506 4578 1794 4641 industria,
1821 4593 1888 4632 ne
1923 4577 2032 4631 for-

482 4691 629 4736 tasse
661 4680 935 4733 videamur
965 4678 1017 4729 in
1049 4688 1338 4745 progressu
1367 4669 1634 4723 sermonis
1679 4668 1811 4722 velle
1843 4683 2031 4722 rursus

482 4770 724 4824 encomia
771 4780 1013 4832 nectere,
1062 4782 1188 4820 cum
1243 4765 1332 4816 illa
1371 4779 1477 4816 non
1511 4761 1770 4814 adhibere
1798 4759 2032 4828 amplius

483 4861 904 4915 decreverimus.
944 4859 1053 4912 Hoc
1084 4873 1243 4926 porro
1272 4856 1489 4910 evenire
1518 4852 1772 4906 omnibus
1809 4864 2031 4904 necesse

483 4961 585 5015 est,
625 4953 717 5018 qui
755 4951 986 5017 aliquem
1031 4949 1098 5001 de
1145 4947 1235 4999 illa
1271 4958 1576 4998 sermonem
1609 4942 1811 4994 habere
1843 4941 2032 4992 volue-

484 5034 613 5087 rint.
653 5034 890 5086 Alterum
915 5031 1058 5085 enim
1091 5045 1120 5084 e
1153 5031 1363 5084 duobus
1385 5030 1483 5082 erit
1507 5027 1747 5088 omnino,
1775 5033 1867 5077 aut
1901 5023 2034 5077 nihil

483 5125 667 5178 dicere
692 5124 758 5178 de
782 5122 1022 5192 Virgine,
1047 5131 1141 5174 aut
1167 5121 1211 5175 si
1246 5120 1395 5173 dicas
1433 5117 1674 5171 laudare.
1700 5114 1856 5169 Nulla
1887 5113 2032 5168 enim

486 5219 697 5274 ratione
733 5216 848 5269 ﬁeri
882 5225 1081 5282 potest,
1124 5225 1180 5266 ut
1205 5212 1441 5279 loquaris
1469 5209 1535 5263 de
1564 5209 1653 5260 illa
1686 5218 1742 5261 et
1776 5207 1893 5260 laus
1925 5217 2032 5258 non

484 5311 576 5369 sit,
653 5307 796 5376 quod
859 5305 1137 5374 loqueris,
1209 5299 1644 5371 quandoquidem
1694 5305 1748 5350 et
1817 5296 1931 5364 ipsa
1981 5301 2037 5346 et

485 5399 748 5466 quidquid
776 5405 986 5466 spectat
1026 5396 1090 5447 ad
1117 5395 1309 5462 ipsam,
1331 5387 1813 5445 celebratissimam
1838 5384 2042 5437 habent

487 5490 737 5557 gloriam.
783 5487 963 5552 Quare
1010 5486 1207 5554 dignus
1269 5485 1424 5551 plane
1457 5479 1611 5534 venia
1641 5492 1781 5538 sum,
1816 5475 1860 5528 si
1893 5474 2039 5527 ince-

489 5587 639 5644 ptum
673 5579 848 5646 primo
870 5579 1100 5633 consilio
1149 5589 1452 5630 sermonem
1496 5567 1888 5639 prosequendo,
1919 5578 2036 5631 qua:

2145 3148 2335 3203 istbmc
2353 3149 2631 3202 dicemus:
2656 3148 2745 3202 Dei
2770 3148 2946 3209 Matri,
2964 3165 3083 3216 qua:
3102 3149 3398 3215 ipsummet
3417 3143 3702 3213 gaudium,
3787 3156 3794 3159 ·

2150 3239 2254 3292 hoc
2292 3250 2374 3292 est
2399 3237 2634 3292 Verbum
2669 3239 2788 3293 sine
2809 3248 3053 3306 tempore
3070 3238 3466 3292 contubernale
3488 3251 3707 3304 semper

2146 3329 2402 3393 habebat,
2429 3330 2555 3398 quid
2596 3331 2847 3384 morienti
2889 3335 3074 3398 posset
3115 3329 3300 3382 acerbi
3357 3327 3706 3394 contingere,

2148 3428 2242 3473 aut
2262 3433 2367 3486 qua
2402 3420 2449 3472 vi
2481 3435 2565 3473 res
2588 3420 2693 3473 ulla
2717 3421 2939 3473 omnino
2956 3420 3209 3486 gaudium
3240 3418 3362 3486 ejus
3384 3427 3705 3486 perpetuum

2151 3517 2207 3562 et
2231 3509 2349 3563 sine
2377 3508 2786 3564 intermissione
2823 3507 3394 3577 potuissetinfringere
3414 3507 3436 3558 ?
3460 3507 3710 3560 Proiecto

2148 3599 2295 3653 enim
2338 3600 2430 3652 illa
2448 3599 2786 3667 relinquebat
2810 3599 3078 3660 abeundo,
3107 3599 3306 3667 quibus
3341 3613 3445 3650 non
3462 3598 3711 3651 eratalli—

2151 3695 2275 3755 gata
2300 3687 2555 3750 vivendo,
2582 3689 2689 3741 iniu
2714 3702 2844 3740 vero
2858 3688 3056 3754 quibus
3086 3688 3429 3745 tristabatur.
3453 3687 3580 3739 dum
3612 3701 3712 3753 pro

2153 3778 2466 3831 conditione
2531 3787 2738 3831 natura:
2764 3779 2831 3831 iis
2871 3779 2945 3830 uti
2981 3768 3285 3843 cogeretur.
3335 3776 3710 3845 Migrationem

2153 3884 2284 3937 ergo
2342 3868 2652 3935 emptabat.
2701 3867 2870 3931 Quam
2903 3881 3034 3936 ergo
3062 3867 3204 3920 diem
3255 3869 3394 3921 votis
3456 3867 3713 3920 omnibus

2152 3967 2413 4025 perpetuo
2447 3956 2846 4024 cupiebat,qua
2874 3956 3088 4008 ratione
3121 3956 3497 4009 advenientem
3527 3957 3706 4008 liben-

2155 4052 2365 4105 tissime
2404 4066 2507 4102 non
2543 4052 2866 4116 excepisset,
2922 4065 3014 4117 per
3045 4065 3205 4116 quam
3247 4049 3430 4111 ﬁebat,
3473 4059 3532 4101 ut
3566 4064 3712 4102 sem-

2155 4154 2246 4204 per
2301 4154 2423 4191 cum
2455 4137 2590 4191 Filio
2620 4140 2824 4191 victura
2860 4149 3023 4202 esset,
3063 4153 3184 4190 cum
3236 4133 3374 4189 Filio
3410 4137 3712 4204 eodemque

2154 4228 2263 4281 Deo
2304 4244 2365 4282 ac
2405 4229 2740 4281 Conditore?
2771 4229 2936 4292 Cedo,
2978 4227 3414 4296 persuademus?
3453 4227 3710 4280 arbitror.

2151 4317 2291 4380 Quid
2319 4317 2504 4368 enim?
2538 4318 2645 4369 haec
2673 4333 2851 4370 annon
2886 4320 3212 4371 concludant
3241 4318 3588 4372 necessario?
3619 4335 3715 4370 an-

2068 4398 2117 4456 Π
2154 4420 2260 4459 non
2281 4405 2490 4458 veritati
2507 4407 2615 4459 sint
2639 4421 2882 4461 consona
2907 4408 3015 4460 ?illi
3047 4417 3157 4460 toto
3178 4409 3299 4461 vita:
3320 4415 3561 4474 tempore
3580 4407 3712 4458 nihil

2146 4497 2401 4565 contigit,
2434 4497 2500 4550 de
2536 4511 2644 4564 quo
2676 4504 2823 4551 esset
2855 4497 3169 4558 dolendum,
3213 4513 3312 4550 cur
3337 4513 3464 4566 ergo
3504 4497 3712 4550 doluis-

2145 4594 2229 4641 set
2282 4587 2591 4653 advenisse,
2617 4603 2724 4655 quo
2744 4597 2970 4640 venturo
2994 4587 3339 4640 vehementer
3382 4588 3668 4641 laetabatur
3691 4587 3717 4638 ἲ

2144 4692 2383 4746 quorum
2437 4679 2580 4732 enim
2634 4679 2873 4746 jucunda
2927 4686 3011 4732 est
3039 4679 3394 4746 exspectatio,
3424 4677 3716 4746 jucundis-

2148 4770 2284 4824 siina
2324 4779 2407 4825 est
2440 4785 2666 4838 prorsus
2709 4770 3014 4836 praesentia.
3047 4767 3200 4833 Quod
3234 4782 3364 4822 vero
3391 4778 3473 4821 est
3502 4768 3714 4836 perspi-

2148 4874 2250 4915 cue
2289 4853 2778 4930 jucundissﬁnuin,
2835 4860 3067 4928 probare
3097 4861 3240 4927 quod
3272 4874 3380 4912 non
3432 4859 3503 4913 sit
3543 4859 3715 4913 mole-

2152 4963 2326 5018 stum,
2353 4952 2578 5006 omnino
2634 4961 2715 5004 cst
2751 4965 3171 5018 supervacuum.
3209 4947 3326 5001 Una
3371 4963 3457 5002 res
3507 4947 3715 5001 beatam

2155 5042 2302 5097 illius
2353 5043 2590 5095 animam
2651 5041 2878 5094 viventis
2935 5040 3181 5108 pupugit,
3220 5053 3326 5090 non
3373 5038 3543 5093 fuisse
3590 5051 3712 5090 cum

2160 5131 2444 5187 Salvatore
2476 5133 2636 5186 simul
2664 5146 2828 5185 carne
2856 5144 3071 5199 passam
3108 5139 3162 5184 et
3191 5137 3483 5194 mortuam,
3509 5143 3572 5182 ex
3606 5143 3717 5194 quo

2163 5223 2344 5285 ﬂebat,
2392 5234 2450 5275 ut
2491 5223 2598 5274 vita
2651 5221 2752 5289 ipsi
2810 5221 3028 5287 longior
3071 5234 3177 5272 non
3210 5220 3526 5287 permittens
3551 5230 3715 5286 quam

2163 5315 2395 5384 primum
2423 5314 2501 5368 ire
2529 5313 2594 5366 ad
2629 5313 2800 5376 illum,
2834 5312 3122 5366 haberetur
3168 5305 3522 5363 intolerabilis
3547 5309 3716 5361 inulto

2164 5405 2358 5473 magis,
2418 5419 2580 5471 quam
2641 5403 2797 5458 nobis
2847 5419 3030 5462 mors;
3063 5402 3135 5454 ita
3173 5401 3337 5469 igitur
3367 5398 3617 5453 affectam
3649 5411 3717 5450 ne

2165 5498 2351 5552 dolore
2403 5510 2624 5550 vacuam
2681 5496 2944 5563 migrasse
2992 5494 3196 5562 liquet;
3242 5491 3344 5544 nisi
3399 5491 3522 5559 quis
3573 5488 3719 5542 dicat

2167 5589 2304 5644 illud
2359 5587 2527 5640 fuisse
2577 5586 2769 5646 dolori,
2825 5586 2968 5653 quod
3029 5597 3125 5637 nec
3167 5581 3336 5635 Filius
3375 5578 3711 5640 detrectavit,
