4014 6214
221 380 271 445 g7
1024 352 1303 415 ORATIO
1345 349 1427 412 IN
1463 341 2007 445 DORMlTI‘ONEM
2048 327 2562 445 SS.MDiiIPA,RE.
3296 338 3395 445 A93

226 438 433 546 nimirum
477 487 680 532 summe
732 470 1006 524 unitorum
1039 459 1486 527 disiunctionem,
1533 464 1727 504 animae
1772 438 1821 495 Α
1849 445 1987 499 sicut
2045 451 2096 496 et
2136 442 2493 546 illusiones,”
2510 451 2566 495 et
2615 453 2856 503 erucem,
2893 448 2946 494 et
2997 451 3222 546 mortem
3258 443 3403 546 eins:

222 584 318 638 dico
356 583 402 630 et
458 567 742 638 corporis;
782 562 888 614 hoc
913 566 1092 610 autem
1126 566 1250 606 cum
1286 558 1485 603 natura
1540 555 1731 597 neces-

221 670 385 727 sarium
436 663 522 723 sit,
572 657 814 712 dolorem
877 650 1034 704 alfcrt
1082 660 1189 700 non
1212 641 1535 727 diuturnum
1568 652 1583 689 :
1620 647 1729 686 non

221 726 331 816 enim
372 755 496 808 adeo
526 742 883 819 praeteritum,
917 753 1079 810 quam
1140 736 1339 789 absens
1377 737 1427 782 et
1457 726 1729 819 ‘futurum

221 811 385 910 terret;
418 811 542 896 fere-
570 839 714 892 enim
744 833 932 901 effugit
980 830 1189 882 instans
1228 833 1283 877 et
1329 811 1733 910 quodammo‘do

223 900 399 993 sensum
446 933 573 983 latet
620 900 900 979 momento
928 917 1205 974 eveniens.
1233 919 1285 966 et
1310 915 1605 974 antequam
1642 900 1737 952 fiat

223 1040 411 1097 timens
430 1020 604 1074 avolat
635 1032 651 1069 :
684 1010 1118 1067 licet‘alﬁrmare,
1149 999 1464 1097 volentibus
1489 1002 1736 1097 tempore

225 1087 303 1170 non
325 1110 633 1170 mensurari,
663 1109 800 1159 adeo
828 1102 980 1156 velox
1004 1108 1107 1153 est.
1136 1095 1276 1159 Quin
1308 1091 1470 1143 etiam
1498 1087 1734 1139 humana

224 1209 363 1261 omnia
398 1205 536 1270 iusta
573 1193 978 1269 quodammodo
1034 1196 1188 1249 sunt,
1236 1198 1337 1237 nec
1384 1177 1622 1247 reperire
1652 1178 1738 1270 est

224 1267 504 1364 voluptatem
548 1267 663 1344 ulla
717 1289 772 1341 in
819 1300 878 1340 re
910 1286 1030 1338 sine
1067 1273 1313 1334 tristitia,
1349 1278 1405 1325 et
1434 1274 1645 1370 contra,
1679 1267 1741 1313 ut

224 1392 397 1457 sapiens
424 1384 641 1453 quidam
681 1394 747 1433 ex
776 1373 1016 1443 antiquis
1050 1369 1220 1424 dixit:
1241 1364 1374 1457 Non
1394 1366 1481 1457 est
1507 1364 1574 1457 in,
1598 1365 1737 1457 quo:

226 1452 347 1549 quam
394 1452 633 1542 reperire
686 1471 855 1523 vitam
911 1466 1031 1520 sine
1069 1457 1316 1515 tristitia.
1349 1452 1583 1549 Dixisset
1613 1456 1741 1498 vero

225 1542 263 1626 et
290 1569 592 1639 oppositum,
644 1563 693 1618 si
747 1574 884 1626 opus
943 1555 1138 1609 fuisset
1175 1569 1189 1604 :
1225 1548 1340 1601 Non
1389 1552 1473 1597 est
1509 1542 1565 1639 in

224 1626 590 1731 quam'reperire
642 1654 812 1706 vitam
860 1643 1152 1712 volup'atis
1198 1643 1497 1731 expertem:
1526 1626 1666 1731 Quid
1695 1626 1740 1677 si

225 1721 462 1821 praevaleat
484 1746 629 1817 quod
660 1742 853 1801 vincit,
876 1738 1102 1793 omnino
1126 1743 1351 1786 necesse
1367 1732 1461 1821 est
1484 1721 1739 1775 inferius,

226 1855 264 1898 et
293 1842 500 1896 debilius
534 1838 724 1892 statim
762 1834 921 1904 plane
964 1826 1121 1883 cedat
1169 1822 1276 1875 fort

222 1936 325 2003 jori.
346 1934 467 1987 Cum
498 1931 616 1984 haec
656 1929 731 1981 ita
761 1902 894 1985 sint,
926 1918 1116 1990 quidni
1161 1910 1478 2003 dicendum-
1498 1902 1741 1959 dolorem

227 1996 336 2079 tunc
358 2026 416 2078 ab
436 2022 521 2076 illa
559 2016 875 2075 vehementi
930 2010 1137 2073 laetitia,
1173 2017 1280 2073 qua
1312 2000 1399 2053 Dei
1430 1996 1598 2049 Mater
1621 2003 1746 2058 per-

227 2117 503 2172 fundebatur
537 2112 659 2167 vita
705 2106 997 2166 excedens,
1029 2101 1195 2155 fuisse
1230 2084 1586 2158 absorptum?
1610 2079 1745 2135 Nam

226 2213 261 2265 si
301 2224 405 2278 quae
450 2221 479 2259 a
518 2203 667 2258 Filio
712 2198 949 2267 reposita
992 2191 1094 2248 sibi
1151 2192 1308 2244 erant
1359 2183 1415 2234 in
1461 2176 1600 2232 cmlo
1628 2177 1750 2278 post

227 2276 359 2357 vitam
404 2301 537 2353 banc
578 2291 840 2349 fruenda.
907 2287 1111 2339 habens
1169 2281 1433 2348 perpetuo
1478 2276 1748 2323 summam

227 2395 509 2461 voluptatem
585 2380 977 2455 percipiebat:
1036 2388 1137 2428 cur
1183 2360 1750 2461 praeferepdurnnm‘n

227 2447 342 2543 esset
386 2447 646 2536 omnibus
683 2447 827 2546 quod
890 2468 1035 2530 fecit,
1085 2471 1145 2516 ut
1175 2459 1357 2525 reipsa
1405 2449 1515 2505 frui
1563 2447 1754 2547 liceret

228 2535 432 2645 per
459 2585 622 2625 omne
668 2535 887 2621 aevum?
914 2558 1028 2613 Hoc
1056 2565 1221 2607 unum
1262 2547 1340 2645 illi
1368 2548 1487 2597 erat
1511 2535 1755 2645 condiat:

226 2631 361 2723 rebus
387 2662 641 2717 humanis
666 2657 799 2711 hinc
831 2650 1130 2708 discedere,
1160 2639 1303 2711 quod
1340 2650 1463 2690 cum
1495 2631 1564 2685 ab
1597 2631 1755 2679 initio

226 2758 439 2811 innatum
468 2749 804 2807 desiderium
834 2747 977 2798 esset
998 2750 1096 2809 per
1120 2743 1289 2789 totam
1314 2728 1480 2780 vitam
1514 2732 1662 2820 vere,
1689 2726 1754 2820 ac

226 2861 460 2922 germanae
515 2840 885 2907 sublimisque
934 2826 1287 2903 philosOphiae
1331 2831 1498 2922 sepsu
1550 2810 1756 2922 indesi-

226 2903 388 2994 nenter
408 2937 690 3002 irrigatum
717 2903 947 2997 vigebat,
989 2927 1178 2990 utpote
1211 2912 1354 2985 quod
1386 2903 1614 3002 fruenda
1644 2903 1758 2966 spi-

227 3030 412 3084 ritualia
460 3000 517 3082 se
556 3024 695 3093 ipsis
733 3016 1004 3076 tradebat,
1060 3024 1166 3064 non
1224 3000 1585 3093 obumbrante
1638 3002 1756 3093 am:

227 3123 343 3190 plius
372 3084 678 3173 intuentem
731 3109 971 3164 animum
1001 3110 1262 3168 corporea
1293 3084 1626 3192 moleZAdeo
1663 3090 1761 3192 cor

227 3183 325 3281 eius
359 3211 459 3263 hoc
504 3202 785 3261 desiderio
810 3194 1146 3252 tabescebat,
1171 3197 1225 3243 ut
1262 3183 1608 3281 aboleri.

230 3266 329 3364 set;
357 3309 531 3353 ortum
564 3306 730 3365 porro
760 3286 893 3342 illud
921 3299 987 3337 eo
1025 3291 1268 3348 tempore
1297 3285 1405 3366 quo
1442 3266 1612 3366 Natus
1644 3266 1763 3326 ejus

230 3393 284 3445 ad
333 3391 539 3444 Patrem
568 3363 935 3441 ascenderat,
989 3372 1265 3426 celestem
1325 3363 1469 3416 illam
1525 3363 1760 3409 animam

231 3495 474 3549 nunquam
499 3471 765 3530 deseruit.
789 3467 900 3521 lloc
923 3464 1085 3519 etiam
1108 3459 1213 3514 fuit
1244 3466 1381 3525 pons
1402 3449 1468 3503 ad
1492 3450 1766 3549 i‘minorta:
1810 3506 1814 3510 ‘

232 3573 315 3626 lem
340 3539 520 3623 sitam
580 3575 635 3621 et
674 3557 1140 3627 incorruptionem
1193 3549 1294 3614 illi,
1340 3558 1461 3614 qum
1501 3539 1767 3638 fugit-ous

234 3662 447 3717 liberatis
472 3674 500 3711 a
564 3653 936 3722 corruptione.
988 3646 1111 3700 Haec
1148 3642 1254 3697 fuit
1302 3636 1446 3693 scala
1479 3630 1543 3683 ad
1567 3626 1766 3722 Filium

234 3754 371 3807 scala!
397 3719 808 3807 ascendentium
841 3755 962 3796 cum
988 3737 1164 3791 salute
1186 3731 1251 3786 ad
1280 3743 1426 3788 eum,
1448 3723 1539 3791 qui
1569 3719 1768 3776 uelum

236 3846 374 3899 habet
399 3842 603 3902 sedem,
645 3845 701 3891 et
749 3847 909 3904 quem
939 3828 1107 3895 Virgo
1166 3820 1391 3891 peperit,
1433 3823 1486 3868 et
1526 3810 1768 3880 quicum

236 3932 397 3983 animo
449 3942 664 3996 semper
695 3920 1039 3979 versabatur,
1089 3912 1233 3982 quod
1262 3918 1318 4001 et
1349 3907 1467 3975 ipse
1493 3907 1769 4001 nunquam

237 3980 587 4087 nonageb'at:
616 3980 768 4069 lnam
809 4017 934 4079 post
984 3980 1120 4072 eius
1156 3980 1772 4089 etiamuaseensmmad

239 4110 393 4163 Patris
408 4083 630 4169 sinum,
667 4103 810 4158 unde
840 4103 1061 4153 venerat
1082 4093 1146 4147 ad
1168 4106 1291 4150 nos,
1325 4083 1516 4140 Matris
1548 4083 1774 4147 spiritus

240 4198 298 4250 ab
324 4212 385 4251 co
415 4208 688 4263 nunquam
742 4187 1000 4248 distabat,
1054 4184 1098 4238 si
1129 4180 1273 4235 enim
1318 4175 1408 4228 ubi
1428 4171 1774 4263 “thesaurus,

243 4288 303 4341 ibi
338 4295 387 4341 et
418 4258 625 4348 con-ut
664 4280 814 4334 illius
860 4286 942 4331 est
971 4270 1261 4333 sententia,
1307 4265 1397 4334 qui
1427 4258 1664 4328 Virginis
1693 4259 1777 4308 est

244 4378 536 4438 thesaurus,
596 4380 652 4426 et
708 4368 996 4439 pretiosior
1053 4359 1268 4416 cunctis
1320 4348 1617 4439 thesauris,
1648 4357 1778 4439 _qua

246 4468 434 4519 ratione
461 4435 569 4518 non
599 4435 745 4515 esset
787 4456 862 4510 illi
887 4453 1220 4521 coniunctus
1253 4442 1504 4499 Parentis
1529 4435 1777 4506 spiritus.

250 4570 349 4621 qua!
374 4554 523 4608 illum
563 4561 731 4618 supra
761 4545 1121 4615 capacitatem
1156 4535 1355 4592 mentis
1384 4528 1622 4621 peperit,
1639 4523 1781 4621 sicut
1810 4531 1859 4590 ι)

249 4616 293 4697 et
341 4645 558 4711 spiritus
586 4616 709 4711 eius
740 4652 863 4693 cum
905 4635 1017 4697 illa,
1064 4638 1123 4684 ut
1165 4643 1263 4684 nec
1300 4616 1779 4718 temporedisjup:

250 4703 461 4802 geretur,
493 4747 594 4786 nec
615 4703 735 4783 blla
769 4728 819 4780 vi
855 4739 1016 4781 casus
1042 4711 1489 4777 abstraheretur?
1521 4708 1584 4762 Et
1614 4708 1657 4762 si
1692 4703 1780 4808 ubi

253 4827 370 4890 ipse.
391 4826 496 4879 illic
523 4825 628 4879 erit
643 4833 694 4877 et
729 4820 1000 4879 minister,
1032 4812 1306 4884 quomodo
1334 4822 1440 4861 non
1468 4810 1780 4890 necessario

254 4888 442 4971 Ilater?
467 4916 735 4972 Caeterum
773 4912 964 4965 relicta
997 4908 1099 4962 fuit
1125 4905 1178 4959 in
1216 4912 1382 4965 terra,
1411 4906 1467 4953 et
1515 4908 1639 4948 cum
1669 4888 1784 4944 suis

253 5020 348 5059 non
396 5016 477 5061 est
498 5005 721 5072 abrepta
772 4997 1095 5057 visceribus.
1155 5007 1278 5048 cum
1327 4983 1643 5043 ascenderet
1682 4989 1787 5072 per

254 5097 450 5159 nubem,
512 5111 581 5151 ne
623 5069 1053 5149 subducentibus
1084 5099 1206 5140 sese
1248 5086 1472 5149 repente
1522 5069 1785 5126 ambobus

255 5186 625 5255 discipulorum
678 5182 886 5243 oculis,
947 5178 1024 5234 illi
1086 5178 1372 5229 manerent
1426 5159 1783 5222 semimortui.

256 5254 421 5345 Nuper
446 5276 589 5331 enim
635 5272 956 5341 compactis,
987 5277 1042 5323 et
1071 5261 1428 5334 imperfectis,
1453 5256 1596 5328 quod
1622 5254 1782 5324 perti-

256 5367 387 5421 ciens
406 5365 639 5436 Spiritus
665 5362 901 5417 nondum
927 5362 981 5414 in
1005 5374 1099 5414 eos
1126 5355 1455 5417 advenisset,
1485 5350 1531 5405 si
1560 5356 1789 5413 utroque

257 5458 409 5510 orbati
445 5456 699 5521 fuissent,
731 5455 804 5510 ob
849 5454 926 5508 rei
949 5452 1238 5507 novitatem
1269 5447 1381 5500 vita
1412 5443 1518 5498 illis
1547 5438 1787 5495 acerbis-

258 5547 379 5599 sima
402 5549 517 5603 visa
555 5558 723 5611 esset,
770 5555 824 5601 et
855 5545 1085 5600 fortasse
1114 5542 1234 5597 sine
1259 5536 1455 5595 solatio
1504 5537 1784 5587 manentes

259 5638 401 5691 etiam
434 5638 652 5693 omnino
673 5638 1090 5707 desperassent;
1123 5641 1179 5687 at
1208 5632 1299 5685 illa
1337 5629 1637 5684 discessum
1660 5619 1785 5674 Filii

258 5728 519 5795 agt-trime
548 5742 728 5799 passa,
784 5734 846 5783 ut
872 5727 1099 5798 putatis,
1160 5723 1234 5778 ita
1272 5722 1421 5777 illum
1458 5728 1637 5775 tamen
1662 5714 1788 5770 tulit

1850 538 2202 596 Confldeuter
2233 533 2379 586 enim
2410 529 2733 585 aﬂirinarcm
2751 543 2904 595 asque
2929 545 2993 583 ac
3014 530 3231 598 quidvis
3259 530 3407 586 aliud

1852 649 1956 688 non
1989 632 2171 685 minus
2200 625 2436 680 animant
2464 623 2583 691 ejus
2611 635 2772 689 quam
2802 619 2924 674 Filii
2948 622 3236 689 pertulisse
3254 622 3404 675 dolo.

1852 740 1941 777 res
1966 761 1980 784 ,
2022 714 2241 787 quando
2274 715 2520 770 divinum
2563 711 2692 764 illud
2728 726 2930 779 corpus
2967 728 2994 766 a
3040 713 3263 767 nefariis
3303 714 3409 767 illis

1854 826 1907 869 et
1944 808 2309 879 sanguinariis
2365 805 2629 874 ﬁgebatur
2656 803 3014 867 vulneribus;
3046 814 3098 857 et
3136 803 3258 869 iure
3289 804 3412 873 qui-

1853 906 1997 966 dem,
2022 915 2144 956 cum
2173 900 2244 953 ob
2267 905 2491 951 czeteras
2513 906 2706 949 omnes
2743 906 2960 957 causas,
2988 902 3103 946 tum
3127 894 3196 947 ob
3226 895 3409 959 illam,

1855 1009 1977 1047 nam
2004 995 2147 1062 sicut
2180 1003 2247 1043 eo
2284 987 2472 1041 mundi
2506 985 2805 1053 principem
2837 999 2865 1037 a
2896 984 3199 1053 principatu
3230 995 3416 1040 extur-

1856 1086 2017 1138 bante
2046 1080 2337 1151 gaudebat,
2378 1078 2453 1131 ita
2487 1086 2539 1128 et
2569 1075 2806 1143 patiente
2856 1073 3159 1142 patiebatur
3207 1074 3328 1142 jure
3358 1079 3417 1127 ut

1859 1172 2028 1227 Mater
2056 1170 2298 1223 oumium
2328 1168 2438 1222 nati
2461 1165 2859 1228 amantissima,
2891 1165 3033 1217 sicut
3062 1172 3115 1216 et
3145 1163 3415 1233 virginum

1858 1260 2260 1317 florentissima.
2313 1257 2548 1310 Pertulit
2580 1256 2747 1324 igitur
2794 1254 3107 1309 cbarissimi
3154 1268 3420 1323 corpora-

1857 1356 1964 1407 lem
1998 1349 2422 1418 disiunctionem
2451 1347 2517 1401 ad
2546 1355 2784 1416 tempus,
2833 1362 2938 1399 non
2976 1347 3096 1401 sine
3126 1346 3413 1416 lacrymis:

1859 1442 2129 1513 gaudebat
2160 1447 2340 1492 tamen
2365 1453 2472 1489 tina
2503 1450 2624 1488 cum
2648 1436 2741 1489 illo
2771 1446 3074 1489 revertente
3103 1437 3157 1490 in
3197 1438 3419 1503 caelum,

1859 1541 1913 1587 et
1946 1546 2067 1584 cum
2097 1531 2187 1583 illo
2213 1528 2424 1581 vivebat
2460 1525 2656 1594 spiritu
2699 1526 3173 1594 coniunctissima,
3232 1536 3422 1597 utpote

1862 1623 2051 1685 Mater,
2099 1620 2242 1674 sicut
2270 1630 2323 1673 et
2368 1618 2458 1671 ille
2488 1634 2608 1670 cum
2639 1617 2793 1687 ipsa;
2820 1618 2947 1683 quin
2984 1618 3143 1671 etiam
3169 1618 3328 1670 simul
3357 1631 3423 1670 ac

1864 1720 1988 1765 nata
2019 1710 2140 1771 fuit,
2173 1708 2402 1762 dixerim
2446 1721 2661 1773 quoque
2698 1706 3028 1775 simulatque
3061 1714 3322 1774 concepta
3359 1704 3420 1761 Β.

1279 1817 1380 1872 iori
1421 1822 1585 1880 atque
1631 1820 1746 1859 ma-
1780 1804 1826 1863 B
1867 1799 2055 1870 Virgo,
2083 1814 2181 1852 sua
2211 1799 2357 1850 illam
2394 1800 2565 1864 gratia
2599 1798 2874 1866 implebat,
2924 1796 3015 1866 qui
3055 1797 3159 1851 sibi
3185 1796 3425 1851 futuram

1862 1890 2234 1962 praestituerat
2278 1888 2526 1951 Matrem,
2554 1889 2664 1940 imo
2698 1903 2827 1942 vero
2854 1903 2978 1941 cum
3016 1889 3104 1941 illa
3138 1898 3255 1943 erat
3286 1888 3425 1956 ipse.

1867 1991 2155 2049 antequam
2185 1984 2330 2034 esset
2354 1989 2475 2032 nata
2499 1996 2515 2044 ;
2538 1978 2739 2031 factum
2775 1979 2974 2048 quippe
3002 1987 3056 2033 et
3085 1989 3424 2046 compactum

1864 2078 1949 2123 est
1973 2070 2048 2121 illi
2081 2083 2282 2136 corpus
2303 2069 2641 2135 temporibus
2669 2068 2806 2132 suis,
2846 2077 2903 2121 ut
2932 2068 3171 2137 loquitur
3200 2067 3424 2132 Paulus,

1869 2159 1937 2215 de
1962 2159 2323 2228 sanguinibus
2360 2159 2744 2222 Immaculatze,
2775 2174 3051 2229 nunquam
3093 2170 3269 2214 tamen
3315 2175 3426 2214 non

1868 2248 1972 2302 fuit
2009 2249 2085 2303 illi
2118 2249 2463 2316 coniunctus,
2500 2248 2681 2302 statim
2713 2255 2875 2315 atque
2913 2248 2966 2303 in
3003 2250 3205 2304 sterilis
3236 2251 3429 2303 matris

1872 2349 2029 2393 utero
2056 2340 2221 2408 cmpit
2251 2353 2390 2393 esse.
2434 2337 2546 2391 Cur
2575 2339 2716 2391 enim
2750 2338 2907 2393 aliter
2938 2339 3009 2393 sit
3044 2338 3429 2393 sentiendum?

1873 2446 1998 2483 nam
2034 2431 2079 2483 si
2113 2430 2370 2482 eximium
2406 2427 2667 2483 Joannem
2696 2429 2904 2484 scimus
2937 2430 2990 2483 in
3028 2439 3185 2484 utero
3212 2430 3426 2500 plenum

1870 2530 2062 2573 sancto
2107 2520 2314 2588 Spiritu
2376 2521 2698 2581 fuisse,'cur
2728 2521 2867 2574 idem
2896 2521 2963 2575 de
2996 2522 3286 2588 purissima
3311 2521 3433 2575 Vir-

1869 2610 1996 2677 gine
2034 2626 2140 2662 non
2203 2611 2274 2661 sit
2324 2610 2519 2664 merito
2567 2609 2984 2665 atiirmandum?
3023 2612 3136 2668 lloc
3180 2614 3281 2668 sibi
3316 2616 3433 2668 vult

1876 2699 2009 2752 illud
2066 2698 2357 2763 Gabrielis,
2394 2700 2648 2755 Dominus
2705 2713 2870 2756 tecum
2901 2719 2920 2757 :
2944 2705 3086 2772 quod
3128 2706 3244 2773 ipse
3276 2705 3435 2759 docet

1805 2819 1808 2823 η
1874 2790 2255 2859 distinguendo
2286 2801 2497 2859 tempus
2532 2792 2586 2845 in
2617 2794 2760 2846 hunc
2794 2794 3013 2847 modum
3045 2812 3058 2847 :
3093 2812 3215 2849 nam
3242 2797 3433 2852 volens

1874 2878 2260 2947 Conceptionis
2295 2882 2512 2934 modum
2542 2883 2877 2935 intemerata:
2908 2883 3115 2952 Virgini
3151 2886 3435 2943 declarare

1877 2969 2257 3038 interroganti,
2298 2979 2542 3040 tempore
2577 2988 2709 3026 usus
2755 2983 2839 3027 est
2875 2988 2983 3026 non
3021 2977 3295 3042 praesenti,
3342 2976 3439 3030 sed

1878 3060 2087 3127 futuro,
2110 3068 2164 3114 et
2181 3071 2429 3115 sanctum
2452 3062 2669 3129 quidem
2690 3062 2949 3131 Spiritum
2979 3077 3439 3132 superventurum

1799 3173 1845 3236 ρ
1877 3151 1931 3205 in
1977 3152 2150 3220 ipsam
2177 3191 2191 3215 ,
2226 3152 2485 3206 Altissimi
2510 3167 2636 3207 vero
2668 3154 2920 3209 virtutem
2967 3156 3438 3221 obumbrat‘uram,

1878 3242 1982 3309 ipsi
2014 3242 2341 3311 praedicebat
2373 3261 2386 3297 :
2415 3244 2702 3298 Salutando
2737 3255 2913 3299 autem
2936 3243 3208 3315 Virginem
3239 3247 3438 3311 aiebat,

1881 3332 2008 3395 Ave,
2046 3341 2099 3386 et
2128 3335 2296 3402 gratia
2324 3335 2536 3403 plenam
2579 3337 2879 3404 appellans,
2919 3346 2972 3390 et
3012 3338 3351 3391 benedictam
3383 3338 3439 3391 in

1883 3422 2220 3487 mulieribus,
2250 3425 2568 3492 praedicans,
2612 3438 2865 3496 tanquam
2899 3444 3063 3497 super
3088 3430 3221 3481 alias
3241 3430 3437 3482 bonam

1881 3528 1946 3567 ex
1978 3512 2067 3570 iis.
2095 3529 2214 3580 quae
2245 3517 2344 3582 ipsi
2375 3516 2589 3569 inerant
2617 3518 2827 3570 laudem
2864 3533 3134 3586 pangeus;
3164 3534 3268 3570 non
3295 3518 3439 3570 enim

1882 3602 2051 3669 gratia
2076 3604 2294 3670 plenam
2317 3605 2473 3672 quasi
2523 3604 2786 3666 futuram,
2844 3607 2936 3659 sed
2989 3618 3045 3660 ut
3091 3608 3439 3660 exsistentcm

1882 3693 2032 3758 quod
2087 3701 2221 3755 erat,
2282 3695 2591 3763 appellavit,
2646 3705 2699 3749 et
2759 3697 3097 3752 benedicmm
3165 3699 3439 3760 salutavit,

1885 3783 2038 3849 quasi
2085 3784 2290 3838 diceret
2320 3783 2490 3840 :Cum
2521 3786 2692 3854 gratia
2734 3786 2809 3841 sis
2852 3788 3029 3855 plena,
3064 3802 3099 3840 o
3123 3788 3304 3857 Virgo,
3338 3788 3446 3841 Do-

1886 3873 2061 3926 minus
2122 3883 2330 3939 tecum;
2395 3876 2518 3942 quia
2566 3892 2693 3930 vero
2739 3878 2889 3930 illum
2943 3879 3188 3932 babesiu
3240 3879 3442 3953 anima,

1886 3961 2155 4016 benedicta
2202 3979 2255 4017 es
2308 3965 2362 4016 in
2396 3966 2725 4021 mulieribus.
2769 3967 2834 4020 Et
2864 3967 2978 4021 bare
3021 3968 3238 4030 quidem
3274 3969 3344 4020 ita
3385 3983 3444 4021 se

1887 4047 2087 4101 habent
2114 4069 2126 4102 :
2153 4065 2275 4117 qua:
2315 4066 2445 4105 vero
2491 4064 2797 4121 sequuntur
2837 4055 2902 4106 ad
2943 4056 3126 4107 futura
3173 4066 3441 4121 spectant,

1893 4149 1945 4191 et
1967 4140 2256 4193 subsecuta
2272 4151 2400 4194 sunt
2422 4157 2745 4196 consensum
2770 4145 2918 4212 prius
2948 4144 3216 4211 praabente
3240 4145 3444 4197 illibata

1888 4227 2109 4297 Virgine
2160 4229 2527 4299 gratissimum
2589 4233 2698 4286 Deo
2753 4249 2949 4288 munus
2998 4244 3052 4287 et
3090 4251 3196 4301 quo
3233 4234 3441 4287 nullum

1890 4320 2073 4388 potius
2102 4322 2283 4376 oﬂerri
2317 4330 2528 4391 poterat
2554 4340 2571 4388 ;
2604 4324 2733 4392 quid
2767 4324 2910 4377 enim
2938 4326 3012 4379 illi
3039 4335 3304 4394 aequetur,
3336 4332 3445 4394 quo

1890 4407 2034 4462 Deus
2070 4409 2318 4476 indiguit,
2377 4418 2433 4462 ut
2463 4425 2529 4464 eo
2573 4420 2836 4476 uteretur,
2872 4414 3027 4480 quasi
3070 4412 3439 4477 fundamento,

1891 4506 1945 4552 et
2002 4499 2117 4553 basi
2163 4501 2426 4569 mysterii.
2483 4516 2581 4571 per
2602 4503 2744 4570 quod
2779 4513 3038 4557 renovata
3080 4505 3259 4571 omnia
3301 4504 3443 4556 ntul-

1891 4594 2056 4655 toque
2105 4589 2299 4643 melius
2352 4569 2675 4653 instaurata,
2719 4606 2881 4660 quam
2909 4593 3036 4645 olim
3069 4569 3447 4659 ὶεεθιιιῖιμιςθ

1893 4677 2239 4744 perspicuum
2277 4687 2361 4732 est
2396 4678 2467 4729 ita
2512 4692 2653 4742 esse,
2692 4680 2945 4747 quoniam
3000 4680 3163 4733 simul
3214 4694 3276 4732 ac
3330 4680 3444 4746 ipsa

1892 4779 2015 4819 lese
2046 4775 2237 4833 sponte
2270 4767 2488 4830 obtulit,
2511 4778 2565 4821 et
2594 4779 2846 4837 prompto
2871 4770 3051 4822 animo
3077 4767 3189 4822 fieri
3217 4770 3445 4837 Optavit,

1892 4856 2038 4924 quod
2082 4855 2192 4910 Deo
2223 4857 2478 4923 placitum
2526 4869 2662 4921 erat,
2720 4859 2871 4922 Ecce,
2926 4859 3200 4926 inquiens,
3253 4859 3449 4911 ancilla

1897 4943 2134 5009 Domini,
2170 4947 2265 5013 ﬁat
2296 4947 2424 5000 mihi
2450 4948 2736 5001 secundum
2761 4949 2968 5003 verbum
2993 4958 3162 5013 tuum,
3191 4941 3450 5013 bcn'epla-

1896 5035 2009 5088 cito
2072 5036 2246 5092 Patris
2293 5048 2623 5106 cooperante
2673 5039 2903 5109 Spiritu,
2964 5038 3450 5093 consubstantialis

1896 5124 2024 5189 illis,
2052 5135 2376 5193 coaeternus,
2415 5138 2470 5182 et
2499 5138 3013 5197 contemporaneus,
3046 5127 3187 5181 Deus
3216 5126 3448 5179 Verbum

1898 5227 2222 5286 conceptum
2253 5218 2305 5271 in
2335 5228 2487 5272 utero
2519 5217 2755 5287 Virginis
2794 5232 2901 5270 non
2938 5223 3172 5283 experta:
3204 5215 3446 5282 nuptias.

1902 5308 2074 5363 induit
2127 5310 2267 5364 hanc
2319 5320 2559 5364 nostram
2587 5308 2942 5363 substantiam
2986 5306 3104 5358 sine
3134 5305 3293 5359 sorde
3312 5317 3449 5370 pro-

1904 5399 2085 5462 diens,
2116 5414 2238 5467 quae
2269 5414 2394 5452 cum
2442 5406 2717 5465 assumpta
2770 5405 2985 5457 natura,
3016 5393 3153 5446 duas
3182 5406 3287 5444 non
3319 5404 3450 5442 con-

1900 5490 2136 5545 fundens
2166 5499 2389 5543 naturas
2410 5500 2706 5550 creantem,
2737 5493 2791 5539 et
2810 5494 3066 5548 creatam,
3105 5496 3269 5534 unum
3307 5482 3452 5547 quod

1904 5583 2128 5643 exstitit.
2181 5582 2479 5636 secundum
2521 5578 2850 5649 bypostasim
2886 5576 3143 5631 deiﬁcans
3186 5574 3327 5642 quod
3364 5589 3455 5624 as-

1912 5674 2162 5745 sumpsit,
2192 5687 2395 5743 perque
2441 5671 2568 5725 illud
2611 5668 2827 5725 salvans
2874 5668 3178 5724 universam
3220 5680 3454 5720 massam
