4048 6224
528 332 596 392 99
1411 347 1416 350 ‘
1682 335 2076 396 MANUEUS
2117 340 2557 403 PALJEOLOGI
3657 346 3754 406 100

538 444 688 498 velut
739 445 791 499 in
859 444 1144 498 fermento.
1192 444 1236 497 Ο
1294 448 1720 514 magnitudinem
1750 457 2009 528 puritatis“
2036 461 2090 512 lu
2123 452 2165 511 Α
2196 467 2320 511 nata
2373 470 2490 512 erat
2516 473 2611 511 vas
2647 457 2862 525 plenum
2894 456 3307 519 benedictionis,
3345 455 3411 509 de
3441 473 3544 525 qua
3577 461 3746 524 prima

539 533 629 588 Dei
675 536 863 593 Matre,
908 536 979 587 ob
1017 550 1177 602 quam
1213 535 1437 590 Creator
1481 541 1600 606 ejus
1634 541 1953 607 dedignatus
1985 563 2090 603 non

535 634 636 682 est,
680 626 730 675 in
763 632 971 687 ventre,
1011 640 1171 691 quem
1232 627 1570 690 condiderat,
1616 630 1837 684 formari
1873 636 1885 687 !
1918 635 1962 688 Ο
1999 653 2092 704 ge—

535 730 789 766 nerosum
822 729 1038 765 sensum
1082 715 1134 766 in
1171 718 1342 782 puella
1372 719 1507 770 adeo
1533 729 1714 774 tenera
1741 724 1753 775 ε
1780 725 1822 776 Ο
1853 727 2088 779 animum

535 805 587 854 in
624 803 870 854 muliebri
901 819 1130 873 corpore
1162 807 1552 862 immutabilem
1588 811 1600 863 ε
1634 810 1772 875 Quid
1803 817 1947 868 enim
1979 819 2090 868 sin-

533 893 732 950 cerius.
764 895 969 958 purius,
997 899 1310 962 generosius
1337 900 1513 952 anima
1547 903 1920 958 salutationem
1952 908 2091 962 hanc

535 985 798 1037 arbitrata
865 1001 969 1036 non
1024 987 1440 1053 fraudulentam,
1505 993 1597 1043 sed
1666 996 1918 1048 credente
1975 998 2086 1050 fieri

535 1080 696 1132 posse
753 1072 1018 1122 materiali
1051 1081 1239 1126 ventre
1293 1077 1495 1142 suscipi
1537 1087 1706 1131 totum
1745 1081 1923 1150 fulgur
1954 1085 2090 1136 divi-

537 1157 744 1218 nitatis,
784 1160 1080 1228 eodemque
1137 1174 1377 1230 tempore
1413 1165 1644 1220 Verbum
1677 1171 1794 1223 sine
1828 1177 2088 1242 temporis

535 1246 802 1312 principio
826 1252 877 1302 in
898 1253 1018 1304 sinu
1049 1252 1222 1305 Patris
1255 1256 1520 1323 principio
1556 1260 1796 1312 carentis
1827 1263 2090 1322 exsistere

536 1348 698 1402 atque
736 1340 790 1391 in
825 1341 984 1407 hujus
1016 1346 1297 1410 temporali
1333 1354 1484 1398 utero
1508 1349 1996 1417 gestari?,Horum,
2029 1365 2088 1407 ut

536 1442 652 1481 mea
689 1429 786 1480 fert
818 1433 1023 1498 opinio,
1057 1449 1218 1487 causa
1259 1446 1341 1487 est
1377 1437 1700 1505 assignanda
1735 1440 1824 1492 Dei
1862 1441 2088 1496 Genitri-

535 1518 615 1569 cis
672 1523 1026 1584 conscientia,
1085 1539 1204 1591 quae
1261 1534 1468 1578 tantum
1526 1528 1767 1582 animqu
1823 1533 2087 1599 addebat;

538 1609 650 1661 fieri
678 1613 818 1664 enim
861 1630 963 1665 non
1001 1625 1231 1682 poterat,
1266 1632 1325 1669 ea
1354 1620 1638 1684 puritatem
1671 1638 1772 1675 nou
1814 1635 2088 1690 servante,

533 1709 582 1751 et
631 1705 1005 1757 aceredentem
1049 1722 1154 1759 non
1195 1709 1469 1774 prazbente
1502 1712 1926 1779 animositatem,
1975 1735 2089 1771 ma-

2196 565 2392 616 parens
2438 551 2712 603 exciderat
2767 559 2819 603 et
2857 565 3018 618 quam
3057 551 3154 617 ipsi
3195 550 3406 603 Gabriel
3456 565 3484 601 a
3539 565 3752 603 summo

2197 637 2306 692 Deo
2367 640 2708 694 nuntiaverat
2752 656 2875 694 esse
2942 643 3168 693 omnino
3215 641 3428 708 qualem
3491 641 3749 692 diximus.

2197 729 2395 794 Quidni
2429 733 2574 783 enim
2625 747 2766 794 eam,
2801 748 2920 801 quze
2955 733 3037 783 sui
3075 742 3262 800 partus
3295 733 3531 784 novitate
3561 733 3754 783 salutis

2195 819 2276 870 sui
2332 820 2547 884 generis
2610 822 2855 872 ministra
2913 819 3031 883 fuit,
3072 836 3194 872 cum
3229 822 3385 888 plane
3431 821 3750 887 pra-finitum

2196 919 2522 962 essetante
2574 911 2897 977 productum
2954 912 3096 964 hunc
3147 912 3429 974 mundum,
3462 924 3752 976 antequam

2198 1014 2382 1055 essent
2441 1005 2668 1069 angelici
2733 1005 2975 1066 ordines,
3045 1005 3149 1057 hoc
3200 1015 3441 1072 tempore
3499 999 3751 1072 impleri?

2193 1093 2556 1149 Conveniebat
2591 1097 2774 1159 etiam,
2823 1099 3078 1156 arbitror,
3122 1099 3331 1151 Patrem
3384 1111 3599 1164 quoque
3632 1095 3755 1147 Filii

2193 1194 2466 1249 petpetum
2525 1183 2760 1252 Virginis
2815 1186 3242 1239 incarnationem
3305 1187 3387 1240 sui
3451 1199 3514 1239 ac
3565 1186 3754 1239 Matris

2195 1270 2470 1335 llnigeniti
2529 1290 2626 1327 suo
2695 1280 3083 1341 comprobante
3153 1276 3511 1342 beneplacito,
3576 1278 3751 1345 ipsum

2193 1372 2450 1429 prmterea
2490 1366 2580 1430 qui
2641 1367 2844 1418 incarn
2870 1368 3072 1419 tionem
3122 1368 3290 1419 obivit
3332 1365 3566 1421 Verbum
3602 1369 3754 1434 geni-

2192 1453 2327 1504 toris
2362 1455 2512 1520 puris
2543 1455 2746 1506 editum
2783 1456 2849 1507 de
2896 1457 3218 1518 visceribus,
3259 1473 3464 1510 necnon
3523 1459 3754 1510 sanctis-

2193 1543 2390 1593 simum
2411 1553 2464 1598 et
2495 1543 2848 1610 perfectionis
2883 1547 3194 1612 largitorem
3229 1546 3510 1613 Spiritum,
3538 1549 3750 1600 beatam

2193 1631 2440 1686 videlicz-t
2463 1633 2808 1698 Trinitatem,
2853 1639 3074 1690 conseia
3106 1638 3270 1688 etiam
3306 1637 3526 1704 Virgine
3559 1653 3751 1690 asseu-

2193 1737 2423 1789 Snmque
2463 1725 2737 1791 praebente
2765 1729 3081 1794 mysterium
3107 1729 3363 1794 perficere
3389 1727 3753 1793 benignitatis,

529 1805 690 1856 gnum
757 1792 858 1845 hoc
917 1809 1075 1860 opus,
1137 1807 1187 1849 et
1243 1814 1564 1860 generosum
1608 1803 1675 1854 ab
1707 1820 1768 1857 ea
1806 1809 2048 1872 praestari
2069 1812 2162 1886 {B
2192 1823 2246 1864 et
2281 1815 2507 1881 justiti-ae
2557 1817 2797 1884 plenum,
2827 1792 2906 1870 rut
2945 1828 2998 1871 et
3046 1792 3266 1872 libertas
3317 1819 3523 1871 arbitrii
3579 1819 3753 1871 locum

527 1897 695 1945 quare
725 1891 777 1935 et
810 1885 966 1936 verba
1001 1887 1133 1947 ipsa,
1187 1890 1384 1953 quibus
1421 1901 1514 1941 usa
1547 1899 1630 1943 est
1671 1897 1951 1960 perspicue
1995 1915 2088 1953 οε-

527 1971 781 2031 tendunt,
833 1974 1001 2039 ipsam
1051 1991 1107 2027 se
1168 1992 1273 2028 non
1310 1978 1582 2046 indignam
1623 1990 1771 2036 tanto
1812 1986 2086 2050 judicasse

531 2063 815 2124 beneficio,
860 2075 917 2117 ut
968 2065 1152 2125 \later.
1214 2071 1454 2136 inquam,
1495 2072 1614 2138 ejus
1665 2076 1812 2128 fieret
1843 2080 1931 2145 qui
1965 2089 2085 2133 stu-

531 2153 762 2220 pendum
801 2155 900 2207 hoc
951 2170 1090 2222 opus
1123 2159 1391 2223 patrahat.
1422 2158 1560 2222 Non,
1599 2177 1708 2214 non
1752 2165 1822 2216 sit
1858 2165 2082 2228 Manum,

529 2256 633 2292 non
675 2241 900 2305 Danieli,
925 2260 1235 2311 quanquam
1262 2249 1325 2298 de
1352 2249 1563 2303 visione
1585 2266 1772 2304 eorum
1797 2256 1925 2321 quid
1956 2272 2085 2309 sen-

528 2332 772 2384 tiendum
807 2335 1014 2392 nescio.
1049 2337 1091 2389 si
1138 2349 1389 2392 accurate
1424 2344 1820 2405 consideretur,
1852 2361 1943 2400 aut
1975 2365 2084 2414 quo

528 2423 744 2476 tandem
774 2425 931 2476 modo
955 2426 1017 2477 ad
1053 2427 1173 2480 illos
1205 2432 1496 2484 accesserit
1525 2434 1612 2499 qui
1636 2439 1904 2502 apparuit.
1927 2436 2085 2494 Certe

441 2551 460 2568 ρ
527 2528 632 2564 non
681 2514 973 2566 obscurum
1009 2526 1109 2577 est,
1145 2517 1243 2583 ipsi
1294 2531 1454 2585 atque
1481 2521 1584 2574 illis
1612 2538 1715 2574 non
1741 2540 1892 2592 reque
1922 2541 2088 2594 appa-

525 2605 700 2656 ruisse
738 2604 978 2657 habitum
1016 2618 1068 2658 et
1109 2608 1450 2672 splendorem
1483 2613 1807 2677 angelicum,
1845 2616 2000 2669 sicuti
2036 2627 2089 2672 et

524 2696 852 2761 colloquium
885 2711 1007 2748 cum
1033 2697 1092 2749 Β.
1119 2698 1338 2762 Virgine
1365 2715 1469 2752 non
1494 2702 1735 2765 ejusdem
1757 2715 1872 2757 erat
1912 2707 2086 2762 hono-

526 2785 620 2842 ris,
654 2786 811 2850 cujus
845 2797 897 2838 et
925 2803 1200 2843 sermones
1232 2791 1398 2844 habiti
1440 2807 1562 2844 cum
1611 2795 1742 2858 illis;
1793 2796 2081 2864 siquidem,

528 2875 744 2936 isdix‘t,
781 2876 1066 2943 Periimus,
1097 2880 1258 2932 Deum
1278 2881 1536 2945 vidimus,
1571 2885 1797 2938 alterum
1825 2904 1952 2941 vero
1973 2890 2088 2945 fere

525 2964 723 3018 defecit
776 2969 1010 3028 animus,
1054 2980 1372 3036 penetrante
1406 2974 1662 3026 nimirum
1710 2977 1904 3031 timore
1929 2979 2083 3035 dere-

527 3069 684 3122 pente
731 3059 782 3109 in
816 3075 1012 3112 sensus
1055 3062 1291 3123 intimos,
1317 3073 1370 3114 et
1402 3065 1504 3116 nisi
1541 3067 1607 3118 ab
1636 3077 1870 3135 utroque
1904 3085 2084 3124 reces-

525 3147 685 3199 sisSet
719 3150 880 3201 citius
920 3151 1094 3202 visum
1133 3151 1260 3204 illud
1305 3154 1613 3214 insolitum,
1654 3155 1888 3211 fortasse
1919 3159 2081 3212 vitam
2119 3166 2161 3224 C

529 3245 753 3304 uterque
800 3239 1065 3290 citissime
1100 3242 1465 3294 terminasset.
1523 3241 1654 3295 Nam
1714 3255 1767 3296 et
1793 3263 1982 3302 omnes
2027 3249 2082 3302 in

527 3327 841 3380 universum
897 3338 1166 3394 quotquot
1213 3330 1518 3385 visionibus
1557 3333 1760 3401 dignati
1813 3347 1956 3398 sunt,
1995 3353 2082 3392 ea-

529 3415 648 3466 dem
674 3417 814 3482 passi
849 3426 996 3477 sunt,
1027 3433 1146 3484 qua:
1176 3429 1226 3472 et
1259 3421 1383 3485 isti;
1409 3433 1461 3474 at
1495 3421 1654 3489 Virgo
1676 3426 1885 3479 turbata
1911 3428 2082 3495 primo

524 3507 575 3559 in
614 3521 888 3585 εοψιοιιρ,
918 3511 1090 3574 inquit
1123 3527 1136 3562 :
1169 3525 1275 3562 non
1317 3511 1459 3563 enim
1502 3522 1558 3564 ut
1593 3515 1668 3565 illi
1699 3515 1768 3568 ob
1799 3529 2078 3585 aspectum

525 3576 723 3660 angeli',
768 3597 924 3664 idque
961 3610 1108 3653 nt.ne
1144 3602 1437 3661 videretur,
1475 3614 1674 3670 quanta
1708 3622 1793 3660 res
1824 3621 1968 3663 esset
1997 3627 2079 3665 sa-

525 3687 734 3748 lutatio,
761 3688 1042 3755 ignorare;
1077 3705 1198 3743 mox
1244 3707 1361 3744 sese
1389 3692 1582 3745 obtuiit
1618 3694 1802 3762 Opifici
1837 3699 1938 3752 fide
1969 3699 2069 3752 siu-

523 3778 803 3831 cerissima
853 3780 1088 3846 plenam,
1152 3791 1209 3834 ut
1243 3784 1539 3836 materialis
1585 3796 1768 3839 venter
1811 3791 2088 3856 exciperet

523 3866 697 3933 ignem
731 3868 1162 3922 immaterialem.
1193 3869 1463 3934 Quantum
1495 3889 1619 3927 vero
1656 3875 1757 3927 hoc.
1787 3888 1890 3938 est,
1933 3879 2077 3945 quod

522 3971 630 4008 non
688 3957 824 4009 Dens
871 3969 990 4027 agat
1038 3976 1157 4026 quae
1207 3976 1369 4028 supra
1435 3973 1678 4016 naturam
1723 3975 1776 4019 et
1816 3969 2075 4022 rationem

521 4056 669 4107 sunt,
713 4063 906 4112 magna
959 4065 1043 4102 res
1098 4060 1201 4110 est,
1251 4067 1373 4103 nam
1415 4063 1467 4105 et
1500 4069 1678 4118 rerum
1727 4067 1971 4110 naturam
2026 4069 2078 4112 et

522 4136 784 4189 rationem
819 4138 928 4206 ipse
959 4141 1220 4194 coodidit.
1245 4143 1310 4194 At
1343 4141 1616 4211 Virginem
1656 4161 1713 4197 se
1743 4148 2072 4202 confidenter

521 4225 787 4280 obtulisse
827 4230 984 4281 talem
1024 4232 1326 4285 ministram
1353 4244 1403 4287 et
1452 4236 1631 4288 verbis
1660 4237 1928 4292 Gabrielis
1977 4240 2072 4290 ha-

522 4315 704 4367 buisSe
725 4319 904 4376 fidem,
939 4335 1020 4371 res
1042 4330 1123 4374 est
1155 4321 1311 4386 plane.
1331 4325 1572 4376 omnium
1601 4328 1854 4380 maxima.
1884 4327 2066 4382 Osten-

519 4401 594 4451 dit
616 4403 772 4465 igitur
799 4419 854 4454 se
875 4406 1042 4470 ipsam
1067 4407 1173 4458 Deo
1197 4411 1560 4476 gratissimam
1581 4414 1759 4480 Virgo,
1781 4417 1904 4468 dum
1931 4417 2072 4484 quod

522 4491 736 4557 utrique
775 4503 1092 4546 naturarum
1137 4513 1294 4562 posse
1320 4501 1636 4568 contingere
1688 4503 1902 4557 diflieile
1956 4521 2066 4558 cre-
2106 4515 2154 4572 1)

518 4579 630 4632 ditu
660 4590 761 4643 est,
842 4585 955 4650 ipsa
1014 4587 1079 4638 de
1127 4601 1185 4639 se
1229 4591 1396 4640 credit
1439 4604 1502 4642 ac
1548 4593 1612 4644 de
1647 4591 1775 4656 lleo,
1809 4596 2073 4649 creaturis

518 4675 890 4737 excelsiOrem,
941 4693 1063 4728 cum
1131 4687 1306 4731 tamen
1356 4692 1603 4733 creatura
1661 4694 1804 4737 esset
1849 4695 1900 4735 et
1934 4687 2069 4752 ipsa;

519 4762 704 4829 Itaque
754 4779 878 4816 cum
914 4769 1080 4818 multa
1109 4780 1162 4820 et
1195 4785 1382 4835 magna
1420 4771 1551 4830 sint,
1582 4789 1701 4836 qua:
1733 4775 1819 4825 llei
1851 4773 2068 4828 Matrem

520 4853 664 4904 illam
702 4853 967 4919 fecerunt,
991 4858 1196 4908 nullum
1232 4869 1313 4910 est
1355 4861 1478 4912 huic
1503 4863 1760 4913 oblationi
1786 4865 2070 4930 praeferen-

519 4943 684 4995 dum:
721 4945 862 5012 quod
917 4947 1041 5000 inde
1089 4949 1287 5015 liquet;
1327 4966 1450 5002 nam
1494 4967 1666 5017 neque
1713 4954 2070 5022 areliangelus

519 5036 782 5097 ascendit,
839 5051 938 5087 nec
994 5035 1135 5090 Deus
1187 5039 1472 5092 descendit
1519 5049 1575 5092 ιιι
1628 5043 1904 5109 prteﬁxum
1947 5053 2070 5096 ante

519 5123 714 5174 sarcula
778 5125 1092 5191 mysterium
1143 5126 1210 5178 ad
1271 5126 1429 5180 tinctu
1474 5144 1569 5192 pro
1623 5130 1796 5183 Salute
1828 5133 2067 5184 omnium

519 5215 860 5282 perduceret.
915 5217 1017 5269 nisi
1073 5227 1358 5284 postquam
1401 5217 1717 5270 admiranda
1775 5221 1863 5272 illa
1909 5205 2066 5273 verba

517 5320 580 5356 ex
622 5305 739 5370 ejus
774 5321 867 5358 ore
907 5308 1112 5373 prolata
1147 5315 1296 5367 Sunt,
1325 5319 1374 5359 et
1405 5308 1528 5374 jure
1555 5310 1772 5371 quidem
1813 5313 2016 5376 optimo
2052 5327 2064 5362 :

517 5395 797 5460 Oportebat
841 5397 982 5447 enim
1047 5397 1390 5462 purissimam
1451 5392 1746 5464 Virginem,
1797 5399 1954 5463 cujus
2017 5409 2070 5452 et

517 5487 695 5535 anima
727 5497 779 5536 et
830 5501 1027 5552 corpus
1051 5487 1198 5538 omni
1241 5486 1358 5538 labe
1397 5487 1676 5550 carebant,
1715 5503 1832 5555 qua:
1863 5505 1964 5541 una
2001 5489 2068 5542 ab

518 5575 666 5624 omni
700 5578 998 5628 aeternitate
1041 5577 1180 5628 inter
1226 5575 1472 5629 homines
1516 5579 1800 5632 sublimior
1838 5580 2064 5642 exstitit,

518 5669 682 5717 veteri
727 5667 1032 5733 maia-dicm,
1065 5680 1117 5721 et
1147 5669 1384 5721 humano
1410 5669 1588 5738 generi
1628 5686 1825 5737 cotevo,
1857 5681 1914 5726 ut
1946 5686 2064 5740 quas

2198 1905 2443 1968 haberet,
2472 1917 2526 1959 et
2557 1910 2697 1960 nulla
2735 1925 2960 1977 prorsus
3001 1911 3358 1964 intercederet
3389 1911 3662 1970 violentia.
3685 1925 3754 1964 ex

2193 2011 2302 2062 quo
2344 2013 2443 2050 nec
2469 2014 2697 2066 serpens
2734 2003 2990 2069 antiquus
3024 2013 3279 2055 assii-tus
3312 2002 3604 2055 calumniis
3630 2014 3754 2070 pos-

2193 2098 2278 2139 set
2315 2089 2413 2143 hoc
2440 2091 2779 2152 insimulare,
2817 2109 2879 2146 ac
2919 2095 3081 2146 veluti
3113 2104 3292 2146 notam
3331 2094 3618 2160 quamdam
3649 2095 3754 2145 im-

2194 2182 2417 2250 pingere
2459 2184 2801 2253 benignitati,
2846 2195 2900 2239 et
2929 2186 3159 2254 justitia:
3205 2186 3316 2247 Dei,
3355 2186 3495 2253 quod
3534 2193 3752 2252 operata

2193 2282 2338 2324 esset
2370 2276 2682 2340 mysterium
2721 2277 2855 2328 citra
2892 2290 3218 2328 consensum
3255 2274 3606 2328 immaculata:
3630 2271 3759 2327 Vir-

2193 2366 2371 2430 ginis;
2416 2367 2677 2420 clamaret
2707 2369 2871 2429 enim,
2900 2369 3194 2434 conyenire
3225 2370 3329 2420 Deo
3358 2368 3556 2419 nemini
3587 2368 3755 2420 bene-

2195 2454 2373 2508 facere
2430 2458 2656 2518 nolenti.
2706 2474 2802 2512 nec
2852 2458 2992 2512 dona
3031 2475 3124 2525 per
3175 2460 3281 2510 vim
3306 2459 3554 2512 ennferre
3585 2473 3598 2520 ;
3632 2471 3758 2510 esse

2191 2548 2336 2600 enim
2368 2563 2594 2615 prorsus
2639 2551 2749 2601 lucc
2806 2550 2879 2603 illi
2934 2550 3152 2603 inimica
3207 2558 3262 2603 et
3308 2549 3519 2601 odiosa.
3554 2547 3754 2600 Verum

2192 2639 2391 2694 dixerit
2425 2640 2562 2694 forte
2593 2643 2862 2708 quispiam
2898 2642 2980 2695 vir
3023 2643 3194 2696 scitus
3225 2643 3449 2694 alterius
3491 2639 3604 2694 lucc
3631 2655 3756 2694 esse

2195 2733 2522 2789 festivitatis.
2591 2735 3005 2804 Respondemus
3058 2752 3070 2786 :
3121 2733 3360 2788 Alterius
3418 2733 3678 2800 quidem,
3721 2748 3757 2784 ο

2193 2828 2385 2888 amice,
2421 2842 2526 2881 non
2551 2838 2728 2882 tamen
2755 2829 2962 2890 alienae,
3001 2826 3095 2880 sed
3118 2827 3368 2879 maxima:
3404 2826 3529 2877 huic
3555 2824 3755 2887 aﬂinis,

2192 2934 2316 2972 nam
2342 2935 2600 2974 connexa
2635 2930 2764 2974 sunt
2796 2920 2938 2973 inter
2967 2935 3025 2972 se
3064 2919 3319 2981 invicem,
3344 2926 3396 2969 et
3421 2918 3588 2970 altera
3617 2933 3751 2985 ροη-
3783 2987 3797 3000 Δ

2190 3011 2283 3066 det
2309 3013 2559 3066 ahaltera
2587 3013 2863 3082 cujusdam
2899 3012 3069 3065 instar
3103 3019 3305 3062 catena:
3331 3025 3516 3063 revera
3544 3027 3750 3064 aureae:

2190 3104 2390 3173 quippe
2404 3120 2522 3171 quae
2547 3105 2750 3172 pariter
2772 3105 3118 3159 celebrantur
3137 3103 3200 3156 ad
3225 3104 3450 3170 gloriam
3479 3103 3746 3167 gloriosae.

2192 3192 2312 3246 Non
2366 3209 2497 3263 ergo
2551 3206 2607 3246 ut
2644 3195 2891 3248 indomiti
2935 3195 3058 3262 equi
3108 3194 3332 3255 faciunt,
3387 3193 3633 3262 divagata
3668 3203 3754 3246 est

2191 3284 2386 3347 oratio,
2428 3299 2537 3352 quo
2573 3299 2679 3337 non
2728 3284 2980 3345 debebat,
3014 3285 3107 3336 sed
3143 3283 3270 3335 illuc
3303 3282 3493 3342 tendit,
3529 3297 3636 3350 quo
3671 3281 3754 3332 di—

2191 3376 2387 3444 rigitur
2418 3383 2434 3428 ξ
2469 3390 2591 3444 nam
2657 3376 2758 3429 etsi
2803 3377 2918 3428 visa
2948 3383 3030 3428 est
3063 3373 3292 3441 digredi,
3329 3382 3511 3426 tamen
3553 3374 3605 3425 in
3647 3372 3751 3426 illis

2191 3476 2329 3529 erat,
2357 3483 2451 3536 per
2489 3482 2610 3535 qua:
2637 3466 2990 3529 inferebatur,
3020 3467 3163 3534 quod
3196 3465 3538 3526 volebamus,
3569 3463 3752 3518 ethoc.

2193 3559 2265 3610 ita
2294 3575 2414 3612 esse
2447 3557 2757 3612 ostendam.
2792 3557 2931 3622 Quid
2959 3557 3127 3625 igitur
3155 3573 3219 3611 ex
3253 3557 3338 3610 his
3368 3552 3754 3608 concluditur?

2194 3649 2374 3710 lllum,
2408 3667 2567 3718 quem
2623 3651 2780 3704 beata
2815 3648 2983 3715 Virgo
3017 3649 3137 3702 sine
3185 3649 3303 3702 viro
3354 3647 3582 3716 peperit,
3622 3662 3754 3699 con-

2185 3743 2436 3807 junctum
2474 3743 2547 3794 illi
2606 3755 2818 3810 semper
2853 3740 3022 3793 fuisse
3066 3739 3275 3792 intime.
3311 3738 3379 3791 Et
3420 3737 3552 3805 quid
3585 3736 3753 3790 inde?

2191 3835 2346 3898 Quod
2382 3833 2716 3900 ipsissimum
2770 3832 3050 3900 gaudium,
3077 3827 3299 3889 Filium,
3332 3829 3575 3895 inquam,
3612 3841 3755 3878 sem-

2193 3939 2286 3994 per
2321 3924 2712 3976 iuliahitantem
2756 3921 2808 3972 in
2860 3936 2918 3974 se
2972 3921 3180 3973 habens
3212 3932 3370 3972 suum
3404 3931 3528 3969 cum
3554 3915 3755 3984 gaudio

2191 4017 2440 4083 spiritum
2476 4013 2728 4066 manibus
2763 4009 2883 4078 ejus
2914 4009 3332 4064 commendavit.
3370 4006 3504 4059 Etsi
3532 4006 3643 4059 hac
3679 4007 3753 4058 ita

2190 4121 2248 4160 se
2283 4107 2504 4163 habent,
2536 4105 2587 4157 id
2621 4105 2764 4172 quod
2801 4118 2991 4155 omnes
3031 4111 3160 4167 puto
3186 4100 3570 4158 aliirmaturos.
3607 4098 3752 4164 digni

2191 4212 2391 4250 smnus
2444 4197 2622 4254 venia.
2689 4195 2830 4263 quod
2865 4194 3041 4246 simile
3073 4192 3200 4260 quid
3243 4192 3400 4244 nobis
3438 4190 3753 4259 contigerit,

2191 4297 2353 4353 atque
2381 4288 2480 4346 illi,
2513 4286 2603 4355 qui
2639 4286 2777 4338 forte
2808 4286 2859 4336 in
2895 4291 3104 4350 pratum
3130 4282 3373 4350 cujusvis
3414 4283 3627 4350 generis
3659 4278 3756 4330 flo-

2187 4378 2340 4432 ribus
2381 4385 2632 4429 ornatnm
2677 4375 2973 4443 profectus,
3008 4375 3135 4426 dum
3169 4375 3329 4425 vellet
3365 4389 3529 4425 unum
3556 4371 3752 4440 legere,

2187 4469 2256 4521 ab
2279 4471 2384 4520 alio
2408 4469 2621 4520 illectus
2656 4467 2804 4518 illum
2847 4466 3140 4530 decerpsit,
3183 4465 3358 4517 victus
3393 4465 3648 4516 nimirum
3683 4464 3756 4513 ab

2187 4562 2307 4628 ejus
2354 4559 2761 4626 pulchritudine
2784 4568 2835 4609 et
2872 4557 3192 4622 fragrantia.
3228 4556 3353 4607 Scio
3393 4563 3616 4606 da'uros
3648 4569 3710 4604 ve
3735 4584 3751 4590 -

2187 4655 2332 4706 niam
2365 4669 2549 4719 :equos
2585 4652 2884 4712 auditores,
2922 4650 2966 4702 si
3004 4664 3194 4716 parum
3264 4648 3495 4716 digressi
3557 4661 3753 4698 sumus

2188 4743 2464 4798 amateria
2500 4741 2784 4811 przesentis
2843 4740 3200 4796 celebritatis.
3243 4747 3298 4791 et
3354 4740 3419 4789 iis
3478 4737 3750 4799 dicendis,

2189 4850 2308 4904 quae
2361 4834 2424 4886 ad
2498 4848 2658 4884 unam
2703 4832 2873 4899 ipsam
2943 4831 3233 4895 pertinent.
3287 4825 3474 4894 Itaque
3512 4837 3756 4879 reverta-

2188 4941 2312 4978 mur
2339 4926 2403 4975 ad
2449 4932 2655 4980 nostra,
2687 4930 2738 4973 et
2774 4935 2896 4972 cum
2922 4919 3034 4984 jam
3079 4917 3487 4986 probaverimus
3519 4930 3752 4968 consen-

2189 5027 2406 5071 taneum
2439 5021 2492 5067 et
2523 5013 2851 5066 conveniens
2893 5012 3083 5071 fuisse,
3111 5021 3340 5061 mortem
3383 5007 3587 5076 Virgini
3623 5008 3752 5060 nul-

2185 5110 2296 5162 lum
2353 5107 2603 5160 attulisse
2636 5105 2902 5164 dolorem,
2945 5102 3047 5155 hoc
3087 5103 3229 5156 idem
3257 5102 3442 5164 etiam,
3473 5101 3518 5154 si
3550 5100 3750 5167 placet,

2186 5198 2556 5253 necessarium
2591 5195 2969 5249 ostendamus.

2256 5283 2391 5339 Cu‘m
2425 5285 2569 5337 enim
2603 5297 2787 5334 verum
2831 5281 3083 5348 gaudium
3117 5278 3207 5332 Dei
3246 5277 3400 5331 Matri
3441 5285 3587 5332 esset
3609 5291 3751 5330 con-

2184 5379 2453 5448 junctum.
2495 5388 2600 5443 quo
2634 5371 2776 5425 malo
2807 5379 2992 5440 posset
3037 5369 3182 5422 illam
3218 5368 3429 5422 allicere
3463 5368 3619 5420 dolor
3647 5381 3751 5419 vo.

2187 5475 2362 5520 catam
2395 5480 2422 5516 a
2443 5463 2579 5517 Filio
2597 5462 2662 5516 ad
2694 5462 2856 5514 vitam
2882 5461 3244 5513 immortalem
3280 5458 3375 5511 illo
3403 5456 3753 5524 migrationis

2189 5556 2388 5611 modo?
2411 5571 2533 5608 nam
2551 5564 2604 5618 et
2623 5555 2734 5621 ipsa
2768 5567 2951 5606 revera
2972 5551 3304 5619 ipsiSsimum
3323 5557 3440 5602 erat
3465 5548 3748 5616 gaudium;

2189 5662 2297 5701 non
2345 5647 2505 5701 modo
2563 5645 2687 5714 quia
2728 5660 2757 5697 e
2789 5643 3001 5696 cunctis
3048 5641 3367 5694 mulieribus
3405 5640 3517 5690 sola
3562 5636 3754 5704 etiugit

2189 5737 2591 5793 daumationem
2636 5734 2704 5788 ob
2756 5741 3034 5798 peccatum
3076 5737 3125 5784 ct
3173 5737 3406 5796 partum-
3440 5725 3493 5777 in
3547 5722 3755 5775 dolori-
