4014 6214
311 316 383 379 ut
1100 315 1382 376 onA'rto
1423 274 1504 376 Iit
1549 313 2095 375 nonurrtonsu
2139 315 2240 374 ss.
2287 315 2660 376 DEIPARAZ.
3422 320 3520 386 109

301 430 402 492 bus,
425 426 513 481 sed
543 426 672 494 quia
705 424 869 478 Mater
897 422 1061 477 etiam
1089 423 1298 476 exstitit
1322 419 1583 489 ipsissimi
1614 421 1815 488 gaudii.
1858 413 1903 471 A
1948 418 2088 474 tur?
2118 418 2271 484 Quod
2316 419 2362 473 si
2418 420 2499 470 Vel
2557 420 2762 487 optimo
2815 426 3246 489 temperamento
3306 432 3519 476 natura:

299 519 432 571 Dolor
458 531 581 585 ergo
631 515 812 569 omnis
840 511 1042 567 abfuit.
1080 510 1234 578 Quod
1273 513 1319 567 si
1352 513 1580 566 omnino
1618 513 1816 579 placet,

296 619 393 663 esto
449 607 601 661 dolor
644 604 961 666 accesserit,
1017 604 1111 657 sed
1145 603 1329 657 statim
1360 602 1523 655 etiam
1570 602 1820 665 recessit,

294 704 380 763 vix,
405 710 457 753 ut
478 701 547 751 ita
578 699 784 759 dicam,
808 712 921 752 suae
940 697 1244 765 praesentia:
1271 708 1494 748 sensum
1536 693 1806 761 prmbens.

293 791 519 856 Quoniam
536 803 670 857 ergo
683 789 870 842 dolore
905 800 1080 839 vacua
1097 795 1216 838 erat
1240 783 1429 852 Virgo,
1469 784 1813 851 perSpicuum

293 892 374 942 est.
397 881 812 935 sincerissimam
840 880 1084 934 adfuisse
1107 879 1371 933 laetitiam.
1410 878 1601 931 Certus
1636 886 1816 929 autem

293 988 598 1036 sum,omnes
620 972 756 1025 mihi
780 972 1035 1026 assentiri
1054 970 1385 1031 ratiOnibus,
1406 970 1605 1038 quibus
1630 982 1818 1022 verum

293 1064 777 1125 demonstravimus,
810 1077 1129 1129 persuasos,
1173 1061 1309 1116 nihil
1345 1061 1653 1129 purissimae
1706 1058 1823 1111 Vir-

293 1157 374 1225 gini
401 1155 690 1222 optabilius
724 1154 921 1214 fuisse,
954 1168 1114 1221 quam
1146 1167 1212 1206 ex
1239 1153 1339 1205 hac
1375 1152 1481 1205 vita
1512 1151 1774 1204 decedere
1802 1167 1820 1216 ;

291 1243 396 1296 adeo
412 1253 556 1309 grata
589 1252 711 1296 erat
744 1242 824 1294 illi
853 1254 1023 1303 mors,
1050 1254 1155 1307 qua
1192 1253 1292 1292 nos
1313 1239 1597 1292 tristamur
1620 1246 1673 1290 et
1698 1237 1824 1303 jure

291 1338 470 1406 quidem
497 1337 732 1403 optimo.
766 1334 904 1388 Nam
955 1335 1084 1403 quia
1109 1335 1257 1387 nulla
1290 1344 1408 1387 erat
1439 1333 1545 1385 alia
1598 1332 1681 1383 via
1716 1345 1821 1398 qua

292 1434 440 1494 posset
474 1425 628 1480 abire
647 1426 715 1477 ad
747 1424 970 1488 Filium,
996 1424 1103 1478 nisi
1143 1424 1270 1493 hinc
1301 1422 1675 1491 demigrando,
1697 1435 1820 1472 cum

293 1514 386 1571 Filii
432 1516 895 1571 consuetudinem
961 1523 1267 1583 exoptaret,
1312 1521 1579 1581 quantum
1642 1510 1823 1565 verbis

289 1608 553 1675 exprimere
598 1622 768 1660 nemo
797 1617 985 1673 queat,
1027 1605 1346 1661 necessario
1402 1603 1532 1657 illud
1607 1616 1823 1671 quoque

289 1699 563 1765 exoptabat,
582 1713 685 1767 per
712 1698 858 1764 quod
893 1699 1108 1764 assequi
1142 1704 1375 1766 poterat,
1408 1694 1550 1762 quod
1582 1702 1642 1746 ut
1672 1709 1823 1747 sum-

1947 509 2188 578 prmditis
2228 510 2357 561 dum
2424 520 2596 560 morte
2646 509 2957 571 solvuntur,
2992 512 3212 579 aiiquod
3248 514 3515 567 molestiae

1951 600 2239 666 vestigium
2270 598 2595 653 brevissimo
2634 608 2878 663 tempore
2909 601 3117 664 subest,
3162 612 3373 655 nonest
3416 605 3519 656 mi-

1953 690 2178 743 randum
2203 708 2217 742 :
2239 690 2399 742 homo
2434 690 2578 743 enim
2616 688 2777 758 Virgo
2802 701 2940 753 erat,
2971 702 3020 745 et
3050 695 3333 759 oportebat
3370 692 3515 745 illam

1955 792 2162 834 naturae
2199 790 2594 850 congruentem
2642 798 2764 836 esse
2794 820 2809 843 ,
2861 797 2968 835 non
3018 782 3384 835 adversariam
3439 785 3516 836 illi

1954 872 2144 933 videri,
2175 871 2320 939 quod
2358 872 2548 926 fuisset
2578 881 2630 926 et
2658 889 2839 927 serum
2871 888 3130 941 pugnare.
3168 872 3386 928 Natura:
3417 875 3520 940 lgi-

1954 970 2043 1014 tur
2086 963 2331 1016 dehilum
2377 964 2560 1017 divina
2613 962 2775 1029 Virgo
2815 966 3034 1031 penitus
3085 982 3190 1015 non
3250 975 3518 1024 aversata,

1950 1066 2075 1104 cum
2104 1053 2148 1107 si
2180 1054 2337 1107 aliter
2365 1053 2567 1107 factum
2598 1065 2765 1115 esset,
2803 1070 2891 1108 res
2925 1056 3259 1108 absurditate
3293 1072 3397 1108 non
3428 1071 3519 1107 ea-

1951 1152 2113 1201 reret,
2156 1154 2341 1197 secuta
2386 1144 2543 1211 plane
2578 1156 2660 1199 est
2693 1162 2872 1197 rerum
2908 1156 3155 1198 naturam
3185 1154 3237 1197 et
3270 1147 3522 1211 aliquan-

1951 1234 2149 1294 tulum,
2212 1234 2288 1287 uti
2332 1236 2442 1301 jam
2508 1238 2769 1297 diximus,
2820 1236 3130 1290 molestiam
3182 1239 3345 1303 repit.
3408 1236 3520 1294 Nec

1954 1335 2135 1379 tamen
2170 1341 2234 1379 ex
2274 1326 2375 1379 hoc
2398 1326 2588 1393 videor
2630 1328 2767 1380 meis
2796 1328 2930 1394 ipsis
2964 1328 3308 1382 sermonibus
3330 1327 3523 1381 adver-

1954 1418 2083 1475 sari.
2114 1416 2268 1482 quasi
2304 1420 2578 1469 contraria
2625 1417 3042 1484 affirmantibus,
3074 1436 3182 1473 non
3217 1422 3362 1474 enim
3394 1437 3521 1487 pos:

1952 1517 2079 1559 sunt
2131 1508 2266 1560 velle
2323 1508 2701 1575 impossibilia.
2751 1508 2855 1561 Sed
2912 1510 3194 1563 exordium
3244 1512 3518 1565 sermonis

1948 1597 2075 1660 mei,
2106 1606 2157 1649 et
2180 1599 2424 1667 qnmdam
2450 1600 2630 1653 addita
2662 1600 3003 1667 postmodum
3032 1603 3260 1654 exordio
3288 1618 3517 1669 corona,

1953 1688 2225 1742 luculenta
2263 1690 2392 1742 mihi
2440 1691 2683 1745 defensio
2714 1702 2861 1746 sunt.
2913 1690 3122 1746 Etenim
3163 1693 3375 1761 probari
3408 1708 3517 1746 non

292 1804 391 1843 mus
418 1789 532 1842 linis
563 1789 976 1858 Optatissimum
1000 1796 1117 1841 erat
1146 1804 1162 1850 ;
1198 1786 1302 1840 hoc
1327 1796 1506 1839 autem
1535 1799 1694 1838 nemo
1718 1783 1819 1836 mi-
1853 1780 1900 1839 B
1950 1786 2188 1844 poterat.
2223 1781 2625 1835 immaculatam
2662 1783 2940 1851 Virginem
2995 1785 3142 1837 omni
3189 1785 3377 1837 dolore
3426 1801 3519 1841 ca-

287 1888 447 1942 retur;
476 1894 580 1932 non
612 1881 772 1933 enim
805 1879 964 1946 quasi
996 1878 1156 1949 linem
1188 1876 1412 1945 aptabat
1448 1874 1657 1941 sejungi
1698 1875 1823 1926 anl-

287 1985 412 2022 tuam
431 1985 457 2021 a
478 1985 725 2037 corpore.
748 1967 991 2034 Quorum
1016 1968 1158 2022 illoc
1179 1968 1321 2021 enim
1351 1965 1542 2019 fuisset
1568 1966 1824 2018 aberrare

290 2060 533 2112 averitate
563 2076 579 2111 :
618 2060 719 2112 illa
752 2073 881 2112 vero
921 2057 989 2112 ab
1017 2058 1162 2111 omni
1196 2065 1420 2124 peccato
1454 2068 1671 2122 semper
1722 2051 1825 2107 fuit

288 2152 514 2204 immunis
547 2174 561 2205 ;
595 2152 696 2205 sed
746 2149 1019 2218 cupiebat,
1065 2147 1311 2211 ardebat,
1353 2145 1645 2212 exuptabat
1674 2158 1824 2197 mor-

284 2249 392 2305 tem,
416 2243 566 2311 quasi
597 2243 916 2298 vehiculum
947 2240 1242 2309 quoddam,
1275 2247 1370 2292 aut
1394 2237 1688 2305 navigium,
1712 2248 1825 2304 quo

286 2334 525 2388 transrebi
561 2343 757 2403 posset
788 2334 853 2387 ad
900 2332 1208 2385 immortale
1260 2344 1512 2398 regnum,
1542 2336 1597 2383 et
1632 2328 1822 2389 vitam,

285 2421 451 2475 Filium
485 2439 547 2477 ac
570 2422 769 2484 Deum.
800 2423 865 2476 ad
889 2437 1047 2491 quem
1067 2422 1249 2475 omnia
1275 2417 1546 2474 desideria
1575 2416 1824 2480 tendunt,

282 2513 401 2565 ultra
422 2530 579 2583 quem
608 2529 727 2567 non
761 2512 889 2567 licet
918 2511 1169 2582 progredi
1196 2517 1291 2564 aut
1318 2509 1620 2579 quidquam
1644 2508 1822 2563 velle:

284 2618 374 2657 non
398 2605 539 2659 enim
568 2614 755 2674 potest
783 2619 905 2659 esse
931 2603 1157 2658 satietas
1187 2601 1304 2666 Dei,
1335 2610 1390 2656 et
1416 2601 1683 2655 bonorum
1706 2599 1827 2654 illo-

280 2709 403 2758 rum,
431 2706 484 2748 ut
503 2697 561 2752 in
595 2697 706 2752 hac
731 2696 838 2749 vita
870 2694 1140 2763 contingit
1164 2691 1506 2758 necessario,
1533 2690 1587 2744 in
1612 2704 1717 2759 qua
1739 2704 1828 2746 res

282 2783 426 2841 uxas
454 2801 731 2849 amamus,
761 2794 815 2840 et
845 2801 954 2839 non
986 2784 1153 2840 uxis
1177 2782 1626 2854 przeferimus:t
1655 2781 1825 2848 enim,

282 2886 329 2929 ut
366 2894 479 2932 eum
514 2879 687 2935 rebus
716 2877 1013 2933 uentibus
1040 2876 1370 2932 desiderium
1398 2888 1619 2944 quoque
1653 2870 1825 2927 animi

281 2970 486 3034 vacillet,
511 2985 641 3025 eum
670 2969 972 3039 praesertim
1023 2967 1155 3022 illud
1190 2967 1299 3021 cito
1326 2964 1577 3035 capiatur
1605 2964 1827 3018 satieta-

280 3068 338 3112 te.
377 3058 529 3114 Nulla
577 3062 754 3129 igitur
803 3074 893 3114 res
944 3066 1156 3129 poterat
1205 3057 1375 3110 solari
1421 3054 1541 3124 ejus
1585 3053 1824 3108 animam

1948 1871 2146 1933 ruisse,
2171 1871 2263 1925 sed
2306 1888 2404 1940 pro
2437 1883 2643 1926 natum
2681 1875 2888 1941 legibus
2933 1884 3207 1927 momento
3257 1875 3519 1942 temporis

1950 1963 2258 2017 communis
2288 1963 2448 2030 hujus
2471 1965 2664 2017 mortis
2692 1967 2998 2033 perrepisse
3035 1966 3303 2027 dolorem,
3326 1980 3515 2018 verum

1955 2065 2103 2107 tanta
2135 2052 2439 2109 afuentem
2464 2044 2649 2110 ltetitia
2674 2067 2727 2109 ut
2756 2072 2981 2125 prorsus
3002 2059 3067 2111 ab
3090 2073 3153 2111 ea
3181 2073 3381 2113 meror
3402 2072 3522 2111 om-

1950 2145 2039 2198 nis
2093 2144 2363 2215 effugerit,
2410 2149 2577 2202 cessit
2618 2150 2760 2201 enim
2809 2164 2868 2202 se
2907 2149 3139 2204 fortiori.
3192 2150 3271 2204 ita
3315 2160 3366 2201 et
3398 2149 3519 2211 ejus

1952 2232 2148 2299 Filius,
2198 2246 2480 2307 assumpta
2528 2250 2731 2293 nostra!
2781 2241 2963 2294 carnis
3003 2257 3203 2303 massa,
3253 2242 3423 2295 noluit
3452 2244 3521 2297 iis

1948 2341 2158 2391 carere,
2213 2345 2332 2396 quae
2357 2331 2540 2385 carnis
2563 2341 2690 2385 sunt
2736 2334 2975 2401 propria,
2992 2334 3110 2387 sine
3132 2335 3332 2403 quibus
3356 2335 3519 2389 howo

1948 2416 2003 2469 in
2029 2417 2143 2471 atris
2173 2419 2516 2475 naturalibus
2559 2437 2682 2476 esse
2711 2422 2948 2489 perfecte
2984 2440 3091 2477 non
3124 2434 3306 2494 potest
3348 2444 3362 2480 :
3413 2426 3516 2478 tri-

1948 2515 2125 2561 status
2157 2517 2260 2571 est,
2293 2509 2481 2566 dolore
2528 2511 2779 2575 allectus,
2817 2530 2924 2566 non
2970 2515 3144 2568 solum
3174 2515 3227 2569 in
3264 2532 3428 2570 cruce
3465 2524 3520 2571 et

1949 2597 2229 2665 Passioue,
2246 2601 2340 2655 sed
2353 2602 2516 2655 etiam
2532 2603 2751 2671 quando
2766 2602 3003 2659 Lazarus
3023 2615 3269 2659 mortuus
3282 2616 3387 2670 est,
3403 2608 3520 2675 lege

1949 2700 2151 2745 nostrae
2182 2701 2392 2748 natura:
2414 2694 2681 2765 lacrymas
2712 2698 2891 2749 emisit
2911 2714 2974 2751 ex
2999 2699 3174 2751 oculis
3200 2714 3291 2752 :ex
3326 2700 3520 2753 itinere

1950 2782 2277 2852 defatigatus
2308 2794 2414 2849 est,
2443 2786 2675 2855 ciboque
2699 2788 2951 2856 indiguit,
2977 2799 3030 2843 et
3058 2806 3252 2845 somno
3277 2806 3339 2845 ae
3364 2800 3517 2859 potu,

1953 2888 2043 2937 ac.
2076 2877 2391 2930 summatim
2448 2878 2536 2939 iis,
2588 2879 2785 2944 quibus
2826 2880 2969 2934 uxa
2994 2893 3177 2934 nostra
3205 2884 3520 2937 continetur

1947 2965 2082 3027 vita,
2114 2981 2339 3035 quaeque
2375 2967 2429 3021 in
2463 2983 2522 3021 se
2570 2984 2768 3037 corpus
2813 2988 2920 3025 non
2957 2974 3167 3037 recipit,
3209 2974 3312 3026 nisi
3364 2977 3518 3041 prius

1948 3070 2015 3110 ex
2047 3071 2233 3111 eorum
2280 3059 2569 3127 indigentia
2602 3062 2973 3117 eondolescat.
3010 3064 3158 3115 Adeo
3205 3062 3309 3117 fuit
3347 3066 3517 3120 nostri

279 3152 766 3208 summodesiderio
786 3147 1255 3211 aestuantemmisi
1281 3162 1346 3202 ex
1373 3147 1476 3201 hac
1498 3145 1606 3198 vita
1632 3145 1825 3198 deces-
1869 3136 1913 3198 C
1952 3163 2141 3202 amans
2199 3149 2500 3214 Salvator;
2560 3168 2667 3206 non
2716 3154 2858 3208 enim
2909 3155 3093 3208 carnis
3133 3166 3185 3209 et
3234 3158 3519 3226 sanguinis

280 3243 363 3296 sio.
407 3243 543 3309 Quid
580 3232 736 3298 si'B.
772 3241 972 3296 Paulus
1016 3240 1278 3308 cupiebat
1329 3237 1584 3301 dissolvi,
1620 3244 1673 3288 et
1703 3236 1828 3290 esse

278 3349 378 3386 rem
404 3333 630 3390 Christo
660 3334 687 3386 2
723 3332 813 3387 cui
855 3332 1018 3385 etiam
1056 3329 1220 3383 David
1261 3343 1324 3382 ac
1369 3327 1590 3382 Simeon
1636 3339 1828 3397 preces

282 3424 527 3478 fundendo
573 3421 938 3491 congruentia
985 3420 1152 3473 locuti
1189 3418 1446 3472 videntur
1494 3435 1516 3471 :
1569 3415 1660 3469 ille
1698 3413 1826 3467 dum

278 3517 339 3568 ait
373 3535 386 3570 :
417 3516 564 3570 Educ
607 3518 675 3569 de
703 3514 944 3568 custodia
986 3513 1221 3566 animam
1251 3525 1458 3574 meam;
1492 3516 1565 3571 et,
1607 3503 1829 3571 Quando

281 3607 450 3659 veniam
472 3616 521 3660 et
548 3607 815 3674 apparebo
834 3614 957 3657 aute
987 3602 1172 3666 [aciem
1198 3600 1290 3653 Dei
1310 3597 1528 3664 ?(Psal.
1557 3611 1700 3658 ciu,
1732 3592 1786 3663 8)
1810 3609 1827 3657 ;

282 3695 354 3747 hic
392 3707 569 3751 autem
596 3711 727 3750 cum
760 3696 899 3749 dixit
934 3709 948 3745 :
989 3691 1149 3746 Nunc
1182 3690 1414 3743 dimittis
1440 3703 1645 3742 seruum
1682 3695 1831 3738 tuum

285 3780 411 3851 (Luc.
445 3802 501 3848 ll,
524 3786 620 3855 29)
652 3801 668 3850 ;
707 3784 910 3854 quibus
949 3782 1141 3849 utique
1171 3779 1403 3833 vocibus
1450 3777 1534 3831 usi
1575 3776 1827 3838 fuissent,

283 3877 515 3940 arbitror,
557 3880 603 3933 si
664 3891 805 3945 opus
858 3873 1072 3937 luisset,
1102 3872 1176 3927 illi
1211 3871 1377 3926 etiam
1406 3869 1498 3938 qui
1531 3881 1691 3922 suum
1732 3879 1832 3934 pro

283 3972 475 4027 Christo
502 3972 814 4027 effuderunt
836 3968 1180 4038 sanguinem,
1200 3975 1256 4020 et
1283 3964 1499 4019 dolores
1525 3961 1830 4016 intoleran-

284 4062 370 4116 dus
409 4066 719 4118 sustinuere
752 4079 768 4115 :
799 4068 854 4116 et
894 4060 969 4114 illi
1019 4058 1249 4128 pariter,
1293 4054 1384 4124 qui
1437 4055 1490 4108 in
1526 4050 1833 4124 spiritualia

289 4157 557 4209 certamina
617 4153 1041 4214 descenderunt,
1095 4147 1475 4203 confessorum
1524 4153 1719 4201 cretus.
1779 4150 1835 4195 et

290 4246 486 4298 omnino
506 4246 713 4313 quibus
734 4242 814 4297 uti
842 4255 1046 4309 scopus
1077 4237 1418 4307 propositum
1448 4242 1555 4296 est,
1584 4232 1730 4302 quod
1752 4238 1836 4287 est

292 4333 549 4398 optimum,
575 4341 633 4387 et
667 4333 843 4385 solum
881 4329 1008 4383 illud
1041 4332 1313 4396 spectant.
1349 4324 1404 4378 Si
1433 4324 1596 4392 igitur
1627 4322 1739 4376 hac
1760 4322 1835 4375 ita

293 4424 568 4488 tehabent,
618 4413 918 4488 auditores,
974 4437 1082 4491 qua
1120 4421 1335 4475 ratione
1392 4416 1485 4472 Dei
1547 4416 1719 4484 Mater
1750 4415 1836 4470 di-

295 4518 434 4567 cruda
463 4533 567 4569 non
599 4516 671 4568 sit
693 4516 853 4583 longe
883 4514 1121 4567 maximo
1149 4510 1342 4565 aectu
1376 4510 1429 4562 in
1453 4510 1553 4562 hoc
1580 4506 1835 4562 laudabili
1862 4499 1913 4558 D

292 4605 525 4659 desiderio
539 4607 828 4676 plusquam
848 4604 937 4657 alii
955 4601 1126 4657 fuisse
1148 4603 1170 4655 ?
1192 4603 1350 4657 Certe
1373 4601 1426 4652 in
1441 4599 1722 4653 illisetiatn
1742 4611 1836 4651 ve-

295 4692 704 4750 hementissimus
735 4695 836 4748 fuit
868 4695 971 4747 iste
1001 4692 1259 4756 aectns;
1288 4706 1387 4745 nec
1411 4689 1555 4742 aliud
1580 4688 1835 4756 optabant

295 4790 505 4850 quam,si
537 4788 671 4857 quid
700 4788 1033 4855 praecipuum
1071 4792 1211 4847 erat,
1243 4781 1671 4847 conferebatque
1696 4793 1830 4832 sua-

300 4883 372 4941 pte
402 4887 588 4933 natura
620 4879 687 4931 ad
718 4879 843 4940 hoc,
879 4886 941 4930 ut
975 4884 1164 4930 essent
1195 4888 1319 4928 cum
1357 4872 1602 4929 Christo.
1630 4870 1832 4925 Verum

298 4964 386 5017 illis
412 4966 562 5038 Virgo
584 4976 738 5023 tanto
764 4965 1127 5022 excellentius
1160 4963 1391 5033 Optavit,
1421 4969 1688 5030 quantum
1716 4959 1832 5011 dis-

291 5056 502 5114 criminis
555 5069 641 5116 est
706 5061 853 5114 inter
908 5058 1087 5127 ipsam
1133 5063 1189 5109 et
1254 5054 1421 5109 illos:
1472 5065 1584 5104 tmn
1623 5052 1832 5103 ratione

295 5152 562 5207 sanctitatis
609 5160 665 5206 et
733 5150 1000 5202 virtutum
1070 5146 1285 5201 oiciis.
1343 5152 1830 5211 quantamcunque

293 5241 393 5305 quis
430 5244 605 5296 animo
648 5240 945 5312 praexerit
983 5239 1150 5306 hujus
1193 5236 1270 5291 rei
1326 5248 1662 5297 mensuram,
1713 5238 1827 5284 tum

296 5332 471 5384 ratione
498 5332 1060 5400 conjunctioniscum
1093 5326 1365 5388 Deo,cum
1408 5322 1453 5378 is
1485 5335 1637 5379 satus
1661 5322 1830 5389 ipsius

294 5422 526 5476 exstiterit
563 5441 577 5487 ;
622 5437 729 5491 qua
763 5420 981 5490 quidem
1031 5418 1086 5471 in
1122 5432 1180 5471 re
1208 5416 1412 5470 nullam
1461 5424 1544 5468 est
1586 5412 1831 5467 invenire

297 5522 588 5569 mensuram.
635 5515 772 5569 Cum
830 5511 1002 5581 igitur
1046 5518 1199 5563 tanto
1244 5506 1522 5561 desiderio
1575 5504 1828 5574 agraret

296 5598 595 5668 Iligratiuuis
616 5621 649 5659 e
676 5613 823 5659 terra
855 5604 909 5656 in
952 5600 1177 5662 caelum,
1210 5597 1300 5651 ubi
1340 5607 1555 5666 tempus
1586 5594 1826 5660 advenit,

297 5691 413 5751 quod
435 5698 648 5761 optabat
687 5704 974 5766 perpetuo,
1004 5689 1194 5755 quidni
1229 5688 1493 5756 gauderet
1534 5694 1589 5742 ct
1623 5687 1826 5741 latere-

1950 3240 2227 3308 partieeps
2248 3233 2426 3296 factus
2454 3252 2744 3299 contentus
2777 3244 2899 3309 fuit,
2926 3256 2979 3299 et
3008 3246 3221 3301 collatis
3250 3250 3300 3300 in
3326 3264 3518 3304 omnes

1918 3332 2255 3409 beneficiis,
2292 3350 2397 3387 non
2446 3335 2674 3389 ulterius
2721 3336 2995 3406 progredi,
3036 3338 3130 3393 sed
3182 3339 3340 3409 quasi
3400 3340 3516 3393 fieri

1956 3438 2063 3476 non
2100 3432 2308 3488 posset.
2352 3426 2551 3483 salvari
2598 3428 2893 3490 hominem,
2932 3429 3048 3498 ipso
3093 3445 3200 3484 non
3260 3434 3518 3499 patiente,

1950 3513 2268 3570 Passionem
2331 3527 2384 3572 et
2442 3502 2676 3572 mortem
2740 3522 2967 3586 optavit,
3025 3531 3132 3574 tam
3194 3524 3516 3577 exuberanti

1952 3602 2145 3658 affectu
2179 3614 2238 3658 ut
2269 3621 2374 3659 non
2412 3608 2585 3675 possit
2641 3609 2877 3677 exprimi
2913 3628 2927 3675 ;
2965 3620 3017 3664 et
3058 3620 3292 3666 testatur
3336 3608 3517 3667 illud:

1951 3692 2223 3762 Baptismo
2250 3694 2415 3748 habeo
2442 3697 2725 3764 baptizari,
2756 3709 2808 3751 et
2857 3702 3115 3765 quomodo
3148 3712 3392 3755 coarctar
3426 3719 3518 3756 ua-

1950 3799 2048 3851 que
2081 3783 2204 3836 dum
2230 3785 2535 3854 perciatur
2565 3787 2717 3857 (Luc.
2754 3806 2849 3853 ,
2880 3789 2994 3861 50).
3023 3791 3204 3858 Quare
3229 3803 3284 3847 et
3307 3795 3520 3847 contri-

1952 3883 2129 3930 status
2162 3886 2267 3942 est,
2301 3878 2634 3947 doloresque
2665 3893 2922 3948 expertus
2962 3883 3015 3937 in
3044 3900 3227 3942 cruce.
3255 3884 3520 3941 Caeterum

1954 3968 2161 4023 doloris
2191 3977 2405 4038 tempus
2434 3972 2838 4035 brevissimum,
2871 3982 2927 4026 ut
2950 3977 3145 4028 merito
3176 3992 3241 4029 ne
3259 3974 3366 4032 dii
3392 3979 3520 4047 qui-

1956 4060 2073 4111 dem
2140 4059 2369 4113 fortasse
2427 4070 2643 4129 tempus
2677 4064 2898 4128 possit;
2944 4065 3038 4117 sed
3091 4065 3274 4134 gaudii
3308 4076 3522 4133 tempus

1953 4148 2124 4202 dolori
2157 4152 2501 4204 succedentis
2524 4164 2575 4204 et
2598 4154 2872 4206 ine'abiie
2902 4167 2984 4208 est
3012 4164 3066 4208 et
3093 4157 3518 4213 interminabile.

1954 4240 2106 4306 Quod
2137 4240 2180 4294 si
2202 4243 2313 4295 inec
2343 4242 2407 4297 de
2426 4243 2707 4298 Salvatore
2738 4246 2880 4299 dicta
2904 4261 3027 4300 vera
3048 4254 3194 4311 sunt,
3215 4262 3394 4300 annon
3415 4250 3521 4302 erit

1956 4333 2134 4386 minus
2160 4334 2256 4400 piae
2280 4335 2476 4387 mentis
2495 4335 2561 4390 de
2585 4334 2751 4391 Matre
2772 4337 2889 4405 ejus
2914 4338 3123 4392 diversa
3143 4339 3385 4393 sentire?
3413 4338 3521 4392 De.-

1956 4425 2122 4478 cebat
2157 4440 2286 4478 sane
2314 4422 2406 4478 Dei
2449 4423 2570 4479 Filii
2605 4425 2827 4479 Matrem
2864 4426 2998 4479 Filio
3030 4437 3082 4481 et
3112 4430 3363 4483 inanibus
3397 4427 3520 4493 ejus

1956 4529 2075 4565 rum
2128 4513 2311 4566 laetitia
2369 4518 2754 4570 commendare
2803 4518 3079 4585 Spiritum,
3132 4518 3271 4572 sicut
3302 4519 3417 4586 ipse
3460 4518 3515 4572 in

1956 4618 2148 4657 manus
2179 4603 2378 4659 Patris.
2414 4606 2553 4669 Quin
2577 4607 2706 4660 illud
2740 4609 2900 4659 etiam
2937 4608 3161 4662 decebat
3185 4609 3334 4662 Matri
3368 4609 3518 4677 plus-

1955 4711 2113 4763 quam
2146 4697 2354 4749 caeteris
2381 4699 2636 4751 omnibus
2665 4699 2719 4751 in
2745 4701 2938 4767 quavis
2972 4701 3205 4754 humana
3231 4717 3288 4755 re
3316 4716 3517 4756 convc-

1958 4786 2071 4839 uire
2090 4801 2211 4839 cum
2232 4785 2390 4841 Filio.
2412 4788 2526 4842 Etsi
2562 4797 2720 4843 natus
2751 4791 2870 4858 ejus
2896 4806 2992 4859 pro
3024 4792 3219 4859 gaudio
3247 4792 3350 4846 sibi
3389 4809 3516 4862 pro-

1961 4879 2155 4944 posito,
2184 4886 2242 4930 ut
2268 4879 2467 4934 Paulus
2509 4881 2605 4947 ait,
2632 4897 2730 4949 ego
2760 4898 2888 4935 vero
2924 4884 3154 4938 dixerint
3186 4900 3284 4953 pro
3318 4884 3519 4953 gaudio

1958 4977 2086 5024 tunc
2101 4980 2387 5037 praesente,
2408 4973 2664 5027 sustinuit
2680 4988 2922 5040 erucem,
2941 4976 3259 5030 confusione
3275 4985 3519 5030 contem-

1960 5072 2047 5130 pta
2083 5063 2270 5131 (Hebr.
2304 5080 2401 5127 xu,
2435 5064 2514 5129 2),
2542 5074 2595 5118 et
2621 5065 2765 5118 omni
2804 5066 2990 5119 dolore
3020 5075 3221 5129 amato,
3248 5072 3306 5117 ut
3357 5065 3520 5134 paulo

1960 5164 2084 5206 ante
2111 5165 2389 5208 ostensum
2425 5165 2549 5218 est;
2596 5171 2694 5225 par
2736 5168 2885 5211 certe
2919 5156 3020 5209 erit
3049 5167 3103 5211 et
3135 5172 3374 5224 aequum.
3410 5157 3521 5209 imo

1960 5245 2122 5295 etiam
2160 5244 2445 5317 plttSqtlam
2477 5262 2574 5316 par
2611 5247 2713 5301 erit
2762 5247 2982 5299 Matrem
3012 5261 3225 5315 quoque
3248 5247 3367 5312 ejus
3400 5260 3518 5298 mo-

1961 5332 2185 5383 rientem
2233 5348 2330 5400 pro
2376 5348 2471 5401 spe
2515 5337 2814 5403 proposita,
2860 5350 2980 5401 qum
3016 5336 3174 5402 plane
3215 5332 3375 5385 dubia
3410 5347 3518 5383 non

1964 5429 2103 5482 erat,
2131 5419 2336 5474 nullum
2367 5423 2476 5476 fere
2498 5425 2736 5476 dolorem
2771 5426 3030 5477 sensisse.
3068 5423 3187 5474 Ilaec
3214 5436 3374 5488 porro
3398 5436 3519 5473 esse

1965 5510 2160 5562 rationi
2194 5526 2453 5575 consona,
2503 5529 2602 5566 nec
2647 5514 2942 5566 abhorrere
2989 5528 3017 5565 a
3067 5528 3227 5565 sensu
3266 5511 3518 5577 pietatem

1963 5598 2144 5653 colere
2170 5601 2491 5667 volentium,
2516 5612 2797 5657 ostensum
2826 5618 2946 5657 esse
2975 5602 3213 5656 arbitror
3240 5619 3302 5655 ex
3337 5603 3521 5657 dictis.

1967 5685 2162 5748 Verum
2192 5701 2252 5747 ut
2280 5693 2635 5750 immorantes
2689 5706 3000 5764 pergratum
3035 5695 3299 5752 faciundis
3331 5695 3395 5750 iis
3429 5693 3523 5759 qui
