4048 6224
530 383 630 447 103

1707 365 2100 428 MiNUElJS
2142 364 2224 420 PA
2239 355 2580 420 l..‘EOI.OGI
3667 362 3762 425 Ini

522 488 748 541 libenter
782 481 1030 545 audiunt,
1055 480 1170 533 hate
1200 477 1424 542 insuper
1449 473 1722 526 addimus.
1762 469 1939 538 Atque
1970 479 2080 523 utt-
2125 463 2163 514 Α
2209 467 2516 518 mortalium
2565 464 2780 516 timidrr.
2807 463 2930 519 Haec
2960 474 3011 519 et
3047 466 3246 521 similia
3287 465 3573 520 universos
3613 476 3770 534 plane

520 593 645 631 nam
677 591 796 644 qua:
824 574 1053 627 dicenda
1085 580 1212 626 sunt
1259 584 1364 622 non
1422 576 1479 619 ut
1509 564 1688 618 inania
1720 563 2083 630 excipiantur,

521 671 614 723 sed
652 671 825 736 primo
867 666 1081 735 quidem
1113 663 1176 715 ad
1212 662 1496 714 utilitatem
1523 664 1780 714 vestram.
1817 671 1921 722 qua
1956 653 2086 712 mihi

523 761 656 814 nihil
687 759 989 828 antiquius,
1029 771 1152 810 cum
1184 754 1250 806 iis
1289 751 1638 805 vehementer
1683 763 1786 816 ego
1827 746 2085 805 delecter,

521 869 621 921 per
673 867 791 920 qnze
834 867 928 904 vos
981 847 1206 916 possitis
1265 859 1388 898 esse
1449 841 1654 898 felices.
1708 839 1912 892 Deinde
1974 837 2086 889 sint

523 943 684 994 etiam
717 950 844 1007 opto
863 955 969 991 non
1005 935 1301 1004 injucunda
1336 943 1388 986 ut
1414 947 1572 998 spero
1600 947 1613 994 ;
1648 927 2088 998 quandoquidem

524 1039 579 1084 et
622 1030 766 1081 illam
810 1028 894 1079 cui
930 1023 1377 1096 olTernnturbzec
1425 1022 1543 1073 loco
1578 1017 1843 1079 muneris,
1872 1017 1997 1069 licet
2025 1014 2092 1065 ah

524 1121 644 1185 ejus
685 1120 947 1188 dignitate
1001 1118 1292 1185 plurimum
1323 1115 1547 1174 distent,
1578 1122 1632 1166 et
1663 1126 1842 1162 rerum
1876 1118 2090 1161 nostra-

525 1229 644 1266 rum
677 1213 809 1264 nihil
847 1226 1072 1279 prorsus
1106 1209 1360 1275 indigeat,
1397 1215 1449 1256 at
1475 1204 1700 1256 libenter
1727 1211 1906 1253 tamen
1937 1213 2092 1252 acce-

525 1315 739 1372 pturam
770 1305 885 1356 scio
916 1301 1056 1368 quod
1086 1316 1112 1352 a
1143 1299 1402 1352 benevolo
1432 1295 1633 1347 famulo
1654 1293 1930 1346 olli-ratur.
1957 1289 2092 1342 Puto

525 1406 707 1448 autem
742 1393 1114 1446 conlitendum
1142 1405 1264 1443 esse
1295 1404 1393 1442 nos
1425 1405 1452 1440 a
1488 1401 1651 1454 scopo
1680 1400 1784 1437 non
1809 1383 2092 1436 aberratu-

525 1507 640 1552 ros,
698 1490 908 1542 favente
964 1487 1056 1540 Dei
1105 1484 1398 1545 Genitriee,
1446 1499 1540 1550 per
1593 1496 1752 1550 quam
1804 1478 2092 1532 imbecillis

526 1581 841 1634 dillicillima
881 1578 1132 1632 facillima
1161 1575 1312 1627 linnt.
1349 1573 1479 1624 Dico
1508 1571 1671 1640 igitur
1697 1569 1799 1622 tria
1823 1584 1944 1621 esse
1968 1583 2092 1635 prn-

527 1683 643 1740 pter
689 1688 808 1740 quae
850 1686 1040 1722 omnes
1101 1679 1328 1721 mortem
1387 1663 1800 1732 pertimescunt.
1855 1657 2092 1710 Primum

531 1766 776 1833 quidem,
807 1765 950 1832 quod
987 1779 1091 1814 non
1128 1771 1209 1813 est
1241 1759 1393 1811 valde
1428 1757 1770 1809 manifestum
1810 1751 2096 1805 conscien-

2212 565 2440 616 terrent,
2473 565 2524 608 et
2585 569 2839 622 pavorem
2875 556 3150 610 inrutiunt
3207 558 3403 611 animis
3435 569 3541 609 non
3579 573 3766 610 eorum

2215 654 2427 699 tantum
2467 645 2558 712 qui
2593 660 2770 697 rerum
2807 647 3156 714 priest-mium
3190 647 3464 700 illecebris
3495 647 3769 700 deliniuno

2213 746 2322 796 tur.
2362 736 2452 804 qui
2489 750 2589 789 nec
2625 737 2801 790 vivere
2834 737 3051 799 vellent,
3081 739 3132 790 ni
3165 739 3266 790 sibi
3301 739 3456 790 liceat
3490 738 3771 807 indulgere

2214 830 2396 895 genio,
2429 827 2524 880 sed
2553 828 2739 880 virtuti
2769 842 2987 896 quoque
3015 827 3340 888 deditorum,
3377 830 3467 896 qui
3512 829 3774 896 concupi-

2211 917 2468 969 scentiam
2525 928 2577 970 et
2630 919 2761 969 iram
2821 917 3049 971 rationis
3107 917 3261 970 l'reno
3335 933 3519 986 regere
3561 919 3771 972 volunt.

2214 1005 2373 1058 Subit
2403 1007 2544 1057 enim
2577 1006 2896 1059 omnibuset
2925 1007 3204 1060 horrorem
3229 1008 3424 1074 injicit,
3456 1022 3560 1060 non
3588 1015 3772 1059 tatuen

2213 1096 2326 1163 pari
2390 1096 2625 1147 modulo.
2689 1095 2964 1163 Siquidem
3020 1098 3086 1149 ad
3145 1098 3414 1163 cujusque
3467 1084 3630 1148 vitam
3661 1098 3778 1150 haec

2218 1189 2518 1240 variantur.
2577 1188 2760 1255 Itaque
2808 1196 2862 1240 et
2893 1204 2986 1242 eos
3031 1192 3121 1256 qui
3165 1199 3356 1243 sancte
3405 1190 3675 1252 vixerunt,
3717 1198 3776 1241 et

2211 1277 2300 1344 qui
2321 1291 2497 1339 secus,
2529 1277 2934 1330 incertitudinis
2966 1276 3200 1330 formido
3219 1279 3484 1342 adoritur,
3513 1281 3577 1331 ad
3606 1279 3778 1347 justi-

2213 1365 2347 1417 tiam
2372 1366 2726 1433 rc5picientes
2757 1369 3068 1429 humanam,
3092 1369 3214 1436 quia
3237 1383 3337 1421 non
3367 1369 3774 1436 justiﬁcabitur,

2211 1455 2408 1521 inquit,
2453 1456 2506 1507 in
2545 1467 2825 1523 conspectu
2863 1467 2952 1510 tuo
2980 1461 3146 1510 omnis
3179 1462 3350 1512 vivens
3377 1463 3394 1528 (
3419 1461 3572 1513 Paul.
3604 1475 3778 1522 cuti,

2209 1543 2291 1612 2).
2343 1545 2400 1599 Si
2459 1548 2602 1599 enim
2663 1548 2722 1600 Β.
2782 1549 3007 1609 Paulus,
3073 1553 3270 1604 castum
3307 1552 3398 1605 ille
3445 1553 3777 1622 contingens

2212 1637 2452 1699 animus,
2489 1652 2581 1690 vas
2612 1640 2920 1703 electionis,
2968 1643 3096 1694 nihil
3130 1644 3232 1696 sibi
3264 1643 3481 1710 quidem
3509 1645 3776 1697 conscius

2209 1732 2312 1785 est,
2343 1724 2437 1776 sed
2465 1741 2571 1776 non
2608 1726 2659 1776 in
2697 1727 2798 1778 hoc
2827 1728 3161 1792 justilicatus
3190 1739 3290 1790 est,
3324 1738 3380 1780 ut
3417 1730 3505 1781 ille
3530 1731 3645 1796 ipse
3670 1732 3774 1791 ait.

815 1814 839 1832 ,_

534 1858 621 1911 tia:
649 1856 779 1923 quid
817 1856 1059 1907 lntnrnm
1097 1855 1168 1907 sit
1200 1853 1252 1904 in
1287 1853 1451 1902 altera
1485 1851 1592 1900 vita
1629 1843 1846 1914 quando
1878 1843 2096 1895 univcr-

2213 1814 2355 1880 quis,
2400 1829 2609 1880 quaeso,
2631 1816 2794 1879 alius,
2817 1822 2856 1869 si
2889 1819 3083 1885 sapiat,
3105 1819 3171 1872 de
3200 1819 3378 1871 anima
3399 1833 3494 1873 Sua
3513 1823 3773 1884 conlidat,

530 1963 650 2000 sum
681 1961 852 2015 genus
891 1953 1138 1997 nostrum
1177 1951 1362 2009 surget
1395 1955 1422 1992 a
1455 1940 1564 1993 Deo
1593 1937 1966 2006 iudicandum,
1993 1932 2096 1987 nisi

531 2040 617 2092 cui
669 2038 934 2091 divinitus
988 2037 1150 2090 fuerit
1215 2035 1531 2088 revelatum.
1590 2029 1902 2084 Secundum
1949 2027 2093 2094 qttnd

528 2131 796 2186 discessio
827 2129 917 2182 liat
953 2129 1019 2182 ab
1051 2127 1196 2182 omni
1231 2141 1425 2195 genere
1469 2123 1785 2192 voluptatis,
1823 2131 1876 2175 et
1898 2136 2098 2187 cogna-

529 2224 696 2287 tione,
728 2234 781 2275 et
815 2223 1094 2284 amicis,et
1125 2220 1346 2286 antiqua
1377 2216 1789 2276 consuetudine.
1822 2222 1874 2269 et
1906 2214 2099 2279 hujus-

527 2315 697 2368 tnodi.
728 2313 971 2369 Tertium
1014 2327 1304 2368 commune
1345 2314 1467 2372 hoc,
1492 2309 1634 2378 quod
1667 2307 1845 2361 anima
1875 2321 2096 2374 separa-

531 2418 619 2461 tur
666 2421 695 2459 a
764 2421 1017 2475 corpore,
1080 2421 1140 2461 ex
1197 2419 1306 2472 quo
1365 2405 1443 2464 lit,
1510 2409 1568 2455 ut
1630 2407 1971 2468 compactum
2029 2413 2093 2450 ex

528 2499 812 2553 elementis
859 2513 1057 2565 corpus
1107 2505 1507 2564 corrumpatur,
1563 2493 1706 2563 quod
1774 2491 2096 2544 naturaliter

529 2593 713 2644 omnia
759 2589 991 2658 fugiunt.
1033 2591 1168 2642 Cum
1211 2603 1341 2656 ergo
1378 2588 1475 2639 tria
1510 2587 1622 2639 haec
1660 2585 1769 2637 sint
1815 2597 1935 2650 qua:
1965 2596 2096 2648 sup-

529 2684 809 2752 ponimus,
863 2681 1065 2750 quibus
1134 2678 1573 2735 concludendum
1615 2685 1700 2730 est
1755 2675 1896 2744 quod
1949 2673 2093 2736 volo,

528 2773 925 2827 exordiendnm
961 2789 988 2825 a
1020 2771 1199 2825 medio
1230 2770 1416 2825 statui.
1449 2767 1590 2822 Sane
1617 2767 1682 2820 iis
1717 2765 1807 2834 qui
1842 2771 2097 2818 tenentur

527 2867 656 2920 vita:
695 2865 964 2920 desiderio
991 2874 1210 2934 prapter
1241 2863 1530 2932 przescntia
1583 2869 1816 2921 tantum,
1851 2860 1943 2925 qui
1982 2856 2098 2911 ha:c

529 2958 693 3010 etiam
727 2957 880 3025 quasi
931 2957 1086 3010 linem
1118 2956 1365 3008 nltintnm
1399 2961 1705 3015 sectantur,
1749 2949 2095 3003 intoleranda

529 3063 614 3106 est
637 3053 830 3105 merito
859 3067 1027 3111 mors,
1060 3058 1115 3102 nt
1140 3066 1257 3118 qua:
1282 3049 1404 3102 illos
1432 3066 1459 3098 a
1483 3047 1762 3102 consortio
1781 3059 1959 3098 rerum
1991 3043 2094 3097 sibi

529 3142 892 3210 pretiosarum
960 3141 1232 3207 sejungat,
1291 3139 1492 3205 quibus
1545 3135 1710 3188 veluti
1771 3133 1986 3200 pueris,
2042 3138 2097 3185 et

531 3245 796 3298 generoso
841 3231 1022 3282 animo
1073 3229 1381 3282 nolentibus
1437 3228 1535 3291 uti,
1589 3227 1680 3279 sed
1728 3225 1846 3278 ficta
1893 3225 2003 3278 haec
2042 3231 2095 3274 et
2133 3224 2174 3282 C

533 3321 837 3374 umbratica
876 3319 1287 3386 praeferentibus
1316 3319 1529 3373 veritati
1556 3326 1608 3371 et
1629 3313 1914 3370 stabilitati
1949 3327 2096 3368 mors

526 3411 650 3478 jure
684 3410 1003 3463 terriculnm
1029 3420 1131 3469 est,
1165 3419 1218 3463 et
1249 3409 1562 3464 detestanda
1593 3407 1762 3475 magis
1795 3421 1955 3474 quam
1988 3420 2096 3460 cre—

532 3502 703 3554 teris..
737 3499 802 3554 Ut
855 3501 1001 3554 enim
1035 3501 1205 3555 allecti
1241 3517 1431 3554 sumus
1459 3501 1524 3552 ad
1552 3501 1860 3568 prresentia,
1920 3498 1994 3550 ita
2041 3504 2096 3551 et

531 3601 878 3660 separantem
909 3593 976 3644 ab
1009 3592 1115 3644 illis
1148 3601 1377 3644 mortem
1431 3592 1748 3644 toleramus.
1781 3587 1911 3641 Nam
1947 3586 1995 3641 si
2024 3586 2100 3640 vi-

530 3682 708 3734 riliter
741 3681 1070 3750 proclivitati
1113 3681 1177 3733 ad
1217 3681 1396 3732 intima
1431 3681 1768 3741 resistamus,
1805 3679 1976 3732 levior
2003 3693 2100 3730 no-

531 3773 616 3827 bis
646 3773 863 3827 videtur
898 3789 1048 3826 mors
1077 3789 1174 3840 spe
1206 3774 1342 3825 bona
1379 3773 1574 3841 plenis.
1617 3770 1770 3835 Quod
1811 3769 1856 3822 si
1891 3770 1954 3822 ad
1999 3783 2097 3836 po-

529 3864 671 3917 tiora
708 3878 902 3932 segnes
941 3863 1204 3917 fuerimus
1231 3904 1245 3924 ,
1296 3863 1441 3915 illam
1483 3877 1589 3916 non
1630 3860 1974 3914 mediocriter
2001 3875 2097 3912 ex-

531 3955 925 4010 borrescimus.
974 3956 1140 4008 Porro
1196 3957 1262 4008 iis
1315 3954 1406 4024 qui
1449 3954 1662 4023 turpius
1714 3951 2096 4021 indigninsque

530 4057 770 4118 aguntur
800 4048 868 4102 ab
903 4048 1208 4110 all‘ectibus,
1249 4063 1409 4115 quam
1456 4045 1744 4114 mancipia,
1779 4045 2099 4098 naturaliter

530 4141 745 4194 ratione
771 4139 1036 4208 subjectis
1066 4154 1213 4191 mors
1244 4149 1299 4191 et
1333 4145 1434 4199 est,
1467 4147 1517 4189 et
1554 4136 1765 4189 videtur
1794 4135 1951 4204 longe
1971 4150 2096 4204 gra-

529 4231 650 4284 vior
677 4244 741 4284 ac
765 4230 1087 4296 molestior;
1116 4230 1184 4281 ita
1215 4237 1293 4292 ut,
1327 4242 1636 4297 quanquam
1668 4241 1754 4280 res
1785 4226 1931 4280 dictu
1962 4226 2096 4278 mira

530 4327 638 4382 est,
667 4334 790 4371 cum
825 4320 994 4372 multo
1041 4319 1232 4385 majori
1278 4319 1479 4372 adnixu
1515 4319 1848 4385 voluptatem
1887 4324 2099 4384 Specta-

533 4420 676 4466 mus,
719 4405 972 4473 quodque
999 4405 1212 4458 videtur
1235 4406 1669 4468 celeberrimum,
1694 4406 1956 4459 rationem
1990 4419 2094 4458 non

534 4503 827 4560 sequentes
857 4495 1286 4557 ducem,liamus
1320 4504 1472 4558 tunc,
1500 4505 1558 4549 ut
1590 4496 1662 4548 ita
1697 4495 1895 4560 dicam,
1925 4494 2098 4561 magis

534 4587 792 4639 mortales
825 4601 989 4654 quam
1018 4603 1232 4640 sumus.
1263 4586 1398 4640 Cum
1431 4603 1560 4641 vero
1585 4587 1872 4641 honestum
1905 4601 1965 4637 ac
1998 4587 2096 4639 bo-
2135 4587 2186 4646 D

536 4689 665 4726 num
697 4682 1011 4740 spectamus
1046 4673 1138 4725 liat
1184 4674 1586 4741 quodammodo
1622 4674 1672 4725 in
1711 4672 1868 4726 nobis
1896 4679 2098 4723 morta-

535 4763 686 4817 litas;
714 4762 952 4816 Tantum
987 4763 1154 4832 pollet
1179 4764 1230 4816 in
1254 4764 1411 4818 nobis
1448 4763 1660 4817 arbitrii
1692 4764 1795 4816 vis.
1835 4763 1978 4816 Satis
2011 4763 2096 4816 di-

535 4865 681 4909 etunt
713 4855 947 4908 arbitror
975 4856 1041 4908 de
1061 4864 1256 4920 morte,
1289 4855 1413 4909 licet
1442 4854 1778 4925 propositum
1801 4854 1956 4908 nobis
1989 4869 2095 4906 non
2121 4915 2128 4920 .

535 4951 681 4995 esset
709 4941 777 4996 de
808 4959 866 4996 ea
893 4942 1286 5012 philosophari,
1320 4946 1614 5011 quomodo,
1640 4954 1691 4997 et
1722 4943 2095 5012 quamobrem,

535 5041 589 5084 et
617 5033 817 5100 quibus
853 5035 1114 5100 magis,et
1138 5035 1336 5102 quibus
1365 5036 1565 5096 minus,
1591 5034 1787 5101 quibus
1819 5033 1978 5085 etiam
2013 5033 2094 5084 in--

537 5124 816 5176 toleranda
855 5126 944 5188 sit,
976 5140 1039 5179 ac
1061 5126 1377 5179 terriculnm
1403 5127 1557 5178 valde
1582 5124 1889 5177 molestum.
1927 5123 2092 5175 Caete-

535 5232 655 5271 rum
688 5216 973 5271 reddendie
1012 5218 1239 5271 rationis
1271 5226 1531 5270 anteactae
1565 5217 1685 5269 vita!
1719 5217 1882 5268 timor
1905 5255 1918 5276 ,
1950 5214 2093 5282 quod

536 5309 714 5376 primo
746 5308 866 5361 loco
903 5309 1160 5371 diximus,
1203 5319 1256 5363 et
1286 5310 1478 5377 jndieii
1511 5309 1647 5371 dies,
1679 5318 1730 5361 et
1765 5307 2090 5359 horrendum

536 5401 799 5462 tribunal,
843 5411 897 5453 et
943 5403 1212 5455 satellites
1252 5401 1361 5468 regi
1397 5410 1451 5454 et
1481 5401 1651 5468 judici
1713 5408 1953 5453 astantes
2000 5399 2090 5466 qui

538 5493 720 5544 statim
774 5491 916 5558 quod
951 5491 1037 5543 ille
1069 5491 1387 5559 cogitaverit
1431 5489 1778 5543 exsecutione
1816 5487 2092 5548 mamlent,

538 5593 590 5634 et
618 5583 890 5650 insopitus
924 5583 1014 5636 ille
1051 5584 1275 5642 vermis,
1312 5592 1366 5635 et
1399 5583 1722 5635 tenebrosus
1766 5582 1926 5648 ignis.
1953 5590 2004 5632 et
2030 5577 2093 5629 ad

541 5671 657 5724 hrec.
689 5671 1018 5724 inccrtitudo
1045 5673 1346 5725 scntenlize.
1381 5664 1508 5737 Quis
1538 5673 1673 5724 enim
1711 5671 1948 5737 cognorit
1985 5684 2082 5719 sen-

541 5775 658 5810 sum
688 5759 936 5810 Domini?
966 5757 1011 5820 (1
1045 5757 1164 5809 Cor.
1197 5775 1253 5820 ll,
1281 5759 1384 5826 lli),
1429 5772 1476 5809 et
1511 5758 1881 5826 Γοῃὶιηιὲοηρδ,
1903 5754 2097 5820 inquit,

2210 1904 2429 1969 quando
2455 1904 2706 1956 Salvator
2730 1909 2937 1960 sedebit
2966 1909 3400 1975 adjudicandum
3427 1912 3777 1979 aequissimus

2210 2001 2263 2043 et
2313 1993 2517 2047 nullius
2559 1995 2894 2064 deccptionis
2926 2015 3120 2066 capax,
3167 2003 3430 2054 rationem
3454 2004 3674 2070 exigens
3701 2005 3777 2057 ab

2213 2096 2567 2151 unoquoque,
2614 2100 2722 2137 non
2757 2102 2945 2139 eorum
2986 2097 3194 2142 tantum
3232 2105 3351 2158 qtne
3382 2092 3492 2161 egit
3528 2101 3582 2146 et
3610 2094 3773 2157 dixit,

2215 2178 2271 2224 et
2301 2173 2579 2240 cogitavit,
2613 2175 2707 2228 sed
2740 2177 2900 2228 etiam
2951 2193 3074 2245 quae
3121 2193 3304 2247 agere,
3361 2191 3415 2235 et
3452 2183 3650 2244 dicere,
3714 2195 3777 2237 et

2220 2261 2463 2329 cogitare
2496 2263 2769 2318 debebat?
2801 2266 2844 2321 l)
2876 2269 3110 2336 qualiter
3141 2279 3269 2324 tunc
3298 2272 3400 2324 mei
3440 2273 3644 2328 similes
3669 2284 3778 2328 tre-

2171 2414 2176 2419 ,
2211 2365 2362 2404 more
2386 2366 2695 2419 pavescent.
2729 2356 2930 2422 quibus
2961 2359 3108 2413 nulla
3143 2375 3273 2415 cura
3305 2362 3402 2414 luit
3430 2363 3542 2418 haec
3575 2367 3771 2420 obser-

2211 2456 2361 2505 vare,
2403 2459 2501 2496 nec
2537 2445 2691 2499 libuit
2724 2448 2953 2516 (utinam
2975 2451 3114 2504 haud
3145 2454 3215 2504 ita
3247 2454 3410 2521 esset)
3450 2455 3515 2506 ad
3543 2455 3775 2510 Creato-

2214 2531 2289 2587 ris
2321 2533 2648 2588 voluntatem
2673 2551 2731 2590 se
2760 2523 3214 2595 accommodare?
3242 2541 3344 2605 Qui
3400 2544 3588 2610 judex,
3643 2561 3772 2600 cum

2214 2622 2449 2689 sederit,
2515 2640 2623 2679 non
2672 2627 2894 2681 habebit
2949 2643 3087 2696 opus
3149 2635 3600 2702 accusatoribus,
3660 2652 3774 2689 non

2215 2713 2438 2780 libellis,
2472 2729 2580 2768 non
2614 2719 2866 2784 testibus,
2889 2721 2981 2774 sed
3008 2733 3155 2790 gesta
3185 2739 3214 2776 a
3241 2725 3400 2779 nobis
3431 2727 3624 2782 melius
3649 2729 3775 2797 ipse

2213 2807 2384 2867 novit,
2417 2822 2578 2875 quam
2620 2810 2719 2878 ipsi
2766 2825 2886 2865 nos.
2943 2811 3054 2866 Hac
3091 2815 3252 2882 igitur
3300 2829 3589 2870 causarum
3622 2819 3772 2873 serie

2213 2899 2285 2951 ob
2326 2913 2464 2966 quas
2510 2900 2821 2956 horribilior
2857 2905 3008 2957 nobis
3039 2916 3094 2958 et
3133 2906 3311 2974 sei-psa
3341 2909 3555 2962 videtur
3597 2925 3769 2975 mors,

2213 2989 2436 3038 Omnino
2465 2991 2710 3056 superior
2731 2995 3257 3058 eratgloriosissima
3280 2999 3552 3055 Creatoris
3581 3000 3770 3055 Mater.

2211 3076 2345 3130 Nam
2406 3095 2580 3147 neque
2638 3082 2841 3134 incerta
2891 3084 3082 3149 judieii
3131 3088 3420 3152 sententia,
3461 3105 3556 3156 per
3603 3106 3770 3160 quam

2214 3182 2344 3220 sane
2400 3170 2709 3236 pandentur
2767 3175 3113 3227 tenebrarum
3172 3180 3453 3242 praesentis
3512 3184 3772 3236 vanitatis

2198 3244 2448 3321 'occnlta,
2495 3268 2706 3326 poterat
2741 3260 2858 3326 ejus
2895 3261 3251 3328 cogitationes
3297 3265 3535 3330 turbare,
3594 3283 3773 3336 neque

2213 3360 2276 3401 ex
2307 3347 2404 3401 hac
2427 3351 2536 3403 vita
2565 3350 2832 3419 migratio.
2864 3350 3062 3421 Etjure
3093 3353 3309 3422 quidem
3342 3359 3546 3424 Optimo
3573 3375 3586 3411 :
3615 3373 3773 3411 sum-

2214 3457 2356 3494 mam
2391 3444 2590 3511 quippe
2623 3445 2696 3496 Illi
2729 3446 3093 3498 constantiam
3123 3463 3185 3501 ac
3221 3448 3467 3503 ﬁduciam
3496 3450 3772 3518 pmbebat

2214 3544 2510 3588 consuetus
2543 3536 2609 3588 ab
2656 3536 2876 3590 ineunte
2915 3547 3073 3592 aetate
3110 3554 3370 3596 ascensus
3403 3543 3469 3596 ad
3515 3544 3680 3597 Deum
3713 3551 3774 3597 et

2216 3630 2544 3696 proveniens
2594 3629 2717 3681 inde
2747 3629 2944 3697 gratia,
2978 3630 3092 3684 sive
3123 3631 3413 3687 deiﬁcatio.
3449 3634 3629 3699 Quare
3662 3652 3769 3690 non

2213 3715 2328 3771 erat
2367 3719 2707 3771 formidanda
2742 3721 2957 3773 ferenda
2990 3731 3121 3775 tunc
3159 3727 3424 3778 sententia
3461 3742 3566 3794 qua
3615 3727 3771 3780 dam-

2214 3819 2411 3861 nantur
2442 3811 2530 3876 qui
2579 3812 2958 3863 entttumeliosi
2994 3821 3121 3864 sunt
3154 3815 3205 3865 in
3241 3813 3412 3875 legem
3446 3813 3568 3868 Filii
3623 3817 3767 3884 ejus,

2213 3913 2313 3951 nec
2360 3912 2503 3964 aegre
2558 3899 2779 3952 ferenda
2825 3901 3072 3954 decessio
3119 3903 3190 3956 ob
3223 3904 3550 3957 caduearum
3583 3922 3768 3959 rerum

2213 3989 2668 4056 deperditionem.
2706 3989 2870 4042 Beata
2915 3992 3058 4044 enim
3100 3993 3259 4062 Virgo
3290 3993 3468 4049 adhuc
3496 3997 3658 4050 etiam
3688 3997 3769 4048 vi-

2214 4094 2343 4132 vens
2397 4094 2493 4146 pro
2543 4081 2714 4132 nihilo
2750 4081 2984 4136 ducebat
3030 4095 3081 4136 et
3124 4083 3284 4138 inane
3339 4086 3572 4140 habebat
3622 4089 3769 4156 quod

2217 4175 2450 4226 tenendo
2481 4188 2589 4227 non
2628 4182 2864 4238 tenetur,
2895 4183 2949 4228 et
2997 4176 3249 4244 elabitur,
3285 4179 3410 4231 dum
3449 4195 3611 4233 manu
3640 4195 3770 4249 pre-

2213 4263 2443 4318 hensum
2474 4273 2560 4320 est
2589 4281 2604 4330 ;
2643 4268 2776 4320 tales
2830 4281 2956 4319 vero
2993 4278 3119 4320 sunt
3160 4283 3247 4322 res
3283 4269 3442 4336 hujus
3473 4272 3676 4335 stcculi,
3711 4281 3772 4324 ut

2212 4359 2508 4410 abstineret
2557 4367 2728 4424 atque
2783 4357 2851 4409 ab
2905 4359 2984 4411 eis
3045 4360 3268 4412 omnino
3323 4361 3610 4430 relugeret,
3663 4363 3765 4415 nisi

2212 4454 2474 4514 quantum
2515 4448 2812 4501 necessitas
2835 4460 3072 4517 cogeret,
3107 4465 3173 4502 ne
3201 4439 3448 4505 interiret
3481 4467 3697 4522 corpus,
3720 4455 3768 4508 si

2214 4545 2541 4604 negarentur
2572 4538 2647 4589 illi
2689 4553 2784 4604 per
2814 4554 2932 4606 qua:
2960 4549 3297 4593 sustentatur
3328 4559 3342 4594 :
3379 4544 3521 4608 quod
3551 4553 3604 4596 et
3629 4559 3768 4597 nova

2212 4634 2268 4681 et
2293 4627 2513 4695 antiqua
2541 4629 2741 4695 pariter
2767 4628 2884 4696 lege
2922 4630 3146 4682 vetitum
3179 4638 3284 4690 est,
3323 4640 3377 4683 et
3423 4633 3564 4699 apud
3595 4633 3770 4699 pluri-

2213 4733 2330 4771 mas
2378 4721 2540 4771 etiam
2582 4718 2936 4773 barbarorum
2978 4721 3245 4772 nationes.
3301 4719 3484 4789 Itaque
3517 4723 3770 4776 omnibus

2213 4824 2334 4877 qua:
2365 4823 2583 4862 sensum
2619 4811 2853 4864 illiciunt
2889 4820 2943 4863 et
2981 4810 3261 4878 decipiunt
3291 4822 3518 4879 aspectu
3552 4828 3674 4877 suo,
3702 4828 3766 4866 ac

2215 4901 2360 4954 mani
2383 4903 2484 4954 hac
2505 4903 2672 4970 gloria
2698 4903 2948 4956 tenebras
2976 4902 3170 4955 anima:
3191 4901 3496 4967 effundunt,
3522 4904 3769 4972 superior

2214 5004 2350 5048 erat.
2386 4994 2662 5062 Quidquid
2697 4995 2840 5048 enim
2880 5009 2989 5047 non
3034 5003 3150 5046 erat
3185 4994 3382 5046 animae
3411 4995 3641 5059 fructus,
3668 4995 3770 5047 ali~

2216 5085 2398 5138 monia
2451 5087 2688 5152 virtutis,
2759 5095 2851 5140 aut
2895 5100 3000 5138 non
3049 5085 3281 5140 faciebat
3332 5086 3400 5139 ad
3463 5086 3765 5154 profectum

2216 5173 2552 5242 Spiritualem
2578 5214 2593 5239 ,
2635 5177 2836 5229 nullius
2871 5175 3032 5243 plane
3077 5175 3341 5228 momenti
3386 5175 3770 5228 sacratissima:

2219 5264 2448 5331 Virgini,
2502 5273 2556 5317 et
2611 5263 2847 5318 alienum
2901 5264 3204 5317 habebatur
3262 5279 3326 5319 ac
3392 5266 3662 5318 ludicrum
3715 5279 3770 5317 et

2218 5356 2421 5424 puerile
2462 5355 2736 5415 solatium,
2785 5356 2998 5418 umbra,
3049 5356 3342 5417 somnium,
3388 5355 3592 5419 fumus,
3633 5365 3686 5407 et
3723 5357 3769 5407 si

2219 5446 2345 5512 quid
2370 5444 2455 5497 his
2491 5445 2662 5497 levius
2696 5445 2842 5498 dicat
2874 5443 3165 5512 quispiam.
3199 5443 3262 5494 Et
3291 5455 3574 5512 pi-Opterea
3607 5442 3770 5512 Virgo

2222 5533 2335 5586 hazc
2379 5533 2789 5602 gloriosissima,
2823 5535 2950 5585 dum
2987 5542 3129 5586 esset
3172 5534 3223 5586 in
3258 5534 3384 5594 vita,
3422 5541 3629 5584 tantum
3675 5539 3772 5584 ab-

2222 5626 2481 5680 horrebat
2516 5627 2583 5679 ab
2618 5627 2683 5679 iis
2724 5614 2827 5694 per
2859 5641 2980 5695 quae
3025 5641 3125 5680 nos
3160 5627 3465 5687 vincimur,
3501 5632 3770 5691 quantum

2224 5721 2419 5773 mortui
2462 5721 2567 5771 vita
2607 5719 2734 5772 olim
2776 5719 3035 5772 deluucd.
3073 5717 3354 5784 Quomodo
3385 5731 3514 5784 ergo
3543 5715 3772 5769 moleste
