4048 6224
388 242 507 315 ’105

1255 224 1541 290 ORATIO
1582 222 1655 281 lN
1696 214 2247 281 bonane)st
2289 213 2392 269 ss.
2429 204 2807 269 numne.
3395 156 3413 172 ”’
3564 185 3664 253 tas

397 373 565 419 terret
594 364 878 416 decessum
901 359 967 411 ab
991 356 1057 411 iis
1084 368 1314 425 quorum
1345 351 1493 406 nullo
1524 350 1809 405 tenebatur
1833 346 1963 403 aﬂe-
2007 340 2053 398 Α
2106 348 2167 396 ιιι
2195 351 2357 395 suum
2382 342 2596 387 uterum
2623 321 2928 382 exhibuerit
2950 320 3127 374 lotum
3157 316 3418 425 universa
3437 314 3665 416 impii-u-

396 459 532 513 ctu?
566 463 660 510 aut
686 469 785 508 cur
824 457 1115 520 augeretur
1142 448 1209 500 ab
1242 446 1321 500 eis
1351 444 1570 513 quibus,
1603 457 1725 497 cum
1759 450 1966 512 posset,

402 564 513 603 non
532 544 929 605 oblectabatur,
962 539 1057 595 sed
1091 540 1270 591 valere
1297 536 1532 597 dicebat,
1564 536 1890 603 voluptates,
1918 544 1972 587 et

401 638 529 691 falsi
562 633 799 688 nominis
828 626 1077 701 gloriam‘,
1093 638 1144 682 et
1172 628 1314 696 quod
1351 625 1624 679 hominem
1659 625 1970 679 hominibus

401 729 620 781 videtur
649 724 878 779 reddere
906 720 1303 780 sublimiorem,
1337 732 1461 772 cum
1500 733 1565 771 ex
1605 717 1720 771 luto
1780 717 1972 771 eodem

405 829 460 876 et
503 832 685 874 massa
737 822 1054 883 compactos
1086 810 1205 865 sit?
1234 809 1449 863 Diceret
1483 808 1558 861 illi
1600 807 1973 878 theologorum

406 900 700 977 supremus
721 915 846 975 post
875 903 1187 969 theologum
1229 899 1453 954 tonitrui
1486 898 1655 953 tilium
1683 898 1977 967 Gregorius

410 1001 817 1059 Nazianzenus,
854 1003 907 1050 et
959 993 1334 1048 blandimenta
1368 988 1782 1045 consuetudinis
1811 990 1977 1043 etiam

413 1108 480 1147 ex
508 1106 564 1145 re
587 1098 799 1153 nostra,
826 1095 881 1143 et
911 1087 1101 1140 haberi
1135 1100 1165 1137 a
1193 1082 1352 1138 nobis
1385 1082 1439 1136 in
1470 1083 1665 1151 pretio,
1702 1080 1794 1150 qui
1824 1095 1976 1134 ama-

411 1199 537 1237 mus
578 1192 632 1234 et
662 1180 1023 1240 admiramur,
1076 1173 1344 1243 quidquid
1397 1173 1650 1228 deorsum
1699 1171 1895 1233 fertur,
1926 1179 1980 1225 et

414 1272 587 1339 serpit
616 1270 796 1323 instar
829 1265 1042 1321 colubri
1076 1279 1090 1316 :
1125 1271 1179 1316 at
1207 1261 1408 1331 quibus
1435 1259 1676 1315 studium
1707 1265 1790 1312 est
1817 1258 1982 1327 spiri-

413 1364 579 1413 tualia
635 1371 883 1428 quaerere
939 1365 995 1409 et
1042 1353 1324 1417 sublimia,
1388 1359 1553 1420 caput
1597 1364 1721 1420 qua:
1765 1349 1984 1420 erigunt

414 1467 661 1512 sin-sum,
719 1450 854 1504 illud
902 1447 969 1502 ad
1024 1444 1286 1500 inferiora
1333 1442 1551 1499 ﬂectere
1599 1455 1826 1498 exosum
1875 1449 1983 1495 est.

416 1544 576 1597 Dolet
627 1543 793 1613 igitur
845 1540 1162 1609 repentibus
1216 1536 1367 1590 humi
1417 1550 1597 1590 rerum
1654 1536 1985 1588 caducarum

416 1635 668 1688 amissio.
698 1632 802 1698 Qui
835 1633 1035 1686 etenim
1071 1630 1254 1683 futura
1288 1643 1395 1681 non
1439 1626 1808 1697 ncgligebant,
1850 1639 1987 1694 quo-

417 1727 582 1780 modo
636 1725 930 1794 prresentia
978 1720 1444 1791 spernerent‘iAt
1497 1718 1585 1773 cui
1647 1728 1987 1772 terrenorum

417 1833 552 1872 eura
605 1814 1051 1886 postponehatur,
1091 1820 1239 1868 certe
1283 1810 1504 1882 abjnngi
1561 1809 1723 1865 etiam
1778 1808 1846 1864 ab
1881 1807 1989 1864 illis

421 1911 571 1962 nulla
597 1918 713 1961 erat
740 1904 1080 1961 sollicitudo.

499 1996 679 2061 Quare
705 1993 945 2048 tristitia:
992 1991 1150 2047 nobis
1192 1998 1245 2046 et
1279 1991 1535 2046 terricula
1568 2001 1760 2063 suapte
1793 2001 1989 2050 natura

428 2087 700 2151 accidunt,
747 2093 802 2139 et
862 2082 1264 2153 quodammodo
1324 2084 1579 2152 utrinque
1659 2085 1988 2155 appetimur,

424 2188 543 2231 tum
578 2176 927 2246 praesentium
986 2173 1307 2238 amissione,
1353 2182 1411 2228 ut
1440 2173 1702 2239 diximus,
1751 2185 1865 2230 tum
1897 2192 1992 2247 pa-

426 2286 558 2323 vorc
588 2270 924 2331 futurorum,
955 2273 1013 2319 ut
1041 2265 1154 2334 jam
1181 2265 1525 2321 ostendimus
1553 2279 1567 2317 :
1592 2280 1823 2335 quorum
1855 2282 1992 2323 neu-

430 2373 518 2415 tro
556 2363 711 2415 beata
760 2357 925 2428 Virgo
956 2357 1125 2428 petita
1170 2363 1272 2411 est.
1302 2354 1600 2426 Oportebat
1626 2357 1770 2413 enim
1799 2359 1995 2427 migra-

430 2458 640 2504 tionem
694 2462 911 2518 quoque
964 2446 1084 2516 ejus
1117 2459 1242 2500 esse
1289 2454 1503 2500 natura:
1545 2446 1901 2516 superiorem,
1943 2456 1997 2501 et

432 2551 637 2597 nostra:
674 2555 784 2593 non
848 2536 1143 2593 assimilem
1178 2552 1193 2590 :
1226 2550 1350 2591 cum
1397 2536 1454 2592 in
1495 2551 1558 2593 ea
1604 2537 1863 2608 quidquid
1896 2537 1998 2592 fuit

435 2643 629 2685 natura
656 2628 950 2684 sublimius
994 2626 1181 2682 fuerit.
1220 2624 1296 2680 Ita
1328 2626 1510 2696 plane.
1540 2627 1808 2682 Caeterum
1845 2628 1997 2683 dolo-

438 2737 554 2775 rem
580 2722 753 2783 illum,
781 2718 873 2786 qui
902 2715 1169 2786 profunde
1205 2716 1440 2770 animam
1491 2718 1708 2788 attingit
1738 2720 1791 2771 in
1828 2727 2002 2774 morte

437 2812 609 2883 (quod
656 2811 880 2865 tertium
913 2820 965 2863 et
998 2817 1337 2879 postremum
1391 2810 1497 2879 est)
1529 2824 1873 2865 communem
1906 2812 2002 2865 ha-

440 2906 571 2960 bere
594 2918 700 2957 non
731 2901 1021 2971 dedignata
1070 2907 1157 2954 est
1189 2900 1344 2954 beata
1386 2900 1552 2969 Virgo
1590 2915 1714 2953 cum
1748 2899 2004 2956 universo

441 2993 757 3049 mortalium
790 3004 1021 3062 genere;
1052 2989 1177 3043 licet
1204 3004 1313 3043 non
1342 3002 1496 3057 seque
1540 3002 1603 3043 ac
1630 2989 1811 3042 caeteri
1836 2988 2006 3044 fuerit

439 3091 597 3143 illum
636 3095 880 3157 experta.
918 3085 987 3139 At
1030 3084 1161 3154 quid
1217 3098 1315 3155 ego
1341 3086 1539 3136 abutor
1559 3081 1886 3153 sequalitatis
1912 3096 2010 3137 no-

445 3181 615 3240 mine,
644 3177 735 3231 ubi
766 3176 915 3229 nulla
940 3188 1220 3235 mensura,
1251 3173 1400 3227 nulla
1423 3186 1651 3242 prorsus
1686 3172 1801 3228 ﬁeri
1830 3179 2010 3243 potest

445 3268 789 3338 comparatio
820 3266 844 3318 ?
877 3274 1033 3319 tanto
1067 3266 1209 3319 enim
1244 3264 1529 3319 intervallo
1563 3265 1765 3319 distant
1796 3279 1823 3317 a
1850 3264 2010 3321 nobis

444 3376 572 3433 qua:
643 3366 895 3432 spectant
942 3358 1008 3413 ad
1064 3357 1364 3427 Virginem,
1396 3368 1607 3439 quanto
1654 3356 1887 3427 amplius
1931 3367 2013 3413 est

448 3459 595 3513 bulla
640 3458 864 3511 caelum.
928 3452 1047 3507 Non
1076 3468 1209 3521 ergo
1270 3452 1420 3507 illam
1459 3466 1627 3515 mors,
1679 3451 1780 3505 etsi
1823 3464 2014 3506 omnes

451 3550 704 3604 homines
754 3562 879 3602 cum
943 3544 1134 3600 dolore
1188 3543 1352 3603 tollit,
1414 3543 1521 3597 alio
1567 3541 1728 3597 modo
1768 3542 2013 3606 sustulit,

450 3656 615 3710 quam
645 3654 756 3709 quo
785 3637 1046 3701 diximus.
1098 3635 1359 3690 nimirum
1402 3635 1548 3689 sicut
1591 3633 1789 3689 Filium
1816 3651 1834 3701 ;
1865 3643 1917 3689 et
1946 3635 2016 3688 ad

456 3734 561 3787 hoc
606 3741 842 3794 tantum,
896 3737 956 3783 ut
1001 3729 1166 3783 homo
1192 3742 1312 3782 esse
1351 3726 1781 3796 dignosceretur.
1815 3724 1919 3779 Sed
1952 3728 2019 3778 de

458 3826 545 3880 his
576 3825 736 3888 satis,
796 3820 939 3892 quod
981 3820 1174 3874 attinet
1215 3817 1282 3871 ad
1313 3817 1710 3884 separationem
1745 3816 1940 3869 anima:
1967 3825 2022 3869 ct

459 3917 707 3984 corporis
771 3913 1100 3968 beatissima)
1160 3910 1438 3979 Virginis;
1479 3922 1603 3961 nam
1651 3908 1859 3962 cmlesti
1901 3907 2021 3977 ejus

463 4011 656 4063 anima!
683 4020 922 4077 superna
958 4020 1021 4059 ac
1052 4005 1232 4058 divina
1256 4003 1573 4074 pervaganti
1602 4002 1751 4056 omni
1779 4012 2022 4071 tempore

464 4115 611 4155 mors
663 4099 904 4169 jucunda
935 4098 1119 4169 potius
1150 4101 1231 4166 (ut
1260 4095 1528 4165 principio
1559 4094 1831 4149 sermonis
1861 4094 2021 4161 dixi),

464 4205 622 4260 qnam
657 4190 883 4243 molesta
905 4188 1095 4256 procul
1118 4186 1287 4241 dubio
1310 4194 1590 4247 censetur,
1622 4195 1678 4238 ut
1710 4199 1871 4254 quam
1897 4184 2023 4238 illuc

464 4280 894 4345 transmittebat,
918 4294 1027 4347 quo
1048 4278 1203 4332 abire
1224 4277 1500 4346 cupiebat,
1534 4276 1601 4330 ad
1622 4290 1778 4330 suum
1805 4274 2023 4338 Filium,

464 4373 531 4427 ad
568 4372 691 4441 ejus
741 4370 976 4435 Patrem,
1017 4370 1083 4423 ad
1126 4368 1467 4422 Paracietum
1509 4366 1793 4436 Spiritum,
1842 4380 2028 4420 sacro-

2106 432 2200 496 tis,
2234 438 2288 483 et
2310 424 2458 480 nullo
2482 413 2884 483 circumscripti
2923 412 3067 465 loco.
3115 408 3360 463 Arbitror
3387 404 3530 458 enim
3561 404 3665 455 im-

2109 531 2354 576 mensam
2392 512 2586 568 anima:
2611 507 2730 576 ejus
2758 500 3223 573 pulchritudinem
3251 511 3281 551 e
3308 497 3510 551 virtute
3540 506 3667 561 pro-

2109 609 2418 664 venientem
2477 613 2587 654 non
2644 597 2812 649 fuisse
2850 589 3208 662 posteriorem
3260 595 3503 645 causam,
3569 594 3669 634 cur

2108 716 2173 755 ex
2204 713 2267 754 ea
2300 696 2443 750 Deus
2481 702 2704 746 carnem
2745 687 3075 738 assumeret.
3109 674 3365 742 Quinimo
3392 674 3530 741 ipse,
3573 670 3665 738 qui

2114 792 2437 844 incarnatus
2503 788 2609 844 est,
2673 774 3009 830 voluntatem
3061 768 3182 836 ejus
3223 761 3454 819 ducendi
3500 761 3666 812 vitam

2116 876 2226 930 Deo
2254 874 2577 944 placentem,
2626 860 3007 927 mandatisque
3037 853 3156 924 ejus
3190 850 3540 905 inhaerentem
3568 861 3667 898 an-

2112 935 2354 1033 teposuit
2378 957 2589 1014 muneri
2619 948 2866 1023 gestandi
2890 948 3043 1001 illum
3066 944 3121 997 in
3144 948 3334 996 ventre
3353 949 3405 991 et
3429 935 3668 990 iactandi

2111 1024 2398 1110 uberibus.
2426 1045 2561 1100 Nam
2610 1056 2733 1097 cum
2762 1039 2854 1092 illa
2913 1040 3132 1105 propter
3165 1030 3278 1083 haec
3301 1028 3459 1081 beata
3488 1024 3673 1078 excla-

2115 1154 2375 1207 uiaretur,
2427 1139 2564 1209 ipse,
2613 1131 2889 1198 Quinimo,
2952 1123 3150 1194 inquit,
3196 1120 3350 1174 beato
3398 1122 3504 1181 est,
3546 1116 3671 1181 quia

2113 1237 2338 1291 verbum
2371 1207 2466 1286 Dei
2511 1226 2682 1292 audit,
2732 1231 2788 1278 et
2824 1219 2958 1274 illud
2986 1213 3260 1273 custodit:
3310 1224 3375 1263 ex
3422 1222 3530 1277 quo
3558 1207 3674 1275 pla.

2113 1342 2240 1381 num
2264 1320 2520 1378 omnibus
2551 1317 2700 1380 fecit,
2731 1320 2915 1367 utrum
2945 1324 3013 1363 ex
3038 1306 3253 1361 duobus
3273 1297 3670 1372 praeferendum

2112 1418 2207 1482 sit,
2241 1423 2295 1470 et
2327 1412 2544 1469 beatius
2562 1408 2687 1479 jure
2716 1402 3049 1465 habendum,
3075 1404 3266 1469 partus
3298 1391 3573 1452 videlicet,
3603 1401 3672 1482 an

2114 1476 2312 1559 virtus.
2357 1500 2527 1555 Nemo
2549 1476 2695 1552 enim
2745 1492 2881 1546 adeo
2913 1485 3226 1556 desipuerit,
3262 1490 3323 1536 ut
3342 1494 3464 1535 cum
3496 1476 3675 1548 puris-

2114 1596 2254 1650 sima
2301 1591 2465 1661 Virgo
2518 1589 2679 1642 beata
2733 1582 2804 1638 ob
2852 1589 3068 1649 partum
3095 1572 3480 1634 allirmaretur,
3509 1567 3673 1620 alium

2114 1660 2411 1738 existimet
2452 1674 2750 1732 beatiorem
2793 1684 2823 1723 a
2877 1668 3158 1722 Salvatore
3207 1660 3407 1715 dictum
3454 1661 3675 1724 prepter

2118 1785 2319 1826 mores.
2360 1766 2559 1822 Verum
2600 1760 2832 1833 probata
2877 1752 3127 1810 mulieris
3172 1763 3325 1812 voce,
3373 1745 3675 1815 agnitione,

2117 1855 2495 1916 benevolentia
2526 1861 2578 1907 et
2604 1832 2878 1920 probitate
2905 1858 3001 1913 per
3028 1841 3191 1896 verba
3231 1836 3343 1899 illa,
3395 1832 3674 1899 Quinimo,

2117 1951 2325 2008 dictum
2376 1946 2498 2015 ejus
2546 1936 2967 2009 sapientissime
3010 1927 3435 1999 comprobavit;
3480 1921 3679 1975 deinde

2120 2037 2369 2110 sequenti
2408 2012 2680 2091 sermone
2710 2025 2865 2097 quasi
2898 2022 3123 2077 Matrem
3175 2030 3298 2071 cum
3336 2012 3507 2066 Matre
3542 2024 3679 2063 con-

2123 2100 2331 2191 ferens,
2368 2122 2553 2179 verbis
2595 2118 2704 2174 illis
2754 2128 2891 2170 usus
2935 2118 3021 2166 est
3059 2121 3180 2177 quae
3213 2105 3435 2174 dignum
3464 2107 3582 2191 erat
3612 2100 3681 2151 ab

2123 2234 2231 2274 uno
2281 2219 2402 2287 ejus
2447 2229 2542 2269 ore
2594 2207 2848 2281 proferri.
2894 2202 3033 2256 Dum
3079 2198 3225 2253 enim
3269 2193 3497 2248 docebat
3532 2190 3679 2242 illam
3732 2234 3734 2237 ,

2123 2284 2427 2372 nunlierem,
2457 2316 2649 2359 omnes
2684 2298 2737 2353 in
2759 2292 3133 2352 sublimiorem
3152 2284 3415 2341 evellebat
3437 2294 3678 2335 sensum.

2123 2399 2377 2455 Arbitror
2399 2402 2608 2460 autem,
2640 2390 2688 2445 si
2712 2402 2851 2458 opus
2876 2390 3022 2440 esset
3046 2377 3370 2434 clarioribus
3398 2372 3576 2427 verbis
3592 2384 3684 2423 ex-

2126 2491 2349 2558 planare
2406 2481 2757 2540 sententiam,
2810 2476 2884 2531 ita
2916 2472 3066 2527 illum
3105 2467 3329 2528 dixisse,
3379 2460 3473 2534 qui
3522 2460 3682 2513 homo

2127 2584 2244 2639 fieri
2274 2579 2447 2635 voluit
2474 2595 2488 2631 :
2519 2574 2563 2632 Ο
2596 2574 2816 2638 mulier,
2853 2582 2975 2639 quae
3001 2566 3215 2621 beatam
3246 2559 3532 2633 praedicas,
3557 2571 3685 2611 vere

2127 2674 2343 2729 beatam
2372 2666 2663 2739 oportebat
2715 2662 2940 2716 Matrem
2992 2669 3115 2713 esse
3159 2654 3292 2709 mihi
3324 2651 3493 2714 illam,
3524 2647 3684 2717 cujus

2128 2762 2311 2816 anima
2362 2751 2665 2812 incredibili
2712 2747 3115 2820 pulchritudine
3160 2751 3307 2799 esset
3355 2748 3570 2801 ornata,
3627 2745 3683 2789 et

2128 2849 2346 2919 qualem
2401 2844 2551 2900 nulla
2601 2853 2840 2911 unquam
2894 2835 3137 2890 habuere
3190 2841 3453 2898 tempora.
3494 2828 3683 2896 itaque

2131 2917 2335 3011 przevio
2379 2937 2435 2990 in
2467 2936 2584 3005 ipsa
2614 2942 2830 2987 summo
2879 2925 3120 2980 candore
3141 2922 3212 2976 ob
3238 2920 3492 2975 eximiam
3521 2917 3688 2970 animi

2044 3045 2090 3107 ρ
2132 3008 2528 3099 integritatem,
2554 3022 3059 3085 sublimitatemque
3092 3028 3156 3069 ac
3187 3010 3532 3075 modestiam,
3564 3008 3694 3062 sub-

2133 3131 2385 3180 secutum
2432 3127 2538 3185 est,
2573 3124 2632 3170 ut
2670 3126 2790 3168 mea
2818 3110 2975 3164 ﬁeret
3000 3106 3189 3171 Mater,
3222 3102 3535 3169 factumque
3585 3108 3690 3160 est,

2136 3501 2286 3557 sunt,
2314 3490 2575 3545 accedere
2604 3486 2672 3540 ad
2709 3483 2909 3538 aliinia.
2945 3481 3023 3535 Ita
3054 3490 3209 3534 sane.
3245 3473 3380 3528 Cum
3408 3484 3539 3524 vero
3565 3480 3696 3520 exe-

2135 3585 2305 3656 gisset
2370 3580 2691 3642 necessitas,
2747 3586 2807 3630 ut
2867 3568 3224 3643 impassibilis
3266 3574 3321 3618 et
3376 3557 3701 3615 immortalis

2140 3673 2454 3746 passibilem
2494 3680 2550 3725 et
2596 3667 2883 3724 mortalem
2921 3665 3227 3718 assumeret
3258 3667 3497 3715 carnem,
3532 3659 3590 3702 ut
3630 3648 3699 3717 (si

2139 3761 2528 3833 explicandum
2559 3759 2692 3812 mihi
2724 3764 2809 3811 est
2835 3769 2945 3809 non
2977 3749 3150 3817 magis
3187 3742 3535 3802 sermonibus
3574 3736 3696 3792 Tri-

2141 3853 2328 3909 nitatis
2364 3851 2466 3904 hac
2497 3849 2565 3903 de
2619 3863 2678 3910 re
2719 3844 3011 3901 consilium
3063 3838 3372 3907 antiquum,
3417 3843 3604 3886 Verum
3648 3836 3702 3881 et

2147 3940 2469 4005 maximum)
2520 3946 2776 4005 suscepta
2832 3932 3114 3990 Passioue,
3155 3935 3208 3979 et
3245 3929 3439 3985 morte,
3482 3928 3533 3972 et
3565 3929 3702 3984 qua-
3776 3918 3793 3997 ’ς

2144 4037 2267 4089 dam
2300 4032 2547 4102 corporis
2571 4035 2786 4099 gustata
2827 4019 3201 4088 corruptione,
3232 4026 3423 4066 omnes
3454 4007 3701 4061 homines
3786 4012 3790 4017 ’

2148 4126 2195 4177 si
2233 4094 2456 4185 vellent,
2483 4135 2514 4173 a
2548 4094 2898 4187 passionibus
2944 4119 2995 4162 et
3027 4112 3201 4160 morte
3253 4109 3308 4154 et
3353 4094 3701 4162 corruptione
3778 4106 3783 4113 π

2146 4200 2452 4267 liberaret:
2498 4174 2604 4261 non
2643 4205 2788 4258 enim
2848 4205 2967 4254 erat
3014 4191 3287 4248 aﬂerenda
3328 4187 3431 4248 vis,
3478 4184 3571 4237 sed
3604 4199 3702 4236 νο·
3785 4174 3793 4199 έ

2148 4304 2387 4360 lentibus
2437 4293 2769 4354 conferenda
2808 4290 2998 4346 salus:
3036 4283 3185 4341 dedit
3237 4286 3553 4351 potestatem
3592 4274 3703 4343 (in-

2149 4394 2287 4463 quit)
2341 4389 2614 4460 praecipuo
2647 4383 2879 4438 dilectus
2910 4377 2990 4431 illi
3027 4387 3212 4429 amore
3244 4370 3310 4424 iis
3348 4366 3441 4438 qui
3476 4364 3707 4418 credunt

468 4472 714 4518 sanctam
744 4462 915 4531 ipsam
943 4460 1266 4513 Trinitatem
1300 4458 1441 4527 apud
1474 4472 1633 4526 quam
1664 4466 1746 4512 cst
1772 4473 1898 4511 vera
1933 4458 2025 4511 lux
2062 4458 2111 4517 D
2153 4454 2210 4541 i'“
2239 4454 2385 4547 εὐηλ
2414 4454 2554 4534 ηυδε
2626 4474 2718 4528 Dei
2778 4471 2913 4525 ﬁeri.
2966 4468 3146 4533 Quare
3176 4457 3432 4517 Trinitati
3485 4454 3706 4525 quidem

470 4553 893 4618 inaccessibilis,
944 4550 1262 4605 indeliciens
1311 4550 1557 4618 voluptas
1601 4549 1720 4603 sine
1756 4550 2025 4612 satietate.

470 4644 674 4699 co’rona
717 4640 1216 4705 immareescibilis,
1246 4640 1353 4693 vita
1386 4649 1610 4703 aeterna,
1653 4640 1903 4703 beatitas,
1938 4637 2029 4690 ubi

472 4737 629 4806 plene
660 4735 849 4788 liceret
880 4733 960 4785 illi
994 4731 1327 4802 participem
1363 4746 1486 4786 esse
1530 4732 1680 4800 regni
1713 4739 1767 4785 et
1806 4731 2030 4784 honoris

474 4827 592 4880 Filii
632 4824 1009 4879 excellentiori
1037 4823 1219 4887 mede,
1247 4831 1432 4893 utpote
1473 4821 1654 4889 Matri,
1683 4837 1844 4892 quam
1869 4822 2030 4892 potiri

474 4923 702 4988 possint,
728 4917 822 4986 qui
864 4916 1082 4971 virtutis
1124 4916 1345 4969 nomine
1384 4915 1595 4984 primas.
1646 4916 1889 4970 omnium
1949 4913 2033 4968 fe-

476 5020 614 5065 runt.
666 5010 807 5075 Quid
865 5009 987 5061 illos
1034 5006 1183 5069 dico,
1229 5004 1667 5074 quandoquidem
1725 5012 1779 5059 et
1826 5012 2033 5058 mentes

477 5104 832 5169 incorporeas
866 5114 965 5152 sua
1002 5097 1173 5166 gloria
1230 5097 1392 5165 longe
1425 5094 1746 5165 superavit?
1773 5095 1849 5149 Eo
1873 5110 2033 5164 porro

477 5189 871 5259 magnitudinis
924 5196 1113 5241 evecta
1172 5194 1278 5248 est,
1329 5195 1389 5238 ut
1428 5200 1593 5255 supra
1636 5186 1895 5246 diximus,
1928 5186 2034 5237 imo

478 5299 605 5336 vero
659 5291 718 5334 ut
759 5282 941 5333 nullus
992 5280 1266 5347 explicare
1293 5278 1434 5331 valet
1467 5292 1667 5339 sermo,
1715 5292 1819 5330 non
1857 5280 2033 5331 solum

478 5376 603 5443 quia
647 5372 860 5441 peperit
911 5370 1140 5425 salutem
1172 5379 1225 5424 et
1257 5369 1684 5437 redemptionem
1714 5378 1767 5423 et
1799 5374 2039 5424 sanctiu-

480 5466 751 5519 catioucm
791 5467 1093 5517 animarum
1144 5470 1197 5515 et
1227 5475 1519 5531 corporum
1560 5470 1893 5525 nostrorum,
1941 5461 2034 5515 sed

482 5556 606 5623 quia
638 5557 801 5607 etiam
838 5554 1073 5623 puritate
1120 5568 1282 5621 supra
1316 5554 1534 5607 modum
1583 5562 1636 5606 et
1686 5551 2037 5606 inenarrabili

482 5660 609 5716 erga
630 5646 800 5699 Deum
835 5645 1030 5697 aii‘ectu
1058 5648 1294 5697 animam
1314 5654 1368 5698 et
1395 5659 1594 5712 corpus
1618 5642 1744 5697 talia
1782 5641 2036 5705 reddidit,

810 5736 1077 5793 l’nnor.
1117 5736 1230 5794 Gn.
1328 5736 1542 5800 CLVI.

2155 4587 2270 4631 tum
2300 4576 2370 4629 ob
2399 4568 2688 4627 consilium
2718 4562 2865 4619 istud
2912 4574 3010 4630 pro
3042 4555 3201 4610 nobis
3225 4553 3298 4604 illi
3332 4556 3665 4603 coazternum
3693 4560 3707 4594 :

2156 4681 2332 4737 neque
2367 4665 2509 4718 enim
2550 4657 2712 4711 habet
2746 4649 3075 4723 principium
3109 4642 3368 4713 temporis
3396 4637 3488 4690 Dei
3529 4635 3713 4689 consi-

2158 4728 2312 4821 lium,
2340 4754 2434 4810 sed
2469 4753 2537 4807 ab
2587 4746 2734 4803 omni
2775 4743 3077 4799 aeternitate
3103 4747 3391 4790 commune
3422 4739 3505 4783 est
3535 4728 3711 4780 tribus

2159 4820 2717 4905 consubstantialibus
2786 4833 3056 4905 personis,
3121 4842 3242 4898 qua:
3288 4820 3713 4893 proprietatibus

2161 4940 2570 5006 distinguuntur
2597 4948 2611 4984 :
2654 4937 2766 4982 tum
2802 4926 2929 4994 quia
2958 4919 3090 4974 illud
3117 4932 3218 4972 suo
3247 4923 3499 5006 tempore
3519 4910 3712 5006 imple-

2163 5031 2260 5095 vit,
2288 4999 2506 5097 agendae
2533 5030 2662 5076 sunt
2689 5018 2908 5088 gratiae;
2941 5009 3261 5066 beatissima:
3282 5012 3459 5056 autem
3482 4999 3712 5067 Virgini.

2166 5090 2280 5174 tum
2308 5090 2377 5173 ob
2405 5113 2623 5169 virtutis
2652 5109 2848 5171 cilicia,
2884 5117 2995 5158 tum
3032 5100 3102 5154 ob
3140 5095 3265 5151 inde
3309 5090 3713 5163 provenientetn

2170 5212 2289 5267 vita
2339 5202 2891 5262 commendationem,
2938 5205 3156 5263 propter
3198 5201 3360 5256 quam
3409 5181 3501 5233 Dei
3547 5178 3717 5230 Mater

2164 5313 2250 5356 est
2300 5300 2463 5353 faeta.
2527 5293 2629 5348 Sed
2657 5294 2765 5361 jam
2825 5298 3038 5354 tempus
3080 5280 3314 5333 arbitror
3356 5268 3714 5326 contrahendi

2166 5390 2518 5450 desiderium,
2573 5399 2639 5437 ne
2701 5380 2864 5435 simul
2907 5390 3032 5429 cum
3090 5364 3413 5423 immorandi
3460 5360 3719 5414 aviditate

2171 5481 2520 5552 protrahatur
2574 5492 2681 5528 non
2732 5472 2990 5526 deliciens
3043 5463 3243 5518 oratio.
3290 5458 3543 5511 Evenirct
3572 5455 3718 5506 cnim

2170 5548 2330 5630 nobis
2366 5574 2494 5626 dum
2521 5562 2841 5623 satisfacere
2864 5560 2938 5613 illi
2972 5568 3253 5618 conamur,
3276 5548 3421 5621 quod
3451 5556 3503 5603 ct
3534 5561 3722 5617 pueris

3262 5690 3295 5749 ῖι
