4048 6224
328 266 423 328 107
458 275 461 278 ’

1487 235 1879 299 MANUELIS
1923 230 2365 295 PALEOLOGI

3450 224 3562 293 ’108

304 359 417 447 ’ᾳιιί
446 389 594 429 suam
627 372 680 427 in
706 385 857 426 muro
884 368 1129 423 umbram
1156 364 1404 417 nituntur
1445 367 1871 431 apprehendere.
1918 354 1959 407 Α
2008 352 2166 419 dixit,
2201 352 2246 405 si
2271 349 2521 437 conferre
2545 346 2694 401 licet.
2730 344 2787 400 Si
2821 344 3037 413 quidem
3068 344 3141 398 illi
3176 357 3322 397 mors
3347 350 3555 412 praestt'

400 470 744 534 Quapropter
787 458 1068 526 suspensis
1102 456 1375 523 prioribus
1406 453 1570 505 animi
1625 450 1900 519 sensibus,

331 557 399 613 ad
441 567 653 627 portum
719 549 919 606 silentii
957 562 1262 603 sermonem
1310 553 1556 599 nostrum
1610 543 1876 595 deducere

327 650 435 717 jam
472 647 906 706 annitemur,nec
935 638 1220 692 audiemus
1254 636 1487 704 amplius
1510 633 1677 686 animi
1702 641 1877 685 motus

332 738 641 794 suadentes,
709 740 767 783 ut
814 730 1181 783 encominrum
1234 724 1473 793 Virginis
1512 723 1734 777 satietas
1783 737 1879 775 nos

334 828 531 893 rapiat.
571 820 1143 889 Deponendumigitur
1173 816 1303 869 illud
1342 815 1696 873 desiderium.
1739 813 1881 880 quod

334 918 535 969 nullum
571 912 764 966 aderre
810 909 1059 964 solatium
1100 916 1293 976 potest,
1332 913 1382 959 et
1407 905 1645 959 studium
1668 903 1883 956 assidue

333 1017 511 1075 auget.
573 1004 913 1057 Gaudeamus
971 1000 1199 1061 aliatim,
1232 1014 1263 1051 o
1311 1007 1511 1059 conus,
1541 994 1670 1059 Deo,
1724 994 1885 1050 addo.

333 1100 496 1151 etiam
551 1096 679 1149 mihi
722 1092 1067 1153 eharissime,
1124 1100 1178 1143 et
1220 1088 1553 1158 gratulemdl‘
1599 1085 1689 1139 Dei
1728 1083 1885 1136 Matri

336 1191 400 1242 ad
431 1187 625 1240 Filium
660 1201 782 1239 eum
820 1185 1000 1236 lmtitia
1030 1180 1379 1235 commeanti.
1405 1177 1621 1245 Tragici
1652 1183 1705 1229 et
1739 1176 1889 1241 lugu-

336 1280 448 1331 bris
487 1277 621 1329 nihil
654 1274 991 1338 admittatur,
1026 1287 1124 1326 nec
1160 1271 1322 1324 ullius
1357 1270 1542 1322 vultus
1579 1264 1890 1334 prmseferat

339 1368 575 1422 tristitia:
591 1366 903 1433 vestigium,
922 1363 1013 1417 sed
1029 1361 1206 1415 omnia
1224 1374 1411 1427 puram
1431 1358 1736 1425 exprimant
1751 1354 1891 1407 lati-

338 1456 499 1514 tiam,
550 1452 900 1514 hilaritatem,
953 1448 1369 1518 jucunditatem,
1426 1453 1477 1497 et
1522 1444 1711 1513 ingens
1761 1456 1893 1510 gau-

340 1528 509 1594 dium.
572 1538 795 1608 Oportet
829 1539 972 1591 enim
1014 1534 1301 1591 benevolos
1338 1532 1570 1585 famulos
1607 1545 1728 1584 cum
1784 1527 1893 1583 Do-

347 1632 489 1684 mina
522 1632 787 1696 gaudente
813 1630 1069 1698 gaudere,
1104 1635 1163 1679 ut
1202 1626 1363 1680 etiam
1399 1623 1558 1675 simul
1590 1621 1819 1683 tristari,
1849 1619 1895 1674 si

346 1725 675 1777 tristaretur.
711 1720 911 1786 Quidni
941 1719 1085 1773 enim
1129 1718 1252 1783 jure
1285 1715 1489 1782 optimo
1533 1711 1895 1767 exsilientium

344 1814 438 1876 sit,
487 1820 541 1865 et
588 1811 992 1871 exsultandum,
1048 1807 1315 1875 hilarique
1353 1806 1527 1869 vultu,
1558 1813 1613 1857 et
1642 1800 1899 1872 tripudiis
1939 1809 1981 1864 Β

345 1898 652 1954 canendum
701 1897 920 1950 abeunti
980 1892 1213 1963 Virgini,
1271 1907 1375 1947 una
1424 1907 1548 1946 cum
1597 1890 1805 1959 angelis
1847 1897 1901 1943 et

349 1989 697 2055 martyribus,
745 1995 799 2043 et
843 1985 1221 2040 confessorum
1286 1983 1512 2037 choris?
1556 1979 1907 2047 Quandoqui-

349 2085 468 2137 dem
489 2081 630 2151 quod
659 2081 872 2133 caeteris
892 2078 1144 2131 omnibus
1166 2074 1502 2129 intolerabile
1524 2072 1652 2126 fecit
1681 2078 1899 2133 natura,

351 2177 453 2228 hoc
504 2169 960 2226 vehementissimi
1018 2168 1269 2221 materies
1335 2164 1516 2235 gaudii
1565 2171 1620 2219 et
1658 2162 1899 2216 oblecta-

352 2263 519 2317 menti
564 2276 727 2329 supra
777 2259 995 2311 modum
1054 2258 1135 2326 (ut
1193 2255 1528 2309 exordiendo
1563 2246 1900 2314 dicebamus)

354 2352 767 2422 gloriosissima:
821 2348 1030 2417 Virgini
1085 2347 1333 2411 exstitit;
1385 2346 1653 2400 exstincta
1693 2342 1773 2413 (ut
1831 2340 1903 2393 ita

353 2445 551 2507 dicam)
619 2442 833 2495 ﬂamma
898 2441 1143 2493 diuturni
1215 2437 1498 2502 desiderii,
1565 2433 1904 2505 migrationis

356 2531 642 2603 (inquam)
686 2546 750 2584 ex
818 2531 919 2582 hac
967 2529 1100 2581 vita.
1161 2526 1425 2595 Cupiebat
1474 2525 1618 2580 enim
1681 2519 1905 2577 dissolvi

354 2634 406 2680 et
434 2639 554 2680 esse.
593 2638 715 2677 cum
749 2620 991 2685 Christo,
1027 2619 1199 2688 magis
1225 2634 1387 2688 quam
1427 2617 1646 2681 Paulus,
1680 2615 1770 2684 qui
1804 2614 1906 2668 hoc

2010 444 2097 505 tit,
2130 450 2188 495 ut
2213 432 2390 494 oculis
2432 439 2627 491 anima:
2657 434 3029 491 desideratum
3066 435 3168 489 sibi
3214 435 3421 487 videret
3456 432 3561 484 im-

2010 533 2335 587 mortalibus
2406 527 2768 583 immortalem
2835 525 2993 595 longe
3044 525 3262 595 quidem
3324 522 3562 583 felicius,

2007 640 2168 694 quam
2198 623 2325 677 dum
2385 620 2529 674 ulnis
2578 624 2814 687 gestaret
2847 617 3025 679 illum,
3056 623 3111 668 et
3136 614 3276 668 lacte
3308 614 3564 666 nutriret.

2010 717 2124 770 Non
2148 722 2355 772 tantum
2380 711 2544 778 igitur
2574 708 2907 776 gratulemur
2940 703 3193 775 gaudenti
3213 701 3418 772 Virgini
3449 702 3565 753 ine-

2009 804 2281 859 narrabile
2329 802 2605 868 gaudium,
2670 796 2765 851 sed
2820 795 2953 849 illud
3015 808 3228 862 quoque
3278 791 3561 844 addamus.

2014 898 2068 948 lu
2106 894 2301 947 caelum
2342 894 2456 958 ipsa
2487 896 2649 942 eunte
2672 884 2833 941 simul
2865 894 2917 938 et
2945 898 3044 936 nos
3069 882 3427 936 ascendamus
3454 880 3567 932 ala-

2013 985 2179 1037 criter
2207 988 2472 1050 quotquot
2520 977 2750 1030 ardente
2782 973 2903 1042 ejus
2938 971 3215 1026 desiderio
3253 969 3565 1037 ﬂagramus,

2006 1081 2065 1151 et
2125 1071 2239 1124 tieri
2285 1070 2386 1122 hoc
2438 1066 2655 1135 poterit,
2708 1063 2752 1118 si
2791 1070 3017 1131 purgata
3062 1065 3241 1112 mente
3275 1066 3327 1110 et
3359 1056 3568 1109 ratione

2016 1164 2081 1216 ad
2112 1161 2284 1214 lucem
2341 1159 2458 1227 ejus
2489 1154 2919 1222 contemplativa:
2962 1150 3156 1203 animae
3191 1150 3264 1209 vi,
3304 1153 3567 1216 quantum

2015 1251 2099 1305 fas
2146 1260 2250 1314 est,
2298 1263 2462 1317 prope
2513 1243 2856 1299 accedamus.
2915 1240 3068 1307 Quod
3101 1239 3146 1292 si
3190 1238 3364 1291 taliter
3394 1235 3569 1289 ali'eeti

2017 1340 2244 1404 erimus,
2294 1337 2508 1405 rejectis
2568 1330 2945 1393 tenebricosis,
2976 1328 3096 1396 puri
3132 1342 3253 1381 cum
3290 1339 3421 1395 pura
3452 1339 3573 1393 per-

2018 1438 2180 1501 petuo
2204 1428 2431 1490 erimus,
2461 1439 2663 1495 perque
2698 1424 2869 1491 ipsam
2911 1433 3034 1471 cum
3064 1421 3184 1485 ejus
3220 1414 3358 1468 Filio
3381 1430 3443 1468 ac
3471 1413 3571 1466 Pa-
3604 1427 3610 1433 '

2021 1528 2103 1574 tre
2152 1525 2207 1573 et
2262 1511 2468 1583 Spiritu
2520 1523 2734 1576 sancto,
2776 1509 3043 1563 Trinitate
3090 1507 3439 1569 beatissima;
3492 1502 3574 1558 fas

2020 1609 2224 1679 quippe
2255 1622 2364 1661 non
2415 1612 2499 1659 est
2533 1604 2750 1669 impuro
2779 1608 2833 1651 et
2866 1612 2971 1650 non
3011 1602 3235 1664 purgato
3266 1608 3458 1663 purum
3496 1601 3576 1647 at-

2024 1705 2258 1770 tingere.
2295 1698 2465 1751 Porro
2494 1694 2781 1748 tenebrosa
2805 1688 3117 1758 rejieiemus
3140 1694 3194 1739 et
3222 1684 3459 1747 sordida,
3492 1684 3577 1737 lu~

2027 1793 2243 1861 cidique
2289 1789 2493 1844 erimus
2545 1792 2599 1840 et
2652 1782 2794 1852 puri,
2829 1780 2896 1842 si,
2932 1788 2988 1832 ut
3028 1775 3348 1846 compendio
3376 1775 3576 1841 dicam,

2026 1882 2364 1936 declinantes
2392 1876 2461 1930 ab
2492 1876 2637 1927 omni
2668 1872 2808 1925 malo
2844 1873 2927 1939 (ut
2964 1871 3137 1940 inquit
3172 1866 3357 1934 David)
3392 1865 3577 1921 feceri-

2029 1985 2151 2025 mus
2179 1983 2341 2021 omne
2385 1967 2606 2027 bonum,
2635 1971 2691 2015 ut
2722 1976 2816 2029 per
2845 1960 2959 2013 haec
3003 1959 3150 2012 velut
3199 1958 3581 2014 instrumenta,

2025 2072 2079 2117 et
2107 2062 2161 2115 in
2203 2055 2458 2128 prmsenti
2504 2054 2612 2107 vita
2657 2051 2896 2106 favorem
2935 2049 3052 2119 ejus
3098 2059 3151 2101 et
3194 2048 3421 2116 gratiam
3471 2058 3577 2097 me-

2024 2170 2279 2217 reamur,
2322 2162 2376 2207 et
2423 2149 2725 2206 cmlestium
2800 2145 2994 2199 ﬁamus
3049 2143 3315 2197 bonorum
3361 2151 3571 2206 compo-

2026 2255 2109 2302 tes
2155 2243 2412 2299 maternis
2443 2240 2694 2311 precibus
2723 2236 2961 2306 Virginis
3007 2233 3399 2304 potentissima:
3438 2228 3580 2299 apud

2027 2337 2245 2398 Filium,
2278 2342 2437 2403 quem
2469 2331 2624 2385 decet
2655 2328 2833 2382 omnis
2860 2326 3055 2397 gloria,
3094 2325 3269 2377 honor
3297 2328 3351 2375 et
3391 2320 3581 2374 adora-

2032 2428 2109 2482 tio
2140 2442 2260 2481 cum
2294 2423 2533 2494 ingenito
2580 2420 2699 2490 ejus
2729 2419 2909 2481 Patre,
2950 2431 3012 2477 ac
3054 2414 3403 2469 sanctissimo
3441 2411 3583 2465 bono

2029 2528 2084 2575 et
2138 2517 2355 2572 viviﬁco
2402 2514 2608 2583 Spiritu
2663 2526 2808 2565 nunc
2858 2520 2910 2564 et
2945 2523 3158 2577 semper
3193 2514 3247 2561 et
3292 2506 3345 2559 in
3387 2502 3581 2560 saecula

2029 2614 2373 2669 saeculorum.
2405 2610 2601 2662 Amen.

372 2807 3571 2852 ΝΜ

834 2995 1820 3162 MANUELIS
1938 2986 3096 3144 PAL/EOLOGI

1204 3283 1607 3377 CANON
1716 3274 2721 3367 DEPRECATORIUS

562 3499 662 3559 AD
708 3491 1280 3558 SANCTISSIMAM
1307 3484 1671 3549 DOMINAM
1713 3478 2108 3543 DEIPARAM
2148 3474 2298 3536 ΡΙὶο
2335 3476 2897 3537 ΡΒίΕΞΕΝΤῐΒΗΞ
2952 3474 3384 3538 PERICULIS.

1041 3816 1154 3872 Ode
1192 3818 1232 3872 Ῐ.

2729 3806 2839 3861 Ode
2863 3807 2923 3862 ll.

429 3908 621 3963 Omnis
644 3908 778 3964 ordo
808 3917 971 3979 atque
999 3919 1132 3965 was
1154 3910 1422 3976 ﬁdelium,
1452 3911 1518 3987 ad
1550 3910 1776 3968 Matrem
1804 3909 1923 3976 Dei,
1964 3900 2007 3957 α
2110 3890 2379 3957 Quoniam
2402 3894 2590 3950 multis
2605 3895 3406 3972 calamitatibus,utnunquam
3422 3916 3606 3973 antea,

359 4002 606 4055 omnium
676 4003 1063 4067 moderatoris,
1096 4018 1260 4057 voces
1315 4004 1608 4068 tollamus,
1665 4004 1926 4074 populum

360 4101 513 4145 tuum
538 4092 705 4147 libera
732 4109 761 4146 a
790 4094 1215 4158 calamitatibus,
1253 4102 1469 4167 tuaeque
1503 4096 1714 4149 civitati
1750 4097 1926 4150 victo-

359 4183 493 4239 riam
527 4184 794 4241 adversus
834 4186 1020 4241 hostes
1053 4186 1312 4240 concede.

433 4271 620 4337 Vides,
655 4273 844 4344 Virgo,
878 4273 1193 4343 Chaganum
1230 4275 1395 4327 alium
1424 4266 1635 4328 hostem
1694 4274 1930 4344 graviter

359 4373 695 4430 prementem
728 4364 1100 4417 hereditatem
1141 4372 1289 4417 tuam
1324 4381 1339 4417 :
1372 4373 1431 4417 ut
1464 4380 1613 4429 eum,
1655 4367 1748 4434 qui
1785 4366 1930 4419 hunc

362 4455 538 4523 ipsum
582 4456 898 4522 progenuit,
946 4454 1019 4506 ita
1067 4455 1233 4508 istum
1274 4462 1328 4508 et
1364 4453 1510 4508 illius
1539 4456 1774 4510 asscclas
1802 4454 1928 4508 fun-

360 4545 507 4597 ditus
537 4544 670 4596 dele.

427 4633 602 4699 Quam
646 4635 831 4690 multis
863 4637 1107 4694 molestis
1152 4653 1215 4693 ac
1257 4638 1415 4695 duris
1457 4638 1691 4710 populus
1722 4647 1869 4699 tuus,
1898 4652 1931 4691 ο

362 4727 588 4779 omnino
629 4726 1001 4796 iuculpabilis,
1034 4729 1266 4785 amictus
1298 4740 1403 4795 est,
1448 4740 1503 4786 et
1530 4733 1639 4787 nisi
1670 4733 1933 4786 velociter

361 4812 472 4879 ipsa
506 4817 762 4883 precibus
804 4824 914 4872 tuis
973 4835 1285 4887 succurras,
1334 4824 1715 4891 pessumibunt
1749 4822 1931 4874 omnia

359 4905 683 4973 gravissima
708 4908 948 4975 jactura.

431 4994 476 5049 0
513 4994 698 5067 Virgo,
729 5014 846 5067 quae
877 5002 998 5056 coeli
1034 5010 1320 5074 terraque,
1362 5015 1415 5059 et
1448 5006 1690 5059 omnium
1725 5020 1844 5074 quae
1876 5006 1931 5058 in

363 5085 444 5139 eis
467 5097 594 5142 sunt
620 5087 971 5148 Conditorem
999 5096 1291 5165 omnisque
1320 5097 1506 5151 carnis
1526 5095 1932 5151 moderatorem

2040 3996 2249 4047 onmes,
2282 3997 2314 4036 ο
2341 3993 2573 4051 augusta
2600 3984 2804 4050 Puella,
2836 3989 3138 4056 premimur
3175 3984 3404 4061 populus
3444 4007 3603 4060 tuus;

2042 4080 2098 4126 tu
2144 4087 2291 4127 nunc
2347 4073 2595 4130 studiose
2645 4086 2772 4131 ante
2805 4077 2970 4133 linem
3020 4084 3360 4150 prazveniens
3391 4099 3421 4138 a
3451 4088 3606 4143 malis

2043 4179 2145 4220 nos
2176 4180 2345 4233 eripe.

2113 4258 2241 4313 Sola
2279 4260 2368 4314 Dei
2406 4260 2784 4314 misericordia
2813 4275 2909 4329 per
2943 4268 3067 4317 tuas
3100 4264 3539 4332 intercessiones,
3572 4282 3606 4321 o

2040 4346 2223 4418 Virgo,
2250 4347 2526 4403 conlidere
2557 4350 2713 4403 nobis
2745 4350 2923 4412 datur.
2962 4352 3162 4405 etenim
3212 4355 3322 4406 vita
3365 4356 3417 4407 in
3447 4359 3606 4410 malis

2041 4449 2311 4503 versatur,
2358 4450 2416 4492 ut
2468 4439 2657 4494 famuli
2692 4442 2875 4495 ﬁdeles
2920 4456 3044 4511 spes
3093 4453 3314 4499 nostras
3344 4460 3608 4515 assequa-

2041 4545 2184 4595 mur,
2222 4545 2253 4583 ο
2286 4531 2437 4584 omni
2475 4530 2634 4585 laude
2663 4530 3020 4599 dignissima.

2110 4618 2211 4682 Tu,
2246 4636 2276 4671 0
2306 4620 2622 4689 purissima,
2668 4619 2863 4676 Portus
2895 4623 3054 4676 nobis
3098 4637 3159 4679 es
3194 4634 3249 4678 et
3286 4625 3605 4695 Propugna-

2038 4712 2245 4773 culum,
2285 4714 2337 4765 in
2372 4721 2423 4765 te
2455 4728 2578 4780 spes
2606 4721 2825 4767 nostras
2861 4714 2945 4781 pie
2975 4714 3374 4770 collocantibus
3408 4732 3421 4766 :
3459 4731 3607 4769 nunc

2039 4807 2205 4872 igitur
2260 4803 2383 4856 talis
2473 4818 2692 4872 appare,
2746 4803 3070 4871 gravissima
3119 4805 3342 4872 jactatis
3400 4816 3607 4875 tempe-

2039 4905 2201 4951 state.

2111 4987 2341 5052 Praeses,
2400 4996 2456 5040 et
2504 4994 2719 5055 tegmen
2760 4986 2920 5051 forte,
2969 4998 3023 5042 et
3071 4989 3468 5044 munimentum
3514 5005 3605 5060 ap-

2039 5093 2199 5149 pares
2258 5085 2337 5142 tu,
2384 5077 2634 5145 Delpara,
2668 5079 2925 5132 omnibus
2976 5077 3043 5130 ad
3086 5086 3137 5131 te
3191 5081 3606 5135 accurrentibus

365 5180 667 5233 secundant
705 5197 927 5238 carnem
953 5188 1233 5255 peperisti,
1265 5187 1406 5257 apud
1437 5189 1613 5256 ipsum
1652 5202 1749 5256 pro
1775 5188 1901 5242 nobi

2040 5173 2150 5225 cito
2185 5170 2317 5224 aﬂer
2355 5184 2537 5239 opem.

368 5269 697 5326 lidueialiter
732 5274 1034 5332 intercede.

437 5360 480 5415 Ο
517 5360 704 5434 Virgo,
737 5381 856 5433 quae
885 5368 1050 5421 Deum
1074 5368 1424 5423 ineﬂ‘abiliter
1447 5371 1724 5441 peperisti,
1755 5367 1936 5421 Advo-

365 5462 538 5506 catam
572 5471 735 5522 agens
764 5458 905 5531 apud
928 5474 1049 5512 eum
1084 5476 1181 5530 pro
1213 5462 1302 5526 iis,
1328 5478 1559 5530 quorum
1583 5462 1782 5530 gratia,
1818 5460 1935 5529 ipse

365 5552 843 5603 commiseratione
870 5560 1074 5616 motus,
1114 5555 1363 5609 mortalis
1385 5554 1558 5609 factus
1592 5560 1699 5619 est,
1747 5560 1933 5606 votum

367 5642 696 5707 assequeris.
726 5642 850 5697 Ideo
886 5659 984 5697 nec
1018 5647 1247 5701 moreris

2703 5258 2818 5315 Ode
2847 5258 2936 5315 Ill.

2110 5353 2313 5408 Natura
2342 5361 2528 5407 nostra
2551 5351 2803 5419 priinazva
2832 5350 3289 5420 praevaricatione
3316 5353 3605 5409 vulnerata

2040 5455 2144 5502 est.
2194 5444 2557 5498 Nihilominus
2592 5442 2733 5497 Deus
2759 5442 2871 5507 ille,
2902 5442 2992 5496 cui
3045 5452 3124 5507 tu,
3177 5442 3381 5505 Puella,
3433 5443 3607 5498 Mater

2041 5551 2121 5601 es,
2174 5536 2344 5590 multa
2389 5534 2819 5589 misericorditer
2857 5547 3052 5602 passus
3085 5543 3140 5587 et
3169 5534 3463 5588 cruciﬁxus
3495 5536 3603 5603 jam

2042 5636 2201 5681 antea
2256 5628 2429 5697 ipsam
2467 5642 2499 5681 a
2534 5625 2891 5696 corruptione
2950 5633 3004 5679 et
3037 5622 3285 5680 -inl'erno
3332 5624 3604 5682 liberavit.
