4014 6214
361 268 451 333 109

1496 271 1751 335 CANON
1796 272 2451 338 DEPRECATMHUS.

3498 290 3608 350 illi

358 390 683 486 Enletncrgo
726 403 870 443 nunc
910 391 1178 460 suppliea,
1211 397 1268 449 ut
1330 388 1522 446 liberet
1556 399 1621 449 ab
1655 398 1900 456 hostibus
1947 397 1990 455 Α
2028 398 2306 453 multoties
2342 398 2506 453 Deum
2560 406 3043 471 commoverimus,
3107 421 3339 480 quantas
3403 432 3596 486 poenas

355 488 401 534 te
426 479 645 534 ﬁdeliter
672 480 975 536 laudantes.

998 570 1113 626 Ode
1143 571 1236 625 ιν.

412 664 689 719 Sescentis
721 663 1005 718 erroribus
1037 664 1225 718 lassati
1274 666 1327 720 in
1356 668 1525 721 altum
1564 682 1731 738 caput
1762 672 1896 727 sub-

347 758 512 810 levare
530 756 751 810 omnino
769 770 877 808 non
900 769 1217 825 possumus.
1243 754 1324 810 Tu
1348 773 1498 827 ergo,
1522 773 1555 813 ο
1578 763 1893 830 purissima,

348 851 443 903 Deo
463 851 733 903 ferventer
770 849 1016 917 supplica
1048 862 1145 917 pro
1184 848 1363 904 nobis.

404 942 583 993 Catus
624 947 678 993 te
723 939 1091 1006 laudantium,
1118 954 1151 994 ο
1186 942 1569 1009 mundissima,
1612 945 1680 998 ad
1737 956 1890 1000 tuum

340 1031 588 1100 templum
624 1030 860 1084 fideliter
888 1038 1265 1094 aecurrentcs,
1297 1040 1463 1104 alque
1520 1034 1889 1105 ingruentium

338 1124 697 1175 calamitatum
768 1121 1241 1191 propulsationem
1321 1136 1702 1195 exposcentes,
1765 1146 1889 1199 spes

337 1225 456 1266 suas
485 1222 875 1280 assequantur.

397 1303 741 1373 lmpossibile
767 1319 871 1370 est,
900 1322 933 1362 ο
978 1307 1351 1371 immaculata,
1387 1309 1702 1376 praesidium
1732 1319 1884 1367 tuum

334 1396 665 1457 lurocantes,
693 1397 847 1450 irrito
887 1407 1014 1451 voto
1045 1397 1338 1452 frustratos
1356 1400 1575 1454 reverti.
1602 1399 1883 1466 Quamob-

335 1503 438 1541 rem
472 1497 601 1545 ante
626 1497 683 1545 te
715 1491 1088 1558 procidentes,
1128 1492 1183 1543 te
1214 1487 1401 1544 ﬁdeles
1430 1502 1706 1558 rogamus,
1744 1501 1802 1542 ut
1832 1492 1899 1543 ab

330 1579 571 1635 hostibus
602 1582 813 1636 nostris
845 1580 1199 1635 redimamnr.

2027 492 2156 542 dare
2199 492 2440 561 oportet!
2481 491 2586 547 Sed
2618 495 2818 550 liberes
2850 506 2905 551 ιιι
2940 515 3062 555 nos.

2099 576 2207 633 Nec
2245 581 2527 649 propheta,
2563 599 2663 639 nec
2718 589 2993 661 princeps,
3026 610 3126 649 nec
3169 597 3275 651 dux
3330 601 3589 657 auxiliari

2029 671 2182 735 nobis
2211 670 2372 725 hodie
2404 682 2603 741 potest,
2638 692 2736 730 nec
2772 680 2916 736 ullus
2942 692 3045 747 est,
3086 687 3177 756 qui
3216 689 3469 747 cohibeat
3502 710 3591 749 res

2025 762 2308 827 adversas,
2332 778 2527 819 omnes
2565 767 2712 820 enim
2744 768 2853 824 Deo
2900 784 3027 827 sunt
3060 777 3283 832 obnoxii
3316 783 3585 840 criminis.
3624 829 3647 837 -

2023 853 2066 905 tl
2093 868 2255 922 quam
2286 871 2481 925 graves
2515 872 2703 927 pinnas
2737 875 3051 930 exspectare
3084 882 3295 938 aequum
3330 881 3435 940 est,
3480 878 3584 929 nisi

2022 952 2102 1005 tu,
2141 959 2172 995 o
2206 946 2517 1013 purissima,
2561 950 2839 1019 prarripias
2869 953 2882 1005 !
3254 948 3265 951 ’

2092 1032 2315 1103 Mystice
2343 1049 2441 1089 nos
2467 1035 2732 1105 baptisma
2782 1056 2812 1093 e
2868 1043 3040 1098 servis
3072 1047 3228 1103 malis
3256 1048 3348 1105 Dei
3381 1066 3581 1121 pueros

2018 1122 2220 1186 etfacit,
2255 1134 2534 1193 peccatqu
2567 1136 2750 1184 tamen
2788 1131 3043 1188 fiduciam
3077 1152 3177 1193 nos
3209 1138 3413 1196 habere
3467 1158 3578 1197 non

2020 1215 2173 1269 sinit.
2210 1215 2527 1286 Propterea,
2561 1235 2593 1273 ο
2621 1223 2996 1292 sanctissima,
3031 1228 3401 1287 calamitatum
3437 1239 3580 1289 mul-

2021 1304 2251 1360 titudine
2276 1308 2652 1364 circumdatos
2686 1312 3181 1375 intercessionibus
3209 1322 3317 1377 tuis
3354 1323 3542 1379 libera.

2090 1393 2442 1465 Nequaquam
2472 1411 2739 1471 prmeepta
2760 1404 2875 1468 Dei,
2895 1410 3139 1465 omnium
3159 1411 3447 1485 Principis,
3465 1430 3581 1472 sere

2017 1486 2288 1549 vavimus,
2316 1502 2350 1542 o
2380 1491 2717 1556 purissima;
2755 1496 2997 1566 undique
3047 1499 3213 1568 igitur
3246 1513 3441 1558 contra
3476 1520 3581 1559 nos

2018 1575 2123 1631 hoc
2162 1576 2553 1635 adversitatum
2616 1581 2888 1642 ﬂammam
2929 1590 3299 1645 vehementem
3353 1596 3577 1650 excitat.

391 1666 653 1725 Plurimis
706 1670 898 1740 gratiis
951 1669 1064 1724 tuis
1114 1675 1274 1723 antea
1334 1666 1518 1736 p0titi,
1561 1681 1595 1721 o
1646 1663 1897 1737 Deipara.

2020 1679 2130 1738 Sed
2168 1680 2278 1736 tuis
2331 1678 2400 1735 ad
2440 1679 2637 1737 Filium
2670 1688 2823 1734 tuum
2877 1679 3131 1750 precibus
3184 1678 3331 1732 illam
3376 1676 3586 1731 exstin-

329 1759 431 1814 Ave
456 1760 554 1815 tibi
579 1763 959 1816 acclamamus
1026 1771 1187 1831 teque
1215 1759 1597 1823 obsecramus,
1630 1772 1663 1813 ο
1692 1758 1901 1829 glorio-

331 1851 562 1920 sissima,
598 1861 663 1919 ut
710 1852 984 1907 adversus
1019 1853 1206 1908 hostes
1250 1861 1304 1906 te
1342 1850 1760 1916 inhonorantcs,
1790 1849 1901 1904 tuis

333 1942 607 1999 victoriam
646 1944 921 2017 largiaris.

1009 2054 1124 2112 Ode
1155 2053 1218 2110 Ὺ.

398 2144 641 2217 Spiritus
672 2146 894 2216 quidem
920 2146 1070 2202 carni
1109 2146 1289 2211 malae,
1322 2160 1454 2202 caro
1478 2153 1659 2201 autem
1693 2145 1903 2215 passio-

334 2237 507 2302 nibus,
537 2238 649 2292 heu
674 2238 831 2301 mihi,
857 2238 1092 2307 turpiter
1111 2238 1359 2307 subjecta
1382 2248 1487 2301 est,
1511 2252 1543 2290 o
1562 2238 1858 2307 purissima
1883 2254 1898 2290 :

334 2329 685 2401 quamobrem
716 2344 821 2384 nos
850 2329 906 2383 in
942 2330 1210 2384 malorum
1246 2330 1546 2385 multorum
1580 2329 1905 2385 discrimine

332 2420 665 2476 constitutos
740 2421 935 2488 libera,
984 2420 1079 2477 Dei
1144 2420 1339 2484 Mater,
1413 2420 1908 2477 intercessionibus

334 2511 457 2564 tuis.

397 2603 615 2673 Corpus
645 2605 886 2669 peccatis
936 2605 1155 2676 plenum
1213 2615 1321 2671 est,
1365 2610 1544 2663 anima
1585 2624 1714 2665 vero
1747 2612 1906 2665 malis

333 2694 525 2761 gaudet
566 2712 583 2748 :
629 2710 834 2761 sermo,
887 2712 1002 2761 cor,
1039 2713 1197 2754 mens
1230 2699 1296 2753 ad
1345 2699 1531 2769 pejora
1572 2700 1819 2768 inclinat,
1852 2710 1907 2757 et

337 2782 564 2834 nuncin
617 2783 785 2837 rebus
835 2783 1174 2841 calamitosis
1234 2800 1540 2850 versamur,
1573 2796 1632 2843 tu
1672 2804 1824 2855 vero,
1869 2805 1903 2842 ο

336 2869 516 2943 Virgo,
542 2874 619 2929 ab
657 2875 741 2928 his
767 2875 938 2931 libera
968 2893 1159 2933 servos
1191 2887 1337 2933 tuos.

2019 1787 2174 1845 guas.

2663 1884 2777 1937 Ode
2818 1881 2955 1937 Vill.

2088 1998 2425 2054 Salvatorcm
2484 1996 2671 2051 mundi
2704 1996 2984 2067 peperisti,
3017 2010 3049 2051 ο
3080 1993 3331 2059 Domina,
3379 1992 3582 2048 bonum

2018 2106 2083 2147 ac
2141 2092 2446 2148 beneﬁcum
2499 2099 2549 2144 te
2603 2088 3056 2160 gloriﬁcantibus.
3102 2085 3258 2142 Hunc
3296 2100 3426 2157 ergo
3469 2083 3582 2154 jam

2017 2199 2181 2239 manu
2203 2197 2390 2247 exora,
2424 2190 2483 2236 ut
2512 2180 2581 2241 ab
2605 2180 2859 2237 hostibus
2883 2180 3074 2237 liberet
3097 2186 3245 2244 tuos,
3264 2178 3392 2233 dum
3425 2176 3582 2231 multi

2012 2286 2231 2332 exstant
2263 2276 2469 2331 fideles.

2086 2369 2259 2424 Filius
2309 2377 2459 2433 tuus,
2494 2382 2527 2421 o
2573 2364 2762 2434 Virgo,
2799 2360 3049 2417 liberavit
3099 2366 3212 2415 tres
3263 2372 3463 2428 pueros
3515 2358 3583 2412 ab

2014 2459 2139 2531 igne
2165 2458 2546 2521 voracissimo,
2572 2455 2753 2510 omnia
2778 2452 2982 2525 quippe
3003 2457 3199 2519 potest.
3230 2448 3407 2519 Hujus
3437 2447 3584 2518 ejus-

2012 2550 2135 2608 dem
2164 2562 2329 2605 manu
2356 2547 2529 2603 libera
2558 2560 2657 2601 nos
2684 2558 2897 2609 omnes,
2927 2556 2959 2596 ο
2980 2541 3192 2612 Sponsa
3208 2538 3328 2607 Dei,
3352 2554 3381 2593 a
3403 2539 3583 2610 gentis

2015 2641 2432 2697 immanissimas
2473 2639 2681 2693 furore.
3534 2622 3545 2629 ’

2084 2734 2228 2788 Deus
2274 2746 2370 2801 per
2415 2731 2706 2801 plurimam
2769 2725 3205 2783 misericordiam
3260 2723 3583 2778 incarnatus

2013 2832 2097 2880 est
2127 2840 2192 2878 ex
2223 2831 2298 2885 te,
2323 2838 2358 2878 o
2407 2820 2592 2875 Puella
2617 2820 2904 2874 universos
2931 2818 3145 2872 salvare
3183 2815 3395 2869 volens.
3423 2812 3581 2868 Hunc

2012 2929 2168 2978 vero,
2203 2928 2235 2968 ο
2255 2912 2569 2983 purissima,
2603 2909 2883 2964 erroribus
2912 2907 3117 2963 nostris
3135 2908 3428 2977 pmpitium
3453 2905 3579 2960 red-

398 2963 708 3069 ,Pm'e'fia‘
752 2983 876 3032 ¹¹⁰⁸⁹
905 2982 946 3074 2
972 2969 1117 3071 bo,“
1138 2969 1411 3074 _D°,mi"a_'
1472 2978 1732 3074 90"“??‘3
1780 2971 1899 3027 Filii
1930 2984 1975 3041 δ
2012 3007 2141 3062 dere
2156 2963 2354 3074 posse,
2386 3000 2772 3057 conﬁdentiam
2813 2998 2979 3054 habes
3009 3012 3021 3049 :
3051 2963 3291 3052 accelera
3329 2996 3513 3068 igitur,
3546 3012 3579 3047 o

333 3056 409 3111 ιιιί
468 3058 833 3129 omniumque
904 3058 1273 3117 Dominatoris
1324 3064 1724 3128 misericordia,
1787 3079 1911 3133 ιιιιςρ

334 3147 562 3204 molesta
622 3150 806 3203 omnia
860 3151 1019 3205 nobis
1058 3151 1323 3205 instantia
1363 3152 1622 3222 depellat,
1653 3166 1706 3208 et
1738 3153 1946 3219 libera,

338 3252 430 3293 nos
470 3241 542 3293 ab
587 3240 895 3305 erroribus,
930 3241 1426 3297 intercessionibus
1459 3242 1595 3300 tuis.

403 3327 509 3383 Res
539 3344 739 3397 graves
770 3329 1121 3383 multifariam
1152 3344 1300 3384 nunc
1352 3330 1514 3386 nobis
1571 3330 1908 3402 impendent.

340 3418 441 3472 llas
471 3429 527 3473 tu
564 3422 699 3483 cito,
724 3435 756 3473 ο
795 3421 1003 3485 Puella,
1038 3422 1248 3492 dissipa
1277 3422 1330 3476 in
1369 3437 1574 3477 morem
1605 3422 1764 3487 fumi,
1789 3438 1914 3478 ven~

340 3513 376 3562 li
439 3512 786 3568 vehementis
869 3512 1135 3582 impetum
1209 3515 1363 3568 nullo
1417 3513 1583 3569 modo
1637 3515 1916 3570 sustinere

340 3605 595 3660 valentis.
666 3643 670 3646 ‹

1009 3696 1125 3752 Ode
1164 3695 1257 3753 VI.

410 3805 548 3864 Vitae
584 3811 901 3876 commotio,
931 3825 964 3866 o
993 3809 1182 3881 Virgo,
1216 3811 1454 3868 animam
1477 3813 1687 3881 turbat,
1719 3816 1915 3870 turba-

346 3910 515 3957 tones
545 3916 943 3975 usquequaque
999 3903 1249 3957 inferunt
1301 3902 1540 3958 difficilia
1595 3906 1752 3961 nobis
1810 3906 1913 3961 bne

346 4000 607 4059 tempore,
642 3993 758 4047 haec
783 3991 1114 4063 quantocius
1146 3993 1405 4062 precibus
1456 3996 1567 4051 tuis
1631 3997 1911 4065 propulsa.

345 4080 541 4136 lit-rum
575 4082 926 4137 molestarum
960 4082 1161 4139 ﬂuctus
1217 4085 1398 4138 navim
1427 4083 1576 4138 illam
1603 4087 1914 4157 demergere

344 4173 641 4235 minantur,
692 4178 850 4241 cujus
898 4181 977 4236 tu,
1010 4172 1104 4228 Dei
1140 4171 1332 4235 Mater,
1370 4188 1531 4227 manu
1570 4184 1657 4229 tua
1709 4176 1913 4245 gubera

344 4264 536 4317 uacula
577 4265 902 4329 moderaris,
934 4265 1033 4319 bos
1065 4265 1231 4336 igitur
1263 4272 1469 4332 sterne,
1497 4273 1553 4321 et
1601 4258 1910 4338 tranquilli-
1939 4304 1979 4357 ο

346 4362 506 4407 tatem
532 4357 788 4423 precibus
817 4357 927 4410 tuis
962 4357 1231 4411 concede.

409 4443 597 4499 luitis
661 4446 920 4517 lacrymis
977 4460 1117 4517 opus
1165 4446 1546 4518 est,oV.irgo,
1599 4447 1761 4504 nobis
1817 4449 1911 4518 qui

343 4534 550 4589 Christi
583 4547 852 4605 praecepta
889 4537 1165 4607 aspernati
1218 4554 1433 4601 sumus,
1489 4547 1714 4608 propter
1766 4541 1910 4607 quod

346 4640 463 4676 cum
520 4625 687 4679 rebus
742 4626 987 4680 sinistris
1030 4627 1321 4693 luctamur,
1356 4629 1426 4684 ab
1459 4629 1542 4683 his
1575 4644 1677 4684 nos
1710 4630 1919 4684 redimo

349 4715 411 4767 ad
441 4719 704 4785 optimam
744 4716 865 4771 vitae
901 4718 1172 4774 rationem
1201 4720 1522 4776 traducens.

416 4806 471 4861 Si
504 4816 653 4873 tuos,
691 4823 725 4861 ο
759 4809 1137 4876 sanctissima,
1184 4826 1335 4866 nunc
1361 4812 1431 4867 ab
1471 4812 1725 4869 hostibus
1785 4812 1921 4868 libe-

353 4899 576 4962 raveris,
626 4898 761 4952 nihil
816 4899 919 4953 erit
983 4900 1157 4969 novi;
1200 4902 1375 4973 magis
1428 4910 1609 4957 autem
1670 4904 1777 4958 erit
1827 4913 1919 4959 tua

356 4997 501 5045 vetus
516 4989 891 5061 consuetudo,
919 5006 953 5045 o
983 5002 1166 5048 vertex
1202 4993 1498 5059 bonitatis;
1527 4994 1595 5049 ab
1614 4994 1704 5062 bis
1732 4995 1918 5065 itaque

356 5090 409 5133 ut
435 5083 733 5138 liberemur
754 5083 1007 5139 celeriter
1034 5084 1257 5154 largire.

1002 5195 1116 5253 Ode
1148 5195 1260 5252 VII.

424 5304 603 5362 Unum
631 5308 907 5378 quoddam
930 5316 1266 5380 praeceptum
1297 5316 1680 5381 transgressus
1709 5320 1922 5375 est,vaa

358 5398 539 5463 nobis,
578 5414 611 5454 ο
640 5398 890 5465 Domina,
926 5400 1138 5471 primus
1188 5410 1342 5471 pater
1366 5400 1561 5467 Adam,
1591 5410 1646 5456 et
1672 5401 1798 5456 facti
1833 5402 1919 5457 sui

362 5504 569 5557 pinnam
636 5492 823 5549 statim
878 5492 1027 5549 dedit
1087 5492 1220 5548 Deo.
1279 5490 1413 5547 Cum
1481 5505 1611 5548 vero
1670 5490 1736 5547 ad
1784 5493 1917 5549 iram

2012 3098 2107 3152 Dei
2131 3098 2322 3152 Mater.

2085 3188 2180 3242 Ille
2214 3202 2373 3257 quem
2426 3183 2684 3255 genuisti,
2738 3182 2913 3251 magis
2955 3181 3150 3251 gaudet
3197 3179 3403 3233 donare
3453 3193 3578 3249 gra.

2011 3278 2144 3333 tiam
2176 3292 2342 3348 quam
2393 3277 2454 3337 ii,
2506 3275 2708 3346 quibus
2771 3274 2887 3341 ipsa
2926 3272 3107 3337 datur,
3134 3270 3408 3341 gaudeant
3436 3270 3579 3322 acci-

2012 3385 2162 3440 pere.
2200 3366 2439 3422 Proinde
2465 3375 2520 3419 tu
2577 3366 2719 3434 apud
2757 3364 2911 3417 illum
2947 3376 3048 3440 pro
3098 3362 3260 3416 nobis
3311 3360 3581 3430 legatione

2012 3464 2243 3532 fungens
2297 3460 2552 3513 universa
2609 3453 2892 3524 expedias.
2948 3450 3117 3521 Perge
3148 3449 3355 3519 itaque,
3385 3463 3419 3503 ο
3452 3448 3577 3502 Dci-

2012 3568 2161 3623 para.

2675 3658 2789 3714 Ode
2819 3657 2910 3711 IX.

2084 3778 2273 3841 Deum,
2297 3789 2332 3829 ο
2360 3772 2549 3844 Virgo,
2579 3772 2883 3827 secundum
2937 3782 3157 3824 carnem
3192 3764 3451 3836 genuisti,
3480 3765 3574 3833 qui

2010 3870 2175 3925 etiam
2218 3880 2316 3936 pro
2348 3864 2507 3919 nobis
2530 3861 2841 3917 voluntarie
2870 3874 3063 3930 passus
3098 3865 3202 3912 est.
3231 3856 3367 3910 Cum
3410 3856 3577 3910 susti-

2012 3942 2226 4016 nuisset
2283 3965 2463 4011 autem
2494 3962 2745 4017 mortem,
2795 3953 2987 4006 mortis
3017 3950 3251 4004 vinculis
3279 3950 3373 4003 cos
3396 3949 3577 4003 absol‘

2012 4056 2089 4106 vit
2114 4038 2204 4118 qui
2230 4056 2387 4103 erant
2418 4047 2475 4100 in
2507 4045 2744 4100 inferno.
2785 4042 2925 4095 liuie
2964 4042 3130 4110 igitur
3161 4040 3412 4107 suppliea
3450 4046 3507 4091 ut
3538 4040 3573 4091 ii

2012 4143 2104 4212 qui
2133 4151 2187 4195 te
2216 4137 2461 4199 laudant,
2491 4148 2521 4186 a
2556 4134 2719 4187 rebus
2743 4131 2986 4184 sinistris
3019 4129 3236 4181 valeant
3287 4128 3514 4181 exsolvi.

2082 4226 2372 4283 Hominum
2414 4235 2586 4292 genus
2636 4220 2746 4273 Deo
2802 4219 3067 4288 peccavit,
3100 4222 3153 4270 et
3203 4229 3377 4283 usque
3426 4230 3575 4268 nunc

2014 4316 2337 4389 procedunt,
2380 4326 2412 4366 ο
2442 4307 2946 4371 intemeratissima,
2981 4305 3076 4360 sed
3108 4319 3216 4358 non
3237 4313 3367 4360 sunt
3397 4304 3575 4359 homi.

2017 4419 2144 4460 num
2172 4415 2387 4458 errores
2429 4395 2761 4468 hujusmodi,
2795 4408 2932 4464 quos
2967 4392 3061 4448 Dei
3111 4394 3335 4463 sanguis
3383 4408 3572 4447 eorum

2014 4499 2186 4568 gratia
2204 4493 2412 4549 effusus
2434 4489 2697 4545 mundare
2713 4502 2820 4541 non
2848 4495 3052 4556 posset.
3076 4485 3203 4540 ldco
3227 4500 3374 4539 nunc
3395 4484 3571 4554 ipsum

2014 4605 2111 4659 pro
2142 4587 2321 4651 nobis,
2346 4600 2379 4638 o
2402 4583 2653 4645 Domina,
2692 4594 2875 4634 exora.

2083 4678 2266 4734 llostis
2302 4674 2516 4744 tyranni
2577 4671 2785 4740 antiqui
2836 4669 3129 4741 potentiam
3182 4670 3486 4740 disperdas,
3539 4686 3573 4722 o

1918 4749 1922 4845 ί
2015 4772 2331 4845 purissima,
2359 4768 2509 4821 velut
2544 4766 2761 4819 mollem
2788 4772 2841 4817 et
2867 4777 3117 4817 enervem
3155 4761 3565 4815 intercessioni-

2015 4866 2113 4915 bus
2148 4858 2282 4923 tuis,
2316 4866 2479 4925 atque
2524 4853 2675 4907 illius
2707 4852 2909 4905 fastum
2962 4850 3017 4903 in
3066 4849 3235 4903 altum
3296 4849 3568 4905 sublatum

2011 4950 2254 5022 dejicias,
2291 4960 2324 5001 ο
2370 4943 2552 5013 Virgo,
2596 4950 2830 5009 tuosque
2876 4954 3061 4994 servos
3088 4954 3211 4993 cum
3248 4938 3413 4993 rebus
3447 4954 3570 5007 gra-

2013 5033 2490 5093 vibusinnumeris
2524 5032 2793 5085 luctantes
2823 5027 3084 5082 velociter
3120 5025 3319 5079 invise.

2082 5127 2187 5182 Eos
2212 5125 2304 5196 qui
2336 5138 2436 5177 nos
2473 5122 2574 5175 hoc
2623 5129 2867 5188 tempore
2917 5124 3140 5183 terrent,
3176 5131 3207 5170 ο
3249 5114 3565 5185 purissima,

2012 5231 2067 5274 tu
2095 5220 2337 5289 trepidos
2367 5231 2430 5269 ac
2469 5213 2691 5268 timidos
2725 5213 2779 5265 in
2816 5212 2998 5281 fugam
3044 5208 3253 5277 conjice
3283 5215 3337 5261 et
3369 5207 3562 5260 borum

2014 5325 2329 5381 prosperum
2361 5322 2583 5361 cursum
2617 5305 2733 5372 ipsa
2787 5315 2992 5357 reseca.
3035 5298 3111 5353 Da
3151 5308 3331 5353 autem
3362 5298 3563 5367 pOpulo

2012 5412 2129 5466 tuo,
2178 5410 2235 5454 ut
2267 5408 2508 5453 statuere
2556 5395 2730 5465 possit
2785 5408 2851 5446 cx
2904 5392 3037 5458 ipsis
3085 5400 3304 5458 tropma,
3344 5398 3401 5443 ut
3430 5388 3563 5442 olim

2023 5488 2327 5558 majoribus
2388 5489 2591 5543 nostris
2617 5494 2858 5561 statuere
2882 5482 3102 5543 dedisti.

1793 5675 2162 5699 ma
