4048 6224
320 290 420 353 129

1370 293 1688 355 Di.\LOGl
1722 292 1883 353 CUM
1922 292 2483 359 MOHAMETANO.

3467 298 3573 368 1:30

317 408 396 466 τὸ.
426 406 487 459 τὸ
521 405 679 473 γένος
708 405 906 476 ἐκείνῳ
936 406 1037 477 μὲν
1070 406 1340 477 εὐτυχεῖν,
1376 409 1509 477 ἡμῖν
1546 408 1602 460 δὲ
1636 408 1730 461 νῦν
1762 406 1891 459 δυσ-

1999 422 2102 476 qua
2136 409 2312 475 gentis
2342 408 2489 463 illius
2524 408 2773 464 homines
2797 424 3052 482 prospera
3081 423 3331 481 utuntur,
3349 431 3451 471 nos
3477 426 3573 470 ait.

320 501 571 569 πραγείνο
597 499 635 554 ἃ
658 498 724 571 δὴ
756 500 938 553 πάντα
978 499 1080 570 τὴν
1125 500 1340 552 ἐκείνου
1367 500 1593 567 γνώμην
1623 497 1894 563 ἀνθεῖλκερ

318 597 525 664 Χεῖρας
553 576 664 662 γάρ
695 596 792 648 καὶ
820 593 989 656 πόδας
1022 593 1120 663 (ῶς
1153 594 1220 647 ἂν
1260 593 1403 645 είποι
1434 591 1543 659 τις)
1585 590 1895 659 δεδεμένος,

314 689 427 749 τοῖς
462 687 805 756 εἰρημένοις,
832 679 909 739 ῶν
940 684 1040 754 μὲν
1064 684 1187 737 λίαν
1209 684 1480 752 κατέγνω,
1506 683 1720 742 τούτοις
1741 677 1900 745 αὖθις

316 779 599 849 ἐνέμενενο
624 777 663 832 ά
690 778 735 830 δ’
759 777 948 848 ἐπῄνει
972 777 1090 839 πῶς
1115 778 1217 830 οῐει
1247 777 1346 847 (l),
1372 776 1468 829 καὶ
1496 774 1587 831 διὰ
1615 774 1898 845 θαύματος

316 865 440 939 ἦγε,
474 873 574 923 καὶ
609 868 710 936 τῆς
759 867 998 939 ἀληθοῦς
1038 868 1259 938 μερίδος
1311 869 1425 931 τοῖς
1475 865 1897 936 ὅλοις-νομίζων

320 962 597 1030 ἐφαίνετο,
629 960 718 1013 ἐπ’
746 960 888 1013 αὐτὰ
912 958 1184 1029 ,βαδίζειν
1216 959 1371 1029 ὅμως
1421 960 1521 1030 οὐχ
1553 956 1666 1023 οίός
1694 960 1744 1012 τ’
1774 956 1843 1032 ἦν
1869 961 1897 1013 6

321 1056 568 1123 σχέτλιος
596 1053 801 1123 γέρων.
837 1052 931 1116 Ὠς
964 1052 1076 1123 γὰρ
1109 1052 1281 1115 ἔοικε,
1315 1054 1608 1124 κακοδοξίᾳ
1643 1039 1898 1119 καθάπαξ

317 1146 667 1217 αίχμάλωτος
717 1143 981 1213 γεγονὼς,
1041 1146 1140 1215 οὐχ
1192 1144 1229 1199 ἃ
1292 1146 1575 1216 προείλετο
1633 1145 1897 1217 πράττειν

320 1240 510 1307 κύριος
533 1233 623 1308 ἦν⁹
653 1238 701 1290 εἰ
735 1236 791 1289 δὲ
824 1235 1033 1305 βούλει,
1070 1237 1171 1307 τῆς
1203 1236 1441 1307 ἀληθοῦς
1475 1236 1789 1309 ἐλευθερίας
1820 1237 1895 1308 μὴ

318 1329 675 1398 γεγευμένος,
706 1327 819 1379 οὐδ’
848 1327 974 1380 ὅσον
999 1321 1070 1398 ἦν
1100 1327 1423 1396 γιγνόμενον
1456 1327 1557 1399 (2),
1585 1327 1696 1380 οὐδ’
1727 1328 1897 1398 ἐγγὺς

321 1420 503 1472 ποθῶν
539 1418 745 1490 ταύτην
774 1414 864 1490 ἦν.
891 1418 1076 1482 Ὅθεν,
1107 1420 1247 1489 ὅπερ
1288 1419 1460 1492 ἔφθην
1488 1419 1684 1485 εἰπὼν,
1716 1422 1901 1475 κινδυ-

317 1512 463 1564 νεύει
497 1512 698 1581 μικροῦ
746 1510 858 1564 δεῖν
888 1509 1083 1581 εὔηθες
1130 1507 1272 1565 εἶναι
1317 1512 1517 1576 δοκεῖν,
1553 1511 1896 1580 διαλέγεσθαι

320 1606 448 1673 περὶ
476 1606 581 1672 τῆς
612 1602 724 1655 τῶν
762 1600 1023 1672 Τούρκων
1051 1601 1309 1666 ἀσεϐείας
1339 1600 1563 1656 καὶτῶν
1589 1601 1721 1671 παρ’
1753 1602 1897 1655 εκεί-

2001 515 2154 553 versa
2187 517 2200 553 :
2256 515 2374 568 qua:
2407 511 2560 555 certe
2589 504 2771 556 omnia
2800 510 2916 571 ejus
2948 506 3189 561 animum
3239 508 3307 562 ad
3354 510 3574 565 diversa

2000 591 2372 646 retrahebant.
2396 592 2678 662 Siquidem
2700 596 2953 650 manibus
2972 598 3308 668 pedibusque
3331 601 3576 671 (utqufs-

2001 681 2144 753 piam
2181 682 2414 752 dixeret)
2463 684 2701 750 vinctus,
2736 701 2799 740 ex
2830 688 2988 743 dictis
3019 706 3140 758 qua:
3161 690 3379 760 quidem
3413 696 3575 749 valde

1996 775 2312 841 damnabat,
2333 776 2524 833 iisdem
2554 777 2911 835 nihilominus
2933 781 3231 836 inhaerebat
3256 799 3269 837 ε
3294 800 3413 854 qua:
3444 802 3573 840 vein

1999 866 2138 921 mire
2182 867 2441 922 laudabat
2490 868 2998 939 admirabaturque,
3040 874 3406 945 omnibusque
3444 894 3569 931 vera

1997 971 2060 1011 ea
2093 970 2216 1012 esse
2240 957 2496 1012 arbitrari
2526 959 2836 1027 videbatur,
2870 961 2934 1015 ad
2968 976 3030 1016 ea
3078 972 3258 1017 tamen
3303 967 3569 1022 accedere

1999 1047 2166 1102 miser
2195 1047 2285 1103 ille
2303 1062 2473 1104 senex
2496 1065 2605 1103 non
2630 1052 2828 1120 potuit.
2860 1050 3019 1119 Nam,
3056 1061 3115 1106 ut
3140 1050 3435 1109 verisimile
3464 1070 3566 1120 est,

1998 1153 2179 1209 prava:
2211 1139 2455 1209 opinioni
2489 1141 2657 1196 semel
2691 1143 3058 1209 mancipatus,
3085 1142 3205 1209 ejus
3229 1145 3373 1214 quod
3408 1146 3572 1199 vellet

1999 1232 2231 1288 faciendi
2274 1242 2594 1301 potestatem
2644 1249 2753 1288 non
2792 1234 3065 1289 habebat:
3116 1247 3229 1300 aut,
3272 1237 3317 1292 si
3372 1238 3568 1304 mavis,

1998 1338 2180 1377 veram
2210 1323 2515 1379 libertatein
2543 1340 2666 1379 cum
2699 1341 2976 1395 nunquam
3008 1336 3300 1397 gusmsset,
3340 1329 3569 1383 multum

1999 1414 2189 1469 aberat
2221 1425 2279 1470 ut
2300 1432 2418 1470 eam
2451 1426 2713 1486 quantum
2741 1430 2840 1486 par
2861 1430 2978 1473 erat
3009 1419 3362 1476 desideraret.
3394 1422 3569 1489 Unde,

1986 1506 2144 1585 .quod
2170 1504 2281 1574 jam
2309 1506 2440 1571 dixi,
2460 1521 2651 1575 parum
2680 1507 2819 1562 forte
2844 1508 3001 1564 abest
3029 1512 3157 1579 quin
3179 1513 3421 1583 int-ptum
3448 1530 3572 1569 esse

1999 1597 2268 1660 videatur,
2305 1598 2372 1652 de
2417 1599 2725 1653 Turcarum
2775 1600 3055 1668 impietate
3090 1603 3415 1675 illorumque
3451 1608 3574 1677 opi-

317 1713 425 1757 νοις
471 1693 793 1763 δογμάτων.
829 1688 906 1749 ῶν
958 1692 1021 1747 τὸ
1077 1695 1331 1762 κρεῖττον
1375 1693 1461 1748 ὅτι
1517 1708 1627 1764 περ
1679 1692 1894 1761 γέλωτα

2000 1687 2255 1741 nionibus
2290 1688 2546 1758 colloqui,
2602 1706 2727 1759 quae
2777 1690 2910 1745 nihil
2946 1692 3148 1748 habent
3194 1700 3563 1765 praestantius,

319 1789 627 1857 παρασχεῖν
662 1784 827 1842 ἰκανά
861 1787 975 1850 τοῖς
1008 1784 1322 1842 ἀκούουσιν.

906 1899 1310 1956 ΠΡΟΟΙΜΙΟΝ.

308 2024 311 2027 π
392 1994 461 2050 α’.
493 1995 568 2048 Τδ
598 1993 701 2065 μὲν
728 1989 826 2048 οὖν
848 1992 949 2065 τὴν
975 1993 1341 2063 παραπλῆγος
1386 1979 1633 2063 Μωάμεθ
1674 1991 1892 2061 ἐξελέγ-

317 2104 438 2157 γειν
470 2086 672 2154 μανίαν
703 2083 943 2154 σπουδὴν
975 2085 1126 2154 ἡμᾶς
1164 2083 1261 2136 νῦν
1289 2083 1587 2151 ποιεῖσθαι,
1623 2083 1760 2147 ὅλως
1801 2101 1893 2153 μοι

315 2180 468 2231 δοκεῖ
495 2178 793 2247 περίεργον
832 2171 997 2244 εἶναι,
1033 2176 1220 2248 ἐπειδὴ
1270 2176 1368 2229 καὶ
1417 2177 1518 2230 οὐκ
1571 2176 1743 2245 ὀλίγοι
1773 2192 1896 2229 του-

311 2273 430 2325 τονὶ
483 2270 581 2323 τὸν
634 2270 853 2326 δίαυλον
905 2270 1154 2341 ἔφθησαν
1198 2269 1482 2341 ὴνυκότες·
1511 2271 1571 2323 ἐν
1623 2266 1705 2334 οἷς
1742 2271 1839 2325 καὶ
1866 2270 1896 2323 6

312 2364 598 2427 θειότατος
628 2364 855 2428 πάππος
886 2364 1040 2434 ἡμῖν,
1073 2364 1102 2416 6
1134 2364 1506 2435 παντάριστος
1538 2365 1631 2418 καὶ
1680 2362 1895 2434 θαυμά-

311 2474 430 2521 σιος
459 2455 740 2527 βασιλεύςο
775 2455 834 2520 ὃς
863 2454 1145 2519 εὐσεϐείας
1168 2455 1244 2510 ῶν
1270 2455 1470 2522 κανὼν,
1508 2456 1603 2510 καὶ
1628 2456 1737 2511 τῶν
1765 2457 1896 2510 ταύ-

308 2566 415 2619 της
442 2549 610 2603 ῑνεκα
639 2550 821 2603 πόνων
848 2548 1042 2620 μηδενὶ
1068 2548 1180 2602 τῶν
1202 2547 1491 2619 πρωτείων
1520 2549 1893 2620 παραχωρῶν,

308 2642 486 2697 πολλὰ
538 2643 645 2713 μὲν
689 2644 789 2698 καὶ
844 2644 983 2700 ἄλλα
1011 2643 1104 2695 τὸν
1140 2640 1355 2695 ἐκείνου
1389 2642 1551 2712 ζῆλον
1600 2642 1734 2713 ἡμῖν
1764 2643 1896 2713 περὶ

307 2736 416 2804 τὴν
437 2734 609 2806 ὀρθὴν
636 2734 824 2788 πίστιν
846 2734 1119 2805 λαμπρῶς
1148 2732 1596 2805 ἀνακηρύττοντα
1627 2732 1895 2802 συνεγρά-

308 2828 478 2897 ψατοο
508 2828 723 2892 τούτοις
752 2828 809 2882 δὲ
838 2828 1152 2900 προσέθηκε
1176 2826 1445 2881 τελευτῶν
1470 2826 1567 2881 καὶ
1658 2827 1759 2897 τὴν
1786 2826 1896 2880 τῶν

307 2925 628 2994 εἰρημένων
674 2923 1065 2996 ⁹Αχαιμιινιδῶν
1096 2923 1358 2993 λατρείαν
1396 2921 1562 2992 λῆρον
1597 2920 1896 2990 ἀποφαίνει

310 3017 488 3085 σαφῆ.
520 3015 743 3088 Ἐπειδὴ
771 3016 828 3069 δέ
865 3033 922 3069 σε
948 3015 1118 3087 ᾔδειν,
1151 3014 1244 3067 τὸν
1282 3015 1357 3077 ῶς
1389 3012 1611 3084 ἀληθῶς
1640 3012 1891 3080 ἀδελφὸν,

1996 1793 2161 1847 quam
2183 1777 2327 1848 quod
2350 1780 2521 1835 risum
2548 1781 2896 1837 audientibus
2923 1784 3131 1851 possint
3162 1786 3427 1856 prtebere.

2588 1888 2978 1947 PREFATIO.

2070 1980 2121 2035 ἰ.
2159 1978 2348 2049 Itaque
2382 1981 2568 2036 vesani
2603 1980 2926 2038 Mahomctis
2970 1983 3211 2039 furorem
3246 1985 3572 2056 redarguere

1997 2086 2145 2127 nunc
2177 2075 2391 2138 conari,
2427 2086 2892 2143 snpervacaneum
2922 2092 3146 2145 prorsus
3172 2094 3294 2133 esse
3333 2080 3465 2134 tnihi
3494 2084 3572 2134 vi-

1997 2163 2180 2227 detur,
2205 2164 2461 2234 quoniam
2500 2164 2603 2219 hoc
2634 2163 2870 2221 stadium
2898 2166 3010 2234 jam
3060 2176 3217 2224 antea
3260 2186 3368 2224 non
3412 2174 3570 2242 pauci

1997 2256 2406 2312 decurrerunt:
2452 2257 2508 2311 in
2542 2256 2742 2326 quibus
2786 2258 3007 2315 divinus
3040 2261 3120 2315 vir
3171 2277 3307 2319 avus
3359 2273 3570 2329 noster,

1997 2349 2239 2420 optimus
2268 2358 2322 2405 et
2344 2348 2688 2407 admirabilis
2715 2348 3012 2421 imperator
3038 2352 3152 2428 (3):
3188 2357 3284 2427 qui
3311 2372 3436 2414 cum
3460 2359 3574 2429 pie-

1996 2430 2129 2499 tatis
2174 2450 2321 2498 esset
2345 2442 2555 2510 regula,
2587 2451 2639 2498 et
2669 2443 2725 2499 in
2760 2447 3030 2514 susceptis
3061 2462 3160 2516 pro
3201 2462 3265 2502 ea
3289 2448 3572 2505 laboribus

1999 2536 2206 2607 primas
2246 2535 2452 2591 nemini
2504 2540 2854 2601 concederet,
2895 2551 3009 2595 tum
3046 2540 3150 2595 alia
3203 2542 3400 2608 multa,
3449 2559 3574 2613 quae

1998 2627 2201 2684 ardens
2235 2626 2384 2684 illius
2418 2641 2548 2697 erga
2585 2637 2794 2685 rectam
2826 2630 2985 2686 ﬁdem
3016 2632 3258 2688 studium
3295 2633 3574 2705 luculente

1999 2719 2163 2775 nobis
2201 2719 2507 2786 declarant,
2560 2721 2935 2791 conscripsit:
2992 2731 3107 2777 tum
3164 2722 3295 2777 illud
3345 2723 3570 2779 demum

1999 2825 2139 2881 opus
2184 2810 2270 2866 bis
2307 2812 2580 2880 adiunxit,
2634 2828 2743 2882 quo
2780 2813 3290 2870 Achmmenidarum
3342 2817 3570 2872 istorum

1999 2901 2287 2972 religiones
2325 2903 2472 2958 aliud
2498 2902 2631 2957 nihil
2657 2917 2778 2959 esse
2815 2900 2919 2959 nisi
2952 2919 3131 2960 meras
3154 2922 3327 2976 nugas
3345 2908 3571 2963 eviden-

2000 2988 2214 3049 tissime
2246 2995 2605 3050 demonstrat.
2650 2994 2757 3049 Sed
2806 2996 3178 3065 quia‘noram,
3215 3006 3268 3053 te
3298 3014 3425 3054 vere
3457 2999 3573 3054 fra-

305 3104 524 3174 ταύτην
548 3103 612 3173 δὴ
646 3086 746 3174 τὴν
778 3103 889 3157 τῶν
921 3103 1231 3175 εἰρημένων
1258 3103 1437 3157 ἀθέων
1464 3101 1727 3156 ἀσέϐειαν
1754 3102 1893 3173 ὑπὲρ

2000 3094 2139 3142 trem
2188 3086 2329 3142 hanc
2362 3086 2682 3155 impiorum,
2728 3102 2867 3157 quos
2910 3088 3043 3152 dixi,
3082 3089 3327 3145 fraudem
3357 3094 3574 3163 egregie

308 3198 418 3258 τὰς
447 3195 616 3256 ἄλλας
649 3195 1067 3263 μισοῦνταοικαὶ
1092 3196 1229 3266 πρός
1256 3211 1320 3263 γε
1350 3194 1431 3248 ἔτι
1468 3194 1535 3265 δὴ
1564 3193 1778 3265 τρυφὴν
1806 3191 1899 3247 καὶ

307 3281 431 3340 οἷον
475 3286 703 3356 διθυρμά
753 3302 808 3340 τι
862 3286 1210 3356 ποιούμενον,
1255 3286 1311 3339 εἴ
1355 3285 1410 3338 τί
1459 3301 1545 3349 τις
1596 3284 1749 3353 λέγοι
1799 3284 1899 3353 τῆς

309 3378 547 3432 ἐκείνων
602 3378 875 3448 φλυαρίας
921 3378 1190 3449 διήγημα,
1246 3377 1339 3430 καὶ
1398 3373 1637 3446 μάλισθ’,
1686 3375 1817 3428 ὅταν

306 3468 476 3521 τοῦτο
504 3484 569 3536 γε
609 3468 721 3521 τῶν
756 3468 988 3531 ἐκείνοις
1031 3468 1367 3539 ἀπορρήτων
1413 3466 1511 3521 καὶ
1556 3464 1800 3535 σεμνῶνο
1838 3464 1899 3518 τὸ

312 3562 425 3631 μὶν
460 3561 537 3623 ῶς
572 3560 737 3630 ἔργον
780 3561 877 3615 καὶ
906 3561 994 3614 διὰ
1026 3560 1251 3614 πάντων
1294 3559 1530 3630 γράφειν
1563 3558 1717 3627 ἡμᾶς
1759 3557 1899 3611 κατά

307 3656 420 3719 τῆς
444 3656 557 3707 τῶν
591 3656 634 3706 Τ
638 3653 855 3723 ούρκων
890 3652 1117 3723 μανίας,
1146 3653 1260 3705 δεῖν
1289 3651 1462 3719 ἔγνων
1491 3642 1896 3737 παραδραμεῖν·

308 3747 427 3800 είσί
463 3745 593 3815 γὰρ,
640 3746 805 3812 εἰσιν,
852 3745 1041 3814 ῶσπερ
1084 3740 1262 3808 εἶπον,
1310 3741 1360 3795 οἳ
1394 3741 1660 3796 κάλλιστά
1703 3757 1767 3810 γε
1790 3740 1898 3815 ’καὶ

310 3810 703 3901 lxaw‘B—a‘roiis'
732 3810 1081 3908 εἰργάσαντο·
1125 3838 1221 3890 καὶ
1248 3835 1426 3889 ἔνεστί
1465 3852 1549 3923 σοι
1586 3810 1913 3923 βουλομέιλρλ

264 3944 273 3945 ί
311 3930 809 4001 θριαμϐευομένην
842 3930 971 3983 ἰδεῖν
1016 3928 1118 4001 τὴν
1153 3928 1363 3983 τούτων
1416 3912 1800 3997 μελαγχολίαν,
1832 3925 1899 3996 ἢν

309 4026 440 4084 τοῖς
484 4023 794 4094 εἰρημένοις
840 4022 1110 4095 ἰθελήσῃς
1162 4021 1597 4091 συγγράμμασιν
1630 4021 1895 4089 ιντυχείν.

311 4112 493 4175 Αὐτὸς
528 4114 714 4183 μέντοι
746 4129 830 4165 σοι
863 4112 958 4165 τὸν
988 4114 1173 4181 κόρον,
1206 4111 1284 4175 ῶς
1313 4106 1427 4163 οἷόν
1452 4126 1535 4175 τε,
1566 4108 1898 4177 διαφεύγων,

311 4202 534 4270 ὅσαπερ
575 4201 917 4272 καιριώτερα
952 4202 1048 4254 καὶ
1095 4199 1291 4270 βελτίω
1345 4196 1592 4251 δοκοῦσιν
1645 4195 1900 4265 εἰρῆσθαι

312 4290 434 4345 τῶν
464 4290 541 4361 τῷ
575 4292 892 4364 Μουτερίζῃ
924 4290 1251 4362 λεχθέντων,
1288 4290 1498 4359 φράσαι
1533 4289 1896 4359 πειράσομαι,

313 4384 395 4444 ῶς
436 4382 493 4436 δὲ
538 4383 633 4437 καὶ
661 4376 850 4455 ὦνπερ
879 4382 947 4437 ἂν
992 4382 1294 4453 μνησθείην
1323 4381 1435 4435 τῶν
1466 4382 1618 4451 ἐμῶν
1650 4397 1715 4450 γε
1762 4379 1896 4450 πρὸς

314 4473 415 4526 τὸν
462 4474 693 4544 γέροντα
735 4473 936 4543 λόγων.
971 4475 1239 4529 Τάκείνου
1281 4475 1382 4546 μὲν
1416 4475 1526 4545 γὰρ
1555 4474 1689 4545 ἐρῶ,
1742 4474 1900 4543 χαρίο

317 4563 515 4627 (εσθαι
576 4581 665 4619 σοι
733 4566 1081 4636 βουλόμενοςο
1132 4567 1382 4636 ἀδικοίην
1435 4566 1549 4636 γὰρ
1596 4565 1686 4633 ἂν,
1719 4566 1768 4618 εἰ
1815 4559 1899 4628 οἷς

314 4656 515 4726 παρὼν
542 4656 623 4726 (6)
652 4656 923 4728 ἐτρύφας,
954 4658 1129 4713 ταῦτα
1156 4659 1397 4730 δηλῶσαι
1427 4657 1606 4729 παρὸν
1635 4658 1693 4712 ὲν
1720 4656 1902 4727 γράμ-

318 4763 461 4815 μασι
487 4748 887 4820 παραλίποιμι.

397 4994 475 5068 (l)
494 4997 621 5063 Πῶς
652 5000 778 5067 οἴει,
815 4998 959 5055 sicut
981 5001 1100 5063 πῶς
1130 4998 1329 5065 δοκεῖς,
1356 4997 1686 5068 peculiarem
1726 4995 1894 5051 habet

317 5066 631 5133 emphasin.
659 5080 713 5123 et
742 5066 1194 5138 significationem
1219 5069 1314 5122 τοῦ
1342 5066 1489 5122 κατὰ
1530 5067 1701 5138 πολὺ,
1744 5068 1893 5121 vehe-

316 5146 521 5209 menter
550 5136 839 5203 plurimum
870 5155 889 5195 :
923 5140 1198 5209 profertur
1253 5138 1439 5209 quasi;
1475 5136 1922 5209 atlntirabitnd_e..

316 5206 479 5279 Apud
504 5206 935 5279 ‘Aristophanem'
984 5208 1223 5263 Plut.'v.
1255 5206 1359 5262 762
1399 5207 1719 5279 Glossqtor._
1766 5206 1891 5267 Πῶς

314 5276 523 5349 δοκεῖς]
561 5276 941 5346 θαυμαστικόν
977 5294 991 5309 ⁶
1028 5280 1147 5332 λίαν
1182 5296 1198 5312 ⁶
1229 5281 1359 5349 vid.
1387 5276 1749 5349 Brunck.ad__
1771 5279 1825 5349 lt.
1852 5279 1889 5331 ι.

313 5348 449 5419 edit.
474 5346 811 5415 Argeutorat.
839 5350 997 5411 1785.
1018 5350 1160 5410 ἰιιο8.
1187 5361 1316 5403 tam.
1338 5348 1388 5416 Ι,
1406 5366 1524 5419 pag.
1545 5346 1893 5419 265.”ἰ1σθην

315 5418 459 5466 ἀλλὰ
479 5419 601 5491 πῶς
633 5419 1018 5491 oi'stpSynes.
1054 5419 1224 5491 Epist.
1256 5422 1348 5485 (ἐξ,
1406 5416 1496 5475 ed.
1534 5418 1755 5487 Dionys.
1790 5416 1893 5473 Pe-

316 5493 443 5560 tav.
468 5486 640 5560 Latet.
684 5486 1050 5560 f7l2,_in-fol.
1174 5491 1298 5545 175.

391 5557 474 5626 (2)
509 5556 649 5614 Voce
685 5560 810 5614 ὅσον
841 5558 907 5632 ἦν
948 5556 1273 5633 γιγιύμενον
1310 5561 1364 5616 id
1391 5559 1710 5629 significari,
1747 5561 1895 5630 quod

2003 3189 2200 3249 praeter
2232 3188 2459 3234 easteros
2489 3178 2615 3233 odio
2648 3178 2945 3249 prosequi:
2983 3181 3320 3251 insuperque
3349 3182 3576 3237 deliciae

2001 3285 2122 3327 rum
2151 3285 2216 3326 ac
2246 3270 2394 3325 velut
2435 3269 2822 3326 oblectamenti
2854 3272 2974 3327 loco
3008 3273 3227 3339 ducere,
3261 3273 3307 3330 si
3348 3274 3473 3346 quis
3508 3278 3576 3329 de

2000 3364 2216 3418 illorum
2255 3363 2477 3434 ineptiis
2511 3364 2716 3434 aliquid
2747 3378 2987 3431 enarret,
3033 3376 3084 3421 et
3114 3367 3181 3422 de
3214 3368 3281 3424 iis
3316 3370 3571 3435 maxime,

2000 3470 2121 3525 quas
2152 3469 2350 3510 arcana
2375 3457 2791 3527 venerandaque
2816 3460 2958 3529 apud
2988 3459 3110 3515 illos
3144 3460 3455 3516 habentur:
3485 3461 3573 3515 his

1999 3547 2067 3600 de
2089 3547 2271 3602 causis
2297 3547 2514 3619 integro
2536 3550 2755 3619 quidem
2780 3551 3069 3623 solidoque
3099 3552 3363 3608 adversus
3386 3553 3572 3607 omnia

2000 3636 2250 3695 Turcicze
2288 3642 2516 3697 insania:
2537 3642 2717 3712 capita
2750 3658 2913 3713 opere
2946 3629 3346 3701 conscribendo
3380 3661 3575 3716 super-

2001 3734 2303 3790 sedendum
2351 3748 2472 3789 esse
2502 3735 2760 3791 decrevi:
2791 3739 3108 3803 suntenim,
3150 3747 3298 3804 sunt,
3352 3748 3412 3794 ut
3438 3740 3574 3806 dixi,

2001 3824 2095 3896 qui
2120 3824 2326 3894 optime
2344 3825 2466 3891 hoc,
2488 3834 2539 3880 et
2563 3834 2829 3895 quantum
2856 3825 2993 3881 satis
3011 3836 3153 3890 erat,
3172 3828 3418 3884 exsecuti
3454 3828 3578 3886 fue-

2001 3916 2146 3971 rint:
2183 3931 2419 3987 quorum
2455 3919 2657 3987 scripta
2696 3919 2873 3987 legere
2898 3918 2945 3974 si
2972 3919 3229 3982 volueris.
3248 3936 3346 3990 per
3380 3922 3580 3977 trium-

2001 4009 2167 4078 phum
2198 4009 2417 4064 ductam
2451 4008 2637 4064 videre
2668 4009 2850 4064 licebit
2885 4010 2982 4064 tibi
3017 4011 3219 4065 volenti
3262 4010 3574 4067 Turearuin

2001 4094 2355 4154 dementiam.
2397 4101 2512 4170 Ipse
2547 4110 2727 4155 tamen
2778 4100 3109 4167 satietatem,
3142 4112 3408 4171 quantum
3458 4104 3576 4159 fieri

2002 4176 2218 4260 polerit,
2245 4192 2533 4261 effugiens,
2568 4206 2912 4261 quaecunque
2942 4193 3337 4261 opportuniora
3370 4203 3426 4248 et
3458 4210 3577 4250 me-

2002 4272 2143 4340 liora
2187 4283 2390 4338 dixisse
2422 4282 2640 4337 videtur
2695 4282 3008 4345 Muterizes,
3045 4298 3107 4337 ea
3138 4283 3236 4339 tibi
3273 4284 3456 4343 verbis
3487 4303 3577 4342 ex-

2002 4362 2237 4446 primere
2264 4377 2528 4441 conabor,
2582 4374 2727 4431 sicut
2768 4374 2936 4430 etiam
2985 4390 3327 4445 quaecunque
3362 4378 3461 4433 abs
3492 4394 3578 4434 me

2001 4467 2119 4525 seni
2149 4462 2296 4522 dicta
2331 4466 2501 4522 fuisse
2534 4467 2853 4521 meminero.
2889 4465 3039 4520 Illius
3072 4466 3219 4520 enitn
3248 4466 3408 4521 verba
3444 4466 3581 4524 refe«

1999 4576 2138 4626 ram,
2166 4559 2458 4632 gratificari
2480 4558 2573 4614 tibi
2602 4560 2792 4615 volens
2823 4576 2837 4613 :
2874 4560 3144 4630 siquidem
3171 4560 3223 4614 in
3261 4568 3315 4615 te
3348 4560 3580 4630 injurio—

2002 4669 2097 4709 sus
2128 4667 2329 4716 essem,
2355 4653 2399 4707 si
2455 4667 2522 4707 ex
2554 4652 2755 4721 quibus
2795 4666 3036 4721 praesens
3091 4652 3207 4718 ipse
3242 4652 3576 4721 voluptatem

2001 4747 2270 4816 cepisses,
2303 4734 2366 4800 ea
2433 4743 2487 4799 in
2536 4744 2781 4813 scriptis,
2840 4742 3042 4814 quibus
3091 4742 3253 4798 facile
3308 4743 3581 4800 declarari

2004 4845 2259 4907 possunt,
2302 4837 2799 4907 pra3termitterem.

1996 5002 2083 5064 est
2104 4993 2460 5064 conveniens,
2503 5008 2835 5064 congruum,
2870 5001 3015 5062 patet
3054 4992 3304 5064 pluribus
3363 4993 3497 5051 locis
3527 4997 3582 5053 in

1999 5063 2606 5138 S_tepltatti_Thesa_uro,
2623 5063 2747 5138 tum
2766 5079 2831 5138 ex
2854 5064 3038 5120 multis
3060 5063 3335 5138 similibus
3355 5064 3584 5138 loquen-

1999 5135 2054 5189 di
2087 5135 2339 5189 formulis
2370 5134 2424 5189 in
2460 5134 2695 5205 decursu
2727 5135 2889 5203 hujus
2923 5137 3143 5205 operis.

2071 5207 2150 5276 (5)
2181 5204 2451 5261 Joannem
2486 5204 2929 5260 Cantacuzenuin
2958 5207 3153 5271 imper.
3185 5204 3443 5276 intelligit
3473 5204 3577 5273 (η),

2003 5274 2177 5331 nostri
2238 5276 2506 5331 Manuelis
2574 5284 2880 5330 maternum
2934 5289 3144 5329 avum:
3188 5290 3315 5328 nam
3340 5274 3580 5327 Joannes

2003 5345 2342 5415 Palaeologus
2382 5345 2651 5415 Manuelis
2684 5354 2852 5415 pater
2906 5345 3166 5415 Helenam
3213 5344 3579 5415 Cantacuzﬁeni

2004 5416 2169 5468 filiam
2198 5412 2452 5470 duxerat.
2484 5414 2643 5485 rVide
2680 5412 2923 5485 Ducang,
2958 5412 3161 5468 Famil.
3210 5413 3438 5480 August.
3466 5414 3581 5482 By-

2005 5486 2205 5546 zantiit.
2243 5499 2365 5552 pag.
2396 5484 2524 5538 259.

2076 5556 2151 5624 (4)
2180 5554 2318 5608 Cod.
2338 5570 2455 5624 reg.
2498 5555 2695 5625 παρόν.

376 5699 454 5760 (α)
481 5698 630 5761 Cujus
661 5705 839 5766 scripta
880 5710 1048 5753 contra
1077 5704 1404 5755 Mabametem
1428 5710 1480 5753 et
1506 5702 1618 5762 ejus
1641 5698 1861 5750 asseclas
1889 5694 2132 5748 edidimus
2154 5698 2203 5747 in
2228 5702 2362 5747 tonio
2384 5694 2538 5747 (των.
2580 5694 2717 5743 lion.
