4048 6224
487 271 578 332 131

1597 280 1996 351 MANUELIS
2034 280 2488 345 PAL/EOLOGI

3576 295 3728 358 -li2

551 380 602 431 2.
641 378 904 447 Quamvis
957 380 1100 437 enim
1144 384 1386 441 umbrosi
1422 397 1638 444 montes
1685 400 1741 447 et
1784 407 2029 448 sonoruu

2225 396 2293 465 β’.
2322 399 2388 451 Ei
2414 398 2522 469 γὰρ
2566 398 2632 472 δὴ
2662 401 2755 455 Ital
2785 401 2953 472 οὔρεά
2987 420 3048 458 τε
3079 405 3355 472 σκιόεντα,
3387 406 3638 466 θάλασσά
3670 431 3729 465 τι

481 485 631 525 mare
662 488 889 543 corpora
924 484 1113 527 nostra
1137 475 1297 545 longo
1327 490 1581 546 separent
1618 481 1931 551 intervallo,
1962 495 2043 538 ta-

477 576 599 615 men
633 560 685 615 in
733 578 865 617 vero
900 562 1260 622 fraternitatis
1299 568 1498 625 afl'ectu
1535 571 1753 629 efficere
1793 574 1899 630 hoc
1933 590 2041 631 non

479 660 705 718 possunt
737 653 819 707 :is
851 653 996 708 enim
1030 655 1142 711 ullo
1176 660 1401 716 omnino
1436 663 1599 718 modo
1630 664 1889 722 claustris
1914 682 2044 722 con-

480 742 637 797 tineri
671 748 875 816 nequit.
916 747 1073 804 Unde
1102 751 1402 820 Splendida
1423 755 1568 812 illius
1596 771 1789 826 caena,
1812 775 1914 829 qua
1942 775 2043 816 nos

477 835 742 910 convivas
796 842 1009 911 excepit
1061 859 1250 911 senex,
1293 848 1612 919 participem
1654 860 1703 907 te
1740 852 1857 908 fieri
1897 854 2039 908 volo.

481 921 615 977 Nam
637 926 771 982 forte
793 930 890 984 tibi
922 933 1189 988 videbitur
1214 936 1301 991 illa
1330 938 1634 1007 delicatior,
1656 957 1819 1013 quam
1843 944 2043 1016 sapius

479 1014 637 1070 nobis
667 1022 948 1087 apparavit
976 1023 1233 1095 Satrapes
1272 1027 1360 1083 ille
1386 1030 1748 1098 gravissimus
1776 1044 1828 1089 et
1858 1014 2041 1103 pcrdi-

475 1108 742 1178 tissimus,
796 1114 890 1181 qui
930 1117 1172 1186 prodigia
1226 1120 1476 1185 quadam
1513 1132 1573 1176 ut
1605 1124 1658 1178 in
1698 1128 2040 1194 somniorum

476 1201 766 1270 figmentis,
792 1216 1002 1276 raptum
1038 1210 1289 1266 videlicet
1318 1214 1419 1267 sibi
1438 1228 1853 1285 congruentem,
1884 1235 2043 1290 para-

473 1294 764 1365 disumque
817 1299 1043 1355 canibus
1077 1302 1383 1375 puellisque
1422 1307 1677 1375 infinitis,
1719 1326 1841 1380 qua
1876 1313 2042 1379 arbor-

473 1402 591 1439 rum
626 1389 789 1445 ramis
824 1390 1145 1457 insiderent,
1184 1396 1415 1467 aliisque
1468 1402 1848 1470 compluribus
1880 1406 2039 1476 nugis

472 1477 728 1533 refertum
776 1483 1053 1540 narrabat.
1087 1484 1305 1543 Duabus
1347 1505 1476 1544 vero
1506 1492 1571 1546 de
1600 1494 1781 1550 causis
1816 1510 2040 1552 necesse

468 1577 572 1636 est,
596 1579 655 1623 ut
690 1586 813 1641 qua
844 1573 942 1631 abs
990 1591 1077 1633 me
1107 1589 1235 1633 sunt
1268 1579 1415 1636 dicta
1482 1582 1576 1638 tibi
1632 1585 1887 1642 referam.
1920 1585 2041 1643 Pri-

469 1675 639 1726 mum,
663 1662 787 1731 quia
819 1679 997 1735 neque
1014 1678 1440 1727 consentaneum
1470 1689 1649 1746 neque
1680 1676 1762 1730 fas
1783 1688 1890 1743 est,
1914 1679 2027 1736 die.

468 1752 646 1821 legum
712 1754 953 1825 aliquem
985 1757 1124 1827 ﬁeri,
1165 1763 1273 1818 nisi
1316 1765 1558 1824 omnium
1607 1768 2029 1841 colloquentium

2140 1780 2234 1832 καὶ
2284 1781 2395 1837 τῶν
2445 1752 3185 1863 προσδιαλεγομένωννιτοὺς
3246 1752 3440 1869 λόγους

466 1858 748 1901 sermones
776 1849 1079 1907 contineat.
1112 1853 1338 1917 Deinde,
1388 1857 1442 1912 in
1485 1858 1622 1929 ipsis
1648 1864 1896 1918 nonnihil
1930 1864 2039 1921 for-

468 1944 611 1990 tasse
640 1938 936 2006 reperietur
964 1940 1033 1996 iis
1063 1944 1213 2009 utile,
1257 1947 1352 2015 qui
1383 1947 1451 2003 de
1472 1965 1570 2019 spe
1596 1951 1651 2006 in
1685 1954 1847 2010 nobis
1882 1971 2039 2029 rapo.

465 2025 568 2079 sita
605 2024 674 2081 de
720 2027 1016 2099 improviso
1056 2038 1388 2104 respondere
1431 2040 1638 2106 volunt,
1674 2047 1894 2115 quando
1941 2024 2037 2105 hei

464 2131 654 2172 osores
690 2117 765 2173 illi
797 2123 1051 2193 nugando
1079 2125 1285 2197 aliquid
1333 2128 1463 2187 huic
1496 2132 1789 2203 objiciunt.
1821 2138 1960 2194 Nam
1984 2150 2038 2195 et

464 2208 555 2262 ille
596 2224 808 2265 omnem
848 2214 1158 2280 pharetram
1190 2220 1515 2288 exinanivit,
1546 2225 1831 2284 barbarica
1867 2244 2031 2288 manu

464 2315 714 2371 magnam
764 2305 1083 2377 sagittarum
1135 2311 1241 2365 vim
1277 2314 1532 2371 emittens
1567 2333 1581 2370 :
1619 2333 1757 2388 quas
1810 2322 2033 2395 quidem

466 2395 609 2452 Deus
644 2399 789 2455 leves
819 2417 885 2457 ac
917 2404 1136 2461 hebetes
1165 2408 1325 2478 plane
1355 2410 1542 2466 effecit
1570 2430 1582 2468 :
1617 2425 1672 2470 at
1694 2421 2032 2485 contrarium

462 2489 540 2544 illi
572 2492 793 2557 accidit,
824 2511 948 2550 nam
982 2498 1234 2556 confixus
1268 2512 1350 2558 est
1386 2505 1705 2576 sagittarius
1737 2510 1836 2567 iste
1856 2513 2036 2583 spicu-

462 2580 527 2635 lis
550 2584 789 2640 nostris:
825 2586 937 2641 imo
956 2598 1009 2644 et
1033 2591 1173 2656 suis,
1203 2594 1347 2662 quod
1369 2597 1588 2666 quidem
1630 2601 1885 2663 acerbius
1915 2619 2034 2660 orn-

462 2674 590 2728 uiuo
636 2676 884 2733 videtur:
914 2696 1233 2755 quanquam
1282 2685 1574 2744 Sacrarum
1623 2690 2031 2769 Scripturarum

462 2766 1004 2836 interpretationibus
1058 2777 1495 2851 testimoniisque
1541 2798 1717 2855 neque
1766 2768 2030 2857 quantum

461 2857 655 2915 licebat
712 2878 885 2933 neque
932 2878 1199 2937 quantum
1246 2874 1533 2939 oportebat
1572 2891 1764 2934 sumus
1799 2883 1908 2945 usi,
1934 2883 2029 2949 sed

455 2964 716 3020 quantum
741 2966 794 3011 et
818 2960 1036 3026 quando
1068 2962 1279 3018 volebat
1310 2966 1418 3021 ille.
1451 2967 1663 3040 Quippe
1700 2987 1879 3042 opera
1911 2990 2031 3045 pre-

455 3044 590 3099 tium
618 3048 834 3117 quidem
866 3066 986 3107 esse
1015 3052 1250 3109 debebat
1277 3058 1378 3110 hoc
1400 3059 1580 3114 facere
1603 3077 1619 3115 :
1644 3064 1737 3118 sed
1762 3067 2027 3133 praclaro

454 3136 557 3189 isto
598 3137 907 3208 invictoque
953 3143 1156 3198 auxilio
1208 3145 1399 3200 lubens
1432 3149 1679 3216 privatus
1724 3168 1867 3219 sum,
1897 3170 2023 3211 cum

453 3227 582 3279 illud
614 3230 848 3296 primum
884 3232 1065 3287 animo
1094 3246 1426 3304 reputarem,
1456 3255 1797 3313 quacunque
1820 3246 2026 3303 theolo-

451 3333 721 3388 gumeuon
745 3322 1004 3378 librorum
1026 3327 1246 3382 oracula
1265 3343 1503 3385 errorem
1524 3331 1839 3404 Mahometi,
1861 3354 2028 3408 quan-

452 3422 539 3464 tus
556 3420 660 3476 est,
687 3413 820 3467 nihil
843 3415 947 3469 uisi
974 3432 1181 3473 merum
1215 3435 1457 3475 errorem
1484 3439 1607 3480 esse
1628 3410 1887 3498 arguant,
1910 3432 2025 3488 hac

450 3500 518 3551 ab
539 3498 628 3564 iis,
662 3502 754 3569 qui
780 3512 972 3559 contra
1010 3504 1175 3560 istum
1207 3509 1567 3580 scripserunt,
1596 3516 1771 3586 etiam
1803 3519 2025 3581 iuventa

448 3604 594 3653 esse,
632 3601 685 3646 et
715 3591 1006 3663 disposita,
1041 3606 1095 3651 et
1120 3601 1489 3658 ornatissimis
1518 3605 1701 3661 verbis
1739 3622 2022 3680 expressa.

449 3684 674 3750 Deinde,
706 3688 957 3757 quamvis
992 3690 1134 3746 inter
1157 3709 1349 3751 omnes
1381 3699 1558 3754 atatis
1584 3701 1872 3773 gentisque
1910 3722 2025 3765 sua

451 3777 701 3834 homines
731 3796 961 3851 magnus
983 3793 1126 3839 esset
1146 3797 1200 3841 et
1233 3788 1528 3846 haberetur
1555 3809 1723 3851 senex
1746 3798 1856 3863 ille,
1877 3802 2021 3869 quod

449 3866 665 3936 quidem
704 3871 770 3924 ad
806 3872 1060 3935 liberales
1087 3876 1409 3948 disciplinas
1443 3885 1657 3951 attinet,
1696 3899 1747 3945 et
1795 3890 1863 3945 ad
1894 3866 2019 3971 eam

449 3977 570 4029 qua
614 3964 758 4033 apud
791 3964 943 4036 ipsos
973 3968 1116 4040 viget
1150 3974 1501 4044 sapientiam,
1537 3980 1803 4045 barbarus
1837 3964 2019 4039 tamen

445 4064 565 4108 erat
595 4073 609 4110 :
638 4056 867 4115 barbara
895 4077 1114 4133 quoque
1140 4082 1273 4135 gens
1300 4069 1418 4140 ejus
1437 4078 1491 4125 et
1517 4072 1705 4139 dictio.
1737 4072 2023 4141 Quamob-

447 4161 582 4207 rem,
632 4157 689 4202 ut
731 4150 963 4207 debebat
992 4156 1263 4225 accidere,
1300 4176 1407 4215 non
1441 4177 1559 4216 eam
1591 4172 1825 4220 mentem
1853 4167 2019 4222 habe-

446 4236 559 4301 bat,
589 4252 712 4307 qua
742 4242 915 4297 sacris
944 4243 1149 4313 litteris,
1182 4249 1558 4306 absconditam
1599 4254 1910 4325 divinaeque
1933 4257 2019 4310 in-

448 4328 757 4396 telligentia
788 4337 1208 4392 convenientem
1265 4344 1595 4396 sententiam
1649 4356 1793 4400 recte
1835 4354 2019 4415 posset

445 4420 701 4489 assequi:
743 4422 926 4492 itaque
960 4442 1068 4479 non
1102 4437 1161 4482 ut
1205 4434 1515 4499 oportebat,
1561 4435 1654 4489 sed
1699 4445 1757 4490 ut
1791 4452 1855 4492 ea
1896 4455 2018 4509 qua
2050 4446 2095 4501 υ

445 4510 790 4580 dicebantur,
829 4515 1129 4588 intelligere
1153 4530 1383 4589 poterat,
1426 4524 1807 4584 disseruimus.
1845 4529 2019 4588 Erant

442 4599 606 4654 etiam
637 4602 974 4671 interpretes,
1010 4610 1103 4677 qui
1130 4626 1411 4669 sermones
1434 4625 1649 4671 nostros
1673 4619 1817 4675 ultro
1844 4623 2017 4678 citro-

445 4706 555 4759 que
594 4696 1025 4754 transmitterent
1050 4717 1064 4753 :
1088 4717 1210 4772 qua
1230 4719 1318 4760 res
1346 4707 1546 4763 volenti
1576 4709 1709 4765 mihi
1745 4727 1886 4784 sape
1915 4716 2018 4797 ali—

444 4786 575 4855 quid
602 4802 713 4843 non
737 4790 959 4844 omnino
981 4801 1255 4850 terrenum
1282 4813 1460 4869 neque
1481 4802 1776 4871 abjectum,
1795 4808 1887 4862 sed
1914 4786 2015 4862 no-

445 4878 607 4933 bilius
632 4889 683 4933 et
718 4881 1009 4939 sublimius
1036 4885 1219 4957 eloqui
1251 4888 1398 4959 (nam
1422 4906 1543 4961 qua
1566 4892 1893 4952 venerantes
1921 4915 2013 4954 co-

440 4970 626 5037 limus,
658 4989 718 5025 ca
749 4977 1238 5052 suntbujusmodi)
1267 4982 1489 5039 obstare
1511 4986 1713 5057 ubique
1735 4999 1787 5042 et
1810 4989 2004 5046 adver-

437 5064 544 5118 sari
578 5065 862 5122 videbatur
891 5088 907 5124 :
934 5072 1377 5144 quandoquidem
1404 5078 1486 5134 bis
1517 5088 1573 5134 et
1596 5088 1681 5135 ter
1703 5082 1896 5138 eadem
1927 5085 2010 5139 di-

438 5170 561 5211 cere
591 5151 898 5227 oportebat,
932 5172 991 5217 ut
1029 5165 1305 5222 intellectu
1349 5169 1595 5225 faciliora
1631 5174 1839 5230 tierent.
1872 5175 2009 5231 Pru-

439 5258 618 5316 pterea
650 5249 704 5306 in
741 5255 948 5319 multis,
980 5258 1069 5312 ubi
1107 5275 1385 5319 sacrarunt
1422 5264 1839 5335 Scripturarum
1867 5285 2008 5339 opus

438 5352 555 5398 erat
598 5346 865 5414 subsidio,
908 5360 1133 5409 coactus
1187 5372 1307 5411 sum
1342 5357 1546 5424 nudus,
1582 5370 1643 5415 ut
1679 5362 1750 5416 ita
1782 5364 1995 5433 loquar,

505 5553 582 5622 (Ι)
620 5555 829 5610 "outer.
863 5559 1011 5615 Iliad.
1046 5565 1113 5618 Α.
1146 5565 1270 5620 157.

619 5624 1011 5704 qo_d._Coislin,
1041 5633 1342 5704 θεομισείς.

502 5693 580 5761 ('5)
622 5697 878 5755 Alludere
918 5693 1150 5758 videtur'
1170 5708 1237 5761 ad
1292 5693 1402 5765 tres
1429 5712 1564 5777 :illas
1607 5718 1819 5783 priores
1871 5717 1998 5775 Elo-

2152 491 2399 559 ἠχήεσσα
2427 493 2529 563 (1),
2558 496 2695 565 ἡμῖν
2724 513 2788 565 γε
2813 496 3058 551 διῖστῶσι
3091 499 3163 553 τὰ
3190 498 3442 571 σώματα,
3475 502 3592 556 ἀλλ’
3628 505 3728 576 οὐχ

2152 577 2242 635 οἶά
2269 599 2329 636 τε
2368 587 2531 639 ταυτὶ
2566 588 2703 642 κάπὶ
2750 589 2848 659 τῆς
2893 590 3129 662 ἀληθοῦς
3177 592 3534 664 φιλαδελφίας
3569 595 3730 651 τοῦτο

2152 673 2399 741 ποιῆσαι·
2432 676 2739 735 ἀκάθεκτον
2765 681 2875 749 γὰρ
2900 680 3040 753 αὕτη
3069 684 3260 755 χρῆμα
3288 684 3535 756 πέφυκεν
3562 683 3724 742 εἶναι.

2156 764 2325 820 Ὅθεν
2352 768 2616 839 βούλομαί
2651 788 2711 825 σε
2741 774 2837 827 καὶ
2866 775 3074 845 ταύτης
3102 772 3199 848 τῆς
3231 777 3414 849 θοίνης
3444 782 3577 850 ἡμῖν
3610 797 3729 835 κοι-

2151 862 2357 927 νωνετν,
2471 865 2501 917 ό
2545 866 2647 934 μὲν
2697 868 2879 938 γέρων
2913 868 3183 943 λαμπρῶς
3234 874 3431 939 εἱστία,
3464 876 3629 946 ἡμεῖς
3666 872 3726 931 δὲ

2148 944 2292 1020 ἦμεν
2317 952 2365 1004 οἱ
2392 954 2735 1026 δαιτυμόνες.
2775 954 3077 1035 Ἀϐροτὲρα
3105 965 3212 1036 γάρ
3239 982 3321 1020 σοι
3351 944 3515 1037 τυχὸν
3536 971 3724 1037 φανεῖ-

2147 1059 2262 1109 ται,
2286 1038 2355 1116 ἦς
2383 1046 2647 1111 πολλάκις
2680 1051 2950 1125 ἑστιάτωρ
2990 1058 3129 1126 ἡμῖν
3158 1059 3186 1110 δ
3220 1060 3548 1129 σεμνότατος
3578 1064 3724 1119 ἐκεῖ-ι

2149 1154 2238 1203 νος
2259 1140 2556 1211 Σατράπης
2580 1144 2676 1198 καὶ
2695 1147 3159 1217 ἐπιτριπτότατος
3186 1152 3405 1219 γέγονε,
3429 1155 3723 1224 τερατείαν

2147 1233 2269 1297 τινὰ
2294 1233 2655 1305 διηγούμενος
2681 1242 2741 1293 έν
2762 1240 3057 1314 ὀνειράτων
3084 1245 3389 1316 πλάσματι,
3416 1248 3511 1309 καὶ
3542 1249 3724 1320 άρπα-

2148 1322 2253 1394 γὴν
2309 1327 2456 1397 αὐτῷ
2518 1332 2861 1401 πρέπουσαν,
2929 1339 3025 1391 καὶ
3083 1339 3415 1408 παράδεισον
3477 1343 3721 1413 γέμοντα

2148 1414 2331 1471 κυνῶν
2358 1420 2452 1474 καὶ
2481 1422 2663 1490 κορῶν
2691 1425 2959 1498 ἀπείρων,
2987 1429 3203 1495 κλάδοις
3234 1432 3469 1505 δένδρων
3503 1435 3721 1508 ἑφιδρυ-

2149 1503 2347 1571 μένων,
2377 1508 2470 1562 καὶ
2496 1510 2667 1581 ᾄλλης
2699 1514 2973 1587 φλυαρίας
3007 1522 3247 1589 μακρᾶς.
3282 1503 3445 1592 Ταήμὰ
3471 1524 3528 1579 δὲ
3546 1503 3718 1579 πάλιν

2145 1593 2443 1663 ἀναγκαῖον
2475 1600 2652 1658 είπείν
2688 1603 2835 1660 δυοῖν
2876 1607 3062 1664 ἕνεκα.
3101 1612 3324 1682 Πρῶτον
3356 1614 3456 1684 μὲν
3480 1614 3590 1687 γάρ
3617 1617 3719 1670 οὐκ

2144 1685 2439 1743 ἀκόλουθον
2478 1693 2603 1750 οὒδὶ
2649 1694 2827 1767 θέμις,
2866 1700 3116 1773 διάλογόν
3164 1722 3288 1760 τινα
3319 1685 3605 1777 γίγνεσθαι
3638 1709 3715 1780 μὴ

3493 1802 3714 1874 έχοντα.

2146 1870 2359 1927 Ἐπειτ’
2394 1875 2524 1941 ἴσως
2557 1879 2653 1933 καί
2682 1882 2733 1935 τί
2766 1896 2869 1937 που
2917 1888 3192 1961 χρήσιμον
3225 1893 3285 1945 ιν
3330 1870 3716 1968 αὑτοῑςνήεῦρε-

2142 1963 2369 2034 θήσεται
2399 1972 2512 2034 τοῖς
2543 1974 2609 2027 ἐκ
2634 1975 2729 2030 τοῦ
2759 1982 3056 2052 προχείρου
3095 1985 3448 2058 βουλομένοις
3477 1963 3715 2061 ἀποκρί-

2139 2058 2327 2113 νεσθαι
2357 2064 2488 2133 περὶ
2518 2066 2698 2137 τῇςέν
2732 2071 2864 2141 ἡμῖν
2893 2074 3130 2145 ἐλπίδος,
3160 2080 3384 2138 ἐπειδάν
3404 2100 3457 2137 τι
3487 2058 3716 2156 ληροδν-

2138 2164 2231 2213 τες
2255 2151 2431 2225 ταύτῃ
2466 2159 2822 2230 προφέρωσιν
2851 2166 2901 2220 ot
2935 2166 3214 2239 οεομίσεις
3238 2172 3344 2244 (2).
3379 2151 3620 2241 Ἐκεῖνός
3651 2194 3712 2231 τι

2138 2244 2248 2326 γὰρ
2280 2247 2464 2301 πᾶσαν
2506 2249 2606 2322 τὴν
2653 2255 2935 2327 φαρέτραν
2972 2260 3235 2330 ἐκένωσε,
3264 2264 3395 2338 βέλη
3444 2270 3612 2340 συχνὰ
3645 2273 3713 2327 ἐκ

2137 2338 2237 2406 τῆς
2263 2336 2615 2417 βαρϐαρικῆς
2643 2348 2829 2419 χειρὸς
2857 2350 3062 2423 ἁφηιειίςο
3090 2353 3223 2419 Θεός
3248 2375 3308 2415 τε
3334 2336 3714 2433 ταῦτα-κοῦφα

2136 2428 2338 2489 τελέως
2366 2432 2668 2503 ἀπέφηνενο
2702 2439 2765 2505 οὐ
2814 2440 2923 2512 μὴν
2952 2444 3022 2509 τὰ
3071 2444 3163 2501 ῐσα
3208 2446 3364 2521 ὤφθη
3400 2428 3707 2523 πεπονθώς,

2135 2520 2253 2575 ἀλλ’
2278 2524 2482 2598 ἐϐλήθη
2530 2527 2631 2599 μὲν
2660 2533 2773 2599 τοῖς
2806 2534 3113 2608 ἡμετέροις
3145 2540 3362 2611 βέλεσιν
3393 2546 3421 2599 ό
3461 2520 3708 2619 τοξότηςλ

2138 2612 2339 2685 ἐϐλήθη
2370 2615 2425 2670 δὲ
2457 2619 2551 2685 καὶ
2581 2623 2694 2687 τοῖς
2723 2622 2913 2691 αὐτοῦ,
2939 2623 2968 2679 ὃ
2993 2626 3058 2699 δὴ
3090 2629 3185 2683 καὶ
3209 2633 3535 2707 πικρότερον
3564 2612 3711 2694 εἶναι

2137 2705 2358 2775 πάντως
2384 2708 2550 2765 δοκεῖ’
2575 2712 2669 2766 καί
2697 2731 2781 2768 τοι
2805 2723 3105 2789 γραφικαῖς
3130 2723 3425 2797 ὲξηγήσεσι
3444 2705 3541 2784 καὶ
3569 2751 3714 2803 μαρι-

2135 2796 2347 2867 τυρίαις
2379 2800 2477 2871 οὺχ
2520 2800 2644 2867 ὅσον
2682 2805 2811 2878 ἐξῆν
2849 2825 2907 2862 τε
2954 2815 3051 2866 καὶ
3092 2796 3295 2887 ἐχρῆν,
3327 2796 3704 2892 ἐχρησάμεθα,

2135 2889 2251 2941 ἀλλ’
2286 2890 2412 2947 ὅσον
2447 2910 2506 2947 τε
2541 2898 2636 2950 καὶ
2672 2899 2759 2953 ὅτε
2789 2902 2962 2971 ,τοῦτο
3006 2906 3213 2971 ἐκεῖνος
3244 2910 3521 2972 ἐϐούλετο.
3555 2918 3706 2973 Ἔδει

2133 2980 2188 3033 δὲ
2234 2983 2392 3039 τοῦτο
2424 2987 2703 3059 προῦργου
2751 2997 3046 3052 ποιεῖσθαν
3080 3000 3198 3055 ἀλλ’
3232 3004 3376 3069 ἑκὼν
3412 3007 3706 3080 ἀφῄρημαι

2054 3106 2096 3163 C
2132 3073 2247 3168 Thv—
2264 3076 2477 3148 ἄμαχον
2511 3086 2739 3153 ταυτηνὶ
2786 3089 2881 3143 καὶ
2928 3091 3099 3163 καλὴν
3152 3073 3708 3168 συμμαχίαν.ηεκἐῖνο

2133 3165 2350 3267 πρῶτον
2385 3170 2734 3243 ἐνθυμηθεὶς,
2762 3179 2842 3243 ηὼς
2871 3182 2973 3237 ὅσα
3004 3185 3113 3239 τῶν
3141 3165 3581 3266 λογίων-έλέγχει
3606 3197 3707 3267 τὴν

2130 3253 2224 3307 τοῦ
2264 3254 2507 3329 Μωάμεθ
2564 3265 2778 3337 πλάνην
2834 3272 2967 3325 αὐτὸ
3029 3253 3703 3353 τοῦτο-πλάνηεθηοῦσαν,

2131 3344 2385 3417 εὕρηται,
2416 3352 2512 3405 καὶ
2535 3355 2821 3425 τέτακται,
2847 3364 2941 3415 καὶ
2964 3366 3315 3437 ἀπήγγελται
3340 3344 3419 3444 (ὃ)
3456 3344 3703 3448 κοσμίως,⁵

2129 3439 2242 3502 τοῖς
2267 3440 2389 3493 κατ’
2420 3443 2587 3498 αὐτοῦ
2619 3452 2981 3519 γεγραφόσιν.
3011 3457 3225 3513 Ἔπειθ’
3254 3439 3357 3530 ὅτι,
3391 3439 3593 3541 καίπερ
3624 3439 3704 3527 ὢν

2128 3534 2222 3587 καὶ
2248 3534 2605 3606 νομιζόμενος
2657 3543 2835 3617 μέγας
2864 3546 2892 3599 ὁ
2925 3546 3106 3618 γέρων
3149 3555 3208 3607 ὲν
3237 3558 3349 3619 τοίς
3381 3561 3501 3612 κατ’
3535 3534 3701 3617 αὑτὸν

2128 3624 2354 3693 ἅπασιν,
2390 3628 2492 3682 ὅσα
2522 3647 2585 3699 γε
2620 3634 2701 3697 εἰς
2730 3633 2922 3705 λόγους
2960 3641 3055 3694 καὶ
3087 3644 3281 3712 σοφίαν
3310 3647 3410 3718 τὴν
3444 3653 3565 3705 κατ’
3598 3654 3701 3707 αὖ·

2124 3719 2270 3782 τοὺς,
2303 3719 2582 3793 βάρϐαρος
2628 3726 2777 3797 ὅμως
2827 3726 2918 3802 ἦν’
2961 3733 3051 3787 ὅτε
3108 3739 3199 3790 και)⁵
3239 3740 3299 3792 τὸ
3344 3742 3501 3809 γένος
3549 3747 3702 3822 αθτῷ

2128 3804 2307 3876 ἅπαν,
2326 3814 2420 3866 καὶ
2452 3816 2485 3884 ἡ
2516 3820 2693 3888 φωνή.
2734 3822 2846 3875 Καὶ
2874 3819 3020 3895 εἶχεν
3051 3828 3118 3883 ἂν
3145 3804 3370 3893 είκότως
3406 3804 3493 3888 διά
3526 3804 3701 3894 ταξτα

2124 3900 2216 3952 τὸν
2255 3901 2373 3958 νοῦν
2414 3906 2514 3976 οὐχ
2538 3902 2657 3962 ὀἷον
2697 3912 2987 3981 ἐφικέσθαι
3023 3920 3207 3984 καλῶς
3249 3923 3514 3983 δύνασθαι
3561 3933 3700 4001 προς

2126 3992 2223 4053 τὴν
2262 3998 2726 4095 ὲγκεκρυμμένην
2775 4010 2889 4071 τοῖς
2930 4013 3226 4091 γράμμασι
3275 4019 3551 4095 θεοπρεπῆ
3582 3992 3702 4080 δέάξ

2125 4101 2295 4181 νοιαν·
2328 4087 2446 4181 ἕνθ’
2490 4083 2565 4143 ὧν
2597 4093 2694 4163 οὐχ
2726 4095 2803 4161 ὡς
2837 4088 3039 4170 ἐχρῆν,
3070 4083 3438 4177 διειλέγμεθα,
3476 4083 3595 4181 ἀλλ’
3620 4117 3699 4181 ὡς

2124 4167 2236 4237 οἷός
2264 4178 2310 4228 τ’
2340 4169 2408 4247 ἦν
2455 4180 2661 4244 ἐκεῖνος
2707 4167 2971 4255 δέχεσθαι
3003 4192 3072 4244 τὰ
3110 4167 3403 4270 λεγόμενα.
3583 4167 3696 4277 γάρ

2125 4264 2216 4317 καὶ
2236 4265 2496 4337 ἑρμηνεῖς
2514 4273 2647 4343 ἡμῖν
2666 4278 2790 4340 τοὺς
2810 4279 3005 4347 λόγους
3018 4264 3696 4365 διαπορθήμιῦοντεςῆσαν·

2124 4352 2152 4406 ὃ
2178 4356 2439 4423 πολλάκις
2471 4360 2786 4436 βουλομένῳ
2834 4388 2924 4440 μοι
2953 4373 3136 4443 λέγειν
3184 4352 3269 4449 μὴν
3297 4382 3473 4454 πάντη
3496 4352 3699 4454 ⁷γίξῖνον

2127 4448 2264 4517 μηδὲ
2284 4468 2467 4529 χαμερ
2478 4455 2594 4524 πὲς,
2621 4458 2757 4515 ἀλλὰ
2779 4464 3055 4529 γενναιότε
3065 4470 3156 4538 ρόν
3174 4488 3226 4524 τι
3248 4448 3350 4527 καὶ
3364 4448 3595 4547 ὑψηλότε
3606 4498 3700 4549 ρον

2116 4537 2363 4605 (τοιαῦτα
2402 4546 2512 4617 γὰρ
2534 4546 2570 4602 ἃ
2608 4554 3034 4628 πρεσϐεύομεν),
3059 4537 3312 4631 ἐμποδὼν
3346 4537 3694 4637 ὲφ-αίνετόῡτε

2119 4634 2370 4702 πανταχῆ
2399 4637 2495 4691 καὶ
2526 4643 2882 4707 προσίστατο·
2916 4650 3000 4713 δὶς
3029 4655 3139 4724 γὰρ
3164 4656 3272 4725 εδει
3296 4634 3397 4713 xuii
3424 4663 3544 4730 τρὶς
3570 4668 3698 4719 ταὺ-

2117 4723 2185 4774 τὰ
2205 4723 2280 4792 (4)
2301 4725 2502 4794 λέγειν,
2524 4730 2591 4785 ἵν’
2608 4733 2853 4804 εὔληπτα
2875 4723 3223 4808 γένοιτοξΔιᾶ
3235 4749 3298 4820 δὴ
3318 4723 3492 4807 ταῦτα
3510 4723 3567 4809 εν
3589 4760 3693 4813 οὐκ

2116 4812 2339 4913 eum“,
2358 4815 2438 4882 οἷς
2454 4822 2559 4875 ἔδει
2575 4825 2674 4895 τῆς
2696 4829 2803 4881 ἀπὸ
2818 4832 2918 4900 τῆς
2934 4838 3153 4905 γραφῆς
3171 4812 3510 4913 συμμαχίας,
3528 4850 3693 4913 αὖτδς

2114 4904 2288 4976 ψιλὸς,
2316 4910 2392 4974 ὡς
2424 4914 2622 4979 εἰπεῖν.
2648 4919 2745 4989 τῆς
2772 4922 2880 4975 ἀπὸ
2904 4904 3016 4978 τῶν
3041 4904 3439 5006 λογίων-ῥοπῆς
3468 4904 3562 4993 καὶ
3582 4904 3693 4996 τῶν

2114 5000 2321 5055 ἐκεῖθεν
2348 5006 2529 5059 ὃπλων
2561 5013 2956 5086 συμπλακῆναι
2980 5000 3365 5096 ἠνάγκασμαι,
3393 5000 3691 5103 *λογισμοῖς

2113 5088 2159 5143 δ’
2190 5094 2309 5147 ἀντὶ
2367 5099 2558 5152 τούτου
2618 5105 2715 5158 καὶ
2756 5110 3222 5183 παραδείγμασιν,
3252 5119 3327 5183 ὡς
3378 5122 3447 5174 τά
3494 5125 3687 5190 πολλὰ,

2114 5186 2353 5255 χρῆσθαι
2386 5191 2788 5265 διαλεγόμενος,
2834 5204 2930 5256 καὶ
2963 5207 3181 5270 τούτοις
3227 5214 3591 5284 καταλλήλοις
3622 5186 3688 5287 τῇ

2114 5279 2224 5332 τῶν
2252 5282 2561 5338 ἀκουόντων
2590 5290 2759 5359 ἰσχύϊ.
2788 5296 2996 5368 Πολλὴν
3032 5301 3130 5368 μὲν
3150 5298 3246 5357 οὖν
3278 5323 3369 5374 μοι
3402 5279 3561 5361 τοῦτο
3590 5279 3691 5379 τὴν

2110 5372 2318 5442 ζημῐαν
2342 5376 2737 5450 προύξένησεν,
2764 5385 2965 5455 ἢνεγκε
2995 5390 3041 5444 δ’
3065 5388 3162 5447 οὖν
3190 5413 3241 5449 τι
3272 5399 3366 5450 καὶ
3392 5401 3689 5470 χρήσιμον.

2117 5583 2351 5661 quentia
2380 5593 2596 5655 partes:
2622 5588 3018 5665 inventionem,
3038 5599 3472 5677 dispositionem,
3503 5608 3694 5665 elocu—

2115 5661 2341 5707 tionem.
3004 5661 3013 5665 ⁷
3114 5712 3117 5717 .

2182 5724 2259 5795 (4)
2290 5726 2459 5786 Codd.
2494 5732 2679 5800 ambo,
2710 5734 2907 5793 ταῦτα.
