4048 6224
282 241 383 308 133

1310 241 1587 303 DlALOG
1600 241 1696 302 US
1729 242 1889 302 CUM
1927 237 2482 302 ΜΟΗΑΜΕΤΛΝΟ.

3446 241 3546 307 134

276 354 505 408 Δύναιτο
537 354 646 423 γὰρ
692 352 759 407 ἄν
805 370 910 417 τις,
959 348 1134 424 οἶμαι,
1174 353 1375 426 ῥᾳδίως
1414 355 1727 425 μεμνῆσθαι
1762 357 1851 409 καὶ

1963 355 2311 410 oraculorum
2347 354 2552 410 aus-ilio
2575 363 2629 411 ct
2656 356 2845 422 armis,
2884 372 3006 427 quae
3041 358 3166 415 inde
3195 362 3404 416 assumi
3440 379 3536 433 po-

273 448 450 513 λόγων
484 445 709 500 ἐκείνων
744 447 976 517 ἄπειρος
1018 446 1114 513 ὣν,
1161 443 1240 510 οἷς
1289 463 1352 515 γε
1403 448 1538 517 πρὸς
1583 447 1851 517 ἀλλήλους

274 538 661 609 ἐχρησάμεθα,
691 539 787 593 καὶ
832 538 1074 610 χρῆσθαι
1119 540 1333 604 τούτοις
1380 539 1582 611 δεῆσαν
1621 540 1849 610 εὐχερὲ-

276 632 470 701 στερόν
514 649 576 685 τε
622 633 719 686 καλ⁸
761 633 1210 703 προχειρότερον,
1243 633 1277 703 ἢ
1316 635 1434 694 ταῖς
1481 632 1589 684 τῶν
1619 631 1854 701 Γραφῶν

275 726 592 796 ἐξηγήσεσι.
619 726 748 787 Τοῖς
775 726 883 796 γὰρ
911 727 1020 778 ἀπὸ
1048 726 1256 779 τούτων
1281 724 1478 786 τελέως
1507 724 1854 793 διαλέγεσθαι

277 818 519 881 θέλουσι,
545 817 628 870 δεῖ
663 818 763 886 μὲν
796 818 976 880 καλῶς
1013 819 1229 881 ὲκείνας
1263 817 1656 888 ὲξησκηκέναι,
1689 816 1767 869 δει
1798 816 1856 869 δὲ

276 911 494 978 φρενῶν
526 908 822 978 όξυτέρων,
851 911 931 962 δεῖ
964 909 1021 962 δὲ
1056 910 1234 982 ῥοπῆς
1259 909 1566 978 θειοτέρας,
1596 908 1632 962 ἃ.
1663 909 1854 962 συνελ-

277 1000 392 1051 θεῖν
423 1000 547 1052 κατ’
575 1000 708 1053 αὐτὸ
752 1000 1011 1070 χαλεπόν.
1046 999 1236 1054 Ταῦτα
1269 1000 1370 1070 μὲν
1406 1000 1522 1062 οὖν,
1549 995 1594 1055 ὦ
1623 999 1852 1071 φιλτάτη

277 1091 517 1159 κεφαλὴ,
543 1090 738 1161 ὥσπερ
769 1091 891 1144 τινὰ
935 1093 1178 1161 κρηπῖδα
1219 1090 1298 1161 τῷ
1340 1091 1487 1162 λόγῳ
1529 1093 1639 1145 δεῖν
1669 1091 1856 1163 ᾠήθην

279 1181 712 1250 προϋποθέσθαι,
743 1181 811 1233 ἵν’
843 1181 990 1252 ἔχοις
1025 1183 1154 1252 ῥᾷον
1187 1183 1287 1250 τὴν
1315 1181 1428 1234 τόθ’
1456 1180 1612 1252 ἡμῶν
1645 1182 1857 1252 συμϐᾶ-

277 1289 378 1324 σαν
409 1272 647 1338 διάλεξιν
685 1272 1070 1342 ὲκλαμὸἀνειν,
1104 1273 1226 1342 ἥτις
1256 1267 1359 1326 ὧδέ
1383 1290 1497 1335 πως
1533 1273 1709 1343 ἔσχεν.

1960 449 2212 512 tuissent,
2281 447 2596 516 conﬂigere,
2635 459 2800 522 atque
2856 452 3020 522 hujus
3072 462 3362 510 armaturae
3408 456 3532 512 loco

1960 540 2479 598 ratiocinationibus
2508 543 2564 597 in
2591 544 2954 614 colloquendo
2985 544 3310 614 plerumque
3347 547 3444 612 uti,
3472 559 3528 602 et

1959 634 2249 702 exemplis,
2281 635 2456 704 iisque
2486 635 2553 689 ad
2583 635 2920 692 audientium
2960 648 3183 709 captum
3219 653 3530 695 accommo-

1960 721 2123 778 datis.
2151 722 2203 778 ld
2238 723 2367 776 milii
2409 739 2663 794 magnum
2699 727 2920 796 quidem
2973 728 3258 796 damnum,
3292 730 3529 800 aliquam

1964 829 2093 870 vero
2124 816 2292 871 etiam
2345 818 2634 873 utilitatem
2685 819 2886 875 attulit.
2946 819 3396 893 Quandoquidem
3446 825 3534 878 vel

1965 907 2250 976 imperitus
2279 909 2551 979 quispiam
2580 909 2821 973 illorum,
2857 925 2996 980 quos
3027 911 3258 967 invicem
3292 917 3534 970 contuli-

1967 1011 2112 1061 mus,
2163 999 2483 1056 meminisse
2532 1001 2707 1068 possit
2763 1016 3110 1066 sermonum,
3151 1002 3354 1073 iisque,
3407 1019 3532 1059 cunt

1965 1089 2292 1158 oportuerit,
2315 1089 2532 1146 facilius
2564 1091 2981 1160 promptiusque
3008 1094 3110 1160 uti,
3137 1109 3296 1163 quant
3323 1110 3354 1150 e
3376 1110 3535 1150 sacra

1965 1179 2252 1250 Scriptura
2287 1184 2471 1253 petitis
2504 1183 2867 1255 argumentis.
2900 1185 3004 1250 Qui
3039 1188 3185 1242 enim
3227 1187 3443 1242 divinos
3473 1186 3539 1240 li-

1965 1275 2094 1330 bros
2135 1277 2192 1331 in
2235 1277 2554 1336 disserendo
2599 1287 2747 1334 recte
2793 1279 3054 1334 adhibere
3082 1279 3273 1344 velint,
3303 1279 3369 1334 iis
3408 1293 3534 1332 cum

273 1365 538 1431 przcclara
561 1364 777 1420 illorum
808 1365 1351 1431 exercitatione,tum
1378 1365 1647 1420 subtiliori
1673 1375 1853 1424 mente
1889 1378 1944 1423 et
1973 1369 2243 1424 diviniore
2275 1370 2590 1440 adiumento
2618 1382 2701 1428 est
2729 1387 2870 1442 opus
2905 1390 2920 1426 :
2953 1387 3074 1443 quae
3139 1379 3290 1427 certe
3321 1359 3532 1424 'omnia

273 1458 327 1510 in
361 1470 535 1510 unum
562 1465 616 1510 et
656 1455 798 1511 idem
827 1455 1042 1511 dimcile
1071 1466 1158 1511 est
1185 1455 1501 1511 convenire.
1536 1455 1740 1521 Habes,
1778 1457 1850 1510 mi
1891 1457 2094 1526 optime
2160 1459 2350 1526 frater,
2381 1474 2526 1529 ,q-ua:
2595 1460 2752 1530 quasi
2809 1461 3058 1528 quaedam
3103 1458 3289 1528 operis
3338 1457 3532 1512 funda-

273 1557 452 1601 menta
483 1548 868 1615 pmstruenda
898 1561 1018 1602 esse
1057 1546 1390 1613 existimavi,
1431 1558 1490 1602 ut
1516 1545 1720 1602 factum
1749 1556 1876 1604 tunc
1915 1549 2056 1606 inter
2084 1565 2185 1606 nos
2223 1551 2439 1608 facilius
2471 1553 2650 1624 possis
2687 1565 2998 1607 sermonem
3050 1550 3375 1620 intelligere,
3438 1560 3533 1618 qui

271 1638 370 1692 hoc
392 1637 511 1694 fere
535 1637 702 1693 modo
731 1651 790 1694 se
821 1637 1030 1707 habuit,

3385 1847 3513 1868 ..ι-η

1311 2016 1910 2109 DIALOGUS
2007 2016 2498 2122 PRIMUS.

1467 2211 1554 2272 De
1585 2208 1843 2288 Angelis
1875 2215 1936 2273 et
1971 2204 2338 2270 Animabus.

340 2547 414 2597 α’.
463 2538 783 2609 Ἐκαθήμην
819 2539 955 2608 μετὰ
990 2538 1205 2592 δεῖπνον
1239 2533 1378 2604 πρὸς
1419 2534 1483 2603 τῇ
1534 2531 1707 2603 πυρᾷ,
1759 2530 1851 2584 καὶ

2033 2533 2086 2587 l.
2121 2529 2390 2586 Sedebam“
2415 2529 2481 2584 ad
2513 2528 2693 2585 locum
2719 2535 2842 2599 post
2882 2542 3120 2594 cmnam,
3159 2526 3410 2597 idemque
3433 2541 3532 2598 pro

259 2632 468 2686 ταυτὸν
495 2633 525 2683 ὁ
570 2629 752 2697 γέρων
799 2627 1071 2688 εἰωθότως
1114 2624 1312 2689 ἐποίει,
1357 2622 1542 2686 ἄλλοις
1575 2622 1692 2692 ἅμα
1741 2620 1851 2674 τῶν

1959 2638 2112 2678 more
2155 2621 2388 2677 faciebat
2429 2636 2617 2684 senex,
2654 2635 2762 2675 una
2795 2636 2920 2676 cum
2966 2621 3090 2676 aliis
3117 2635 3183 2676 ex
3226 2629 3417 2676 nostro
3439 2636 3533 2674 eo.

256 2725 584 2795 ἡμετέρων,
613 2725 709 2776 κα)⁸
752 2723 868 2784 τοῖς
913 2719 1079 2774 αὐτοῦ
1113 2717 1325 2772 παισίν·
1356 2712 1499 2789 ἦσαν
1527 2716 1637 2784 γάρ
1677 2715 1726 2767 οἱ
1755 2713 1849 2767 δύο

1959 2715 2174 2777 mitatu,
2200 2724 2399 2769 etcum
2433 2712 2547 2769 suis
2573 2713 2734 2768 ﬁliis:
2759 2713 2811 2767 hi
2842 2721 3002 2769 erant
3024 2713 3155 2778 duo,
3193 2713 3414 2785 ingenio
3437 2729 3532 2768 sa-

261 2819 432 2881 υῐεῖς,
461 2815 556 2870 νοῦ
581 2832 641 2868 τε
676 2814 768 2881 καὶ
795 2813 989 2882 σοφίας
1023 2811 1374 2882 μετέχοντες,
1394 2809 1490 2862 καῖ⁹
1519 2808 1580 2860 οὐ
1616 2806 1849 2876 σμικρὸν

259 2910 448 2960 ἐνίοτε
499 2905 592 2958 τοῦ
642 2902 918 2974 πατρικοῦ
975 2899 1608 2970 συναντιλαμόανόμενοι
1664 2895 1847 2963 λόγου.

259 2999 385 3052 Καε
421 2999 512 3066 μοί
557 3014 724 3067 φησιν
751 2999 778 3048 ὁ
804 2994 1140 3065 πρεσϐύτης·
1171 2993 1235 3047 Εἰ
1270 2992 1343 3062 μὴ
1385 2989 1638 3061 μέλλοιμι
1677 2987 1852 3050 δόξειν

257 3092 521 3160 ἐπαχθὴς
558 3091 657 3162 (Ι),
684 3087 954 3158 δεήσομαι
987 3104 1080 3140 σου
1123 3084 1354 3138 ἀκούσαι
1403 3099 1530 3153 μου,
1565 3082 1656 3132 καὶ
1693 3078 1852 3146 λόγον

262 3182 627 3254 μεταδοῦναι,
679 3183 807 3249 περὶ
850 3174 926 3232 ὧν
967 3178 1032 3232 ἂν
1061 3178 1314 3247 ἐροίμην·
1360 3175 1558 3245 σχολὴν
1594 3171 1704 3242 γὰρ
1751 3171 1851 3241 ἤδη

259 3282 452 3346 ἄγεις.
490 3276 671 3345 Ἐφην
717 3273 762 3328 δ’
815 3272 946 3340 ἐγώ·
992 3269 1130 3323 Ἀλλ’
1165 3270 1213 3320 εἰ
1261 3267 1355 3320 καὶ
1407 3266 1483 3336 μὴ
1533 3262 1848 3333 ἐσχόλαζον,

259 3371 451 3440 ἡδέως
480 3370 544 3422 ἄν
579 3385 675 3420 σου
709 3365 1046 3431 ἀκούσαιμι,·
1077 3360 1340 3430 βούλομαι
1370 3359 1477 3429 γάρ
1517 3375 1596 3414 σοι
1625 3355 1851 3427 χαρίζε-

259 3463 421 3515 σθαι.
460 3461 569 3513 Καὶ
599 3458 657 3521 ὃς
690 3457 995 3528 ἀρξάμενος
1030 3454 1134 3524 ἔφη
1157 3465 1175 3484 ⁸

334 3550 410 3621 β’.
441 3551 628 3621 Ἕριος
675 3545 743 3620 ἦν
794 3564 887 3615 μοι
936 3547 1216 3616 διηνεκὴς,
1265 3544 1357 3597 τοῦ
1400 3542 1498 3614 τὴν
1547 3542 1674 3595 καθ’
1704 3542 1850 3612 ὑμᾶς

255 3643 533 3713 λατρείαν
563 3638 871 3703 διδάξοντός
913 3655 980 3706 με
1014 3637 1220 3706 τυχεῖν.
1249 3635 1358 3689 Καὶ
1387 3633 1735 3704 Χριστιανῶν
1771 3633 1848 3703 (2)

263 3739 374 3806 μὲν
406 3734 617 3786 οὐδέσιν
645 3724 984 3785 οὐδεπώποτ’
1007 3729 1277 3798 ἐνέτυχον,
1307 3725 1357 3779 οἳ
1383 3725 1547 3794 λόγου
1577 3742 1637 3778 τε
1671 3727 1850 3809 μετεῖ-

257 3847 388 3898 χον,
423 3825 520 3880 καὶ
558 3825 757 3894 πεῖραν
792 3822 1000 3891 ταύτης
1037 3821 1308 3889 τοσαύτην
1359 3814 1527 3889 εἶχον,
1557 3818 1700 3872 ὥστε
1755 3816 1848 3886 μοί

256 3893 316 3974 τι
348 3919 548 3984 σαφὲς,
580 3893 674 3969 καῖ
704 3911 818 3970 οἷον
844 3914 911 3969 ἂν
946 3915 1263 3984 βουλοίμην,
1297 3911 1560 3965 δύνασθαι
1591 3911 1845 3980 φράζειν.
1879 3893 1922 3950 c

259 4009 504 4082 Περσῶν
561 4008 640 4073 δὲ,
686 4010 782 4060 καὶ
820 4007 1094 4076 ⁹Δριᾶιὸων,
1144 4010 1238 4058 καὶ
1286 4004 1569 4073 Τούρκων,
1605 4001 1654 4055 οἱ
1695 4001 1848 4070 παρὰ

255 4105 375 4155 τῶν
401 4100 710 4169 ὑμετέρων,
733 4098 806 4160 ὼς
829 4098 1040 4166 ἔλεγον,
1059 4097 1414 4168 ἐδιδάχθησαν
1437 4095 1474 4149 ἃ
1492 4092 1844 4165 πρεσσεύετε,

258 4191 488 4245 πολλῶν
542 4189 717 4243 πολλὰ
765 4187 1032 4255 λεγόντων
1079 4188 1313 4257 ἀκήκοα·
1350 4182 1430 4248 οἷς
1464 4186 1524 4237 ού
1572 4184 1716 4238 πάνυ
1764 4199 1845 4236 τοι

257 4280 550 4336 πιστεύειν
574 4275 784 4349 ἡξίουνλ
806 4281 970 4332 τοῦτο
1005 4279 1126 4348 μὲν,
1152 4279 1225 4341 ὡς
1261 4279 1508 4340 ἐναντίας
1533 4271 1690 4330 οὖσιν
1717 4275 1848 4345 ὑμῖν

259 4376 596 4448 θρησκείας,
646 4373 806 4427 τοῦτο
833 4374 878 4426 δ’
913 4373 990 4435 ὡς
1033 4372 1388 4441 διαφωνοῦσι,
1423 4372 1519 4425 καὶ
1555 4369 1632 4440 μὴ
1673 4368 1846 4422 ταυτά

261 4471 544 4536 λέγουσιν.
581 4465 778 4528 Ἀλλος
806 4464 915 4536 γὰρ
943 4465 1072 4518 ἄλλο
1097 4481 1151 4517 τι
1177 4463 1306 4535 περὶ
1339 4462 1434 4516 τοῦ
1465 4463 1636 4515 αὑτοῦ
1665 4464 1846 4532 πράγ-

267 4577 443 4629 ματος
470 4558 773 4627 ἀκηκοέναι
807 4555 1192 4626 διῖσχυρίζετο·
1228 4557 1430 4617 πάντες
1463 4556 1522 4611 δὲ
1558 4554 1845 4606 παντάπα-

266 4671 352 4704 σιν
412 4651 667 4719 ἀλλήλοις
723 4647 1020 4718 ἀσύμϐατα
1075 4649 1282 4716 ἔλεγον.
1318 4647 1494 4698 ’Ἀλλ’
1551 4645 1652 4716 ἠδη
1705 4645 1842 4717 τύχῃ

262 4743 452 4812 ἀγαθῇ
495 4741 743 4794 τοιούτου
790 4738 946 4806 ξένου
989 4757 1082 4793 σου
1129 4737 1333 4809 τυχὼν,
1370 4739 1578 4806 σφόδρα
1623 4736 1846 4798 εὗελπίς

263 4839 411 4903 ειμι,
459 4833 553 4885 νῦν
607 4830 741 4900 γοῦν
792 4831 1004 4882 ἐκείνου
1059 4830 1371 4894 τεύξεσθαι,
1426 4821 1602 4898 οὗπερ
1635 4826 1845 4881 ἄνωθεν

259 4931 443 4998 ἥρων.
471 4927 637 4980 Ὅθεν
681 4925 768 4996 δη
798 4925 895 4977 καὶ
944 4924 1136 4994 δέομαί
1187 4941 1281 4976 σου
1335 4924 1410 4993 μὴ
1459 4924 1559 4992 τῆς
1604 4921 1845 4991 ἐφέσεως

261 5020 565 5091 ἁμαρτεῖν,
604 5017 742 5088 μηδὲ
782 5015 893 5070 τῶν
925 5017 1158 5068 ἐλπίδων
1206 5015 1536 5085 ψευσθῆναι,
1571 5015 1709 5067 ἀλλὰ
1741 5031 1843 5067 κατ

1956 2807 2273 2878 pientiaque
2319 2807 2558 2877 praediti,
2597 2821 2701 2860 nec
2754 2821 2947 2875 parum
2994 2807 3287 2876 aliquando
3323 2822 3534 2862 sermo-

1957 2914 2080 2954 nem
2109 2899 2281 2966 patris
2310 2896 2662 2966 adiuvabant.
2695 2895 2834 2950 Tum
2883 2911 3072 2964 senex,
3117 2898 3230 2953 Nisi
3263 2898 3530 2952 molestus

1957 3004 2077 3045 esse
2106 2991 2314 3053 videar,
2338 2990 2537 3059 inquit,
2569 2998 2619 3043 te
2652 2990 2854 3057 rogabo
2886 2999 2944 3043 ut
2972 3005 3059 3043 me
3089 2991 3300 3058 audias,
3321 3005 3528 3044 sermo-

1957 3097 2196 3150 nemque
2230 3081 2297 3137 de
2321 3081 2524 3151 quibus
2563 3081 2908 3152 lnterrogaro
2947 3082 3296 3152 impertiare:
3329 3093 3524 3138 nactus

1955 3176 2099 3230 enim
2126 3184 2177 3228 te
2195 3188 2314 3228 sum
2343 3174 2603 3229 otiosum.
2631 3173 3080 3243 Atego,Etiamsi
3110 3190 3273 3243 quam
3301 3176 3546 3230 minime-

1955 3269 2164 3322 otiosus
2181 3280 2382 3328 essem,
2408 3265 2653 3333 inquam,
2674 3272 2854 3319 tamen
2881 3265 3134 3319 lubenter
3161 3275 3210 3320 te
3236 3265 3484 3320 audirem
3511 3284 3524 3319 :

1957 3373 2057 3414 ncc
2080 3358 2380 3429 quidquam
2421 3365 2633 3411 tantum
2664 3357 2850 3427 cupio,
2877 3372 3040 3427 quam
3078 3357 3172 3412 tibi
3204 3359 3526 3430 gratilicari.

1955 3449 2110 3506 Tunc
2135 3450 2316 3505 dicere
2356 3463 2585 3504 exorsus
2615 3459 2700 3504 est
2735 3467 2748 3502 :

2023 3542 2080 3597 2.
2117 3541 2364 3611 Semper,
2401 3542 2596 3611 inquit,
2631 3555 2731 3610 ego
2775 3541 2978 3611 optavi,
3015 3549 3072 3595 ut
3107 3542 3161 3596 in
3215 3558 3386 3609 unum
3428 3545 3530 3600 ali-

1953 3653 2114 3708 quem
2143 3636 2574 3704 inciderem,qui
2599 3645 2831 3689 vestram
2871 3650 2956 3690 me
2986 3635 3304 3707 religionem
3335 3639 3530 3695 edoce-

1953 3736 2056 3782 ret.
2099 3726 2310 3784 Etenim
2345 3743 2374 3782 e
2405 3726 3009 3796 Christianis'quidem
3061 3719 3522 3802 nullos-unquam

1955 3819 2156 3890 reperi,
2190 3820 2283 3888 qui
2308 3827 2522 3874 tantum
2556 3819 2780 3890 ingenii,
2821 3829 3138 3894 tantamque
3172 3841 3286 3881 suae
3311 3828 3530 3896 religio-

1953 3912 2041 3966 nis
2068 3911 2314 3980 peritiam
2353 3912 2635 3977 haberent,
2689 3922 2747 3966 ut
2785 3912 2849 3967 de
2891 3913 2981 3968 illa
3015 3915 3150 3969 mihi
3183 3917 3391 3972 clarum
3425 3921 3520 3973 ali-

1951 4003 2104 4073 quid,
2130 4004 2292 4073 quale
2311 4003 2721 4074 vellem,eloqui
2748 4014 2993 4074 possent.
3011 4005 3174 4061 Plura
3200 4024 3329 4064 vero
3355 4024 3384 4064 e
3404 4011 3525 4080 plu-

1953 4095 2105 4150 ribus
2122 4096 2328 4159 Persis,
2356 4097 2650 4159 Arabibus,
2677 4097 2983 4166 Turcisque
3003 4100 3208 4164 audivi,
3231 4101 3325 4170 qui
3349 4118 3379 4156 a
3403 4119 3526 4159 ves-

1952 4189 2073 4252 tris,
2094 4198 2151 4242 ut
2181 4188 2421 4250 aiebant,
2452 4187 2730 4257 religionis
2763 4198 2961 4244 vestra}
3001 4190 3180 4260 capita
3211 4191 3524 4263 placitaque

1948 4281 2125 4336 edocti
2149 4279 2398 4334 fuerant:
2421 4278 2621 4349 quibus
2643 4287 2825 4335 tamen
2855 4296 2960 4335 non
2993 4282 3154 4352 plane
3177 4283 3401 4339 credere
3429 4301 3523 4342 vo-

1949 4374 2127 4429 lebam
2153 4391 2166 4427 :
2190 4382 2304 4428 tum
2339 4371 2469 4441 quia
2503 4373 2833 4426 contrariam
2855 4385 3055 4430 vestrae
3087 4376 3400 4448 religionem
3429 4394 3523 4433 co-

1949 4466 2089 4532 lunt,
2131 4475 2243 4519 tum
2272 4464 2400 4532 quia
2427 4464 2568 4518 inter
2603 4478 2662 4518 se
2686 4463 3043 4532 dissentiunt,
3072 4482 3172 4522 nec
3204 4469 3392 4523 eadem
3431 4471 3521 4525 di-

1948 4563 2101 4610 cunt.
2137 4549 2272 4607 Nam
2306 4553 2448 4606 alius
2473 4552 2619 4607 aliud
2638 4555 2824 4609 eadem
2853 4555 2920 4609 de
2947 4572 3004 4611 re
3038 4558 3258 4612 audisse
3291 4575 3350 4614 se
3379 4560 3522 4614 amr-

1947 4653 2164 4704 mabat:
2195 4661 2388 4700 omnes
2417 4656 2598 4700 autem
2630 4661 2692 4700 ca
2723 4646 3005 4717 dicebant,
3034 4664 3153 4719 quae
3186 4651 3326 4705 inter
3349 4667 3407 4706 se
3432 4653 3520 4707 in-

1947 4743 2118 4795 vicem
2142 4740 2370 4794 omnino
2392 4739 2670 4794 cohaerere
2695 4755 2803 4794 non
2825 4751 3069 4816 possent.
3092 4743 3198 4810 Sed
3219 4742 3519 4815 jam,quod

1951 4833 2075 4887 felix
2104 4832 2458 4901 faustumque
2483 4834 2575 4893 sit,
2596 4832 2756 4886 talem
2785 4841 2835 4888 te
2859 4833 3129 4903 hospitem
3154 4845 3348 4890 nactus
3370 4838 3522 4893 valde
3614 4860 3622 4863 -

1948 4939 2108 4994 spem
2143 4924 2283 4989 fore,
2314 4924 2674 4996 ut‘quodhjam
2705 4925 2911 4994 pridem
2940 4927 3340 4994 desiderabam,
3372 4945 3518 4985 nunc

1948 5028 2095 5070 certe
2155 5030 2480 5082 consequar.
2517 5015 2668 5070 Unde
2728 5017 2980 5084 obsecro,
3032 5029 3090 5072 ut
3136 5024 3246 5075 voti
3297 5037 3520 5093 compos
3565 5010 3569 5014 ί

259 5113 453 5186 θαρῶς
486 5109 716 5163 ἀκοῦσαι
767 5109 919 5181 παρὰ
961 5109 1054 5162 σού
1102 5108 1264 5163 πάνθ’
1296 5109 1330 5162 ἃ
1378 5111 1650 5180 φρονεῖεεο
1683 5107 1841 5178 κάγὼ

1955 5107 2095 5170 ﬁam,
2129 5120 2306 5174 neque
2338 5120 2453 5159 mea
2496 5120 2580 5160 me
2620 5121 2744 5176 spes
2763 5107 2934 5170 fallat.
2959 5111 3055 5166 sed
3089 5121 3142 5165 ct
3168 5129 3288 5182 quae
3313 5114 3520 5169 sentia-

255 5209 316 5259 δὲ
351 5205 667 5275 βουλομένῳ
699 5221 782 5257 σοι
809 5203 968 5258 πάντ’
993 5203 1100 5271 ἐρῶ
1125 5203 1194 5256 τὰ
1215 5203 1486 5274 ἡμέτερα,
1512 5201 1548 5256 ἂ
1579 5203 1721 5256 δοκῶ
1751 5221 1841 5272 μοι

1955 5199 2039 5258 tis,
2073 5211 2103 5250 a
2132 5206 2182 5252 te
2233 5197 2456 5252 omnino
2485 5198 2691 5269 liquido
2722 5202 2938 5256 audiam
2967 5220 2981 5257 :
3014 5205 3146 5273 quin
3183 5220 3285 5277 ego
3325 5207 3441 5273 tibi,
3470 5209 3518 5263 si

236 5297 447 5366 ¹καλῶς
482 5297 706 5352 εἰδέναι.
749 5294 1056 5366 Ἐνδέχεται
1101 5295 1157 5350 δέ
1207 5312 1292 5346 σοι
1336 5295 1527 5364 μισθὸν
1579 5293 1835 5363 γενέσθαι

1955 5288 2166 5358 quidem
2205 5289 2358 5356 velis,
2391 5292 2571 5343 omnia
2614 5303 2801 5348 nostra
2849 5295 3093 5364 eloquar,
3135 5312 3257 5366 quae
3292 5297 3518 5368 pulcbne

256 5388 373 5439 τῶν
409 5387 615 5447 πόνων,
644 5378 756 5438 οἷον
787 5384 854 5436 ἂν
885 5383 1047 5445 αὐτὸς
1074 5381 1280 5447 εὔξαιο.
1308 5382 1368 5433 El
1397 5381 1506 5450 γὰρ
1541 5380 1602 5449 δὴ
1634 5380 1704 5432 τὰ
1733 5398 1839 5432 πα-

1955 5381 2080 5435 mihi
2107 5381 2293 5434 videor
2328 5382 2490 5436 scire.
2528 5381 2593 5436 Et
2623 5395 2802 5453 potest
2832 5385 2973 5452 ﬁeri,
3027 5396 3087 5442 ut
3128 5403 3292 5457 quam
3328 5388 3516 5458 utique

261 5479 340 5546 ρὰ
383 5475 481 5530 σοῦ
529 5476 911 5547 λεχθησόμενα
957 5475 1218 5544 ἀληθείας
1277 5473 1512 5544 ἐχόμενα
1563 5473 1837 5541 φανεῖται,

1955 5481 2188 5542 optares,
2216 5486 2334 5527 eam
2372 5473 2576 5552 laboris
2622 5476 2700 5530 tui
2735 5477 3041 5535 mercedem
3081 5478 3249 5537 feras.
3283 5479 3341 5537 Si
3367 5484 3514 5538 enim

347 5661 423 5731 (l)
451 5659 589 5716 Cod.
615 5659 781 5717 Cuisl.
815 5659 1099 5732 ὶπαχϐεἱς.

2023 5663 2100 5734 (⁸2)
2143 5658 2279 5715 Cod.
2316 5658 2480 5717 Coisl.
2512 5663 2878 5733 Χριστιανοῖς.
