4014 6214
485 236 594 301 135

1619 228 2022 296 MANUELIS
2062 236 2508 302 PALIEOLOGI

3640 252 3741 320 136

474 368 595 422 qua!
620 367 650 406 a
675 360 727 406 te
761 352 905 406 dleta
937 349 1161 414 fuerint,
1186 348 1417 404 veritate
1443 347 1542 404 niti
1580 350 1930 411 videbuntur,
1960 365 2055 402 nc-

2168 355 2377 424 ‘zvci7x'q
2418 356 2592 425 δήπου
2636 357 2788 426 τάμά
2833 360 3012 425 άλλως
3063 360 3257 432 ἔχοντα
3303 364 3475 432 δόξαι.
3509 365 3620 424 Καὶ
3658 376 3741 425 τίς

474 460 631 500 etesse
667 446 913 514 profecto
953 455 1061 508 est,
1094 453 1150 496 ut
1183 443 1343 496 aliter
1367 458 1431 497 se
1477 440 1675 495 habere
1708 456 1737 495 a
1775 457 1861 496 me
1908 442 2053 495 dicta

476 546 797 605 appareant.
825 535 943 589 Jam
976 550 1106 589 vero
1139 534 1263 604 quis
1294 534 1369 587 ita
1419 532 1649 586 demens
1681 543 1786 597 est,
1822 541 1879 587 ut
1909 532 2054 600 quod

479 642 586 681 non
638 637 722 681 est
769 640 961 680 verum
999 642 1130 679 vero
1170 624 1468 695 praeferat?
1502 621 1618 677 Hoc
1652 635 1833 676 autem
1866 637 2055 676 verum

476 734 600 773 esse
639 719 784 789 quod
818 719 956 785 dixi,
995 718 1087 771 illo
1119 726 1443 785 argumento
1476 716 1925 770 demonstratur:
1960 730 2059 768 no-

478 810 563 863 bis
590 809 743 865 nefas
774 820 858 864 est
889 825 1014 864 cum
1035 809 1365 864 Christianis
1386 808 1695 879 disputare,
1721 808 1815 877 qui
1844 823 2055 868 secum,

480 912 538 955 ut
574 903 751 966 aiunt,
786 903 1010 956 multam
1053 902 1416 971 persuadendi
1444 902 1551 955 vim
1589 901 1811 955 habent.
1844 902 1921 954 Ac
1948 897 2057 953 nisi

479 994 782 1046 acerrimus
828 1008 1006 1047 essent
1043 993 1291 1048 veritatis
1322 1002 1557 1054 amator,
1587 1006 1693 1046 non
1722 1006 1853 1045 sane
1884 991 2054 1060 legem

476 1082 626 1136 illam
660 1085 1015 1151 negligeretn,
1047 1100 1169 1151 qua:
1216 1084 1267 1137 id
1318 1085 1497 1140 facere
1543 1084 1818 1155 prohibet,
1856 1097 1956 1137 nec
1988 1081 2053 1135 ad

478 1180 691 1228 tantum
720 1185 999 1228 certamen
1029 1183 1231 1228 temere
1279 1174 1685 1246 suscipiendum
1720 1174 2058 1243 accingerer.

549 1265 603 1317 5.
639 1264 744 1317 Sed
781 1274 835 1317 tu
861 1264 1105 1331 quidem,
1154 1264 1404 1333 inquam,
1454 1280 1579 1317 cum
1633 1265 1711 1319 sis
1746 1272 2053 1317 vestrorum

475 1358 794 1423 dogmatutn
827 1357 1107 1423 magister,
1155 1371 1277 1425 qua:
1318 1355 1596 1425 polliceris
1637 1354 1844 1423 optime
1900 1361 2057 1422 potes

479 1447 708 1515 implere
732 1464 746 1501 :
782 1447 913 1499 mihi
946 1461 1075 1501 vero
1087 1455 1143 1500 et
1167 1461 1381 1500 mecum
1406 1444 1766 1500 militantibus
1785 1444 1889 1498 alia
1909 1459 2058 1513 quar-

2160 445 2336 509 οὕτως
2367 447 2615 517 ἀνόητος,
2648 448 2724 512 ὼς
2756 453 3101 523 προτιμῆσαι
3131 455 3400 525 τάληθοῦς
3441 459 3501 511 τὸ
3533 461 3608 531 μὴ
3631 480 3742 517 τοι-

2160 536 2355 603 οῦτον;
2385 539 2553 591 Τουτὶ
2585 541 2641 593 δὲ
2665 542 2844 611 δῆλον,
2871 544 3193 614 ἀποδειχθὲν
3219 548 3453 601 ἐκεῖᾶεν·
3479 551 3605 605 οὐδὲ
3633 555 3742 623 γὰρ

2162 630 2295 698 ἡμῖν
2359 629 2583 700 θεμιτὸν
2643 633 2999 702 Χριστιανοῖς
3052 637 3428 708 διαλέγεσθαι,
3492 642 3631 698 πολὺ
3684 646 3745 699 τὸ

2162 721 2372 774 πείθειν
2408 722 2592 792 ἔχουσι
2649 725 2767 795 μεθ*
2795 727 3030 795 ἑαυτῶν,
3076 727 3151 792 ὥς
3207 749 3363 798 φασι.
3402 735 3509 787 Καὶ
3560 737 3610 789 εἰ
3664 738 3742 808 μὴ

2162 812 2371 883 σφόῖρα
2418 810 2487 885 ἦν
2534 816 2700 880 αὐτὸς
2746 818 2848 888 τῆς
2896 820 3161 889 ἀληθείας
3208 824 3468 894 ἐραστὴς,
3520 828 3621 881 οῦκ
3678 831 3744 883 ἂν

2161 906 2429 974 ἠμέλουν,
2458 908 2568 962 οὐδ’
2595 908 2916 981 ὠλιγώρουν
2942 912 3036 966 τοῦ
3066 914 3223 968 τοῦτο
3240 917 3504 986 πράττειν
3534 920 3743 991 εἴργον-

2158 1014 2250 1060 τος
2279 1000 2472 1069 νόμου,
2496 1002 2618 1054 οὐδὲ
2651 1004 2789 1073 πρὸς
2815 1006 2909 1058 τὸν
2938 1005 3016 1077 (1)
3050 1008 3307 1073 τοσοῦτον
3340 1009 3530 1077 ἀγῶνα
3554 1014 3747 1083 τηνάλ-

2161 1092 2265 1157 λως
2294 1093 2361 1147 άν
2394 1095 2516 1149 ποτ’
2543 1096 2892 1168 άπεδυόμην.

2232 1269 2302 1332 γ’.
2346 1272 2506 1326 Ἀλλὰ
2535 1276 2599 1329 σὺ
2627 1276 2747 1342 μὲν,
2780 1277 2939 1348 ἔφην,
2963 1279 3282 1346 διδάσκαλος
3310 1278 3420 1338 τῶν
3444 1285 3567 1340 καθ’
3595 1286 3742 1358 ὑμᾶς

2161 1363 2454 1432 δογμάτων
2481 1366 2773 1436 τυγχάνεις
2808 1368 2909 1433 ὢν,
2946 1371 3038 1424 καὶ
3069 1372 3255 1426 δύναιο
3289 1377 3355 1428 ἂν
3386 1379 3569 1443 καλῶς
3598 1378 3744 1450 άπερ

2161 1453 2479 1528 ἔπαγγέλλῃ
2524 1457 2779 1512 τελέσαι·
2836 1460 3035 1530 ἔμοιγε
3088 1462 3145 1514 δὲ
3182 1457 3276 1518 καὶ
3323 1470 3435 1533 τοῖς
3466 1467 3591 1539 άρτι
3630 1472 3747 1541 μετ’

476 1539 600 1590 dam
634 1552 803 1605 genus
832 1537 954 1591 vitae
983 1537 1320 1605 praescribit:
1358 1545 1718 1606 quapropter,
1768 1534 2054 1605 siquidem

2168 1545 2298 1614 ἐμοῦ
2330 1550 2786 1619 στρατευομένοις
2820 1551 2933 1606 ἀλλ’
2964 1555 3102 1607 άττα
3131 1557 3164 1626 ὴ
3213 1558 3364 1622 τάξις
3412 1534 3749 1629 ἐπαγγέλλε-

477 1638 663 1683 nostra
686 1628 900 1682 discere
932 1628 1140 1693 studes,
1169 1628 1550 1697 ejusmodique
1568 1626 1749 1682 facere
1768 1626 2050 1696 quidpiam

2168 1654 2292 1690 ται·
2330 1638 2448 1693 ἀνθ’
2480 1634 2555 1693 ὧν
2602 1643 2900 1695 σπουδαῐόν
2930 1662 2987 1697 τε
3035 1640 3164 1699 δντα
3197 1646 3293 1702 καὶ
3338 1626 3581 1719 τηλίκον-
3606 1652 3662 1707 δέ
3693 1674 3747 1710 τι

476 1719 708 1788 cogitas,
733 1719 799 1773 ad
818 1733 914 1773 eos
936 1718 1116 1788 potius
1133 1720 1395 1774 accedere
1419 1729 1470 1774 te
1490 1719 1798 1789 Oportebat,
1826 1732 2059 1787 quorum

2168 1732 2373 1800 πρᾶξαι
2430 1733 2832 1803 διανοούμενον,
2870 1737 2975 1790 ἔδει
3033 1755 3093 1792 σε
3143 1739 3317 1811 δήπου
3364 1704 3557 1813 ιέοιτᾷν

477 1811 718 1864 oﬂirium
752 1820 838 1864 est
873 1812 987 1864 inec
1016 1811 1218 1865 docere
1254 1828 1268 1864 :
1313 1811 1349 1864 ii
1392 1826 1593 1881 magno
1624 1819 1753 1866 sunt
1776 1825 2009 1865 numero
2041 1827 2057 1865 :

478 1901 685 1955 nostris
714 1901 766 1954 in
800 1901 1030 1955 urbibus
1062 1901 1330 1957 habitant.
1361 1902 1568 1956 Tamen
1601 1916 1670 1956 ne
1710 1902 1791 1958 sic
1837 1901 2057 1971 quidem

479 2007 581 2045 nos
607 1992 883 2045 disserere
908 1991 1089 2060 pigeat
1132 1992 1200 2046 de
1252 1992 1693 2061 quibuscumque
1749 1990 2061 2061 interroga-

479 2085 621 2139 veris
655 2104 668 2138 :
695 2100 1011 2154 quanquam
1036 2089 1139 2139 hoc
1154 2085 1479 2156 simpliciter
1504 2086 1650 2150 apud
1667 2100 1862 2139 omnes
1881 2085 2061 2140 facere

479 2193 587 2229 non
620 2177 802 2231 liceat.
830 2174 965 2229 Nam
1000 2176 1113 2230 hazc
1138 2174 1265 2231 data
1289 2176 1447 2231 nobis
1470 2176 1555 2231 lex
1584 2185 1688 2241 est,
1720 2186 1805 2230 ut-
1838 2190 2064 2245 semper

478 2269 700 2337 quidem
730 2268 798 2322 ad
824 2269 1091 2323 rationem
1121 2277 1324 2323 nostra:
1352 2269 1469 2339 spei
1503 2269 1836 2324 reddendam
1870 2271 2047 2338 parati

476 2361 652 2414 simus
673 2358 788 2431 (2):
818 2374 994 2428 neque
1016 2359 1161 2413 enim
1188 2359 1487 2429 trepidare,
1518 2375 1698 2431 neque
1726 2360 2060 2415 invadentes

478 2452 672 2506 timere
700 2452 931 2516 debetis,
958 2453 1050 2520 qui
1097 2450 1188 2505 Dei
1215 2451 1370 2507 miles
1401 2463 1503 2519 est,
1552 2462 1608 2508 et
1655 2454 1770 2524 ipsa
1828 2453 2071 2515 veritate,

478 2547 723 2599 armatus
755 2561 770 2599 :
797 2558 975 2613 neque
993 2542 1098 2598 hoc
1122 2544 1328 2607 solum,
1353 2544 1449 2599 sed
1470 2545 1673 2615 ubique
1689 2546 1855 2600 etiam
1880 2556 2057 2600 terra-

478 2651 597 2690 rum
624 2646 679 2691 et
702 2636 949 2706 quotidie
971 2636 1097 2692 licet
1127 2636 1477 2707 Evangeliqu
1505 2638 1823 2707 pmdicare.
1849 2636 1954 2693 Sed
1975 2650 2059 2694 ta-

480 2744 601 2784 men
623 2730 747 2784 lidei
779 2730 1107 2785 thesaurum
1132 2730 1198 2784 ad
1221 2745 1413 2786 omnes
1439 2731 1752 2801 promiscue
1774 2746 1838 2788 ac
1862 2741 2064 2788 temere

479 2820 562 2875 sic
590 2821 912 2887 exhaurire,
948 2821 1158 2875 licitum
1194 2836 1303 2874 non
1358 2830 1464 2875 est.
1500 2820 1610 2877 Nos
1658 2831 1842 2877 autem
1894 2839 1956 2878 ea
2005 2835 2058 2878 tu

479 2913 690 2967 ratione
712 2924 901 2983 captos
934 2914 1123 2980 habes,
1153 2928 1259 2981 qua
1286 2913 1447 2968 nobis
1513 2914 1863 2984 persuasisti,
1897 2926 1954 2970 ut
1984 2919 2063 2970 la-

2163 1823 2429 1891 έκείνους,
2463 1822 2545 1888 οἷς
2574 1827 2740 1896 ἔργον
2762 1829 2939 1883 ταῦτα
2985 1831 3263 1889 διδάσκειν
3282 1850 3297 1866 ’
3331 1838 3519 1891 πολλοὶ
3548 1838 3605 1893 δὲ
3638 1842 3749 1911 ἀρα

2164 1916 2338 1969 είσίν·
2376 1917 2563 1987 ἔχουσι
2605 1920 2662 1973 δὲ
2697 1921 2921 1987 τούτους
2949 1924 3006 1976 ai
3050 1926 3323 1997 ἡμέτεραι
3360 1928 3565 1993 πόλεις.
3598 1932 3746 1999 Πλήν

2162 2024 2227 2076 γε
2261 2009 2356 2061 καὶ
2390 2011 2524 2079 ἡμῖν
2555 2009 2655 2064 οὒκ
2704 2014 3069 2086 ἀποκνητέον,
3098 2020 3228 2089 περὶ
3278 2012 3354 2073 ὧν
3390 2020 3458 2074 ἂν
3488 2022 3632 2093 ἔροιο
3658 2024 3747 2078 λέ-

2163 2115 2283 2167 γειν
2302 2116 2316 2130 ο
2347 2103 2527 2155 καίτοι
2558 2120 2663 2173 περ
2688 2105 2750 2159 οὐ
2776 2104 2937 2176 θέμις
2956 2106 3147 2172 άπλῶς
3179 2112 3317 2180 πρὸς
3343 2113 3550 2178 πάντας
3578 2113 3747 2169 τοῦτο

2166 2195 2363 2250 ποιεῖν.
2405 2195 2696 2266 Ἑτοίμους
2727 2198 2829 2270 μὲν
2860 2199 2968 2272 γὰρ
3004 2202 3093 2256 ἀεὶ
3123 2206 3571 2275 παρασκευάζειν
3597 2208 3747 2279 ἡμᾶς

2166 2288 2368 2349 αὐτοὺς
2413 2288 2549 2357 πρὸς
2601 2289 2901 2361 ἀπολογίαν
2951 2297 3207 2365 περὶτῆς
3236 2297 3294 2349 έν
3334 2298 3469 2367 ἡμῖν
3508 2298 3746 2369 ἐλπίδος,

2122 2400 2123 2405 η
2165 2380 2329 2449 νόμος
2371 2381 2504 2451 ἡμῖν
2532 2394 2547 2410 ⁹
2582 2383 2706 2436 οὐδὲ
2740 2387 2850 2455 γάρ
2881 2385 3169 2454 φοϐεῖσθαι
3199 2389 3303 2454 δεῖ,
3344 2391 3454 2444 οὐδ’
3485 2393 3747 2464 ὀρρωδεῖν

2166 2471 2443 2539 ἐπιόντας,
2503 2476 2848 2544 στρατιώτην
2882 2477 3010 2532 ὄντα
3059 2479 3219 2545 Θεοῦ,
3253 2482 3348 2536 καὶ
3397 2486 3464 2554 τῇ
3516 2485 3748 2558 ἀληθείᾳ

2165 2562 2621 2634 καθωπλισμένον
2643 2582 2659 2599 ·
2714 2567 2775 2621 οὐ
2806 2569 2967 2639 μόνον
2995 2571 3052 2624 δὲ
3098 2571 3278 2637 τοῦτο,
3310 2574 3451 2629 άλλά
3488 2578 3583 2631 καὶ
3614 2596 3750 2632 παν-

2163 2652 2332 2721 ταχοῦ
2368 2653 2473 2721 τῆς
2506 2656 2632 2725 γῆς,
2669 2654 2764 2710 καὶ
2791 2659 3116 2733 καθημέραν
3150 2664 3442 2735 κηρύττειν
3474 2668 3533 2720 τὸ
3565 2670 3747 2735 Εὐαγ-

2165 2746 2348 2813 γέλιον
2378 2749 2577 2814 ἔξεστι.
2612 2752 2717 2807 Τὸν
2748 2755 2935 2823 μέντοι
2967 2773 3030 2825 γε
3062 2756 3164 2828 τῆς
3200 2759 3437 2823 πίστεως
3472 2762 3749 2835 θησαυρὸν

2166 2839 2369 2894 οὑτωσὶ
2395 2843 2532 2914 πρὸς
2564 2843 2817 2910 ἅπαντας
2857 2848 3091 2918 ἀφειδῶς
3121 2852 3216 2905 καὶ
3243 2850 3320 2916 ώς
3349 2853 3416 2908 άν
3450 2873 3567 2920 πως
3594 2857 3749 2928 τύχοι

2169 2932 2387 2997 κενοῦν,
2437 2936 2496 2987 οὐ
2536 2936 2697 3005 μόνον
2731 2938 2941 3007 ἐφεῖται
2980 2942 3177 2995 ποιεῖν.
3224 2940 3298 2994 Σὺ
3332 2942 3380 2997 δ’
3423 2938 3505 3007 οἷς
3557 2946 3748 3017 μισθὶν

479 3006 672 3060 borum
704 3008 1014 3062 mercedem
1046 3023 1075 3061 a
1105 3006 1217 3062 Deo
1246 3022 1346 3061 nos
1369 3019 1769 3062 consecuturos
1792 3023 1918 3064 esse
1938 3026 2059 3077 spe-

481 3113 661 3125 ..η...-.,.
717 3098 993 3125 n:..:..:.....
1036 3098 1175 3125 ι’..ηιη
1197 3100 1351 3125 τηε-ιι.
1396 3102 1779 3125 ...ηαλμ-...ιηηη
1819 3100 2032 3125 ΙίΙ.......;ι

2170 3022 2413 3087 ἐλπίζειν
2465 3025 2692 3091 ἔπεισας
2741 3006 2854 3082 τῶν
2911 3030 3093 3085 πόνων
3148 3032 3303 3103 παρὰ
3351 3033 3515 3101 Θεοῦ,
3557 3006 3749 3090 ’λαϐὼν

481 3113 684 3153 remus.
716 3098 1013 3169 Dicigitur,
1035 3098 1177 3154 facto
1197 3100 1375 3165 initio,
1396 3102 1781 3181 undecumque
1818 3100 2058 3157 libuerit.

543 3303 577 3356 4
618 3300 725 3370 Ego
748 3303 981 3371 primum
1003 3300 1248 3370 quidem,
1269 3299 1441 3371 inquit
1460 3300 1587 3371 (hoc
1604 3298 1749 3356 enim
1772 3302 2061 3373 quemdam

475 3391 726 3445 ordinem
751 3389 955 3461 habet),
974 3390 1235 3461 quidnam
1263 3391 1329 3445 de
1354 3391 1672 3459 angelorum
1693 3400 1909 3453 natura.
1927 3403 1979 3447 et
1997 3392 2065 3446 de

477 3484 603 3538 caeli
635 3492 908 3554 terraeque
938 3494 993 3538 et
1023 3482 1264 3538 universi
1294 3484 1457 3553 hujus
1488 3485 1679 3538 mundi
1713 3496 2064 3556 coagmenta-

481 3575 630 3629 tione
660 3573 936 3650 seirtiatis,
959 3576 1102 3630 scire
1122 3589 1256 3629 sane
1277 3591 1413 3629 aveo
1444 3590 1460 3628 :
1487 3576 1690 3632 deinde
1719 3585 1920 3631 caetera
1951 3593 2059 3631 una

478 3678 656 3723 tecum
680 3665 991 3736 expendere
1014 3681 1189 3736 usque
1216 3667 1283 3723 ad
1334 3669 1508 3737 ipsam
1570 3669 2058 3734 resurrectionem,

474 3774 728 3829 eamque,
746 3772 866 3827 quae
886 3770 1014 3813 tunc
1033 3760 1157 3824 erit,
1172 3760 1540 3815 conditionem
1559 3775 1769 3826 rerum,
1787 3756 1840 3817 el
1859 3761 2064 3817 facien-

475 3850 600 3904 dam
628 3850 929 3921 unicuique
956 3864 1056 3920 pro
1079 3851 1193 3905 suis
1219 3850 1563 3910 facinoribus
1616 3852 2062 3918 retributionem,

475 3958 600 4011 quae
631 3942 857 3997 ultimus
887 3943 996 3996 erit
1026 3942 1150 3996 linis
1179 3958 1369 3997 eorum
1416 3960 1539 4014 quae
1586 3953 1898 4000 moventur.
1962 3940 2060 4001 Sin

477 4043 661 4086 autern
697 4034 764 4085 de
796 4029 906 4085 Deo
931 4033 1170 4101 primum
1190 4044 1242 4086 et
1275 4032 1560 4103 dequihus
1592 4034 1829 4089 invicem
1849 4035 2064 4090 dissen-

475 4123 644 4180 timus
672 4125 853 4180 dicere
880 4126 974 4179 tibi
1004 4125 1237 4195 placeat,
1273 4125 1368 4180 llat
1393 4128 1559 4182 etiam
1591 4127 1739 4198 quod
1771 4128 1869 4183 tibi
1900 4128 2055 4183 vide-

476 4225 587 4268 tur.
625 4215 735 4268 ltno
767 4215 1188 4285 enim,iuquam,
1224 4215 1295 4271 ab
1319 4216 1413 4270 illo
1444 4218 1624 4287 potius
1671 4226 1886 4286 oportet
1923 4217 2063 4271 inci-

474 4322 624 4375 pere,
648 4306 792 4374 quod
818 4308 971 4375 prius
993 4307 1215 4362 dixisti:
1241 4307 1683 4378 quandoquidem
1706 4318 1829 4377 post
1849 4310 1900 4363 id
1929 4309 2065 4365 faci-

2167 3116 2313 3184 ἡμᾶς
2341 3115 2506 3186 ἔχεις.
2543 3121 2654 3173 Καὶ
2687 3119 2823 3189 δῆτα
2847 3121 2975 3191 λέγε
3000 3121 3211 3190 λοιπὸν,
3248 3122 3309 3191 ἐξ
3346 3120 3515 3198 οὗπερ
3541 3128 3606 3181 ἂν
3630 3129 3752 3182 ἑθέ-

2164 3204 2278 3271 λοις
2312 3208 2531 3278 πρῶτον
2558 3210 2914 3280 ἐνάρξασθαι.

2236 3297 2299 3352 δ’.
2337 3300 2483 3369 Ἔφη
2514 3301 2691 3355 τοίνυν
2714 3319 2729 3335 ο
2775 3305 2918 3373 Ἐγὼ
2963 3307 3263 3382 βουλοίμην
3297 3312 3364 3367 ἂν
3393 3314 3608 3383 πρῶτον
3640 3334 3751 3386 μα-

2167 3392 2304 3457 θεῖν,
2339 3394 2498 3464 εἴπερ
2523 3395 2623 3465 οὐκ
2674 3398 2912 3468 ἐπαχθές
2960 3418 3043 3455 σοι
3072 3404 3091 3474 (
3115 3403 3269 3469 τάξιν
3300 3405 3409 3478 γάρ
3436 3407 3563 3478 ἔχον
3588 3409 3750 3463 τοῦτό

2168 3502 2260 3555 μοι
2296 3488 2605 3559 φαίνεται),
2634 3490 2758 3543 τίνα
2788 3491 2852 3562 δὴ
2887 3492 3025 3547 am
3052 3498 3300 3565 φρονεῐτε
3351 3499 3481 3570 περὶ
3509 3500 3607 3569 τῆς
3634 3502 3749 3555 τῶν

2164 3577 2415 3644 ἀγγέλων
2471 3579 2711 3648 φύσεως,
2742 3584 2837 3657 καὶ
2885 3583 2984 3654 τῆς
3039 3588 3269 3657 οὐρανοῦ
3310 3590 3405 3643 καὶ
3460 3590 3587 3661 γῆς,
3650 3595 3750 3647 καὶ

2164 3670 2367 3732 παντὸς
2395 3670 2490 3724 τοῦ
2549 3672 2755 3742 κόσμου
2794 3674 2949 3729 τοῦδε
3000 3680 3320 3745 συστάσεως
3349 3696 3364 3711 ο
3411 3674 3532 3734 εἷτα
3567 3682 3750 3737 πάντα

2165 3757 2521 3827 συνεξετάσαι
2556 3763 2724 3834 μέχρι
2778 3765 2843 3837 δὴ
2881 3767 2981 3838 τῆς
3018 3770 3372 3835 ἀναστάσεως
3417 3773 3610 3843 αὐτῆς,
3650 3776 3749 3827 καὶ

2164 3852 2263 3919 τῆς
2313 3852 2434 3906 τότε
2490 3856 2909 3926 καταστάσεως,
2960 3861 3054 3914 καὶ
3101 3863 3337 3933 ἀμοιὸἦς
3385 3864 3601 3937 ἑκάστῳ
3635 3866 3749 3920 τῶν

2164 3945 2599 4014 πεπραγμένων,
2628 3947 2768 4019 ὅπερ
2803 3947 3032 4022 ἔσχατόν
3060 3953 3177 4006 ἐστι
3227 3954 3379 4019 τέλος
3418 3955 3529 4010 τῶν
3563 3975 3750 4011 κινου-

2167 4035 2368 4104 μένων.
2424 4037 2487 4089 El
2519 4036 2577 4091 δέ
2609 4054 2693 4091 σοι
2727 4039 2881 4108 φίλον
2923 4043 3154 4111 πρώτως
3186 4045 3369 4114 λέγειν
3419 4049 3547 4118 περὶ
3580 4048 3752 4116 Θεοῦ,

2164 4125 2259 4180 καὶ
2287 4122 2361 4181 ὧν
2390 4129 2647 4200 ἀλλήλοις
2668 4130 3065 4203 διαφερόμεθα,
3092 4136 3333 4203 γενέσθω
3353 4137 3418 4209 δὴ
3446 4138 3507 4191 τὸ
3528 4138 3751 4196 δοκοῦν.

2162 4219 2337 4286 Κάγὼ
2387 4222 2525 4291 πρὸς
2582 4221 2758 4276 ταῦτα
2804 4223 2984 4295 ἔφην’
3026 4226 3303 4296 ’Λρκτέον,
3362 4228 3485 4286 ὅθεν
3537 4231 3752 4301 ἔφησθα

2171 4313 2390 4379 πρῶτον
2409 4328 2427 4344 ο
2468 4314 2603 4383 ῥᾷον
2632 4313 2744 4385 γὰρ
2763 4313 2830 4368 ἂν
2860 4317 3004 4385 μετὰ
3029 4318 3204 4372 ταῦτα
3235 4319 3454 4391 ἔχοιμέν
3484 4338 3537 4374 τι
3566 4321 3753 4389 λέγειν

479 4398 588 4451 lius
624 4411 785 4464 quam
826 4404 987 4450 antea
1033 4398 1101 4451 de
1134 4397 1245 4451 Deo
1274 4398 1457 4453 dicere
1485 4399 1690 4468 aliquid
1733 4383 2059 4479 poterimus:

2173 4401 2303 4469 περὶ
2330 4400 2487 4468 Θεοῦ,
2517 4403 2552 4476 ἢ
2581 4401 2689 4472 πρὸ
2715 4383 2923 4459 τούτων
2946 4422 2961 4437 ο
2993 4408 3210 4472 τούτοις
3239 4383 3586 4481 ἐκεῖνον
3615 4383 3756 4467 πάν-

477 4501 600 4539 nam
625 4486 708 4540 his
729 4485 947 4540 demum
970 4502 1095 4541 eum
1113 4488 1522 4557 cognoscimus.
1540 4489 1747 4543 Etenim
1768 4480 1881 4579 ips}:
1894 4492 2070 4548 Abra-

480 4579 604 4632 ham
637 4583 716 4647 (ut
744 4594 773 4633 a
808 4580 962 4635 vobis
985 4596 1089 4634 non
1122 4590 1252 4650 puto
1286 4581 1773 4653 ignorarilcreatis
1800 4586 2067 4653 ex_rehus

478 4672 546 4724 ad
580 4685 803 4739 prorsus
824 4672 1085 4739 incogniti
1117 4671 1801 4742 ineomprehcnsibilisque
1832 4675 1925 4729 Dei
1968 4692 2060 4732 ve-

476 4760 631 4828 rique
653 4760 897 4814 omnium
928 4760 1144 4830 opiﬁcis
1162 4762 1533 4830 cognitionem
1554 4765 1816 4831 pervenit.
1842 4762 2061 4833 Optime

479 4864 630 4914 vero,
657 4850 874 4919 inquit:
905 4866 1031 4905 nam
1064 4866 1165 4907 nos
1183 4868 1400 4923 quoque
1430 4854 1580 4909 illius
1611 4854 1899 4911 historiam
1943 4858 2058 4912 sci-

481 4955 626 5005 mus,
653 4954 826 5010 eaque
854 4950 949 4997 tuo
1004 4942 1246 4999 sermoni
1314 4944 1593 5000 luculente
1638 4945 2007 5017 adstipulatur
2040 4967 2055 5003 :

478 5049 647 5104 quare
667 5036 812 5088 unde
838 5044 894 5090 tu
922 5035 1106 5091 dixisti
1128 5037 1285 5091 nobis
1303 5047 1385 5093 est
1407 5040 1827 5109 auspicandum.
1856 5039 1919 5097 Et
1944 5043 2059 5099 hinc

364 5190 367 5195 ξ
478 5126 703 5196 quidem
767 5130 930 5183 ambo
976 5130 1395 5197 praastituimus.

549 5218 601 5271 5.
642 5216 846 5274 Deinde
890 5220 1069 5291 ipsum
1115 5223 1471 5293 interrogavi,
1506 5239 1574 5278 an
1605 5224 1803 5297 Moysis
1859 5229 2056 5284 librum

475 5311 968 5381 amplecterentur:
992 5314 1080 5368 ille
1096 5330 1244 5381 vero,
1259 5316 1517 5373 Omnium
1539 5331 1781 5375 veterum
1800 5324 2054 5386 maxime,

476 5404 673 5471 inquit.
697 5403 868 5473 Igitur
893 5406 1056 5459 etiam
1084 5412 1475 5478 prophetarum
1512 5412 1681 5468 libros
1721 5412 2056 5468 admittitis?

480 5510 721 5562 mquam.
746 5494 891 5551 Sane
905 5499 1146 5568 quidem,
1166 5502 1343 5572 inquit
1369 5523 1383 5560 :
1409 5503 1552 5575 apud
1574 5521 1671 5563 nos
1688 5507 1849 5563 etiam
1868 5508 2053 5577 scripti

552 5671 626 5742 (I)
652 5672 753 5727 Τὸν
782 5673 931 5729 deest
963 5676 1014 5730 iu
1046 5677 1234 5748 Regio.

2174 4508 2283 4555 τως
2314 4493 2677 4569 γνωρίζομεν.
2731 4497 2853 4555 ΚαὶΔ
2874 4497 2982 4569 γάρ
3031 4500 3125 4552 καὶ
3173 4500 3424 4572 Ἀϐραάμ
3460 4502 3601 4573 (οὐδὲ
3637 4505 3751 4575 γάρ

2172 4584 2387 4650 ἀγνοεῖν
2417 4584 2562 4654 ὑμᾶς
2584 4583 2738 4655 οἶμαι
2765 4588 2944 4659 τοῦτο)
2973 4591 3078 4644 ἀπὸ
3102 4592 3212 4645 τῶν
3239 4594 3555 4662 κτισμάτων
3579 4589 3750 4666 ἦλθεν

2168 4674 2249 4737 εις
2279 4675 2486 4742 γνῶσιν
2533 4677 2627 4731 τοῦ
2682 4682 3033 4735 παντάπασιν
3081 4682 3365 4752 ἀγνώστου
3401 4686 3496 4739 καὶ
3539 4689 3751 4741 ἀκατα-

2167 4766 2377 4831 λήπτου
2421 4768 2582 4832 Θεοῦ,
2618 4772 2714 4824 καὶ
2746 4773 2966 4827 πάντων
3011 4774 3181 4839 δντως
3216 4776 3573 4846 δημιουργοῦ.
3607 4779 3745 4844 Ναὶ,

2166 4859 2369 4937 καλῶς,
2400 4858 2527 4930 ἔφη,
2549 4861 2728 4930 λέγεις
2755 4880 2770 4894 ·
2800 4865 2896 4916 καὶ
2918 4867 3025 4937 γὰρ
3048 4867 3143 4920 καὶ
3164 4867 3264 4937 τὴν
3287 4869 3532 4938 ίστορίαν
3562 4870 3743 4941 ἴσμεν,

2166 4946 2263 5002 καὶ⁷
2291 4951 2564 5021 λαμπρῶς
2624 4954 2761 5024 αὕτη
2798 4973 2881 5009 σοι
2914 4958 2992 5028 τῷ
3039 4958 3186 5030 λόγῳ
3239 4963 3536 5030 συνηγορεῐ
3562 4978 3575 4991 ο
3621 4960 3747 5017 ὅθεν

2166 5038 2346 5094 τοίνυν
2370 5040 2508 5112 ἔφης
2539 5045 2726 5111 αὐτὸς,
2748 5047 2980 5116 ἀρκτέον
3005 5051 3140 5121 ἡμῖν
3187 5050 3257 5104 ἂν
3283 5053 3393 5123 είη.
3427 5054 3538 5106 Καὶ
3575 5053 3748 5109 ταῦτα

2170 5134 2269 5203 μὲν
2304 5135 2605 5205 ἀμφότεροι
2636 5140 3086 5210 προῦπεθέμεθα.

2236 5227 2297 5283 ε’.
2336 5229 2573 5285 Ἔπειτα
2600 5233 2815 5303 ἠρόμην
2848 5234 2985 5302 ἐγὼ,
3019 5236 3067 5289 τί
3102 5236 3201 5306 τὴν
3231 5236 3327 5291 τοῦ
3370 5240 3616 5306 Μωσέως
3659 5240 3749 5310 βί-

2166 5320 2292 5373 ϐλον
2319 5322 2652 5387 ἀσπάζοιντο
2679 5341 2695 5357 ο
2730 5329 2758 5379 ὁ
2784 5327 2863 5394 δὲ,
2918 5328 3176 5383 Μάλιστά
3217 5346 3305 5398 γε,
3357 5333 3513 5401 φησι,
3555 5333 3749 5387 πασῶν

2164 5412 2275 5464 τῶν
2303 5414 2577 5470 παλαιῶν.
2610 5411 2775 5471 Εἶπον
2808 5418 2865 5470 δέ
2893 5436 2908 5451 ·
2954 5418 3166 5472 Οὐκοῦν
3196 5421 3293 5473 καὶ
3326 5420 3425 5481 τάς
3471 5421 3579 5474 τῶν
3606 5438 3748 5489 προ-

2167 5505 2356 5573 ῳητῶν
2407 5505 2778 5576 άποδέχεσθες
2849 5508 2998 5581 Πάνυ
3030 5525 3118 5578 γε,
3168 5509 3309 5578 ἔφη·
3345 5511 3439 5563 καὶ
3486 5512 3594 5582 γάρ
3650 5514 3748 5567 καὶ

2252 5682 2307 5747 ‘2)
2339 5682 2545 5740 Alludit
2579 5682 2646 5739 ad
2677 5684 2696 5740 Ι
2734 5683 2903 5757 Epist.
2931 5683 2988 5743 S.
3012 5684 3181 5754 Petri,
3208 5701 3326 5757 cap.
3363 5703 3447 5758 ιιι,
3470 5704 3615 5749 vers.
3654 5674 3743 5748 ἰδ’.
