4048 6224
278 301 385 371 137
438 252 441 255 λ

1283 299 1669 360 DIALOGUS
1712 297 1736 357 Ι
1777 293 1933 355 CUM
1978 292 2545 357 ΜΟΗΑΜΕΤΑΝΟ.

3444 287 3544 353 133

272 418 668 493 γεγραμμέναι
702 414 834 486 παρ’
865 412 999 485 ἡμῖν
1029 409 1190 468 οὖσαι
1236 415 1622 484 τυγχάνουσιν,
1653 408 1856 481 ἡμετέ-

1987 410 2253 471 iahentur,
2278 423 2305 461 a
2338 411 2539 465 nostris
2576 409 2965 478 interpretibus
2991 409 3265 463 translati.
3296 407 3391 463 Vis
3430 408 3537 472 igi-

275 532 389 587 ροις
429 509 769 582 ἑρμηνεῦσιν
810 508 1255 576 άντιγραφεῖσαι.
1302 505 1495 559 Βούλει
1533 504 1649 567 οὖν,
1696 505 1858 573 ἔφην,

276 606 419 673 άπερ
444 603 693 670 λέγουσι,
726 600 1010 669 στέργειν;
1048 598 1179 662 Ναὶ,
1227 597 1359 668 φησί
1385 614 1400 626 '
1443 596 1561 657 πῶς
1607 596 1720 666 γὰρ
1754 594 1814 649 οὔ
1844 610 1860 660 ;

276 699 365 751 ὅτε
393 697 491 749 καὶ
517 694 577 747 τὸ
608 692 943 760 Εὐαγγέλιον
966 692 1097 761 παρ’
1126 692 1257 761 ἡμῖν
1277 693 1414 755 ἐστι,
1439 690 1535 745 καὶ
1566 689 1863 760 ὑπερφυῶς

278 806 333 842 τι
362 788 507 840 θεῖον
543 785 736 856 χρῆμα
788 784 1083 854 νομίζομεν
1122 782 1304 848 τοῦτο,
1362 782 1668 854 καὶ-δῶρον
1696 780 1862 850 οὑρά-

277 896 415 932 νιον.
457 876 703 931 Ἐκεῖθεν
730 875 842 947 γάρ
894 872 1178 930 καὶτοῦτο
1223 875 1457 938 κάτεισι,
1506 874 1703 943 νόμους
1749 874 1865 933 τοῖς

280 972 594 1041 ἀνθρώποις
619 968 875 1039 κομίζον.
904 968 1054 1035 Πλήν
1083 986 1169 1030 τις
1199 967 1359 1033 λόγος
1399 968 1618 1031 λέγεται
1650 967 1746 1020 καὶ
1774 982 1863 1018 πι-

282 1064 536 1118 στεύεται
567 1061 702 1131 παρ’
736 1063 891 1132 ἡμῖν,
928 1060 1007 1123 ὡς
1037 1062 1130 1115 καὶ
1161 1060 1296 1114 αὐτὸ
1324 1059 1388 1131 δὴ
1426 1058 1607 1125 τοῦτο,
1644 1059 1735 1115 καὶ
1761 1058 1865 1111 πᾶ·-

284 1174 380 1211 σαν
412 1159 519 1225 τὴν
551 1157 812 1222 Παλαιὰν,
844 1155 961 1226 ἅμα
998 1156 1095 1209 καὶ
1120 1158 1183 1224 τῇ
1220 1154 1390 1224 βίϐλῳ
1420 1154 1604 1219 Δαϐὶό,
1653 1156 1701 1208 οἱ
1731 1154 1867 1223 ὑμέ-

280 1268 431 1320 τεροι
461 1250 635 1304 πάλαι
662 1250 1001 1320 διερμηνεῐς,
1031 1250 1082 1302 οἳ
1119 1249 1221 1316 τὴν
1257 1248 1486 1319 πρώτην
1511 1248 1668 1303 ταῦτ’
1715 1248 1864 1314 ἐξελ-

282 1341 538 1411 ληνισαν,
579 1339 819 1408 ἀφειδῶς
871 1339 1009 1409 πρὸς
1056 1348 1126 1391 τα
1170 1338 1433 1391 δοκοῦντα
1490 1340 1748 1409 συνιστᾷν
1805 1338 1867 1392 τὸ

283 1432 553 1504 ὑμέτερον
580 1431 748 1495 σέϐας
792 1429 966 1484 ταῦτα
1007 1429 1473 1501 διηρμηνεύκασι,
1504 1430 1613 1483 τῶν
1644 1447 1862 1498 πρωτο-

280 1524 471 1577 τύπων
508 1524 980 1593 ὀλιγωρήσαντες.

353 1615 429 1678 ς’.
479 1616 645 1671 Ἀλλά
676 1615 837 1669 τοῦτο
899 1617 1021 1684 μὲν,
1048 1608 1092 1669 ὦ
1121 1618 1241 1681 τᾶν,
1287 1615 1446 1685 ἔφην,
1489 1616 1707 1687 πρῶτον
1766 1617 1865 1686 μὲν

282 1709 382 1763 οὑκ
412 1707 692 1779 εὐπρεπὲς
728 1708 795 1760 ἂν
842 1707 931 1776 εἴη
966 1708 1169 1776 λέγειν,
1201 1708 1312 1761 οὐδ’
1348 1709 1519 1774 ἄξιον.
1554 1705 1733 1779 οἶμαι,
1778 1725 1866 1761 πι-

1967 508 2077 563 tur,
2107 501 2431 571 inquam,in
2458 503 2525 557 iis
2548 503 2924 571 acquiescere,
2972 516 3097 571 quae
3164 501 3405 556 dicunt?
3453 499 3543 555 Li-

1968 595 2180 660 benter,
2223 596 2450 666 inquit:
2507 612 2607 652 cur
2658 611 2768 651 non
2823 594 3541 664 faciam?quandoquidem

1968 684 2320 758 Evangelium
2349 701 2571 758 quoque
2593 689 2737 756 apud
2768 702 2866 742 nos
2888 698 2996 751 est,
3019 697 3072 741 et
3100 687 3152 741 in
3186 687 3379 756 primis
3408 686 3546 740 divi—

1968 798 2096 837 num
2127 781 2335 851 aliquid
2370 796 2495 837 esse
2526 781 2910 836 existimamus
2940 795 3005 836 ac
3057 780 3279 835 cmleste
3310 780 3542 834 donum.

1968 876 2045 931 De
2069 876 2211 931 caelo
2233 876 2377 931 enim
2409 875 2625 943 lapsum
2657 882 2762 935 est,
2784 873 2851 928 ad
2876 873 3021 944 leges
3066 875 3309 926 humano
3357 872 3543 941 generi

1967 967 2242 1022 ferendas.
2268 967 2483 1035 Aliquis
2516 974 2697 1021 tamen
2732 979 2919 1019 rumor
2948 966 3117 1033 serpit
3140 963 3413 1033 ﬁdemque
3448 967 3547 1020 ob-

1970 1060 2105 1116 tinet
2126 1060 2267 1130 apud
2298 1075 2417 1122 nos,
2444 1060 2545 1114 hoc
2578 1059 2756 1127 ipsum
2781 1057 3164 1125 Evangelium,
3185 1068 3239 1113 et
3266 1073 3429 1113 omne
3454 1073 3547 1112 ve-

1971 1163 2057 1209 tus
2090 1154 2526 1217 Testamentum,
2565 1166 2673 1205 una
2703 1165 2825 1205 cum
2856 1149 3079 1205 Davidis
3108 1151 3272 1217 libro,
3295 1165 3326 1205 a
3348 1151 3546 1207 vestris

1968 1244 2378 1314 interpretibus,
2396 1259 2524 1300 cum
2542 1244 2705 1301 hosce
2730 1244 2902 1299 libros
2923 1242 3112 1298 Graece
3150 1243 3385 1312 primum
3421 1256 3547 1297 ver-

1970 1347 2169 1399 terunt,
2205 1337 2282 1391 sic
2314 1336 2486 1392 fuisse
2520 1336 2806 1399 translata,
2841 1345 2902 1390 ut
2925 1334 3169 1405 neglecta
3203 1335 3402 1406 prioris
3432 1346 3550 1389 tex-

1969 1440 2057 1484 tus
2083 1430 2406 1485 auctoritate
2424 1430 2489 1483 ad
2511 1444 2575 1485 ea
2592 1428 2759 1483 nimis
2781 1429 3283 1498 attenderent,quze
3310 1436 3548 1484 vestram

1969 1523 2286 1592 religionem
2314 1522 2648 1577 conﬁrmare
2690 1521 3032 1577 viderentur.

2040 1616 2093 1671 6.
2132 1613 2261 1678 Sed,
2294 1616 2535 1683 inquam,
2570 1614 2779 1683 optime
2809 1616 2914 1677 vir,
2939 1616 3175 1684 primum
3190 1612 3550 1681 quidemhtrc

1974 1711 2149 1767 oratio
2173 1724 2350 1779 neque
2374 1709 2603 1763 honesta
2636 1718 2740 1772 est,
2769 1723 2969 1776 neque,
3001 1716 3060 1761 ut
3091 1707 3306 1777 Opinor,
3337 1705 3439 1760 [ide
3460 1704 3551 1759 di-

287 1801 582 1857 στεύεσθαι
606 1816 621 1831 ·
650 1800 769 1855 ἀνθ’
795 1794 870 1855 ὧν
899 1802 1084 1870 ὑμεῖς,
1119 1802 1340 1872 οἱ-πρὸς
1375 1802 1560 1872 κρίσιν
1603 1804 1738 1872 ἡμῖν
1772 1804 1868 1855 άν-

1987 1817 2076 1873 gna
2103 1819 2115 1853 :
2148 1817 2271 1861 nam
2304 1815 2410 1867 qua
2432 1800 2498 1855 de
2528 1814 2589 1854 re
2610 1810 2803 1854 contra
2826 1815 2924 1854 nos
2941 1799 2992 1853 in
3008 1799 3216 1868 judicio
3232 1796 3548 1857 decertatis.

283 1895 761 1963 τικαθιστάμενοι,
789 1894 1089 1966 μάρτυρες.
1137 1896 1379 1950 Ἐκεῖθεν
1402 1895 1447 1949 δ’
1470 1896 1537 1950 ἄν
1552 1913 1634 1948 σοι
1657 1897 1874 1962 γένοιτο

1987 1895 2215 1963 ejusdem
2248 1896 2326 1950 rei
2352 1893 2519 1949 vultis
2549 1909 2671 1949 esse
2698 1902 2891 1949 testes.
2912 1893 3019 1947 Sed
3049 1892 3359 1948 accuratius
3376 1891 3555 1962 possis

288 1986 489 2055 μαθεῖν
541 1987 934 2058 ἀκριϐέστερον
974 1987 1231 2057 τάληθές.
1284 1988 1345 2041 El
1396 1990 1504 2060 γὰρ
1550 1987 1616 2058 δὴ
1675 1988 1869 2056 καιροῦ

1987 1989 2102 2043 nde
2126 1988 2408 2041 veritatem
2437 1986 2666 2042 discere.
2705 1984 2839 2039 Nam
2872 1987 2918 2039 si
2961 1985 3227 2054 temporis
3289 1999 3553 2054 unquam,

289 2094 426 2131 ποτε
459 2078 551 2132 καὶ
603 2078 946 2150 διερμηνέων
980 2080 1207 2148 ἀγαθῶν
1250 2081 1613 2152 εὐπορήσαις,
1662 2082 1758 2135 καὶ
1790 2081 1873 2153 βι-

1987 2083 2185 2135 bonoru
2195 2094 2354 2146 mque
2371 2079 2750 2147 interpretum,
2766 2074 3270 2144 Hebraieorumque
3289 2074 3553 2130 librorum

292 2168 459 2220 ϐλίων
500 2169 831 2239 Ἐϐραῖκῶν,
871 2170 1060 2239 γνοίης
1114 2172 1183 2225 ἂν
1212 2172 1395 2236 καλῶς
1436 2173 1532 2226 τὸν
1564 2174 1689 2235 ταῖς
1736 2173 1876 2243 Γρα-

1987 2175 2130 2242 copia
2163 2172 2254 2227 tibi
2285 2172 2461 2239 ﬁeret,
2514 2172 2743 2241 pulchre
2775 2181 2888 2226 tum
2940 2184 3330 2239 cognosceres,
3372 2182 3561 2224 sacras

289 2262 424 2330 φατς
468 2261 880 2333 λυμηνάμενον.
931 2263 1133 2317 Σκόπει
1180 2264 1238 2323 δέ
1276 2282 1369 2333 μοι
1400 2265 1495 2319 καὶ
1543 2264 1640 2336 τὴν
1694 2267 1875 2323 πάντα

1987 2265 2100 2336 quis
2130 2264 2438 2333 corruperit
2478 2262 2815 2334 Scripturas.
2841 2263 3147 2319 Considera
3174 2263 3362 2325 etiam,
3407 2278 3559 2331 qua:-

290 2353 479 2417 καλῶς
534 2354 931 2424 οἱκονομοῦσαν
964 2356 1252 2426 πρόνοιαν,
1307 2357 1459 2419 ὅπως
1489 2359 1602 2420 τοίς
1652 2358 1876 2427 ἀναίδην

1987 2373 2063 2425 so,
2092 2356 2265 2413 divini
2295 2355 2551 2411 Numinis
2591 2356 2775 2411 omnia
2830 2356 3091 2426 prceclare
3146 2356 3556 2425 dispensantem

294 2446 610 2522 ἐπιπηδῶσι
639 2450 754 2509 τοῖς
784 2448 1098 2518 πράγμασι,
1134 2450 1231 2509 καὶ
1271 2450 1517 2523 εὐχερῶς
1558 2450 1876 2504 διαϐάλλου-

292 2556 409 2603 σιν,
454 2538 760 2608 ἐμφράττει
808 2539 1008 2601 τελέως
1050 2542 1116 2593 τὰ
1161 2541 1426 2611 στόματα.
1462 2543 1590 2595 Ὅτε
1634 2542 1744 2611 γὰρ
1778 2543 1879 2611 τὴν

288 2632 457 2692 θείαν
508 2631 612 2689 ἔδει
673 2634 858 2685 πᾶσαν
907 2631 1133 2703 Γραφὴν
1193 2633 1460 2702 Ἑλληνίδι
1522 2633 1879 2703 μεταδοθῆναι

292 2727 482 2794 φωνῇ.
512 2726 610 2794 οὑχ
640 2726 714 2787 ὡς
747 2724 905 2794 ἐτυχὲ
932 2742 1074 2789 πως,
1105 2722 1164 2778 εὖ
1202 2725 1334 2789 ίσθι,
1366 2726 1477 2783 οὐδ’
1513 2727 1562 2779 oi
1596 2725 1877 2796 τυχόντες,

293 2816 507 2878 arma;
553 2833 617 2883 γε
672 2814 769 2884 τῆς
804 2814 979 2887 Trita;
1029 2814 1230 2885 μικροῦ
1266 2815 1381 2868 δεῖν
1425 2814 1604 2882 πάσης
1656 2812 1881 2882 ἐκράτει

291 2905 393 2981 (ἦν
422 2908 472 2961 δ’
507 2908 748 2971 εἰδώλοις
779 2908 1085 2978 λατρεύων,
1115 2908 1210 2963 καὶ
1228 2908 1330 2962 οὐκ
1356 2907 1728 2977 εὐαρίθμητον
1757 2906 1883 2975 χρύ-

293 3021 394 3059 νον
420 2999 594 3073 ἄρξας
625 3003 857 3072 πρὸ,τοῦ
890 3002 1158 3072 Χριστοῦ,
1186 3001 1522 3070 Πτολεμαῖος
1551 3000 1724 3069 ὖνομα
1756 3002 1883 3053 τάν-

291 3098 414 3168 δρὶ)
446 3097 607 3151 τοῦτο
655 3096 734 3166 (1)
790 3097 1094 3168 τηνικαῦτα
1149 3096 1471 3167 εἰργάσατο.
1512 3096 1721 3165 Σοφοὺς
1776 3098 1886 3165 γάρ

296 3191 507 3260 ἄνδρας
543 3190 873 3261 διερμηνίας
905 3192 996 3243 τὸν
1031 3190 1267 3261 άριθμδν
1295 3190 1390 3243 δύο
1414 3190 1552 3260 πρὸς
1581 3190 1693 3253 τοῖς
1726 3190 1881 3242 ἐϐδο-

298 3283 553 3353 μήκοντα
576 3284 639 3334 ἐκ
664 3284 773 3336 τῶν
818 3282 1091 3337 Ἰουδαίων
1119 3282 1645 3353 μεταπεμψάμενος,
1675 3281 1887 3346 τούτοις

293 3372 450 3426 τοῦτ’
478 3373 773 3427 ἐπίστευσε
828 3373 1065 3445 τοῦργον
1090 3390 1104 3405 ⁸
1139 3374 1236 3439 οὓς
1265 3377 1293 3429 ὁ
1342 3379 1439 3443 τῆς
1486 3375 1713 3429 ἐκείνων
1766 3376 1889 3429 τότε

296 3463 700 3533 μητροπόλεως
728 3463 1120 3534 ἐξηγούμενος,
1151 3465 1337 3523 θεόθεν
1376 3467 1597 3529 πάντως
1632 3466 1891 3536 κινούμε-

293 3575 421 3620 νος,
484 3557 816 3625 Ἐλεάζαρος
868 3557 917 3611 δ’
969 3552 1127 3623 οὗτος
1175 3560 1642 3631 προσηγορεύετο,
1701 3561 1760 3628 ἒξ
1794 3561 1889 3628 ἀφ’

298 3649 551 3717 ἑκάστης
583 3647 763 3717 φυλῆς
795 3649 1179 3720 ἐκλεξάμενος,
1212 3651 1451 3722 ἔπεμψε.
1489 3653 1588 3734 Atii
1634 3652 1697 3721 δὴ
1730 3652 1891 3705 τοῦτο

296 3740 419 3794 οὐδ’
450 3741 586 3794 αὑτὸ
618 3742 679 3794 τὸ
713 3742 825 3795 τῶν
868 3742 1146 3797 Ἰουδαίων
1166 3744 1555 3798 ἀναιδέστατον
1586 3746 1741 3813 γένος
1769 3745 1891 3798 τολ-

302 3832 457 3901 μῶσί
480 3851 532 3886 τι
566 3833 866 3904 προφέρειν
898 3835 1109 3899 αὐτοῖς,
1144 3835 1257 3888 οὐδ’
1281 3834 1522 3889 ὁντινοῦν
1550 3837 1890 3910 προστρίψαι

303 3924 511 3993 μῶμον
533 3925 611 3996 τῷ
642 3926 936 3996 πράγματι
962 3944 976 3959 ·
1010 3926 1185 3992 λέξεις
1214 3927 1272 3981 δέ
1306 3928 1462 3992 τινάς
1512 3945 1616 3982 που
1647 3930 1757 3983 τῶν
1797 3947 1891 3996 γε-

299 4016 651 4085 γραμμένων
680 4018 1050 4075 ὑπαλλάττειν
1076 4018 1471 4090 ἐπιχειροῦσιν,
1501 4019 1558 4072 αἳ
1584 4020 1679 4073 καὶ
1702 4020 1893 4089 ὥσπερ

300 4109 461 4163 οὗτοι
514 4108 738 4178 λέγουσι
774 4110 1210 4180 λαμϐανόμεναι,
1250 4112 1353 4180 τῆς
1397 4110 1634 4183 ἀληθοῦς
1685 4112 1894 4177 ἑννοίας

304 4202 469 4257 οὐδὲν
499 4202 651 4270 ὅμως
682 4202 986 4272 ἀπᾴδουσιν
1028 4204 1134 4273 (2).
1398 4229 1407 4233 ·
1506 4224 1514 4233 ο

380 4291 454 4358 ζ’.
486 4294 556 4347 Σὺ
593 4294 651 4347 δέ
690 4313 783 4363 μοι
812 4296 938 4363 λέγε
962 4337 979 4361 ,
1020 4299 1164 4360 τίνος
1214 4297 1576 4361 κελεύσαντος
1612 4300 1893 4369 ἄρχοντος,

306 4386 407 4442 καὶ
441 4385 563 4439 ὅθεν
595 4386 811 4448 τούτοις
840 4388 1035 4456 γέγονε
1072 4391 1142 4442 τά
1191 4391 1526 4458 πρωτὸτυπα
1563 4392 1891 4459 κτήσασθαι,

1982 2451 2402 2520 providentiam,
2429 2448 2706 2519 quomodo
2738 2448 2953 2505 illorum
2986 2464 3083 2503 ora
3131 2451 3403 2510 obstruat,
3466 2452 3560 2517 qui

1983 2548 2130 2599 hunc
2163 2558 2343 2596 rerum
2375 2542 2625 2597 ordinem
2660 2550 2982 2613 oppugnant
3010 2551 3064 2596 et
3095 2541 3332 2597 libenter
3386 2558 3568 2611 repre—

1986 2636 2253 2690 hendunt.
2287 2635 2422 2689 Cum
2450 2636 2594 2689 enim
2632 2635 2849 2691 divinas
2895 2650 3090 2711 omnes
3138 2635 3452 2702 Scripturas
3510 2634 3566 2689 in

1985 2731 2224 2797 linguam
2255 2726 2500 2784 Graecam
2526 2729 2981 2798 vertioporteret,
3006 2745 3115 2785 non
3136 2739 3345 2785 temere
3381 2730 3569 2799 utique

1987 2840 2085 2878 nec
2115 2823 2355 2891 vulgaris
2380 2831 2522 2875 notae
2539 2822 2791 2875 homines
2817 2823 2917 2876 hoc
2943 2822 3214 2886 fecerunt,
3240 2823 3335 2877 sed
3362 2823 3455 2891 qui
3483 2829 3568 2875 to—

1987 2915 2095 2969 tius
2116 2914 2226 2967 fere
2239 2913 2479 2967 Orientis
2495 2912 2784 2982 imperium
2807 2913 3028 2966 tenebat
3074 2913 3402 2967 Ptolemaeus
3448 2928 3564 2975 rex,

1989 3007 2233 3077 antiquis
2262 3006 2366 3061 diis
2387 3014 2567 3060 tamen
2594 3006 2861 3070 serviens,
2885 3015 2937 3059 et
2956 3004 3124 3058 multo
3142 3016 3268 3058 ante
3287 3004 3567 3059 Christum

1914 3125 1958 3187 ο
1992 3117 2248 3172 regnans.
2270 3098 2405 3153 Nam
2438 3108 2727 3168 postquam
2751 3098 2941 3153 doctos
2966 3112 3032 3151 ex
3060 3096 3267 3153 Judaeis
3295 3099 3443 3152 viros
3463 3114 3569 3152 nu-

1991 3209 2143 3249 mero
2168 3194 2306 3249 duos
2332 3202 2385 3247 et
2414 3192 2763 3264 septuaginta
2794 3191 3130 3260 interpretes
3154 3190 3567 3254 accersivisset,

1991 3287 2057 3343 iis
2081 3286 2187 3342 hoc
2212 3300 2351 3355 Opus
2383 3284 2693 3340 faciendum
2722 3283 2960 3338 credidit
2988 3299 3004 3337 ι
3029 3298 3171 3353 quos
3194 3283 3412 3337 illorum
3437 3287 3569 3337 tunc

1993 3382 2359 3449 metropolens
2396 3382 2705 3433 moderator
2758 3393 2823 3432 ac
2864 3387 3045 3431 rector
3096 3376 3411 3437 Eleazarus,
3461 3376 3581 3432 ins-

1994 3472 2160 3525 tinctu
2190 3471 2379 3527 divino
2402 3481 2605 3535 motus,
2630 3486 2794 3525 senes
2816 3486 2880 3525 ex
2907 3485 3236 3541 unaquaque
3263 3470 3406 3524 tribu
3438 3469 3582 3525 elec-

1995 3576 2078 3619 tos
2102 3565 2341 3619 miserat.
2368 3564 2735 3629 Quamobrem
2760 3579 2827 3617 ne
2858 3563 2973 3632 ipsa
2993 3564 3216 3633 quidem
3261 3563 3575 3618 Juda‘orum

1994 3656 2464 3727 impudentissima
2493 3657 2643 3710 natio
2670 3658 2972 3726 quidquam
3002 3657 3136 3726 ipsis
3177 3657 3422 3727 ohjicere
3479 3672 3582 3710 au-

1994 3752 2105 3811 det,
2130 3766 2307 3818 neque
2331 3750 2493 3803 ullam
2521 3764 2762 3817 unquam
2800 3750 3245 3819 reprehensionis
3282 3750 3463 3805 labem
3501 3750 3580 3804 illi

1995 3846 2139 3899 facto
2163 3858 2451 3912 aspergere
2484 3860 2496 3896 :
2526 3842 2620 3896 sed
2655 3842 3061 3912 Scripturarum
3106 3844 3370 3912 quasdam
3435 3844 3578 3899 forte

1997 3937 2264 3991 dictiones
2288 3936 2477 3990 leviter
2509 3936 2803 3989 immutare
2848 3945 3143 4001 conantur,
3186 3952 3311 4006 qua:
3358 3937 3578 3992 etiamsi

1996 4030 2337 4098 accipiantur
2361 4038 2521 4097 prout
2554 4030 2837 4099 hidicuut,
2861 4029 2993 4082 nihil
3030 4038 3213 4083 tamen
3261 4030 3583 4099 discrepant

1998 4138 2028 4178 8
2069 4138 2199 4176 νειτο
2244 4137 2407 4177 sensu
2417 4159 2432 4176 ο

2072 4306 2122 4358 7.
2156 4305 2235 4358 Tu
2262 4318 2391 4358 vero
2412 4302 2503 4357 die
2529 4299 2684 4366 mihi,
2710 4303 2959 4370 obsecro,
2986 4303 3274 4372 cuiusnam
3320 4304 3581 4374 principis

1996 4399 2155 4467 jussu
2186 4406 2240 4453 et
2263 4412 2372 4467 quo
2397 4413 2461 4452 ex
2489 4397 2609 4451 loco
2646 4395 2944 4467 Scriptum
2972 4408 3184 4452 textum
3227 4398 3583 4467 arripuerunt

309 4479 359 4535 οἱ
393 4481 463 4548 τῇ
492 4479 604 4537 τῶν
642 4478 892 4549 ’Δράϐων
937 4482 1080 4535 είσὶν
1114 4482 1475 4545 ὲκδεδωκότες
1526 4484 1792 4553 διαλέκτῳ
1826 4484 1883 4535 τὲ

2002 4491 2060 4555 ii,
2074 4490 2167 4560 qui
2192 4490 2407 4545 divinos
2429 4490 2599 4545 libros
2615 4490 2905 4544 ediderunt
2921 4491 3150 4545 Arabica
3174 4492 3357 4561 lingua
3373 4492 3397 4546 ?
3412 4510 3586 4564 quan—

312 4573 416 4641 τῆς
450 4574 487 4625 Γ
498 4574 719 4643 ραφῆς;
773 4574 868 4628 καὶ
915 4575 1090 4657 πότε;
1134 4577 1228 4627 καὶ
1280 4576 1430 4639 τίνες
1478 4575 1542 4644 δὴ
1592 4572 1761 4637 οὗτοι,
1800 4576 1895 4628 καὶ

312 4665 495 4717 ὁποῖοί
531 4683 678 4727 τινες
733 4660 895 4735 ἦσαν,
931 4669 1026 4719 καὶ
1076 4668 1237 4720 πόσοι
1290 4669 1383 4719 τὸν
1435 4667 1707 4738 aptam;
1755 4666 1897 4719 Ἀλλ’

315 4757 418 4809 οὐκ
458 4756 521 4809 ἂν
552 4755 735 4826 ἔχοιςο
785 4759 1009 4811 πάντων
1048 4760 1159 4827 γάρ
1209 4758 1336 4828 ἑξῆς
1384 4761 1656 4829 ἁμοιρείς,
1711 4754 1792 4821 οἷς
1831 4759 1899 4811 τὰ

316 4848 447 4901 καθ’
476 4850 624 4917 ἡμᾶς
661 4849 720 4902 τὺ
753 4849 973 4911 βέϐαιον
1004 4851 1121 4921 ἔχει
1150 4867 1163 4881 ·
1193 4852 1252 4903 τὸ
1289 4852 1333 4903 δ’
1368 4851 1606 4920 ὑποψίαν
1638 4852 1900 4920 παρέχειν

317 4941 416 4994 καὶ
453 4941 613 5010 μόνον
668 4942 871 4997 ἅπασιν
909 4946 1114 4999 ίκανὸν.
1152 4946 1306 4998 Μετὰ
1354 4946 1461 5013 γάρ
1496 4926 1603 5016 τὴν,
1638 4947 1735 5014 τῆς
1773 4946 1907 5014 Θρη-

321 5033 517 5096 σκείας
548 5034 645 5087 τοῦ
683 5035 930 5103 Μωάμεθ
978 5038 1296 5106 φανέρωσιν
1356 5039 1517 5106 ὑμεῖς
1574 5039 1727 5091 αὑτοὶ
1776 5040 1908 5090 πάνυ

320 5141 436 5187 τως
470 5127 619 5194 μόνοι
674 5131 752 5191 είς
805 5128 906 5198 τὴν
952 5130 1228 5199 ὑμετέραν
1270 5134 1455 5203 φωνὴν
1505 5131 1777 5201 ἠμείψατε
1809 5133 1907 5200 τὴν

320 5215 573 5292 Γραφὴν,
604 5222 739 5289 ὅπερ
769 5224 1029 5287 ἐναντίως
1062 5226 1184 5294 ἔχον
1223 5227 1336 5287 τοῖς
1366 5224 1496 5294 παρ’
1531 5226 1664 5293 ἡμῖν
1711 5225 1905 5278 ἀποδέ-

323 5312 558 5369 δεικται.
592 5315 756 5368 Ὅθεν
806 5316 891 5381 τίς
942 5318 1009 5372 ἄν
1049 5318 1140 5370 νοῦ
1181 5318 1424 5388 μετέχων
1458 5320 1571 5380 τοῖς
1614 5320 1905 5388 ἡμετέροις

316 5404 572 5458 ἀπιστῶν
626 5410 739 5471 τοῖς
790 5409 1082 5479 ὑμετέροις
1136 5410 1519 5477 πιστεύσειεν;
1549 5410 1608 5464 El
1656 5412 1755 5481 μὲν
1804 5409 1900 5466 οὖν

315 5489 467 5565 ἦσθα
490 5498 763 5552 πιστεύων
784 5502 895 5559 τοῖς
922 5504 1357 5573 γεγραμμένοις,
1386 5504 1485 5556 οὑκ
1511 5505 1577 5556 ἂν
1600 5505 1730 5573 ἡμῖν
1755 5501 1897 5576 ἦσαν

394 5614 476 5685 (1)
501 5612 638 5669 Cod.
678 5614 906 5671 Coislin.
943 5612 1121 5681 οὗτος.

2005 4583 2075 4637 do
2105 4581 2393 4636 fecerunt?
2421 4584 2666 4651 quinam,
2693 4586 2908 4653 quales,
2935 4596 3067 4654 quot
3109 4601 3263 4641 erant
3288 4588 3394 4641 ?At
3438 4591 3582 4643 enim
3652 4602 3660 4617 ’

2008 4676 2122 4729 hmo
2143 4674 2399 4742 expedire
2437 4692 2545 4729 non
2573 4687 2724 4744 potes
2752 4694 2764 4729 :
2791 4679 3048 4732 omnibus
3070 4682 3297 4734 omnino
3324 4681 3589 4738 destitue-

2008 4768 2083 4819 ris
2105 4766 2386 4829 subsidiis,
2424 4769 2624 4836 quibus
2655 4781 2840 4825 nostra
2885 4772 3067 4826 versio
3098 4772 3345 4828 ﬁrmatur
3373 4793 3386 4840 ;
3412 4775 3584 4829 solam

2010 4876 2138 4914 vero
2155 4862 2519 4929 suspicionem
2551 4878 2788 4925 movere,
2819 4866 2897 4917 vel
2920 4867 3179 4921 omnibus
3212 4867 3357 4922 licet.
3405 4870 3592 4938 Siqui-

2008 4952 2132 5007 dem
2161 4963 2281 5021 post
2304 4952 2677 5009 Maomethica:
2700 4956 2975 5025 religionis
2993 4969 3174 5013 ortum
3198 4959 3298 5028 ipsi
3320 4968 3467 5014 certe
3488 4961 3591 5015 soli

2010 5056 2180 5095 sacra:
2204 5042 2501 5111 Scripturae
2521 5045 2692 5099 libros
2714 5058 2951 5101 vestram
2986 5048 3039 5101 in
3068 5050 3309 5118 linguam
3345 5059 3589 5105 transtu-

2012 5134 2329 5205 listis.quod
2350 5140 2793 5205 centragvcrsioni
2818 5153 3016 5196 nostrae
3044 5144 3314 5198 accidisse
3359 5144 3591 5199 demon-

2011 5231 2333 5285 stravimus.
2361 5231 2491 5295 Qua:
2520 5248 2644 5287 cum
2673 5233 2745 5286 ita
2779 5234 2911 5298 sint,
2958 5234 3104 5302 quis,
3127 5250 3335 5302 quaeso,
3394 5235 3593 5289 tuentis

2012 5337 2238 5391 compos
2258 5323 2630 5379 nostrislibris
2647 5324 2873 5391 diuidat,
2918 5326 3118 5378 vestris
3152 5326 3313 5380 tidem
3358 5327 3596 5379 haheat?

2011 5410 2401 5477 Quamobrem,
2418 5415 2460 5466 si
2486 5412 2784 5484 Scripturis
2797 5416 3070 5481 crederes,
3091 5416 3449 5485 nouimultum
3470 5418 3591 5472 hera

2007 5505 2090 5559 cle
2114 5505 2271 5558 nobis
2289 5506 2488 5573 negotii
2508 5506 2872 5563 lacesseretur
2896 5526 2911 5565 ;
2937 5508 3217 5580 Scriptura
3240 5511 3387 5569 enim
3416 5515 3598 5571 omnis

1989 5620 2257 5677 vindicari
2297 5636 2485 5689 posse,
2528 5623 2798 5679 innumeri
2850 5626 3372 5683 demonstraverunt
3410 5648 3422 5685 :
3454 5632 3601 5687 inter

397 5684 485 5753 (2)
531 5688 891 5765 feptnaginta
926 5692 1319 5765 _versionem,A
1353 5692 1443 5746 ulti
1504 5692 1571 5745 al)
1608 5692 1889 5765 Allebraieo
1993 5695 2133 5765 alios
2160 5684 2474 5765 liudovicus
2499 5696 2790 5764 (.‘app'ellus
2814 5698 2866 5751 in
2898 5697 3098 5753 Critica
3132 5716 3313 5765 sacra,
3339 5684 3591 5764 Parisiis;

322 5762 479 5809 textu
513 5757 761 5820 dissidet,
787 5773 816 5810 a
850 5760 975 5813 dolo
1009 5775 1246 5826 semper,
1273 5762 1547 5817 aberrare
1570 5762 1892 5835 plerumque
1996 5763 2121 5818 Seb.
2157 5762 2458 5834 Crantoisy,
2494 5757 2654 5833 16515,
2682 5767 2734 5820 in
2770 5768 2867 5823 fol.

607 5857 875 5918 Ριτιωι.
920 5862 1035 5917 Gn.
1066 5858 1240 5917 CLVI

3125 5872 3162 5928 5
