4048 6224
465 309 574 375 130

1663 311 1878 370 MANU
1891 308 2062 367 ELIS
2103 307 2191 367 ΡΑ
2202 302 2551 370 LJEOLOGI

3623 299 3736 365 170

467 426 631 499 (mihi
659 426 846 495 creile')
880 433 1113 478 vestram
1149 422 1497 491 apertissime
1531 434 1806 495 oppugnat
1836 423 2034 492 religio.

2158 425 2329 478 πολλά
2361 427 2663 496 πράγματα
2689 439 2702 451 ·
2735 420 3036 494 διαρρήδην
3072 422 3176 492 γὰρ
3206 415 3287 492 (εὖ
3331 419 3460 492 ἴσθι)
3497 422 3733 492 μάχεται

469 535 614 574 nem.
645 519 816 584 Quam
850 516 1126 586 quomodo
1155 516 1412 570 admirati
1449 523 1503 570 et
1531 517 1762 586 amplexi
1792 518 1858 570 ab
1894 517 2050 569 initio

466 610 699 673 fueritis,
719 609 824 662 etsi
847 607 1001 661 multi
1021 608 1251 662 multum
1274 608 1564 670 mirentur,
1586 610 1718 664 mihi
1741 619 1919 663 tamen
1933 624 2048 684 non

465 704 606 755 idem
642 716 741 754 usu
780 701 946 754 venit.
971 701 1101 754 Eam
1131 702 1275 755 enim
1306 716 1428 756 cum
1464 703 1702 770 plurium
1723 703 1948 756 deorum
1972 701 2050 755 si-

462 807 802 862 gnorumque
830 792 1148 846 adoratione
1164 796 1553 848 commutastis
1581 809 1597 846 :
1626 795 1769 848 unde
1796 809 1902 848 non
1925 795 2049 849 ideo

460 885 686 952 praecise
718 885 1056 952 vituperandi
1086 887 1239 950 estis,
1274 887 1368 940 Sed
1394 885 1521 955 quia
1541 895 1729 955 postea
1759 901 1867 939 non
1887 901 2042 940 eam-

459 977 581 1029 dem
604 977 862 1032 servastis
889 978 1084 1048 legem,
1106 993 1301 1048 nempe
1325 987 1382 1032 ut
1414 980 1608 1033 iterum
1637 979 1704 1033 ab
1724 979 1901 1033 istbac
1949 993 2046 1033 ve-

459 1079 571 1120 stra
605 1069 868 1139 religione
888 1071 953 1123 ad
975 1072 1414 1140 praestantiorem
1443 1073 1604 1126 aliam
1667 1071 2043 1126 transiliretis.

460 1163 564 1216 Sed
589 1162 851 1230 quoa-tiam
885 1161 1188 1232 Seriptnris
1217 1165 1376 1218 [idem
1410 1165 1628 1219 interim
1657 1167 1908 1231 deregas,
1942 1163 2046 1216 hac

459 1254 576 1320 lege
599 1260 841 1317 utamur,
871 1263 928 1308 ut
959 1254 1001 1308 si
1037 1270 1198 1323 quem
1227 1254 1524 1322 Scriptura:
1557 1256 1736 1309 locum
1769 1255 1836 1308 ab
1871 1252 2044 1307 altero

458 1347 681 1398 allatura
716 1347 856 1399 alter
879 1345 1150 1411 admittet,
1184 1356 1332 1400 recte
1358 1349 1411 1402 in
1446 1347 1822 1416 disputatione
1852 1354 2044 1400 nostra

455 1453 485 1488 e
510 1438 681 1493 sacris
709 1438 948 1493 oraculis
977 1439 1203 1507 petitum
1232 1441 1524 1506 auxilium,
1555 1440 1735 1510 quoad
1766 1441 1878 1492 ﬂeri
1913 1443 2044 1509 pos-

456 1529 548 1596 sit,
583 1530 926 1584 adhibeatur.
963 1529 1064 1584 Ubi
1091 1532 1254 1585 aliter
1285 1531 1519 1594 accidct,
1573 1532 1718 1601 quod
1765 1531 2040 1598 reliquum

455 1631 561 1685 est,
601 1622 1024 1677 ratiocinatione
1053 1623 1320 1677 utendum
1354 1624 1462 1678 erit
1490 1662 1505 1686 ,
1535 1638 1748 1695 proque
1784 1623 2042 1677 facultate

457 1714 832 1783 probabilibus
859 1715 1178 1769 enitendum
1203 1717 1544 1786 argumentis
1569 1757 1584 1781 ,
1615 1727 1676 1772 ut
1728 1733 1835 1786 qua
1887 1728 2041 1787 parte

457 1815 562 1860 stet
589 1807 789 1859 veritas
821 1807 1160 1874 reperiamus
1190 1825 1204 1860 :
1231 1809 1276 1861 si
1312 1819 1516 1874 tamen,
1554 1810 1776 1878 hospes,
1807 1809 1916 1863 hoc
1939 1809 2035 1864 tibi

455 1911 672 1965 quoque
699 1896 771 1948 ita
797 1896 1068 1951 videatur.
1093 1896 1224 1962 Qua:
1242 1915 1364 1952 cum
1379 1914 1480 1968 ego
1506 1899 1796 1965 dixissem,
1833 1902 2035 1955 annuit

457 1990 567 2052 ille,
591 1996 645 2042 et
695 1987 904 2064 bunt-lin
930 1991 1152 2045 modum
1173 1990 1604 2046 disserereinter
1634 2006 1733 2046 nos
1754 1993 2036 2045 convenit.

528 2083 583 2146 8,
639 2083 775 2138 Tum
825 2085 895 2148 is,
913 2083 1033 2138 Tibi
1053 2084 1239 2147 etiam,
1261 2081 1458 2152 inquit,
1479 2091 1666 2137 nostro
1693 2082 1758 2137 de
1784 2096 2040 2137 sermone

454 2174 914 2231 consideramlum
942 2185 1048 2241 est,
1077 2174 1356 2246 quomodo
1386 2188 1513 2228 eum
1547 2175 1817 2244 integrum
1849 2175 1916 2228 ab
1937 2191 2038 2228 an-

457 2262 590 2332 gelis
623 2263 890 2331 incipiens
919 2276 1205 2320 contexas.
1237 2263 1353 2333 Ego
1383 2278 1539 2329 vero,
1573 2263 1619 2318 si
1647 2264 1779 2333 quid
1819 2280 2036 2331 eorum,

455 2371 577 2425 qua:
603 2357 882 2425 dicuntur,
917 2374 1025 2412 non
1062 2359 1391 2428 probavero,
1422 2357 1609 2412 statim
1645 2370 1938 2427 exponam,
1985 2367 2040 2412 et

463 2447 528 2500 tle
551 2446 670 2516 illo,
697 2449 840 2517 quod
873 2450 1080 2504 nostris
1101 2449 1318 2519 placitis
1362 2449 1649 2504 dissonum
1703 2464 2036 2518 cognovero,

455 2540 588 2609 quid
635 2541 737 2612 ipsi
790 2543 1101 2599 sentiamus
1151 2543 1378 2613 insuper
1425 2544 1724 2600 euarrabo.
1763 2542 1913 2609 Esto,
1953 2550 2039 2598 tn-

455 2646 648 2702 quam,
675 2634 760 2688 vir
789 2633 993 2702 Optime
1024 2654 1038 2689 :
1076 2644 1355 2705 utcunque
1403 2635 1560 2692 vobis
1589 2636 1832 2703 libuerit,
1862 2636 2041 2692 facere

453 2728 717 2782 conabor.
795 2727 862 2781 Et
931 2728 1170 2798 primum
1248 2729 1471 2798 quidem
1543 2730 1766 2798 angelos
1831 2730 2039 2800 aliquid

451 2832 698 2876 creatum
753 2836 876 2878 esse
955 2821 1224 2889 dicimus,
1283 2829 1370 2886 et,
1439 2829 1498 2877 ut
1559 2832 1753 2877 caetera
1818 2823 2036 2887 omnia,

453 2913 525 2970 ob
579 2911 858 2968 Creatoris
913 2914 1210 2970 bonitatem
1275 2926 1492 2971 creatos
1529 2916 1678 2986 (nam
1715 2916 1928 2986 quibus,
1972 2917 2038 2970 ad

451 3007 857 3063 subsistendum
931 3023 1038 3062 nun
1107 3008 1382 3076 indigebat
1414 3045 1429 3070 ,
1485 3022 1582 3062 eos
1620 3046 1637 3071 ,
1708 3007 1810 3061 nisi
1849 3008 2035 3062 fuisset

453 3115 670 3156 summe
704 3102 902 3166 bonus,
923 3115 1206 3168 nunquam
1233 3099 1534 3168 creasset),
1558 3100 1790 3170 simplici
1816 3101 2036 3154 eadem-
2059 3083 2104 3144 (δ

450 3206 558 3261 que
591 3202 784 3245 natura
813 3191 1071 3260 praeditos
1092 3192 1531 3255 omnes,etiamsi
1552 3191 1769 3258 ordine,
1791 3201 1846 3246 et
1877 3193 2037 3246 mini-

451 3281 602 3335 stcrii
627 3282 820 3349 gradu,
851 3291 907 3336 et
975 3283 1042 3337 ad
1096 3282 1264 3336 Deum
1309 3284 1836 3354 appropinquatione
1897 3282 2034 3337 alius

450 3375 619 3429 alium
664 3377 973 3438 antecedat,
1014 3375 1320 3430 luminosos
1375 3377 1652 3443 ctlnmeu,
1675 3383 1726 3430 et
1750 3377 1866 3431 sive
1897 3376 2034 3430 ditii-

451 3467 624 3522 culter
651 3467 881 3523 mobiles
907 3468 976 3522 ad
1002 3468 1228 3535 malum,
1259 3468 1373 3522 sive
1410 3470 1573 3522 etiam
1610 3477 1731 3538 post
1770 3469 2034 3526 damon-is

454 3559 818 3615 defectionem
844 3559 1167 3629 lapsumque
1207 3559 1433 3613 omnino
1491 3574 1596 3614 non
1645 3560 1893 3614 mobiles.
1943 3560 2033 3614 Et-

457 3653 604 3708 enim
665 3664 814 3706 moto
838 3653 932 3707 illo
997 3652 1170 3720 (scitis
1196 3651 1309 3722 jam
1335 3652 1714 3732 istud,0pittor
1736 3652 1778 3723 ),
1807 3653 2033 3714 biplane

452 3745 666 3804 immoti
711 3753 1133 3813 permanserunt
1177 3761 1191 3798 :
1239 3745 1544 3811 meritoque
1598 3759 1730 3799 sane
1779 3745 2033 3814 conjiciat

450 3834 595 3904 quis,
624 3835 1083 3905 quemadmodqu
1116 3833 1264 3904 ju'ste
1299 3834 1547 3889 derelicti
1599 3837 1780 3891 sintet
1827 3838 1892 3891 ad
1941 3853 2034 3906 pe-

445 3929 563 3994 jora
584 3938 846 3998 perpetuo
871 3928 1134 3994 ferantur,
1157 3929 1250 4000 qui
1270 3930 1438 3986 semel
1460 3931 1601 3985 male
1623 3932 1756 3986 moti
1784 3931 2026 4000 fuerint;

453 4020 525 4072 ita
559 4019 680 4082 bos,
707 4019 850 4088 quod
898 4019 1038 4073 lirmi
1099 4020 1426 4085 manserint,
1466 4020 1569 4074 hoc
1619 4020 1848 4089 majoris
1903 4037 2030 4091 pro-

450 4128 675 4176 gressus
707 4113 913 4166 donum
942 4127 970 4164 a
998 4112 1108 4166 Deo
1143 4113 1447 4182 accepisse,
1481 4121 1538 4166 ut
1569 4129 1882 4183 quanquam
1931 4131 2028 4169 eo-

454 4222 572 4259 rum
607 4215 800 4260 nalura
825 4223 925 4262 suo
953 4207 1074 4260 loco
1096 4217 1361 4270 maneret,
1382 4207 1485 4276 ipsi
1515 4218 1694 4262 tamen
1723 4209 1862 4263 idem
1884 4211 2029 4278 quod

450 4297 586 4366 lapsi
625 4314 905 4367 nunquam
942 4298 1050 4366 pati
1082 4307 1321 4365 possent.
1350 4296 1611 4367 Nequeid
1668 4308 1903 4365 tantum,
1932 4304 2026 4355 sed

2155 518 2222 569 τὸ.
2251 516 2351 587 τῆς
2376 517 2602 587 Γρσφῆς
2633 514 2810 568 πάντα
2850 516 2916 584 τῇ
2958 512 3083 566 καθ’
3115 512 3260 582 ὑμᾶς
3301 511 3589 582 θρησκείᾳ.
3631 513 3734 564 Ἢν

2153 610 2301 672 ὅπως
2359 626 2417 661 τε
2473 608 2755 679 ὴγάσθητε
2808 610 2904 660 καὶ
2962 607 3344 678 παρειλήφατε
3391 605 3491 674 τὴν
3532 604 3733 673 ἀρχὴν,

2153 703 2366 757 πολλῶν
2407 704 2542 756 πολὺ
2572 702 2990 772 θαυμαζόντων,
3024 701 3189 764 αὐτὸς
3222 701 3285 753 οὐ
3320 698 3479 752 τοῦτο
3513 698 3732 766 πάσχω.

2153 796 2452 859 Πολυθετας
2483 796 2592 867 γάρ
2623 812 2705 849 τοι
2742 795 2843 849 *καὶ
2891 793 3128 849 εἰδώλων
3157 790 3567 861 ἀντηλλάξασθε
3597 792 3734 842 ταύο

2150 904 2249 956 την
2269 903 2283 918 ο
2315 887 2432 940 ἀνθ’
2465 881 2538 940 ὧν
2567 887 2629 940 οὐ
2683 887 2836 956 παρὰ
2867 884 3028 940 τοῦτο
3066 886 3274 938 ’δίκαιοι
3318 881 3727 943 διαδὰλλεσθαι.

2149 972 2376 1028 ἀλλ’ὅτι
2443 972 2517 1044 μὴ
2569 973 2662 1026 τὸν
2692 974 2856 1028 αὐτὸν
2905 974 3214 1043 ὲτηρήσατε
3254 974 3440 1041 νόμον,
3491 971 3568 1034 ὡς
3617 971 3728 1024 ἀπὸ

2149 1067 2356 1138 ταύτης
2390 1067 2774 1136 μεταπηδήσαι
2811 1065 2972 1120 πάλιν
3004 1067 3096 1119 ἐπὶ
3123 1065 3220 1135 τὴν
3251 1063 3505 1135 κρείττω.
3549 1061 3731 1114 Ἐπει-

2147 1159 2210 1228 δὴ
2238 1159 2292 1211 δὲ
2324 1161 2448 1222 ταῖς
2471 1159 2719 1230 Γραφαῖς
2751 1161 2812 1212 οὐ
2856 1157 3034 1226 βούλει
3083 1156 3373 1210 πείθεσθαι
3402 1156 3560 1218 τέως,
3595 1153 3730 1208 ἔνθα

2150 1250 2251 1319 μέν
2311 1266 2367 1301 τι
2420 1250 2675 1315 λέγοντος
2729 1249 2962 1320 θατέρου
3018 1247 3120 1316 τῆς
3173 1247 3419 1317 Γραφῆς.
3453 1247 3482 1300 6
3539 1245 3732 1314 ἕτερος
3795 1255 3812 1308 ⁸,

2147 1341 2304 1413 ἡμῶν
2357 1343 2697 1410 ἀποδέχοιτο,
2733 1342 2901 1396 καλὸν
2942 1342 3040 1411 τῆς
3071 1341 3181 1395 τῶν
3232 1340 3430 1408 λογίων
3471 1338 3728 1409 βοηθείας

2149 1438 2445 1508 μετασχεῖν
2475 1437 2626 1504 ἡμῖν,
2668 1436 2744 1498 ὡς
2771 1430 2886 1488 οἷόν
2914 1452 2999 1500 τε,
3046 1435 3145 1504 τὴν
3176 1431 3437 1498 διάλεξιν.
3469 1431 3639 1484 Ἔνθα
3683 1429 3713 1482 δ

2147 1532 2213 1584 ἂν
2273 1528 2450 1592 ἄλλως
2507 1529 2672 1582 τοῦτο
2734 1529 3006 1598 συμϐαίη,
3066 1526 3095 1580 ὃ
3152 1525 3360 1591 λοιπὸν,
3419 1525 3534 1586 τοῖς
3584 1523 3734 1590 λογι-

2148 1623 2305 1692 σμοῖς
2343 1621 2420 1695 (l)
2479 1623 2769 1692 χρηστέον,
2811 1623 2907 1674 καὶ
2947 1621 3026 1692 τῷ
3073 1620 3245 1674 εἰκότι
3298 1617 3590 1687 πειρατέον
3645 1615 3730 1683 είς

2143 1713 2399 1783 δύναμιν,
2429 1715 2535 1784 ὅπη
2583 1713 2649 1768 ἂν
2681 1714 2781 1786 ἔχῃ
2825 1712 3059 1782 τάληθὲς
3097 1713 3280 1782 εὑρεῖν
3304 1727 3319 1745 ο
3350 1711 3444 1763 ἐὰν
3469 1705 3528 1783 ᾖ,
3559 1709 3726 1776 φημὶ,

2143 1808 2238 1860 καὶ
2280 1809 2365 1861 σοι
2412 1808 2565 1861 τουτὶ
2606 1807 2880 1877 ἡδομένῳ.
2924 1807 3032 1861 Καὶ
3067 1806 3128 1866 ὃς
3179 1804 3411 1875 ἐπῄνεσε
3441 1803 3503 1856 τὸ
3533 1801 3724 1873 ῥηθὲν,

2141 1897 2237 1951 καὶ
2273 1896 2580 1966 συνέσημεν
2614 1897 2708 1950 τὸν
2734 1895 2938 1967 τρόπον
2969 1894 3160 1950 τοῦτον
3188 1893 3556 1966 διαλεχθῆναι.

2212 2086 2282 2148 η’.
2314 2080 2424 2134 Καί
2456 2097 2537 2133 σοι
2568 2079 2858 2143 σκεπτέον,
2888 2078 3019 2147 ἔφη,
3059 2077 3190 2147 περὶ
3223 2075 3318 2130 τοῦ
3355 2075 3539 2144 λόγου,
3572 2075 3724 2139 ὅπως

2140 2172 2302 2226 τοῦτο
2337 2173 2558 2240 ὑφανεῖς
2600 2173 2809 2242 ἄρτιον,
2837 2172 2946 2226 ἀπὸ
2969 2170 3079 2224 τῶν
3104 2170 3353 2239 ἀγγέλων
3388 2167 3720 2238 ἀρξάμενος.

2153 2265 2296 2333 Ἐγὼ
2325 2265 2383 2319 δὲ
2414 2266 2442 2320 ὅ
2469 2283 2524 2319 τι
2551 2265 2659 2320 τῶν
2691 2265 3002 2334 λεγομένων
3030 2263 3132 2317 οὒκ
3163 2262 3526 2332 ἀποδέξομαι,
3557 2259 3721 2323 λέξω,

2141 2362 2237 2413 καὶ
2269 2360 2566 2430 προσθήσω
2591 2358 2692 2428 τὴν
2720 2357 2999 2429 ἡμετέραν
3026 2356 3185 2424 δόξαν
3211 2355 3386 2408 εἰπεῖν
3411 2352 3544 2423 περὶ
3575 2351 3724 2404 ὲκεί-

2140 2472 2232 2507 νου
2259 2469 2344 2515 γε,
2365 2453 2502 2521 ὅπερ
2537 2452 2604 2505 ἂν
2626 2450 2838 2521 ἀπᾷδον
2864 2450 3054 2519 γνοίην
3074 2448 3184 2502 τῶν
3206 2446 3492 2518 ἡμετέρων
3511 2439 3724 2511 δογμά-

2141 2563 2270 2599 των.
2303 2541 2449 2605 Εἶεν,
2487 2544 2646 2614 ἔφην,
2678 2537 2724 2597 ὦ
2755 2541 3005 2612 βέλτιστε
3028 2557 3045 2573 ο
3091 2540 3168 2604 ὡς
3197 2540 3263 2594 ἂν
3370 2538 3722 2608 βουλομένοις

2143 2637 2272 2706 ὑμῖν
2298 2635 2504 2706 πρᾶξαι
2539 2635 2898 2707 πειράσομαι.
2938 2633 3049 2690 Καὶ
3099 2633 3238 2705 δῆτα
3286 2632 3414 2696 τοὺς
3449 2629 3726 2699 ἀγγέλους

2143 2731 2304 2799 ἡμεῖς
2331 2729 2394 2781 τὸ
2445 2729 2662 2799 πρῶτον
2713 2721 2855 2782 εῖναι
2899 2726 3134 2797 λέγομεν
3175 2722 3591 2795 δημιούργημα,
3623 2722 3725 2777 καὶ

2141 2824 2367 2886 τούτους
2395 2823 2452 2877 δὲ
2502 2823 2599 2877 καὶ
2642 2824 2824 2876 πάντα
2870 2819 3374 2893 δεδημιουργῆσθαι
3409 2818 3478 2872 δι’
3515 2817 3720 2886 ἀγαθός

2141 2936 2278 2990 τητα
2323 2916 2417 2970 τοῦ
2456 2913 2804 2985 Δημιουργοῦ
2839 2909 2936 2985 (ὦν
2970 2913 3081 2984 γὰρ
3124 2913 3226 2966 οὐκ
3273 2912 3445 2966 ἐδεῖτο
3474 2911 3610 2981 πρὸς
3654 2909 3723 2962 τὸ

2148 2995 2522 3072 συνίστασθαι,
2561 3008 2662 3059 οὐκ
2696 3007 2761 3061 ἀν
2792 3008 2908 3060 ποτ’
2936 3006 3156 3074 ἐγένετο
3185 3005 3394 3059 τούτων
3442 3004 3718 3073 δημιουρ-

2137 3102 2253 3169 γδς,
2293 3100 2369 3171 μὴ
2409 3095 2882 3168 ύπεράγαθοςῶν)
2913 3095 3120 3158 ἁπλοῦς
3151 3095 3251 3161 τὴν
3283 3093 3446 3162 φύσιν
3476 3093 3716 3154 πάντας,

2139 3195 2234 3248 καὶ
2260 3195 2360 3263 τὴν
2390 3194 2564 3265 αὐτὴν
2591 3193 2835 3262 ἔχοντας,
2873 3191 2978 3246 κᾶν
3008 3191 3168 3254 ἀλλος
3207 3189 3370 3243 ἄλλου
3398 3187 3546 3254 τάξει
3575 3203 3706 3255 προ·

2137 3287 2257 3357 έχῃ,
2305 3285 2404 3340 καὶ
2457 3286 2652 3356 βαθμῷ
2686 3283 2986 3348 διακονίας,
3013 3283 3109 3337 καὶ
3136 3284 3201 3352 τῇ
3244 3281 3380 3353 πρὸς
3429 3282 3490 3335 τὺ
3550 3280 3708 3332 Θεῖον

2137 3380 2426 3451 ὲγγύτητι,
2463 3380 2799 3448 φωτοειδεῖς,
2831 3378 2927 3432 καὶ
2956 3375 3135 3446 φῶτα,
3177 3376 3277 3430 καὶ
3305 3376 3423 3444 ἦτοι
3453 3374 3715 3443 δυσκινή-

2136 3487 2265 3536 τους
2303 3473 2441 3544 πρδς
2461 3470 2736 3537 τὸ-κακδν,
2769 3470 2801 3541 ἢ
2832 3469 3125 3540 ἀκινήτους
3175 3469 3313 3539 μετά
3343 3469 3442 3538 τὴν
3469 3468 3563 3520 τοῦ
3601 3467 3715 3519 Σα-

2135 3568 2236 3620 τάν
2268 3565 2608 3619 ἀποστασίαν
2641 3565 2737 3617 καὶ
2768 3563 3068 3616 ἔκπτωσιν.
3109 3560 3256 3615 Ἀνθ⁹
3278 3553 3354 3614 ὧν
3384 3560 3597 3613 ἐκείνου
3628 3575 3717 3612 κι-

2135 3659 2394 3730 νηθέντος
2443 3659 2592 3735 ,(ῐστε
2620 3658 2752 3726 γὰρ,
2800 3657 2876 3717 ὡς
2935 3648 3175 3725 ἐγῷμαι)
3213 3654 3462 3720 ἀκίνητοι
3511 3652 3715 3715 τελέως

2135 3747 2284 3806 οὗτοι
2335 3749 2652 3819 διέμεινανο
2694 3747 2937 3803 εἰκάσειε
2977 3747 3086 3816 γὰρ
3120 3745 3184 3798 ἄν
3225 3761 3308 3807 τις
3354 3743 3602 3808 δικαίως,
3631 3745 3716 3806 ὡς

2135 3843 2394 3913 καθάπερ
2446 3842 2495 3894 οἱ
2539 3840 2726 3904 κακῶς
2773 3839 3092 3909 κινηθέντες
3126 3839 3351 3902 δικαίως
3405 3838 3721 3906 ἐγκατελεί-

2135 3937 2371 4005 φθησαν,
2429 3935 2522 3986 καὶ
2566 3934 2703 4002 πρὶς
2749 3932 2816 3985 τὰ
2868 3933 3038 4002 χείρω
3085 3929 3363 3984 κινοῦνται
3422 3929 3717 3999 διηνεκῶς,

2134 4024 2307 4088 οὕτως
2347 4025 2492 4078 οὗτοι
2542 4025 2730 4091 πάγιοι
2764 4021 3052 4094 μείναντες
3080 4020 3251 4090 δῶρον
3297 4021 3482 4074 θεόθεν
3519 4020 3715 4074 ἔλαϐον

2133 4117 2454 4179 ἐπιδόσεως,
2485 4119 2586 4184 τῆς
2637 4114 2854 4183 φύσεως
2884 4114 3065 4168 αὐτῶν
3112 4115 3253 4167 κατὰ
3297 4111 3482 4183 χώραν
3519 4113 3715 4182 μενού-

2136 4225 2256 4277 σης,
2295 4208 2367 4278 μὴ
2412 4206 2578 4260 ταυτὺ
2604 4209 2716 4268 τοῖς
2749 4208 3039 4260 ἐπταικόσι
3085 4206 3218 4260 ποτὲ
3251 4206 3465 4261 παθεῖν.
3495 4208 3570 4260 Οὐ
3609 4207 3713 4276 μό-

2134 4316 2224 4352 νον
2259 4299 2334 4361 δὲ,
2365 4298 2504 4350 ἀλλά
2555 4298 2652 4352 καὶ
2685 4299 2931 4366 ἀγαθοὺς
2962 4298 3185 4361 τούτους
3213 4298 3528 4368 δοξάζομεν.
3567 4300 3717 4368 Σογο

449 4397 506 4442 et
534 4389 706 4444 bonos
733 4404 852 4442 esse
885 4389 985 4442 hoc
1009 4387 1564 4443 existimamus.Nam
1590 4405 1742 4444 suam
1773 4403 2026 4446 naturam

2138 4390 2465 4458 γενεστέραν
2513 4389 2621 4457 γὰρ
2652 4388 2818 4458 φύσιν
2850 4393 2912 4459 τῇ
2966 4391 3186 4444 πάντων
3227 4389 3554 4462 δημιουργῷ
3602 4391 3716 4446 τῶν

453 4491 660 4534 natura!
684 4479 894 4549 opificis
921 4480 1168 4534 ontuiutn
1207 4479 1298 4534 Dei
1349 4482 1520 4550 magis
1558 4491 1839 4550 cognatam
1905 4500 2029 4540 esse

453 4572 808 4642 intelligimus
839 4587 1002 4640 quam
1061 4581 1291 4626 caeteras
1314 4586 1403 4626 res
1439 4572 1507 4626 ab
1553 4573 1742 4628 eadem
1788 4585 2024 4629 creatas.

449 4662 629 4727 Quare
661 4661 996 4717 immortales
1021 4661 1185 4716 etiam
1211 4675 1332 4714 esse
1363 4661 1656 4724 credimus,
1687 4670 1748 4715 ut
1783 4662 2027 4729 illorum,

449 4753 648 4822 quibus
678 4753 742 4806 ad
765 4753 926 4806 vitam
952 4750 1279 4819 indigemus,
1310 4751 1530 4804 minime
1564 4750 1795 4822 indiges.

520 4844 574 4898 9.
615 4843 712 4898 llic
738 4843 1230 4911 senex,Est,istud
1277 4843 1498 4913 quidem
1564 4859 1776 4912 rerum,
1829 4846 2024 4916 inquit,

525 4979 599 5050 tl)
628 4977 681 5032 In
704 4979 850 5031 hunc
883 4978 995 5031 fere
1035 4977 1253 5050 modum
1295 4981 1359 5050 «le
1389 4993 1492 5031 non
1527 4980 1864 5035 credentium
1898 4999 2022 5050 per-

450 5049 708 5104 Snasione
742 5050 966 5102 Pltotius
1018 5048 1367 5114 Ampbiloch.
1421 5059 1618 5117 quiest.
1682 5067 1824 5113 ποετ,
1876 5048 2014 5111 (30.1.

449 5119 673 5173 Cuislin.
711 5119 837 5182 270,
876 5119 969 5192 [οι.
1005 5120 1105 5173 104
1135 5129 1316 5192 recte:
1353 5119 1477 5192 Τοῖς
1507 5137 1563 5171 τε
1600 5120 1708 5186 γὰρ
1744 5122 1843 5192 ἢδη
1886 5124 2016 5192 χρό·

449 5191 975 5264 νίζπεπιστευκότι,
1033 5192 1136 5264 καὶ-
1172 5188 1442 5264 μηδεμίαν
1507 5188 1842 5264 ἀμφιϐολίαν
1888 5188 2018 5264 περὶ

452 5260 543 5313 to?)
566 5261 687 5314 καθ’
713 5261 862 5329 ἡμᾶς
898 5261 1200 5328 μυστηρίου
1227 5259 1719 5329 παραδεχομένοις,
1753 5259 2015 5325 ὡσαύτως

449 5332 506 5383 δὲ
528 5333 619 5384 καὶ
649 5333 761 5392 τοῖς
784 5331 1002 5391 τελείως
1031 5334 1096 5400 τῇ
1137 5333 1363 5400 amati;
1404 5331 1862 5398 κεκρατημένοις,
1921 5336 2015 5386 καὶ

456 5402 530 5470 μὴ
568 5401 785 5470 θέλουσι
813 5400 899 5452 διὰ
944 5400 1050 5453 τῶν
1073 5399 1347 5468 σημείων
1399 5399 1536 5467 πρὸς
1595 5403 1691 5467 την
1733 5403 2020 5456 εὐσέϐειαν

451 5469 952 5541 χειραγωγηθῆναι,
987 5471 1141 5524 κενὸν
1169 5470 1259 5522 καὶ
1289 5471 1518 5541 μάταιον
1559 5471 1589 5539 ἡ
1638 5471 1744 5541 τῶν
1777 5475 2021 5541 σημείων

450 5542 734 5610 ἐπίδειξις.
769 5540 894 5600 Τοῖς
925 5541 980 5592 δέ
1016 5558 1076 5603 γε
1118 5545 1176 5592 ἐν
1212 5545 1274 5608 τῇ
1307 5540 1536 5606 ἀπιστία
1588 5539 2016 5610 τεθραμμένοις,

451 5604 573 5679 εἶτα
601 5604 784 5679 ἠρέμα
817 5626 932 5671 πως
966 5614 1088 5672 τοὺς
1125 5604 1416 5676 λογισμοὺς
1454 5604 1590 5679 πρὸς
1616 5604 1710 5678 τὴν
1738 5604 2022 5665 abissem

451 5677 712 5731 ἐνδιδόναι
751 5679 1214 5750 ὃιανισταμένοις,
1242 5682 1452 5742 τούτοις
1485 5677 1677 5732 οἰκεία
1705 5683 1796 5733 καὶ
1849 5683 2020 5750 πρόσ-

454 5763 618 5818 φορος
665 5750 780 5803 ,τῶν
840 5749 1156 5819 παραδόξων
1216 5750 1398 5821 ἔργων
1448 5750 1839 5819 ηκτοινέρωσνς.
1894 5749 2026 5808 Amo

2137 4482 2313 4537 ἄλλων
2343 4483 2451 4536 τῶν
2485 4483 2589 4536 ὑπὸ
2618 4483 2825 4552 ταύτης
2859 4483 3191 4538 κτισθέντων
3220 4484 3471 4554 νοοῦμεν.
3503 4485 3593 4538 Διὸ
3615 4487 3714 4540 καὶ

2137 4577 2437 4637 ἀθανάτους
2466 4571 2607 4639 εἶναι
2639 4576 2986 4647 πιστεύομεν,
3011 4576 3281 4640 ἀνενδεεῖς
3313 4578 3515 4642 τελέως
3540 4579 3719 4647 ὑπαι-

2136 4684 2328 4738 χοντας
2363 4662 2437 4721 ὧν
2469 4669 2632 4739 ἡμεῖς
2664 4669 2897 4739 δεόμεθα
2929 4669 3066 4740 πρὸς
3093 4668 3152 4722 τὸ
3178 4669 3297 4740 ζῇν.

2207 4849 2273 4905 θ’.
2305 4850 2488 4904 Πάντα
2530 4851 2651 4918 μὲν,
2681 4849 2707 4900 ὁ
2739 4848 2920 4920 γέρων
2951 4849 3078 4920 ἔφη,
3110 4849 3179 4902 ea
3229 4851 3497 4921 εἰρημένα
3530 4852 3710 4907 καὶά-

2126 4985 2398 5057 pliilneltia
2452 4985 2706 5046 Pbotii,a
2755 4986 2940 5040 multis
2977 4986 3196 5041 laudata
3257 4996 3310 5042 et
3377 4991 3714 5050 tentata,sed

2129 5060 2194 5110 ad
2231 5059 2332 5112 hoc
2356 5065 2569 5123 tempus
2603 5073 2884 5123 nunquam
2917 5058 3086 5120 edita,
3114 5069 3332 5111 exstant
3383 5061 3433 5111 in
3479 5069 3719 5124 quatuor

2126 5128 2284 5180 bonis
2335 5125 2620 5179 codicibus
2664 5127 3019 5182 Bibliotheca:
3069 5129 3272 5182 Caesar.
3337 5129 3709 5185 Patisiensis:

2123 5197 2460 5249 (loisliniauo
2490 5196 2690 5265 n.7270.
2713 5197 2929 5264 optime
2975 5205 3135 5261 uotze,
3159 5197 3356 5251 Phario
3378 5200 3489 5252 fere
3507 5214 3714 5265 cozevo,

2123 5266 2191 5319 de
2216 5282 2324 5334 quo
2359 5264 2748 5320 Montefaleuu.
2789 5266 3047 5320 Biblioth.
3088 5269 3257 5322 Cnisl.
3315 5269 3496 5322 Paris.
3549 5264 3714 5334 1715,

2124 5336 2220 5389 fol.
2246 5351 2369 5404 pag.
2400 5335 2506 5388 3‘25
2544 5353 2556 5404 ;
2591 5334 2760 5387 altero
2795 5337 2959 5402 ltegio
2988 5355 3040 5390 ιι.
3069 5339 3224 5404 12:28,
3268 5355 3393 5394 sane.
3413 5337 3482 5391 XI
3510 5355 3522 5390 :
3552 5344 3716 5396 tertio

2125 5407 2251 5478 item
2276 5403 2618 5478 liegiolﬁQ,
2641 5406 2915 5474 descripto
2945 5423 3014 5478 ex,
3033 5412 3152 5462 col.
3182 5403 3718 5478 n’t'mtisAtltojussu

2125 5476 2452 5547 Cltrysantlti
2491 5475 2721 5547 Natat-az,
2741 5481 2832 5543 qui
2860 5489 2977 5531 erat
3003 5475 3721 5547 Hierosolymispatriarcha

2123 5544 2377 5617 ιιηηοῖΔ
2415 5558 2428 5596 :
2474 5547 2582 5598 vid.
2643 5545 2715 5599 Le
2760 5547 2933 5611 Quieti
2989 5547 3199 5603 Oricnt.
3249 5544 3444 5604 Christ.
3504 5559 3545 5600 t.
3591 5547 3718 5617 ΙΙΙ,

2125 5615 2231 5688 col.
2278 5614 2382 5667 5:26
2425 5632 2452 5688 :_
2483 5624 2678 5684 quarto
2711 5634 2762 5668 η.
2815 5619 2883 5670 ὅθ
2939 5621 3305 5688 supplementi
3332 5617 3590 5683 ,duubus
3637 5614 3724 5672 tu;-

2128 5685 2259 5760 uris,
2279 5686 2556 5754 descripto
2591 5701 2817 5760 avorum
2873 5685 3188 5745 nostrorum
3234 5700 3395 5746 tetate
3452 5703 3518 5742 ex
3551 5690 3721 5760 [legio

2127 5755 2284 5823 1228,
2310 5772 2469 5826 quem
2493 5772 2651 5828 supra
2685 5759 2821 5812 dixi.

2339 5922 2372 5956 Ω
