4048 6224
323 266 417 339 ιιι

1276 271 1656 334 DIALOGUS
1704 270 1726 328 Ι
1775 267 1935 329 CUM
1975 267 2537 336 ΜΟΠΑΜΕΤΑΝΟ.

3476 285 3574 349 142

320 382 455 456 πλὴν
484 385 562 440 ἔτι
599 386 893 457 βουλοίμην
920 402 972 440 τι
1007 386 1214 439 τούτων
1245 388 1476 441 ἀκοῦσαι
1508 389 1845 456 σαφέστερον
1868 402 1881 414 ’

1998 386 2361 457 quodcunque
2394 392 2574 449 dicis:
2607 394 2712 451 nisi
2744 397 2890 467 quod
2922 414 3086 453 uuam
3135 415 3248 456 rem
3292 402 3577 474 aliquanto

320 478 456 530 ἀλλὰ
506 477 666 531 τοῦτο
700 480 802 545 μὲν
848 477 954 549 όδῷ
1010 478 1242 548 βαδίζων
1294 480 1322 531 ὁ
1357 479 1514 546 λόγος
1566 480 1730 550 τυχὶν
1767 481 1896 550 ἡμῖν

320 569 616 623 ἀποδώσει.
658 569 998 645 Ἀθανάτους
1050 571 1233 639 μέντοι
1270 572 1489 636 τούτους
1523 573 1639 636 πῶς
1685 568 1776 640 ἄρ’
1811 573 1897 624 ὲν-

258 722 265 731 .
319 660 535 730 δέχεται
569 655 710 715 εἶναι
739 679 752 728 ;
784 663 875 715 Δεῖ
901 662 1012 732 γὰρ
1061 663 1225 731 φύσιν
1252 658 1493 731 ἅπασάν,
1525 665 1647 734 ἥτις
1676 666 1735 719 οὐ
1771 664 1897 734 μέλ-

318 752 402 803 λει
448 752 628 823 πάντη
676 752 1173 824 διαφθαρήσεσθαι,
1214 755 1387 825 ἀρχὴν
1433 754 1707 809 λαϐοὖσάν
1739 773 1895 820 ποτε,

320 846 415 898 καὶ
448 844 606 907 τέλος
657 849 867 916 ταύτην
914 846 1105 900 λαϐεῖν
1129 863 1143 878 ⁸
1179 846 1244 900 ἵν’
1277 844 1468 918 ὥσπερ
1504 851 1563 901 ὲν
1615 849 1802 919 κύκλῳ
1827 846 1894 919 τῇ

322 936 557 1004 γενέσει,
587 938 685 991 καὶ
731 939 937 1005 φθίσει,
972 940 1068 993 καὶ
1098 939 1393 994 ἁναϐιώσει
1427 944 1508 1004 είς
1547 946 1742 996 ταυτόν
1779 940 1899 995 ποτ’

320 1028 574 1091 ἐλθοῦσα,
620 1029 984 1085 ἀλλοιωθεῖσά
1023 1048 1083 1084 τε
1137 1031 1232 1085 καὶ
1271 1034 1625 1097 ἀναστάσεως
1654 1036 1897 1105 κρείττο-

320 1139 408 1183 νος
435 1122 816 1186 ἀπολαῦσασα,
861 1122 1066 1192 φθορᾶς
1112 1123 1331 1195 ἀπάσης
1380 1126 1630 1197 ἀνωτέρα
1667 1127 1894 1196 γένηται

322 1211 414 1264 τοῦ
443 1211 660 1268 λοιποῦ.
691 1214 925 1278 Οὐκοῦν,
962 1215 1122 1284 ἔφην,
1151 1208 1195 1269 ὦ
1235 1216 1411 1282 ’γαθὲ,
1450 1220 1543 1273 καὶ
1572 1222 1697 1284 τοὺς
1724 1222 1894 1290 ἀγγέ-

318 1304 444 1367 λους
495 1306 697 1368 αὐτοὺς
723 1307 955 1374 θνητοὺς
992 1305 1132 1360 εἶναι
1178 1306 1477 1376 δοξάζετες
1526 1314 1633 1367 Καὶ
1676 1312 1734 1377 ὃς
1766 1314 1893 1384 ἔφη,

320 1400 455 1456 Ναί.
489 1398 565 1457 Ἥ
606 1402 741 1455 πολὺ
795 1417 899 1469 τοι,
934 1403 1074 1473 ἔφην
1118 1405 1254 1473 ἐγὼ,
1303 1407 1563 1471 ἐναντίως
1597 1409 1781 1480 ἔχουσί
1829 1428 1894 1479 γε

320 1495 455 1564 ἡμῖν
482 1496 540 1548 αι
595 1496 726 1567 περὶ
756 1492 867 1549 τῶν
917 1494 1168 1566 ἀγγέλων
1212 1498 1401 1565 δόξαι·
1439 1500 1584 1573 ζωῆς
1638 1506 1748 1575 γὰρ
1802 1504 1896 1559 καὶ

321 1584 557 1639 θανᾶτου
589 1588 675 1648 τίς
712 1588 777 1641 ἂν
806 1587 1019 1656 γένοιτο
1049 1591 1253 1656 μείζων
1284 1588 1514 1663 διαφορά
1541 1611 1555 1660 ;
1586 1592 1681 1658 Τίς
1718 1594 1808 1648 οὖν
1834 1613 1893 1649 σε

318 1678 505 1729 πεῖσαι
535 1673 850 1744 δυνήσεται,
884 1678 959 1743 ὡς
986 1676 1163 1745 ἄλλως
1188 1682 1324 1752 ἔχει,
1356 1682 1392 1736 ἃ
1426 1683 1630 1752 λέγεις,
1669 1687 1895 1742 πιθανόν

318 1785 376 1820 τε
410 1766 594 1836 λέγειν
639 1768 921 1833 δοκοῦντα,
966 1771 1062 1823 καὶ
1108 1772 1204 1841 τὴν
1246 1770 1354 1826 ἀπὸ
1385 1774 1495 1827 τῶν
1526 1776 1759 1845 Γραφῶν
1791 1776 1892 1829 οὐκ

317 1856 574 1909 ἐθέλοντα
624 1858 883 1923 δέξασθαι
932 1861 1264 1929 μαρτυρίαν,
1315 1862 1411 1914 καὶ
1459 1862 1687 1931 προσέτι
1736 1862 1890 1933 φωνῇ
1932 1902 1937 1911 .

316 1945 728 2016 διαλεγόμενον,
763 1945 887 2018 ἣτις
919 1946 1180 2019 ἀλλοτρία
1224 1944 1358 2004 οὖσα
1386 1949 1466 2017 τῷ
1508 1949 1893 2020 προσδιαλεγο-

324 2038 477 2107 μένῳ
509 2054 610 2103 σοι,
661 2040 730 2092 τὰ
781 2038 1165 2110 λεχθησόμενα
1197 2045 1460 2111 παραινεῖ
1500 2043 1752 2114 ἐπίτηδες
1796 2060 1891 2098 τα-

325 2125 637 2196 πεινότερα,
676 2126 821 2199 ἥπερ
852 2128 994 2197 ἐστὶ,
1032 2133 1208 2186 ποιεῖν
1237 2131 1547 2200 φαίνεσθαι.

393 2404 447 2453 ι’.
493 2398 790 2469 Πειρατέον
824 2400 918 2453 καὶ
974 2396 1169 2468 οὕτως,
1218 2401 1346 2473 ἔφη,
1393 2403 1628 2473 τάληθὲς
1682 2404 1889 2479 εὑρεῖν.

316 2487 530 2541 Πολλοῦ
568 2490 665 2558 μὲν
699 2490 831 2560 γὰρ,
879 2490 940 2544 εὖ
981 2491 1111 2558 ἴσθι,
1161 2495 1434 2564 πριαίμην
1468 2496 1555 2561 ἂν,
1598 2498 1654 2551 εῐ
1682 2499 1766 2561 τίς
1803 2517 1888 2569 μοι

320 2581 591 2648 παρεῖχεν
642 2582 864 2650 ὰμέσως
897 2600 978 2636 σοι
1016 2584 1281 2638 δύνασθαι
1329 2586 1692 2657 διαλέγεσθαι.
1747 2590 1893 2662 Πλὴν

314 2676 690 2744 ὲγχωρητέον,
726 2678 803 2740 ὡς
837 2680 1092 2750 ἐγχωρεῖ,
1139 2682 1234 2735 καὶ
1261 2680 1458 2748 οὕτως,
1488 2686 1595 2756 ὅπη
1654 2687 1721 2741 ἂν
1757 2687 1892 2758 ἔχοι,

315 2763 559 2834 τάληθὲς
618 2768 995 2839 εὑρεθήσεται.
1067 2772 1386 2844 Ἀπόκριναι
1440 2774 1504 2847 δή
1558 2794 1667 2847 μοι,
1733 2777 1891 2848 ἔφην.

320 2859 601 2929 Ἀναρχον
630 2856 773 2914 εἶναι
805 2864 984 2930 λέγεις
1009 2865 1190 2921 πᾶσαν
1221 2865 1421 2939 ψυχὴν,
1453 2869 1545 2921 καὶ
1578 2869 1716 2939 μηδὲ
1742 2870 1893 2923 ἐκτί-

312 2950 452 3004 σθαι
484 2952 636 3016 ποτὲ,
671 2954 796 3024 μηδ’
819 2948 985 3024 εἶναι,
1011 2958 1100 3011 ὅτε
1121 2960 1220 3011 οὐκ
1251 2955 1320 3029 ἦν
1343 2978 1356 3025 ;
1380 2961 1412 3031 ἢ
1456 2963 1739 3029 γεγονέναι
1763 2963 1896 3015 ταύ-

2000 477 2200 537 clarius
2228 482 2387 537 velim
2415 485 2715 556 intelligere
2741 508 2754 545 :
2781 492 2879 546 sed
2900 492 3029 546 illud
3058 492 3111 547 in
3141 497 3414 551 sermonis
3448 514 3576 566 pro-

2000 588 2188 638 gressu
2219 575 2448 632 fortasse
2474 580 2632 635 nobis
2663 584 2960 654 continget.
2981 585 3261 653 Attamen,
3289 592 3568 658 quomodo

2000 659 2116 715 ﬁeri
2140 674 2335 731 potest,
2352 677 2411 721 ut
2434 670 2610 739 angeli
2639 673 2748 728 sint
2775 675 3157 733 immortales?
3180 679 3408 749 Oportet
3426 683 3572 737 enim

1999 754 2180 809 hercle
2212 774 2427 814 omnem
2462 772 2739 829 naturam,
2792 783 2914 837 quae
2955 786 3058 823 non
3107 772 3333 827 omnino
3385 773 3577 828 interi-

1999 856 2119 902 t‘ura
2148 850 2237 913 sit,
2265 855 2732 920 quemadmodum
2762 859 3057 930 aliquando
3085 863 3299 917 initium
3333 867 3572 937 accepit,

1998 938 2072 993 ita
2098 940 2258 997 linem
2288 945 2448 999 etiam
2477 947 2711 1018 aliquem
2736 951 2935 1006 habere
2967 969 2980 1007 :
3007 963 3066 1009 ut
3095 956 3250 1024 quasi
3279 955 3333 1009 in
3362 957 3573 1013 circulo

1996 1045 2096 1100 per
2145 1040 2577 1105 generationem,
2603 1041 2880 1098 interitum
2914 1052 2967 1099 et
3004 1036 3459 1104 resurrectionem
3503 1052 3570 1106 ad

2008 1122 2151 1177 idem
2211 1125 2429 1182 tandtr'n
2478 1130 2771 1205 aliquando
2815 1136 3110 1203 perveniat,
3146 1146 3200 1192 et
3261 1139 3572 1204 immutata.

1998 1218 2475 1289 praestantiorique
2510 1225 2912 1281 resurrectione
2939 1227 3148 1294 fruens,
3178 1230 3399 1286 interitu
3421 1235 3571 1287 omni

1998 1310 2247 1377 superior
2273 1311 2326 1365 in
2355 1324 2627 1381 posterum
2660 1318 2872 1377 evadat.
2925 1315 3063 1373 Tum
3119 1338 3244 1392 ego,
3297 1325 3488 1393 Igitur,
3539 1342 3574 1379 ο

1997 1399 2158 1467 bone,
2193 1404 2419 1472 angelos
2442 1405 2589 1485 ipsos
2614 1408 2776 1462 etiam
2801 1411 3059 1468 mortales
3077 1428 3196 1468 esse
3223 1417 3523 1483 opinamini
3553 1421 3576 1473 ?

1994 1486 2106 1547 Nos
2136 1510 2264 1549 vero
2302 1500 2556 1561 maxime,
2581 1499 2779 1568 inquit.
2825 1501 2917 1557 Na:
2949 1505 3180 1560 multum
3230 1508 3435 1573 differt,
3492 1511 3575 1565 in-

1996 1602 2186 1655 quam,
2220 1599 2406 1644 nostra
2438 1592 2505 1646 de
2520 1595 2724 1663 angelis
2756 1596 2946 1664 Opinio
2981 1598 3277 1667 :quidnam
3295 1603 3437 1655 enim
3461 1604 3576 1658 dis-

1926 1722 1969 1780 Β
1998 1679 2204 1731 crimen
2234 1695 2357 1734 esse
2395 1683 2562 1750 possit
2594 1686 2770 1753 majus
2799 1684 2893 1741 illo
2919 1725 2934 1750 ,
2963 1690 3105 1756 quod
3133 1691 3276 1746 inter
3307 1693 3472 1747 vitam
3516 1706 3575 1748 et

1997 1762 2225 1825 mortem
2260 1771 2549 1827 intercedit
2572 1776 2675 1829 ?Et
2705 1777 2852 1846 quis,
2880 1794 3088 1847 quaeso,
3108 1784 3446 1851 persuadere
3472 1787 3569 1840 tibi

1994 1864 2212 1930 poterit,
2241 1862 2397 1919 aliter
2426 1881 2484 1919 se
2512 1866 2711 1921 habere
2756 1884 2821 1924 ea
2859 1886 2981 1939 quae
3019 1872 3177 1936 dicis,
3251 1879 3560 1944 praesertim

1991 1971 2116 2011 cum
2142 1965 2197 2010 tu
2232 1957 2325 2011 tibi
2357 1958 2638 2027 probabile
2660 1960 2868 2031 aliquid
2885 1964 3066 2019 dicere
3089 1963 3345 2030 videaris,
3370 1985 3572 2026 sacra:-

1991 2060 2099 2115 que
2130 2044 2429 2116 Scripturae
2461 2049 2832 2105 testimonium
2894 2052 3036 2108 nolis
3082 2052 3413 2111 admittere?
3436 2073 3573 2127 prae—

1996 2149 2243 2210 terquam
2274 2141 2417 2210 quod
2436 2141 2618 2211 lingua
2646 2144 2815 2200 uteris
2844 2145 2978 2199 mihi
3007 2154 3188 2201 tecum
3240 2149 3568 2216 colloqucuti

1994 2232 2191 2295 aliena,
2211 2249 2332 2303 qua:
2372 2234 2553 2289 nativa
2586 2236 2633 2291 vi
2664 2250 2764 2292 sua
2803 2235 2983 2305 allicit,
3005 2246 3065 2293 ut
3085 2254 3171 2294 res
3207 2240 3450 2297 dicendae
3470 2242 3572 2297 huc

1996 2323 2259 2390 mitiores,
2287 2340 2449 2395 quam
2483 2340 2673 2382 revera
2712 2338 2861 2390 sunt,
2911 2344 3032 2385 esse
3083 2329 3396 2386 videantur.

2068 2414 2157 2472 10.
2213 2417 2304 2474 Sic
2336 2421 2524 2483 etiam,
2560 2420 2760 2489 inquit,
2800 2422 3083 2477 veritatem
3116 2438 3382 2480 conemur
3416 2425 3571 2481 inve-

1996 2511 2137 2566 nire.
2176 2511 2307 2565 Nam
2348 2526 2547 2579 magno
2578 2510 2821 2582 quidem,
2857 2513 2990 2567 mihi
3020 2514 3203 2577 crede,
3233 2531 3492 2579 emerem,
3527 2516 3573 2570 si

1994 2605 2117 2675 quis
2136 2602 2239 2658 hoc
2264 2600 2399 2657 mihi
2422 2600 2708 2672 tribueret,
2738 2616 2796 2660 ut
2822 2605 3030 2676 absque
3069 2607 3233 2663 ullius
3263 2607 3571 2664 interventu

1994 2697 2232 2766 colloqui
2272 2706 2445 2751 tecum
2478 2712 2717 2767 possem.
2753 2697 2859 2753 Sed
2893 2707 3097 2765 tamen,
3127 2701 3306 2770 quoad
3345 2703 3464 2772 ejus
3496 2702 3578 2755 l‘a--

1995 2803 2118 2843 ccre
2156 2790 2476 2857 poterimus,
2499 2804 2610 2844 rem
2637 2791 2855 2860 aggredi
2887 2807 2988 2863 par
3013 2802 3117 2859 est,
3147 2802 3203 2850 et
3236 2794 3318 2850 sic
3348 2795 3573 2851 veritas.

1995 2882 2486 2952 quomodocunque
2521 2895 2579 2935 se
2616 2881 2832 2948 habeat,
2883 2884 3209 2954 reperietur.
3275 2885 3386 2956 Age
3421 2901 3574 2949 vero,

1997 2973 2218 3042 inquam
2253 2989 2267 3027 :
2300 2972 2593 3043 responde,
2622 2973 2666 3026 si
2692 2973 2787 3029 tibi
2811 2973 3047 3032 videtur.
3071 2974 3300 3031 Omnem
3336 2977 3575 3032 animam

309 3061 425 3115 την
459 3046 612 3109 ποτὲ,
642 3048 737 3100 καὶ
766 3048 973 3119 κτίσμα
1008 3045 1169 3117 εἶναι,
1214 3054 1308 3105 καὶ
1339 3053 1517 3123 ἀρχὴν
1561 3052 1843 3125 είληφέναι
1869 3072 1883 3121 ;

1998 3075 2176 3120 utrum
2223 3065 2361 3121 initii
2413 3074 2688 3135 expertem
2724 3080 2847 3123 esse
2893 3067 3052 3131 dicis,
3105 3082 3284 3137 neque
3330 3082 3571 3137 unquam

310 3138 421 3200 Τίς
454 3138 501 3191 δ’
527 3137 594 3192 ἂν
627 3139 693 3192 τὸ
726 3140 942 3211 πρῶτον
991 3142 1136 3196 εἴποι
1163 3160 1177 3209 ;
1228 3146 1413 3214 φησίν.
1450 3146 1646 3210 Καλῶς
1686 3147 1887 3215 λέγεις,

309 3230 465 3299 ἔφην
487 3245 503 3258 ·
531 3230 671 3283 δοκῶ
696 3231 752 3284 δέ
779 3249 892 3301 μοι,
922 3232 998 3297 ὡς
1024 3236 1116 3288 καὶ
1145 3237 1400 3305 πρώτους
1425 3240 1535 3292 τῶν
1561 3240 1740 3295 ἄλλων
1762 3244 1893 3297 πάν-

309 3338 431 3374 των
465 3324 783 3390 κτισμάτων
833 3322 1077 3389 δοξάζεις
1121 3327 1249 3391 τοὺς
1297 3329 1565 3399 ἀγγέλους
1618 3333 1889 3400 ἐκτίσθαι,

309 3414 420 3467 καὶ
450 3415 687 3483 κρείττω
734 3414 899 3484 φύσιν
943 3414 1087 3472 εἶναι
1121 3420 1315 3474 πασῶν
1359 3424 1467 3475 τῶν
1524 3426 1641 3494 μετ’
1694 3427 1892 3489 αὐτοὺς

308 3508 762 3577 γεγεννημένων,
815 3511 909 3563 καί
957 3513 1396 3581 συγγενεστέραν
1436 3516 1502 3586 τῇ
1559 3516 1755 3588 πρώτῃ
1792 3518 1888 3589 (Ι).

317 3599 491 3668 ’Δρτι
528 3599 628 3668 γὰρ
665 3601 789 3669 ἐμοὶ
817 3600 960 3655 τοῦτ’
998 3602 1225 3670 εἰπόντι,
1261 3598 1342 3669 οἷς
1381 3606 1482 3660 οὐκ
1526 3609 1787 3679 ἀντέφης,
1819 3608 1894 3664 οἷς

314 3708 451 3762 μαι,
490 3691 736 3745 συνέθου.
765 3692 876 3746 Ναὶ
919 3691 1118 3760 οὕτως,
1159 3694 1264 3766 ἔφη
1289 3698 1319 3750 ό
1356 3699 1553 3769 γέρων,
1583 3699 1716 3769 ἔχει.
1753 3702 1919 3773 Οὐκ--

313 3781 445 3845 οὖν,
476 3774 522 3834 ὦ
553 3780 821 3850 βέλτιστε,
854 3781 1013 3853 ἔφην,
1068 3785 1164 3837 καὶ
1206 3784 1307 3856 τὴν
1343 3785 1529 3856 ψυχήν
1580 3804 1676 3842 σου
1711 3791 1895 3845 θανεῖν

310 3873 428 3934 δεῖ,
457 3874 552 3926 καὶ
581 3875 764 3928 πᾶσαν
792 3874 981 3945 ἄλλην,
1012 3876 1109 3930 καὶ
1150 3876 1333 3948 πολλῷ
1361 3895 1425 3947 γε
1459 3881 1664 3948 μᾶλλον
1692 3883 1897 3948 ταύτας

311 3965 353 4035 ἢ
389 3964 520 4027 τοὺς
566 3964 856 4034 ἀγγέλους,
906 3967 1029 4020 ἐπεὶ
1078 3968 1276 4023 πολλοῦ
1328 3986 1393 4039 γε
1451 3973 1544 4026 καὶ
1594 3974 1676 4026 δεῖ
1718 3976 1896 4048 ψυχὰς

312 4056 583 4124 ἀγγέλοις
636 4058 1061 4128 παρισωθῆναιο
1115 4060 1250 4115 πολὺ
1300 4065 1412 4133 γὰρ
1468 4064 1642 4135 δήπου
1695 4052 1896 4132 ταύτας

314 4150 554 4202 ὶκείνων
604 4148 803 4219 ἥττους
838 4150 1204 4219 γνωρίζομεν.
1234 4154 1396 4208 Καὶό
1456 4156 1675 4228 Πέρσης
1696 4175 1711 4189 ·
1755 4160 1898 4225 Ἀλλῖ

313 4243 384 4295 οὐ
417 4241 663 4305 δοξάζειν
714 4243 1138 4313 παρειλήφαμεν
1184 4243 1369 4300 οὕτωσ
1400 4249 1496 4302 καὶ
1544 4252 1655 4319 γάρ
1708 4268 1789 4305 τοι
1840 4253 1897 4307 αἱ

316 4334 497 4402 ψυχαὶ
550 4334 901 4403 διαμένουσιν
931 4335 1214 4404 ἀθάνατοι,
1267 4338 1407 4407 μετὰ
1447 4340 1507 4393 τὸ
1536 4341 1743 4406 ταύτας
1789 4343 1899 4396 τῶν

322 4426 605 4494 σωμάτων
659 4427 1073 4497 ἀπαλλαγῆναι.
1124 4424 1199 4483 Εὖ
1250 4429 1423 4483 ποιῶν
1473 4431 1646 4485 ταῦτα
1696 4433 1898 4501 λέγεις,

323 4514 487 4570 εἷπον
520 4517 651 4589 ἐγώ.
709 4518 880 4588 Πλὴν,
939 4520 1056 4582 πῶς
1085 4514 1247 4575 αὗται
1278 4521 1401 4591 μὲν,
1445 4524 1652 4597 καίπερ
1703 4528 1902 4592 ἐνδεῶς

322 4609 468 4678 πρὸς
494 4610 597 4677 τὴν
632 4609 740 4661 τῶν
781 4611 1032 4677 ἀγγέλων
1057 4609 1277 4680 ἔχουσαι
1311 4612 1649 4686 τελειότητα,
1698 4617 1905 4688 φθορᾶς

323 4702 467 4752 είσιν
499 4699 834 4770 ὑψηλότεραι
862 4717 877 4765 ;
908 4702 941 4771 ἢ
999 4700 1058 4753 δὲ
1088 4701 1297 4755 τούτων
1348 4704 1673 4773 ὑπέρκειται
1718 4708 1903 4776 φύσις,

324 4790 542 4857 φθορὰν
569 4791 662 4842 καὶ
690 4790 922 4845 θάνατον
954 4792 1359 4862 ὑποστήσεται;
1384 4796 1457 4849 Τὸ
1480 4797 1591 4867 γὰρ
1618 4796 1681 4852 τὸ
1717 4799 1904 4853 δεύτε-

331 4882 428 4949 ρόν
461 4898 517 4932 τε
546 4881 643 4933 καὶ
673 4876 837 4951 ἦττὸν
867 4901 921 4935 τι
947 4884 1203 4959 πάσχειν,
1234 4885 1375 4956 ὅπερ
1397 4887 1459 4940 οὐ
1487 4888 1547 4941 τὸ
1569 4890 1784 4960 πρῶτον
1809 4896 1901 4946 καὶ

331 4973 585 5041 κρεῖττον
634 4974 891 5041 φαίνεται
928 4978 1159 5045 πάσχον,
1186 4976 1341 5031 οὐδὲν
1387 4979 1701 5050 θαυμαστόν
1720 5001 1736 5015 ⁸
1766 4980 1827 5040 οὗ
1857 4989 1901 5040 δ’

328 5063 399 5116 ἃν
433 5064 515 5133 εἴη
556 5065 615 5117 τὸ
672 5065 926 5137 δεύτερόν
959 5084 1020 5120 τε
1081 5071 1178 5122 καὶ
1214 5065 1377 5142 ἧττον
1416 5073 1553 5136 ὅλως
1597 5076 1903 5149 ἐλεύθερον,

1993 3162 2257 3220 creatam,
2287 3169 2385 3209 nec
2418 3155 2585 3209 ullum
2624 3156 2849 3212 omnino
2870 3157 3135 3227 assignari
3173 3157 3222 3211 ei
3255 3172 3413 3228 posse
3438 3168 3576 3214 tem-

1995 3261 2118 3315 pus,
2153 3260 2263 3315 quo
2294 3260 2401 3303 non
2441 3247 2620 3301 esset?
2662 3261 2730 3302 an
2764 3258 2950 3303 contra
3000 3248 3130 3303 olim
3179 3245 3375 3304 fartam
3423 3263 3579 3304 crea-

1996 3346 2215 3406 tamque
2244 3352 2387 3401 esse,
2412 3330 2777 3394 et‘exsistendi
2806 3340 3107 3408 sumpsisse
3140 3339 3356 3394 initium
3379 3339 3405 3393 ?
3424 3338 3581 3407 Quis.

1994 3430 2191 3501 inquit,
2232 3431 2384 3500 prius
2417 3430 2546 3485 illud
2598 3431 2800 3486 dixerit
2826 3432 2852 3486 l
2881 3430 3110 3501 Opinor,
3159 3432 3379 3502 inquam
3410 3449 3425 3487 :
3461 3434 3580 3511 sed.

1998 3534 2056 3579 ut
2084 3524 2215 3578 mihi
2252 3524 2487 3590 videtur,
2518 3536 2840 3579 caeterarum
2889 3527 3054 3581 etiam
3086 3527 3331 3582 omnium
3364 3537 3582 3581 creatu-

1998 3634 2181 3673 rarum
2225 3621 2430 3689 primos
2465 3616 2685 3690 angelos
2730 3629 2942 3675 creatos
2974 3620 3148 3676 fuisse
3198 3621 3444 3691 opinare,
3489 3636 3585 3673 co-

1998 3726 2229 3779 rumque
2283 3720 2535 3765 naturam
2590 3711 2842 3766 omnibus
2879 3727 3000 3782 quae
3044 3721 3169 3782 post
3223 3714 3374 3782 ipsos
3428 3713 3584 3767 factm

2000 3810 2129 3856 sunt
2163 3798 2599 3872 praestantiorem
2648 3820 2792 3868 esse,
2835 3805 3134 3876 prima'que
3182 3806 3257 3861 illi
3288 3807 3458 3878 magis
3490 3822 3583 3862 co-

1998 3903 2241 3962 gnatam.
2277 3894 2436 3950 Modo
2465 3894 2609 3948 enim
2634 3893 2739 3950 hoc
2764 3896 2894 3949 mihi
2922 3897 3124 3951 dicenti
3157 3912 3281 3952 cum
3315 3915 3423 3951 non
3452 3914 3585 3952 con-

1999 3986 2318 4044 tradixeris.
2365 4002 2626 4041 assensus
2653 4002 2733 4048 es,
2767 3988 3021 4040 arbitror.
3056 3987 3224 4041 Recte
3274 3997 3330 4042 tu
3364 3989 3581 4057 quidem

2001 4076 2293 4139 arbitrare,
2329 4079 2532 4145 inquit.
2558 4075 2711 4139 Vide,
2750 4076 2995 4143 inquam,
3038 4075 3243 4143 optime
3279 4076 3382 4138 vir,
3413 4091 3586 4145 quan-

2004 4176 2116 4219 tum
2166 4166 2354 4220 fallare
2390 4182 2490 4219 :an
2524 4182 2630 4221 non
2666 4176 2809 4219 tuam
2843 4164 3005 4219 etiam
3051 4166 3312 4229 animam,
3338 4180 3585 4220 onmem-

2002 4275 2108 4330 que
2143 4260 2304 4313 aliam
2360 4259 2584 4314 interire
2635 4258 2882 4328 oportet?
2933 4258 3214 4327 multoque
3265 4258 3439 4330 magis
3487 4259 3586 4313 llas

2005 4368 2169 4422 quam
2202 4352 2444 4422 angelos,
2476 4352 2731 4421 quoniam
2766 4351 2934 4404 multo
2969 4350 3147 4406 hercle
3183 4352 3353 4411 abest,
3389 4361 3447 4404 ut
3471 4352 3587 4404 aui-

2008 4462 2110 4501 ma:
2142 4445 2346 4515 angelis
2372 4453 2728 4512 exmquentur
2759 4460 2773 4497 :
2816 4444 2911 4498 bas
2941 4442 3085 4496 cnim
3122 4442 3229 4497 illis
3260 4443 3421 4512 longe
3444 4441 3587 4497 infe-

2007 4538 2181 4592 riorcs
2212 4552 2332 4591 esse
2359 4544 2597 4590 constat.
2629 4532 2748 4587 Non
2788 4543 2970 4588 tamen
3001 4535 3071 4588 ita
3099 4542 3202 4600 est,
3238 4534 3447 4603 inquit:
3480 4548 3586 4588 non

2003 4629 2152 4684 illam
2181 4644 2281 4683 nos
2306 4626 2651 4696 disciplinam
2686 4641 2715 4679 a
2743 4626 3044 4693 majoribus
3078 4626 3390 4694 accepimus
3422 4643 3434 4679 :
3470 4625 3591 4679 ani-

2006 4737 2130 4796 nuc,
2168 4728 2455 4790 postquam
2482 4717 2815 4785 corporibus
2862 4717 3107 4772 liberatae
3162 4727 3311 4780 sunt,
3367 4733 3589 4786 perma-

2010 4824 2137 4870 nent
2166 4813 2521 4868 immortales.
2562 4813 2706 4868 Bene
2740 4812 2896 4877 facis,
2936 4812 3346 4883 inquatn,quod
3378 4813 3483 4867 boc
3508 4814 3591 4868 di-

2009 4903 2108 4956 cis.
2127 4900 2256 4964 Sed,
2272 4918 2380 4969 quo
2409 4902 2621 4957 tandem
2646 4903 2805 4956 modo
2827 4902 3023 4956 animae
3043 4904 3282 4973 quidem.
3303 4904 3404 4960 etsi
3430 4919 3593 4976 ange-

2012 4996 2188 5049 lorum
2213 4993 2547 5064 perfectione
2576 4992 2883 5059 inl‘eriores,
2902 5008 3067 5062 supra
3097 5008 3312 5049 omnem
3339 4996 3593 5052 interitus

2012 5087 2185 5141 aleam
2245 5086 2434 5154 posita:
2465 5094 2610 5149 sunt,
2634 5084 2833 5141 animis
2863 5095 3046 5139 autem
3100 5086 3351 5155 superior
3394 5096 3590 5141 natura

331 5157 503 5226 σχολῇ
534 5158 584 5223 γ’
616 5158 683 5210 ἂν
734 5160 911 5229 τούτῳ
955 5160 1299 5217 δουλεύσειεν
1329 5163 1357 5216 ὃ
1402 5151 1535 5219 πολύ
1584 5186 1665 5222 τοι
1694 5170 1896 5225 ἐκείνου

2015 5151 2420 5247 corruptionem
2457 5187 2797 5249 mortemque
2832 5178 3116 5247 patietur?
3161 5178 3356 5231 Mirum
3391 5179 3594 5249 quippe

329 5249 723 5317 εὐγενέστερον
749 5251 1117 5322 ὡμολόγηται.
1157 5256 1227 5307 Ἢ
1257 5257 1317 5308 οὐ
1361 5257 1511 5311 δοκεῖ
1545 5279 1625 5314 σοι
1651 5282 1668 5327 ς

2013 5286 2121 5325 non
2155 5279 2258 5332 est,
2292 5269 2585 5324 secundum
2623 5269 3044 5339 interioremque
3072 5267 3434 5323 substantiam
3480 5267 3593 5336 pati

328 5339 563 5408 a‘i‘l'lm-
595 5345 737 5411 (ιιιοά
768 5344 941 5412 Prima
980 5355 1035 5400 θῑ
1064 5348 1315 5417 Superior
1345 5367 1451 5407 nou
1492 5355 1729 5421 patiatur
1760 5378 1771 5413 ε
1810 5364 1902 5418 sed
1945 5378 2052 5433 qua
2086 5363 2155 5417 ab
2202 5378 2260 5415 rc
2295 5360 2535 5416 secunda
2573 5361 2909 5431 inferiurque
2944 5370 3139 5416 natura
3204 5361 3383 5414 soluta
3448 5359 3597 5419 silet

331 5432 526 5497 libera,
558 5436 605 5489 ei
641 5435 746 5503 ipsi
783 5438 858 5492 rei
891 5454 1035 5509 aagre
1062 5441 1299 5496 obnoxia
1337 5460 1456 5509 esse
1489 5449 1660 5515 possit
1729 5432 1975 5518 natura,
2025 5468 2188 5521 quam
2237 5452 2393 5519 longe
2432 5455 2670 5507 secunda
2716 5451 3039 5507 nobiliorem
3080 5465 3203 5508 esse
3246 5450 3593 5506 conﬁtemur.

330 5525 534 5579 Annon
569 5527 662 5581 tibi
698 5530 770 5581 ita
808 5529 1060 5585 videtur?

402 5707 482 5774 (i)
514 5706 716 5777 Nempe
754 5712 975 5768 divinae.
