3976 6206
391 258 496 324 ιι3
1558 251 1958 313 MANUELIS
2039 250 2493 315 PALzEOLOGl
3564 244 3661 318 Ῑίί

415 411 427 430 ,
462 369 547 425 11.
580 354 973 436 Mihiquldem,
1002 358 1205 432 inquit,
1241 375 1455 417 summa
1478 362 1690 416 ratione
1726 360 1871 418 dicta
1899 362 1962 415 vi-

2155 368 2246 415 ια’.
2286 362 2497 432 Σφόδρα
2545 379 2633 432 μοι
2684 360 2836 416 δοκεῖ
2870 360 3097 429 εὔλογον
3152 356 3314 425 εἶναι,
3350 360 3482 432 ἔφη,
3522 362 3550 416 ὃ
3579 366 3661 419 λέ-

387 460 608 525 dentur,
644 470 763 527 quae
792 457 1001 513 dixisti.
1033 456 1289 509 Animam
1337 463 1462 524 post
1501 456 1900 525 separationem
1947 469 1962 508 ε

2081 470 2221 521 γεις.
2258 448 2368 523 Τὴν
2393 451 2448 506 δὲ
2474 451 2650 524 ψυχὴν
2677 453 2817 522 μετὰ
2841 453 2931 505 τὸν
2960 450 3055 505 τοῦ
3092 452 3350 523 σώματος
3379 456 3663 524 χωρισμόν

388 568 619 623 corpore
650 564 758 605 non
800 548 1035 615 amplius
1069 548 1395 601 morituram
1425 561 1548 600 esse
1584 546 1842 611 dicimus,
1877 546 1962 600 hor

2085 561 2269 615 φαμεν
2303 546 2501 615 μηκέτι
2531 542 2916 615 τεθνήξεσθαι,
2943 545 3031 600 διὰ
3061 538 3212 598 τόνδε
3231 545 3331 598 ’τὸν
3368 543 3549 613 λόγον,
3579 547 3663 602 ὅτι

388 645 731 714 potissimum
771 647 1098 707 argumento
1131 637 1374 702 adducti,
1408 636 1550 706 quod
1581 645 1877 705 utrumque
1906 636 1981 691 si-

388 737 521 810 mul,
544 737 726 789 anima
751 734 1003 788 videlicet
1029 742 1081 787 ct
1110 742 1331 800 corpus,
1363 744 1470 784 non
1493 730 1689 812 horum
1721 730 1975 796 alterum,

387 839 468 881 est
506 828 672 881 homo
710 843 725 881 :
766 827 855 894 qui
902 826 1030 879 dum
1067 830 1317 878 mortuus
1347 831 1453 887 est,
1486 821 1678 877 mortis
1708 822 1979 890 quodam-

389 919 551 974 modo
576 918 851 987 particeps
880 916 936 970 fit
965 912 1175 969 anima.
1211 914 1265 969 Si
1297 915 1440 969 enim
1474 915 1577 969 hoc
1619 914 1775 967 aliter
1802 912 1976 978 fieret,

391 1009 665 1063 hominem
694 1018 967 1061 mortuum
995 1022 1116 1061 esse
1145 1020 1489 1077 nequaquam
1519 1016 1663 1062 recte
1680 1006 1976 1069 diceretur,

388 1105 479 1159 sed
541 1103 703 1170 hujus
759 1112 852 1154 aut
886 1100 1031 1153 illius
1069 1100 1307 1153 hominis
1352 1114 1575 1167 corpus.
1609 1097 1765 1153 Nunc
1794 1108 1974 1153 autem

388 1211 497 1250 non
526 1194 629 1246 hoc
664 1193 912 1253 omnino.
948 1191 1043 1246 sed
1065 1192 1337 1246 hominem
1372 1202 1645 1244 mortuum
1686 1205 1808 1245 esse
1839 1189 1975 1243 diei-

387 1304 528 1350 tnus,
574 1287 718 1356 quod
766 1297 1061 1355 utrumque
1107 1284 1268 1339 simul
1302 1283 1573 1350 significat
1608 1302 1621 1337 :
1660 1284 1864 1352 itaque,
1920 1292 1979 1336 ut

382 1381 492 1448 jam
526 1396 688 1449 supra
716 1379 846 1444 dixi,
874 1378 1117 1432 omnium
1150 1392 1271 1445 quae
1296 1378 1514 1446 corpori
1540 1376 1802 1431 accidunt
1833 1375 1972 1431 facta

384 1473 655 1544 particeps
687 1472 892 1535 anima,
927 1479 1156 1525 mortem
1192 1485 1412 1539 quoque
1439 1468 1527 1523 illa
1570 1485 1676 1540 qua
1738 1464 1971 1524 demon-

393 1576 622 1621 stratum
649 1573 730 1619 est
763 1564 974 1616 ratione
1005 1577 1126 1616 cum
1167 1576 1232 1616 eo
1268 1576 1613 1614 communem
1652 1560 1834 1615 habet.
1868 1560 1971 1615 Sed

2081 634 2144 688 τδ
2195 636 2607 707 συναμφότερόν
2650 637 2800 691 ἐστιν
2852 636 3166 707 ἄνθρωπος,
3213 636 3359 707 ψυχὴ
3417 636 3666 709 δηλονότι

2084 724 2177 779 κα⁶ι
2208 725 2388 795 σῶμα,
2424 727 2543 793 οὐχὶ
2568 724 2629 778 τὸ
2666 725 2857 797 ἕτερον
2888 725 3103 808 τούτοιν
3128 742 3142 758 ο
3190 726 3248 789 ὃς
3279 725 3501 781 ἐπειδάν
3528 728 3667 780 άπο-

2084 817 2243 887 θάνῃ,
2268 820 2524 871 κοινωνεῖ
2555 836 2671 881 πως
2696 817 2791 871 τοῦ
2817 817 3051 871 θανάτου
3081 817 3177 871 καὶ
3202 818 3235 886 ή
3267 818 3434 887 ψυχή.
3465 817 3531 872 Et
3554 817 3665 888 γάρ

2082 909 2260 974 ἄλλως
2287 907 2354 976 ἦν
2386 910 2567 976 τοῦτο,
2600 910 2856 983 οὐδαμῶς
2882 906 2951 982 ἦν
2975 910 3200 980 εὔλογον
3232 911 3416 986 λέξειν
3445 911 3538 965 τὸν
3564 913 3661 966 ἄν-

2084 1004 2303 1075 θρωπον
2342 1005 2689 1074 τεθνηκέναι,
2715 1005 2873 1070 ἀλλὰ,
2906 1005 2968 1058 τὸ
3001 1004 3162 1075 σῶμα
3189 1002 3285 1058 τοῦ
3312 1005 3510 1067 δεῖνος.
3543 1002 3662 1058 Νῦν

2081 1098 2138 1151 δὲ
2172 1098 2391 1159 πάντως
2442 1098 2502 1149 οὐ
2543 1096 2725 1162 τοῦτο,
2766 1097 2903 1151 ἀλλὰ
2942 1097 3034 1152 τὸν
3083 1096 3376 1169 ἄνθρωπον
3425 1094 3662 1167 λέγομεν

2081 1190 2425 1260 τεθνηκέναι,
2470 1188 2499 1242 ὃ
2545 1189 2610 1260 δὴ
2647 1189 2902 1259 σημαίνει
2948 1189 3010 1242 τὸ
3049 1190 3497 1261 συναμφότερον·
3528 1189 3663 1243 ὥσθ’

2081 1285 2220 1358 ὅπερ
2255 1285 2426 1354 ἔφθην
2459 1283 2651 1347 εἰπὼν,
2681 1285 2903 1338 πάντων
2938 1284 2971 1354 ἡ
3006 1278 3156 1354 ψυχὴ
3183 1281 3259 1353 τῷ
3301 1281 3516 1352 σώματι
3549 1302 3665 1337 κοι-

2082 1376 2328 1431 νωνοῦσα
2362 1377 2614 1430 κοινωνεῖ
2662 1392 2779 1439 πως
2819 1374 2996 1445 τούτῳ
3041 1370 3261 1428 καὶτοῦ
3307 1372 3542 1429 Θανάτου
3571 1375 3663 1428 τὸν

2084 1471 2377 1541 εἰρημένον
2423 1470 2647 1539 τρόπον.
2679 1468 2790 1522 Καὶ
2835 1468 3023 1522 λοιπὸν
3056 1466 3329 1531 ἀθάνατος
3377 1466 3477 1520 καὶ
3519 1464 3662 1536 αὕτη

2085 1561 2355 1630 διαμένει,
2382 1560 2501 1613 ἀνθ’
2533 1556 2609 1613 ὧν
2640 1560 2698 1611 ὲν
2721 1555 2801 1628 τῷ
2829 1557 2922 1611 τοῦ
2956 1559 3212 1628 σώματος
3245 1557 3537 1628 ἠλλοίωται
3569 1558 3667 1610 θα-

385 1660 509 1713 inde
540 1670 713 1724 usque
760 1656 942 1709 anima
978 1651 1308 1708 immortalis
1358 1648 1665 1719 permanet,
1712 1652 1962 1720 quonian‘

2085 1656 2252 1724 νάτῳ.
2310 1651 2591 1716 Ποικίλον,
2640 1650 2798 1721 ἔφην,
2850 1649 3070 1719 λέγεις⁹
3106 1648 3249 1720 πλὴν
3296 1646 3452 1719 οἶμαι
3502 1649 3662 1703 τοῦτο

385 1751 439 1803 in
472 1748 718 1817 corporis
764 1754 937 1801 morte
979 1747 1081 1800 fuit
1120 1748 1433 1801 immutata.
1465 1746 1696 1800 Versuta
1728 1746 1818 1799 illa
1854 1748 1977 1816 qui-

384 1838 528 1900 dem,
581 1837 827 1903 inquam,
877 1837 969 1888 sed
1026 1836 1186 1889 fallax
1227 1844 1428 1897 tamen,
1473 1837 1690 1902 opinor,
1753 1838 1974 1892 conclu-

385 1926 654 1981 siuncula.
686 1922 820 1977 Nam
857 1924 984 1990 quid
1017 1925 1235 1978 demum
1268 1924 1515 1981 dicemus
1546 1941 1666 1980 esse
1700 1929 1975 1982 mertcm?

384 2018 513 2089 quid
553 2018 759 2071 vitam?
788 2017 977 2071 Nonne
1010 2017 1112 2071 hoc
1139 2019 1355 2086 quidem
1384 2012 1571 2084 vitam,
1603 2021 1819 2089 corpori
1857 2023 1976 2075 aui-

384 2129 526 2165 mam
554 2112 760 2175 inesse,
791 2110 919 2163 illud
955 2120 1205 2175 mortem,
1255 2110 1418 2165 ambo
1450 2110 1564 2165 hmc
1591 2126 1618 2164 a
1652 2127 1710 2165 se
1740 2111 1971 2168 invicem

386 2218 506 2258 esse
546 2202 865 2266 disiuncta‘?
894 2202 949 2255 Id
985 2203 1186 2271 ipsum,
1218 2202 1417 2270 inquit,
1453 2203 1496 2257 si
1533 2204 1752 2273 proprie
1780 2205 1973 2274 loqua-

382 2313 506 2350 mur
536 2312 549 2360 ;
589 2296 681 2350 sed
717 2296 882 2349 multa
910 2295 1072 2348 etiam
1111 2294 1218 2349 alia
1252 2295 1439 2350 multis
1466 2295 1589 2351 aliis
1619 2297 1797 2352 modis
1830 2298 1969 2352 mori

386 2388 643 2453 dicimus,
698 2404 817 2458 qua:
866 2388 1120 2442 nimirum
1164 2389 1278 2443 sive
1327 2397 1575 2458 tempore
1624 2399 1974 2445 veterascunt

383 2481 700 2549 sensimque
744 2490 797 2533 ct
844 2482 1075 2534 latenter
1118 2490 1542 2547 censumuntur,
1593 2481 1707 2537 sive
1750 2482 1971 2538 casibus

381 2576 707 2643 quihusdam
768 2582 1138 2640 marcescunt,
1197 2572 1448 2644 ideoque,
1495 2574 1638 2644 quod
1688 2574 1969 2630 accedenti

381 2666 719 2735 corruptioni
750 2663 802 2718 in
836 2671 1156 2734 perpetuum
1182 2665 1438 2720 resistere
1468 2680 1574 2720 non
1607 2676 1854 2736 possunt,
1878 2681 1970 2735 pc-

380 2757 529 2810 nitus
553 2764 906 2812 evanescunt.

453 2871 876 2938 12.1nlelligere
911 2870 1040 2925 mihi
1097 2871 1307 2939 videor,
1362 2873 1609 2942 inquam,
1663 2889 1785 2944 quae
1807 2874 1965 2931 dicis.

377 2946 621 3033 Namque
641 2979 800 3016 omne
825 2962 1149 3027 animatum,
1185 2975 1239 3017 et
1256 2972 1468 3028 contra,
1492 2979 1822 3033 quocunque
1847 2973 1968 3019 tan-

377 3057 499 3110 dem
566 3055 730 3107 modo
769 3064 1084 3123 (orruptum
1139 3055 1322 3119 fuerit,
1367 3055 1468 3109 hoc
1520 3064 1572 3109 tu
1616 3058 1755 3110 mori
1801 3057 1959 3120 dicis,

378 3161 604 3214 remque
635 3147 806 3212 ipsam
834 3146 1025 3199 mortis
1049 3147 1268 3199 nomine
1294 3146 1552 3215 appellas.
1572 3146 1686 3201 Non
1713 3163 1958 3217 prorsus,

378 3236 573 3306 inquit,
599 3235 653 3288 in
684 3237 786 3289 hac
810 3251 928 3289 sum
953 3237 1244 3300 sententia,
1269 3251 1431 3305 quam
1454 3237 1591 3293 dicis
1626 3256 1639 3293 :
1679 3239 1767 3292 illa
1792 3241 1959 3300 enim.

378 3328 465 3383 ubi
501 3328 666 3382 semel
698 3337 952 3396 corrupta
1007 3327 1227 3391 fuerint,
1282 3345 1562 3399 nunquam
1612 3333 1956 3387 reviviscent.

376 3419 563 3487 Igitur,
600 3418 847 3486 inquam,
892 3433 1068 3487 neque
1120 3428 1311 3473 nostra
1366 3436 1598 3489 corpora
1634 3423 1961 3493 resurgent?

374 3510 538 3579 Atqui
574 3511 717 3565 scias
738 3509 919 3571 velim,
946 3510 1123 3579 inquit
1154 3510 1339 3577 Persa,
1368 3527 1557 3567 eorum
1584 3513 1675 3583 qui
1700 3516 1840 3584 apud
1860 3531 1963 3571 nos

374 3600 571 3656 eruditi
627 3599 929 3664 habentur,
988 3600 1255 3669 quosdam
1309 3602 1381 3656 ita
1433 3604 1643 3673 epiuari
1698 3614 1961 3675 :oportet

373 3692 517 3744 enim
571 3706 697 3744 vera
751 3691 932 3743 fateri.
987 3686 1050 3742 Et
1085 3691 1300 3746 dillicile
1331 3708 1464 3748 sane
1496 3705 1577 3749 est
1607 3695 1676 3749 ab
1710 3696 1815 3751 illis
1850 3712 1958 3752 non

372 3781 713 3849 stipplantari
737 3779 1020 3851 refellique
1043 3796 1159 3843 eos.
1183 3783 1496 3854 quicunque
1519 3801 1642 3838 cum
1670 3787 1805 3855 ipsis
1829 3801 1961 3841 con-

372 3883 581 3928 certare
633 3873 798 3929 velint
840 3890 854 3927 :
897 3889 990 3928 eos
1042 3874 1165 3929 diro
1213 3876 1304 3942 qui
1359 3892 1466 3929 non
1523 3877 1648 3943 fide,
1700 3887 1956 3948 tanquam

371 3975 530 4018 scuto
559 3964 767 4035 aliquo,
796 3965 1026 4035 protecti
1064 3968 1423 4033 accesserint,
1458 3968 1550 4022 sed
1584 3971 1961 4037 ratiocinatio-

374 4057 533 4110 nibus
562 4067 770 4111 tantum
809 4058 1029 4113 armati.
1064 4057 1449 4114 Verumtamen
1478 4061 1571 4129 qui
1601 4060 1759 4116 nobis
1786 4064 1955 4129 legem

371 4150 540 4213 dedit,
586 4150 632 4202 is
671 4165 961 4218 corporum
1020 4154 1479 4209 resurrectionem
1515 4169 1615 4209 nos
1648 4164 1959 4224 exspectare

367 4239 551 4317 jussit,
587 4240 674 4292 cui
709 4256 806 4293 nec
836 4240 993 4292 fidem
1031 4241 1293 4309 derogare
1336 4244 1485 4305 licet,
1521 4257 1620 4296 nec
1653 4245 1956 4299 adversari.

370 4330 479 4385 Nos
524 4346 673 4394 vero,
740 4330 985 4404 inquam,
1027 4330 1264 4384 humana
1306 4348 1537 4401 corpora
1582 4345 1955 4388 resurrectura

367 4439 491 4476 εδει)
528 4422 607 4475 vel
648 4423 881 4476 maxime
914 4422 1190 4477 credimus
1225 4441 1238 4477 :
1272 4425 1414 4490 quod
1447 4425 1491 4477 si
1529 4425 1664 4477 alter
1694 4440 1759 4479 ex
1801 4426 1957 4481 uehis

368 4531 513 4568 nunc
540 4530 646 4568 non
697 4514 1038 4581 concederet,
1074 4514 1379 4569 huuC‘alter
1410 4515 1709 4585 quomodo,
1749 4531 1957 4585 quzeso,

366 4607 431 4659 ad
457 4607 834 4661 auctoritatem
857 4621 1013 4659 suam
1041 4607 1558 4675 possetadduccre?
1593 4605 1765 4661 Nemo
1785 4609 1957 4677 possit

366 4703 564 4769 inquit,
616 4700 942 4770 pers::adere
993 4699 1041 4752 ei
1076 4699 1165 4767 qui
1201 4701 1656 4753 resurrcmiouem
1691 4715 1813 4754 esse
1845 4715 1949 4754 non

364 4796 588 4855 credat,
629 4794 1057 4861 manifestasque
1090 4785 1190 4846 hac
1227 4792 1292 4847 de
1326 4809 1383 4846 re
1437 4793 1934 4848 demonstrationes

363 4888 614 4956 postulet.

404 5030 405 5033 “
435 5016 519 5089 l3.
563 5033 693 5091 Vide
728 5034 912 5105 igitur,
951 5034 1036 5088 vir
1062 5035 1286 5105 optime,
1325 5035 1571 5105 inquam,
1604 5050 1765 5104 quam
1793 5035 1932 5104 opti-

361 5127 453 5182 mo
478 5127 603 5196 jure
636 5127 795 5181 nobis
835 5127 903 5181 ad
954 5125 1434 5181 demonstrandam
1479 5128 1797 5195 angelorum
1835 5127 1937 5179 im-

361 5218 752 5275 mortalitatem
806 5219 943 5273 satis
995 5220 1217 5273 omnino
1265 5233 1389 5273 esse
1437 5220 1633 5288 possit,
1685 5220 1939 5273 doctores

358 5322 578 5368 nostros
627 5318 988 5381 nostramque
1041 5310 1201 5365 fidem
1243 5308 1510 5381 proferre,
1564 5312 1753 5381 sicque
1788 5311 1936 5364 enim

357 5403 574 5471 negotio
598 5418 660 5457 ac
682 5404 867 5458 labore
883 5401 1102 5473 defungi
1125 5421 1137 5456 :
1162 5418 1269 5457 non
1290 5411 1501 5472 oportet
1521 5405 1689 5470 enim,
1713 5412 1771 5456 ut
1792 5404 1944 5456 vobis

354 5493 574 5562 quidem
610 5494 663 5546 id
697 5493 874 5548 facere
900 5492 1083 5556 liceat,
1112 5494 1269 5548 nohis
1297 5502 1480 5547 autem
1512 5508 1714 5548 ancora
1744 5492 1935 5563 hujus-

420 5689 753 5761 (l)Coislin.
790 5690 1091 5762 φήσαιμεν.
1179 5732 1185 5738 .

2084 1746 2327 1815 σόφισμα
2369 1740 2531 1800 ε’ίναι.
2563 1743 2630 1798 Τί
2667 1761 2797 1798 ποτε
2833 1745 2943 1815 γὰρ
2971 1743 3064 1797 τὸν
3106 1742 3340 1798 θάνατον
3368 1736 3509 1797 εἷναι
3545 1743 3660 1811 φῶ·-

2084 1854 2184 1908 μεν
2218 1838 2332 1909 (l);
2367 1838 2461 1889 καὶ
2506 1838 2558 1890 τί
2591 1834 2653 1905 δὴ
2687 1834 2784 1906 τὴν
2817 1832 2997 1906 ζωήνς
3053 1832 3114 1889 οὗ
3166 1833 3325 1889 τοῦτο
3376 1836 3476 1905 μὲν
3511 1834 3660 1906 ζωὴν

2079 1924 2224 1983 εἶναι
2249 1931 2525 2000 φήσομεν,
2555 1927 2614 1980 τὸ
2642 1926 2823 1997 ψυχὴν
2855 1928 3060 1981 ἐνεῖναι
3101 1927 3180 1995 τῷ
3209 1922 3446 1996 σώματι,
3481 1928 3661 1981 ἐκεῖνο

2075 2021 2132 2073 δὲ
2164 2020 2418 2087 θάνατον,
2454 2019 2511 2072 τὸ
2548 2019 2723 2073 ταῦτα
2760 2017 3053 2089 ἀμφότερα
3104 2019 3350 2089 ἀλλήλων
3379 2020 3662 2090 διακεκρί-

2078 2114 2239 2180 σθαι;
2277 2112 2408 2176 Ναὶ,
2439 2111 2667 2181 κυρίως,
2698 2111 2803 2180 ἔφη
2827 2128 2842 2143 ’
2882 2113 3105 2179 λέγεται
3144 2112 3202 2164 δὲ
3233 2115 3329 2167 καὶ
3361 2114 3497 2169 ἄλλα
3524 2115 3659 2186 θνήο

2078 2223 2233 2259 σκειν
2270 2204 2442 2257 πολλὰ
2487 2204 2705 2267 πολλοῖς
2745 2220 2885 2257 τισιν
2917 2203 3098 2266 ἄλλοις
3137 2204 3443 2277 τρόποις,ἥ
3479 2210 3657 2279 χρόνῳ

2073 2297 2322 2368 δηλονότι
2355 2294 2742 2366 παλαιούμενά
2787 2311 2847 2348 τε
2885 2298 2980 2349 καὶ
3020 2296 3323 2366 λεληθότως
3369 2297 3657 2353 ἀναλισκό-

2076 2389 2308 2460 μενα,ἢ
2366 2388 2745 2458 συμπτώμασί
2799 2405 2909 2441 τισι
2972 2390 3376 2461 μαραινόμενα,
3418 2391 3514 2445 καὶ
3576 2392 3657 2464 τῷ

2073 2481 2212 2551 πρὸς
2238 2480 2338 2551 τὴν
2365 2481 2620 2533 ἐναντίαν
2650 2479 2860 2551 φθοράν
2881 2480 3132 2553 ἀντέχειν
3156 2481 3245 2536 άεὶ
3262 2484 3338 2555 μὴ
3361 2482 3650 2552 δύνασθαι,

2070 2572 2293 2637 τελείως
2321 2573 2721 2645 ἀφανιζόμενα.

2141 2859 2231 2930 ιβ’.
2272 2860 2571 2927 Μανθάνω,
2604 2857 2787 2932 οἶμαι,
2819 2862 2978 2933 ἔφην,
3015 2863 3051 2918 ἃ
3079 2865 3281 2934 λέγεις.
3316 2868 3495 2926 Ἀπαν
3536 2874 3646 2946 γάρ

2069 2954 2311 3039 ἔμψυχόν
2341 2972 2400 3009 τε
2438 2958 2533 3011 καὶ
2567 2955 2662 3026 μὴ,
2696 2956 2845 3020 ὅπως
2863 2957 3067 3027 δήποτε
3093 2960 3291 3026 τελέως
3326 2963 3649 3039 διαφθαρὲν,

2068 3045 2230 3099 τοῦτο
2260 3045 2324 3115 δὴ
2369 3046 2630 3117 θνήσκειν
2664 3047 2866 3116 λέγεις,
2902 3052 2996 3103 καὶ
3025 3054 3084 3104 τὸ
3130 3056 3365 3126 πρᾶγμα
3417 3059 3651 3119 θάνατον

2069 3138 2378 3208 ὀνομάζεις.
2414 3138 2539 3191 Οὐδ’
2564 3140 2867 3193 ὁπωστιοῦν
2899 3137 3087 3217 ᾖφῂς,
3118 3146 3243 3218 ἔφη,
3274 3149 3450 3219 λέγωι
3478 3154 3651 3209 ταῦτα

2069 3233 2180 3303 γάρ
2233 3232 2342 3285 οὐδ’
2397 3231 2763 3286 ἁναόιώσεταί
2798 3250 2930 3288 ποτε
2984 3237 3370 3310 διαφθαρέντα.
3434 3246 3651 3304 Οὐκοῦν

2069 3324 2189 3376 οὐδὲ
2233 3324 2303 3376 τά
2364 3322 2594 3392 σώματα
2648 3324 2779 3393 ἡμῖν
2835 3326 3239 3397 άναστήσεται;
3296 3332 3456 3405 ἔφην.
3499 3337 3651 3391 Ἀλλ’

2070 3416 2229 3479 είσὶν,
2260 3409 2320 3468 εὖ
2351 3414 2482 3479 ἴσθι,
2531 3414 2637 3483 ἔφη
2667 3416 2696 3467 ὁ
2731 3416 2969 3488 Πέρσης,
3008 3420 3064 3473 οἵ
3088 3438 3155 3489 γε’
3199 3423 3344 3478 οὕτω
3374 3427 3532 3481 τοῦτο
3563 3431 3655 3484 δοά

2070 3506 2291 3572 ξάςουσι
2324 3500 2432 3560 τῶν
2482 3506 2614 3577 παρ’
2651 3509 2788 3578 ἡμῖν
2840 3509 3045 3579 λογίων
3071 3528 3085 3543 ·
3139 3514 3219 3567 δεῖ
3260 3518 3369 3588 γάρ
3415 3520 3679 3591 τάληθὲς

2068 3600 2217 3669 ἡμᾶς
2245 3598 2445 3666 λέγειν.
2489 3598 2597 3650 Καὶ
2626 3599 2865 3668 χαλεπὸν
2909 3604 3103 3671 ἀμέλει
3151 3606 3225 3677 μὴ
3281 3609 3489 3675 πάντας
3522 3614 3649 3667 τού...

2068 3708 2195 3753 τους
2230 3692 2588 3749 ὑποσκελίσαι
2626 3695 2754 3756 τοὺς
2779 3695 2858 3757 είς
2885 3697 3075 3767 χεῖρας
3105 3696 3315 3762 τούτοις
3352 3702 3602 3768 ἐλθόντας
3626 3721 3645 3738 ο

2067 3784 2212 3853 λέγω
2237 3786 2302 3857 δὴ
2334 3786 2462 3849 τοὺς
2509 3787 2585 3857 μὴ
2616 3786 2713 3857 τὴν
2745 3786 2923 3840 πίστιν
2967 3787 3469 3860 προϐαλλομένους,
3504 3796 3646 3851 ἀλλά

2066 3878 2352 3949 λογισμοῖς
2381 3879 2939 3949 ὡπλισμένους.Πλὴν
2974 3882 3108 3950 ἡμῖν
3136 3884 3164 3936 ό
3193 3882 3317 3946 δοὺς
3359 3885 3451 3940 τὸν
3477 3889 3648 3958 νόμον

2067 3971 2365 4025 ἀνάστασιν
2387 3970 2496 4022 τῶν
2527 3970 2795 4037 σωμάτων
2842 3971 3098 4026 ἐκέλευσε
3140 3976 3467 4047 προσδοκᾷν,
3494 3973 3647 4054 ᾧπερ

2066 4064 2317 4115 άπιστεῖν
2345 4062 2445 4116 οὐκ
2473 4060 2575 4126 ἔνι,
2603 4060 2713 4113 οὐδ’
2738 4062 3037 4115 ἁιτιτεῖναι
3067 4067 3300 4132 ἐφεῖται.
3340 4072 3549 4134 Παντὸς
3579 4089 3645 4140 γε

2070 4152 2274 4221 μᾶλλον
2316 4146 2473 4221 ἡμεῖς
2510 4150 2867 4219 πιστεύομεν,
2902 4151 3063 4225 ἔφην,
3094 4154 3169 4217 ὡς
3199 4157 3266 4210 τὰ
3295 4158 3403 4211 τῶν
3429 4161 3645 4232 ἀνθρώ.

2068 4260 2184 4296 πων
2237 4244 2610 4311 ἀναστήσεται
2661 4240 2928 4312 σώματαο
2977 4245 3026 4297 εί
3074 4244 3121 4298 δ’
3168 4250 3195 4300 ὁ
3249 4249 3436 4321 ἔτερος
3484 4255 3642 4323 ἡμῶν

2065 4334 2224 4388 τοῦτό
2247 4352 2311 4404 γε
2343 4333 2437 4386 νῦν
2464 4335 2711 4405 ἠπίστει,
2740 4334 2858 4397 πῶς
2885 4336 2952 4389 ἂν
2980 4338 3179 4408 ῥᾳδίως
3221 4336 3369 4412 εἶχεν
3400 4347 3426 4397 ὁ
3455 4346 3643 4413 ἔτερος

2064 4424 2200 4494 πρὸς
2240 4426 2337 4495 τὴν
2382 4426 2570 4478 πίστιν
2599 4425 2790 4479 τοῦτον
2826 4430 3277 4499 χειραγωγῆσαις
3330 4435 3518 4499 Οὐδεὶς
3548 4436 3637 4506 ἂν,

2061 4516 2187 4587 ἔφη,
2232 4518 2421 4572 τοῦτον
2479 4520 2779 4573 ἀναπεῖσαι
2823 4520 3079 4592 δυνηθείη
3124 4528 3278 4589 ποτὲ,
3326 4527 3461 4591 ὅλως
3504 4531 3640 4583 άπιο

2064 4610 2294 4662 στοῦντα
2323 4610 2399 4680 τῷ
2428 4610 2739 4680 πράγματι,
2777 4611 2870 4663 καὶ
2910 4613 3043 4681 περὶ
3070 4613 3237 4669 αὑτοῦ
3286 4618 3385 4682 τὰς
3416 4622 3639 4676 ἀποδεί-

2062 4701 2174 4765 ξεις
2200 4700 2452 4771 ἐναργεῖς
2485 4704 2842 4760 ἀπαιτοῦντα.

2116 5032 2204 5102 ιγ’.
2246 5033 2441 5105 Ἀθρει
2488 5030 2691 5097 τοίνυν,
2726 5031 2900 5104 εἷπον,
2949 5028 2993 5090 ὦ
3041 5034 3314 5107 βέλτιστε,
3363 5038 3437 5104 ὡς
3473 5041 3634 5112 ἤρκει

2042 5127 2258 5190 πάντως
2292 5126 2367 5196 (2)
2401 5128 2551 5197 ῖημῖν
2602 5128 2909 5191 ἀθανάτους
2960 5131 3087 5192 τοὺς
3137 5131 3406 5199 ἀγγέλους
3458 5133 3630 5198 δεῖξαι

2046 5219 2415 5293 προκείμενον
2459 5219 2663 5287 ἔχουσι,
2701 5219 2827 5281 τοὺς
2862 5219 3224 5285 διδασκάλους
3258 5224 3356 5277 καὶ
3398 5222 3495 5295 τὴν
3536 5245 3627 5278 πι-

2049 5328 2167 5364 στιν
2221 5308 2673 5380 προϐαλομένοις,
2736 5310 3083 5379 πραγμάτων
3137 5314 3485 5387 ἀπηλλάχθαι
3531 5317 3626 5369 καὶ

2049 5403 2232 5455 πόνων
2257 5417 2271 5432 ο
2302 5388 2422 5454 οὐδὲ
2447 5401 2556 5470 γὰρ
2582 5402 2710 5470 ὑμῖν
2738 5401 3035 5470 μὲνὲξεστι
3060 5404 3218 5457 τοῦτο
3243 5408 3439 5473 ποιεῖν,
3466 5410 3627 5479 ἡμεῖς

2046 5493 2349 5571 δὲ’ταύτης
2404 5492 2740 5565 ἀφῃρήμεθα
2793 5493 2893 5563 τῆς
2950 5495 3222 5568 ἀγκύρας.
3256 5499 3463 5554 Πίστει
3515 5502 3625 5573 γάρ

2106 5695 2187 5765 (2)
2208 5694 2344 5751 Cod.
2370 5696 2558 5761 ambo,
2579 5696 2809 5759 πάντας.
