4048 6224
347 372 443 436 143

1293 378 1681 442 DIALOGUS
1724 381 1747 439 Ι
1789 379 1948 441 CUM
1995 377 2554 442 MOHAMETANO.

3478 373 3582 439 146

339 461 488 532 ἡμεῖς
539 459 746 529 μᾶλλον
799 460 832 530 ἢ
869 459 1076 529 μεθόδῳ
1123 465 1220 516 καὶ
1255 466 1418 537 τέχνῃ
1466 467 1561 520 καὶ
1589 469 1888 538 ,λογισμοῖς

2017 467 2135 520 nodi
2159 467 2457 524 auferatur.
2479 469 2616 522 Nam
2648 469 2750 524 llde
2775 469 2948 539 magis
2965 482 3128 539 quam
3160 474 3297 539 arte,
3319 465 3582 522 metbodo

335 549 725 622 ἐδραιούμεθα·
756 550 898 621 πλὴν
921 552 1027 616 ἕως
1065 555 1297 623 ἐφεῖται,
1344 559 1577 628 χρῆσθαι
1605 559 1680 628 τῷ
1724 560 1897 612 είκότι

337 650 467 703 πάνυ
499 649 691 702 καλόν.
719 647 892 701 ¹Ἔνθα
944 649 1046 718 μὲν
1074 649 1186 719 γάρ
1217 650 1402 713 πίστις
1438 650 1501 702 ού
1543 644 1896 720 προηγεῖται,

335 740 724 810 ἀηπιρῥήτου
753 757 813 793 τε
836 740 1012 810 πάντη
1043 741 1142 795 καὶ
1189 739 1636 811 ὀμολογουμένης
1663 741 1898 809 δεόμεθα

337 831 661 899 ἀποδείξεως
685 847 700 863 '
731 832 863 887 ἔνθα
885 833 947 886 δὲ
977 835 1164 896 πίστις
1187 834 1248 886 τὸ
1283 834 1390 887 πᾶν
1414 833 1609 903 ίσχύει,
1639 834 1898 902 ἐναργέσι

338 921 429 988 μὲν
482 920 797 986 ἀποδείξεσι
841 921 1007 986 τόπος
1048 923 1153 986 οὐκ
1209 922 1311 977 ἔνι.
1377 923 1741 978 ’Δντίιιεινται
1793 925 1900 994 γὰρ

333 1011 577 1080 ἀλλήλοις
593 1014 705 1083 ἥτε
729 1013 910 1077 πίστις
936 1015 1032 1066 καὶ
1057 1015 1089 1084 ἡ
1119 1015 1416 1082 ἀπόδειξις,
1437 1021 1534 1071 καὶ
1561 1016 1660 1069 οὐκ
1681 1017 1746 1070 άν
1771 1033 1901 1070 ποτε

339 1104 576 1159 συνέλθοι
608 1105 753 1159 κατὰ
783 1105 979 1158 ταυτὸν
1003 1106 1288 1177 ἀμφότερα
1307 1123 1322 1140 ν
1351 1106 1411 1160 τδ
1438 1107 1496 1160 δέ
1534 1107 1683 1170 είκδς
1709 1110 1775 1177 τῇ
1808 1107 1901 1159 πί-

337 1213 447 1248 στει.
475 1197 872 1268 παρομαρτοῦν
917 1198 986 1250 ἐκ
1024 1199 1348 1268 περισσείας
1378 1199 1456 1269 (1)
1480 1200 1694 1267 γίνεται
1738 1200 1904 1268 λιμὴν

334 1288 438 1348 τοῖς
493 1287 840 1350 πιστεύουσι,
885 1289 982 1342 καὶ
1027 1291 1270 1361 γαλήνην
1324 1291 1606 1360 λογισμοῖς
1661 1292 1902 1360 ἐμποιεῖ,

335 1377 578 1447 ἀγκύρας
612 1379 702 1431 ἐπ’
756 1380 1011 1449 ἰσχυρᾶς,
1062 1381 1208 1449 λέγω
1246 1381 1310 1452 δὴ
1340 1383 1442 1452 τῆς
1491 1381 1751 1445 πίστεως.
1805 1381 1906 1446 τὰς

336 1467 427 1536 τῆς
477 1468 764 1538 σωτηρίας
822 1470 1048 1535 ἐλπίδας
1097 1471 1478 1542 άναθεμένοις.
1532 1471 1710 1525 Ἔνθα
1772 1472 1906 1540 γοῦν

335 1561 568 1626 ἐφεῖται.
603 1560 746 1616 πάνυ
794 1579 858 1629 γε
888 1563 1054 1616 καλὸν
1089 1564 1266 1634 τούτῳ
1309 1564 1586 1634 χρῆσθαι·
1621 1564 1649 1617 δ
1689 1563 1753 1634 δὴ
1806 1565 1901 1618 καὶ

334 1655 598 1723 ποιῶμεν,
625 1656 673 1709 εί
704 1655 904 1725 βούλει,
931 1656 1362 1717 ἐπαναλαβόντες
1391 1657 1492 1727 ηδη
1525 1657 1617 1710 τὸν
1647 1656 1826 1723 λόγον.

2002 569 2055 613 et
2109 560 2624 616 ratiocinationibus
2671 569 2882 616 stamus
2917 579 2930 615 :
2969 561 3061 617 sed
3095 570 3274 616 tamen
3309 568 3596 628 quantum

2001 649 2128 704 licet
2178 650 2653 718 probabilitatibus
2697 654 2776 706 uti
2829 669 2958 708 sane
3009 653 3276 708 laudabile
3321 661 3422 705 rst.
3479 649 3580 704 Ubi

2000 742 2144 795 enim
2189 743 2320 798 ﬁdes
2349 758 2456 797 non
2505 745 2679 812 praeit,
2720 744 3026 800 indubitata
3074 745 3313 813 nullique
3356 742 3582 796 omnino

2002 836 2424 892 contradictioni
2457 837 2688 893 obnoxia
2721 839 3190 894 demonstratione
3226 837 3577 904 indigemus:

2007 928 2139 982 lides
2169 942 2295 982 vero
2319 929 2412 1000 ubi
2440 944 2655 983 omnem
2683 930 2790 983 vim
2815 931 2999 993 habet,
3035 927 3338 983 manifestis
3363 926 3582 991 quidem

2003 1020 2565 1076 demonstrationibus
2597 1021 2747 1076 locus
2772 1037 2879 1076 non
2912 1032 3016 1077 est.
3066 1021 3194 1075 Nam
3225 1019 3585 1072 adversantur

2005 1108 2109 1162 sibi
2145 1109 2277 1163 ildes
2312 1120 2364 1164 et
2391 1110 2807 1175 demonstratio,
2841 1126 2940 1165 nec
2966 1106 3438 1177 nnquaminidem
3466 1119 3583 1158 am-

2007 1198 2077 1253 bo
2111 1202 2404 1255 convenire
2429 1211 2657 1270 possunt
2694 1219 2708 1255 :
2747 1202 2836 1255 sed
2866 1199 3141 1270 probabile
3180 1203 3583 1268 argumentum,

2008 1290 2166 1344 ﬁdem
2200 1307 2262 1344 ex
2295 1291 2594 1346 abundanti
2627 1293 2918 1357 comitans,
2948 1289 3298 1345 credentibus
3348 1287 3406 1339 lit
3457 1299 3587 1354 por-

2010 1393 2096 1436 tus
2129 1384 2352 1450 quidam
2390 1401 2402 1436 :
2439 1383 2947 1438 ratiocinationibus
2977 1395 3167 1436 eorum
3217 1379 3453 1448 quietem
3490 1391 3586 1443 pa-

2012 1474 2107 1536 τῖῑ,
2147 1475 2405 1542 quoniam
2439 1490 2588 1542 spem
2615 1490 2726 1529 suae
2758 1475 2944 1529 salutis
2977 1474 3032 1528 in
3061 1472 3188 1527 forti
3223 1484 3448 1530 ancora,
3483 1468 3588 1519 boe

2005 1575 2090 1619 est
2122 1565 2246 1632 ﬁde,
2277 1577 2563 1634 reponunt.
2598 1567 2766 1634 Igitur
2795 1566 2884 1620 ubi
2917 1565 3124 1620 licitum
3179 1573 3283 1626 est,
3317 1557 3584 1629 probabili

2006 1667 2328 1726 argumento
2377 1659 2452 1714 uti
2506 1675 2666 1727 quam
2730 1660 2968 1712 maxime
3038 1658 3244 1733 decet:
3288 1652 3431 1720 quod
3491 1663 3592 1704 nos

333 1745 780 1815 et'ammhlanet,
821 1747 1106 1816 iaciamus,
1148 1756 1312 1818 atque
1343 1748 1408 1803 ad
1437 1763 1558 1804 eam
1591 1757 1798 1818 partem
1840 1749 2136 1815 sermonis,
2167 1763 2233 1803 ex
2263 1763 2370 1817 qua
2398 1750 2599 1820 egressi
2637 1765 2845 1816 sumus,
2875 1760 3234 1805 revertamur.

399 1866 481 1920 ιδ.
527 1861 705 1928 Είπας
745 1865 925 1918 τοίνυν
970 1865 1173 1936 κυρίως
1218 1866 1316 1935 μὲν
1357 1866 1592 1921 θάνατον
1633 1863 1774 1921 εἶναι
1818 1866 1908 1920 τδν

2088 1869 2175 1922 Η.
2211 1867 2437 1924 Mortem
2466 1867 2632 1940 igitur
2662 1873 2879 1939 proprie
2913 1884 3036 1922 esse
3071 1867 3254 1921 dixisti
3287 1865 3588 1919 discessum

340 1954 434 2024 τῆς
457 1953 640 2024 ψυχῆς
665 1954 775 2007 ἀπὸ
798 1953 888 2007 τοῦ
919 1953 1169 2023 σώματος
1191 1956 1476 2025 χωρισμόν
1497 1968 1513 1985 ⁶
1541 1971 1912 2026 καταχρηστι-

345 2047 449 2108 κῶς
485 2047 543 2099 δέ
579 2047 675 2100 καὶ
715 2045 849 2102 ἄλλα
887 2045 1150 2116 θνήσκειν
1187 2047 1482 2114 λέγεσθαι,
1519 2047 1614 2102 καί
1651 2064 1774 2102 τινα
1813 2048 1912 2118 μὲν

347 2141 544 2196 τούτων
576 2142 770 2210 μηκέτ’
792 2135 934 2194 εἶναι
965 2141 1089 2211 μηδ’
1109 2142 1510 2196 ἀνασιὼσεσθαι
1544 2141 1782 2213 μέλλειν,
1812 2161 1912 2195 κα-

345 2233 616 2303 ταφθορὰν
657 2233 968 2287 ὑποστάντα
993 2249 1010 2266 ⁸
1052 2232 1170 2288 ἔνια
1211 2235 1267 2288 δὲ
1311 2233 1473 2288 πάλιν
1514 2234 1909 2301 ἀλλοιωθέντα,

343 2329 431 2380 καὶ
468 2325 648 2396 ταύτῃ
690 2325 996 2396 κρείττονος
1035 2325 1423 2390 καταστάσεως
1463 2327 1907 2396 άπολελαυκότα,

343 2420 545 2488 μηκέτι
571 2417 747 2470 ταῦτα
775 2417 1084 2472 δουλεύσειν
1113 2417 1331 2490 θανάτῳ
1355 2435 1416 2472 τε
1449 2421 1540 2473 καὶ
1575 2420 1770 2491 φθορᾷ.
1800 2421 1912 2490 Τὴν

339 2510 394 2563 δέ
438 2509 732 2564 ἀλλοίωσιν
773 2510 981 2580 ταύτην
1025 2509 1256 2564 θάνατόν
1305 2527 1390 2564 σοι
1436 2511 1590 2580 φίλον
1639 2529 1913 2582 προσαγο-

344 2598 530 2670 ρεύειν
563 2600 657 2655 καὶ
697 2599 999 2655 ἀναϐίωσιν
1021 2640 1036 2666 ,
1069 2595 1138 2672 ἦς
1176 2601 1270 2654 καὶ
1303 2601 1401 2666 τὰς
1439 2601 1618 2673 ψυχὰς
1662 2604 1912 2672 μεθέξειν

342 2693 644 2761 ἀναγκαῖόν
674 2709 759 2746 σοι
801 2692 1052 2762 φαίνεται
1075 2709 1091 2726 ο
1126 2692 1194 2746 ἵν’
1217 2693 1518 2764 ἐπειδήπερ
1555 2695 1729 2765 ἀρχὴν
1762 2696 1912 2766 εἱλή-

346 2804 495 2854 post,
517 2785 677 2849 τέλος
697 2784 1006 2850 ἀκολούθως
1028 2783 1412 2856 ἐκδεχομένην,
1436 2785 1914 2841 άπαθανατισθῶσι

341 2880 426 2936 διὰ
450 2881 554 2946 τῆς
583 2879 1002 2941 ἀνακαινίσεως,
1028 2878 1123 2931 καὶ¹
1150 2877 1411 2947 δευτέρας
1435 2878 1609 2950 ταύτῃ
1638 2882 1914 2935 καταστά-

341 2986 477 3034 σεως
523 2969 794 3038 τύχωσιν,
841 2967 1099 3030 ἐπιεικῶς
1144 2967 1429 3035 ἀμείνονος
1473 2967 1571 3038 τῆς
1616 2969 1911 3038 προτέρας.

341 3067 514 3122 Ταυτὶ
549 3067 613 3121 δέ
651 3065 862 3136 ἔφησθα
898 3066 1114 3130 πάντως
1147 3066 1228 3135 τῷ
1266 3066 1437 3119 εῖκότι
1481 3063 1797 3136 χρώμενος⁹
1832 3059 1916 3128 οἷς

2012 1959 2181 2012 animi
2227 1973 2256 2012 a
2288 1974 2514 2036 corpore
2545 1976 2559 2013 :
2591 1974 2688 2031 per
2735 1960 3054 2015 abusionem
3101 1973 3253 2021 vero,
3289 1955 3594 2024 inqttiebas,

2012 2052 2117 2106 alia
2139 2051 2302 2106 etiam
2331 2054 2467 2108 mori
2492 2053 2773 2120 dicuntur,
2797 2069 3030 2123 quorum
3057 2051 3300 2121 quadam
3325 2065 3428 2102 non
3467 2057 3594 2100 sunt

2015 2144 2271 2214 amplius,
2306 2161 2504 2214 neque,
2541 2155 2828 2216 postquam
2876 2150 3132 2212 corrupta
3189 2150 3334 2204 sunt,
3391 2139 3589 2192 revivi-

2013 2247 2166 2294 scent
2202 2258 2216 2294 :
2260 2239 2506 2308 quaedam
2543 2249 2730 2293 contra
2759 2241 3064 2301 immutata,
3092 2236 3481 2300 melioremque
3511 2233 3592 2285 sic

2013 2331 2209 2400 adepta
2245 2331 2723 2392 constitutionem,
2777 2329 2935 2383 morti
2987 2326 3437 2397 corruptionique
3484 2338 3596 2376 non

2011 2423 2247 2493 amplius
2294 2431 2456 2477 erunt
2495 2421 2763 2490 subjecta.
2824 2423 2936 2474 Hoc
2983 2433 3148 2488 porro
3196 2413 3595 2471 immutationis

2013 2532 2182 2587 genus
2205 2525 2431 2571 mortem
2455 2515 2726 2585 appellare
2752 2513 2847 2568 tibi
2868 2514 3040 2583 placet
3058 2520 3108 2564 et
3127 2506 3596 2569 resurrectionem,

2013 2610 2170 2680 cujus
2205 2609 2414 2663 animas
2442 2623 2660 2678 quoque
2693 2607 2806 2661 fore
2847 2605 3143 2674 aliquando
3174 2601 3466 2672 participes
3500 2615 3593 2651 ne-

2015 2704 2312 2758 cessarium
2361 2703 2455 2756 tibi
2489 2703 2705 2757 videtur
2737 2716 2752 2754 :
2788 2711 2846 2756 ut
2885 2699 3143 2770 quoniam
3177 2705 3355 2749 ortum
3391 2693 3600 2746 babuc-

2015 2805 2142 2849 runt
2172 2796 2389 2856 animae.
2420 2797 2647 2864 ideoque
2665 2794 2823 2848 linem
2857 2807 3075 2862 quoque
3108 2790 3308 2843 habere
3342 2794 3594 2856 possunt,

2017 2887 2369 2940 renovatione
2399 2885 2488 2938 illa
2515 2885 2734 2938 demum
2767 2881 3104 2935 immortales
3143 2879 3295 2941 ﬁant,
3326 2876 3513 2942 sicque
3541 2874 3594 2925 in

2015 2978 2246 3032 alterum
2280 2976 2568 3046 quemdam
2601 2981 2803 3028 statum
2852 2971 3191 3042 perveniant,
3230 2968 3408 3037 priore
3440 2965 3598 3034 longe

2016 3070 2322 3124 meliorem.
2375 3066 2500 3122 Hree
2542 3076 2723 3121 autem
2775 3064 2984 3127 dixisti,
3041 3059 3318 3116 verisimili
3371 3071 3597 3127 prorsus

339 3164 448 3232 γάρ
467 3165 595 3226 τοῖς
624 3161 870 3246 σώμασιν
897 3162 951 3214 αῖ
978 3161 1153 3232 ψυχαὶ⁵
1178 3159 1494 3215 κοινωνοῦσι
1520 3161 1617 3214 καὶ
1639 3159 1748 3214 τῶν
1775 3161 1915 3229 ἁγα-

2019 3169 2344 3232 argumento
2396 3169 2602 3214 utens:
2660 3171 2784 3212 cum
2833 3156 3032 3225 quibus
3079 3155 3225 3208 enim
3277 3149 3598 3220 corporibus

341 3254 451 3308 θῶν
468 3297 485 3320 ,
514 3255 612 3308 καὶ
636 3253 746 3306 τῶν
775 3244 850 3322 μὴ
871 3253 1159 3318 τοιούτων,
1187 3253 1280 3305 καὶ
1307 3251 1494 3316 ἁπλῶς
1520 3251 1738 3306 πάντων
1763 3252 1917 3322 ἐξῆς,

341 3346 436 3399 καὶ
469 3345 573 3398 τοῦ
609 3343 842 3399 θανάτου
873 3344 1058 3406 αὐτοῖς
1090 3344 1502 3413 κοινωνήσουσι.
1539 3341 1721 3396 Ταῦτα
1750 3339 1841 3413 ἦν,
1874 3337 1920 3398 ὦ

343 3437 494 3505 ’γαθέ
517 3478 534 3502 ,
567 3437 622 3489 εἰ
648 3453 713 3505 γε
748 3437 822 3506 μὴ
861 3435 1213 3490 παντάπασιν
1239 3435 1634 3504 ἐπιλέλησμαι,
1668 3433 1703 3488 ά
1732 3434 1800 3488 δι’
1824 3435 1919 3488 άλ-

344 3529 451 3582 λων
484 3527 770 3596 ὀνομάτων
804 3527 1134 3598 (συνέτεμον
1166 3525 1276 3596 γὰρ
1308 3523 1400 3578 τὸν
1433 3523 1616 3590 λόγον)
1652 3524 1781 3592 περὶ
1813 3524 1921 3577 τῶν

345 3623 548 3692 ψυχῶν
572 3638 676 3686 σοι,
705 3621 800 3673 καὶ
825 3619 921 3672 τοῦ
941 3617 1202 3682 πθανάτοῦ,
1228 3618 1326 3672 καὶ
1351 3617 1447 3686 τῆς
1476 3615 1816 3679 ἀλλοιώσεως
1843 3616 1922 3669 εῖ-

352 3729 557 3786 ρηταιο
587 3714 645 3768 ει
687 3712 734 3766 δ’
755 3711 1103 3782 ἐπελαθόμην
1124 3751 1139 3776 ,
1173 3709 1334 3774 αὐτὸς
1374 3709 1708 3781 ἀνάμνησον.
1745 3709 1853 3762 Καὶ
1893 3709 1922 3763 ὁ

351 3809 595 3876 Πέρσης,
630 3803 793 3859 Ἀλλά
818 3802 991 3856 ταῦτά
1019 3805 1186 3869 ἐστιν,
1217 3801 1342 3870 ἐφη.

424 3928 508 3976 ιε’.
549 3919 685 3973 Εἰπὲ
715 3919 780 3989 δὴ
811 3919 1054 3990 πρῶτον,
1086 3916 1220 3986 ἔφην
1251 3915 1392 3984 ἐγὼ,
1429 3915 1566 3985 ποίῳ
1593 3916 1656 3985 δή
1687 3933 1792 3969 τινι
1824 3915 1924 3968 θα-

353 4012 506 4081 νάτῳ
542 3999 848 4063 δουλεύσειν
882 4008 1164 4078 ὑπόχρεως
1198 4001 1339 4058 εἶναι
1372 4006 1550 4074 λέγεις
1589 4007 1714 4068 τοὺς
1754 4005 1924 4074 άγγέ-

351 4103 501 4169 λους,
526 4101 606 4172 τῷ
632 4101 856 4172 κυρίως,
887 4100 918 4170 ἢ
946 4099 1020 4170 τῷ
1055 4100 1157 4170 μής
1192 4097 1463 4166 Καθαρῶς
1499 4097 1616 4167 μὲν.
1647 4097 1746 4166 ἔφη
1777 4099 1805 4150 δ
1833 4099 1925 4164 γέ-

357 4213 489 4266 ρων,
535 4191 665 4248 οῦτε
715 4190 936 4260 λέγεται
983 4208 1058 4253 τι,
1113 4187 1236 4242 οὔτε
1290 4187 1395 4258 μὴν
1442 4187 1750 4256 γέγραπται
1798 4190 1926 4255 περ)⁸

351 4284 584 4350 τούτου,
615 4281 783 4354 πλὴν,
814 4281 894 4335 ὅτι
923 4281 1018 4336 καὶ
1047 4281 1096 4334 οἱ
1124 4279 1345 4348 ἄγγελοι
1374 4277 1742 4348 τεθνήξονται.
1774 4276 1928 4330 Δοκῶ

349 4378 407 4432 δέ
442 4395 573 4446 μοι,
605 4377 698 4429 καὶ
727 4373 940 4444 μάλιστ’
963 4374 1022 4439 ἐξ
1054 4365 1129 4426 ὧν
1159 4388 1242 4424 σοι
1271 4369 1366 4426 νῦν
1395 4369 1458 4434 δὴ
1489 4370 1732 4439 εἴρηται,
1762 4367 1837 4428 ὡς
1865 4363 1926 4421 εῦ

350 4470 417 4526 ἄν
443 4469 563 4542 ἔχοι
587 4468 768 4536 λέγειν
788 4507 801 4530 ,
849 4468 1040 4536 ὅτιπερ
1069 4464 1158 4518 τδν
1187 4462 1248 4516 οὐ
1297 4463 1502 4534 κυρίως
1530 4459 1928 4514 ἀποθανοῦνται

351 4561 590 4617 θάνατον
622 4560 671 4612 οἱ
707 4558 785 4630 (2)
821 4557 1068 4626 ἄγγελοι.
1107 4555 1217 4609 Καὶ
1263 4555 1382 4617 πῶς
1424 4571 1485 4606 σε
1527 4552 1737 4615 άλλως,
1775 4545 1928 4604 εἷπον

353 4650 489 4722 ἐγὼ,
541 4650 819 4721 ἐνδέχεται
867 4647 1066 4702 ἐννοεῖν
1106 4663 1166 4699 τε
1209 4645 1305 4699 καὶ⁸
1343 4643 1552 4712 λέγειν,
1597 4643 1766 4715 ἄνδρα
1805 4643 1928 4696 νοῦν

355 4745 556 4814 ἔχοντα
583 4742 679 4796 καὶ
706 4740 871 4809 σοφόν
892 4756 909 4806 ;
929 4739 1070 4792 Ὅσα
1104 4739 1201 4809 μὲν
1227 4737 1336 4807 γὰρ
1362 4739 1426 4790 ἐκ
1457 4737 1717 4790 πλειόνων
1743 4753 1804 4790 τε
1834 4738 1928 4788 καὶ

356 4836 633 4905 διαφόρων
660 4832 760 4904 τὴν
789 4829 1024 4900 ὕπαρξιν
1051 4829 1185 4899 ἔχει,
1213 4827 1436 4898 εῦδηλον
1461 4827 1536 4890 ὡς
1567 4826 1924 4890 συντέθειται,

359 4928 456 4979 καὶ
479 4926 562 4980 δεῖ
586 4941 719 4978 ποτε
743 4922 915 4976 ταῦτα
939 4921 1277 4989 διαλυθῆναι.
1305 4918 1564 4982 Σύνθεσις
1588 4919 1716 4989 γὰρ,
1745 4923 1926 4988 φασὶν,

361 5019 510 5088 ἀρχὴ
543 5016 902 5078 διαστάσεως.
936 5014 998 5067 Et
1035 5013 1095 5066 δὲ
1125 5013 1190 5083 δὴ
1227 5013 1322 5065 καὶ
1357 5011 1416 5078 ἐξ
1449 5012 1706 5066 ἐναντίων
1743 5012 1931 5064 συντέ-

357 5108 539 5164 θειται
570 5109 667 5163 καὶ
701 5106 865 5176 φύσει
895 5105 1206 5174 πολεμίων,
1239 5096 1329 5156 οἷα
1360 5103 1422 5172 δὴ
1455 5103 1524 5156 τὰ
1557 5102 1750 5173 πρῶτα
1786 5118 1931 5155 στοι-

359 5201 490 5269 χεῖα
531 5201 550 5268 (
569 5197 629 5262 ἐξ
659 5189 735 5253 ὧν
767 5197 837 5250 τὰ
872 5193 1082 5265 σώμαθ’
1111 5195 1242 5263 ὑμῖν
1265 5233 1279 5256 ,
1315 5191 1448 5246 Θεοῦ
1482 5192 1708 5260 δυνάμει
1740 5209 1800 5245 τε
1841 5192 1935 5246 καὶ

361 5287 682 5355 κελεύσει),
717 5286 898 5357 θαῦμα
918 5325 934 5349 ,
963 5286 1049 5340 ὅτι
1077 5285 1173 5339 καὶ
1207 5283 1434 5354 συνῆλθε
1463 5283 1561 5352 τὴν
1588 5283 1763 5352 ἀρχὴν
1793 5281 1934 5336 κατὰ

357 5377 591 5442 ταυτὸν,
623 5375 720 5431 καὶ
750 5374 1000 5430 ὁπωσοῦν
1033 5373 1298 5440 συνέστη,
1333 5375 1426 5425 καὶ
1460 5371 1702 5442 διαρκεῖ,
1734 5371 1801 5424 τὰ
1837 5370 1935 5440 μὲν

357 5468 457 5519 ἐπὶ
503 5467 710 5528 πλεῖον,
749 5467 817 5520 τά
859 5465 916 5519 δὲ
957 5465 1044 5518 ἐπ’
1066 5463 1288 5517 ἔλαττον
1313 5479 1330 5496 ο
1366 5462 1396 5515 ὃ
1439 5460 1496 5514 δὲ
1537 5463 1632 5514 καὶ
1673 5460 1936 5531 ἔκπληξιν

359 5561 621 5628 ἐμποιεῖν
653 5552 767 5612 οἷόν
800 5575 860 5611 τε
895 5557 988 5610 νοῦ
1025 5555 1370 5625 μετέχουσιν,
1405 5553 1580 5608 ἐκεῖνο
1614 5552 1831 5616 πάντως
1865 5553 1930 5607 ἂν

442 5786 524 5856 ιι)
549 5786 686 5848 Cod,
712 5804 824 5857 rrg.
859 5784 1197 5859 περιουσίας.

2019 3253 2183 3316 bona,
2219 3249 2362 3308 mala
2421 3261 2721 3319 caeteraque
2759 3249 2982 3304 omnino
3047 3246 3229 3299 omnia
3282 3244 3597 3299 communia

2022 3349 2328 3403 habuerunt
2370 3346 2585 3408 animas,
2625 3359 2748 3397 cum
2795 3342 2986 3396 iisdem
3032 3350 3376 3393 communem
3435 3335 3601 3388 etiam

2023 3448 2251 3493 mortem
2276 3437 2572 3492 habebunt.
2597 3433 2721 3488 Haec
2741 3433 2852 3487 fere
2871 3441 3016 3495 sunt,
3049 3432 3269 3499 hospes,
3297 3427 3396 3481 nisi
3416 3426 3604 3480 admo-

2021 3529 2151 3585 dum
2179 3544 2265 3584 me
2289 3543 2420 3583 mea:
2445 3527 2725 3582 memoriae
2749 3538 2942 3580 sensus
2963 3523 3120 3588 fallit,
3142 3536 3261 3590 qua:
3283 3520 3404 3574 aliis
3423 3518 3604 3573 verbis

2028 3625 2179 3692 (nam
2213 3619 2461 3676 contraxi
2485 3618 2784 3674 orationem
2811 3614 3000 3686 tuam)
3031 3613 3099 3669 de
3130 3614 3438 3667 animarum
3461 3625 3604 3663 mor-

2025 3723 2078 3770 te
2095 3713 2499 3780 mutationeque
2515 3710 2719 3764 dixisti:
2739 3723 2974 3779 quorum
2999 3708 3045 3761 si
3065 3706 3193 3775 quid
3212 3705 3342 3758 mihi
3365 3702 3601 3766 excidit,

2023 3800 2078 3856 in
2096 3801 2411 3854 memoriam
2431 3813 2641 3854 revoca.
2661 3797 2771 3865 Ego
2787 3812 2914 3852 vero
2935 3796 3072 3851 nihil
3089 3795 3234 3849 aliud
3255 3794 3387 3856 dixi,
3404 3791 3600 3859 inquit.

2095 3893 2183 3947 15.
2233 3891 2424 3961 Igitur,
2457 3891 2702 3959 inquam,
2734 3889 2823 3944 dic
2854 3889 2986 3942 mihi
3022 3887 3280 3956 primum.
3324 3886 3367 3940 si
3405 3886 3601 3953 placet,

2026 3984 2171 4054 quali
2209 3991 2264 4035 tu
2306 3983 2522 4036 tandem
2551 3981 2711 4035 morti
2744 3980 3008 4034 obnoxios
3042 3978 3159 4032 fore
3206 3979 3429 4047 angelos
3462 3979 3605 4029 allir~

2027 4090 2164 4140 mas,
2217 4085 2400 4128 utrum
2455 4071 2672 4142 pr0prie
2707 4072 2866 4126 dicta:
2906 4070 3004 4135 illi,
3044 4085 3112 4144 an
3151 4069 3346 4121 secus?
3375 4067 3604 4133 Liquido

2027 4167 2272 4238 quidem,
2313 4164 2510 4233 inquit,
2543 4165 2644 4218 bac
2676 4162 2743 4216 de
2772 4178 2828 4216 re
2855 4176 3033 4230 neque
3061 4160 3258 4214 dicitur
3284 4161 3604 4230 quidquam,

2028 4274 2204 4330 neque
2233 4256 2509 4322 scribitur,
2549 4261 2746 4326 prmter
2795 4254 2917 4317 hoc,
2963 4253 3106 4322 quod
3161 4253 3336 4322 angeli
3388 4268 3608 4320 quoque

2030 4351 2352 4406 morientur.
2390 4347 2518 4402 Mihi
2565 4360 2696 4401 vero
2721 4359 2788 4399 ex
2819 4345 2887 4399 iis
2913 4344 3167 4409 maxime,
3200 4358 3318 4411 qua:
3347 4341 3505 4396 modo
3527 4344 3608 4395 di-

2029 4446 2210 4509 cebas,
2238 4441 2436 4499 rationi
2466 4449 2894 4496 consentaneum
2929 4439 3162 4502 videtur,
3184 4446 3241 4490 ut
3271 4445 3598 4499 statuamus,

1963 4531 2002 4584 ι)
2033 4523 2330 4603 improprie
2359 4531 2562 4587 dictam
2595 4539 2824 4584 mortem
2875 4529 3099 4597 angelos
3129 4527 3426 4582 subituros.
3477 4524 3606 4585 Nec.

2037 4629 2282 4695 inquam,
2321 4639 2420 4694 pro
2446 4624 2734 4693 prudentia
2771 4621 2860 4675 illa
2899 4632 2955 4675 et
2986 4621 3250 4681 doctrina,
3279 4634 3399 4688 qua:
3429 4627 3509 4673 est
3553 4620 3605 4672 in

2038 4731 2089 4773 te
2115 4731 2350 4780 summa,
2381 4716 2536 4770 aliter
2560 4725 2711 4784 potes
2739 4712 2939 4768 sentire
2968 4722 3021 4766 et
3060 4711 3228 4779 loqui.
3262 4709 3610 4779 Quaecunque

2037 4826 2102 4865 ex
2136 4809 2382 4878 pluribus
2402 4807 2743 4874 diversisque
2768 4805 2928 4860 rebus
2957 4802 3333 4858 exsistentiam
3358 4801 3606 4865 tralmut.

2039 4920 2100 4958 ea
2126 4902 2344 4971 quidem
2373 4899 2671 4969 composita
2703 4913 2825 4953 esse
2851 4896 3252 4967 aliquandoque
3275 4895 3605 4950 dissolutum

2042 4996 2103 5049 iri
2139 4993 2430 5048 manifesto
2459 4993 2647 5060 liquet.
2679 4989 2809 5043 Nam
2853 4987 3234 5046 dissolutionis
3276 4985 3514 5049 initium,
3550 4994 3619 5038 ιιι

2037 5087 2215 5151 aiunt,
2247 5095 2331 5141 est
2377 5083 2721 5154 compositio.
2753 5081 2874 5137 .lam
2908 5095 3040 5136 vero
3070 5083 3113 5135 si
3147 5077 3392 5150 quaedam
3425 5077 3506 5133 vel
3540 5091 3606 5130 ex

2039 5178 2332 5234 contrariis
2366 5177 2668 5246 composita
2699 5174 2900 5229 fuerint
2941 5181 3242 5240 naturaque
3267 5170 3406 5224 inter
3427 5182 3486 5223 se
3509 5181 3609 5237 pu-

2038 5271 2353 5343 gnantibus,
2385 5268 2692 5340 cujusmodi
2723 5278 2852 5323 sunt
2881 5267 3056 5335 prima
3083 5259 3394 5328 elementa(
3428 5273 3457 5311 e
3485 5257 3608 5325 qui-

1972 5378 1978 5386 ‘
2040 5363 2142 5418 bus
2175 5373 2361 5417 nostra
2391 5375 2618 5430 corpora
2650 5357 2743 5411 Dei
2780 5355 3001 5410 numine
3025 5353 3290 5422 jussuque
3305 5345 3610 5415 constant),

2040 5457 2238 5510 mirum
2284 5461 2428 5508 certe
2463 5451 2680 5509 accidit,
2718 5463 2781 5502 ea
2822 5447 2876 5500 in
2919 5459 3085 5498 unum
3130 5443 3200 5497 ab
3231 5441 3387 5496 initio
3426 5439 3618 5495 locum

2036 5543 2381 5606 convenisse,
2417 5542 2711 5610 aliquoqoe
2739 5538 2956 5592 tandem
2989 5533 3152 5591 modo
3170 5542 3453 5605 utcunque
3475 5545 3616 5588 con.»-

2119 5771 2194 5844 (3)
2221 5771 2280 5825 Οί
2315 5771 2462 5826 deest
2494 5771 2557 5824 in.
2583 5784 2680 5837 reg
