4048 6224
472 385 576 452 147

1642 400 2044 463 MANUELIS
2076 404 2531 468 PAL/EOLOGI

3594 360 3725 476 .153

457 503 687 569 stitisse,
719 516 771 559 et
795 505 897 561 alia
935 507 1190 578 longiori,
1228 508 1335 562 alia
1368 508 1605 564 brcviori
1644 511 1906 579 temporis
1951 512 2037 563 in-

2148 516 2254 586 εἴη.
2285 517 2357 569 Τὸ
2386 518 2495 587 γάρ
2528 518 2705 573 πάντα
2737 519 2985 585 πεφυκὸς
3014 518 3373 589 διαφθείρειν,
3402 520 3430 571 6
3461 520 3719 589 πόλεμος,

440 599 684 653 'tcrvallo
716 614 1036 668 permanere
1074 619 1087 653 ι
1125 603 1198 666 id,
1220 604 1312 672 qui
1337 612 1461 658 sunt
1486 604 1714 658 rationis
1740 614 2045 685 compotes.

454 692 561 746 nisi
594 695 959 749 admiratione
983 697 1354 765 obstupefacti
1389 698 1750 764 contemplari
1783 712 1895 752 non
1922 713 2049 767 pos-

454 792 603 838 sunt.
633 785 787 851 Quod
818 788 961 841 enim
995 789 1061 842 ad
1094 791 1276 843 omnia
1306 789 1708 858 corrumpenda
1739 798 1933 843 natum
1958 800 2044 843 est

456 876 694 942 bellum,
758 881 844 935 hic
901 892 1113 936 mutato
1171 884 1364 937 ordine
1422 883 1819 938 conservandis
1873 884 2039 938 rebus

457 972 666 1025 videtur
715 973 1000 1030 inservire.
1046 974 1183 1029 Nam
1212 977 1642 1041 consideremus,
1676 992 1781 1047 qua
1830 976 2042 1031 ratione

457 1063 664 1118 bellum
698 1077 752 1120 et
782 1083 962 1137 pugna
993 1071 1153 1125 linem
1191 1073 1429 1127 habeant
1464 1090 1479 1127 :
1519 1086 1743 1127 necesse
1770 1081 1872 1136 est,
1905 1071 2041 1123 alte-

452 1170 574 1208 rum
612 1158 767 1212 sitde
799 1161 1033 1226 duobus,
1066 1174 1120 1217 ut
1150 1165 1233 1217 vel
1269 1166 1334 1217 ad
1367 1164 1675 1232 pactionem
1704 1177 1801 1217 res
1832 1161 2035 1221 veniat,

455 1250 534 1303 vel
558 1252 620 1303 al
638 1253 947 1317 victoriam,
970 1264 1028 1308 ut
1049 1256 1185 1310 alter
1201 1255 1423 1325 quidem
1446 1258 1650 1319 vincat,
1673 1254 1811 1309 alter
1854 1254 2051 1308 vinea-

457 1350 566 1402 lur.
593 1348 759 1418 Atqui
789 1358 847 1404 ut
872 1352 937 1403 nd
960 1352 1263 1420 pactionem
1286 1354 1426 1407 inter
1444 1367 1501 1407 se
1520 1352 1792 1406 elementa
1807 1349 2047 1411 veniant,

454 1441 567 1493 tieri
583 1456 925 1511 nequaquam
950 1454 1123 1513 potest
1144 1461 1157 1497 :
1177 1460 1352 1514 neque
1372 1445 1513 1499 enim
1540 1459 1693 1499 suam
1727 1442 1841 1510 ipsa
1866 1426 2027 1494 natu—

451 1546 567 1586 ram
610 1534 881 1603 abnegare
919 1536 1356 1607 possunt.Atque
1373 1538 1440 1590 ab
1478 1534 1878 1605 alteroquidem
1920 1533 2052 1586 alte-

454 1640 574 1678 rum
604 1627 747 1680 vinci
776 1629 1146 1683 necessarium
1183 1629 1323 1684 foret
1354 1648 1367 1684 :
1406 1628 1548 1684 Deus
1575 1638 1757 1682 autem
1786 1626 1888 1680 hoc
1912 1624 2030 1680 ﬁeri

2157 607 2271 661 ἄνω
2310 610 2573 678 ποταμῶν
2606 611 2700 663 ἐπὶ
2733 611 2945 676 τούτοις
2984 613 3310 666 συστατικδν
3344 611 3725 679 ἀναφαίνεται.

2155 697 2458 768 Σκοπῶμεν
2487 698 2578 763 δὲ,
2611 701 2759 764 ὅπως
2791 701 3030 772 πολέμου
3063 703 3213 765 τέλος
3247 702 3338 754 καὶ
3372 702 3553 772 μάχης
3583 702 3731 755 δυοῖν

2152 789 2404 861 θάτερον,
2446 791 2479 861 ἢ
2532 794 2860 847 σπείσασθαι
2907 793 2943 864 ἣ
2992 795 3308 862 κρατῆσαι·
3356 794 3583 865 θάτερον
3629 794 3729 864 μὲν

2155 883 2455 950 κρατῆσαι,
2500 881 2731 953 θάτερον
2773 886 2830 938 δὲ
2872 886 3197 956 ἡττηθῆναι.
3242 886 3353 939 Καὶ
3399 886 3727 940 σπείσασθαι

2157 974 2255 1043 μὲν
2287 975 2357 1027 τὰ
2388 978 2632 1045 στοιχεῖα
2664 978 2917 1048 ἀλλήλοις
2949 979 3231 1042 παντελῶς
3259 980 3521 1032 ἀδύνατον
3541 994 3556 1009 ⁸
3594 980 3729 1049 μηδὲ

2151 1064 2262 1135 γὰρ
2293 1065 2393 1135 τὴν
2422 1066 2633 1120 ἑαυτῶν
2664 1068 2827 1137 φύσιν
2854 1070 3189 1141 ἀρνήσασθαι
3221 1070 3467 1124 δυνατόν.
3498 1070 3723 1139 Κρατῆο

2152 1175 2241 1211 σαι
2283 1159 2339 1212 δὲ
2385 1161 2559 1231 πάντη
2607 1160 2813 1232 θάτερα
2883 1163 2992 1215 τῶν
3053 1163 3256 1229 ἑτέρων
3299 1163 3732 1229 ἀναγκαιότατον

2159 1252 2259 1322 μέν
2285 1270 2299 1285 ο
2329 1254 2463 1316 Θεὸς
2496 1254 2553 1308 δὲ
2588 1255 2763 1326 εἴργει
2789 1257 2948 1309 τοῦτο
2978 1255 3248 1324 γενέσθαι.
3282 1253 3355 1308 Τδ
3386 1255 3495 1326 γὰρ
3528 1255 3733 1327 κρατῆ-

2122 1398 2123 1403 η
2157 1360 2255 1397 σαν
2289 1345 2346 1398 ὲν
2380 1345 2565 1408 αὐτοῖς
2600 1347 2813 1417 ἀνάγκη
2849 1346 3157 1416 διαφθεῖραι
3190 1348 3252 1401 τδ
3285 1347 3563 1419 κρατηθὲν
3583 1376 3613 1412 ,—
3635 1345 3733 1419 καὶ

2155 1435 2333 1506 τούτῳ
2369 1438 2763 1507 συμφθαρῆναι
2798 1438 2859 1491 τὸ
2893 1439 3213 1503 ἀναλῶσαν,
3248 1439 3499 1509 καθάπερ
3534 1438 3635 1509 ὕλῃ
3668 1436 3730 1489 τδ
3776 1434 3779 1435 ⁷

2158 1528 2268 1595 πῦρ
2292 1544 2307 1559 ·
2347 1528 2487 1581 ὥστε
2522 1530 2592 1583 τὰ
2633 1533 2877 1600 στοιχεῖα
2919 1531 3056 1601 μόνα
3090 1532 3166 1600 (l)
3201 1531 3280 1600 τῷ
3321 1531 3578 1601 πολεμεῖν
3610 1530 3731 1583 δια-

2162 1621 2313 1690 μένει
2336 1662 2351 1683 ,
2389 1625 2483 1676 καὶ
2517 1624 2595 1694 τῷ
2632 1622 2924 1695 παραδόξῳ
2956 1625 3131 1695 τούτῳ
3164 1623 3489 1687 διασώζεται
3521 1622 3729 1692 τρόπῳ.

455 1718 725 1785 prohibet.
752 1721 885 1776 Nam
952 1723 1306 1790 elementum,
1333 1728 1478 1795 quod
1525 1725 1579 1777 in
1615 1723 1747 1792 ipsis
1768 1719 2010 1774 victoria:
2046 1732 2273 1786 compos
2314 1716 2474 1784 foret,
2506 1720 2557 1774 id
2584 1728 2639 1774 et
2674 1720 2873 1775 victum
2904 1721 3235 1777 elementum
3274 1720 3511 1782 tolleret,
3542 1726 3594 1771 et
3623 1724 3733 1772 una

452 1830 578 1866 cum
608 1816 700 1868 illo
725 1818 868 1886 quod
900 1820 1362 1887 eonsunipsisset,
1402 1821 1545 1873 sicut
1568 1818 1788 1872 ﬂamma
1814 1829 1937 1869 cum
1965 1810 2212 1874 materia,
2246 1812 2421 1880 ipsum
2452 1814 2896 1882 exstingueretur
2933 1834 2949 1870 :
2984 1816 3126 1871 adeo
3166 1822 3227 1869 ut
3274 1812 3403 1868 belli
3466 1824 3570 1882 ope
3614 1807 3731 1864 sola

451 1908 720 1962 elementa
766 1911 1082 1978 perdurent,
1128 1912 1554 1981 hujusmodique
1591 1911 1774 1977 modo,
1825 1921 1999 1977 coque
2038 1904 2345 1957 admirabili
2386 1916 2802 1963 conserventur.

523 2000 613 2055 16.
667 2000 819 2055 Unde
868 2002 1067 2056 mirum
1115 2019 1240 2059 esse
1288 2004 1424 2069 dixi,
1468 2006 1614 2074 quod
1663 2019 1729 2057 ex
1763 1999 2028 2073 ejusmodi
2064 2001 2109 2059 Β

450 2093 738 2164 principiis
773 2097 840 2150 ab
891 2097 1051 2151 initio
1102 2110 1289 2153 nostra
1330 2112 1557 2167 corpora
1578 2096 1959 2161 constiterint,
1995 2102 2050 2149 et

451 2186 536 2240 vel
569 2186 715 2241 brevi
748 2188 1003 2257 quopiam
1038 2196 1282 2257 tempore
1313 2198 1688 2254 permaneant.
1713 2186 2043 2257 Angelorum

452 2291 591 2331 vero
620 2287 814 2331 natura
848 2278 1082 2347 simplex
1106 2278 1507 2347 elementisque
1544 2279 1923 2347 praestantior,
1949 2290 2046 2329 ne-

451 2385 556 2439 que
591 2370 667 2424 ab
690 2370 787 2436 iis,
811 2371 1096 2427 elementis
1127 2371 1271 2437 dico,
1297 2372 1671 2426 exsisteutiam
1707 2371 1869 2426 habet
1896 2369 1914 2436 (
1934 2384 2045 2439 quo

454 2463 633 2527 enim,
654 2463 912 2529 obsecro,
936 2473 1098 2533 pacto
1147 2475 1575 2520 consentaneum
1617 2476 1785 2528 esset,
1834 2480 1897 2519 ex
1930 2470 2053 2532 post

455 2550 614 2614 factis
659 2558 808 2628 ipsos
846 2574 968 2614 esse
1019 2559 1301 2631 factosi),
1333 2576 1509 2629 neque
1542 2560 1646 2614 alia
1684 2558 1940 2628 quapiam
1991 2571 2051 2611 re

454 2650 686 2720 indiget,
742 2660 802 2706 ut
860 2653 1128 2708 consistat
1176 2661 1271 2709 aut
1314 2654 1454 2709 bene
1504 2668 1563 2708 se
1612 2654 1830 2707 habeat.
1879 2650 2049 2721 Igitur

456 2743 597 2797 haud
634 2755 778 2799 recte
807 2744 1065 2813 opinetur
1099 2746 1247 2814 quis,
1285 2746 1507 2816 angelos
1539 2745 1875 2814 corruptioni
1912 2745 2048 2800 sub-

448 2837 625 2904 jectos
663 2853 786 2894 esse
815 2854 996 2907 posse.
1023 2839 1077 2893 Si
1108 2839 1252 2892 enim
1288 2839 1616 2908 composita,
1653 2852 1718 2893 ee
1747 2839 1866 2907 ipso
1899 2838 2044 2907 quod

451 2933 756 3000 composita
788 2944 938 2995 sunt,
977 2940 1212 2987 mortem
1257 2928 1477 3003 quidem
1517 2933 1723 2987 obeunt
1774 2934 2048 3000 tinemque

454 3022 962 3094 babent,ideoque
1017 3024 1139 3080 aliis
1203 3024 1659 3094 corruptibilibus
1728 3024 1795 3077 ad
1864 3024 2051 3078 consi-

453 3115 706 3167 stendtun
745 3114 1017 3184 indigent,
1048 3115 1226 3182 palam
1288 3122 1369 3168 est
1416 3114 1745 3168 immortalia
1780 3128 1901 3168 esse
1926 3128 2048 3181 quae

452 3211 583 3255 sum
650 3202 801 3255 hisce
863 3201 1278 3257 contraria.Est
1304 3216 1437 3270 ergo
1483 3202 1803 3271 angelorum
1854 3210 2047 3255 natura

2219 1997 2317 2062 ις’.
2352 2001 2460 2054 Καὶ
2498 2002 2835 2071 θαυμαστὸν,
2870 2002 3009 2071 ὅπερ
3042 1995 3217 2065 εἷπον,
3251 1999 3334 2054 ὃτι
3368 1999 3464 2054 καὶ
3497 1998 3729 2069 συνέστη

2146 2091 2246 2161 τὴν
2279 2093 2452 2163 ἀρχὴν
2484 2094 2553 2147 τὰ
2587 2095 2819 2164 σώματα
2850 2095 2983 2165 ἡμῖν
3014 2093 3127 2147 ἀπὸ
3158 2093 3267 2147 τῶν
3300 2092 3557 2145 τοιούτων
3579 2132 3594 2156 ,
3631 2092 3729 2146 καὶ

2150 2186 2367 2256 διαρκεῖ
2411 2186 2617 2258 βραχύν
2652 2205 2775 2241 τινα
2816 2189 3031 2258 χρόνον.
3071 2188 3134 2241 Oi
3190 2186 3248 2241 δὲ
3288 2184 3508 2254 ἄγγελοι
3565 2183 3731 2253 φύσις

2145 2279 2294 2350 ἁπλῆ
2336 2284 2431 2334 καὶ
2464 2280 2573 2333 τῶν
2610 2281 2895 2351 στοιχείων
2930 2280 3232 2350 κρείττων,
3270 2279 3364 2331 καὶ
3403 2277 3531 2331 οὕτε
3573 2275 3729 2345 παρά

2144 2372 2356 2426 τούτων
2380 2372 2492 2442 ἔχει
2514 2373 2613 2443 τὴν
2639 2370 2877 2443 ὕπαρξιν
2906 2372 3048 2442 (πῶς
3074 2372 3183 2443 γὰρ
3209 2370 3502 2425 ἀκόλουθον
3526 2371 3589 2423 ὲκ
3615 2370 3727 2423 τῶν

2148 2466 2606 2536 ύστερογενῶνς),
2657 2466 2782 2519 οὔτε
2826 2466 2971 2527 τινὸς
2992 2465 3150 2527 αὖθις
3198 2465 3393 2529 δεῖται,
3439 2463 3581 2517 ὥστε
3628 2463 3728 2516 καὶ

2147 2558 2503 2611 συνίστασθαι
2534 2558 2567 2628 ἢ
2605 2554 2665 2611 εὖ
2698 2554 2859 2619 εἶναι.
2893 2557 3008 2611 Οὐκ
3039 2557 3125 2627 ἀρ’
3149 2556 3212 2610 εὖ
3243 2556 3356 2625 ἔχει
3386 2557 3606 2617 τούτους
3638 2554 3727 2606 δο-

2148 2650 2331 2717 ξάζειν
2384 2650 2531 2712 οἴους
2565 2667 2624 2703 τε
2667 2647 2807 2703 εῖναι
2851 2649 3028 2720 φθορᾷ
3061 2647 3366 2702 δουλεῦσαι.
3406 2647 3469 2700 Εἰ
3504 2645 3611 2716 γάρ
3652 2645 3723 2699 τά

2150 2743 2382 2794 σύνθετα
2422 2741 2593 2811 θνητά
2636 2740 2728 2794 και)⁸
2766 2740 2920 2809 λῆξιν
2956 2739 3319 2809 ἐκδεχόμεναι,
3359 2738 3533 2807 τούτῳ
3571 2738 3724 2804 αύτῷ

2147 2836 2224 2905 τῷ
2272 2834 2503 2889 σύνθετα
2547 2830 2710 2894 εἶναι.
2754 2834 2846 2886 καὶ⁸
2890 2833 2978 2888 διὰ
3013 2833 3172 2887 τοῦτο
3214 2832 3421 2885 δέονται
3464 2829 3724 2899 φθαρτῶν

2146 2928 2371 2998 ἑτέρων,
2395 2926 2535 2981 ὥστε
2566 2925 2944 2989 συνίστασθαι,
2974 2926 3144 2993 σαφὲς
3172 2925 3237 2977 ἂν
3262 2923 3349 2993 εἴη
3380 2922 3617 2985 πάντως,
3643 2920 3723 2984 ὡς

2146 3020 2408 3075 τάναντία
2436 3019 2645 3080 τούτοις
2676 3019 2943 3071 ἀθάνατα.
2979 3018 3045 3070 Ἠ
3072 3017 3179 3071 τῶν
3206 3017 3457 3084 ἀγγέλων
3484 3014 3591 3086 ἄρα
3622 3012 3727 3083 φύ-

2151 3129 2237 3174 σις
2273 3111 2561 3170 ἀθάνατος.
2598 3109 2801 3163 Θεόθεν
2832 3110 2941 3179 γὰρ
2975 3108 3073 3178 τὴν
3105 3106 3341 3177 ὓπαρξιν
3376 3106 3593 3176 ἔχουσι,
3627 3105 3724 3157 καὶ

2147 3206 2212 3274 τῇ
2245 3204 2439 3256 τούτου
2473 3203 2611 3273 μόνῃ
2641 3203 2859 3270 μεθέξει
2890 3201 3026 3265 ζῶσι
3054 3200 3152 3271 (2),
3180 3200 3273 3252 καὶ
3303 3198 3599 3261 κινοῦνται,
3626 3195 3725 3248 καὶ

452 3293 802 3347 inmortalis.
856 3291 991 3345 Nam
1039 3307 1069 3345 a
1107 3293 1217 3347 Deo
1292 3293 1671 3348 exsistentiam
1729 3293 1953 3358 habent,
1988 3301 2044 3348 et

2152 3296 2285 3349 εἰσιν
2319 3296 2422 3365 (ὅ),
2443 3295 2610 3349 Ὅθεν
2644 3296 2676 3366 ἡ
2709 3290 2934 3365 τοιαύτη
2978 3293 3138 3363 φύσις
3178 3292 3300 3355 πῶς
3335 3292 3434 3361 μὲν
3466 3289 3721 3358 νοσήσας

452 3384 569 3438 sola
607 3384 771 3453 hujus
822 3385 1248 3454 participatione
1289 3386 1504 3451 vivunt,
1545 3393 1859 3451 moventur,
1886 3396 2042 3441 sunt.

451 3475 781 3546 Uniusmodi
843 3486 1025 3531 autem
1089 3486 1282 3532 natura
1358 3478 1635 3546 quomodo
1704 3479 2033 3549 aegrotabit?

451 3569 731 3639 quomodo
804 3568 1115 3624 senescet?
1162 3568 1445 3637 quomodo.
1499 3576 1803 3622 veterascet
1843 3568 1866 3621 ?
1906 3584 2047 3638 quo-

451 3661 616 3714 modo
665 3659 969 3714 morietur?
1019 3657 1222 3714 Eadem
1280 3660 1491 3716 ratione
1546 3658 1760 3715 animas
1812 3676 2033 3731 quoque

452 3752 798 3806 immortales
849 3766 971 3807 esse
1023 3752 1457 3807 existimandum
1522 3751 1873 3807 esLNatura
1899 3754 2044 3808 enim

453 3853 583 3899 sunt
636 3844 915 3912 simplices
942 3880 957 3903 .
1002 3842 1346 3912 rationisque
1427 3844 1725 3913 participes
1752 3884 1771 3904 .
1813 3845 2043 3914 soloque

452 3935 548 3990 Dei
596 3935 911 3990 iutervcntu'
949 3935 1036 4005 (si
1088 3934 1168 3988 sic
1217 3934 1360 4005 quod
1412 3933 1828 4003 Οιωοίμέθεξιν
1849 3944 2043 3990 vocant

452 4030 721 4101 appellari
758 4028 976 4099 placet)
1014 4029 1315 4083 exsistunt.
1347 4027 1489 4093 Quin
1514 4030 1677 4083 etiam
1711 4030 2046 4099 corruptibi-

452 4123 593 4178 lium.
631 4122 1057 4191 mortaliumque
1105 4135 1286 4175 rerum
1340 4135 1685 4190 quaecunque
1737 4122 2044 4190 corruptio-

450 4230 583 4271 nem.
604 4229 667 4269 ac
702 4223 934 4268 mortem
984 4212 1355 4281 superabunt,
1387 4211 1526 4266 hanc
1578 4212 2041 4267 immortalitatem

449 4306 885 4374 incorruptibil's
920 4314 1131 4359 natura:
1167 4303 1587 4373 participatione
1629 4304 2040 4372 adipiscuntur.

450 4404 714 4464 Quartum
753 4398 917 4465 igitur
946 4396 1085 4449 ratio
1127 4410 1249 4449 esse
1300 4403 1509 4462 potest,
1558 4404 1618 4447 ut
1663 4396 1892 4461 angelis,
1948 4397 2043 4466 qui

451 4488 790 4543 substantiis
824 4487 1150 4541 mortalibus
1184 4485 1593 4554 prmstantiorcs
1623 4494 1775 4546 sunt,
1809 4496 2041 4541 mortem

452 4580 863 4635 nttribuamus?
897 4577 990 4633 Sin
1026 4587 1206 4631 autem
1245 4576 1443 4629 horum
1472 4585 1723 4629 naturam
1758 4576 1810 4630 in
1842 4578 2041 4633 melius

2152 3389 2270 3453 πῶς
2307 3388 2366 3441 δὲ
2408 3389 2641 3458 γηράσει
2678 3388 2791 3457 (4);
2829 3386 2946 3449 πῶς
2984 3386 3041 3440 δὲ
3081 3383 3565 3452 παλαιωθήσεται;
3604 3379 3724 3443 πῶς

2148 3484 2204 3538 δὲ
2233 3481 2587 3552 τεθνήξεταις
2620 3480 2822 3534 Τοῦτον
2853 3480 2909 3533 δὲ
2939 3480 3031 3533 τὸν
3058 3480 3262 3549 τρόπον
3291 3478 3385 3531 καὶ
3415 3476 3512 3535 τὰς
3542 3474 3723 3543 ψυχας

2148 3576 2451 3637 ἀθανάτους
2476 3575 2839 3645 ὑποληπτέον.
2874 3571 3069 3627 Ἀπλαῖ
3094 3571 3202 3642 γάρ
3228 3571 3292 3639 δὴ
3320 3570 3412 3622 καὶ
3436 3560 3597 3622 αὗται
3622 3566 3723 3634 τὴν

2149 3669 2344 3738 φύσιν,
2381 3667 2477 3721 καὶ
2510 3667 2761 3734 λογικαὶ,
2797 3665 2894 3718 καὶ
2923 3666 2987 3734 τῇ
3025 3664 3121 3716 τοῦ
3155 3662 3290 3716 Θεοῦ
3328 3659 3543 3731 μεθέξει
3582 3657 3724 3728 μόνῃ

2150 3760 2517 3813 συνίστανται.
2548 3760 2655 3813 Καὶ
2690 3758 2794 3827 μὴν
2825 3757 2923 3811 καὶ
2948 3756 3057 3810 τῶν
3083 3754 3341 3824 φθαρτῶν
3369 3769 3429 3805 τε
3460 3752 3555 3805 καλ⁵
3586 3750 3721 3821 θνη-

2147 3852 2275 3917 τῶν,
2302 3853 2402 3904 ὅσα
2431 3851 2614 3919 μέλλει
2645 3851 2861 3912 πάντως
2889 3845 3221 3919 γενήσεσθαι
3249 3845 3482 3915 κρείττω
3510 3840 3720 3911 φθορᾶς

2148 3946 2243 3998 καὶ
2276 3943 2527 4007 θανάτου,
2562 3944 2629 4013 τῇ
2660 3926 2753 3995 τοῦ
2786 3941 3068 4011 ἀφθάρτου
3102 3940 3301 4011 μετοχῇ
3332 3937 3492 3990 τοῦτο
3522 3935 3586 3988 ἂν
3618 3932 3723 3986 πά-

2147 4037 2251 4093 Θοι.
2282 4038 2445 4089 Ὥστε
2475 4035 2576 4089 τίν’
2601 4035 2714 4106 ἔχει
2745 4034 2903 4102 λόγον
2922 4072 2938 4098 ,
2971 4033 3205 4087 θάνατον
3235 4030 3491 4099 ἀγγέλοις
3521 4025 3723 4097 περιά-

2147 4146 2302 4183 πτειν
2330 4128 2572 4197 ἀμείνοσι
2603 4127 2707 4180 τῶν
2734 4126 2945 4196 θνητῶν
2973 4125 3055 4194 (5)
3081 4123 3451 4192 ύπάρχουσινς
3484 4120 3545 4172 Εἰ
3571 4118 3627 4170 δὲ
3656 4118 3718 4187 δὴ

2146 4222 2245 4291 τὴν
2273 4219 2481 4274 τούτων
2510 4218 2671 4289 φύσιν
2702 4218 2809 4289 φῂς
2840 4215 3188 4270 ἀλλοιοῦσθαι
3216 4212 3353 4284 πρὸς
3381 4211 3443 4264 τὸ
3474 4210 3717 4281 βέλτιον,

2146 4314 2240 4368 καί
2271 4329 2353 4366 σοι
2384 4312 2535 4381 φίλον
2566 4311 2795 4364 θάνατον
2823 4309 2981 4361 τοῦτο
3012 4307 3218 4371 καλεῖν,
3252 4306 3359 4360 ῐσθι
3393 4303 3513 4375 μὲν,
3546 4302 3621 4366 ὡς
3652 4302 3717 4354 οὐ

2146 4404 2296 4475 καλῷ
2344 4403 2632 4456 κάλλιστον
2680 4402 2914 4470 πρᾶγμα
2962 4396 3397 4469 προσαγορεύεις
3444 4394 3671 4463 ὀνόματι
3700 4406 3716 4421 ·

2144 4496 2244 4566 τὴν
2280 4496 2387 4565 γὰρ
2426 4494 2521 4546 ἐπὶ
2554 4495 2613 4547 τὸ
2650 4494 2903 4562 κρεῖττον
2930 4491 3220 4544 ἀλλοίωσιν
3254 4488 3401 4557 ζωῆς
3444 4501 3720 4554 προσηγο-

2151 4589 2275 4659 ρίαν
2312 4585 2564 4657 δέχεσθαι
2609 4585 2806 4655 μᾶλλον
2845 4585 2879 4654 ἢ
2924 4583 3155 4636 θανάτου
3199 4581 3469 4651 προσῆκε.
3505 4577 3721 4642 Λέξεως

454 4672 655 4727 mutari
685 4672 848 4737 dicis,
879 4682 1043 4740 atque
1085 4670 1188 4723 hoc
1217 4680 1445 4722 mortem
1476 4683 1673 4723 vocare
1720 4670 1814 4723 tibi
1840 4671 2033 4739 placet,

2148 4685 2186 4739 δ’
2211 4684 2400 4738 ἕνεκεν
2443 4682 2506 4735 ού
2549 4680 2822 4749 διοίσομαι
2847 4695 2862 4710 ·
2907 4676 3167 4732 ἀλλὀύδὲ
3208 4675 3377 4729 πολύν
3418 4672 3544 4727 τινά
3588 4686 3720 4722 ποτε

452 4767 677 4820 nomine
714 4782 820 4820 non
864 4765 1091 4834 pulchro
1125 4763 1550 4833 pulcherrirnam
1593 4778 1706 4816 rem
1741 4764 1838 4818 abs
1867 4776 1915 4819 te
1937 4783 2032 4837 ap-

452 4854 645 4924 pellari
697 4856 836 4910 scito
871 4873 885 4909 :
925 4870 1047 4909 nam
1081 4868 1202 4924 qua:
1243 4853 1300 4907 in
1341 4854 1536 4908 melius
1596 4855 1651 4908 lit
1704 4856 2033 4927 immutatio,

2144 4776 2448 4843 ποιήσομαι
2477 4772 2635 4836 λόγον
2655 4811 2669 4836 ,
2702 4772 2832 4824 ὅταν
2864 4786 2944 4823 σοι
2976 4769 3073 4837 τῆς
3107 4766 3343 4836 ἀληθοῦς
3371 4767 3399 4818 6
3429 4762 3553 4825 νοῦς
3587 4761 3719 4832 ἔχηο

2140 4882 2231 4916 ται
2262 4863 2441 4933 δόξης.

453 4969 517 5007 ca
556 4952 680 5007 vitae
712 4951 892 5022 potius
919 4967 1083 5021 quam
1119 4951 1317 5006 mortis
1372 4950 1793 5021 appellationem
1857 4960 2106 5027 accipere
2146 4960 2389 5014 deberet.
2437 4957 2543 5011 Sed
2600 4956 2751 5011 nulla
2813 4956 2918 5011 erit
2980 4955 3116 5009 mihi
3191 4960 3372 5008 tecum
3438 4954 3504 5006 de
3551 4950 3721 5008 verbo

454 5047 832 5101 controversia
864 5062 878 5098 :
961 5061 1061 5099 nec
1100 5046 1323 5114 longum
1358 5060 1459 5115 ego
1487 5046 1553 5101 de
1596 5046 1686 5101 illa
1718 5064 1775 5103 re
1809 5064 1927 5104 sum
1960 5068 2267 5107 sermonem
2318 5052 2584 5117 facturus,
2623 5052 2918 5105 dummodo
2946 5066 2975 5104 a
3009 5064 3138 5105 vera
3187 5049 3448 5118 opinione
3491 5049 3722 5107 intentio

454 5144 837 5213 sententiaque
870 5152 963 5197 tua
998 5157 1105 5196 non
1145 5143 1215 5197 sit
1247 5142 1449 5196 aliena.

526 5239 613 5293 47.
648 5236 743 5292 llic
783 5236 969 5300 Persa,
1007 5235 1239 5305 Optime,
1276 5236 1472 5303 inquit,
1511 5237 1753 5290 omnium
1794 5246 1846 5291 tu
1903 5239 2034 5294 mihi

2210 5243 2298 5325 ιζ’.
2341 5243 2556 5312 Σφόδρα
2588 5243 2795 5307 πάντα,
2828 5242 2933 5311 ἔφη
2964 5244 2991 5295 6
3022 5242 3269 5314 Πέρσης,
3305 5244 3487 5315 ἔχεταί
3519 5260 3603 5295 σοι
3633 5242 3722 5295 λό-

455 5334 555 5389 abs
579 5343 629 5387 te
654 5332 926 5387 dictorum
956 5330 1194 5401 probasti
1214 5329 1504 5392 rationem,
1530 5332 1891 5398 orationeque
1919 5342 2037 5396 tua,

2148 5352 2236 5399 γου
2279 5335 2345 5387 τὰ.
2387 5336 2686 5405 εἰρημένα,
2732 5338 2825 5389 καὶ
2871 5335 3174 5397 ἀθανάτους
3217 5337 3344 5397 τοὺς
3386 5336 3654 5403 ἀγγέλους
3693 5337 3722 5388 6

455 5443 580 5482 cum
610 5426 853 5496 angelos,
874 5435 988 5480 tum
1034 5426 1266 5487 animos,
1292 5423 1631 5477 immortales
1665 5440 1785 5478 esse
1815 5427 2040 5479 drmon-

2148 5425 2296 5491 λόγος
2323 5425 2602 5496 ἀπέφηνε.
2633 5427 2725 5477 καὶ
2750 5426 2813 5495 δὴ
2842 5426 2936 5478 καὶ
2962 5427 3058 5488 τὰς
3082 5425 3279 5495 ψυχάς.
3311 5428 3377 5479 Ἦ
3406 5425 3566 5494 φύσις
3595 5426 3724 5492 μέν-

455 5521 669 5576 strasti.
692 5521 991 5574 Amborum
1023 5526 1200 5571 tamen
1237 5525 1429 5569 natura
1461 5531 1583 5591 non.
1604 5517 1782 5571 innxiis
1810 5519 2038 5571 omnino

456 5610 729 5683 passionis
760 5625 956 5680 expers
983 5624 1103 5664 esse
1134 5607 1267 5662 mihi
1292 5609 1505 5663 videtur
1536 5626 1550 5663 :
1594 5624 1691 5663 nec
1717 5611 1860 5664 enim
1896 5626 2038 5664 sem-

528 5748 608 5813 (Ι)
634 5749 795 5805 Forte
822 5753 991 5820 μόνῳ.

530 5820 610 5880 12)
641 5820 776 5875 Cod.
806 5822 974 5876 Cttisl.
1011 5821 1145 5883 ζιῖα.

532 5890 844 5966 ιό)ΛΙιυ(1ίι
872 5894 937 5949 ad
982 5894 1210 5949 SJ‘auli
1241 5894 1464 5962 dictum,
1498 5897 1551 5948 At
1578 5904 1613 5951 t.
1660 5896 1847 5969 Ap‘st.
1890 5911 2024 5961 xm,

2141 5534 2224 5570 τοι
2272 5518 2367 5570 καὶ
2409 5520 2615 5589 ἀμφοῖν
2660 5521 2757 5573 οῦκ
2801 5520 3018 5587 ἀπαθὴς
3061 5521 3409 5575 παντάπασιν
3448 5516 3583 5572 οὖσά
3627 5535 3719 5586 μοι

2144 5611 2397 5677 φαίνεται
2420 5626 2434 5641 ’
2468 5612 2588 5665 οὐδὲ
2627 5613 2734 5683 γὰρ
2768 5614 2854 5667 ἀεὶ
2886 5613 3151 5675 ὡσαύτως
3182 5613 3415 5683 ἔχουσα,
3450 5612 3544 5665 καὶ
3575 5610 3723 5664 κατὰ

2141 5753 2228 5806 ‘28.
2262 5751 2322 5805 In
2346 5757 2457 5821 ipso
2478 5758 2613 5808 miim
2647 5757 2887 5819 vivimus,
2919 5774 3187 5811 moremur
3214 5769 3262 5811 et
3293 5773 3497 5812 sumus.

2220 5825 2295 5897 (4)
2321 5826 2456 5897 (Emi.
2484 5828 2653 5879 Coisl.
2686 5845 2746 5893 γε
2786 5830 3072 5897 κρατήσει.

2215 5896 2295 5963 (5)
2326 5895 2415 5952 Sic
2448 5899 2658 5953 correxi
2699 5902 2787 5953 :in
2820 5895 2949 5953 iuss.
2974 5900 3172 5968 igitur
3195 5899 3515 5957 τῶνόντων.
