4048 6224
506 330 616 398 155

1698 338 2101 411 MANUELIS
2140 338 2597 400 PAL/EOLOGI

3658 336 3757 403 1'56

488 453 561 505 mi
594 450 783 506 frater.
819 451 1000 506 Facile
1036 451 1180 505 enim
1217 451 1321 506 hoc
1362 452 1494 507 milii
1521 456 1850 523 persuadeo.
1904 454 2066 523 Deus,

2198 458 2580 527 ιροαφήρπασε
2629 456 2738 510 τῶν
2784 455 2977 509 δεινῶν
3003 471 3015 487 ·
3056 456 3105 508 εί
3149 455 3206 509 δέ
3246 471 3324 526 τῳ
3372 454 3548 523 φίλον,
3579 456 3762 524 λέγειν

491 558 617 596 cum
654 554 975 611 praesentem
1008 541 1173 608 lianc,
1208 544 1323 597 sive
1375 542 1535 608 iram,
1590 546 1705 599 sive
1759 542 2077 616 castigatio-

489 649 637 697 nem,
669 633 825 687 nobis
859 633 1018 687 vellet
1063 634 1383 698 immittere.
1418 637 1674 691 dilectum
1732 638 1833 691 sibi
1877 638 2079 707 princi-

492 740 613 794 pem
640 735 747 778 tam
776 727 1039 795 gravibus
1077 728 1293 782 emalis
1360 730 1511 796 prius
1570 730 1811 798 eripuit:
1864 730 1972 784 nisi
2032 731 2079 785 si

492 818 617 886 quis
648 819 780 872 illud
820 819 1008 873 dicere
1046 820 1194 872 malit
1232 820 1398 887 (dicet
1426 830 1606 874 autem
1640 822 1896 890 quisquis
1950 837 2077 877 eum

494 921 638 965 recte
667 911 833 980 norit)
873 930 887 965 :
927 909 983 966 Si
1015 923 1295 981 superstes
1334 912 1523 968 fuisset
1559 930 1787 984 magnus
1845 917 2080 985 impera-

494 1014 599 1066 tor,
638 1021 664 1057 α
699 1006 969 1072 principio
992 1006 1226 1059 fortasse
1266 1021 1371 1059 non
1405 1006 1624 1075 longius
1655 1008 1946 1077 serpsisset
1989 1025 2081 1063 ca-

496 1096 759 1150 lamitas:
800 1096 879 1148 vel
913 1098 1130 1151 etiamsi
1192 1099 1676 1153 vehementissimo
1736 1116 1834 1155 nos
1879 1101 2081 1170 impetu

497 1191 811 1252 invasisset,
848 1193 996 1259 quis,
1033 1193 1105 1244 dii
1147 1193 1297 1252 liOlli,
1333 1191 1425 1245 illo
1452 1193 1667 1260 imperii
1735 1194 1951 1248 clavum
2006 1204 2085 1249 te-

497 1291 681 1343 nente,
715 1291 1089 1351 temp-Staten]
1164 1283 1405 1350 aliquam
1455 1283 1828 1353 fluctuumque
1872 1296 1924 1339 ct
1958 1300 2088 1340 ven—

499 1382 679 1427 torum
711 1376 850 1431 alios
876 1393 1040 1441 super
1074 1377 1210 1430 alios
1240 1377 1477 1445 impetus
1508 1378 1830 1432 timuisset?
1879 1378 2080 1433 Verum

501 1468 651 1521 illius
683 1469 996 1538 quicunque
1030 1469 1362 1522 mentionem
1386 1469 1596 1532 fecerit,
1629 1470 1674 1524 is
1706 1479 1767 1524 ut
1821 1471 1978 1539 quasi
2030 1471 2085 1523 in

506 1574 656 1613 mare
687 1561 1013 1614 immensum
1046 1560 1266 1613 laudum
1304 1562 1511 1614 incidat
1540 1577 1763 1616 necesse
1794 1571 1876 1615 est
1901 1579 1912 1614 :
1933 1576 2089 1615 emn-

501 1666 608 1717 que
640 1653 786 1704 nulla
821 1653 1004 1721 lingua
1064 1654 1225 1719 digna
1284 1652 1520 1707 inveniri
1573 1636 1748 1723 possit
1796 1653 2092 1707 virtutibus

2184 551 2361 601 έκεῖνο
2390 548 2465 616 (1)
2498 548 2634 617 (ἐρεῖ
2658 546 2713 599 δὲ
2752 548 2860 616 ἄρα
2882 548 2989 610 πᾶς
3021 564 3126 619 τις,
3154 548 3213 615 ὃς
3242 563 3307 614 γε
3340 545 3521 607 καλῶς
3549 546 3761 599 ἐκείνου

2184 640 2539 710 πεπείραται)
2568 655 2581 670 ·
2608 642 2657 692 εἰ
2691 639 2890 709 περιῆν
2920 640 2949 691 6
2970 637 3146 708 μέγας
3176 638 3450 708 βασιλεὺς,
3485 637 3616 701 ἴσως
3641 638 3765 691 οὐδὲ

2184 732 2283 803 τὴν
2331 731 2504 802 ἀρχὴν
2542 731 2607 785 ἂν
2643 731 2942 800 παρεισέδυ
2993 730 3063 783 τά
3108 730 3260 784 δεινά
3287 745 3301 758 ⁸
3330 730 3378 782 εί
3421 730 3475 783 δὲ
3507 730 3600 785 καὶ
3627 728 3767 799 μετά

2189 823 2388 892 πολλῆς
2422 823 2647 877 ἐπέθετο
2685 823 2783 891 τῆς
2816 821 3201 892 σφοδρότητος,
3235 821 3321 884 τίς
3349 821 3414 874 ἀν
3443 822 3613 875 ἔδεισέ
3640 839 3767 874 τινα

2188 915 2359 985 ζάλην
2383 916 2478 969 καλ⁵
2496 915 2762 985 κυμάτων
2782 914 2878 967 καὶ
2905 913 3232 983 πνευμάτων
3254 913 3342 966 ἐπ’
3366 913 3629 983 ἀλλήλους
3649 914 3771 966 ἐπι-

2190 1008 2386 1078 φορὰς,
2412 1008 2625 1060 ἐκείνου
2673 1024 2737 1073 γε
2782 1007 2907 1069 τοὺς
2939 1007 3134 1069 οίακας
3187 1007 3402 1076 ἔχοντος
3441 1007 3500 1059 ὲν
3545 1008 3767 1075 γεροῖνς

2191 1096 2338 1151 Ἀλλ’
2362 1097 2576 1149 ἐκείνου
2613 1097 2712 1166 μέν
2747 1114 2832 1160 τις
2863 1096 3143 1167 μνησθεὶς,
3177 1097 3341 1160 εὐθὺς
3371 1098 3449 1158 είς
3478 1095 3771 1164 ἐγκωμίων

2192 1190 2489 1259 ἐμπίπτειν
2515 1190 2888 1258 ἀναγκάζεται
2933 1190 3170 1257 πέλαγος
3196 1206 3210 1219 υ
3252 1191 3389 1259 μήτε
3436 1189 3496 1240 δὲ
3520 1187 3772 1257 γλώττης

2194 1280 2359 1348 οὔσης
2387 1282 2495 1335 τῶν
2524 1283 2734 1339 ἐκείνου
2758 1283 2940 1335 καλῶν
2960 1282 3137 1348 ἀξίας,
3163 1282 3257 1335 καὶ
3280 1280 3372 1334 τοῦ
3405 1280 3771 1352 προκειμένου

2194 1374 2399 1428 σκοποῦ
2431 1374 2568 1444 πρὸς
2598 1376 2733 1428 ἄλλα
2764 1375 3146 1443 μεθέλκοντος,
3183 1373 3277 1426 τοῦ
3312 1373 3581 1443 προτέρου
3606 1373 3775 1425 πάλιν

2195 1467 2463 1536 ἁψώμεθα
2490 1469 2677 1537 λόγου,
2706 1468 2766 1532 ὃς
2795 1467 2926 1538 ἡδύς
2956 1486 3014 1521 τε
3038 1469 3131 1520 καὶ
3151 1468 3367 1529 ἀστεῖος
3402 1468 3570 1519 πᾶσιν
3592 1465 3775 1531 ἔδοξεν

2196 1559 2359 1624 εἶναι,
2416 1561 2512 1614 καὶ
2570 1560 2978 1631 λαμπρδν’τῶν
3030 1559 3244 1615 ἀσε6ῶν
3302 1559 3490 1628 ῥηθεὶς
3543 1557 3775 1627 κατέχεε

2199 1653 2433 1721 γέλωτα.

500 1743 640 1813 ejus,
669 1747 957 1813 operisque
1016 1746 1280 1814 propositi
1338 1761 1538 1815 scopus
1599 1747 1705 1801 alio
1754 1761 1853 1801 nos
1913 1746 2114 1808 trahat,
2169 1747 2237 1801 ad
2300 1747 2492 1812 istum,
2547 1750 2735 1815 frater,
2796 1753 3139 1803 revertamur
3176 1758 3504 1810 sermonem,
3562 1743 3655 1814 qui
3724 1749 3781 1796 et

496 1835 775 1903 jucundius
803 1841 1154 1905 urbanusque
1180 1839 1435 1894 omnibus
1468 1840 1617 1894 visus
1641 1849 1743 1906 est,
1772 1847 1825 1893 et
1857 1852 2084 1908 magnos
2113 1847 2229 1892 tum
2265 1840 2412 1896 risus
2440 1842 2734 1896 concitavit
2766 1841 2834 1897 de
2863 1840 3139 1895 Barbaris.

575 1952 628 2005 5.
674 1952 990 2014 Meministi,
1030 1955 1247 2022 opinor,
1283 1956 1355 2007 mi
1406 1956 1612 2023 optime
1649 1956 1840 2017 frater,
1878 1955 2080 2009 fontem

2259 1955 2321 2008 ε’.
2358 1952 2524 2025 Οἶμαί
2576 1974 2634 2010 σε
2682 1956 2997 2029 μεμνῆσθαι
3050 1956 3151 2025 τῆς
3191 1955 3405 2027 κρήνης
3437 1954 3514 2025 (2)
3549 1956 3643 2007 mi
3674 1956 3778 2025 τῆς

507 2045 657 2097 illum
692 2054 744 2098 et
772 2061 1060 2114 quercum,
1087 2046 1190 2099 sub
1240 2062 1345 2114 qua
1396 2048 1723 2101 consederat
1757 2047 1963 2101 aestatis
1994 2062 2085 2102 ar-

506 2140 638 2194 dore
659 2139 876 2192 divinus
902 2138 1367 2208 princeps,cibum
1397 2150 1658 2209 capturus
1681 2156 1747 2194 ex
1776 2140 2084 2205 venatione,

507 2231 573 2283 al
611 2246 776 2299 quam
812 2231 987 2298 ipsum
1017 2240 1305 2285 vocaverat
1332 2240 1579 2300 satrapes
1628 2232 1738 2295 ille,
1772 2231 1867 2301 qui
1905 2236 2091 2302 genuit

511 2320 656 2372 istud
691 2320 747 2372 in
807 2321 1153 2374 Christianos
1200 2336 1348 2373 nunc
1409 2321 1671 2376 emissum
1735 2322 1964 2387 fulmen,
2026 2338 2091 2376 ex

510 2414 777 2465 malormn
828 2414 1129 2468 acerbitate
1178 2414 1257 2466 sic
1328 2414 1694 2468 nominatum.
1733 2414 1887 2469 Tune
1928 2415 2092 2483 igitur

516 2504 628 2567 ille,
660 2505 867 2565 utscis,
900 2507 1114 2573 longum
1138 2519 1444 2559 sermonem
1503 2505 1713 2570 habuit,
1749 2508 1895 2576 quod
1951 2505 2095 2560 Eno-

510 2598 677 2650 clmm
713 2607 766 2649 ct
796 2597 973 2651 Etiam
999 2598 1383 2651 demonstrare
1415 2598 1576 2652 vellet
1605 2598 1657 2651 in
1714 2599 1917 2653 caelum
1971 2614 2094 2655 esse

511 2702 717 2759 raptos,
748 2690 1114 2759 omnibusque
1145 2690 1218 2743 ibi
1283 2690 1605 2746 vestimenta
1634 2706 1793 2744 suere
1821 2709 1835 2743 :
1885 2706 1992 2760 qua
2025 2691 2092 2745 de

510 2797 676 2835 causa
760 2782 1042 2851 splendide
1085 2797 1181 2837 eos
1230 2782 1546 2842 extollebat.
1572 2782 1924 2851 delatumque
1961 2783 2095 2853 ipsis

513 2874 775 2926 lmnorem
841 2873 1240 2928 admirabatur.
1301 2873 1400 2928 Cui
1458 2876 1761 2940 imperator
1804 2873 2097 2928 subridens

511 2962 688 3017 dixit:
731 2962 877 3016 Itane
905 2978 1033 3017 vero
1066 2974 1119 3018 tu
1169 2950 1481 3018 id‘honoris
1539 2963 1818 3031 divinique
1849 2962 2097 3017 muneris

510 3054 632 3108 loco
659 3056 834 3116 ducis.
868 3054 1239 3125 sudorumque
1262 3064 1316 3110 et
1338 3055 1590 3108 laborum
1642 3068 1741 3123 pro
1779 3054 1978 3107 virtute.
2005 3069 2099 3107 su-

510 3158 825 3218 sceptorum
867 3150 1149 3215 puemiqu
1173 3148 1441 3202 arbitrare
1462 3145 1645 3200 ?unde
1692 3146 1815 3210 hoc,
1833 3145 2100 3199 obsecro?

511 3240 711 3311 quippe
753 3240 805 3295 id
861 3240 1175 3294 hominibus
1234 3241 1287 3293 in
1324 3238 1415 3293 Dei
1450 3236 1804 3293 offensionem
1852 3238 2094 3309 graviter

514 3333 682 3401 lapsis
737 3346 836 3401 pro
858 3330 962 3385 alia
995 3331 1253 3400 quapiam
1290 3330 1494 3385 ultione
1524 3344 1586 3383 ac
1617 3344 1780 3399 pmna
1813 3330 1950 3384 satis
1975 3345 2096 3385 esse

514 3424 715 3493 possit.
751 3422 900 3478 Pone
930 3423 1025 3477 tibi
1051 3430 1178 3477 ante
1213 3423 1404 3478 oculos
1436 3438 1880 3494 unumquemque
1905 3434 2089 3479 sarto-

516 3532 636 3570 rnm
672 3533 685 3569 :
720 3515 904 3570 nullus
951 3515 1198 3587 profecto
1227 3518 1331 3582 eat,
1383 3516 1602 3586 opinor,
1622 3515 1716 3586 qui
1745 3532 1777 3571 a
1808 3515 1918 3571 Deo
1966 3517 2096 3572 data

516 3609 619 3662 sibi
650 3609 893 3677 optione.
924 3618 1104 3662 utrum
1149 3623 1216 3663 ex
1254 3608 1355 3663 hoc
1388 3609 1594 3663 mundo
1620 3610 1733 3679 rapi
1788 3609 1969 3674 vellet,
1996 3612 2097 3664 alio

517 3700 751 3768 cubique
789 3700 986 3763 vivere,
1013 3709 1233 3767 tamque
1258 3700 1415 3753 vilem
1449 3708 1619 3754 artem
1653 3699 1913 3754 continuo
1933 3699 2088 3754 laboo

517 3806 577 3845 re
635 3794 889 3854 tractare,
945 3798 1037 3846 aut
1088 3790 1258 3845 semel
1316 3791 1477 3860 mori,
1537 3790 1735 3845 deinde
1788 3806 2097 3859 resurgere,

518 3882 1155 3953 vestimentisqueindui,
1191 3898 1312 3952 qua'.
1330 3882 1565 3952 paradisi
1592 3883 2010 3953 futurarumque
2044 3884 2098 3936 in

515 3991 583 4032 eo
603 3975 918 4032 deliciarum
954 3976 1156 4046 pignus
1176 3975 1358 4031 forent
1384 3992 1402 4034 :
1434 3976 1561 4045 quin
1587 3975 1816 4030 alterum
1845 3974 1950 4031 hoc
1983 3992 2104 4030 ma-

518 4064 722 4145 nifesto
753 4065 914 4133 eligat
944 4080 959 4119 :
1002 4064 1136 4134 quin
1169 4078 1330 4119 acum
1363 4064 1512 4119 illico
1538 4063 1779 4134 abjiciat,
1810 4072 2095 4134 artemque

519 4174 628 4211 non
682 4158 821 4211 bene
850 4157 995 4213 scire
1053 4172 1114 4212 se
1146 4157 1317 4225 juret,
1366 4156 1623 4227 illamque
1682 4156 2099 4212 translationem

517 4262 775 4320 tanquam
809 4250 1173 4321 opprobrii'et
1236 4249 1513 4315 laborum,
1544 4264 1654 4303 non
1683 4258 1865 4303 autem
1902 4249 2103 4317 quietis

519 4356 699 4411 neque
753 4342 983 4395 honoris
1012 4340 1358 4394 occasionem
1384 4338 1732 4392 vehementer
1758 4348 2100 4406 aspernetur.

586 4456 643 4509 6.
669 4454 801 4518 Quae
828 4469 953 4509 cum
1008 4454 1257 4508 audisset
1305 4452 1494 4506 arrisit
1551 4466 1742 4515 senex,
1765 4459 1820 4505 et
1874 4450 1942 4505 ad
1974 4467 2104 4508 suos

517 4546 844 4615 respiciens,
876 4545 979 4599 Per
1002 4546 1169 4599 Deum
1213 4543 1601 4607 immortalem,
1667 4542 1879 4612 inquit,
1906 4545 1979 4598 ita
2023 4554 2101 4597 ta-

2188 2048 2369 2118 δρυὸς,
2402 2049 2491 2116 ὑφ’
2529 2049 2597 2119 ἦν
2629 2050 2746 2103 ποτ’
2777 2048 3033 2102 ἐκάθισεν
3060 2048 3089 2100 6
3119 2048 3486 2118 παντάριστος
3519 2048 3777 2116 βασιλεὺς

2192 2140 2384 2209 θέρους
2415 2138 2557 2212 ὥρᾳ,
2592 2140 2804 2210 τροφῆς
2842 2138 3294 2209 μεταληψόμενος
3322 2137 3430 2192 ἀπὸ
3465 2137 3660 2208 Θήρας,
3697 2141 3777 2201 είς

2191 2233 2258 2303 ἢν
2304 2234 2467 2287 αὑτὸν
2497 2231 2783 2303 κεκληκὼς
2826 2228 2894 2302 ἦν
2934 2234 2961 2285 6
2998 2231 3289 2303 σατράπης
3326 2232 3536 2293 ἐκεῖνος
3582 2230 3684 2301 (5),
3717 2230 3777 2293 ὃς

2191 2325 2286 2377 τὸν
2335 2325 2429 2378 νῦν
2458 2326 2807 2393 Χριστιανοίς
2856 2322 3207 2393 ἐπικείμενον
3236 2322 3405 2392 ἔφυσε
3442 2322 3517 2393 (ι)
3549 2321 3643 2374 τὸν
3677 2338 3777 2373 κε-

2198 2417 2396 2486 ραυνὸν
2427 2416 2765 2486 καλούμενον
2803 2414 2881 2484 (5)
2909 2416 2974 2468 ἐκ
2994 2415 3098 2484 τῆς
3123 2413 3387 2483 ὀξύτητος
3418 2415 3530 2467 τῶν
3566 2414 3776 2467 κακῶν.

2194 2510 2329 2562 Τότε
2360 2509 2539 2563 τοίνυν
2584 2511 2815 2573 ικεῖνος,
2845 2509 2919 2572 ὡς
2942 2502 3121 2573 οἶσθα,
3151 2506 3311 2576 λόγον
3336 2507 3633 2576 ἐποιήσατο
3674 2524 3779 2575 μα-

2196 2602 2354 2672 κρὸν,
2406 2602 2497 2654 τὸν
2535 2600 2709 2671 Ἑνὼχ
2754 2600 2851 2655 καὶ
2877 2601 2970 2655 τὸν
3008 2598 3194 2653 Ἠλίαν
3229 2600 3627 2670 μετατεθέντας
3667 2599 3777 2651 δει-

2197 2693 2387 2746 κνύναι
2409 2692 2733 2763 βουλόμενος
2759 2693 2838 2754 είς
2862 2691 2956 2744 τὸν
2976 2691 3227 2762 οὐρανὸν,
3262 2692 3399 2744 πᾶσι
3417 2691 3472 2743 δὲ
3494 2690 3564 2743 τά
3585 2692 3778 2759 ἱμάτια

2201 2785 2527 2856 ράτττοντας,
2560 2783 2656 2836 καὶ
2680 2782 2912 2853 ἐξαίρων
2949 2783 3034 2836 διὰ
3066 2780 3274 2836 τούτων
3307 2781 3454 2851 μάλα
3481 2779 3775 2850 λαμπρῶς,

2199 2877 2293 2930 καὶ
2342 2876 2639 2944 Θαυμάζων
2667 2893 2731 2943 γε
2776 2876 2973 2939 αὐτοὺς
3007 2876 3105 2943 τῆς
3155 2874 3342 2945 τιμῆς.
3369 2869 3443 2944 Ὦ
3491 2873 3781 2942 μειδιάσας

2199 2968 2301 3034 ἔφη
2333 2969 2360 3020 6
2397 2968 2653 3036 βασιλεύς
2677 2981 2691 2995 ·
2722 2961 2858 3021 Εἶτα
2895 2968 2959 3020 σὺ
2980 2966 3139 3019 τοῦτο
3168 2966 3335 3036 τιμὴν
3370 2964 3639 3035 νομίζεις,
3682 2965 3781 3017 καὶ

2199 3060 2377 3128 δῶρον
2406 3061 2572 3126 Θεῖον,
2615 3059 2711 3113 καὶ
2747 3053 2984 3129 ἀμοιϐὴν
3018 3058 3261 3129 ἱδρώτων
3297 3058 3536 3128 ἀρετῆς;
3570 3056 3779 3118 πόθεν;

2200 3153 2228 3206 6
2253 3152 2349 3205 καὶ
2377 3154 2492 3216 τοῖς
2525 3152 3038 3222 προσκεκρουκόσιν
3090 3150 3355 3213 επιεικῶς
3385 3150 3463 3221 τῷ
3490 3149 3611 3218 Θεῷ
3661 3150 3781 3202 ἀντ’

2196 3234 2367 3311 ἀλλης
2383 3240 2448 3308 γέ
2465 3258 2611 3304 τινος
2641 3241 2984 3311 εἰσπράξεως
3015 3240 3106 3293 καὶ
3131 3240 3289 3311 δίκης
3313 3241 3547 3313 ἤρκεσεν
3572 3239 3660 3294 ἄν.
3688 3236 3783 3293 Οἷα

2204 3351 2299 3404 μαι
2331 3333 2463 3403 γάρ,
2497 3334 2573 3395 ὡς
2600 3334 2706 3396 πᾶς
2731 3332 2989 3399 ἀκεστὴς,
3020 3333 3288 3403 αἱρέσεως
3316 3331 3464 3401 αὐτῷ
3500 3333 3783 3402 προτεθεί-

2201 3437 2302 3490 σης
2332 3420 2482 3489 παρά
2513 3419 2673 3483 Θεοῦ,
2714 3420 3091 3491 ’μετατεθῆναι
3125 3419 3231 3490 μὲν
3257 3422 3367 3474 τῶν
3406 3422 3557 3491 τῇδε,
3584 3422 3685 3492 ζῇν
3724 3422 3783 3475 δέ

2201 3528 2328 3575 που,
2368 3510 2465 3565 καὶ
2511 3511 2733 3580 μοχθεῖν
2763 3510 3052 3580 ἀνέχεσθαι
3088 3511 3375 3582 διηνεκῶς,
3414 3512 3507 3564 καὶ
3547 3512 3781 3581 χυδαίαν

2200 3602 2343 3655 οὕτω
2384 3602 2581 3672 τέχνην
2618 3604 3024 3672 μεταχειρίζειν
3046 3617 3061 3635 ⁸
3094 3602 3126 3671 ἢ
3159 3601 3308 3667 ἅπαξ
3335 3602 3651 3668 ἀποθανεῖν,
3678 3600 3783 3656 εἶτ’

2201 3694 2527 3763 ἀναστῆναι,
2561 3694 2656 3745 καὶ
2689 3693 2878 3762 ίμάτια
2906 3693 3313 3762 ἀμφιάσασθαι,
3345 3695 3643 3766 ἀρραϐῶνα
3676 3714 3783 3749 παι

2206 3786 2455 3855 ραδείσου
2512 3785 2605 3839 καὶ
2658 3786 2759 3855 τῆς
2790 3787 2846 3839 ὲν
2871 3787 3067 3854 ἐκείνῳ
3104 3789 3318 3856 τρυφῆς
3339 3803 3356 3819 ο
3390 3787 3578 3855 σαφῶς
3628 3788 3695 3841 ἂν
3724 3790 3787 3841 τὸ

2202 3875 2454 3947 δεύτερον
2483 3876 2658 3929 ἕλοιτο
2682 3892 2697 3905 θ
2725 3874 2883 3946 ῥίψαι
2908 3875 3018 3944 γὰρ
3048 3877 3114 3930 ἂν
3138 3876 3303 3938 εὐθὺς
3330 3877 3494 3931 αὑτὸν
3520 3877 3623 3945 τὴν
3653 3878 3791 3932 ἀκέ-

2206 3984 2399 4038 στραν,
2420 3969 2516 4022 καὶ
2538 3965 2769 4035 ὀμνύναι
2790 3966 2867 4036 μὴ
2891 3965 3070 4029 καλῶς
3092 3965 3291 4019 ειδέναι
3313 3964 3412 4035 τὴν
3440 3968 3662 4035 τέχνην,
3689 3967 3788 4019 καὶ

2204 4058 2529 4113 ἀπώσασθαι
2579 4058 2787 4128 σπουδῇ
2843 4056 2944 4127 τὴν
3004 4058 3332 4127 μετάθεσιν,
3394 4057 3469 4118 ὡς
3527 4058 3789 4127 ἀφορμὴν

2208 4152 2471 4223 αἰσχύνης
2512 4151 2607 4205 καὶ
2656 4152 2856 4216 πόνων,
2908 4149 3010 4202 οὐκ
3056 4148 3379 4220 ἀναπαύλης
3424 4148 3609 4213 οὖσαν,
3664 4149 3789 4202 οὐδὲ

2206 4247 2391 4315 τιμῆς.

2281 4449 2357 4516 ς’·
2390 4448 2611 4503 Τούτων
2640 4448 2821 4502 τοίνυν
2854 4446 3099 4509 ἀκούσας
3130 4445 3239 4499 τῶν
3268 4444 3444 4512 λόγων
3468 4445 3696 4512 ἐγέλασέ
3727 4461 3791 4496 τε

2210 4546 2238 4597 6
2282 4542 2484 4611 γέρων,
2518 4539 2636 4607 καὶ,
2688 4539 2772 4608 Νὴ
2828 4539 2919 4591 τὸν
2951 4539 3103 4599 Θεὸν,
3132 4537 3259 4606 ἔφη,
3296 4536 3497 4606 βλέψας
3535 4538 3614 4598 είς
3662 4537 3792 4598 τοὺς

519 4656 645 4695 men
669 4639 868 4693 alicubi
902 4638 1104 4707 scripta
1138 4645 1223 4692 est
1272 4637 1387 4690 litec
1415 4650 1521 4697 res,
1563 4635 1833 4704 nobisque
1855 4636 2092 4706 antiqui.

2209 4636 2373 4689 αὑτοῦ
2392 4676 2406 4698 ,
2434 4632 2577 4686 οὕτω
2606 4632 2705 4700 μὲν
2736 4633 2763 4685 6
2801 4630 2959 4698 λόγος
2985 4624 3139 4692 οὗτος
3186 4630 3281 4681 καὶ
3310 4628 3629 4696 γέγραπταί
3660 4643 3787 4691 που,

523 4745 611 4788 tus
669 4732 917 4787 tradita:
984 4745 1131 4784 nunc
1190 4738 1375 4783 autem
1434 4728 1565 4782 mihi
1626 4728 1797 4783 nimio
1822 4738 2095 4797 quantum

521 4826 758 4882 absurda
790 4825 1022 4880 videtur.
1055 4822 1191 4877 Tum
1226 4819 1322 4876 lilii
1352 4837 1366 4874 :
1405 4821 1511 4875 Sed
1560 4819 1770 4875 credin’
1811 4836 1937 4874 vere
1966 4820 2102 4875 fuis-

523 4939 583 4979 se
615 4918 821 4978 dietam
845 4935 876 4973 a
913 4917 1209 4988 majoribus
1232 4913 1437 4969 nostris
1463 4913 1485 4965 ?
1517 4928 1640 4967 nam
1678 4912 1768 4982 qui
1794 4912 2103 4967 sartoribus

524 5018 791 5087 indigeret
821 5016 963 5067 Deus
996 5018 1193 5065 cuncta
1234 5017 1369 5062 nutu
1397 5020 1499 5062 suo
1530 5004 1798 5060 trahens?
1824 5006 1925 5059 nisi
1963 5004 2105 5058 forte

526 5112 637 5165 lino
661 5108 825 5163 etiam
850 5114 906 5159 et
942 5102 1245 5157 textoribus
1270 5099 1504 5153 amicula
1551 5099 1710 5152 nobis
1733 5096 2098 5150 eontexturis:

527 5217 626 5259 nec
653 5201 798 5255 enim
843 5197 961 5251 auri
1002 5193 1268 5250 ramentis
1335 5191 1617 5261 indigebit,
1659 5188 2096 5263 negotiandoque

526 5292 725 5349 lucrari
774 5290 976 5360 aliquid
1027 5297 1270 5356 cogetur,
1333 5294 1445 5335 uta
1489 5282 1887 5335 mercatoribus
1930 5285 2099 5341 emat,

524 5401 647 5458 qua
678 5382 1032 5441 conﬁciendis
1095 5378 1336 5435 vestibus
1407 5374 1730 5429 inserviunt.
1764 5369 1871 5424 Sed
1926 5370 2107 5424 nullus

600 5588 679 5654 (1)
702 5585 836 5641 Cod.
869 5583 1037 5638 Coisl.
1068 5584 1278 5654 ἐκεῖνον
1302 5594 1317 5611 ⁸
1350 5576 1529 5647 suppl.
1560 5576 1740 5643 ἔξεστι
1776 5590 1821 5629 s.
1850 5573 1949 5625 ἔνι.

603 5652 678 5723 (εὶ)
705 5657 841 5710 Cod.
886 5655 1017 5723 Reg.
1050 5652 1264 5723 κρίνης.

609 5714 685 5794 (δ’)
718 5726 907 5794 Sultan
938 5714 1317 5794 morat-(Iliam
1344 5735 1437 5775 seu
1468 5717 1795 5772 Amurathr’s
1820 5714 1864 5779 Ι,
1926 5727 2103 5768 rerum

490 5818 493 5821 '
530 5791 739 5855 υυιιιίιε
773 5811 801 5848 a
834 5792 967 5848 1560
1000 5791 1155 5845 1389.

2204 4727 2299 4780 καὶ
2344 4726 2592 4779 κάτεισιν
2623 4722 2829 4776 ἄνωθεν
2857 4722 2938 4782 είς
2968 4720 3116 4789 ἡμᾶς
3143 4736 3156 4751 ο
3190 4718 3339 4770 δοκεῖ
3370 4718 3427 4769 δὲ
3479 4716 3574 4769 νῦν
3601 4718 3790 4785 ἀτόπῳ

2204 4820 2325 4872 λίαν
2376 4818 2589 4879 ἐοικώς.
2628 4818 2738 4869 Καὶ
2787 4813 2835 4865 oi
2869 4812 3058 4874 παῖδες
3081 4827 3095 4841 ⁸
3125 4805 3201 4863 Ἦ
3237 4810 3391 4863 δοκεῖ
3433 4827 3534 4862 που
3567 4809 3789 4880 ἀληθῶς

2205 4912 2381 4973 ἄλλως
2407 4909 2662 4980 εἰρῆσθαι
2691 4909 2803 4970 τοῖς
2830 4904 3079 4974 ἀρχαίοις
3100 4895 3255 4965 οὗτος
3277 4904 3303 4954 6
3320 4901 3476 4969 λόγος
3496 4918 3510 4966 ;
3541 4903 3659 4963 πῶς
3678 4900 3791 4968 γάρ

2207 5003 2274 5057 ἂν
2301 5004 2397 5054 καὶ
2432 5000 2679 5053 ἁκεστῶν
2707 4999 2923 5067 δεήσειε
2964 4996 3041 5064 τῷ
3072 4994 3212 5063 Θεῷ,
3247 4994 3305 5057 ὃς
3334 4996 3459 5060 ἀγει
3497 4993 3673 5046 πάντα
3705 4991 3791 5061 τῷ

2207 5091 2474 5159 νεύματιές
2501 5090 2547 5141 εἰ
2583 5089 2656 5159 μὴ
2690 5089 2787 5139 καὶ
2816 5087 2963 5138 λίνου
2992 5084 3248 5152 ὑφαντῶν
3276 5084 3555 5152 δεήσεται,
3589 5084 3790 5145 οἵτινες

2208 5184 2307 5243 τὰς
2359 5181 2677 5251 ἀμπεχόνας
2726 5177 3022 5245 ύφανοῦσιν
3060 5178 3225 5245 ἡμῖν·
3275 5176 3338 5228 ού
3386 5176 3495 5243 γὰρ
3531 5175 3790 5242 δεήσεταί

2213 5292 2316 5327 που
2349 5273 2444 5326 καὶ
2466 5271 2668 5342 χρυσοῦ
2702 5270 3026 5339 ψηγμάτων,
3055 5269 3247 5328 καὶεὶς
3274 5267 3519 5335 ἀνάγκην
3541 5267 3662 5335 ἥξει
3691 5264 3790 5316 τοῦ

2213 5364 2669 5437 χρηματίζεσθαι,
2704 5360 2768 5415 tv‘
2807 5361 2915 5412 ἀπὸ
2955 5361 3066 5412 τῶν
3096 5358 3517 5429 πιπρασκόντων
3551 5358 3620 5410 τὰ
3649 5356 3795 5426 πρὸς

2291 5568 2365 5630 (4)
2417 5565 2552 5620 Cod.
2607 5563 2833 5618 C-iislin.
2877 5560 3312 5634 {causatione
3365 5556 3584 5628 ἐφῆκε).
3647 5554 3786 5626 Reg.

2217 5636 2407 5705 ἔφυσε.
2439 5636 2582 5703 quod
2620 5636 2684 5706 in,
2714 5632 3151 5706 textutu‘tfecepi.
3213 5701 3263 5706 __
3390 5699 3421 5706 __
3497 5701 3508 5706 _
3564 5696 3597 5706 η
3640 5696 3650 5706 _

2286 5709 2364 5775 (ὅ)
2401 5696 2688 5758 Alluditad
2718 5720 2912 5757 nomen
2965 5696 3509 5775 llclifiiii-Citatt-Gusi
3560 5696 3798 5766 Bajazco

2220 5774 2308 5844 tis,
2348 5767 2529 5832 rerum
2560 5774 2708 5844 potiti
2741 5790 2787 5829 ει.
2827 5767 3141 5829 15894403.
