4048 6224
391 345 492 411 137

1383 348 1773 410 DIALOGUS
1808 346 1872 410 ll
1917 347 2078 411 CUM
2105 349 2657 413 ΜΟΠᾹΜΕΤΑΝΟ-

3533 350 3642 416 Ῑῒ8

384 463 484 530 τὴν
517 457 866 531 κατασκευὴν
894 460 1004 514 τῶν
1044 459 1279 531 ίματίων
1333 460 1631 531 ὠνήσηται.
1679 460 1819 515 Ἀλλ’
1848 460 1958 517 οὐδῗ

2066 460 2229 515 homo
2261 461 2367 517 tale
2406 462 2682 530 quidpiam
2709 460 2904 516 dixerit
2945 477 2960 514 :
3012 469 3158 517 esset
3182 461 3327 518 enim
3358 476 3387 517 a
3422 463 3634 517 ratione

385 551 451 606 ἃν
484 545 567 616 εἷς
602 550 909 620 ἀνθρώπων
942 550 1239 620 φθέγξαιτό
1267 567 1321 603 τι
1363 550 1603 604 τοιοῦτον
1627 567 1643 581 ·
1683 550 1803 604 οὐδὲ
1844 551 1955 622 γὰρ

384 643 832 713 σωφρονούντων.
861 643 923 696 Εἰ
953 642 1001 696 δ’
1026 643 1167 711 ὑπὲρ
1186 640 1345 711 λόγον
1375 642 1408 711 ή
1439 640 1635 710 κτῆσις
1667 641 1776 693 τῶν
1805 641 1958 694 ἔνδυ-

386 738 573 808 μάτων
600 736 695 790 καὶ
727 737 764 807 ἦ
784 734 1016 806 διαμονὴ
1045 733 1388 803 (διαμένουσι
1415 732 1547 802 γὰρ,
1575 731 1638 786 τὸ
1661 732 1958 801 παραδοξό-

382 846 566 893 τατον,
602 828 880 897 ἄφθαρτα,
914 841 952 900 ῃ
978 823 1060 897 [1]
1090 822 1467 893 πιστεύομεν),
1491 822 1610 886 πῶς
1624 823 1723 876 οὐκ
1747 822 1960 875 ἀτοπώ⁸

384 938 542 975 τατον
593 921 810 976 πάντων
864 919 942 990 μὴ
975 920 1036 971 τὺ
1072 919 1180 972 πᾶν
1235 918 1445 987 ίσχύειν
1487 916 1669 984 λέγειν
1719 917 1958 987 περᾶναι

384 1014 471 1065 τὸν
499 1011 894 1082 ἀριστοτέχνην
918 1011 1072 1076 Θεὸν,
1104 1008 1242 1063 ἀλλά
1268 1009 1361 1061 καὶ
1386 996 1629 1079 ἀκεστὴν
1654 1006 1956 1077 ἐπιζητεῖν,

384 1106 439 1166 ὃς
482 1106 816 1175 εἰδοποιήσει
867 1104 948 1173 (9.)
988 1104 1093 1173 τὴν
1143 1102 1315 1174 ὕλην;
1348 1101 1537 1169 ὥσπερ
1587 1102 1685 1154 οὐκ
1714 1101 1834 1154 ἐνὸν
1865 1101 1960 1155 καὶ

387 1197 496 1252 τόδε
532 1198 673 1269 πρὸς
702 1198 815 1261 τοῖς
841 1195 1027 1261 ἀλλοις
1050 1194 1271 1249 τελέσαι
1297 1194 1445 1267 μόνῳ
1461 1192 1791 1264 βουλήματι.

451 1461 518 1523 ζ’.
568 1463 682 1518 Καὶ
708 1464 737 1517 ὁ
783 1460 999 1532 Πέρσης
1025 1459 1165 1532 ἥσθη
1198 1476 1259 1514 τε
1308 1457 1676 1528 διαφερόντως
1707 1460 1822 1522 τοῖς
1852 1458 1964 1512 τῶν

2059 564 2112 608 et
2136 554 2401 620 sapientia
2428 553 2881 622 remotissimum.
2918 553 3071 620 Quod
3098 555 3144 609 si
3182 555 3482 609 humanum
3537 569 3635 611 ca-

2057 657 2210 715 ptum
2238 650 2461 715 s‘uperat
2507 645 2956 701 vestimentorum
2981 644 3094 700 luec
3127 645 3303 716 gestio
3330 656 3385 701 et
3413 661 3636 702 conser-

2056 737 2203 792 vatio
2232 738 2574 808 (permanent
2602 738 2770 801 enim,
2805 738 2950 808 quod
2982 739 3064 794 vel
3117 719 3363 794 omnium
3396 739 3634 803 maxime

2058 829 2392 897 mirandum,
2420 831 2757 899 incorrupta,
2792 840 2852 885 ut
2882 846 2981 886 nos
3027 832 3249 900 quidem
3283 832 3631 899 credimus).

2058 924 2363 993 quomodo,
2390 940 2600 993 quaeso,
2640 940 2747 979 non
2786 924 2938 978 valde
2961 925 3238 978 absurdus
3265 933 3409 977 esset
3441 923 3509 987 is,
3538 922 3630 990 qtti

2059 1021 2443 1081 praepotentem
2502 1016 2880 1083 optimumque
2933 1014 3180 1083 opiﬁcem
3212 1012 3627 1069 aedificatorem-

2058 1116 2165 1171 que
2212 1104 2397 1158 mundi
2434 1105 2600 1159 Deum
2644 1121 2752 1159 uon
2799 1104 2983 1160 omnia
3042 1103 3302 1174 perficere
3332 1118 3492 1172 posse
3541 1104 3625 1156 di-

2062 1203 2233 1259 ceret,
2269 1196 2360 1250 sed
2396 1206 2663 1259 sartorem
2697 1197 2860 1251 etiam
2891 1196 3191 1266 requirere,
3221 1195 3311 1265 qui
3338 1195 3621 1264 materiam

2059 1285 2235 1341 forma
2267 1288 2566 1355 insigniat?
2617 1290 2773 1358 quasi
2819 1304 2927 1343 non
2969 1298 3172 1359 posset,
3211 1297 3269 1343 ut
3299 1299 3519 1354 ctetera,
3552 1288 3633 1345 sic

2060 1378 2164 1433 hoc
2191 1394 2410 1447 quoque
2448 1382 2723 1434 voluntate
2753 1380 2867 1437 sola
2914 1396 3013 1436 sua
3042 1382 3277 1438 ellicere.

2130 1469 2183 1521 7.
2216 1466 2349 1533 Qua:
2374 1484 2497 1522 cum
2533 1470 2827 1535 dixissent,
2860 1486 3130 1527 summam
3171 1474 3302 1528 tuilti
3331 1489 3362 1528 e
3394 1474 3629 1528 filiorum

388 1556 538 1610 υἱέων
584 1555 794 1624 λόγοις,
847 1554 963 1621 καὶ,
1010 1551 1210 1613 Καλῶς
1262 1568 1353 1621 μοι
1387 1550 1657 1613 δοκοῦσιν,
1690 1545 1867 1612 εἶπεν,
1910 1549 1961 1602 ot

2062 1559 2404 1614 sermonibus
2455 1560 2783 1631 voluptatem
2816 1576 3010 1630 capere
3044 1564 3197 1619 visus
3217 1574 3300 1620 est
3328 1564 3514 1626 Persa.
3552 1572 3630 1626 et,

383 1652 489 1704 νέοι
524 1647 922 1719 βεϐοηθηκέναι
956 1647 1066 1709 τοῖς
1116 1644 1221 1697 ύπδ
1262 1644 1355 1696 σοῦ
1387 1642 1722 1713 λεγομένοις,
1753 1640 1811 1694 εὖ
1864 1640 1961 1694 καὶ

2062 1648 2155 1704 Nae
2184 1650 2396 1705 medius
2430 1651 2608 1715 fidius,
2626 1652 2838 1731 .inquit,
2896 1655 3121 1724 pulchre
3147 1656 3254 1710 tuis
3299 1655 3464 1711 dictis
3499 1655 3633 1708 ado-

381 1742 565 1797 δίκαια
596 1740 925 1811 πράξαντες,
952 1739 1048 1808 τῆς
1076 1740 1211 1807 πρὸς
1238 1736 1433 1799 αὐτούς
1458 1752 1548 1806 μοι
1582 1735 1959 1805 παραινέσεως

2064 1737 2331 1811 lescentes
2357 1739 2444 1795 isti
2484 1752 2614 1794 sunt
2652 1744 3012 1825 _patrocinati,
3056 1744 3222 1816 idque
3251 1757 3398 1807 recte
3418 1762 3482 1801 ac
3509 1745 3636 1816 jure

386 1833 844 1904 μνημονεύοντες.
878 1831 1122 1900 Ἵιδομαι
1150 1827 1298 1910 γὰρ,
1317 1828 1435 1891 πῶς
1466 1828 1590 1892 οῖει,
1623 1828 1706 1881 ὃτι
1735 1825 1830 1879 καὶ
1859 1826 1954 1879 τοῦ

2062 1832 2279 1898 merito,
2303 1833 2444 1900 quod
2490 1848 2665 1886 meam
2703 1834 2769 1887 ad
2806 1835 2953 1904 ipsos
2975 1836 3410 1893 adhortationem
3441 1838 3633 1891 metui-

380 1926 655 1996 φύσαντος
680 1924 816 1992 ἐμοῦ
833 1922 1065 1993 τάληθὲς
1088 1920 1423 1992 προτιμῶσι.
1440 1920 1548 1973 Ναὶ
1571 1920 1766 1984 ὅντως,
1792 1917 1951 1989 ἔφην,

384 2015 432 2076 ὦ
482 2018 753 2090 βέλτιστεο
802 2010 947 2071 οὗτοι
984 2031 1043 2067 τε
1087 2015 1197 2084 γάρ
1249 2030 1352 2083 μου
1390 2013 1469 2082 τῷ
1502 2011 1647 2083 λόγῳ
1679 2010 1955 2082 λαμπρῶς

389 2114 637 2164 συνείπον
661 2125 676 2139 ·
716 2108 781 2161 σύ
815 2125 874 2161 τε
920 2107 1131 2167 δίκαιος
1159 2105 1406 2176 ἥδεσθαι,
1445 2100 1525 2170 οἷς
1568 2105 1618 2158 oi
1648 2105 1834 2167 παῖδές
1873 2119 1956 2156 σοι

385 2204 485 2272 τῆς
532 2200 794 2272 ἀληθείας
824 2200 1047 2269 ἄγουσιν
1093 2200 1244 2253 οὐδὲν
1296 2197 1643 2269 τιμιώτερον.
1681 2195 1829 2265 Πλήν
1865 2211 1955 2264 μοι

384 2296 475 2349 τὸν
501 2294 838 2364 παράδεισον
875 2292 1074 2362 φράξε,
1099 2293 1195 2345 καὶ
1222 2291 1321 2361 τὴν
1342 2289 1504 2345 αὐτοῦ
1532 2287 1837 2358 διατριϐὴν,
1864 2286 1958 2339 καὶ

354 2372 479 2455 ’τὴν
508 2385 815 2438 ἀπόλαυσιν
842 2385 1041 2447 πᾶσαν,
1071 2383 1165 2436 καὶ
1198 2381 1335 2452 πρός
1350 2397 1412 2448 γε
1448 2380 1529 2433 ἔτι
1552 2379 1649 2448 τὴν
1679 2377 1857 2443 δόξαν,
1889 2369 1958 2449 ἧς

386 2476 709 2547 μεθέξουσιν
729 2477 988 2541 ἅπαντες,
1017 2475 1132 2528 ὅσοι
1160 2473 1225 2545 δὴ
1245 2474 1313 2527 τά
1342 2472 1531 2542 ίμάτια
1564 2471 1921 2541 ἀμφιέσονται
1939 2484 1954 2501 υ

384 2565 465 2631 οἷς
509 2569 607 2622 καὶ
649 2566 836 2638 θαῦμα
886 2568 1172 2637 μέμικται,
1224 2564 1385 2636 εῖπερ
1429 2564 1629 2635 ἀληθές
1674 2564 1843 2627 ἐστιν,
1882 2562 1959 2626 ὥς

384 2661 495 2727 ἄρα
528 2659 766 2729 κρείττω
790 2658 963 2713 ταῦτά
992 2676 1055 2728 γε
1085 2658 1401 2728 διαμενοῦσι
1434 2655 1637 2726 φθορᾶς
1661 2669 1677 2685 ο
1703 2653 1838 2706 πολύ
1867 2670 1958 2723 μοι

387 2752 519 2821 γᾰρ,
554 2745 616 2805 εὖ
653 2750 788 2811 ῖσθι.
824 2748 999 2803 ταῦτα
1027 2750 1264 2821 παρέχει
1293 2749 1621 2801 διαπιστεῖν.
1652 2745 1873 2809 Δίδαξον
1901 2744 1958 2797 δέ

390 2859 458 2914 με
499 2843 639 2914 πρὸς
688 2844 803 2905 τοῖς
831 2842 1010 2905 ἀλλοις
1040 2841 1136 2896 καὶ
1167 2841 1285 2895 τόδε
1304 2855 1319 2871 ’
1347 2839 1550 2902 πάντες
1599 2837 1961 2906 ἀμφιέσονται

387 2934 585 3002 ταῦτα,
613 2935 731 2989 ὅσοι
757 2933 823 3005 δὴ
854 2934 953 3003 τῆς
977 2933 1250 3004 ὑμετέρας
1276 2930 1577 3003 θρησκείας
1601 2946 1616 2994 ;
1649 2930 1682 3001 ἢ
1709 2927 1840 2981 ἔνιοι
1863 2927 1961 2996 μὲν

384 3027 595 3092 citi-3v,
622 3025 754 3080 ἔνιοι
781 3024 839 3080 δὲ
860 3024 922 3078 οὗ
945 3042 961 3091 ;
996 3027 1088 3078 καὶ
1116 3025 1167 3078 ει
1196 3023 1341 3077 ἔστιν
1367 3020 1670 3076 ἀπολαῦσαι
1699 3017 1962 3087 μειζόνων

2056 1935 2276 1981 nerunt.
2302 1922 2437 1979 Nam
2472 1925 2619 1994 quod
2644 1926 2845 1981 veritas
2873 1926 2944 1982 ab
3002 1927 3110 1984 illis
3167 1930 3250 1983 vel
3311 1928 3444 1984 mihi
3494 1931 3633 1998 patri

2054 2017 2381 2081 antefertur,
2409 2015 2763 2071 vehementer
2795 2017 2969 2073 laetor.
3004 2019 3081 2072 ita
3113 2028 3221 2086 est,
3255 2020 3635 2091 inquam,-op-

2058 2110 2189 2163 time
2217 2108 2298 2162 vir
2330 2127 2346 2163 :
2380 2108 2469 2163 isti
2524 2096 2831 2165 luculenter
2857 2126 2989 2165 meae
3017 2111 3297 2180 suffragati
3349 2122 3477 2169 sunt
3506 2129 3635 2168 ora-

2055 2199 2189 2255 tioni
2228 2216 2244 2253 :
2281 2200 2529 2270 ﬁliasque
2566 2210 2691 2258 tuos
2718 2201 2948 2259 veritate
3001 2203 3139 2259 nihil
3182 2204 3464 2275 antiquius
3529 2206 3635 2260 du-

2056 2306 2182 2347 cere
2217 2292 2413 2346 merito
2470 2291 2676 2347 ιιι-ιω.
2739 2291 2846 2347 Sed
2908 2295 3054 2350 enim
3095 2312 3242 2351 nunc
3273 2297 3341 2352 de
3375 2299 3634 2367 paradiso

2056 2384 2189 2438 mihi
2231 2398 2420 2448 narra,
2452 2393 2505 2438 et
2537 2384 2603 2437 de
2642 2385 2927 2441 beatorum
2966 2378 3023 2441 in
3050 2400 3119 2442 eo
3143 2395 3311 2453 statu,
3345 2396 3399 2442 et
3443 2388 3513 2442 de
3539 2404 3635 2443 vo-

2060 2475 2361 2546 luptatibus
2386 2490 2525 2546 quas
2555 2477 2864 2546 percipiunt
2896 2494 2910 2531 :
2935 2477 3066 2532 item
3101 2478 3167 2533 de
3188 2480 3509 2542 muneribus
3539 2496 3635 2536 co-

2058 2568 2321 2637 ronisque
2362 2580 2556 2621 eorum
2615 2568 2707 2637 qui
2754 2567 3001 2623 vestibus
3066 2568 3195 2628 illis.
3229 2584 3369 2639 quas
3423 2569 3632 2632 dixisti,

2059 2655 2356 2711 inducatur
2378 2657 2609 2727 :quibus
2631 2667 2813 2712 tamen
2837 2659 3082 2714 vestibus
3103 2659 3307 2729 aliquid
3332 2661 3628 2716 admistum

2060 2762 2181 2801 esse
2208 2756 2423 2816 Oportet
2463 2747 2736 2814 miraculi,
2769 2751 2813 2805 si
2864 2752 3088 2822 quidem
3144 2767 3330 2806 verum
3367 2762 3472 2816 est,
3509 2769 3637 2807 eor-

2061 2838 2332 2906 ruptionis
2357 2848 2610 2909 expertes
2631 2855 2726 2895 eas
2762 2855 2883 2895 esse
2917 2857 3302 2911 perutansuras
3333 2861 3347 2898 :
3372 2843 3636 2912 quocirca

2060 2928 2128 2984 de
2175 2939 2287 2985 tota
2323 2946 2404 2994 re,
2480 2930 2616 2986 mihi
2679 2931 2862 2997 crede,
2921 2932 3242 2988 addubitare
3301 2933 3471 2987 nimio
3514 2933 3635 3002 plus

2065 3023 2290 3092 incipio.
2318 3020 2455 3078 Illud
2486 3031 2667 3078 autem
2703 3038 2787 3078 me
2818 3031 3012 3094 prteter
3038 3034 3232 3080 caetera
3274 3026 3504 3079 edoceas
3533 3025 3635 3080 ob-

387 3115 611 3184 ἀγαθῶν
668 3115 933 3185 φανέντας
965 3114 1161 3185 ἄνδρας
1210 3113 1451 3183 ἀγαθοὺς
1501 3113 1598 3166 καὶ
1626 3111 1960 3181 βεϐιωκότας

2063 3130 2267 3171 secro:
2322 3131 2389 3170 an
2433 3114 2749 3185 huiusmodi
2804 3117 3052 3172 vestibus
3103 3116 3396 3172 induentur
3438 3130 3631 3171 omnes

386 3209 504 3280 βίον
532 3207 688 3277 φίλον
712 3206 853 3278 Θεῷ,
892 3206 926 3279 ἦ
953 3207 1118 3277 μέχρι
1148 3206 1240 3260 καὶ
1264 3204 1358 3259 τοῦ
1401 3200 1735 3274 παρ”αδείσου
1770 3204 1961 3272 στήσε-

2064 3210 2374 3279 quicunque
2444 3209 2756 3278 religionem
2821 3190 3058 3265 vestratn
3121 3209 3494 3280 proﬁtentur?
3546 3209 3633 3262 vel

386 3317 478 3352 ται
511 3299 723 3361 τούτοις
750 3300 783 3370 ἡ
809 3298 918 3351 εἴτε
940 3299 1098 3369 χάρις
1124 3295 1220 3351 σῖτ’
1238 3294 1443 3367 ἀμοιϐὴ
1473 3296 1573 3364 τῆς
1608 3296 1717 3348 τῶν
1746 3295 1961 3365 τρόπων

2069 3304 2266 3373 partim
2305 3303 2522 3372 quidem
2551 3301 2872 3379 inducatur,
2903 3303 3103 3374 partim
3152 3318 3283 3358 vero
3308 3318 3416 3357 non
3455 3303 3586 3359 item
3609 3303 3637 3356 ἲ

386 3391 630 3459 hostile;
664 3390 759 3444 καὶ
790 3389 878 3444 διὰ
907 3389 976 3443 τὰ
1017 3388 1153 3460 ἔργα
1190 3387 1426 3453 τούτοις,
1472 3385 1506 3457 ἢ
1532 3386 1620 3441 διά
1649 3387 1746 3459 τὴν
1778 3386 1961 3440 πίστιν

2068 3408 2135 3447 an
2173 3394 2471 3464 majoribus
2516 3394 2840 3466 quibusdam
2868 3396 3025 3451 benis
3071 3395 3181 3450 frui
3248 3404 3499 3464 possunt,
3537 3393 3633 3462 qui

390 3481 544 3534 Eatur.
602 3481 765 3535 ταυτὶ
784 3479 996 3549 τάγαθά
1019 3496 1037 3545 ς

2067 3484 2215 3537 viros
2261 3485 2463 3554 probos
2519 3497 2579 3538 se
2633 3483 3104 3550 demonstrarunt,
3174 3494 3493 3554 gratamque
3529 3481 3638 3535 Deo

399 3576 568 3629 vitam
601 3573 879 3640 vixerunt,
909 3575 995 3628 vel
1023 3573 1145 3641 ipso
1197 3570 1452 3645 paradiso
1480 3571 1962 3628 circumscribatur
1995 3573 2083 3630 illa
2114 3585 2208 3632 aut
2236 3576 2408 3646 gratia
2437 3585 2535 3633 aut
2561 3576 2822 3633 virtutum
2851 3578 3263 3635 remuneratio?
3288 3579 3543 3647 denique,
3565 3591 3637 3632 an

392 3678 616 3741 propter
640 3683 827 3737 opera,
862 3668 946 3722 vel
989 3675 1210 3737 propter
1258 3667 1443 3733 ﬁdem,
1499 3665 1614 3723 haec
1663 3666 1746 3722 eis
1784 3667 2067 3737 obtingant
2095 3672 2281 3728 bona?

460 3763 530 3835 η’.
576 3763 740 3818 Ἀ).λά
777 3781 859 3817 σοι
914 3761 1091 3815 πάντα
1144 3762 1535 3833 πειράσομαι,·
1563 3763 1720 3831 φησὶ,
1770 3763 1966 3834 διηγή-

397 3857 621 3922 σασθαι,
649 3856 717 3927 ἢν
751 3858 779 3911 ὁ
808 3855 1001 3926 καιρὸς
1050 3853 1345 3925 ἐπιτρέψῃ.
1378 3855 1493 3909 Καὶ
1542 3854 1655 3924 γὰρ
1689 3854 1752 3908 τὸ
1782 3854 1964 3921 λέγειν

395 3952 642 4016 τοιαῦτα,
672 3951 705 4023 ἦ
750 3950 970 4005 ἀκούειν
998 3949 1157 4005 ἄλλον
1181 3947 1277 4002 τοῦ
1337 3947 1611 4018 λέγοντος,
1640 3947 1832 4018 ἔμοιγε
1870 3949 1965 4000 καὶ

397 4044 614 4113 μέλιτος
642 4042 816 4114 ἣδιον.
868 4040 1093 4110 Ῥητέον
1129 4037 1175 4094 δ’
1204 4041 1271 4094 ἂν
1319 4039 1407 4109 εῖη
1439 4037 1658 4108 πρῶτον
1687 4038 1818 4107 περὶ
1868 4035 1964 4090 τοῦ

396 4136 637 4204 πρῶτον.
680 4131 819 4187 Ἵσθι
849 4131 1050 4198 τοίνυν,
1081 4131 1160 4195 ὡς
1184 4131 1354 4198 ὀλίγοι
1382 4130 1583 4199 κομιδῆ
1616 4132 1868 4201 μετεῖχον
1898 4129 1967 4183 ἀν

395 4226 494 4296 τῆς
526 4227 809 4297 μακαρίας
842 4226 987 4295 ζωῆς
1018 4225 1114 4280 καὶ
1161 4223 1271 4278 τῶν
1316 4224 1377 4277 ιν
1404 4222 1723 4295 παραδείσῳ
1764 4222 1968 4287 καλῶν,

396 4317 552 4389 εἷπερ
595 4319 625 4373 ό
658 4316 891 4384 Χριστὸς
929 4313 1177 4387 ἀκριϐῶς
1215 4313 1327 4369 τῶν
1367 4315 1504 4386 ἡμῖν
1556 4313 1968 4386 πεπραγμένων

395 4410 493 4474 τὰς
524 4411 761 4473 εύθύνας
801 4407 1022 4479 ἀπῄτει.
1054 4406 1231 4471 Αὐτὸς
1262 4407 1371 4477 γὰρ
1403 4405 1716 4462 καθεδεῖται
1745 4406 1969 4460 πάντων

2139 3766 2193 3823 8.
2226 3766 2499 3833 Conabor,
2539 3766 2737 3843 inquit,
2771 3767 2815 3822 si
2836 3768 3053 3838 quidem
3080 3777 3179 3836 per
3208 3774 3424 3834 tempus
3462 3764 3638 3821 licue-

2067 3857 2160 3923 rit,
2192 3872 2450 3913 euarrare
2478 3856 2573 3913 tibi
2602 3857 2717 3912 haec
2746 3858 2951 3912 omnia.
2989 3855 3200 3912 Etenim
3233 3855 3300 3911 de
3323 3855 3636 3924 hujusmodi

2069 3950 2234 4003 rebus
2258 3948 2344 4002 vel
2376 3949 2579 4009 dicere.
2612 3950 2696 4003 vel
2728 3948 2962 4015 aliquem
2987 3947 3259 4003 dicentem
3309 3947 3522 4007 audire.
3556 3946 3639 4000 vel

2068 4038 2230 4094 melle
2260 4039 2393 4094 mihi
2418 4050 2501 4095 est
2528 4039 2768 4095 dulcius.
2814 4038 3056 4093 Primum
3106 4047 3290 4092 autem
3340 4036 3411 4092 de
3438 4037 3635 4107 primo.

2072 4131 2225 4188 Scire
2254 4131 2419 4202 igitur
2451 4140 2505 4186 te
2535 4133 2681 4196 volo,
2706 4131 2882 4187 felicis
2932 4130 3078 4183 illius
3157 4130 3304 4192 vine,
3336 4128 3641 4183 bonorum-

2069 4237 2176 4293 que
2208 4237 2329 4293 quae
2367 4224 2422 4276 in
2459 4221 2714 4292 paradiso
2753 4220 3148 4290 percipiantur,
3178 4218 3483 4288 participes
3519 4216 3639 4272 fore

2068 4311 2369 4366 admodum
2397 4326 2622 4383 paucos,
2655 4311 2701 4366 si
2729 4310 2986 4368 Christus
3015 4318 3328 4366 accuratam
3356 4308 3637 4364 actionum

2066 4415 2380 4460 nostrarum
2413 4403 2676 4459 rationem
2722 4418 2753 4457 a
2807 4403 2967 4458 nobis
3010 4402 3276 4475 exigeret.
3314 4402 3437 4472 ipse
3485 4403 3631 4459 enim

399 4502 588 4573 κριτὴς
610 4476 952 4563 δικαιότατος
975 4514 991 4529 ·
1026 4499 1186 4565 ῖσμεν
1211 4476 1371 4551 τοῦτο
1411 4496 1553 4553 πάνυ
1577 4494 1760 4559 καλῶς
1779 4511 1794 4527 ο
1825 4495 1961 4564 πνοὴ

2062 4498 2281 4554 sedebit
2307 4498 2551 4559 omnium
2583 4476 2924 4569 justissiinus
2944 4497 3109 4567 jtttlex
3139 4513 3155 4552 :
3184 4490 3412 4567 pulchre
3437 4497 3488 4552 id
3538 4497 3644 4554 sci-

399 4609 453 4646 τε
476 4594 587 4663 γάρ
616 4594 754 4658 ἐστι,
772 4592 868 4645 καὶ
900 4590 1070 4664 ψυχὴ,
1095 4591 1193 4646 καὶ
1222 4591 1397 4659 Λόγος
1433 4589 1639 4655 ζῶντος
1668 4586 1829 4655 Θεοῦ,
1870 4588 1961 4642 καὶ

2070 4606 2237 4646 tuus:
2291 4589 2518 4658 Spiritus
2573 4591 2719 4644 enim
2767 4596 2872 4652 est,
2909 4597 2968 4645 et
3026 4591 3232 4652 anima.
3282 4597 3337 4644 et
3399 4587 3639 4644 Verbum

400 4686 462 4767 ἐξ
484 4685 766 4756 Παρθένου
796 4683 1034 4755 τεχθεὶς,
1065 4682 1313 4753 φυλάξας
1341 4672 1548 4754 ταύτην
1575 4683 1671 4737 καὶ
1706 4680 1847 4749 μετά
1873 4681 1961 4734 τό-

2074 4672 2308 4738 viventis
2336 4679 2453 4744 Dei,
2484 4689 2644 4735 natus
2685 4694 2750 4734 cx
2798 4677 3040 4749 Virgine,
3074 4695 3237 4750 quam
3263 4690 3388 4750 post
3424 4690 3642 4749 partum

401 4792 514 4843 κον,
555 4777 630 4839 ὡς
672 4777 738 4847 δὴ
775 4778 870 4833 καὶ
920 4778 1187 4847 πρότερον
1231 4771 1299 4846 ἦν
1323 4790 1337 4807 ο
1394 4775 1530 4828 ἀλλά
1570 4774 1661 4828 τὸν
1707 4771 1959 4843 Μωάμεθ

2073 4775 2262 4839 etiam,
2296 4782 2356 4829 ut
2392 4783 2508 4829 erat
2542 4782 2692 4836 ante,
2753 4775 3135 4829 conservavit:
3191 4775 3287 4830 sed
3315 4773 3643 4839 Moatuethi,

338 4863 346 4871 ’
403 4869 625 4922 πλεῖστα
653 4869 850 4940 φιλῶν,
895 4868 1037 4939 ὑπὲρ
1076 4868 1185 4922 τῶν
1220 4868 1561 4922 ἐπταικότων
1590 4864 1961 4937 παραιτούμε-

2075 4883 2236 4938 quem
2262 4866 2464 4922 eximie
2488 4866 2683 4933 diligit,
2714 4881 2814 4935 pro
2843 4865 3012 4935 lapsis
3040 4866 3428 4922 iutercedeutis
3455 4870 3646 4936 depre-

401 4976 506 5023 νον,
532 4961 979 5031 αἰσχυνθήσεται.
1008 4961 1101 5014 καὶ
1130 4961 1230 5014 οὐκ
1258 4959 1574 5029 ἀποπέμψει
1601 4957 1791 5011 τοῦτον
1815 4957 1961 5010 κενὸν

2077 4960 2364 5029 raptisque
2418 4958 2684 5014 rationem
2731 4958 2973 5025 habebit,
3035 4973 3209 5028 neque
3246 4975 3368 5014 cum
3420 4974 3518 5015 sua
3547 4972 3645 5028 spe

401 5052 624 5106 ἐλπίδων
652 5068 667 5082 ·
718 5053 844 5107 ὅθεν
874 5055 922 5107 οἱ
955 5052 1158 5116 πάντες
1201 5052 1386 5124 σχεδὸν
1421 5051 1780 5122 σωθήσονται.
1823 5048 1961 5115 λέγω

2071 5052 2389 5108 frustratum
2419 5052 2654 5106 dimittet
2682 5066 2699 5106 :
2723 5051 2862 5106 unde
2878 5066 3070 5107 omnes
3103 5052 3234 5113 fere.
3262 5061 3476 5109 nostros
3496 5052 3646 5111 dico.

400 5141 461 5211 δὴ
488 5145 611 5206 τοὺς
647 5144 970 5213 ἡμετέρους.
1014 5143 1073 5196 '0
1106 5143 1167 5197 δὲ
1211 5144 1277 5212 δὴ
1317 5142 1519 5210 τρόπος
1547 5143 1648 5209 τῆς
1690 5138 1961 5208 σωτηρίας

2071 5145 2459 5200 servabuntur.
2493 5142 2697 5209 Salutis
2728 5155 2910 5199 autem
2948 5145 3088 5199 ratio
3116 5154 3174 5200 et
3201 5146 3490 5221 paradisus
3515 5151 3646 5198 sunt

350 5258 354 5263 ·
404 5235 493 5287 καὶ
519 5235 547 5286 ό
575 5234 907 5307 παράδεισος
936 5234 1110 5299 οὕτως
1138 5237 1274 5305 ἔχει.
1298 5234 1518 5305 Τὰφρος
1546 5233 1709 5286 αύτδν
1731 5231 1825 5285 etv
1864 5248 1961 5283 πα-

2074 5236 2769 5313 ltujusmodi._Paradisutu
2823 5236 2971 5291 fossa
3016 5236 3318 5290 circumdat
3352 5234 3643 5303 profunda,

406 5327 649 5395 ρὰδεισον
686 5329 1102 5400 περικυκλοῦσα
1136 5328 1348 5398 βαθεῖα.
1376 5327 1500 5397 ἣτις
1562 5342 1624 5394 γε
1664 5324 1977 5405 αὑτόματοί

404 5419 585 5485 γέγονε
610 5460 626 5483 ,
691 5423 807 5486 τοῖς
865 5424 1001 5477 πᾶσι
1051 5418 1241 5489 τοῦτον
1290 5417 1492 5473 ἄϐατον
1548 5415 1925 5487 ἀπεργάζεται
1954 5428 1969 5442 ο

405 5509 496 5564 καὶ
540 5512 649 5581 γάρ
696 5529 779 5566 τοι
829 5513 1023 5582 πίττης
1074 5512 1289 5583 πλήρης
1339 5510 1517 5575 ἐστὶν,
1563 5510 1683 5578 ἥτις
1731 5507 1794 5576 δὴ
1838 5505 1975 5574 πυρὶ

405 5602 648 5676 ἀσϐέστῳ
685 5605 1072 5676 ἐκπυρουμένη
1100 5605 1192 5661 τὸν
1233 5604 1412 5659 πάντα
1441 5601 1632 5673 χρόνον
1670 5599 1875 5671 σφίδρα
1910 5614 1971 5652 τε

475 5786 549 5858 (ι)
573 5788 717 5845 Cod.
745 5786 911 5847 Coisl.
1066 5846 1079 5859 ,

2078 5326 2282 5390 nativa,
2313 5324 2464 5377 aditu
2488 5338 2680 5378 omnes
2702 5338 2898 5378 arcens
2932 5340 2946 5377 :
2981 5336 3043 5375 ea
3083 5320 3230 5376 fossa
3285 5322 3403 5389 pice
3435 5318 3641 5386 repleta

2077 5424 2187 5480 est,
2211 5429 2334 5483 quae
2364 5413 2793 5484 inexstinguibili
2844 5410 3077 5479 ﬂagrans
3132 5409 3347 5463 ﬂamma
3378 5419 3642 5478 perpetuo

2078 5505 2260 5568 bullit,
2291 5505 2555 5573 omnique
2590 5515 2833 5572 tempore
2858 5500 3191 5565 circumﬂuit.
3244 5500 3298 5555 in
3357 5501 3528 5565 fossa,
3553 5500 3643 5554 in-

2077 5595 2414 5664 fandumque
2430 5583 2662 5649 ‘exbibet
2696 5593 2927 5652 auribus
2981 5593 3273 5664 fragorem,
3298 5602 3355 5652 et
3379 5592 3647 5652 horribile

2157 5782 2233 5857 (Ξ)
2265 5780 2451 5851 Forte,
2485 5780 2820 5853 εἰδοποιὴσῃ.
