3976 6206
417 256 517 325 159

1616 252 2008 317 MANUELIS
2063 251 2205 315 PAL
2220 250 2511 312 .EOLOGI

3547 249 3569 312 1
3584 251 3650 311 Δ’ὶιὶ

408 370 684 438 quoddam
718 345 1085 440 spectaculum
1118 369 1313 425 oculis.
1374 370 1468 424 Est
1521 384 1688 439 porro
1726 368 1971 438 paradisi

2103 363 2180 428 ἐῖ,
2211 365 2302 416 καί
2339 364 2595 433 περιρρεῖ
2622 362 2681 415 ὲν
2708 362 2770 430 τῇ
2806 362 2999 430 τάφρῳ
3028 359 3318 429 διηνεκῶς,
3343 360 3437 413 καὶ
3454 361 3657 415 δοῦπον

410 470 569 530 porta
607 477 735 524 una,
763 477 898 530 pons
930 476 1073 516 unus
1101 481 1114 515 :
1158 461 1203 516 is
1263 476 1398 529 pons
1429 460 1643 525 gladius
1671 469 1753 515 est
1779 460 1978 513 mirum

408 561 675 619 quantum
705 561 918 614 acutus.
944 569 1109 623 super
1147 568 1306 621 quem
1339 553 1502 608 nudis
1535 551 1764 621 pedibus
1804 559 1984 604 trans-

414 642 493 698 ire
547 654 783 713 oportet,
836 656 893 699 ιιι
920 648 1043 715 quis
1092 647 1328 714 paradisi
1379 648 1471 700 liat
1522 644 1971 714 particepszalio

422 734 581 787 modo
622 751 687 791 eo
742 738 1024 805 pervenire
1056 753 1160 790 non
1230 738 1376 793 licet.
1428 736 1853 803 Quibuscunque
1884 735 1986 803 igi—

416 832 504 875 tur
536 825 648 878 leve
674 842 870 895 corpus
904 828 1026 891 erit,
1060 838 1113 881 et
1156 829 1441 897 aligerum,
1478 838 1534 881 ut
1564 828 1637 882 ita
1669 828 1867 890 dicam,
1907 824 1961 878 hi

416 917 561 969 nulla
597 932 651 971 re
682 918 792 972 laesi
824 920 1153 983 transibunt,
1186 921 1251 974 ad
1283 921 1680 987 beatorumque
1709 920 1982 987 regionem

415 1010 734 1078 pervenient
766 1028 778 1063 :
807 1011 1124 1080 quicunque
1173 1020 1353 1067 autem
1396 1022 1743 1082 peccatorum
1770 1011 1980 1081 pondus

416 1113 598 1152 secum
628 1100 1021 1154 circumferunt
1047 1104 1195 1170 (sunt
1230 1113 1413 1156 autem
1440 1104 1471 1155 ii
1503 1116 1729 1156 numero
1758 1101 1982 1172 plure~),

417 1190 532 1242 acie
569 1191 619 1241 hi
652 1191 763 1244 ltesi
801 1192 1052 1246 deorsum
1089 1195 1590 1263 prmeipitahuntur.
1633 1194 1737 1247 Sed
1779 1210 1875 1259 pro
1908 1196 1973 1248 iis

417 1288 618 1343 tamen,
646 1289 703 1333 ut
724 1282 857 1344 dixi,
890 1282 1148 1351 prepheta
1197 1291 1378 1336 noster
1409 1291 1680 1336 amantem
1709 1284 1790 1337 sui
1823 1282 1977 1351 judi-

420 1385 535 1421 cem
564 1371 966 1439 deprecabitur,
990 1373 1363 1443 obtinebitque
1389 1389 1510 1444 quae
1543 1373 1685 1429 volet
1717 1392 1730 1429 :
1761 1374 1817 1430 id
1851 1389 1986 1444 quo-

419 1463 579 1516 modo
608 1464 718 1529 lict,
750 1464 858 1532 jam
894 1479 1041 1519 nunc
1073 1464 1273 1520 dicam.

486 1645 538 1700 9.
573 1647 867 1717 Postquam
916 1655 1086 1702 totum
1118 1648 1425 1704 conlectum
1458 1648 1619 1703 fuerit
1651 1647 1845 1717 iudicii
1882 1662 1980 1702 ne-

418 1739 645 1806 gotium,
686 1740 848 1794 Jesus
882 1738 1214 1804 Moametho,
1237 1757 1395 1810 quem
1422 1741 1769 1812 singulariter
1795 1740 1987 1809 diligit,

420 1830 560 1884 hanc
591 1831 863 1897 optionem
896 1833 1049 1884 dabit
1087 1850 1100 1885 :
1141 1840 1323 1886 utrum
1361 1834 1513 1887 malit
1541 1849 1635 1886 eos
1678 1834 1771 1902 qui
1798 1834 1986 1886 eadem

423 1921 527 1974 tide
564 1920 788 1982 iuerint,
821 1921 1037 1975 etiamsi
1077 1937 1143 1975 ex
1171 1924 1279 1976 alio
1302 1939 1518 1989 genere,
1540 1924 1862 1992 diversaque
1899 1938 1995 1977 su-

423 2010 749 2077 perstitione
783 2011 848 2064 ad
903 2026 1003 2065 nos
1057 2014 1413 2080 accesserint,
1473 2030 1538 2069 ex
1598 2014 1745 2069 lossa
1777 2017 1992 2084 eripere

426 2100 779 2169 l‘ruendisqne
811 2103 1050 2168 paradisi
1092 2103 1303 2157 deliciis
1359 2105 1566 2158 donare
1602 2121 1615 2157 :
1656 2121 1726 2159 an
1774 2122 1868 2161 eos
1896 2106 1988 2176 qui

422 2208 622 2263 genere
653 2194 829 2260 ipsum
866 2194 1152 2262 attingam,
1189 2194 1441 2260 quamvis
1490 2211 1596 2249 non
1624 2196 1869 2265 ejusdem
1905 2214 1993 2253 re-

425 2284 646 2349 ligionis
671 2284 912 2337 cultores
944 2299 1065 2338 esse
1123 2287 1621 2354 deprehendantur.
1675 2289 1812 2342 Tum
1846 2288 1993 2343 Moa-

425 2375 639 2427 metlius
675 2374 971 2440 discipulos
997 2375 1178 2443 potius
1220 2377 1383 2446 eliget
1413 2393 1572 2445 quam
1603 2381 1941 2447 propinquos
1974 2396 1987 2433 :

424 2463 736 2534 Christique
777 2466 1106 2519 auctoritate
1140 2465 1313 2520 fretus
1340 2469 1406 2521 ad
1441 2466 1643 2522 fossam
1673 2470 1785 2522 cito
1826 2472 1993 2524 devo-

427 2556 587 2618 lahit,
619 2566 669 2609 et
700 2566 854 2611 stans
887 2557 939 2609 in
1001 2557 1285 2627 crepidine
1344 2558 1604 2613 inclinato
1634 2560 1809 2627 capite
1836 2574 1991 2614 suam

426 2648 543 2714 ipse
574 2661 785 2700 comam
820 2645 1079 2713 prehendi
1112 2647 1275 2713 siuet,
1305 2656 1357 2701 et
1387 2663 1493 2702 uno
1524 2663 1743 2719 quoque
1769 2650 1995 2719 capillo-

428 2754 546 2791 rum
576 2738 707 2806 (non
737 2737 924 2790 duhito
950 2737 1082 2806 quin
1116 2738 1315 2793 mirere
1338 2740 1480 2806 quod
1509 2739 1721 2809 audies)
1759 2740 1994 2807 incredi-

429 2830 588 2883 bilem
617 2828 1013 2896 discipulorum
1041 2844 1352 2894 numerum,
1374 2830 1465 2898 qui
1483 2830 1783 2883 facinorum
1806 2846 1994 2898 pinnas

426 2923 688 2991 pendunt,
714 2938 745 2974 e
775 2920 911 2974 fessa
945 2920 1117 2975 tollet.
1147 2914 1321 2991 Atque
1350 2925 1420 2975 ita
1450 2924 1527 2987 lit,
1547 2924 1765 2994 hospes,
1795 2932 1851 2977 ut
1880 2939 1996 2978 ser-

2082 454 2373 524 ἀποφράδα
2416 454 2647 524 παρέχει
2683 456 2802 515 ταῖς
2833 456 3043 517 ἀκοαῖς,
3100 456 3197 510 καὶ
3246 456 3482 524 φρικτήν
3533 472 3662 507 τινα

2081 540 2211 595 θέαν
2234 543 2345 605 τοῖς
2368 542 2685 611 ὀφθαλμοῖς.
2712 542 2828 595 Μία
2853 542 2909 595 δέ
2938 559 3022 605 τις
3049 540 3193 613 θύρα
3213 540 3291 611 τῷ
3317 542 3657 609 παραδείσῳ,

2082 632 2176 686 καὶ
2205 633 2419 702 γέφυρα
2451 634 2579 703 μία·
2609 633 2693 703 ἥδ’
2721 633 2838 685 ἐστὶ
2863 632 3016 701 ξίφος
3038 633 3356 703 τομὼτατον
3383 634 3501 695 πῶς
3533 634 3660 698 οῐει,

2083 723 2111 776 δ
2134 725 2215 777 δεῖ
2242 727 2470 795 γυμνοῖν
2499 727 2611 778 τοῖν
2642 726 2826 778 ποδοῖν
2856 724 3167 789 διελθόντας
3197 725 3291 779 τοῦ
3326 728 3664 798 παραδείσου

2087 817 2375 886 μετέχειν·
2418 817 2597 881 ἄλλως
2646 820 2691 871 δ’
2743 819 2844 872 οὐκ
2904 818 3118 872 ἔνεστιν
3175 820 3387 872 ἐκείνου
3447 824 3662 891 τυχεῖν.

2085 910 2276 974 Ὅστις
2326 911 2507 964 τοίνυν
2541 912 2600 963 τὸ
2627 911 2788 981 σῶμα
2838 911 3064 981 κοῦφον,
3100 914 3198 967 καὶ
3228 912 3558 985 ὑπόπτερον,
3586 914 3667 977 ὡς

2085 1000 2153 1053 ἂν
2193 999 2338 1053 εἴποι
2366 1018 2470 1066 τις,
2518 999 2686 1070 μηδὲν
2708 1000 3156 1068 παραϐλαϐέντες
3175 1001 3546 1069 διαϐήσονται,
3569 1005 3667 1055 καὶ

2082 1091 2367 1156 τεύξονταί
2408 1109 2469 1160 γε
2520 1093 2615 1145 τοῦ
2659 1092 2840 1163 χώρου
2902 1092 3009 1146 τῶν
3066 1092 3393 1162 μακαρίων·
3436 1094 3551 1146 ὅσοι
3613 1094 3665 1147 δ’

2082 1182 2559 1253 ἄχθος¹ἁμαρτιῶν
2585 1185 2977 1254 περιφέρουσιν
3005 1184 3136 1253 (elui
3152 1184 3197 1235 δ’
3222 1184 3375 1253 ἄρ’σί
3402 1184 3664 1249 πλείους),
3736 1238 3759 1251 ,

2082 1278 2159 1347 τῷ
2194 1278 2396 1347 σιδήρῳ
2426 1278 2753 1347 τεμνόμενοι
2786 1278 3302 1348 κατενεχθήσονται.
3340 1278 3500 1332 Ἀλλὰ
3530 1279 3668 1349 περὶ

2082 1370 2309 1435 τούτων,
2326 1370 2400 1432 ὡς
2422 1370 2578 1440 ἔφην,
2606 1371 2634 1422 ό
2655 1369 2925 1439 ἡμέτερος
2950 1371 3241 1440 προφήτης
3269 1369 3364 1426 τὸν
3390 1370 3655 1439 φιλοῦντα

2084 1463 2276 1531 κριτὴν
2296 1462 2720 1533 παραιτήσεται,
2739 1461 2950 1529 καὶτῆς
2978 1461 3245 1533 αίτήσεως
3269 1460 3615 1528 έπιτεύξεται
3635 1476 3654 1493 ο

2084 1551 2144 1603 τὸ
2172 1551 2215 1604 δ’
2254 1552 2423 1619 ὅπως,
2455 1551 2689 1620 ἔρχομαι
2724 1550 2912 1615 λέξων.

2160 1644 2225 1698 θ’.
2278 1644 2430 1698 Μετὰ
2469 1643 2528 1697 τὸ
2570 1644 2722 1707 τέλος
2756 1645 2934 1698 πάντα
2972 1645 3122 1713 σχεῖν
3156 1642 3225 1696 τά
3265 1643 3367 1712 τῆς
3399 1642 3662 1713 κρίσεως,

2092 1736 2464 1807 προθήσειτῷ
2505 1736 2751 1805 Μωάμεθ
2794 1737 2823 1789 ὁ
2854 1737 3221 1807 διαφερόντως
3271 1736 3433 1790 αὐτὸν
3488 1735 3667 1804 φιλῶν

2104 1829 2311 1899 Ἰησοῦς
2342 1829 2555 1898 αἵρεσιν
2586 1828 2744 1899 τήνδε
2774 1843 2789 1858 ο
2822 1830 2852 1899 ἢ
2888 1829 3013 1891 τοὺς
3042 1827 3379 1895 όμοπίστους
3410 1826 3581 1895 αὐτῷ,
3611 1828 3667 1879 εί

2091 1920 2156 1988 δὴ
2190 1921 2284 1972 καὶ
2304 1919 2362 1984 ἐξ
2395 1920 2556 1975 ἄλλου
2585 1920 2775 1986 γένους
2801 1920 2892 1971 καὶ
2923 1918 3223 1991 θρησκείας
3264 1917 3667 1989 προσεληλύθε-

2095 2030 2215 2075 σαν,
2271 2012 2550 2077 ἐξελέσθαι
2597 2012 2815 2084 ἐκείνης
2846 2014 2945 2080 τῆς
2990 2013 3227 2080 τάφρου,
3258 2012 3352 2063 καὶ
3378 2012 3478 2081 τῆς
3502 2010 3561 2061 έν
3589 2009 3671 2079 τῷ

2102 2104 2418 2175 παραδείσῳ
2449 2104 2632 2156 δοῦναι
2677 2105 2891 2177 τρυφῆς
2923 2103 3220 2156 ἀπολαύειν
3245 2118 3260 2136 υ
3302 2103 3334 2173 ἢ
3367 2103 3491 2166 τοὺς
3519 2101 3671 2171 αύτῷ

2094 2199 2472 2267 προσήκοντας
2524 2197 2667 2249 κατά
2705 2197 2883 2262 γένος,
2915 2197 2962 2247 εί
3012 2196 3108 2248 καὶ
3161 2196 3261 2264 τῆς
3296 2195 3466 2264 αὐτῆς
3514 2195 3667 2263 αὐτῷ

2095 2288 2392 2359 θρησκείας
2424 2287 2521 2358 οὐχ
2555 2287 2839 2357 εὕρηνται.
2890 2288 2948 2340 '0
2976 2286 3033 2340 δὲ
3065 2286 3195 2350 τοὺς
3226 2287 3492 2357 φοιτητὰς
3524 2289 3669 2357 μᾶλ-

2095 2382 2186 2434 λον
2226 2382 2258 2451 ἢ
2291 2383 2417 2444 τοὺς
2458 2383 2521 2434 ὲκ
2550 2382 2743 2451 γένους
2774 2382 3061 2451 αἱρήσεται
3087 2395 3101 2410 ο
3125 2382 3221 2432 καὶ
3248 2380 3431 2434 λαϐὼν
3457 2379 3672 2433 τούνδό-

2096 2480 2257 2543 σιμον
2289 2474 2426 2543 ταχὺ
2486 2474 2778 2543 δραμεῖται
2812 2474 2961 2543 παρά
2986 2472 3085 2543 τὴν
3129 2474 3360 2543 τάφρον,
3391 2476 3488 2527 καὶ
3526 2472 3670 2543 πρὸς

2094 2566 2440 2636 ταῖς-ταύτης
2470 2567 2658 2637 ὄχθαις
2687 2566 2837 2631 στάς,
2863 2565 3053 2628 κλίνας
3081 2566 3231 2620 κάτω
3259 2567 3359 2637 τὴν
3389 2568 3659 2638 κεφαλὴν,

2093 2658 2254 2712 δώσει
2287 2658 2387 2727 τῆς
2420 2659 2594 2729 κόμης
2633 2657 2925 2722 λαϐέσθαι,
2967 2659 3062 2712 καὶ
3093 2657 3297 2730 ἑκάστῃ
3327 2659 3436 2735 τῶν
3466 2661 3671 2730 τριχῶν

2096 2749 2421 2818 (θαυμάσεις
2455 2748 2513 2801 εὖ
2562 2744 2657 2801 οἷδ’
2687 2751 2768 2802 ὅτι
2809 2750 3072 2821 ἀκούσας)
3099 2752 3368 2823 μυριάδας
3396 2742 3672 2807 ἀνελεῖται

2094 2842 2203 2896 τῶν
2238 2841 2426 2909 αὐτοῦ,
2459 2843 2714 2894 τινόντων
2744 2842 2903 2915 δίκην
2930 2843 3039 2896 τῶν
3070 2844 3500 2915 πεπραγμένων.
3528 2844 3672 2898 T06-

2095 2948 2187 2985 τον
2235 2932 2416 2986 τοίνυν
2454 2933 2719 3005 ἀμηγέπη
2746 2934 2840 2988 τὸν
2863 2935 3064 3015 τρόπον
3093 2937 3201 3000 πᾶς
3228 2937 3257 2989 ό
3290 2936 3549 3008 καθαρῶς
3576 2937 3671 2989 έλ-

428 3026 587 3069 vatus
615 3014 775 3068 fuerit
806 3016 1119 3083 quicunque
1148 3016 1200 3068 in
1235 3013 1597 3069 Moamrthum
1632 3017 1850 3070 sincere
1878 3032 1998 3084 ερον,

2103 3025 2265 3086 πίσας
2293 3027 2373 3088 είς
2401 3024 2491 3080 τὸν
2519 3026 2766 3096 Μωάμεθ
2794 3013 3122 3099 σωθήσεται,
3148 3029 3420 3099 μακάριος
3447 3028 3547 3100 μὲν
3572 3030 3674 3098 τῆς

429 3110 584 3174 rarit,
610 3112 796 3162 beatus
820 3109 911 3161 ille
932 3110 1000 3162 ab
1024 3107 1436 3162 immortalitate
1462 3117 1515 3160 et
1546 3108 1777 3174 honore,
1808 3109 2004 3164 beatus

431 3217 461 3255 ιι
498 3202 708 3254 deliciis
743 3200 944 3268 quibus
1000 3199 1313 3268 perfruetur
1341 3200 1394 3252 in
1419 3198 1694 3267 paradiso,
1725 3214 1861 3268 quas
1888 3200 2001 3267 jam

432 3308 577 3346 nunc
594 3301 804 3360 tempus
832 3289 1234 3346 estutdieendo
1256 3305 1571 3359 persequar.
1590 3290 1716 3357 Sed,
1738 3291 1812 3344 dii
1845 3292 1996 3357 boni,

431 3384 691 3453 quidnam
711 3398 776 3437 ex
798 3382 903 3436 illis
926 3382 1087 3436 rebus
1100 3382 1337 3451 primum
1363 3381 1662 3435 enarrabo?
1679 3382 1858 3435 omnia
1877 3392 2005 3437 sunt

434 3474 614 3528 divine
672 3473 896 3543 pulchra
928 3488 944 3526 :
978 3472 1193 3541 singula
1244 3471 1493 3535 suadent,
1523 3482 1601 3536 ut,
1632 3472 2006 3542 cujuscunque

435 3567 588 3637 prius
611 3564 944 3627 memineris,
965 3565 1018 3619 id
1038 3565 1276 3630 primum
1294 3565 1531 3618 humana
1550 3564 1782 3619 celebret
1800 3565 2005 3633 lingua.

506 3660 595 3715 10.
631 3659 849 3713 Florum
872 3658 1015 3713 enim
1048 3658 1302 3721 varietas,
1346 3655 1620 3711 fructuum
1647 3658 2002 3722 abundantia,

439 3753 624 3807 omnis
658 3751 875 3821 generis
903 3750 1122 3821 frugum
1157 3749 1436 3814 nobilitas,
1457 3749 1766 3818 plantarum
1788 3764 2006 3819 semper

440 3844 729 3896 virentium
760 3842 957 3911 gratia,
986 3854 1184 3912 cespes
1235 3840 1389 3895 nullo
1416 3854 1654 3907 unquam
1677 3839 1837 3894 modo
1887 3855 2006 3894 are-

439 3949 622 3997 scens,
660 3948 928 4002 aquarum
960 3933 1467 4003 limpidissimarum
1514 3930 1710 3985 effusio
1754 3941 1806 3986 et
1863 3948 2010 3986 mur-

440 4042 584 4092 mur,
624 4024 849 4081 suavius
875 4040 1038 4096 quam
1069 4025 1326 4079 Sirenum
1358 4033 1554 4079 cantus
1580 4040 1740 4078 aures
1772 4026 2009 4093 permul-

440 4135 592 4187 cens,
626 4119 806 4175 omnia
856 4119 1091 4189 denique
1120 4133 1241 4190 qua:
1268 4116 1531 4172 olfactuni
1556 4118 1794 4172 aliumve
1823 4132 2009 4186 (luem-

441 4214 525 4267 vis
557 4228 776 4267 sensum
804 4212 1080 4267 oblectare
1106 4221 1358 4281 possunt,
1388 4212 1441 4265 in
1480 4223 1715 4271 summa,
1745 4208 2008 4279 quidquid

442 4315 751 4367 venustum,
773 4303 1035 4371 quidquid
1070 4318 1350 4372 maguum,
1372 4301 1638 4370 quidquid
1662 4300 2009 4369 splendidum

444 4412 475 4453 ιι
507 4396 597 4448 Dei
630 4395 959 4449 immortalis
992 4408 1153 4447 manu
1178 4402 1551 4447 constructum
1599 4402 1704 4455 est,
1739 4391 1790 4443 id
1823 4406 2007 4455 omne,
2043 4370 2088 4426 ί)

447 4488 673 4556 hospes,
713 4485 769 4541 in
806 4493 1186 4540 ornamentum
1232 4484 1376 4538 cedit
1420 4483 1677 4551 paradiso
1710 4499 1722 4535 :
1762 4482 1813 4535 id
1847 4497 2011 4535 omne

445 4592 568 4630 eum
603 4576 919 4630 mirabiliter
950 4583 1176 4630 exornat
1207 4590 1223 4628 :
1254 4574 1306 4627 id
1327 4588 1489 4628 omne
1509 4573 1687 4626 locum
1721 4570 1849 4625 facit
1872 4586 2010 4641 qua-

449 4670 577 4723 libet
604 4668 829 4724 tristitia
861 4668 1220 4735 superiorem.
1248 4665 1365 4720 Duo
1403 4680 1567 4734 porro
1609 4679 1795 4719 amnes
1820 4679 2013 4733 peren-

446 4760 826 4825 nes,maximi,
855 4764 1019 4813 latera
1043 4756 1161 4825 ejus
1188 4757 1474 4823 alluentes,
1492 4772 1616 4825 eum
1641 4754 2012 4823 complectun-

448 4866 561 4916 tur,
578 4864 634 4910 et
656 4853 933 4909 crelestem
958 4860 1062 4917 ,ιιι
1092 4851 1166 4906 ita
1198 4851 1401 4915 dicam,
1432 4857 1760 4904 concentum
1794 4847 1962 4901 edunt
1995 4863 2009 4900 :

449 4947 873 5016 paradisumque
906 4943 1221 4999 scindentes
1273 4940 1535 5004 medium,
1571 4947 1760 5008 postea
1791 4937 1893 5006 ipsi
1921 4937 2009 4990 di-

450 5038 549 5094 visi
567 5038 620 5092 in
649 5036 849 5091 multas
879 5042 1063 5105 partes
1089 5033 1428 5095 dilabuntur,
1451 5034 1738 5099 denuoque
1765 5031 1816 5083 iu
1846 5044 2014 5083 unum

450 5128 754 5193 confluunt,
780 5128 833 5181 in
853 5141 1020 5195 seque
1044 5124 1404 5193 praecipitant,
1446 5122 1601 5191 quasi
1635 5121 1860 5174 animati
1891 5135 2018 5190 per-

449 5234 664 5287 petuam
731 5220 970 5286 aliquam
1014 5216 1353 5271 saltationem
1379 5222 1716 5273 exercerent,
1752 5220 2022 5280 spectato-

2105 3114 2404 3176 ἀθανασίας
2456 3114 2551 3168 καὶ
2603 3115 2704 3183 τῆς
2743 3116 2933 3187 τιμῆς,
2969 3116 3237 3188 μακάριος
3282 3118 3339 3171 δὲ
3370 3117 3470 3186 τῆς
3504 3120 3560 3172 ὲν
3592 3117 3674 3188 τῷ

2105 3204 2418 3274 παραδείσῳ
2455 3206 2688 3275 τρυφῆς,
2720 3207 2789 3276 ἢν
2826 3208 2893 3279 δὴ
2931 3207 3123 3278 καιρὸς
3152 3209 3218 3263 ἂν
3258 3209 3350 3279 εἴη
3391 3209 3672 3276 διεξιέναι.

2105 3297 2171 3348 Τί
2190 3296 2250 3351 ,δὲ
2270 3297 2490 3367 πρῶτον
2520 3300 2629 3353 τῶν
2646 3301 2762 3352 ἐκεῖ
2788 3301 3157 3371 διηγήσομαις
3188 3302 3367 3355 πάντα
3396 3301 3506 3372 γὰρ
3532 3302 3675 3355 καλά

2103 3385 2225 3440 λίαν
2253 3404 2265 3419 ⁸
2306 3390 2396 3441 καὶ
2426 3390 2525 3458 τὴν
2551 3390 2797 3457 γλῶτταν
2832 3392 3068 3444 ἕκαστον
3101 3393 3301 3456 πείθει,
3333 3393 3454 3446 ὅτου
3494 3410 3576 3457 τις
3607 3393 3675 3447 ἂν

2107 3478 2326 3533 πρώτου
2357 3482 2593 3553 μνησθῇ,
2630 3484 2758 3554 περὶ
2791 3483 2956 3537 αὑτοῦ
2989 3500 3052 3551 γε
3086 3485 3301 3555 πρῶτον
3327 3487 3522 3539 εἰπεῖν.

2181 3668 2231 3716 ι’.
2260 3662 2467 3714 Αὐτίκα
2486 3661 2667 3714 τοίνυν
2697 3662 2907 3717 ἀνθέων
2936 3681 2993 3717 τε
3024 3665 3291 3730 ποικιλία,
3322 3667 3415 3720 καὶ
3444 3668 3674 3738 καρπῶν

2106 3751 2361 3821 ἀφθονία,
2391 3754 2484 3804 καὶ
2507 3753 2869 3807 παντοδαπῶν
2894 3754 3116 3825 ὡραίων
3141 3758 3413 3827 εὐγένεια,
3447 3760 3541 3814 καὶ
3573 3779 3679 3830 φυ-

2108 3842 2216 3895 τῶν
2271 3842 2538 3897 ἀειθαλῶν
2585 3844 2768 3914 χάρις,
2799 3845 2895 3897 καὶ
2948 3846 3056 3899 πόα
3093 3848 3357 3917 μηδαμῶς
3409 3850 3678 3918 μηδέποθ’

2110 3934 2453 4005 ὑπομένουσα
2475 3933 2679 4003 φθίσιν,
2707 3936 2800 3990 καὶ
2824 3935 3204 3991 διειδεστάτων
3235 3939 3439 3991 ὑδάτων
3459 3939 3556 4010 ῥοὴ
3580 3942 3679 3992 σὺν

2110 4026 2226 4096 ἤχῳ
2260 4026 2367 4078 τῶν
2407 4026 2678 4097 Σειρήνων
2731 4028 2953 4095 ἄμεινον
3003 4030 3100 4097 τὴν
3141 4033 3308 4099 ἀκοὴν
3340 4032 3677 4101 γοητεύοντι,

2112 4117 2205 4170 καὶ
2238 4116 2396 4172 πάνθ’
2440 4117 2476 4172 ἃ
2507 4117 2603 4189 τὴν
2637 4118 2906 4189 ὄσφρησιν
2933 4120 3008 4189 (1)
3038 4120 3215 4190 θέλγει
3242 4124 3335 4175 καὶ
3363 4123 3462 4193 τὴν
3514 4124 3681 4191 ἀλλην

2112 4208 2367 4278 αἴσθησιν
2403 4210 2609 4272 πᾶσαν,
2649 4212 2744 4261 καὶ
2772 4209 2932 4273 ὅλως,
2965 4210 3018 4265 εί
3062 4229 3115 4264 τι
3144 4211 3355 4282 χαρίεν,
3386 4214 3481 4267 καὶ
3512 4215 3678 4282 μέγα,

2113 4298 2207 4350 καὶ
2238 4298 2514 4367 λαμπρὸν,
2542 4297 2645 4350 ἅτε
2685 4298 2751 4366 δὴ
2786 4299 2931 4370 χειρὶ
2975 4298 3110 4353 Θεοῦ
3148 4301 3680 4371 κατεσκευασμένον,

2114 4389 2193 4460 τῷ
2228 4388 2545 4458 παραδείσῳ
2576 4388 2822 4457 γίγνεται
2857 4391 3092 4462 κόσμος·
3122 4392 3216 4446 καὶ
3237 4391 3464 4461 ὼραῖςει
3492 4392 3683 4446 τοῦτον

2118 4481 2236 4544 πῶς
2270 4481 2411 4534 oret“
2457 4482 2554 4533 καὶ
2608 4484 2752 4533 ποιεῖ
2791 4482 2994 4554 χωρίον
3031 4482 3209 4554 λύπης
3250 4483 3540 4553 ἀνώτερον.
3575 4485 3687 4538 Καὶ

2115 4571 2250 4641 δῆτα
2272 4569 2507 4639 ποταμοί
2537 4586 2681 4632 τινες
2709 4570 2821 4638 δύο,
2851 4571 3064 4625 ἀένναοί
3090 4588 3147 4624 τε
3166 4571 3260 4625 καὶ
3279 4572 3683 4641 παμμεγέθεις,

2118 4660 2379 4717 κυκλοῦσί
2413 4678 2473 4713 τε
2512 4661 2675 4716 αὐτόν
2705 4664 3111 4733 περιρρέοντες,
3144 4665 3238 4718 καὶ
3267 4644 3467 4733 κομιδῆ
3496 4664 3687 4732 δαιμό-

2119 4776 2230 4811 νιον
2253 4757 2440 4828 ὥσπερ
2459 4756 2841 4826 ἁναπέμπουσι
2867 4757 3030 4825 μέλος
3055 4771 3069 4787 ο
3097 4751 3216 4810 εἶτα
3241 4757 3432 4810 τοῦτον
3462 4757 3688 4827 τέμνον-

2115 4868 2207 4914 τες
2242 4852 2427 4921 μέσον,
2460 4851 2553 4903 καὶ
2588 4849 2656 4903 αὖ
2687 4850 2797 4904 οἵδε
2830 4851 3154 4920 τεμνόμενοι
3184 4868 3243 4902 τε
3277 4852 3373 4904 καὶ
3405 4853 3485 4914 είς
3515 4850 3687 4905 πολλά

2116 4944 2510 5013 διαιρούμενοι,
2545 4943 2640 4995 καὶ
2669 4942 2830 4995 πάλιν
2856 4943 2935 5005 είς
2953 4943 3117 4996 ταυτδ
3144 4942 3550 5012 συνερχόμενοι,
3588 4945 3684 4997 καὶ

2117 5036 2197 5098 είς
2216 5035 2481 5105 ἀλλήλους
2509 5034 2863 5104 ἐμϐαλόντες,
2888 5033 3140 5104 καθάπερ
3165 5034 3398 5104 ἐμψυχοί
3426 5052 3571 5097 τινες
3595 5052 3687 5103 χο-

2124 5126 2273 5196 ρείαν
2297 5124 2588 5191 ἐξελίττειν
2614 5124 2836 5193 διηνεκῆ
2866 5124 3074 5189 δόξαιεν
3092 5127 3157 5179 ἂν
3194 5128 3300 5190 τοῖς
3334 5126 3522 5196 ὁρῶσι.
3552 5125 3659 5178 Τού
3678 5156 3689 5167 -

2119 5231 2233 5265 τοιν
2266 5214 2544 5282 οὐδέτερος
2572 5212 2744 5282 ὕδωρ·
2779 5214 3040 5283 ἑκάτερος
3072 5214 3140 5279 δ’,
3174 5215 3362 5287 ὥσπερ
3389 5217 3564 5288 τρυφή
3598 5233 3686 5279 τις

434 5311 709 5378 .ribusque
770 5309 1110 5363 exhiberent.
1158 5303 1266 5358 Nec
1285 5318 1473 5357 eorum
1524 5301 1783 5354 alteruter
1816 5315 1993 5368 aquan

2122 5303 2266 5373 ἄκρα
2295 5303 2569 5373 θεώμενός
2605 5321 2665 5356 τε
2700 5304 2796 5357 καὶ
2823 5305 3177 5373 ἁκουόμενος,
3204 5306 3294 5358 τὸν
3339 5307 3450 5358 ἴσον
3484 5306 3686 5375 τρόπον

450 5403 631 5457 habet:
663 5400 846 5464 ambo,
870 5410 928 5453 ut
953 5414 1076 5453 cum
1104 5396 1407 5464 inspexeris
1434 5403 1486 5448 et
1511 5394 1774 5456 audieris,
1795 5394 1866 5447 ita
1890 5409 1998 5448 cun

2122 5396 2214 5448 καὶ
2243 5396 2789 5466 μεταλαμϐανόμενες
2811 5413 2825 5429 ·
2858 5399 2980 5467 μέλι
3006 5401 3102 5469 μὲν
3123 5399 3229 5469 γὰρ
3256 5401 3284 5453 ὁ
3312 5399 3520 5469 ἕτερος,
3547 5394 3687 5466 Ῡάλα

452 5492 706 5558 gustaris,
736 5489 1039 5543 incredibili
1074 5498 1124 5541 te
1158 5488 1429 5555 voluptate
1454 5484 1829 5554 permulcent:
1859 5479 1998 5533 mclh

2121 5486 2167 5539 δ’
2198 5489 2226 5539 ό
2255 5486 2441 5550 λοιπὸς
2470 5487 2546 5539 ῶν
2574 5488 2866 5558 τυγχάνει·
2899 5489 2948 5542 οἳ
2984 5490 3047 5561 δὴ
3080 5490 3267 5561 μισθός
3301 5493 3456 5543 ἐστον
3485 5490 3563 5558 (2)
3596 5490 3692 5542 καὶ

410 5614 415 5619 ι
451 5584 610 5648 alter,
638 5581 782 5635 lacte
821 5581 955 5634 alter
981 5588 1164 5633 manat
1198 5596 1211 5633 :
1255 5575 1819 5643 remunerationis-que
1851 5574 1998 5624 aniln

2124 5578 2393 5640 ἀντίδοσις
2438 5582 2551 5640 τοῖς
2599 5579 2834 5634 ἐνταῦθα
2868 5580 3270 5652 καθαρεύουσιν
3316 5583 3482 5635 οἴνου.
3520 5579 3695 5635 Βαϐαὶ

527 5690 603 5760 (ξ)
631 5690 764 5747 Cod.
794 5707 906 5763 reg.
933 5690 1164 5761 ὅσφησιν

2196 5689 2269 5759 ('2)
2297 5688 2428 5744 Cod.
2461 5690 2631 5746 Cuisl.
2666 5693 2807 5745 ἐστι.
