3976 6206
372 294 479 358 1ΰὲ

1584 286 1941 349 MANUELI
1955 286 1994 345 S
2031 285 2483 351 PALEOLOGI

3527 290 3634 356 164

358 411 451 481 ius
481 419 535 464 et
566 425 780 480 equum
806 409 1170 466 aestimantis?
1199 409 1395 464 nedum
1426 406 1737 479 hujusmodi
1760 405 1928 476 judici

2063 404 2124 473 δὴ
2153 405 2213 457 τὸ
2246 406 2352 476 πρὸ
2384 405 2582 477 μικροῦ
2607 408 2695 477 ὑφ’
2726 408 2879 479 ὑμῶν
2902 407 3195 480 εἰρημένον
3220 450 3235 475 ,
3262 408 3375 461 Καὶ
3400 407 3509 478 μὴν
3539 418 3586 463 ει
3609 411 3641 464 ὁ

363 503 457 571 qui
481 504 641 573 paulo
660 512 786 556 ante
813 504 905 558 Dei
929 502 1378 571 anima,spiritus
1398 510 1451 555 et
1473 501 1711 554 Verbum
1740 517 1766 552 a
1793 500 1947 553 vobis

365 594 792 647 nominabatur?
822 594 985 664 Atqui
1042 596 1088 649 si
1135 594 1477 648 Moamethus
1498 603 1767 660 cognatus
1818 607 1949 645 suos

362 684 542 750 potius
569 699 732 753 quam
760 684 1052 752 discipulus
1078 686 1234 739 malis
1258 684 1467 752 eripere
1491 682 1776 744 voluisset,
1796 690 1950 737 certe

364 776 416 828 iu
435 777 653 832 aeternis
693 773 975 846 suppliciis
1025 778 1274 847 discipuli
1324 778 1718 830 remansissent
1766 791 1948 831 :nunc

361 882 513 932 vero,
539 871 862 939 propinquis
885 871 1152 933 dimissis,
1186 887 1307 924 cum
1337 871 1431 940 qu-i
1460 871 1648 923 eadem
1682 868 1948 939 religione

328 968 333 977 ‘
360 972 620 1017 essentex
650 964 989 1018 tenebricosa
1021 964 1110 1017 illa
1140 964 1357 1016 ﬂamma
1407 963 1639 1017 voluerit
1690 962 1944 1028 educere,

363 1066 430 1104 ne
456 1054 555 1105 hoc
580 1053 795 1121 quidem
828 1053 1076 1123 perfecit.

434 1146 519 1200 15.
550 1145 681 1196 Nam
726 1146 908 1199 habito
939 1148 1158 1215 quidem
1193 1146 1260 1199 ad
1291 1147 1555 1214 quosdam
1598 1155 1848 1215 respectu
1881 1162 1944 1201 ex

360 1234 525 1287 animi
563 1236 829 1289 sententia
868 1252 977 1289 rem
1003 1237 1240 1291 confecit
1266 1254 1278 1289 :
1303 1238 1482 1291 caueri
1516 1247 1696 1290 autem
1727 1237 1778 1290 in
1819 1253 1939 1306 gur-

361 1329 465 1391 g?te
505 1327 748 1381 derelieti
776 1337 921 1388 sunt,
951 1329 1166 1382 etiamsi
1209 1344 1400 1382 omnes
1438 1329 1525 1382 ille
1556 1343 1623 1382 ex
1677 1328 1825 1383 fossa
1855 1345 1950 1384 ex-

362 1420 577 1473 trahere
611 1420 868 1473 voluerit.
902 1419 1007 1473 Sed
1034 1420 1141 1484 fac,
1164 1420 1469 1475 secunddm
1525 1422 1868 1490 prepositum
1894 1432 1948 1476 et

361 1512 696 1563 voluntatem
740 1510 1032 1564 Moametlii
1063 1512 1165 1564 hoc
1188 1512 1453 1565 accidisse
1484 1527 1765 1580 ,quouam,
1786 1515 1947 1567 obse-

362 1616 483 1664 CI‘O,
503 1601 880 1671 justojudicio
900 1602 1013 1655 ﬁeri
1076 1604 1250 1671 potuit
1279 1605 1299 1656 ἲ
1330 1600 1531 1673 Omnes
1559 1606 1700 1657 enim
1757 1605 1944 1660 cadem

360 1691 624 1759 religione
685 1702 863 1756 erant,
905 1692 1238 1762 nimiamque
1289 1694 1526 1762 aliquam
1587 1705 1940 1762 peccatorum

367 1782 770 1836 multitudinem
819 1782 1086 1837 ferebant.
1113 1781 1349 1838 Proinde
1382 1784 1464 1839 vel
1490 1800 1676 1839 omnes
1719 1796 1942 1854 promer

372 1874 529 1925 ﬁdem
564 1872 796 1925 liberare
822 1872 1126 1940 Oportebat,
1160 1870 1244 1923 vel
1275 1887 1466 1925 omnes
1525 1886 1697 1941 ptena:
1726 1872 1943 1924 tradere

364 1974 585 2034 propter
645 1970 992 2032 peccatorum
1063 1962 1514 2032 magnitudinem.
1571 1961 1725 2018 Nunc
1786 1980 1939 2030 vero,

359 2055 489 2123 quia
543 2050 868 2106 criminibus
925 2050 1198 2105 similibus
1237 2053 1541 2107 obstrictos
1598 2069 1706 2106 non
1750 2055 1939 2110 eodem

362 2147 523 2201 modo
547 2152 1047 2207 remunerat,certe
1075 2153 1169 2196 aut
1195 2143 1280 2197 his
1315 2144 1671 2215 gratiﬁeatur,
1702 2154 1793 2201 aut
1819 2148 1941 2204 illos

360 2235 558 2305 injuria
580 2234 763 2297 allicit,
788 2244 881 2286 aut
902 2234 1071 2304 (quod
1096 2235 1313 2289 tertium
1341 2239 1611 2309 superest)
1636 2254 1742 2291 non
1768 2240 1943 2309 potuit

360 2329 619 2397 perlicere
646 2326 697 2381 id
717 2327 861 2394 quod
890 2325 1134 2380 volebat:
1155 2342 1467 2397 quanquam
1495 2329 1595 2383 hac
1617 2346 1833 2400 quoque
1857 2333 1939 2386 via

362 2433 554 2473 omnes
600 2432 629 2470 e
660 2416 821 2471 malis
851 2416 1065 2471 liberari
1104 2432 1329 2473 necesse
1384 2430 1521 2473 erat.
1556 2418 1758 2490 Nempe
1792 2423 1936 2489 Alin,

374 2506 781 2576 utprophetam
808 2516 862 2559 et
886 2504 979 2559 Dei
1022 2508 1285 2573 amicum,
1341 2510 1613 2578 plurimos
1666 2514 1938 2583 supplicio

365 2597 574 2667 eripere
596 2601 872 2666 beatznque
898 2598 1021 2652 vitae
1068 2600 1370 2670 participes
1428 2602 1638 2659 ellicere
1689 2605 1936 2672 decebat,

371 2688 623 2755 idemque
647 2685 823 2742 facere
848 2686 1100 2751 Fatmeu,
1146 2689 1224 2741 tui
1270 2690 1545 2758 prephetae
1584 2692 1768 2759 tiliam,
1816 2710 1938 2764 quae

371 2779 708 2847 multosipsa
738 2778 953 2847 conjugi
990 2791 1090 2831 suo
1113 2778 1197 2832 Ali
1250 2781 1542 2848 prOphetas
1585 2787 1811 2851 peperit.
1860 2789 1937 2840 lta

359 2870 730 2939 unusquisque
747 2886 933 2923 eorum
969 2879 1230 2939 quantum
1254 2871 1322 2924 ab
1341 2871 1522 2941 judice
1539 2874 1801 2943 diligitur,
1821 2887 1938 2931 lan-

364 2971 476 3014 tum
512 2963 710 3031 poterit
739 2962 882 3030 apud
911 2963 1086 3030 ipsum
1114 2981 1128 3016 :
1154 2963 1291 3016 adeo
1319 2974 1377 3018 ut
1399 2966 1543 3019 alius
1568 2967 1786 3034 quidem
1811 2972 1930 3038 plu-

359 3070 465 3118 res,
497 3056 631 3108 alius
669 3057 975 3123 pauciores,
1010 3055 1236 3123 quilibet
1262 3066 1441 3110 tamen
1490 3073 1520 3111 a
1550 3058 1659 3113 Deo
1704 3060 1934 3118 dilectus

356 3151 567 3218 aliquos
597 3147 899 3203 esontibus
947 3148 1184 3201 liberare
1239 3150 1432 3216 possit,
1483 3158 1637 3204 tanto
1700 3154 1935 3223 quisque

354 3238 594 3309 (opinOr)
628 3253 879 3301 numero,
904 3249 1167 3306 quantum
1216 3239 1446 3294 dilectus
1476 3253 1577 3296 est.
1609 3241 1718 3297 Hoc
1749 3248 1933 3316 sequi-

354 3340 445 3385 tur
466 3346 531 3385 ex
559 3330 626 3383 iis
645 3345 764 3398 qua:
787 3329 992 3382 dixisti.
1020 3329 1155 3383 Nam
1173 3330 1217 3383 si
1237 3340 1359 3385 tuus
1385 3334 1647 3403 propheta
1672 3352 1758 3401 eo,
1785 3338 1932 3407 quod

354 3439 386 3478 α
419 3424 527 3477 Deo
559 3420 708 3474 valle
731 3421 993 3492 diligitur,
1017 3422 1294 3475 inﬁnitum
1322 3438 1511 3478 eorum
1554 3427 1645 3495 qui
1691 3430 1932 3497 puniun-

356 3526 445 3570 tur
463 3528 750 3568 numerum
785 3513 1046 3577 servabit,
1073 3514 1252 3568 czetcri
1278 3530 1494 3585 quoque
1520 3520 1797 3588 prophetae
1816 3538 1941 3576 Olli-

353 3623 455 3663 nes
480 3607 619 3661 idem
656 3606 833 3660 facere
888 3616 1150 3674 possunt;
1187 3608 1370 3662 nullus
1403 3609 1547 3663 enim
1594 3628 1785 3668 eorum
1834 3626 1941 3684 est,

351 3717 513 3772 quem
540 3716 651 3755 non
674 3698 978 3769 ipsejudici
1008 3702 1253 3754 omnium
1280 3701 1560 3757 hominum
1590 3708 1827 3764 amicum
1848 3726 1940 3768 es-

350 3808 410 3849 se
439 3791 695 3847 allirmcs.

422 3886 491 3940 M
526 3921 541 3937 .
574 3884 761 3955 Igitur,
794 3884 838 3939 si
869 3898 993 3937 vera
1032 3884 1127 3938 tibi
1167 3883 1425 3955 iustaque
1484 3888 1668 3945 dicere
1721 3894 1930 3965 videor,

350 3994 473 4044 nec,
506 3986 564 4033 ut
596 3986 737 4033 certe
762 3976 898 4042 seio,
940 3978 1077 4032 meis
1117 3978 1278 4034 dictis
1320 3978 1586 4038 infensius
1619 3984 1931 4048 advel-suris

350 4075 483 4142 (non
522 4072 666 4127 enim
700 4087 911 4127 meeum
948 4081 1144 4141 praeter
1178 4088 1289 4126 rem
1340 4077 1668 4133 contendere
1726 4084 1878 4139 voles
1911 4100 1925 4138 :

350 4164 403 4217 id
432 4179 497 4217 ex
531 4163 715 4218 multis
746 4164 853 4218 tuis
888 4164 1236 4232 etpraeclaris
1290 4166 1587 4223 virtutibus
1624 4173 1926 4244 conjicio):

346 4256 477 4324 quid
507 4255 683 4309 facere
713 4271 819 4308 non
859 4263 1048 4323 posset
1082 4255 1295 4308 inﬁnita
1342 4257 1430 4309 illa
1458 4269 1768 4316 vestrorum
1800 4281 1926 4332 pro-

348 4348 636 4416 phetarum
666 4348 981 4409 multitudo,
1015 4363 1111 4415 pro
1139 4348 1204 4401 iis
1237 4348 1328 4416 qui
1364 4350 1664 4416 puniuntur
1693 4356 1927 4411 amicum

339 4440 579 4507 judicem
645 4438 995 4508 deprecans?
1039 4438 1169 4507 quid
1231 4455 1357 4503 non,
1420 4442 1733 4511 quicunque
1785 4448 1928 4501 autio

347 4546 454 4601 qua
487 4530 606 4599 lege
642 4530 1026 4587 servabuntur.
1082 4528 1127 4582 si
1165 4544 1289 4582 vera
1329 4539 1433 4594 est,
1492 4546 1585 4584 nec
1615 4536 1925 4604 subinanis,

346 4633 438 4677 tua
466 4621 691 4692 opinio?
733 4621 898 4682 Cedo,
927 4634 1134 4688 quaeso,
1190 4620 1280 4673 ubi
1348 4622 1639 4681 collocabis
1686 4627 1924 4698 Moysen,

347 4708 559 4767 tantum
613 4710 831 4765 virum?
880 4710 970 4763 ubi
1026 4708 1193 4763 David
1251 4712 1471 4781 regem?
1515 4714 1604 4769 ubi
1649 4734 1771 4771 cum
1834 4720 1927 4776 illo

344 4806 610 4873 reliquam
646 4818 861 4855 omnem
893 4803 1089 4857 seriem
1114 4803 1355 4870 generis,
1388 4821 1452 4859 ex
1480 4822 1584 4874 qua
1616 4814 1918 4867 secundum

345 4911 563 4952 carnem
598 4895 865 4951 Christus
902 4902 983 4947 est
1016 4895 1211 4949 natus?
1238 4895 1375 4949 Num
1413 4898 1563 4953 Solus
1594 4899 1931 4960 Moamrtlius

345 4993 533 5045 dolore
568 4991 773 5044 {racius
813 5004 911 5058 pro
965 4989 1031 5044 iis
1086 4990 1178 5058 qui
1225 4994 1525 5061 puniuntur
1588 4997 1930 5057 intercedet?

349 5087 398 5136 hi
440 5099 567 5137 vero
596 5082 791 5151 lapidei
827 5083 1238 5152 quodammodo
1292 5099 1474 5149 erunt,
1534 5092 1928 5162 suppliciisque

344 5175 568 5229 aﬂ'ectos
617 5174 868 5228 homines
893 5174 1100 5242 absque
1141 5174 1252 5226 ullo
1300 5176 1504 5231 doloris
1559 5196 1720 5235 sensu
1781 5184 1928 5251 aspi-

343 5268 539 5322 cient?
580 5282 758 5321 uonne
819 5266 1242 5335 pulcherrimum
1310 5269 1457 5323 illius
1517 5270 1742 5338 factum,
1776 5279 1919 5343 quod

345 5364 483 5418 bene
506 5363 852 5429 successerit,
885 5364 949 5416 ad
996 5363 1402 5417 miserationem
1438 5380 1532 5419 cos
1578 5369 1740 5419 etiam
1774 5385 1923 5423 com-

344 5455 618 5510 movebit?
663 5471 770 5510 non
806 5456 1178 5525 persuadebit,
1217 5457 1347 5511 utsi
1378 5457 1505 5526 quid
1560 5460 1791 5521 orarint.
1836 5462 1911 5517 rei

416 5590 494 5658 (Il
516 5591 739 5662 Supple,
775 5593 968 5662 ἐχρῆν.

418 5662 498 5729 (‘2)
524 5663 662 5716 Cod.
690 5662 857 5717 Coisl.
889 5664 1199 5716 Φατουσᾶν.

418 5731 494 5801 (5)
523 5729 617 5787 Hic
649 5732 702 5785 in
734 5732 899 5788 codd.
936 5733 1180 5788 miniatis
1234 5734 1431 5790 litteris
1464 5779 1470 5785 .
1504 5736 1767 5807 scriptum
1831 5750 1915 5795 est

2052 498 2298 566 Μωάμεθ
2332 500 2527 552 νεῐλετο
2589 502 2720 564 τοὺς
2781 505 3065 570 συγγενεῖς
3122 502 3154 572 ἢ
3207 500 3335 565 τοὺς
3371 501 3639 570 φοιτητὰς

2051 589 2220 643 αὐτοῦ
2252 593 2360 645 τῶν
2383 588 2571 646 δεινῶν
2601 593 2907 659 ἐξελέσθαι,
2936 594 3163 664 ἔμειναν
3200 594 3267 648 ἂν
3298 596 3347 646 οί
3372 594 3638 663 φοιτηταὶ

2050 680 2334 751 ἀπέραντα
2363 683 2724 753 κολαζόμενοι
2746 700 2759 713 ο
2792 684 2887 737 νῦν
2929 685 3007 750 δὲ,
3044 685 3261 754 χαίρειν
3306 684 3476 745 ἐάσας
3507 684 3639 746 τοὺς

2051 772 2199 841 αὐτῷ
2249 775 2666 843 προσήκοντας,
2694 777 2820 840 τοὺς
2862 777 2919 831 δέ
2965 776 3067 845 τῆς
3112 775 3286 844 αὐτῆς
3335 775 3640 844 θρησκείας

2050 864 2198 934 αὕτῴ
2231 867 2329 934 τῆς
2354 868 2641 937 σκοτεινῆς
2670 868 2869 936 φλογὸς
2895 869 3111 938 ἐκείνης
3144 866 3407 937 ἐθελήσας
3440 869 3639 935 ἐξαγα-

2048 960 2189 1025 γεῖν,
2222 959 2346 1013 οὐδὲ
2373 959 2505 1028 γοῦν
2525 959 2686 1015 τοῦτο
2716 962 3085 1030 κατέπραξεν.

2122 1142 2211 1212 ιγ’.
2248 1142 2393 1212 Πρὸς
2445 1145 2545 1213 μὲν
2596 1144 2703 1215 γὰρ
2754 1145 2881 1208 τοὺς
2925 1145 3085 1209 ἐξέϐη
3148 1148 3327 1214 τούτῳ
3360 1146 3423 1199 τὸ
3462 1145 3640 1216 πέρας

2049 1242 2190 1292 κατὰ
2223 1239 2319 1308 τὴν
2352 1238 2615 1309 πρόθεσιν
2642 1254 2657 1270 ·
2693 1240 2743 1291 oi
2767 1239 2813 1291 δ’
2842 1238 3318 1307 ἐναπελείφθησαν
3363 1240 3442 1310 τῷ
3469 1242 3641 1311 βαρά-

2050 1332 2163 1400 θρῳ
2186 1370 2200 1393 ,
2242 1332 2433 1384 τούτου
2466 1332 2677 1393 πάντας
2705 1331 3060 1400 βουληθέντος
3095 1329 3377 1393 ἐξελέσθαι
3409 1332 3507 1401 τῆς
3540 1333 3640 1386 τά-

2050 1438 2210 1489 φρου.
2243 1422 2304 1473 Ei
2338 1421 2395 1473 δὲ
2426 1420 2564 1473 κατὰ
2591 1419 2819 1487 γνώμην
2848 1418 3040 1473 τούτου
3077 1421 3269 1488 γέγονε
3300 1420 3499 1485 ταῦτα,
3528 1422 3637 1474 τίνι

2048 1515 2233 1585 δικαία
2291 1514 2484 1582 γέγονε
2544 1514 2755 1582 ψήφῳς
2809 1513 3017 1573 Πάντες
3059 1512 3167 1581 γὰρ
3203 1513 3421 1582 καὶτῆς
3460 1513 3635 1580 αὐτῆς

2050 1607 2346 1678 θρησκείας
2381 1607 2535 1669 ὄντες
2566 1606 2888 1675 ἐτύγχανον,
2914 1606 3009 1658 καὶ
3040 1605 3100 1658 ού
3140 1604 3377 1675 φορητόν
3407 1621 3461 1659 τι
3496 1604 3639 1674 πλῆ-

2051 1700 2139 1761 θος
2168 1701 2458 1770 ἁμαρτιῶν
2503 1700 2781 1768 φέροντες.
2820 1698 2889 1753 Ἦ
2923 1698 3055 1766 γοῦν
3085 1698 3211 1760 τοὺς
3256 1697 3470 1759 πάντας
3512 1698 3638 1748 ἀνε-

1974 1758 2016 1811 B
2046 1758 2236 1845 λέςὲοαί
2266 1758 2432 1861 ὲάρῆν
2465 1758 2553 1844 διὰ
2576 1758 2681 1861 τὴν
2730 1758 2992 1860 πίστιν,ἰῆ
3022 1789 3150 1852 τοὺς
3180 1758 3428 1853 άπαντας
3456 1758 3633 1843 ἐᾶσαι

2044 1883 2371 1947 κολάξεσθαι
2431 1882 2520 1936 διὰ
2567 1883 2629 1936 τὸ
2655 1882 2765 1935 τῶν
2795 1882 3086 1952 ἁμαρτιῶν
3129 1881 3382 1951 μέγεθος.
3418 1882 3532 1934 Νῦν
3573 1880 3634 1935 δὲ

2042 1979 2156 2039 τοῖς
2192 1976 2328 2037 ἴσοις
2359 1975 2714 2044 ἐνεχομένους
2744 1975 2804 2027 οὐ
2829 1976 2944 2036 τοῖς
2960 1975 3144 2037 αὐτοῖς
3168 1973 3557 2043 ἀμειϐόμενος,
3591 1973 3628 2044 ἢ

2040 2052 2283 2127 τουτοισί
2310 2068 2696 2137 χαριζόμενος,
2722 2066 2756 2136 ἢ
2785 2066 3032 2128 ἐκείνους
3062 2067 3265 2121 ἀδικῶν
3291 2065 3569 2135 φαίνεται,
3592 2064 3629 2136 ἢ

2043 2160 2126 2227 (τό
2163 2175 2228 2226 γε
2258 2157 2462 2227 τρίτον)
2502 2157 2577 2228 μὴ
2610 2157 2885 2228 δυνηθεὶς,
2906 2157 3046 2228 ὅπερ
3084 2157 3361 2223 ἐϐούλετο,
3397 2158 3626 2228 πρᾶξαι.

2042 2251 2237 2305 Καίτοι
2265 2268 2328 2317 γε
2359 2252 2455 2304 καὶ
2484 2250 2613 2321 τῇδε
2655 2250 2869 2310 πάντας
2918 2251 3091 2320 ἐχρῆν
3116 2251 3234 2317 ,τῶν
3257 2250 3448 2306 κακῶν
3472 2252 3629 2304 ἐλευ-

2042 2342 2376 2412 θερωθῆναι.
2407 2344 2513 2396 Τδν
2541 2344 2650 2412 γὰρ
2693 2342 2877 2413 Ἀλῆν,
2926 2344 3218 2414 προφήτην
3245 2360 3305 2397 τε
3343 2343 3437 2397 καὶ
3469 2344 3628 2414 φίλον

2039 2434 2172 2489 ὄντα
2205 2434 2367 2499 Θεοῦ,
2421 2434 2712 2497 πλείστους
2762 2435 2874 2489 τῶν
2921 2436 3116 2491 δεινῶν
3169 2438 3499 2509 άφαρπάσαι
3544 2438 3627 2510 (1)

2041 2528 2138 2580 καὶ
2180 2527 2281 2591 τῆς
2330 2526 2608 2598 μακαρίας
2640 2524 2812 2592 δεῖξαι
2847 2529 3106 2598 μετόχους
3141 2527 3310 2599 ζωῆς,
3359 2530 3453 2581 κα)⁵
3486 2530 3629 2599 πρός

2039 2634 2103 2686 γε
2137 2617 2215 2671 ἔτι
2256 2618 2356 2687 τὴν
2401 2619 2697 2687 Φατουμᾶν
2732 2618 2811 2687 (2)
2836 2617 3000 2672 τοῦτο
3043 2619 3246 2688 δρᾶσαι
3270 2661 3283 2682 ,
3339 2618 3625 2692 θυγατέρα

2043 2709 2140 2776 μὲν
2169 2708 2337 2761 οὖσαν
2370 2708 2463 2761 τοῦ
2497 2708 2593 2762 σοῦ
2616 2711 2929 2778 προφήτου,
2950 2709 3181 2773 πολλοὺς
3208 2711 3263 2764 δὲ
3295 2710 3460 2766 πάλιν
3491 2729 3630 2785 προ-

2039 2802 2213 2871 φήτας
2246 2800 2498 2869 φύσασαν
2527 2802 2591 2854 ἐκ
2633 2800 2728 2854 τοῦ
2763 2800 3002 2869 συζύγου
3037 2802 3243 2874 ταύτης
3266 2804 3420 2874 Ἀλῆ.
3448 2805 3624 2859 Ἐκα-

2039 2907 2163 2953 στος
2210 2892 2317 2962 γὰρ
2349 2890 2475 2945 καθ’
2508 2892 2632 2944 ὅσον
2657 2891 2980 2963 φιλούμενός
3012 2895 3132 2948 ἐστι
3162 2897 3239 2965 τῷ
3265 2900 3453 2967 κριτῇ,
3480 2899 3627 2953 κατὰ

2038 2983 2291 3036 τοσοῦτον
2316 2983 2610 3053 δυνήσεται
2647 2985 2776 3054 παρ’
2810 2986 2959 3056 αὐτῷ
2983 3002 2998 3019 ο
3033 2986 3166 3041 ὥσθ’
3193 2990 3222 3041 ό
3250 2989 3351 3059 μὲν
3373 2991 3619 3057 πλείους,

2037 3073 2064 3125 ὁ
2109 3073 2165 3126 δὲ
2220 3075 2498 3140 ἐλάττους,
2535 3078 2646 3139 πᾶς
2690 3093 2774 3140 τις
2803 3077 2860 3131 δὲ
2895 3078 3046 3149 ὅμως
3081 3078 3377 3149 δυνήσεται
3404 3083 3512 3137 τῶν
3544 3083 3625 3156 τῷ

2040 3164 2160 3234 Θεῷ
2187 3165 2531 3236 φιλουμένων
2556 3169 2713 3229 τινὰς
2752 3170 2862 3224 τῶν
2908 3170 3185 3227 ὑποδίκων
3223 3174 3618 3246 ἐλευθερῶσαι,

2042 3259 2141 3313 καὶ
2169 3260 2458 3323 τοσούτους
2478 3260 2714 3326 ἕκαστος
2736 3261 2961 3335 (οἶμαι),
2987 3266 3218 3321 καθόσον
3238 3270 3355 3324 ἐστὶ
3373 3272 3619 3343 φιλητός.

2041 3353 2214 3407 Τοῦτο
2251 3354 2307 3408 δέ
2336 3355 2446 3408 ἀπὸ
2468 3356 2564 3409 τοῦ
2600 3357 2694 3409 σοῦ
2728 3360 3167 3429 συμπεραίνεται
3196 3362 3379 3432 λόγου.
3407 3366 3471 3419 Εἰ
3508 3367 3622 3439 γὰρ

2043 3446 2122 3516 τῷ
2177 3447 2453 3516 φιλεῖσθαι
2499 3450 2761 3514 ἐπιεικῶς
2819 3452 3053 3522 ἀριθμὸν
3110 3454 3390 3525 ἀμύθητον
3451 3458 3618 3512 σώσει

2008 3598 2011 3605 ,
2048 3538 2437 3607 κολαζομένων
2474 3541 2500 3593 ὁ
2535 3540 2626 3603 σὸς
2662 3542 2975 3611 προφήτης,
3008 3543 3204 3597 ταυτὸν
3249 3545 3317 3598 ἂν
3356 3545 3620 3615 δράσαιεν

2043 3631 2133 3683 καὶ
2164 3631 2214 3684 oi
2246 3630 2397 3684 ἄλλοι
2433 3632 2638 3695 πάντες
2666 3633 2947 3704 προφῆται
2968 3648 2983 3664 ο
3018 3634 3192 3695 οὐδεὶς
3216 3634 3326 3706 γὰρ
3346 3636 3618 3709 δήπουθεν

2040 3720 2269 3785 τούτων,
2294 3722 2353 3775 ὃν
2379 3725 2482 3777 οὐκ
2508 3723 2575 3777 ἂν
2605 3724 2767 3788 αὐτὸς
2798 3724 3001 3793 φήσαις
3032 3726 3186 3795 φίλον
3218 3723 3361 3782 εἶναι
3392 3729 3470 3800 τῷ
3499 3747 3617 3801 κρι-

2036 3817 2107 3887 τῇ
2160 3814 2270 3868 τῶν
2308 3817 2526 3869 πάντων
2562 3814 2890 3886 ἀνθρώπων.

2112 3909 2197 3962 ιδ’.
2262 3908 2327 3962 Et
2379 3908 2557 3961 τοίνυν
2614 3924 2699 3960 σοι
2748 3907 3014 3980 δοκοῦμεν
3068 3911 3249 3982 ἀληθῆ
3294 3915 3387 3969 καὶ
3427 3916 3616 3971 δίκαια

2036 4000 2240 4066 λέγειν,
2279 3999 2375 4052 καὶ
2406 3999 2507 4050 οὐκ
2539 3998 2882 4061 ἁντιτείνεις,
2914 3998 2976 4053 εὖ
3001 3996 3119 4054 οἶδα
3147 4002 3289 4072 (ούδέ
3318 4005 3428 4075 γὰρ
3455 4008 3616 4061 ἀκαί-

2037 4109 2148 4162 ρως
2195 4091 2466 4163 καταδέξῃ
2539 4090 2905 4160 φιλονεικείνο
2981 4094 3201 4157 πολλοῖς
3277 4103 3392 4161 σοῖς
3451 4101 3612 4156 τούτο

2033 4181 2429 4252 τεκμαίρομαι)
2456 4197 2471 4213 ο
2499 4182 2550 4234 τί
2582 4183 2684 4236 οὐκ
2716 4183 2781 4237 ἂν
2818 4186 3098 4254 ίσχύσαιεν
3155 4187 3360 4257 πρᾶξαι
3394 4193 3450 4245 αί
3496 4193 3607 4244 τῶν

2037 4274 2323 4342 ὑμετέρων
2354 4274 2646 4343 προφητῶν
2679 4277 2936 4345 μυριάδες
2963 4278 3064 4347 (3),
3091 4278 3232 4351 ὑπὲρ
3257 4282 3365 4336 τῶν
3385 4285 3610 4349 κολαζο-

2040 4365 2218 4429 μένων
2261 4365 2353 4418 τὸν
2405 4366 2560 4433 φίλον
2622 4370 2818 4439 κριτὴν
2876 4374 3346 4442 παραιτούμενοι;
3388 4378 3447 4430 ού
3504 4380 3612 4451 μὴν

2034 4454 2172 4507 ἀλλά
2224 4459 2320 4511 καὶ
2363 4458 2565 4520 πάντες
2602 4460 2653 4512 οἳ
2683 4461 2740 4512 ἐν
2765 4460 2845 4530 τῷ
2873 4461 3019 4531 νόμῳ
3052 4464 3413 4536 σωθήσονται,
3448 4472 3610 4543 είπερ

2035 4546 2066 4614 ἡ
2098 4545 2224 4611 δόξα
2256 4564 2350 4599 σου
2385 4547 2593 4619 ἀληθὴς
2660 4550 2755 4601 καὶ
2809 4551 2871 4602 οὐ
2905 4552 3113 4623 ψευδής
3159 4574 3263 4620 τις,
3292 4555 3427 4613 οὖσα
3474 4579 3607 4631 τυγ-

2031 4640 2227 4706 χάνεις
2264 4640 2509 4711 Ποῦγὰρ
2540 4642 2749 4710 θήσεις,
2780 4644 2903 4696 είπέ
2940 4662 3052 4713 μοι,
3101 4650 3195 4700 καὶ
3230 4651 3475 4722 Μωῦοῆν
3517 4658 3609 4708 τὸν

2029 4730 2320 4795 τοσοῦτονς
2354 4734 2450 4786 καὶ
2477 4733 2641 4785 Δα6“ιδ
2670 4736 2758 4786 τὶν
2788 4736 3015 4804 βασιλέα
3039 4753 3054 4801 ;
3082 4738 3176 4791 καὶ
3210 4742 3309 4793 σὺν
3333 4745 3482 4815 αὑτῷ
3508 4747 3606 4815 τὴν

2028 4822 2195 4893 ἄλλην
2247 4826 2427 4879 πᾶσαν
2484 4827 2672 4896 σειρὰν
2728 4827 2822 4879 τοῦ
2872 4829 3086 4895 γένους,
3117 4831 3177 4894 ἐξ
3233 4827 3299 4903 ἧς
3354 4836 3416 4888 τὸ
3466 4841 3609 4893 κατὰ

2028 4915 2208 4984 σάρκα
2244 4918 2476 4985 Χριστός
2499 4935 2511 4976 ;
2535 4914 2609 4971 Ἦ
2631 4922 2658 4971 ὁ
2681 4919 2779 4988 μὲν
2806 4921 3050 4989 Μωάμεθ
3080 4923 3221 4992 ὑπὲρ
3246 4927 3355 4979 τῶν
3383 4928 3609 4995 κολαζο-

2032 5004 2207 5072 μένων
2264 5006 2537 5075 καμφθε“ις
2594 5011 3038 5079 παραιτήσεται,
3107 5012 3254 5066 οὗτοι
3303 5016 3361 5068 ἑὲ
3413 5019 3607 5074 λίθινοί

2024 5112 2170 5159 τινες
2226 5096 2461 5163 ἔσονται,
2512 5100 2778 5169 ἀναλγητὶ
2828 5106 2953 5173 τοὺς
3007 5106 3065 5158 ἐν
3111 5110 3176 5172 τῇ
3212 5107 3433 5162 κολάσει
3468 5114 3607 5167 θεώ-

2028 5204 2209 5282 μενοι;
2252 5194 2346 5244 καὶ
2418 5194 2540 5247 οὐδὲ
2586 5198 2647 5249 τὸ
2695 5201 2911 5252 ἐκείνου
2970 5206 3303 5279 κατόρθωμα
3363 5213 3601 5282 ἐρεθίτει

2029 5280 2219 5333 τούσδε
2258 5283 2389 5351 πρὸς
2418 5285 2605 5350 ἔλεον,
2643 5290 2762 5344 οὐδὲ
2798 5293 2979 5347 πείσει
3023 5299 3243 5363 πάντως
3272 5303 3496 5375 θαρρεῖν
3530 5306 3607 5370 ὡς

2030 5374 2127 5442 οὐχ
2162 5374 2547 5447 ἁμαρτήσουσι
2590 5380 2911 5451 δεησόμενοι
2940 5403 2953 5451 ;
3004 5390 3143 5442 Ἀλλ’
3174 5394 3275 5445 οὐκ
3304 5396 3371 5446 ἂν
3407 5397 3603 5459 εἴποις.

2023 5463 2151 5516 ὅταν
2173 5482 2236 5533 γε
2289 5468 2396 5537 μὴν
2445 5470 2581 5539 πρὸς
2616 5474 2729 5534 τοῖς
2770 5474 2955 5539 ἄλλοις
3008 5480 3181 5535 ἅπασι
3239 5484 3605 5553 πρεσϐευταῖς

2028 5601 2279 5687 anloram
2317 5607 2714 5687 :‘quslmsav
2750 5616 3086 5687 οἱΫΤοῦρκοι
3144 5621 3396 5687 λέγουσιν
3457 5622 3601 5684 εἶναι

2028 5676 2152 5755 τοὺς
2187 5676 2474 5746 προφήτας
2508 5683 2688 5755 αύτὼν
2734 5686 2872 5752 ρμδ’.
2920 5676 2974 5740 id
3002 5701 3122 5741 est:
3157 5676 3301 5746 Nota
3339 5676 3360 5747 :7
3418 5676 3602 5755 τὶιῖεἶὲ

2024 5748 2232 5813 dicm”,
2264 5763 2386 5799 θυοδ
2420 5754 2705 5820 prophetas
2733 5748 2953 5810 numero
2979 5773 3091 5812 esse
3118 5760 3370 5820 CXLIV.
3530 5748 3596 5755 Ἦ
3634 5762 3643 5769 “
