4048 6224
262 347 359 412 l65

1229 315 1620 409 DIALOGUS
1658 345 1716 405 II
1755 343 1920 406 CUM
1953 339 2521 405 MOIIAMETANO.

3437 344 3538 412 16‘3

262 461 396 522 (τοῖς
429 458 727 529 ἡμετέροις
759 457 950 528 λέγω),
968 461 1064 514 καὶ
1089 456 1185 529 τὴν
1209 459 1304 513 τοῦ
1331 460 1588 532 Σωτῆρος
1627 462 1846 532 μητέρα

1961 462 2234 522 compotes
2267 453 2383 508 fore
2407 468 2466 507 se
2517 466 2734 522 quoque
2793 453 3112 511 confidant?
3158 455 3266 512 Sed
3304 458 3408 516 hoc
3442 475 3538 516 ne-

258 548 607 620 ὲνθυμηθῇς,
652 549 993 620 συγγνώμην
1027 568 1092 619 γε
1129 549 1531 620 ἐξαιτουμένην
1563 552 1706 622 ὑπὲρ
1735 553 1846 605 τῶν

259 645 338 705 τίς
385 643 618 710 γέενναν
650 643 1070 712 ἐμϐληθέντων·
1113 643 1236 714 ἥτις
1285 643 1350 712 δὴ
1391 642 1578 713 μήτηρ
1627 641 1845 713 ἀπόχρη

258 734 352 786 καὶ
386 733 527 804 μόνη
565 734 629 787 τὺ
661 735 770 787 πᾶν
809 733 1182 804 ἐργάσασθαι,
1221 733 1381 802 εἴπερ
1408 733 1556 797 είκὸς
1587 729 1654 806 ἦν
1687 733 1849 787 τοῦτο

257 825 539 892 γενέσθαι.
562 825 628 879 Τί
652 825 719 879 ἂν
737 827 936 891 είποις;
968 821 1004 896 ἦ
1030 825 1216 895 δῆλον,
1248 825 1324 888 ὡς
1361 824 1541 886 οὐδεὶς
1565 825 1676 877 τῶν
1705 824 1847 893 φαύ-

257 917 364 967 λων
399 914 713 985 ἀνθρώπων
761 915 923 986 δίκην
969 915 1176 969 τίσειεν
1204 915 1296 983 ἂν,
1325 914 1444 969 ἀλλ’
1474 914 1716 979 ἀπαντες
1748 916 1848 986 μὲν

261 1008 588 1079 ἀνδροφόνοι
632 1008 731 1061 καὶ
774 1009 1024 1077 μέθυσοι,
1057 1008 1300 1071 ἅπαντες
1354 1008 1400 1062 δ’
1445 1008 1719 1080 ἅρπαγες,
1751 1011 1849 1064 καὶ

261 1101 578 1164 ἀκόλαστοι,
611 1102 711 1156 καὶ
743 1100 1074 1168 λωποδύται,
1098 1102 1194 1156 καὶ
1226 1101 1521 1173 ἱερόσυλοι,
1559 1105 1656 1157 καὶ
1692 1105 1719 1156 ὀ
1740 1103 1848 1155 τῶν

259 1194 524 1248 τοιούτων
552 1195 729 1264 ἑσμὸς
749 1195 860 1248 τῶν
906 1195 1146 1249 αἰωνίων
1184 1195 1410 1263 ἀγαθῶν
1443 1197 1846 1264 ἀπολαύσουσι;

257 1286 332 1339 Τδ
367 1285 480 1354 γὰρ
516 1285 720 1354 ἑτέρως
746 1287 969 1357 φρονεῖν
1001 1286 1267 1350 ἐπιεικῶς
1295 1285 1666 1357 ἀνάρμοστον.
1690 1291 1848 1341 Δυοῖν

258 1377 310 1430 δὲ
369 1377 626 1446 θάτερον,
681 1377 794 1445 φίλ’
846 1378 1068 1446 ἑταῖρε,
1120 1377 1303 1446 λέγειν
1373 1379 1628 1448 ἀνάγκη·
1689 1378 1722 1449 ἢ
1780 1381 1849 1433 τά

257 1467 444 1521 δίκαια
478 1467 780 1537 τηροῦντος
807 1467 901 1521 τοῦ
930 1468 1146 1538 κριτοῦ,
1169 1469 1373 1540 μηδένα
1393 1468 1504 1522 τῶν
1527 1470 1608 1532 είς
1629 1469 1852 1522 κόλασιν

258 1560 654 1630 ἐμϐληθέντων
684 1560 897 1614 ἐκεῖθεν
927 1561 1171 1627 ἐξελθεῖν
1204 1564 1268 1633 τῇ
1300 1561 1395 1615 τοῦ
1419 1563 1669 1632 Μωάμεθ
1698 1562 1852 1634 φιλία

258 1655 337 1720 (τὸ
365 1653 481 1721 γὰρ
513 1652 789 1723 ὑμέτερον
811 1652 960 1721 λέγω
990 1653 1190 1722 δόγμα)
1215 1669 1229 1683 ·
1268 1653 1300 1724 ἢ
1344 1654 1437 1707 καὶ¹
1472 1654 1612 1722 πρὸς
1643 1655 1850 1718 πάντας

258 1746 538 1808 τοὺςὲκεῖ
564 1746 699 1808 ἴσως
725 1745 938 1798 ικεῖνον
966 1745 1303 1815 διατεθῆναι,
1340 1745 1436 1798 καὶ
1484 1745 1846 1814 μηδοντινοῦν

1949 561 2228 615 quaquam
2268 543 2497 610 dixeris,
2533 545 2831 600 dummodo
2901 557 3100 614 praeter
3141 563 3334 606 omnes
3379 563 3540 608 caete-

1952 653 2046 694 ros
2106 638 2494 706 deprecatores
2557 640 2800 703 (nostros
2827 638 2972 709 dico)
3029 640 3082 694 in
3155 650 3389 699 mentem
3441 644 3538 701 tibi

1951 733 2136 786 veniat
2159 731 2471 788 Servatoris
2493 732 2667 802 ipsius
2687 742 2878 798 mater,
2895 749 2993 804 pro
3009 734 3236 804 dejectis
3261 738 3312 790 in
3333 739 3536 807 gehen-

1953 839 2081 878 nam
2115 825 2432 894 supplicans
2461 842 2474 878 :
2509 812 2633 894 qua:
2671 825 2892 895 quidem
2927 836 3099 880 mater
3135 829 3248 882 sola
3281 831 3405 884 huic
3438 832 3539 886 toti

1952 919 2172 988 negotio
2214 918 2578 982 conﬁciendo,
2611 919 2657 972 si
2711 917 2931 987 quidem
2967 919 3079 972 ullo
3107 924 3334 975 omnino
3371 925 3538 978 modo

1953 1010 2069 1063 fieri
2100 1019 2305 1078 posset,
2337 1024 2564 1079 prorsus
2596 1009 2888 1065 suﬂicerct.
2911 1007 3028 1064 Jam
3055 1027 3183 1066 vero
3205 1013 3335 1081 quid
3370 1014 3545 1070 ilicis?

1952 1115 2139 1156 nonne
2186 1101 2362 1168 palam
2417 1109 2522 1166 est,
2575 1101 2950 1168 improborum
2990 1103 3270 1157 hominum
3309 1105 3388 1160 sic
3446 1123 3544 1161 ne-

1953 1191 2155 1244 minem
2179 1205 2303 1245 csse
2335 1205 2523 1256 pcenas
2555 1193 2832 1256 daturmn,
2862 1192 2954 1246 sed
2989 1192 3294 1248 homicidas
3329 1209 3541 1260 omnes,

1955 1282 2229 1344 ebriosbs,
2263 1292 2530 1350 raptores,
2562 1281 2902 1348 libidinosas,
2955 1295 3318 1352 grassatores,
3370 1287 3547 1340 sacri—

1955 1371 2126 1439 legos,
2188 1379 2477 1437 totumque.
2537 1369 2848 1440 ltujusmodi
2899 1387 3116 1442 gregem
3195 1377 3546 1444 sempiternis

1955 1463 2116 1518 bonis
2143 1477 2265 1518 esse
2302 1461 2610 1516 fruituros?
2658 1460 2938 1532 Siquidem
2986 1465 3146 1520 aliter
3179 1469 3383 1522 sentire
3434 1485 3544 1525 non

1952 1565 2126 1625 potes.
2163 1554 2402 1610 Necesse
2433 1563 2515 1609 est
2542 1554 2712 1618 enim,
2739 1556 3056 1612 dulcissime
3085 1559 3280 1625 amice,
3314 1569 3371 1613 ut
3401 1561 3544 1614 alte-

1955 1662 2075 1700 rum
2106 1645 2256 1700 dicas
2281 1645 2346 1700 de
2367 1644 2621 1699 duobus:
2669 1654 2786 1710 aut,
2829 1645 3014 1713 judice
3056 1651 3370 1718 aequitatem
3426 1667 3546 1706 ser-

1956 1749 2138 1804 vante,
2189 1740 2465 1792 neminem
2500 1754 2566 1792 ex
2618 1738 2872 1809 illis,qui
2934 1742 2986 1795 in
3032 1743 3208 1810 pcenis
3261 1744 3541 1806 haeserint,

260 1837 620 1910 κολασθῆναι.
641 1837 827 1910 Ταύτῃ
843 1838 954 1909 γὰρ
970 1833 1114 1908 ἆνῆν
1134 1839 1456 1908 περισώζων
1475 1839 1570 1892 καὶ⁹
1587 1837 1648 1890 τὸ
1666 1838 1856 1908 φιλάν-

1962 1841 2187 1902 propter
2227 1829 2521 1886 Moamethi
2543 1831 2840 1886 amicitiam
2872 1833 3237 1889 indeliberari
3272 1837 3539 1903 (vestrum

259 1930 480 2001 θρωπον
498 1929 688 1994 αὐτοῦ,
707 1931 800 1982 καὶ
816 1929 878 1982 τὸ
890 1931 1024 2001 πρὸς
1044 1931 1142 2000 τὴν
1159 1929 1356 1983 ἑαυτοῦ
1378 1931 1592 2001 μητέρα
1607 1931 1702 1984 καὶ
1721 1931 1852 1985 πάν-

257 2037 358 2082 τας
389 2020 600 2073 δίκαιον
616 2020 812 2083 ’ἄλλως
836 2020 882 2072 δ’
903 2019 969 2074 ἂν
998 2027 1218 2083 πάντως
1249 2020 1486 2090 χωλεῦον
1502 2017 1569 2090 ἦν
1586 2037 1689 2073 που
1709 2021 1851 2074 κατά

258 2131 314 2166 τι
345 2112 382 2180 ἦ
418 2113 481 2165 τὸ
501 2111 886 2183 φιλάνθρωπον
904 2112 1090 2177 αὐτοῦ,
1114 2113 1146 2183 ἢ
1174 2115 1232 2166 τδ
1259 2112 1488 2176 δίκαιον,
1512 2112 1544 2182 ἦ
1570 2113 1663 2166 καὶ
1690 2112 1850 2167 πάνθ’

258 2204 426 2273 ὁμοῦ,
463 2206 621 2275 φασὶ,
653 2208 946 2276 χρήματα·
998 2206 1304 2275 καθαπερεὶ
1348 2205 1458 2277 γάρ
1491 2205 1726 2276 φύρεται
1754 2207 1850 2259 καὶ

262 2298 551 2366 συγχεῖται
603 2298 673 2352 τά
709 2297 804 2350 τοῦ
842 2296 980 2350 Θεοῦ
1012 2298 1321 2367 πράγματα
1351 2299 1429 2368 τῷ
1465 2300 1851 2369 προειρημένῳ

263 2404 349 2440 σοι
379 2387 550 2456 λόγῳ.
579 2387 643 2440 El
674 2387 784 2456 γὰρ
829 2385 982 2439 οὐδὲν
1022 2387 1131 2439 τῶν
1159 2385 1385 2454 ἀγαθῶν
1419 2388 1467 2440 οί
1509 2387 1704 2456 φαῦλοι
1741 2388 1852 2457 χεί-

265 2494 391 2545 ρους
416 2477 722 2545 ἐφαίνοντο,
756 2477 986 2547 μάταιον
1020 2477 1120 2548 μὲν
1152 2478 1213 2530 τὸ
1243 2476 1472 2547 φεύγειν
1496 2477 1648 2547 ἥττω
1674 2478 1850 2547 φανῆ-

260 2586 353 2623 ναι
374 2571 485 2624 τῶν
516 2571 746 2640 ἡδονῶν,
775 2571 1007 2642 μάταιον
1033 2571 1090 2626 δὲ
1113 2572 1174 2624 τδ
1201 2571 1331 2640 περὶ
1376 2569 1650 2623 πλείστουί
1677 2573 1853 2624 ποιεῖ-

261 2661 393 2714 σθαι
439 2663 681 2728 κρείττω
722 2662 980 2730 γενέσθαι
1027 2661 1224 2732 θυμοῦ,
1256 2660 1414 2714 κενὸν
1441 2661 1498 2714 δὲ
1529 2661 1637 2731 ἀρα
1667 2664 1761 2716 καὶ
1791 2663 1852 2716 τὺ

257 2755 376 2805 τῶν
408 2752 714 2824 ἀλλοτρίων
737 2753 1064 2824 ἀπέχεσθαι.
1097 2754 1315 2810 Τούτων
1338 2756 1394 2808 δὲ
1429 2753 1852 2824 οὖτωςὲχόντων

258 2846 548 2917 παρέλκον
579 2847 645 2900 ἂν
673 2848 888 2914 γένοιτο
907 2850 1002 2902 καὶ
1023 2848 1083 2900 τὸ
1101 2848 1193 2902 τὸν
1214 2847 1450 2918 Χριστὸν
1478 2848 1757 2900 κατελθεῖν
1787 2848 1850 2898 ἐκ

257 2939 378 2990 τῶν
410 2939 682 3008 οὐρανῶν,
709 2941 1112 3014 κρίναιηπᾶσαν
1149 2940 1250 3010 τὴν
1280 2940 1407 3009 γῆν,
1444 2939 1593 3000 ὅπως
1637 2937 1853 2991 δικαίαν

257 3031 507 3103 ἀμοιϐὴν
538 3033 650 3085 τῶν
678 3035 1088 3103 πεπραγμένων
1113 3033 1346 3095 ἕκαστος
1376 3033 1557 3086 λάϐοι.
1587 3032 1757 3085 Πόθεν
1786 3031 1854 3085 ἂν

255 3123 364 3177 οὖν
417 3119 723 3192 δίκαιον,ῶ
781 3127 976 3194 ἀγαθὲ,
1023 3125 1149 3180 νοῦν
1182 3126 1356 3196 ἔχοντ’
1397 3125 1565 3195 ἄνδρα
1625 3125 1852 3179 τοιαῦτα

256 3217 487 3285 λέγεινς

1957 1924 2152 1995 dogma
2181 1923 2384 1992 refero)
2417 1941 2432 1978 :
2465 1933 2559 1978 aut
2610 1940 2738 1995 erga
2771 1939 2982 1990 onmcs,
3054 1927 3147 1994 qui
3181 1925 3256 1980 ibi
3317 1925 3541 1993 fuerint,

1956 2017 2236 2085 mqualiter
2265 2032 2388 2070 eum
2420 2015 2676 2072 allectum
2735 2033 2877 2084 esse,
2949 2033 3050 2074 nec
3096 2019 3264 2072 ullum
3316 2021 3544 2076 omnino

1959 2125 2150 2179 poenas
2169 2111 2319 2165 dare.
2343 2111 2458 2176 Qua
2480 2127 2538 2166 re
2553 2119 2608 2165 et
2629 2127 2784 2166 suam
2806 2112 2972 2182 judex
2988 2127 3116 2183 erga
3139 2112 3544 2169 lmminesami-

1958 2203 2166 2268 citiatn,
2187 2212 2240 2257 et
2274 2219 2400 2274 erga
2433 2205 2708 2273 propriam
2745 2213 2970 2260 matrem
2999 2217 3342 2276 cunctosque
3368 2207 3535 2274 justi-

1960 2295 2086 2350 tiam
2128 2304 2418 2352 tueretur:
2480 2297 2723 2374 alioquin
2787 2298 2870 2352 vel
2921 2298 3234 2355 humanitas
3293 2301 3414 2370 ejus
3460 2303 3543 2355 vel

1953 2387 2168 2458 justitia
2199 2403 2264 2443 ex
2297 2389 2480 2460 aliqua
2524 2399 2678 2461 parte
2705 2390 3060 2455 claudicaret,
3117 2394 3202 2448 vel
3257 2394 3436 2448 omnia
3470 2395 3547 2448 si-

1961 2480 2098 2545 mul,
2136 2488 2194 2534 ut
2233 2482 2389 2536 aiunt
2417 2501 2430 2536 :
2465 2497 2590 2537 nam
2619 2483 2710 2548 iis,
2735 2497 2858 2554 qua
2888 2483 3050 2538 modo
3085 2484 3292 2549 dixisti,
3315 2485 3546 2540 confun-

1960 2572 2105 2626 ditur
2132 2575 2289 2643 quasi
2319 2584 2372 2629 et
2399 2575 2751 2644 perturbatur
2782 2585 2893 2632 tota
2946 2578 3014 2632 de
3068 2577 3178 2633 Deo
3227 2579 3546 2648 disputatio.

1960 2664 2174 2718 Etenim
2205 2665 2252 2721 si
2307 2666 2685 2738 improborum
2728 2671 2876 2724 nulla
2901 2685 2962 2724 re
3019 2670 3262 2726 deterior
3322 2686 3444 2728 esse
3471 2672 3549 2724 vi-

1959 2755 2180 2810 dcretur
2217 2773 2383 2826 quam
2415 2759 2714 2828 proborum
2738 2761 3001 2828 couditio,
3029 2761 3208 2831 inepte
3231 2778 3366 2818 sane
3395 2763 3545 2819 face-

1960 2858 2064 2913 ret,
2092 2848 2185 2916 qui
2215 2849 2425 2918 fngeret
2452 2850 2745 2920 voluptatis
2783 2851 3112 2906 invidiosum
3155 2868 3376 2917 nomen,
3421 2855 3541 2908 inc—

1960 2925 2049 3009 pte
2075 2940 2168 3010 qui
2201 2939 2381 3009 magni
2413 2938 2618 2995 faceret
2658 2941 2995 2996 iracundiam
3017 2943 3294 3005 cohibere,
3315 2943 3550 2999 ridicule

1960 3031 2052 3100 qui
2087 3032 2281 3085 aiienis
2307 3033 2626 3087 abstineret.
2650 3031 2795 3099 Quin
2825 3032 2872 3087 si
2903 3034 3018 3088 h:cc
3060 3033 3134 3087 ita
3197 3045 3404 3100 essent,
3455 3050 3552 3090 su-

1962 3139 2296 3195 pervacanea
2325 3123 2511 3179 hercle
2543 3125 2685 3180 foret
2726 3125 2929 3180 Christi
2959 3139 2988 3180 e
3032 3125 3186 3181 ctelis
3233 3126 3549 3193 descensio,

1885 3190 1927 3247 ο
1963 3190 2021 3270 ut
2055 3230 2270 3302 omnem
2302 3226 2502 3270 terram
2539 3216 2766 3286 judicet,
2827 3216 3143 3288 singulique
3198 3233 3427 3272 suorum
3467 3219 3550 3272 fa-

265 3327 490 3370 ctorum
552 3315 1054 3371 remunerationem
1106 3315 1393 3385 accipiant.
1459 3315 1664 3385 Itaque,
1717 3315 1792 3369 mi
1824 3315 2242 3384 ,humanissime
2283 3314 2506 3386 hospes,
2563 3329 2814 3385 quasnam
2860 3324 3039 3387 potest
3083 3315 3311 3373 subesse
3363 3331 3550 3386 causa,

257 3424 326 3468 ut
369 3413 470 3477 vir,
497 3413 550 3467 in
581 3428 690 3484 quo
719 3423 804 3469 est
834 3429 1046 3469 summa
1078 3415 1241 3479 ratio,
1275 3412 1356 3468 sic
1384 3413 1688 3482 loquatur?

342 3507 429 3561 ιε’.
464 3505 738 3576 Βούλομαι
766 3507 820 3561 δέ
845 3525 898 3560 τι
933 3507 1030 3560 νῦν
1055 3508 1231 3560 εἰπεῖν
1265 3508 1362 3560 καὶ
1392 3507 1521 3576 περὶ
1559 3509 1658 3577 τῆς
1686 3507 1746 3559 ὲν
1775 3506 1854 3577 τῷ

261 3599 596 3674 παραδείσῳ
652 3599 886 3670 τρυφῆς,
916 3599 1011 3652 καὶ
1061 3602 1162 3671 τῆς
1208 3600 1267 3652 ἐν
1307 3599 1502 3670 ἐκείνῳ
1545 3598 1756 3668 διαίτης
1795 3617 1852 3652 τε

266 3693 377 3745 καὶ
431 3691 616 3756 ζωῆςο
673 3695 740 3764 ἣν
793 3692 859 3763 δὴ
904 3693 1058 3746 θείαν
1114 3693 1212 3762 μὲν
1256 3694 1352 3746 καὶ
1394 3693 1674 3764 μακαρίαν
1716 3688 1856 3746 εἷναί

260 3801 438 3855 φατε,
483 3781 564 3848 οἷς
615 3787 672 3839 δὲ
719 3783 874 3850 αὖθις
918 3785 1131 3855 λέγετε,
1181 3785 1372 3859 πόρῤω
1426 3805 1529 3840 που
1580 3787 1855 3857 θειότητος

260 3879 482 3948 ταύτην
533 3881 626 3932 καὶ
683 3881 1088 3952 μακαριότητος
1150 3883 1510 3950 ἀποφαίνετε.
1568 3882 1630 3934 Εί
1679 3882 1746 3936 σὺ
1799 3881 1854 3934 δὲ

265 3971 500 4041 βούλοιο
545 3974 762 4043 πρῶτον
808 3973 1280 4044 ἀπολογήσασθαι,
1320 3975 1445 4043 περὶ
1486 3967 1562 4028 ῶν
1596 3991 1688 4026 σου
1723 3991 1856 4027 ταυ-

265 4066 406 4136 τηνὶ
438 4065 538 4135 τὴν
567 4065 727 4130 δόξαν
757 4066 1152 4136 διεϐεϐλήκειν,
1186 4065 1418 4134 ἄσμενοί
1461 4085 1556 4120 σου
1607 4069 1858 4133 λέγοντος

265 4158 652 4227 ἀκουσόμεθα.
688 4159 798 4211 Καὶ
853 4158 912 4224 ὃς
952 4159 1098 4228 ἔφη·
1148 4159 1290 4211 Ἀλλ’
1346 4160 1448 4212 οὐκ
1505 4159 1750 4228 εὐχερῶς
1795 4160 1861 4212 ἂν

265 4251 459 4320 ἔχοιμι
483 4249 600 4313 νῦν,
629 4251 738 4304 οὗδ’
763 4251 828 4304 ἐκ
861 4250 955 4304 τοῦ
990 4252 1285 4322 προχείρου
1319 4269 1401 4304 σοι
1434 4251 1532 4323 τὴν
1564 4250 1862 4318 ἀπολογίαν

266 4343 503 4397 διδόναι.
534 4343 682 4413 Πλὴν
717 4342 862 4396 οῦτω
903 4345 1327 4414 παρειλήφαμέν
1373 4361 1434 4396 τε
1484 4347 1578 4396 καὶ
1612 4343 1859 4408 ἐδοξάζο-

274 4453 380 4504 μεν
403 4451 418 4465 ⁸
446 4435 516 4489 τά
545 4452 626 4488 σοι
655 4434 711 4487 δὲ
739 4434 832 4488 νῦν
856 4436 1126 4506 εἰρημένα
1149 4435 1294 4506 (οὐδὲ
1322 4435 1432 4504 γὰρ
1463 4435 1744 4507 ψεύσομαι
1771 4443 1858 4505 γε)

2034 3504 2120 3558 15.
2164 3502 2354 3558 Dicam
2383 3518 2530 3558 nunc
2556 3501 2622 3558 de
2651 3502 2886 3572 paradisi
2931 3501 3161 3574 deliciis,
3185 3506 3329 3561 etde
3363 3508 3550 3560 tradu-

1960 3595 2129 3648 cenda
2167 3595 2238 3648 ibi
2290 3594 2430 3648 vita:
2484 3609 2645 3664 quam
2701 3594 2943 3649 divinam
2994 3598 3210 3667 quidem
3235 3608 3286 3676 et
3337 3597 3548 3653 beatam

1960 3703 2082 3742 csse
2110 3687 2318 3748 dicitis,
2359 3688 2450 3742 sed
2489 3687 2834 3757 -vestrisipsi
2885 3690 3234 3746 sermonibus
3261 3706 3290 3744 a
3347 3691 3553 3745 divini-

1964 3790 2070 3834 tate
2104 3787 2158 3834 et
2218 3779 2478 3834 felicitate
2527 3779 2718 3848 procul
2776 3780 2968 3834 abesse
3021 3781 3430 3836 demonstratis.
3488 3781 3548 3836 Si

1965 3880 2143 3926 tamen
2173 3871 2317 3924 illam
2352 3882 2498 3925 tuam
2558 3872 2871 3941 opinionem
2905 3878 3029 3924 ante
3082 3871 3375 3927 defendere
3396 3872 3554 3926 volu—

1961 3965 2094 4028 eris,
2115 3975 2167 4018 et
2192 3980 2327 4036 quas
2359 3977 2546 4021 contra
2572 3965 2742 4033 objcci
2774 3963 3227 4032 reprehensiones
3247 3964 3550 4026 inﬁrmare.

1962 4059 2120 4114 valde
2140 4076 2260 4115 sum
2282 4059 2512 4128 cupidus
2533 4067 2584 4111 te
2615 4058 2666 4110 in
2697 4055 2970 4124 ejusmodi
2999 4055 3250 4108 oratione
3271 4054 3548 4107 audiendi.

1965 4154 2033 4206 At
2060 4152 2231 4215 enim,
2280 4150 2577 4220 respondit,
2636 4164 2769 4204 mea:
2819 4147 3092 4216 Opinionis
3156 4161 3301 4200 nunc
3371 4163 3548 4216 neque

1968 4241 2243 4312 perfacilis
2275 4249 2383 4304 est,
2424 4255 2603 4308 neque
2659 4241 2778 4294 sine
2840 4239 3302 4294 commentatione
3347 4241 3551 4310 suscipi

1970 4332 2424 4405 potestdefcnsio.
2478 4331 2587 4385 Nos
2609 4332 2689 4386 sic
2711 4347 2742 4385 a
2792 4331 3088 4402 majoribus
3111 4331 3440 4400 accepimus,
3473 4333 3555 4388 sic

1971 4425 2485 4493 credidimuszquzt:
2523 4435 2703 4479 tamen
2727 4433 2782 4478 tu
2812 4424 3020 4488 dixisti,
3066 4436 3227 4480 rectae
3292 4441 3356 4480 ca
3418 4425 3556 4479 rati-

272 4524 377 4577 τοῦ
407 4523 570 4594 όρθοῦ
617 4543 706 4594 μοι
741 4526 945 4594 μᾶλλον
971 4505 1215 4595 ίὲχόμενα
1255 4525 1418 4594 λόγου
1458 4525 1600 4596 ἥπερ
1632 4505 1700 4578 ea
1729 4525 1856 4596 ήμέ·

1972 4513 2060 4567 oni
2081 4505 2276 4582 ‘magis
2306 4524 2669 4570 consentanea
2691 4515 2946 4571 videntur
2975 4515 3126 4586 (vere
3144 4526 3319 4569 tecum
3350 4517 3554 4587 agam),

274 4633 418 4688 τερα
444 4617 722 4686 φαίνεται.
765 4618 973 4688 Καιρός
1023 4636 1105 4672 σοι
1159 4617 1341 4672 τοίνυν
1385 4617 1566 4686 λέγειν
1612 4619 1680 4671 τὰ
1723 4617 1864 4671 κατὰ

275 4706 412 4760 νοῦν
439 4711 567 4778 περὶ
604 4709 710 4778 τῆς
745 4709 930 4779 Ἐδέμ.
961 4711 1070 4762 Καὶ
1103 4710 1130 4762 ό
1174 4711 1326 4775 παῖς,
1359 4707 1545 4762 λαϐὼν
1592 4707 1866 4761 τοὺνδόσι-

281 4815 391 4867 μον
420 4799 568 4868 παρά
617 4799 712 4852 τοῦ
766 4801 992 4869 πατρὲς,
1025 4799 1228 4870 βοήσας
1274 4817 1328 4852 τι
1383 4797 1867 4869 βαρϐαρικώτερον

279 4892 382 4942 καὶ
434 4890 790 4963 θρασύτερον,
834 4891 976 4960 ἔφη·
1018 4892 1092 4944 Οὐ
1147 4890 1210 4943 σύ
1265 4908 1327 4958 γε
1377 4891 1591 4960 φθάσας
1635 4889 1868 4959 εἴρηκας

283 4985 429 5055 πρὶς
483 4985 652 5054 ἡμᾶς,
698 4985 789 5037 τὸν
841 4983 974 5035 Θεὸν
1025 4981 1092 5036 δι’
1140 4972 1457 5052 ἀγαωτητα
1507 4981 1678 5052 μόνην
1717 4981 1871 5048 δεδη-

285 5080 693 5149 μιουργηκέναι
741 5079 810 5131 τὰ
855 5078 1186 5147 σύμπαντα;
1227 5075 1342 5130 Νῦν
1383 5075 1426 5128 δ’
1474 5074 1660 5146 ὑμνῶν
1704 5071 1868 5129 αὐτοῦ

279 5173 390 5243 τὴν
441 5171 816 5238 δικαιοσύνην,
839 5169 936 5238 τὴν
972 5169 1288 5238 ἁγαθότητα
1340 5167 1699 5234 σεσιώπηκας
1725 5183 1739 5197 ο
1775 5168 1802 5220 ό
1827 5167 1870 5219 δ’

280 5267 388 5333 οὐχ
434 5260 596 5334 ἧττον
642 5262 848 5330 ἀγαθός
890 5265 1040 5314 ἐστιν
1091 5261 1236 5330 ἥπερ
1287 5258 1514 5322 δίκαιος.
1559 5257 1619 5310 Εί
1668 5256 1762 5310 οὖν
1807 5257 1872 5329 δὴ

281 5358 462 5409 σῶσαι
493 5357 702 5418 πάντας
738 5355 956 5424 θελήσει
987 5353 1057 5405 δι’
1090 5352 1156 5422 ἢν
1183 5353 1276 5404 καὶ
1304 5351 1514 5412 πάντας
1542 5349 1870 5420 δεδημιούρ-

278 5464 463 5518 γηκεν
489 5447 827 5515 ἁγαοότητα,
869 5444 1174 5505 ὑπεύθυνος
1215 5444 1347 5512 ἡμῖν
1391 5441 1545 5494 ἔσται
1586 5442 1692 5494 τῶν
1724 5441 1874 5511 αύτῷ

281 5540 743 5607 πεπραγμένωνς
778 5538 903 5590 Οὐδ’
951 5534 1290 5598 οὑτινοσοῦν,
1323 5527 1367 5587 ὧ
1404 5535 1525 5597 τᾶν,
1562 5533 1720 5602 ἔφην,
1765 5535 1874 5585 τῶν

279 5627 438 5696 αὖτῴ
493 5627 899 5698 πεπραγμένων
955 5625 1260 5687 ὑπεύθυνος
1306 5625 1373 5678 ἂν
1426 5625 1512 5693 εἴη
1559 5623 1730 5685 Oed,“
1765 5625 1874 5676 τίνι

279 5719 401 5787 γαρ
447 5717 515 5771 ἂν
559 5717 755 5770 ἑαυτοῦ
803 5716 1011 5785 μείζονι
1062 5717 1340 5769 ἀποτίσειε
1376 5714 1570 5780 λόγον;
1615 5714 1876 5782 λαμπρᾶς

282 5807 490 5878 μανίας
516 5807 714 5878 ἡδόξα·
745 5806 942 5872 ἀσεϐὲς
968 5807 1026 5861 τὸ
1054 5804 1365 5876 ἐνθύμημα.
1389 5805 1468 5858 Tit
1497 5805 1602 5874 γὰρ
1634 5803 1696 5857 δὴ
1726 5803 1876 5872 ποιρά

1967 4621 2130 4676 quam
2171 4621 2290 4675 qua:
2347 4622 2449 4661 nos
2515 4607 2771 4661 dicimus.
2817 4610 3176 4682 Quapropter,
3217 4605 3260 4660 si
3311 4608 3441 4676 quid
3502 4607 3557 4662 in

1969 4697 2153 4750 animo
2190 4694 2361 4750 habes
2393 4695 2460 4748 de
2508 4693 2662 4748 Edcn
2709 4694 2916 4758 dicere,
2945 4694 3054 4762 jam
3115 4708 3261 4748 nunc
3317 4695 3555 4760 explica.

1969 4788 2100 4855 Quae
2126 4802 2251 4842 cum
2293 4787 2456 4840 Persa
2486 4786 2736 4851 dixisset,
2778 4786 2922 4841 filius
2951 4785 3094 4854 ejus,
3155 4801 3184 4839 a
3244 4801 3397 4856 patre
3459 4801 3560 4841 ac-

1971 4891 2127 4952 cepta
2160 4880 2420 4949 loquendi
2455 4879 2738 4940 facultate,
2777 4877 3072 4931 barbarum
3139 4879 3267 4946 quid
3297 4889 3353 4932 et
3385 4879 3560 4931 auda-

1971 4975 2090 5028 cius
2126 4974 2390 5038 clamans,
2422 4970 2613 5026 Nonne
2639 4980 2722 5036 tu,
2756 4971 2955 5040 inquit,
3017 4959 3175 5026 nobis
3213 4981 3371 5027 antea
3418 4972 3562 5025 dixi-

1973 5066 2064 5130 sti,
2105 5065 2175 5120 ob
2224 5065 2396 5120 solam
2456 5065 2756 5118 bonitatem
2811 5063 2978 5116 Deum
3035 5063 3215 5116 omnia
3279 5061 3563 5116 creasse?

1971 5157 2129 5212 Nunc
2159 5173 2288 5211 vero
2318 5156 2588 5211 celebrata
2616 5155 2993 5223 illiusjustitia
3026 5155 3093 5207 de
3141 5155 3385 5210 bonitate
3403 5154 3563 5206 silui-

1975 5250 2216 5305 sti:st
2275 5248 2363 5302 hic
2394 5262 2505 5301 non
2551 5248 2732 5300 minus
2773 5246 2953 5301 bonus
3011 5253 3095 5298 est
3134 5259 3297 5312 quam
3352 5245 3559 5314 justus.

1975 5343 2155 5408 Quare
2204 5341 2248 5396 si
2313 5341 2384 5393 ob
2441 5355 2583 5401 cam,
2628 5352 2913 5408 perquam
2975 5349 3166 5390 omnes
3214 5337 3438 5393 creavit,
3467 5335 3562 5386 bo-

1977 5434 2200 5486 nitatem
2238 5473 2252 5495 ,
2283 5445 2474 5484 omnes
2500 5432 2662 5483 etiam
2695 5441 2916 5482 servare
2957 5423 3208 5485 voluerit,
3233 5439 3298 5476 an
3360 5421 3562 5474 idcirco

1979 5523 2269 5577 reddendis
2299 5523 2563 5574 factorum
2619 5534 2843 5572 suorum
2898 5513 3202 5568 rationibus
3248 5513 3353 5568 erit
3394 5514 3565 5568 obuo-

1977 5615 2140 5671 xius?
2179 5614 2260 5668 Dii
2304 5613 2552 5674 meliora,
2585 5611 2830 5679 inquam,
2888 5607 3203 5663 adolescens
3233 5624 3248 5660 :
3277 5606 3410 5662 nulli
3445 5621 3566 5662 om-

1980 5710 2110 5763 nino
2153 5709 2202 5760 in
2242 5707 2510 5760 factorum
2541 5717 2765 5758 suorum
2823 5699 3132 5756 rationibus
3154 5699 3446 5754 reddendis
3468 5701 3568 5753 ob-

1982 5801 2180 5857 noxius
2209 5816 2330 5858 esse
2369 5806 2545 5870 potest
2569 5797 2710 5854 Deus
2747 5815 2760 5854 :
2795 5798 3015 5852 cuinam
3084 5796 3230 5849 enim
3264 5811 3321 5850 se
3369 5792 3564 5863 majori
