4048 6224
514 305 612 373 171

1676 306 2080 369 MANUELIS
2122 307 2574 369 PAL/EOLOGI

3678 298 3781 366 172

511 432 640 495 erit,
677 441 785 483 non
810 423 1035 485 videbit,
1075 418 1463 488 disputationis
1510 417 1715 475 frustra
1742 438 1772 476 a
1803 438 1860 477 se
1891 423 2089 493 suscipi

2206 427 2382 478 ποιεῖν
2437 397 2695 496 βουληθῇ,
2728 423 2884 494 λήσει
2931 384 3311 485 16%;.t6vou;
3363 390 3650 480 ἀναλώσας
3686 420 3776 472 ἐπὶ

430 578 437 583 _
510 519 776 573 laborem.
811 514 950 569 Nam
980 510 1180 565 vulnus
1202 509 1345 578 quod
1365 508 1673 564 occultatur
1695 512 1761 564 ad
1804 512 2096 565 sanitatem

509 612 794 681 pervenire
821 606 1030 675 nequit.
1068 602 1191 656 Tibi
1220 612 1401 656 autem
1431 603 1499 656 de
1527 602 1799 670 ejusmodi
1827 604 1948 658 filiis
1978 620 2101 674 gra-

510 703 685 757 tulor:
715 699 914 754 etenim
949 697 1196 766 pulchre,
1233 710 1353 764 qua:
1417 694 1503 750 hic
1541 696 1824 760 dicuntur,
1878 696 2095 765 assequi

509 793 729 845 \idetur
753 788 1076 843 adolescens
1108 801 1125 838 :
1160 786 1337 854 ipsum
1399 794 1579 837 tamen
1624 783 1766 837 scire
1824 784 1967 847 volo,
1998 784 2099 835 im-

506 885 621 936 vios
650 885 702 935 in
730 881 941 950 judicio
965 895 1068 932 non
1103 894 1209 931 esse
1241 888 1651 937 resurrecturos,
1705 884 1760 927 ut
1786 874 1859 927 ait
1906 874 2093 927 David.

507 984 681 1045 Quem
720 980 763 1032 si
796 976 1043 1031 admittis
1077 983 1296 1037 testem,
1332 987 1504 1025 vanus
1527 971 1632 1024 erit
1670 971 1755 1023 hie
1777 984 1978 1035 sermo,
2008 970 2095 1037 ju-

506 1085 653 1127 stum
682 1071 923 1141 judicent
954 1068 1332 1153 iudicaturum
1362 1079 1484 1119 esse
1510 1079 1765 1133 paganos,
1793 1062 2099 1133 suppliciis-

506 1178 610 1232 que
665 1177 758 1217 eos
810 1175 930 1215 esse
980 1159 1305 1213 traditurum
1354 1175 1365 1211 :
1434 1165 1853 1209 atservaturum
1908 1171 2097 1210 omnes

508 1258 628 1310 sine
658 1255 1003 1315 discrimine,
1079 1252 1171 1321 qui
1237 1250 1375 1304 male
1421 1249 1655 1302 vixerint
1711 1250 1954 1317 quidem,
2002 1249 2096 1303 sed

506 1360 655 1402 recta
681 1359 861 1401 tamen
899 1347 952 1398 in
979 1344 1082 1398 fide
1106 1343 1325 1397 fuerint.
1363 1343 1519 1407 Quod
1546 1344 1586 1395 si
1611 1341 1832 1395 Davidis
1859 1343 2098 1395 auctori-

509 1452 679 1494 tatem
725 1439 932 1508 rejicis,
958 1437 1104 1507 quod
1163 1435 1432 1501 reliquum
1474 1447 1553 1488 est
1583 1434 1874 1499 faciamus,
1897 1433 2097 1488 annis-

508 1550 615 1604 que
681 1533 883 1586 nostris
911 1530 1312 1599 (probabilibus
1333 1528 1605 1581 rationum
1641 1527 1935 1580 momentis
1952 1524 2095 1596 dico)

506 1642 609 1697 pro
646 1636 831 1680 nostra
863 1624 1141 1680 sententia
1176 1637 1606 1692 prepuguemus.
1658 1619 1924 1685 Quocirca
1982 1620 2095 1687 ple-

507 1733 679 1787 raque
706 1717 891 1771 dicere
927 1714 1155 1770 omitto:
1196 1713 1327 1767 illud
1364 1729 1528 1765 unum
1556 1714 1698 1767 addo
1723 1728 1887 1782 supra
1912 1712 2093 1772 dictis.

2201 518 2364 587 κενῷ.
2396 517 2634 587 Τραῦμα
2681 517 2791 585 γὰρ
2822 515 3244 583 κεκαλυμμένον
3288 512 3481 580 ὑγείας
3512 511 3614 563 ούκ
3657 510 3781 563 ἔπιον

2200 610 2471 675 τεύξεται.
2500 613 2591 663 Σοὶ
2622 612 2679 663 δὲ
2710 610 2991 680 συγχαίρω
3028 607 3305 670 τοιούτους
3335 606 3571 675 φύσαντι
3591 619 3604 631 ·
3638 606 3786 659 δοκεῖ

2206 720 2295 773 μοι
2322 704 2429 774 γὰρ
2459 697 2613 766 οὗτος
2638 706 2665 755 6
2700 703 2820 765 νέος
2869 702 3052 762 καλῶς
3095 719 3160 769 γε
3210 701 3526 754 ἐπιϐάλλειν
3555 701 3667 762 τοῖς
3698 699 3786 751 λε-

2200 797 2490 867 γομένοις·
2540 796 2681 868 πλὴν
2731 796 3026 865 γινώσκειν
3077 794 3246 847 αὐτὸν
3294 794 3493 855 ἐθέλω,
3544 792 3620 854 ὡς
3682 792 3786 844 οὐκ

2200 890 2602 959 ἀναστήσονται
2656 890 2876 952 ἀσεϐεῖς
2909 890 2967 940 ἐν
3000 888 3182 956 κρίσει
3235 888 3314 955 (1)
3337 904 3350 917 ·
3393 887 3419 938 6
3449 886 3617 938 Aa6‘t6
3644 885 3788 937 οὕτω

2200 981 2370 1049 λέγει.
2410 984 2505 1036 Ὃν
2537 984 2583 1035 εί
2641 982 2896 1054 μάρτυρα
2938 983 3246 1053 παραδέχῃ,
3281 981 3511 1050 μάταιος
3558 982 3585 1031 6
3626 978 3783 1046 λόγος

2199 1075 2378 1140 οὗτος,
2434 1078 2515 1129 ὅτι
2566 1077 2693 1138 τοὺς
2746 1077 3009 1138 ἀπίστους
3063 1078 3264 1144 κρινεῖ,
3324 1075 3419 1127 καὶ
3467 1073 3785 1142 παραδώσει

2200 1168 2425 1231 τούτους
2466 1170 2762 1223 κολάσεσιν
2793 1171 2820 1221 6
2847 1167 3057 1230 δίκαιος
3089 1169 3322 1238 κριτής’
3358 1166 3522 1219 σώσει
3553 1165 3611 1217 δὲ
3645 1165 3785 1217 πάνυ

2198 1277 2295 1322 τας
2338 1260 2464 1330 ἑξῆς
2495 1261 2625 1324 τοὺς
2649 1260 2869 1330 φαύλως
2910 1262 2986 1329 (Ξ)
3027 1261 3128 1330 μὲν
3170 1260 3525 1330 βεϐιωκότας,
3562 1256 3699 1327 ὀρθῇ
3730 1256 3786 1307 δὲ

2202 1356 2383 1406 πίστει
2423 1353 2787 1423 συζήσαντας.
2823 1351 2885 1405 Ei
2925 1352 2981 1405 δὲ
3020 1356 3112 1405 τὸν
3157 1353 3322 1406 Δαϐὶδ
3362 1353 3728 1420 παραγραφῇ.
3760 1347 3789 1398 ὃ

2201 1445 2384 1498 λοιπόν
2416 1448 2531 1499 ἐστι
2566 1446 2836 1515 ποιῶμεν,
2872 1450 2969 1498 καὶ
3002 1446 3066 1499 ὲκ
3094 1442 3358 1499 τῶνκαθ’
3382 1446 3528 1512 ἡμᾶς
3557 1443 3789 1512 (τούτων

2200 1539 2345 1610 φημὶ
2378 1540 2444 1609 δὴ
2480 1541 2591 1593 τῶν
2625 1540 2873 1607 εἰκότων)
2930 1536 3317 1608 συμμαχῶμεν
3369 1538 3469 1607 ἤδη
3506 1536 3586 1606 τῷ
3614 1535 3787 1605 λόγῳ.

2201 1633 2405 1703 Παρεὶς
2451 1629 2545 1685 οὖν
2578 1632 2760 1699 λέγειν
2802 1633 2869 1684 τὰ
2901 1631 3094 1695 πλείω,
3140 1629 3319 1682 ἐκεῖνὸ
3369 1646 3434 1696 γε
3485 1626 3789 1698 προσθήσω

2201 1727 2313 1787 τοῖς
2356 1725 2692 1795 εἰρημένοις,
2717 1722 2745 1775 ὃ
2775 1723 2838 1792 δὴ
2869 1724 2959 1775 καὶ
2996 1721 3159 1791 μόνον
3188 1720 3353 1793 ῥηθὲν
3379 1718 3563 1773 ἱκανὸν
3596 1720 3787 1770 πεῖσαι

505 1809 652 1878 quod
685 1811 763 1862 vel
789 1808 965 1862 solum
1008 1806 1219 1859 homini
1257 1820 1370 1858 non
1415 1806 1573 1872 plane
1604 1803 1970 1857 contentionis
1993 1818 2089 1857 cu-

2197 1817 2288 1871 τὺν
2326 1790 2615 1887 μὴήπάντη
2647 1790 2969 1885 φιλόνεικον.

501 1901 630 1971 pido
661 1900 987 1969 persuadere
1017 1897 1213 1965 possit.

584 1993 670 2046 l9.
703 1989 813 2047 Fac
884 1990 1123 2058 aliquem
1186 1998 1524 2043 struetarum
1584 1987 1696 2057 regi
1770 1986 2088 2041 insidiarum

503 2099 655 2137 reum
692 2098 812 2137 esse
849 2100 862 2136 :
901 2082 945 2136 si
975 2095 1064 2135 res
1094 2082 1147 2134 in
1170 2078 1337 2134 dubio
1360 2088 1631 2143 versetur,
1677 2078 2012 2133 defensionis
2043 2078 2091 2132 ei

501 2178 720 2232 dabitur
748 2177 901 2229 locus
935 2192 948 2227 :
986 2173 1163 2245 actori
1194 2182 1247 2227 et
1279 2186 1370 2226 reo
1399 2172 1649 2225 eumdem
1675 2172 2089 2241 clepsydrarum

505 2281 793 2321 numerum
824 2264 1106 2327 concedet,
1139 2261 1410 2317 ambobus
1440 2276 1596 2330 aeque
1631 2276 1795 2315 aures
1825 2259 2087 2330 prazbebit

500 2366 692 2433 iudex,
723 2375 824 2415 nec
859 2360 969 2413 ulla
1002 2373 1058 2411 re
1080 2354 1335 2425 'superior
1356 2357 1461 2410 erit
1480 2357 1527 2409 is
1546 2357 1637 2425 qui
1666 2369 1765 2424 pro
1783 2370 1909 2426 rege
1935 2356 2090 2410 dicit.

505 2457 601 2510 Sin
638 2465 820 2509 autem
874 2450 1385 2506 manifestissimum
1437 2449 1647 2504 crimen
1683 2457 1790 2511 est,
1848 2448 1984 2501 adeo
2036 2455 2094 2517 ut

504 2560 684 2613 neque
724 2542 1064 2611 argumentis
1093 2554 1274 2610 neque
1304 2539 1411 2592 ullo
1456 2538 1780 2592 testimonio
1827 2537 2091 2605 indigeat,

505 2640 710 2691 nullam
744 2634 973 2688 cumino
1012 2634 1461 2703 deprecationem
1510 2630 1742 2685 tentabit
1789 2645 1938 2695 reus,
1998 2630 2093 2685 sed

504 2740 696 2784 contra
729 2729 921 2797 seipse
958 2730 1068 2780 lata
1098 2725 1371 2781 sententia
1401 2724 1467 2779 ad
1512 2726 1773 2793 laqueum
1810 2723 2095 2778 festinabit

506 2821 826 2892 aliquando,
853 2827 1196 2888 mortenique
1226 2827 1445 2871 tantum
1476 2833 1585 2871 non
1617 2816 1897 2871 invocabit
1936 2815 2094 2870 :ideo

504 2915 652 2984 quod
708 2914 997 2982 pudorem,
1060 2909 1527 2979 gravissimasque
1588 2909 1937 2964 conscientia:
2004 2923 2091 2961 re-

503 3004 898 3075 prehensiones
922 3010 977 3057 et
1004 3001 1373 3083 intolerabiles
1395 3001 1649 3055 stimulos
1669 3002 1813 3055 terre
1834 3010 2088 3069 nequeat.

2267 1997 2354 2053 ιϐ’.
2384 1998 2497 2050 νἪν
2545 1997 2639 2051 οὖν
2684 2015 2769 2060 τις
2811 1996 3081 2072 βασιλέως
3118 1996 3415 2064 ἐπιϐουλῆς
3446 1995 3652 2064 φεύγῃ,
3686 1997 3785 2046 καὶ

2195 2088 2337 2163 ᾖίτδ
2384 2091 2616 2161 πρᾶγμα
2668 2091 2997 2160 ἀμφίϐολον,
3044 2090 3345 2157 ἀπολογίας
3397 2090 3563 2151 τόπος
3607 2088 3787 2155 τούτῳ

2194 2184 2522 2254 δοθήσεται·
2557 2186 2654 2237 καὶ
2711 2186 2830 2238 ἴσον
2876 2186 3079 2255 ἀμφοῖν
3114 2184 3269 2238 ἔσται
3314 2184 3376 2237 τδ
3404 2182 3569 2253 ὕδωρ,
3605 2183 3699 2236 καὶ
3726 2186 3789 2235 τὸ

2196 2277 2457 2344 ὑποσχεῖν
2486 2276 2553 2331 τά
2584 2268 2699 2329 ὦτα
2728 2276 2820 2329 τὸν
2852 2277 3140 2348 δικαστὴν,
3175 2278 3254 2346 τῷ
3283 2276 3541 2344 φεύγοντί
3588 2292 3649 2328 τε
3692 2277 3787 2327 καὶ

2194 2368 2273 2437 τῷ
2306 2368 2560 2421 διώκοντι
2586 2384 2601 2400 ο
2649 2368 3040 2437 πλεονεκτήσει
3089 2368 3445 2436 δὲ.ούδαμῷς
3483 2369 3512 2420 6
3551 2367 3644 2420 τοῦ
3683 2366 3786 2435 βα-

2197 2460 2390 2522 σιλέως
2416 2460 2780 2531 ὑπερμαχῶν.
2800 2464 2904 2515 Ἢν
2923 2456 3022 2534 δ’ᾖ
3058 2462 3402 2530 σαφέστατον
3432 2461 3783 2531 τοῠγκλήμα,

2192 2553 2267 2617 ὡς
2316 2555 2442 2625 μήτ’
2488 2554 2725 2625 ἐλέγχων
2757 2556 2963 2609 δεῖσθαι
3000 2557 3142 2627 μήτε
3182 2557 3491 2627 μαρτυρίας
3519 2560 3784 2627 ἡστινοσ-

2195 2647 2327 2711 οῦν,
2378 2647 2499 2700 οὐδὲ
2552 2647 2683 2715 γοῦν
2740 2649 3065 2718 πειράσεται
3111 2650 3212 2720 τὴν
3258 2652 3435 2723 ἀρχὴν
3502 2654 3783 2721 παραιτή-

2198 2741 2421 2804 σασθαι,
2451 2741 2587 2794 ἀλλὰ
2640 2741 2766 2795 καθ’
2800 2741 2966 2794 αὐτοῦ
3023 2741 3121 2812 τὴν
3164 2744 3348 2813 ψῆφον
3398 2746 3529 2808 ἴδοις
3576 2745 3644 2799 ἂν
3686 2748 3787 2801 τὸν

2195 2833 2824 2900 τοιοῦτον“⁷ὲξενεγκόντα
2855 2834 3003 2887 ἔστιν
3033 2827 3117 2900 οὗ,
3150 2839 3244 2889 καὶ
3276 2838 3370 2890 ἐπὶ
3401 2837 3599 2909 βρόχον
3625 2839 3785 2893 ἐπει-

2197 2925 2461 2993 γόμενον,
2508 2925 2603 2979 καὶ
2665 2925 2890 2996 μονονοὺ
2948 2926 3047 2996 τὴν
3096 2928 3354 2999 τελευτήν
3404 2931 3784 3003 ἐπικαλούμε-

2195 3034 2284 3071 νον
2321 3018 2422 3087 (5),
2452 3018 2531 3089 τῷ
2563 3020 2664 3089 τὴν
2714 3021 2978 3090 αἰσχύνην
3025 3022 3099 3091 μὴ
3153 3022 3369 3093 φέρειν,
3399 3023 3495 3079 καὶ
3528 3027 3653 3090 τοὺς
3682 3026 3785 3097 βα-

504 3100 850 3167 Quapropter
904 3108 1066 3149 nemo
1119 3108 1362 3162 unquam
1397 3092 1451 3146 in
1523 3093 1781 3146 tribunali
1820 3093 2089 3157 coasedit,

2201 3113 2313 3181 ρεῖς
2360 3112 2618 3181 ἐλέγχους
2667 3112 2761 3164 τοῦ
2811 3115 3132 3180 συνειδότος,
3171 3116 3267 3169 καὶ
3311 3116 3437 3180 τοὺς
3469 3118 3780 3186 ἀφορήτους

416 3216 419 3217 ν
508 3203 567 3245 ιιι
622 3193 836 3245 hostem
862 3196 1081 3255 captum
1138 3191 1507 3256 redargueret,
1568 3188 1870 3256 mortisque
1932 3201 2092 3256 pceua

505 3287 728 3353 dignum
752 3296 874 3337 esse
905 3279 1277 3334 convinceret.
1336 3278 1463 3334 llaec
1494 3276 1641 3333 enini
1695 3296 1852 3350 paena
1886 3282 2092 3350 peccati

507 3384 760 3429 naturam
809 3373 1083 3442 sequitur,
1118 3380 1172 3426 et
1197 3372 1315 3441 lege
1341 3388 1408 3427 ac
1437 3383 1682 3441 tempore
1711 3377 2090 3428 continuatur.

505 3463 772 3520 ’l'ribuual
797 3474 1003 3529 autem,
1045 3465 1402 3534 etjudicium,
1427 3473 1841 3533 etargumenla,
1869 3474 1922 3519 et
1948 3468 2091 3518 mul-

505 3569 561 3613 ta
592 3560 654 3611 de
686 3558 805 3626 ipsa
839 3573 897 3611 re
937 3556 1224 3626 inquisitio
1272 3570 1337 3611 eo
1391 3558 1687 3626 pertinent,
1746 3572 1811 3610 ne
1855 3556 2092 3612 ferenda:

507 3650 790 3706 sententia:
819 3649 1099 3715 dominus,
1121 3649 1285 3703 homo
1306 3664 1430 3704 cum
1448 3649 1539 3714 sit,
1564 3649 1889 3703 benevolum
1912 3649 2089 3703 virum

508 3759 607 3813 pro
637 3745 861 3799 inimico
916 3743 1237 3814 imprudens
1282 3743 1599 3798 interficiat.
1662 3746 1727 3797 At
1760 3747 1904 3797 enim
1962 3747 2086 3810 hoc,

508 3838 714 3907 optime
745 3838 1092 3904 adolescens,
1118 3838 1294 3892 locum
1325 3852 1434 3891 non
1476 3836 1695 3890 habebit
1754 3836 1893 3906 apud
1938 3836 2088 3890 illum

506 3934 767 4006 iudicem,
799 3931 891 4001 qui
958 3946 1057 4001 pro
1118 3930 1348 3985 testibus
1400 3931 1929 4000 probationibusque
1955 3931 2086 3983 nulli

507 4025 813 4095 excepiioui
847 4025 1102 4078 obnoxiis
1136 4021 1573 4103 uniuscujusque
1608 4023 1943 4077 conscientia
1979 4024 2088 4076 uti-

507 4129 618 4175 tur.
658 4117 849 4173 Omnia
882 4120 1025 4170 nuda
1060 4117 1113 4181 l,
1139 4104 1321 4171 omnia
1342 4126 1529 4185 aperta
1553 4125 1682 4170 sunt
1713 4117 1889 4170 oculis
1919 4115 2087 4182 illius,

508 4212 604 4283 qui
631 4213 773 4266 eoin
806 4209 1068 4265 tribunali
1100 4209 1311 4264 sedebit
1340 4227 1354 4263 :
1391 4208 1542 4263 illum
1583 4224 1742 4262 nemo
1774 4219 1905 4263 tunc
1943 4210 2090 4263 deci-

509 4321 639 4377 pere
671 4305 979 4359 conabitur.
1007 4301 1274 4357 Omnibus
1291 4302 1458 4366 enitn,
1489 4301 1849 4370 quibusnuue
1874 4304 2089 4369 ignotus

508 4407 613 4461 est,
648 4394 973 4448 manifestus
1000 4393 1127 4447 erit.
1165 4394 1348 4461 itaque
1385 4392 1630 4444 futurum
1658 4392 1923 4458 judicium
1977 4408 2087 4444 non

2196 3201 2389 3255 τούτου
2428 3203 2690 3274 νυγμούς.
2722 3206 2822 3259 Διά
2861 3224 2943 3261 τοι
2975 3207 3135 3263 τοῦτο
3182 3207 3382 3263 οὔκουν
3412 3210 3502 3263 ἐπὶ
3536 3212 3780 3282 βήματος

2197 3296 2418 3349 πώποτέ
2466 3314 2552 3360 τις
2605 3297 2881 3366 ἐκάθισεν,
2910 3299 3053 3353 ὥστε
3102 3300 3195 3354 τὸν
3236 3302 3428 3373 ἐχθρὸν
3475 3303 3782 3372 ἐξελέγξαι,

2194 3388 2270 3453 ὡς
2328 3390 2437 3459 ἄρα
2492 3389 2699 3452 δίκαιός
2756 3392 2873 3444 ἐστι
2934 3393 3168 3447 θανάτου
3222 3393 3479 3459 δέξασθαι
3535 3395 3807 3468 τίμημα..

2196 3481 2501 3551 Τούτσγὰρ
2534 3485 2600 3553 τῇ
2640 3481 2801 3552 φύσει
2853 3482 2949 3535 τοῦ
2990 3485 3340 3554 πταίσματος
3373 3487 3591 3553 ἕπεται,
3625 3491 3785 3559 νόμῳ

2194 3594 2252 3628 τε
2285 3578 2378 3630 καὶ
2406 3578 2586 3648 χρόνῳ
2618 3578 2944 3649 βεῦαιωθέν.
2983 3579 3145 3651 Βῆμα
3176 3580 3252 3647 δὲ,
3295 3582 3391 3634 καὶ
3435 3584 3639 3652 κρίσις,
3677 3587 3780 3639 καὶ

2195 3670 2429 3740 ἔλεγχοι,
2460 3672 2554 3724 καὶ
2594 3672 2627 3741 ή
2675 3672 2845 3742 πολλὴ
2893 3671 2987 3726 τοῦ
3036 3674 3362 3743 πράγματος
3395 3676 3650 3746 βάσανος,
3687 3680 3778 3732 ἵνα

2197 3761 2271 3831 μὴ
2304 3764 2395 3815 τὸν
2428 3761 2620 3816 εὔνουν
2677 3762 2801 3817 ἀντὶ
2836 3762 2931 3815 τοῦ
2978 3762 3282 3832 δυσμενοῦς
3332 3765 3472 3838 λάθῃ
3503 3767 3783 3833 φονεύσῃς

2193 3853 2481 3925 ἄνθρωπος
2520 3854 2595 3906 ὢν
2624 3855 2653 3906 6
2684 3854 2785 3923 τῆς
2816 3854 3001 3925 ψήφου
3033 3853 3244 3926 κύριος.
3289 3856 3460 3910 Τοῦτο
3483 3858 3550 3923 δ’,
3573 3851 3617 3910 ὦ
3645 3861 3784 3914 καλὲ

2196 3951 2402 4011 νεανία,
2439 3947 2626 4017 χώραν
2669 3948 2767 4016 οὺχ
2815 3945 2927 4011 ἕξει
2976 3947 3109 4017 παρ’
3152 3947 3351 4019 ἐκείνῳ
3379 3949 3460 4020 τῷ
3490 3954 3679 4022 κριτῇ,
3721 3954 3782 4016 ὃς

2193 4041 2316 4093 ἀντὶ
2372 4039 2668 4109 μαρτύρων
2718 4038 2830 4108 ἔχει
2885 4039 2981 4092 καὶ
3023 4040 3484 4111 ἀπαραγράπτων
3534 4042 3782 4115 ἐλέγχων

2193 4131 2426 4187 ἑκάστου
2472 4132 2535 4183 τὸ
2592 4131 2857 4194 συνειδός.
2898 4132 3082 4184 Πάντα
3120 4132 3231 4202 γὰρ
3278 4135 3462 4202 γυμνὰ
3509 4139 3603 4188 καὶ
3637 4141 3779 4205 ὅξλα

2191 4227 2302 4285 τοῖς
2337 4210 2637 4295 ὀφθαλμοῖς
2697 4227 2792 4279 τοῦ
2847 4229 2937 4280 ἐπὶ
2986 4227 3079 4279 τοῦ
3117 4227 3362 4297 βήματος
3412 4230 3620 4283 ἐκείνου
3679 4249 3784 4285 και-ι

2194 4318 2429 4370 θιεῖσθαι
2469 4316 2757 4383 μέλλοντος
2784 4332 2796 4345 ·
2833 4317 2892 4370 ὃν
2937 4317 3048 4370 οὐδ’
3094 4319 3161 4371 ἂν
3202 4314 3283 4380 εἷς
3314 4320 3620 4388 τηνικαῦτα
3654 4340 3779 4374 πει-

2193 4407 2384 4477 ραθείη
2415 4407 2493 4477 (4)
2528 4407 3028 4476 παραλογίσασθαι.
3066 4410 3207 4462 Πᾶσι
3248 4411 3355 4480 γὰρ
3396 4411 3550 4466 ἔσται
3585 4413 3775 4483 δῆλος,

516 4487 928 4541 increduloruin
963 4498 1132 4538 causa
1158 4483 1269 4549 fiet.
1302 4480 1421 4535 Jam
1456 4496 1586 4535 vero
1609 4485 1654 4536 si
1682 4498 1802 4551 quae
1852 4483 2089 4536 diximus

2197 4493 2280 4561 οἷς
2334 4499 2429 4553 νῦν
2484 4502 2633 4553 ἐστιν
2685 4501 3065 4570 ἀγνοούμενος.
3136 4502 3199 4554 Ἦ
3264 4503 3446 4573 κρίσις
3504 4480 3684 4559 τοίνυν
3740 4511 3773 4578 ή

510 4576 604 4629 tibi
638 4573 990 4643 persuadent,
1024 4586 1123 4626 nec
1149 4585 1210 4624 ea
1230 4574 1758 4641 prorsusnugatoria
1783 4575 2085 4644 existimas,

508 4670 654 4737 quod
693 4673 942 4734 superest
973 4679 1114 4718 nunc
1148 4664 1397 4719 dicamus
1431 4682 1443 4717 :
1478 4664 1564 4718 vel
1591 4666 1849 4721 nimirum
1868 4680 2088 4739 pi-Opter

506 4760 717 4822 fideles,
756 4758 958 4825 lapsos,
994 4756 1079 4809 vel
1117 4758 1343 4810 omnino
1386 4756 1595 4810 nullum
1650 4758 1765 4813 fore
1795 4761 2087 4829 judicium.

504 4854 671 4922 Atqui
700 4850 947 4904 futurum
988 4848 1403 4919 essejudicium
1428 4850 1499 4919 ,ιιι
1530 4852 1787 4909 confesso
1820 4866 1906 4911 est
1940 4876 1954 4911 :
1988 4860 2090 4926 igi-

510 4954 597 4997 tur
628 4943 743 4996 fieri
781 4957 887 4996 non
944 4949 1143 5011 potest,
1204 4951 1265 4995 ut
1312 4957 1505 4997 omnes
1558 4946 1651 5013 qui
1715 4948 1859 5016 piam
1924 4950 2085 5005 fidem

508 5040 699 5094 colunt
744 5048 1031 5095 δυινειιιιιι·
1072 5056 1086 5092 :
1139 5039 1379 5109 alioquin
1426 5042 1680 5099 Christus
1732 5062 1840 5100 non
1907 5059 2089 5114 posset

584 5136 598 5166 ¹
636 5136 804 5188 Hebr.
836 5149 911 5200 tv,
942 5135 1029 5188 15.

579 5229 656 5303 (l)
678 5225 822 5303 Psal.
846 5242 883 5291 ι,
906 5227 958 5282 5.
984 5226 1073 5303 sic
1091 5226 1252 5303 paulo
1274 5238 1417 5303 post,
1436 5243 1489 5298 p.
1508 5227 1632 5303 580,
1654 5228 1750 5284 lin.
1770 5230 1840 5283 2'2
1862 5248 1874 5283 :
1894 5229 1957 5303 Ἦ
1977 5237 2091 5303 κρί-

508 5298 598 5362 at;
622 5301 654 5367 ὴ
677 5298 961 5370 ,μέλλουσα
993 5299 1053 5350 οὐ
1081 5298 1191 5350 τῶν
1223 5300 1475 5351 ἀπίστων
1496 5301 1691 5370 εἵνεκα
1719 5316 1732 5329 ·
1766 5302 1909 5370 quod
1941 5298 2061 5358 vide

505 5378 598 5443 tur
622 5367 699 5443 ad
715 5367 845 5443 illud
880 5367 1154 5443 Evangelii
1180 5369 1454 5443 alludere:
1479 5368 1583 5443 Qui
1609 5371 1744 5443 enim
1777 5367 1879 5423 non
1897 5377 2083 5443 credit,

495 5440 613 5510 jam
635 5440 912 5508 judicatus
944 5437 1225 5515 cst,.loan.
1250 5454 1332 5504 ιιι,
1366 5438 1454 5492 18.
1500 5441 1622 5515 _l\‘ec
1662 5441 1826 5507 enim,
1860 5437 2079 5515 opinor,

505 5516 799 5579 nnpio-rum
834 5512 1318 5581 resurrectionem
1364 5508 1589 5562 omnino
1640 5523 1800 5579 negat
1842 5508 2078 5581 Maurici;

505 5586 599 5634 sed
627 5580 759 5632 illud
793 5580 923 5633 dicit
951 5598 963 5631 :
993 5580 1074 5631 Ad
1110 5580 1380 5646 integram
1426 5580 1834 5635 damnationem
1894 5580 2080 5640 resur-

500 5662 630 5717 gout
682 5648 899 5724 quidem
953 5648 1153 5724 impii:
1206 5652 1271 5701 ad
1324 5650 1807 5724 jtidiciu:rratileiii
1858 5658 2077 5724 proprie

504 5725 728 5779 dictum,
772 5722 893 5772 ideo
932 5724 1075 5787 quod
1098 5720 1207 5783 jam
1239 5720 1642 5787 suntjudicati,
1674 5738 1779 5775 non
1831 5720 2068 5785 venient.

576 5787 652 5857 (2)
676 5788 812 5842 Cod.
844 5787 979 5857 Reg.
1016 5789 1282 5856 φαύλους.

2168 5520 2303 5595 (ξριιι
2337 5520 2465 5575 sunt
2506 5524 2759 5593 professi,
2802 5531 3080 5595 perversis
3116 5531 3245 5585 licet
3277 5520 3522 5584 moribus
3561 5551 3572 5584 :

2203 4592 2476 4660 μέλλουσα
2535 4592 2597 4644 οὐ
2640 4593 2750 4645 τῶν
2803 4594 3050 4647 ἀπίστων
3099 4594 3307 4648 εἵνεκα.
3344 4596 3455 4650 Καὶ
3503 4597 3558 4649 εί
3600 4614 3660 4651 σε
3698 4602 3782 4667 τά

2196 4683 2467 4752 λεγόμενα
2504 4684 2700 4749 πείθει,
2726 4686 2947 4749 πάντως
2984 4686 3040 4739 δὲ
3066 4689 3127 4738 οὐ
3160 4687 3327 4757 λῆρον
3359 4689 3533 4740 ταῦτα
3567 4693 3779 4765 ἡγήσῃ,

2189 4774 2218 4826 6
2246 4774 2432 4829 λοιπὸν
2466 4777 2567 4846 ’ήδη
2626 4778 2909 4845 λέγωμενο
2945 4781 3020 4842 ὡς
3054 4779 3086 4849 ἢ
3138 4778 3227 4831 διὰ
3271 4780 3398 4842 τοὺς
3447 4783 3779 4845 ὲπταικότας

2192 4870 2438 4932 πιστοὺς,
2494 4869 2526 4938 ἢ
2586 4869 2843 4936 οὐδαμῶς
2906 4871 3058 4924 ἕσται
3118 4871 3264 4940 δίκη.
3313 4872 3474 4926 Ἀλλά
3535 4874 3778 4944 μὴνὼς

2192 4960 2344 5013 ἔσται
2386 4961 2569 5031 κρίσις
2629 4964 3121 5033 προωμολόγηται’
3154 4966 3216 5017 τὸ
3264 4967 3476 5030 πάντας
3527 4970 3634 5039 ἄρα
3669 4986 3781 5021 σω-

2191 5053 2349 5123 θῆναι
2380 5056 2501 5117 τοὺς
2534 5056 2875 5127 εύσεὸεῖς(5)
2899 5059 2997 5111 οὐκ
3025 5060 3320 5129 ἐνδέχεται’
3358 5058 3394 5133 ἦ
3426 5062 3535 5132 γὰρ
3572 5063 3636 5117 ἂν
3670 5065 3775 5117 οὐκ

2261 5238 2335 5315 (5)
2367 5240 2501 5315 God.
2537 5244 2670 5313 Reg.
2701 5246 3172 5315 προκαλούμενον,
3201 5253 3530 5315 provocabit.

2258 5312 2336 5385 (vi)
2375 5312 2712 5385 -ιξοψουιει,
2746 5312 3049 5385 παραθείὴ.

2220 5451 2229 5461 ,
2260 5383 2335 5451 (5)
2371 5383 2630 5462 Εὐσεὸεἰς
2661 5400 2803 5453 saepe
2832 5383 3172 5462 appellantur
3201 5405 3232 5444 a
3297 5388 3570 5459 theologis
3616 5388 3776 5444 Gras-

2184 5457 2267 5529 cis
2293 5466 2399 5504 non
2422 5457 2513 5521 qui
2552 5457 2873 5529 inpocenter
2898 5460 3169 5520 vixerunt,
3209 5462 3300 5515 sed
3342 5477 3434 5529 qui
3471 5457 3652 5514 veram
3717 5463 3780 5512 ti-

3636 5546 3777 5582 ασε-

2182 5590 2296 5669 ᾷεῖς
2324 5590 2520 5647 contra
2547 5595 2787 5669 haeretici
2805 5590 2889 5669 ὀι
2932 5601 3149 5668 pagani,
3212 5598 3576 5669 quantumvis
3630 5601 3777 5669 Justi

2183 5660 2322 5784 :inl'rtle
2364 5672 2468 5789 letc
2750 5660 3184 5725 Confftiiiceri
3236 5660 3502 5725 'Tliesaur.
3577 5660 3774 5745 ρεὶέεδ.

2208 5750 2239 5785 υ
2305 5771 2317 5785 .
2392 5772 2406 5789 .
2476 5773 2488 5788 .
2642 5773 2657 5789 .
3760 5751 3774 5763 ⁵

2208 5748 2317 5785 υιιι.
2367 5748 2406 5797 ι,
2439 5748 2488 5789 c.
2530 5748 2657 5798 θοι).
3760 5751 3785 5765 ‘
