4048 6224
271 330 378 397 1Ἲ3

1056 336 1460 398 TlIEODURI
1486 331 1851 397 ΒΕΒΡΟΤᾸΞ
1886 324 2280 392 LAUDATIO
2337 331 2749 394 FUNEBRIS.

3438 322 3541 388 174

265 443 331 515 ἦν
362 447 458 499 τὸν
505 444 753 514 Χριστὸν
789 443 986 516 κριτὴν
1032 432 1199 512 εἶναι,
1250 451 1346 505 καὶ
1396 448 1615 520 άληθῶς
1659 446 1851 519 ὀνομά-

1959 440 2124 511 jndex
2153 457 2297 504 esse,
2325 458 2561 511 vereque
2599 440 2885 512 appellari.
2908 439 2987 495 Ad
3019 439 3133 496 haec
3168 453 3291 495 cum
3313 436 3543 495 silerent

267 538 479 603 ξασθαι.
514 538 639 593 Τῶν
662 537 848 592 τοίνυν
870 538 1007 592 νέων
1038 540 1135 594 ἐπὶ
1174 539 1352 612 τούτῳ
1387 541 1546 612 σιγὴν
1577 541 1846 608 ἀγόντων,

266 630 371 702 ἔφη
404 631 434 684 ὁ
467 630 679 703 γέρων·

336 721 410 777 κ’.
461 722 872 794 ’Δποδεδεῐχθαί
930 742 1024 796 μοι
1081 725 1241 780 τοῦτο
1279 726 1463 780 δοκεῖ’
1495 725 1624 793 λέγε
1666 723 1851 779 τοίνυν

265 815 331 870 τὰ
364 814 451 868 σοὶ
491 815 756 870 δοκοῦντα
806 816 940 886 περί
968 834 1027 871 τε
1077 816 1172 871 τοῦ
1223 819 1589 889 παραδείσου,
1620 818 1714 873 καὶ
1752 819 1849 889 τῆς

267 908 322 961 ιν
374 906 529 977 αὐτῷ
584 910 974 973 καταστάσεως
1020 911 1118 964 καὶ
1155 911 1391 982 τρυφῆς.
1425 913 1647 976 Πάντως
1682 910 1761 979 δὲ,
1800 913 1850 965 εί

272 1002 369 1072 μὲν
401 1001 568 1073 ὀρθοῦ
603 1020 685 1057 σοι
719 1004 880 1073 λόγου
927 1006 997 1060 τά
1026 1008 1273 1078 ἡμέτερα
1301 1009 1538 1080 ἐχόμενα
1567 1012 1846 1079 φαίνεται,

269 1096 365 1149 οὐκ
404 1097 473 1149 ἂν
511 1097 741 1167 μακρῶν
765 1100 906 1152 δέοιο
942 1100 1115 1168 λόγων
1136 1118 1149 1132 ο
1189 1103 1369 1166 άλλως
1400 1104 1458 1156 δέ
1509 1122 1591 1157 σοι
1623 1104 1848 1158 δοκούν-

269 1205 393 1251 των,
433 1190 511 1259 μὴ
553 1190 740 1259 φείδου
771 1192 1056 1262 ῥημάτων,
1091 1194 1215 1264 μηδ’
1243 1195 1595 1264 ὑπολογίσαιο
1629 1197 1848 1262 πόνους,

270 1280 419 1334 ἔνθα·
449 1272 840 1351 προσδόκιμός,
867 1286 984 1338 ἐστι
1040 1286 1252 1356 καρπὸς
1304 1287 1589 1357 ἀληθείας,
1624 1287 1684 1340 δν
1737 1284 1848 1342 οἶδε

270 1377 457 1445 φέρειν
503 1375 739 1443 διάλεξις
790 1378 1010 1450 καθαρὰ
1055 1380 1390 1447 φιλονεικίας
1426 1383 1665 1451 ἁπάσης.
1705 1384 1850 1435 ⁹Λλλ’

270 1470 430 1537 ἡμεῖς
492 1486 575 1523 σοι
637 1469 801 1535 ξένοι,
854 1471 951 1524 καὶ⁵
1006 1475 1159 1543 παρά
1200 1491 1283 1527 σοι
1328 1474 1502 1545 καλὴν
1550 1477 1849 1547 εὑρηκότες

272 1560 562 1630 ὑποδοχὴν,
600 1563 697 1615 καὶ
737 1564 967 1633 γνώμην
1007 1567 1108 1637 τὴν
1143 1567 1339 1637 αὐτὴν,
1376 1570 1473 1621 καὶ
1520 1570 1688 1639 τιμὴν
1732 1571 1852 1639 (καλ⁸

269 1651 419 1705 οὐδὲν
444 1653 561 1706 οὐδ’
585 1654 645 1706 ἐν
677 1654 861 1723 λόγοις
891 1658 1004 1710 οὐδ’
1034 1659 1093 1711 ὲν
1121 1659 1305 1729 ἔργοις
1333 1659 1481 1729 ἡμᾶς
1525 1660 1850 1732 παρελύπη-

274 1745 414 1811 σας),
445 1744 532 1798 δεῖ
563 1741 663 1799 οὖν
702 1748 849 1817 ἡμᾶς
891 1751 1004 1813 τοῖς
1037 1750 1195 1816 ίσοις,
1234 1750 1309 1816 ὡς
1353 1752 1555 1819 ἔνεστι,
1587 1755 1646 1806 σὲ
1677 1756 1843 1808 σπεύ-

269 1836 375 1888 δειν
419 1836 775 1906 ἀμείϐεσθαι.
817 1839 974 1909 Ἐμοὶ
1011 1840 1057 1893 δ’
1090 1842 1340 1898 ὑπονοεῖν
1369 1845 1602 1913 ἔπεισιν,
1629 1847 1706 1912 ὡς
1734 1851 1847 1921 ἄρα

271 1927 328 1981 σέ
376 1945 488 1981 που
539 1930 636 1983 καὶ
674 1930 1000 1986 ἁποιιναίσει
1059 1934 1126 1988 τὰ
1184 1935 1316 2005 παρ’
1368 1939 1504 2008 ἐμοῦ
1550 1938 1847 2008 λεγόμενα.

279 2018 466 2082 ’Δνίας
511 2020 773 2091 πλησθεὶς
818 2024 992 2094 ἐφάνη
1025 2028 1144 2089 τοῖς
1190 2029 1506 2099 εἰρημένοις
1543 2034 1571 2085 ὁ
1606 2034 1844 2103 Πέρσης,

273 2109 371 2164 καὶ
402 2110 624 2180 μηνύων
656 2112 735 2183 τῷ
787 2114 1068 2186 προσώπῳ
1100 2120 1201 2189 τὴν
1244 2119 1347 2190 τῆς
1376 2120 1560 2194 ψυχῆς
1604 2125 1850 2181 διάθεσιν

273 2201 376 2271 ἔφη
399 2217 413 2232 ·
444 2203 522 2256 Οὐ
563 2203 676 2276 χρὴ
724 2207 966 2261 ⁶¹,τοιοῦτον
1011 2212 1260 2265 ὑπονοεῖν
1280 2229 1295 2246 ο
1328 2215 1423 2267 ἐπὶ
1453 2217 1709 2270 τοσοῦτον
1741 2222 1851 2289 γὰρ

270 2290 415 2362 αὐτῷ
451 2295 526 2347 τά
554 2295 656 2365 τῆς
694 2296 1036 2372 εὐφροσύνης
1084 2304 1451 2371 ὲκτείνεσθαι,
1480 2310 1566 2378 ἐφ’
1613 2312 1739 2364 ὅσον
1782 2330 1851 2382 με

272 2386 365 2455 τῆς
407 2386 674 2458 ἀληθείας
719 2391 977 2461 ἐχόμενον
1020 2395 1234 2468 καθορᾷ
1259 2415 1273 2429 ·
1314 2398 1395 2451 δεῖ
1425 2388 1490 2470 δὴ
1525 2404 1692 2470 μηδὲν
1721 2405 1854 2458 ὑπο-

273 2476 630 2548 στειλάμενον
662 2479 868 2549 λέγειν.
906 2484 1015 2538 Καὶ
1058 2487 1166 2556 γὰρ
1198 2488 1453 2553 κάκεῖνος
1478 2494 1645 2547 ταυτὸ
1679 2497 1853 2548 ποιεῖν

273 2564 369 2619 καὶ
405 2568 587 2621 ποιῶν
614 2570 945 2627 διατελέσειν
974 2574 1382 2647 διαλεγόμενος,
1411 2583 1502 2635 ὅτε
1547 2583 1604 2636 δέ
1640 2602 1709 2653 με
1756 2588 1852 2639 καὶ

273 2656 750 2729 ἐπαγγειλάμενον
792 2664 927 2735 ἔχει,
956 2668 1049 2720 καὶ
1098 2672 1325 2725 ἁπαιτεί
1368 2672 1469 2745 τὴν
1505 2678 1849 2749 παρρησίαν,

271 2750 387 2803 ἀλλ’
427 2753 535 2806 οὐκ
589 2755 755 2822 aitet,
782 2757 995 2823 δίκαιος
1044 2760 1112 2815 ἂν
1164 2763 1284 2834 είην
1324 2765 1425 2836 (1),
1469 2770 1566 2822 καὶ
1595 2771 1759 2834 αὐτὸς
1784 2772 1853 2826 τά

272 2843 637 2917 ὑπεσχημένα
675 2848 987 2916 φυλάττειν,
1025 2853 1123 2907 καὶ
1174 2856 1251 2926 μὴ
1301 2857 1682 2928 δυσχεραίνειν
1714 2864 1853 2932 πρὸς

272 2935 371 3007 τὴν
424 2939 571 3006 μετὰ
618 2938 856 3011 θάρρους
900 2944 1231 3015 ἀπόκρισιν·
1294 2950 1324 3002 δ
1377 2951 1442 3023 δὴ
1500 2954 1624 3006 κατ’
1676 2956 1854 3026 ἀρχὰς

273 3028 668 3118 ἐπαγγείλαντι
712 3033 908 3090 δώσειν
946 3037 1109 3101 αὐτὸς
1151 3040 1494 3115 ὑπεσχόμην.
1527 3047 1741 3101 Οὐκοῦν
1785 3067 1852 3118 γε

1951 535 2204 606 juvenes,
2237 534 2330 589 illo
2360 534 2520 588 modo
2548 549 2713 589 senex
2739 534 2954 588 locutus
2980 543 3064 587 est
3094 548 3109 585 :

2029 708 2116 764 20.
2144 710 2590 764 Demonstratum
2613 708 2752 763 mihi
2779 709 2994 764 videtur
3019 720 3121 763 hoc
3149 709 3369 779 quidem
3409 727 3423 764 :
3454 711 3544 765 dic

1956 818 2087 872 ergo
2121 802 2306 865 sodes,
2349 799 2479 869 quid
2518 811 2572 854 tu
2609 799 2675 854 de
2703 801 2958 869 paradiso
2997 802 3225 868 sentias,
3257 812 3311 856 et
3355 801 3423 856 de
3454 800 3542 855 fu-

1958 905 2080 949 tura
2104 895 2391 949 hominum
2426 893 2477 947 in
2516 894 2611 947 illo
2647 893 2965 948 conditione
2994 904 3046 948 et
3091 894 3321 951 deliciis.
3380 895 3539 962 Quod

1955 989 1999 1042 si
2037 998 2196 1041 rectae
2226 967 2595 1042 c’onsentanea
2629 972 2829 1041 rationi
2855 995 3043 1041 nostra
3074 988 3170 1040 tibi
3208 988 3541 1043 videbuntur

1956 1083 2235 1152 dogmata.
2269 1097 2376 1135 non
2418 1082 2576 1147 longa
2613 1081 2796 1135 hercle
2831 1095 2971 1150 opus
3007 1080 3223 1134 tibierit
3255 1082 3538 1135 oratione:

1957 1182 2043 1235 sin
2067 1181 2134 1235 de
2167 1182 2251 1235 his
2292 1180 2454 1234 aliter
2489 1179 2585 1234 tibi
2624 1180 2897 1245 videatur,
2933 1181 3114 1233 verbis
3161 1194 3265 1232 non
3324 1192 3541 1247 parcas,

1955 1288 2060 1326 nec
2098 1272 2264 1326 ullam
2300 1273 2548 1327 laborum
2589 1273 2856 1326 rationem
2901 1272 3125 1337 habeas,
3173 1284 3368 1339 nempe
3400 1269 3545 1323 unde

1956 1381 2086 1434 spes
2142 1376 2227 1420 est
2292 1380 2417 1420 eum
2469 1364 2715 1419 veritatis
2763 1363 3003 1418 fructum
3066 1375 3387 1433 perceptum
3452 1362 3542 1424 iri,

1955 1474 2117 1528 quem
2167 1458 2508 1526 colloquium
2546 1472 2574 1510 a
2628 1458 2890 1526 pertinaci
2953 1458 3364 1512 concertatione
3414 1457 3546 1510 libe-

1956 1567 2074 1605 rum
2098 1550 2241 1605 ferre
2265 1558 2470 1620 potest.
2502 1548 2613 1603 Nos
2646 1564 2794 1613 vero,
2832 1550 3083 1619 inquam,
3141 1550 3388 1620 hospites
3438 1550 3539 1613 tui,

1952 1649 2180 1703 liberale
2210 1647 2351 1716 apud
2383 1655 2434 1701 te
2467 1645 2787 1713 ιιοειιὶιίιιηι,
2820 1661 3124 1716 paremque
3158 1646 3213 1698 in
3278 1657 3327 1700 te
3370 1646 3543 1699 animi

1953 1741 2248 1797 candorem
2290 1750 2343 1795 et
2374 1738 2692 1809 dignitatem
2726 1738 2867 1792 nacti
2892 1739 3014 1807 (nec
3053 1737 3196 1792 enim
3229 1736 3411 1791 verbis
3438 1751 3543 1790 nec

1955 1832 2112 1888 factis
2158 1831 2606 1887 honmiﬁcentius
2631 1830 2870 1896 {tractari
2938 1826 3353 1896 potuissemus),
3404 1826 3535 1896 quid

1950 1935 2034 1979 est
2059 1926 2277 1991 hnSpes,
2311 1936 2482 1992 quare
2513 1936 2619 1974 non
2655 1927 2923 1989 quantum
2952 1920 3229 1987 possimus
3260 1933 3357 1986 par
3420 1914 3540 1987 pari
3574 1910 3577 1913 ’

1951 2021 2174 2075 reddere
2216 2006 2504 2072 conentur.
2540 2013 2647 2068 Sed
2683 2012 2829 2067 enim
2856 2011 3189 2065 submoleste
3231 2008 3369 2064 forte
3404 2010 3546 2061 latu-

1950 2128 2072 2165 rum
2106 2122 2158 2165 te
2184 2111 2438 2178 suspicor
2470 2120 2647 2160 meum
2698 2104 3108 2159 sermocinandi
3175 2116 3373 2173 genus.
3410 2100 3544 2166 Quzc

1951 2221 2076 2260 eum
2105 2221 2208 2274 ego
2243 2206 2529 2270 dixissem,
2565 2200 3001 2258 contristabatur
3046 2194 3235 2260 Persa,
3279 2195 3545 2265 vultuque

1953 2314 2177 2353 sensum
2216 2299 2385 2353 animi
2442 2298 2744 2357 indicante,
2801 2289 2952 2345 Nihil
3003 2285 3296 2353 ejusmodi,
3339 2286 3539 2356 inquit,

1962 2393 2142 2446 vereri
2171 2400 2422 2462 oportet:
2447 2401 2677 2445 eatenus
2720 2382 3164 2442 benevolentiam
3206 2386 3374 2452 ,s'uam
3411 2396 3543 2451 por-

1959 2487 2086 2557 rigi,
2138 2497 2417 2556 quatenus
2468 2501 2553 2541 me
2612 2485 2830 2540 veritati
2897 2484 3177 2538 adhaerere
3228 2486 3540 2537 cerneret:

1956 2582 2340 2661 quamobrem,
2377 2580 2575 2650 inquit,
2633 2578 2786 2653 loqui
2850 2577 2986 2631 nihil
3049 2591 3160 2646 prae
3211 2572 3541 2630 verecundia
3604 2560 3621 2571 ’

1958 2671 2262 2727 reticendo.
2294 2671 2416 2741 Ipse
2450 2672 2613 2725 etiam
2654 2670 2797 2726 idem
2827 2681 2883 2726 et
2910 2670 3094 2726 facere
3126 2684 3185 2723 se
3224 2676 3279 2725 ει
3310 2667 3367 2721 in
3398 2667 3543 2721 serie

1957 2766 2387 2836 disputationum
2421 2778 2637 2832 semper
2679 2765 2954 2819 factorum
2983 2762 3288 2817 allirmabat
3319 2779 3333 2815 :
3381 2775 3544 2815 cum-

1961 2876 2066 2929 que
2105 2875 2250 2921 eam,
2284 2873 2450 2927 quam
2508 2858 2588 2912 illi
2643 2872 2798 2912 eram
2855 2857 3152 2926 pollicitus,
3218 2856 3435 2924 plenam
3460 2854 3544 2909 lo-
3593 2846 3643 2906 .’

1934 2953 2160 3023 quendi
2210 2952 2514 3008 libertatem
2560 2963 2668 3003 non
2706 2957 2915 3018 peteret
2968 2954 3209 3011 tantum,
3269 2955 3541 3017 quantum

1961 3046 2202 3102 vicissim
2266 3052 2558 3115 repeteret,
2582 3058 2801 3113 acquum
2832 3056 2958 3097 esse
2982 3040 3249 3108 intellexi,
3284 3055 3372 3094 me
3402 3054 3543 3110 quo-

468 3122 568 3215 καὶ
597 3123 761 3177 αὐτὸν
806 3126 999 3197 πράως
1025 3130 1247 3185 ἀκούειν
1270 3114 1495 3189 λοιπόν·
1530 3138 1592 3191 οὐ
1628 3138 1738 3210 γὰρ
1785 3114 1851 3195 iv‘

1957 3156 2065 3209 que
2094 3138 2369 3209 promissa
2390 3151 2634 3215 servare,
2671 3148 2774 3189 nec
2825 3135 3054 3189 moleste
3106 3132 3252 3188 ferre
3306 3132 3540 3187 liberum

272 3209 542 3279 ἐξελέγξω
588 3215 670 3277 είς
703 3217 927 3284 ἀγῶνας
976 3222 1217 3291 ἐμαυτὸν
1249 3225 1472 3296 καθῆκα
1503 3228 1649 3299 άλλῳ
1686 3209 1893 3301 προσ-1

271 3302 505 3394 ηκοντας
540 3309 804 3378 σχήματι,
823 3311 939 3364 ἀλλ’
966 3314 1114 3379 ὅπως
1144 3332 1227 3369 σοι
1254 3318 1457 3373 τελέσω
1488 3321 1547 3374 τὸ
1579 3312 1851 3394 βούλημα·

272 3392 352 3445 ὅτι
408 3395 509 3449 καί
569 3414 656 3461 τις
714 3400 1001 3457 ὑποσαίνει
1058 3407 1167 3463 τῶν
1223 3413 1608 3481 χρηστοτέρων
1673 3392 1851 3478 ἐλπίς.

276 3485 441 3542 Ὀθεν
494 3490 722 3546 πάντων
777 3495 967 3551 εἵνεκα
1014 3499 1124 3554 οὐδ’
1172 3502 1486 3559 οὑτινοσοῦν
1528 3505 1592 3559 ἂν
1624 3508 1745 3580 εἴην
1775 3510 1855 3563 δί-

274 3593 427 3643 καιος
477 3582 801 3651 φείσασθαι,
830 3588 1042 3660 ὅσαπερ
1093 3593 1230 3664 πρὸς
1279 3594 1438 3649 τοῦτο
1480 3598 1669 3666 φέρειν
1716 3600 1853 3654 ὐπο-

273 3667 561 3739 λαμῦάνω.
592 3674 815 3739 Δίκαια,
853 3681 1055 3747 πάντες
1094 3683 1327 3753 ἔφασαν,
1368 3687 1549 3758 λέγεις
1573 3705 1588 3722 ·
1625 3693 1717 3746 καί
1755 3710 1851 3747 σου

272 3761 529 3832 δεόμεθα,
564 3770 822 3842 καθάπερ
854 3773 1276 3849 ἐφης,ποιῆσαι.
1325 3780 1592 3837 Ἐνταῦθα
1625 3786 1726 3855 μὲν
1755 3782 1851 3841 οὖν

276 3855 389 3924 πρὸ
428 3856 611 3930 δείλης
657 3861 801 3933 ἑῴας
823 3866 893 3920 τὰ
924 3867 1028 3937 τῆς
1065 3868 1329 3943 δευτέρας
1379 3876 1515 3945 ἡμῖν
1562 3876 1854 3945 διαλέξεως

274 3945 648 4021 ζτελεύτησεν.

276 4051 334 4096 ιιι
376 4045 589 4113 quidem
626 4053 798 4118 istud.
845 4056 1101 4127 inquiunt
1132 4075 1323 4118 omnes

1954 3232 2282 3302 responsum
2321 3248 2334 3285 :
2363 3229 2507 3300 quod
2523 3230 2637 3299 jam
2662 3228 2714 3282 in
2747 3227 3183 3297 principio,cum
3201 3240 3261 3282 se
3279 3226 3537 3280 daturum

1955 3328 2184 3391 diceret,
2221 3322 2652 3394 spoponderam.
2684 3320 2950 3390 Deinceps
2968 3319 3160 3389 igitur,
3190 3319 3440 3389 inquam,
3481 3326 3541 3372 ιιι

1959 3430 2175 3487 quoque
2201 3415 2432 3481 benigne
2469 3427 2556 3465 me
2576 3411 2768 3467 audies
2795 3429 2812 3466 :
2846 3426 2948 3465 nec
2976 3411 3122 3466 enim
3157 3418 3216 3465 ut
3246 3410 3545 3479 redargue-

1955 3520 2072 3561 rem
2102 3515 2152 3559 te
2174 3504 2433 3560 descendi
2464 3504 2518 3558 in
2555 3504 2659 3558 hoc
2687 3512 2989 3569 certamen,
3022 3502 3363 3558 conveniens
3395 3502 3542 3556 alius

1957 3614 2202 3669 personae
2232 3599 2394 3669 paulo
2433 3598 2674 3653 fortasse
2705 3597 2883 3667 magis
2914 3610 3080 3664 quam
3106 3595 3241 3649 mihi
3291 3611 3306 3649 :
3354 3604 3410 3649 at
3446 3593 3543 3647 de-

1957 3692 2146 3749 scendi
2177 3702 2235 3746 ut
2257 3705 2465 3748 morem
2496 3691 2591 3747 tibi
2635 3684 2880 3762 gererem
2907 3708 2920 3745 :
2944 3699 2999 3745 et
3034 3697 3299 3760 prasterea
3352 3689 3542 3745 nescio

1956 3801 2079 3858 quae
2113 3787 2461 3855 optimarum.
2496 3799 2677 3839 rerum
2703 3799 2831 3856 spes
2866 3780 2998 3839 mihi
3034 3783 3300 3854 injicitur.
3328 3775 3541 3848 Quibus

1948 3880 2213 3937 omnibus
2254 3880 2320 3934 de
2361 3879 2548 3934 causis
2586 3893 2698 3934 non
2747 3878 2942 3937 attinet
2997 3876 3094 3932 ulli
3159 3878 3238 3931 rei
3274 3886 3538 3948 :parcere,

1962 3988 2128 4043 quam
2153 3972 2220 4027 ad
2242 3954 2349 4027 hoc
2377 3970 2630 4033 conferre
2681 3986 2848 4043 posse
2896 3970 3156 4025 arbitror.
3210 3969 3541 4025 Rectissime

1373 4082 1389 4119 :
1446 4066 1794 4140 petimusque
1826 4081 1958 4139 ate,
2017 4080 2077 4125 ut
2124 4070 2271 4140 quod
2323 4069 2602 4140 pollicitus
2656 4084 2735 4133 es,
2785 4074 3164 4137 repraesentes.
3230 4067 3360 4130 Qua:
3410 4079 3538 4119 cum

276 4146 462 4194 essent
488 4142 653 4208 dicta.
675 4159 805 4204 ante
835 4155 1165 4210 matutinum
1198 4159 1583 4227 crepusculum
1611 4165 1888 4222 secundus
1912 4163 2163 4233 dialogus
2190 4162 2271 4218 sic
2294 4163 2591 4220 conclusus
2617 4170 2722 4217 est.

354 4345 692 4437 {ll-Videtur
717 4353 803 4409 hic
843 4354 1001 4426 ἔφην,
1050 4356 1170 4413 sive
1235 4359 1375 4430 πρὸς
1451 4362 1697 4434 ἐμαυτὸν
1769 4363 1851 4418 ὲλο

1954 4364 2132 4437 ἀμην,
2190 4366 2307 4422 sive
2370 4364 2479 4422 tale
2527 4363 2756 4434 aliquid,
2819 4364 2888 4420 ab
2945 4363 3150 4419 lectore
3200 4360 3538 4434 subintelligi

283 4412 493 4473 debere.

640 4546 661 4586 ι
1690 4546 1695 4553 ’
2848 4574 2851 4577 Α

293 4603 356 4651 I1
370 4607 3528 4668 ἓξὲξ-ἕξω

1572 4812 2271 4942 MONlTUM

1828 5074 1955 5117 ἈΒ

517 5253 928 5321 MANUELIS
988 5248 1478 5324 PALEGLOG]
1513 5261 1593 5322 IN
1626 5260 2021 5321 FRATREM
2073 5246 2289 5325 SUUM
2337 5264 2821 5328 ORATIONEM
2847 5264 3295 5328 FUNEBREM.

1441 5410 1734 5473 (Consus.
1796 5411 1941 5462 Auct.
2010 5409 2137 5464 Bibl.
2206 5412 2360 5473 PP.)

354 5671 796 5743 Luculeutissima
824 5683 1099 5749 oratione,
1136 5698 1261 5739 cum
1297 5699 1451 5741 suam
1474 5684 1775 5756 fratrisque
1793 5687 2051 5758 pietatem
2083 5683 2591 5755 egregietestatam,
2609 5682 2822 5742 meliori
2851 5701 2968 5745 evo
2997 5703 3063 5747 ac
3084 5689 3303 5747 fortuna
3332 5691 3536 5765 dignus

283 5759 591 5836 imperator,
614 5765 768 5837 facit,
798 5768 1033 5840 ejusque
1058 5768 1197 5825 alias
1222 5769 1453 5826 virtutes
1471 5772 1738 5842 celebrat,
1765 5784 1879 5832 tum
1903 5773 2209 5832 occidentis
2243 5772 2536 5849 in_0riente
2560 5771 2798 5833 Romani
2830 5775 3069 5851 imperii,
3085 5759 3436 5856 Orientisque
3459 5798 3526 5840 ac
