4048 6224
500 301 602 365 175
1680 303 2070 363 MANUELIS
2106 305 2543 366 PAUEOLOGI
3222 326 3230 331 '
3623 311 3725 375 176

492 418 692 471 mirum
733 424 1000 486 quantum
1035 414 1406 485 promoveatis
1442 413 1745 477 Osmanici,
1778 416 2015 484 speciem
2052 418 2329 485 proponit.
2367 419 2533 472 Plura
2582 418 2838 473 edisserit
2867 432 2931 472 ex
2963 418 3163 487 quibus
3205 418 3461 487 politicus
3487 418 3722 488 imperio

494 516 769 570 regnoque
802 503 975 569 possit
1000 500 1304 563 consulere,
1331 498 1510 567 eique,
1540 514 1569 551 a
1594 499 1890 571 Christiani
1926 500 2166 555 nominis
2195 506 2469 558 communi
2500 508 2687 559 eodem
2724 506 2900 567 hoste,
2951 519 3063 572 quo
3099 506 3337 560 deletqu
3369 516 3451 561 est
3514 506 3722 561 Orien-

493 590 598 641 tale
629 588 941 654 imperium,
964 587 1047 639 vel
1078 587 1237 639 modo
1272 600 1490 646 cavere,
1524 600 1646 639 cum
1674 587 1716 639 is
1752 587 1953 639 bellum
1979 588 2033 640 in
2063 586 2408 641 Christianos
2441 588 2829 650 instauratum,
2863 590 3020 642 novis
3058 588 3168 654 jam
3202 578 3473 653 victoriis,
3535 604 3599 642 ac
3654 594 3722 640 ab

488 687 632 723 anno
666 670 857 731 altero,
894 667 1177 720 celebrare
1210 668 1395 735 cmpit.
1427 665 1649 733 Fecere,
1677 684 1799 721 cum
1835 668 2148 723 Graecorum
2172 671 2461 727 discordia:
2487 685 2707 737 mittiue,
2736 683 3011 741 tantaeque
3039 674 3229 739 illaqde
3254 690 3466 728 summa
3503 676 3719 743 imperii

488 755 945 817 concertationes,
989 763 1100 807 tum
1136 754 1492 822 dynastarum
1535 754 1795 818 aliorum,
1834 755 2025 809 iisdem
2068 770 2134 809 ac
2162 756 2263 809 sibi
2316 766 2504 809 nuttuo
2540 757 2683 811 haud
2708 757 2848 809 satis
2878 756 3340 819 convenientium,
3372 758 3515 831 mala
3539 758 3720 811 studia

489 849 547 891 ut
575 854 640 891 ne
679 838 909 890 aliorum
942 838 1246 901 neglectum
1277 834 1480 897 dicam,
1519 836 1661 888 haud
1694 838 2002 905 putantium
2030 840 2278 908 ipsorum
2305 859 2417 896 retu
2453 844 2561 911 agi,
2597 860 2721 898 eum
2757 844 2977 896 arderet
3004 842 3285 907 proximus
3318 843 3515 908 paries,
3548 854 3603 894 ut
3643 846 3721 895 sic

487 926 687 979 nostris
708 925 899 979 accisis
925 925 1107 987 rebus,
1131 931 1427 990 coactoque
1459 925 1510 975 in
1534 939 1663 979 casa
1691 928 1935 995 ngustias
1955 927 2260 981 Christiana
2289 928 2585 994 republica,
2608 924 2952 978 formidabile
2977 924 3113 977 adeo
3146 924 3432 992 imperium
3463 926 3516 977 in
3539 925 3722 977 mundi

488 1020 673 1077 partes
696 1024 888 1061 omnes
920 1007 1089 1060 bestia
1122 1008 1412 1074 proferret,
1446 1022 1507 1060 ac
1539 1018 1647 1060 tam
1680 1010 1866 1063 multis
1898 1013 2195 1079 provinciis
2218 1014 2515 1068 Christiani
2542 1013 2757 1080 imperii
2788 1012 2972 1066 lumen
3005 1011 3402 1079 exstingueret.
3429 1010 3472 1065 Ο
3504 1012 3715 1064 utinam

490 1098 573 1150 vel
606 1112 728 1151 sero
767 1096 1007 1159 tandem,
1038 1094 1248 1148 funesta
1283 1095 1418 1147 adeo
1454 1095 1655 1163 imago,
1678 1104 1941 1151 terrorem
1976 1116 2138 1168 quem
2167 1108 2246 1152 est
2279 1108 2428 1160 nata,
2456 1097 2660 1150 nostris
2711 1096 3009 1163 imprimat,
3053 1095 3395 1162 multamque
3426 1093 3596 1155 illam,
3628 1094 3724 1145 sed

490 1182 787 1233 tardiorem
814 1180 867 1232 in
902 1179 1112 1229 hostem
1150 1177 1396 1229 nonnihil
1425 1179 1694 1233 hactenus
1728 1183 2106 1251 remotiorem,
2140 1201 2328 1240 eorum
2359 1187 2617 1238 virtutem
2650 1182 2942 1251 provocet!
2985 1180 3097 1235 lloc
3129 1180 3249 1243 tibi,
3284 1180 3488 1242 Gallia.
3540 1179 3719 1232 Ludo-

490 1268 593 1321 vici
632 1265 768 1320 Justi
798 1280 861 1319 ac
894 1263 1160 1318 Adeodali
1197 1265 1273 1315 tui
1304 1265 1591 1332 auspiciis.
1622 1266 1810 1337 gloriae
1843 1273 2011 1327 tantis
2035 1272 2295 1331 cumulis,
2332 1279 2601 1335 tantaque
2630 1265 2846 1333 imperii
2906 1266 3229 1332 prolatiooe,
3293 1263 3483 1316 divina
3539 1263 3720 1315 virtus

488 1351 828 1421 pugnaverit,
864 1356 1192 1417 pugnetque,
1226 1361 1334 1413 quo
1360 1347 1473 1414 ipsa
1508 1349 1726 1413 iterum,
1756 1351 1810 1405 in
1843 1354 2087 1420 ejusdem
2124 1376 2187 1414 ac
2237 1356 2539 1412 Christiani
2568 1354 2803 1408 nominis
2836 1354 3017 1407 hostes
3054 1353 3196 1415 illos,
3229 1361 3317 1404 tua
3348 1350 3435 1404 illa
3477 1352 3719 1403 victricia

488 1441 664 1506 signa,
695 1435 922 1490 inferas.
960 1431 1031 1488 Ut
1064 1437 1166 1487 sub
1197 1433 1463 1497 Manuele,
1502 1450 1566 1489 ac
1600 1451 1665 1490 eo
1691 1440 1791 1492 abs
1818 1452 1871 1495 te
1895 1454 2126 1514 rogante
2173 1442 2461 1503 auxilium.
2494 1442 2574 1494 sic
2612 1439 2915 1499 habuisses,
2949 1451 3154 1505 parque
3190 1435 3319 1487 illud
3357 1443 3505 1487 tuum
3534 1451 3564 1485 a
3616 1434 3727 1487 Ileo

486 1526 735 1575 ιίθιοιυῐη
760 1534 823 1573 ac
846 1527 1293 1572 οθιιεθννθῑοτυηι
1320 1517 1573 1583 fratrum.
1604 1519 1679 1573 υιί
1708 1523 1984 1581 modotibi
2020 1532 2393 1598 praelulsisset,
2430 1530 2654 1583 haberet
2684 1528 2825 1581 forte
2857 1542 2986 1581 suos
3027 1526 3207 1577 adhuc
3239 1522 3448 1578 Graecia
3482 1522 3723 1593 impera-

489 1621 653 1671 101‘85.
690 1607 939 1672 ιυιιωιιυθ
968 1604 1057 1656 illa
1090 1618 1321 1667 cornua.
1359 1606 1547 1659 basliie
1575 1607 1833 1663 domitrix
1860 1619 2245 1675 contrivisses.
2291 1615 2452 1669 Nunc
2481 1614 2667 1681 itaque
2709 1610 2893 1663 fauste
2944 1617 3215 1671 conteras,
3247 1607 3555 1675 tuajorique
3608 1609 3727 1675 glo-

490 1695 566 1747 ria
602 1694 877 1745 iustaures
910 1687 1212 1756 deperdita,
1245 1704 1407 1755 quam
1442 1704 1568 1744 eras
1596 1695 1935 1760 sospiratura
1970 1700 2237 1756 hactenus
2275 1701 2509 1765 integra.

560 1775 733 1842 llujus
760 1774 813 1825 in
844 1770 1225 1839 Pel0ponneso
1257 1788 1284 1822 a
1316 1770 1561 1825 Manuele
1590 1773 1788 1829 habita:
1816 1778 2063 1835 funebris
2090 1782 2380 1844 orationis,
2409 1778 2498 1832 ubi
2527 1776 2593 1831 ad
2644 1773 3079 1829 confirmandum
3150 1769 3439 1823 Theodoro
3501 1769 3713 1835 juniori

488 1858 773 1927 imperium
804 1871 834 1908 a
863 1856 1090 1908 decessu
1134 1854 1311 1921 patrui
1349 1868 1414 1906 eo
1445 1861 1833 1921 concessisset,
1866 1863 1917 1915 iu
1946 1854 2061 1918 lianc
2096 1865 2259 1916 verba
2289 1859 2540 1914 meminit
2598 1856 2871 1910 Laouicus
2898 1854 3153 1908 Historia:
3206 1850 3445 1904 Turcicw
3496 1850 3593 1905 lib.
3622 1865 3677 1903 tv
3708 1868 3723 1904 :

499 1941 785 2005 Ἐπάνειμι
815 1937 907 1986 ἐπὶ
947 1935 1247 2002 Θεόδωρον,
1283 1934 1374 1986 τὸν
1412 1936 1681 2002 βασιλέως
1713 1943 1898 2005 παῖδα,
1958 1946 2206 2014 ἡγεμόνα
2232 1944 2490 2010 Σπάρτης
2539 1954 2599 1989 τε
2640 1939 2733 1990 καὶ
2761 1939 2861 2005 τῆς
2884 1936 3051 2004 ἄλλης
3084 1934 3512 2003 Πελοποννήσου,
3546 1932 3728 1995 ὃςύπὸ

488 2021 766 2090 Θεοδώρου
804 2018 899 2070 τοῦ
929 2016 1183 2087 πατρὼου
1221 2019 1565 2089 ἑξετρέφετο,
1594 2020 1709 2089 ἅμα
1757 2025 1853 2075 καὶ
1883 2027 2201 2095 ἐπαιδεύθη.
2234 2026 2389 2077 Μετὰ
2406 2023 2460 2074 δὲ
2485 2022 2679 2083 ταῦτα,
2722 2019 3053 2087 κατελείφθη
3088 2020 3142 2080 ὲς
3170 2020 3270 2088 τὴν
3324 2017 3500 2087 ἀρχὴν
3560 2017 3725 2069 αὑτοῦ

487 2104 730 2181 ἡγεμών.
767 2102 853 2163 Ἐς
880 2102 1039 2153 τοῦτο
1073 2101 1130 2153 δὲ
1166 2102 1498 2169 ἀφικόμενος
1521 2104 1547 2154 6
1584 2107 1770 2175 πατὴρ
1802 2106 1965 2159 αὑτοῦ
2015 2108 2367 2181 Ἑμμανουῂλ
2392 2109 2418 2160 6
2458 2106 2754 2168 Βυζαντίου
2798 2103 3076 2173 βασιλεὺς,
3109 2104 3202 2156 τόν
3240 2118 3299 2154 τε
3337 2103 3535 2154 παῖδα..
3565 2100 3726 2153 καθί-

490 2178 592 2259 στη
632 2190 684 2251 ἐς
724 2186 820 2258 τὴν
853 2186 1048 2255 ἀρχὴν,
1074 2186 1165 2238 καὶ
1185 2186 1275 2237 ἐπὶ
1312 2184 1386 2255 τῷ
1409 2186 1624 2254 ἁδελφῷ
1655 2188 1755 2256 ἤδη
1777 2190 2187 2260 τετελευτηκότι
2230 2178 2389 2259 λόῇον
2426 2190 2736 2259 ἐπιτήδειον
2792 2186 3176 2255 ὲξετραγῴδει,
3228 2184 3447 2249 διεξιὼν
3502 2184 3598 2236 ἐπὶ
3645 2183 3727 2253 τῷ

486 2276 641 2342 τάφῳ
668 2269 857 2335 αὐτοῦ’,
887 2269 1372 2339 ἁπολοςρυρόμενὸς
1404 2286 1459 2320 τε
1486 2269 1602 2339 ἅμα
1628 2270 1720 2322 τὸν
1767 2272 2074 2342 ἐπιτήδειον
2098 2278 2114 2328 ἐ

2167 2274 2327 2341 ελφόν
2350 2288 2365 2302 ·
2401 2271 2572 2325 Porro
2606 2272 2761 2324 redeo
2796 2271 2863 2322 ad
2898 2267 3235 2321 Theodorum
3265 2266 3603 2333 imperatoris
3657 2268 3724 2333 fi-

489 2362 640 2423 lium,
679 2357 887 2422 Spartw
914 2370 974 2406 ac
1007 2354 1221 2421 reliqua:
1272 2350 1619 2419 Peloponnesi
1646 2356 1953 2422 principem,
2009 2358 2098 2427 qui
2130 2374 2160 2409 a
2202 2356 2469 2409 Theodoro
2499 2365 2689 2423 patruo
2720 2355 2998 2416 educatus,
3024 2370 3084 2405 ac
3114 2353 3404 2420 disciplinis
3429 2352 3729 2418 institutus,

487 2444 598 2508 ejus
642 2448 822 2507 postea
878 2437 1143 2488 demortui
1165 2434 1527 2501 principatum
1563 2438 1782 2502 accepit.
1816 2436 1933 2498 Qua
1959 2439 2020 2490 de
2045 2456 2097 2493 re
2132 2439 2447 2493 Emmanuel
2469 2449 2621 2507 pater
2638 2438 2965 2507 Byzantinus
2989 2441 3276 2504 imperator
3298 2436 3725 2503 Peloponnesum

487 2524 700 2576 veniens
731 2536 849 2572 cum
874 2519 1047 2587 ﬁlium
1081 2517 1315 2586 pra’fecit
1341 2518 1643 2585 provinciw,
1675 2520 2037 2588 egregiamque
2058 2538 2211 2589 super
2235 2523 2398 2589 fratre
2424 2522 2537 2589 iam
2565 2521 2812 2587 defuncto
2843 2522 3129 2572 orationem
3160 2518 3429 2586 funebrem
3462 2518 3728 2570 declama-

490 2607 580 2669 vit,
634 2619 749 2655 eam
782 2604 1009 2655 recitans
1036 2603 1104 2653 ad
1136 2601 1250 2668 ejus
1276 2601 1596 2667 sepulcrum,
1628 2600 1949 2667 fratremque
1976 2618 2038 2654 ac
2061 2605 2413 2656 necessarium
2446 2604 2649 2673 lugens.
2674 2603 2835 2656 Plura
2866 2602 3094 2655 subinde
3144 2603 3209 2654 de
3234 2615 3417 2655 ucstro
3440 2615 3502 2654 ac
3527 2600 3729 2654 seniori

491 2684 792 2737 Theodoro
824 2683 1158 2751 perstringit,
1201 2697 1269 2736 ne
1301 2682 1428 2735 vitia
1462 2682 1679 2750 quidem
1712 2682 2087 2747 dissimulans,
2122 2688 2318 2753 quibus
2345 2689 2436 2742 ille
2468 2704 2574 2741 non
2613 2688 2837 2740 omnino
2882 2690 3079 2740 caruit.
3128 2685 3301 2739 llabct
3340 2696 3582 2738 creatum
3630 2686 3729 2737 de.

491 2776 698 2835 spetam
720 2782 782 2820 ac
808 2768 997 2821 ducem
1025 2764 1407 2835 Peloponnesi,
1435 2780 1559 2817 cum
1578 2764 1688 2831 jam
1716 2764 2189 2825 liliiCantacuzeni
2216 2775 2479 2828 ohiissent
2499 2776 2556 2825 ὲν
2589 2766 3073 2845 Σπάρτῃξερανιω
3102 2789 3120 2827 ,·
3147 2776 3291 2841 quod
3319 2773 3589 2840 interpres
3618 2788 3731 2823 nia-

418 2903 425 2911 .
492 2860 542 2908 le
568 2856 773 2912 omisit.
801 2855 1013 2909 Manuel
1052 2854 1285 2908 alterum
1310 2863 1542 2915 tantum,
1570 2866 1621 2906 et
1646 2854 1739 2921 qui
1770 2864 1917 2907 esset
1960 2858 2259 2922 prtelectus
2288 2857 2681 2927 Peloponneso,
2733 2860 3003 2930 signiticet
3048 2872 3335 2924 mortuum
3366 2860 3484 2911 sine
3539 2856 3729 2910 liberis

491 2939 600 2992 alio
635 2939 953 3009 superstite,
987 2936 1147 3006 cujus
1168 2944 1353 2991 essent
1376 2936 1588 3005 probati
1619 2950 1817 3000 mores,
1837 2937 1932 2989 sed
1966 2953 2129 3005 quem
2161 2938 2327 3002 lilius,
2356 2954 2421 2992 ac
2449 2938 2819 2993 consobrinus
2873 2938 3155 2993 Theodori
3213 2954 3397 2993 rerum
3453 2954 3728 2995 summam

491 3031 611 3086 post
644 3030 899 3093 patruum
937 3020 990 3074 in
1020 3019 1399 3089 Peloponneso
1425 3019 1699 3083 ambiens,
1724 3034 1881 3073 secus
1907 3031 2115 3090 ageret.

2412 3240 3720 3263 W

945 3408 1580 3499 ΠΡΟΘΕΩΡΙΑ
1670 3408 1898 3495 ΤΟΥ
1978 3408 2567 3495 ΠΑΡΟΝΤΟΣ
2662 3405 3040 3492 ΛΟΓΟΥ
3108 3396 3188 3474 (⁸)
3231 3465 3249 3485 .

1280 3730 2114 3824 ARGUMENTU-M
2228 3727 2942 3818 ORATIONIS.

560 4048 854 4107 Exordium
889 4042 1109 4117 quidem
1138 4041 1513 4098 vehementius
1553 4040 1886 4111 lugubre,'ac
1920 4057 2058 4113 qua-
2083 4050 2114 4107 Α

2232 4043 2541 4115 Περιπαθὲς
2572 4042 2670 4111 μὲν
2713 4040 2774 4095 τὸ
2806 4042 3111 4112 προοίμιον,
3161 4044 3257 4097 καὶ
3286 4038 3398 4097 οἷον
3431 4045 3633 4113 γένοιτ’
3664 4046 3736 4100 ἂν

487 4147 538 4202 le
578 4144 811 4200 maxime
843 4138 1092 4203 fratrem,
1143 4150 1308 4206 super
1342 4133 1526 4189 fratris
1557 4132 1749 4189 funere
1783 4145 2053 4202 orantem,

488 4240 698 4294 deceat.
730 4232 834 4289 Ubi
891 4240 1073 4286 autem
1130 4238 1403 4282 oratorem
1444 4241 1628 4293 agens,
1688 4225 2061 4281 divinissimus

489 4333 821 4397 imperator,
876 4338 1069 4391 parum
1133 4320 1261 4388 quid
1320 4318 1482 4372 etiam
1540 4318 1755 4382 generis
1791 4317 2057 4379 meminit,

490 4420 631 4475 haud
674 4420 726 4471 in
757 4430 821 4468 eo
848 4413 1052 4465 diutius
1083 4418 1345 4465 moratur.
1364 4409 1537 4459 Porro
1573 4409 1831 4461 devectus
1862 4420 2063 4463 sermo-

491 4527 558 4566 ne
597 4510 663 4562 ad
697 4506 797 4559 viri
823 4512 963 4565 acta,
998 4514 1097 4554 nec
1157 4512 1329 4566 pauca
1367 4497 1478 4562 illa,
1521 4511 1619 4550 nec
1647 4504 1700 4549 ut
1740 4496 1887 4550 brevi
1936 4513 2061 4551 ora-

492 4602 639 4655 tione
669 4595 990 4665 explicanda
1022 4591 1221 4655 forent,
1276 4602 1564 4652 excusans,
1600 4598 1653 4640 ut
1705 4588 1834 4656 quia
1868 4604 2057 4641 eorum

494 4691 753 4762 Splendor
785 4686 1039 4741 omnibus
1074 4692 1276 4750 pateat,
1316 4694 1415 4733 nec
1442 4696 1473 4731 ει
1505 4696 1775 4747 quoquam
1817 4689 2061 4749 ιιρεριυτ,

493 4762 888 4837 haud’neccsse
943 4776 1013 4830 sit
1042 4772 1253 4841 singula
1297 4785 1572 4833 enarrare,
1628 4787 1691 4824 eo
1729 4770 1843 4839 ipso
1896 4772 2059 4825 etiam

490 4874 647 4927 valde
696 4875 963 4924 exornat:
1032 4864 1219 4931 sicque
1282 4861 1536 4929 deinceps
1595 4862 1713 4928 ejus
1772 4856 2062 4929 aggressus

490 4963 699 5025 laudes,
732 4961 961 5029 primunt
992 4956 1059 5009 de
1084 4955 1201 5024 ejus
1227 4951 1450 5023 pueritia
1478 4952 1721 5015 disserit,
1752 4963 1916 5023 utque
1949 4968 2063 5005 om-

492 5055 624 5109 nino
663 5050 913 5105 habuerit
942 5046 1205 5111 moribus,
1254 5060 1316 5100 ac
1347 5044 1526 5115 qualis
1550 5046 1631 5098 vir
1664 5047 1861 5107 factus.
1901 5045 2063 5098 fuerit

496 5144 799 5199 universis:
832 5153 943 5195 tum
967 5154 1105 5193 vero,
1125 5138 1191 5193 ad
1213 5147 1328 5191 acta
1367 5152 1430 5192 ac
1459 5151 1547 5191 res
1565 5144 1745 5206 gestas
1777 5138 2013 5204 procedit
2047 5154 2059 5189 ε

496 5244 837 5312 primumque
870 5252 1060 5293 eorum
1114 5234 1441 5289 mentionem
1469 5231 1621 5298 facit,
1644 5248 1765 5301 quae
1787 5232 2059 5300 quondam

495 5337 548 5388 in
581 5344 811 5404 patrem,
840 5330 1200 5398 eumdemque
1228 5328 1425 5394 ipsum,
1450 5338 1512 5377 ac
1543 5324 1872 5393 propinquos
1906 5326 2062 5386 alios,

2163 4137 2378 4207 ἀδελφῷ
2413 4136 2647 4205 μάλιστα
2678 4135 2913 4204 πρέπον,
2939 4136 3225 4204 ἐπιτάφιον
3258 4136 3344 4190 ἐπ’
3376 4137 3588 4207 ἀδελφῷ
3624 4138 3737 4191 διε-

2165 4232 2365 4297 ξιόντιο
2400 4228 2659 4298 πατρίδος
2689 4227 2746 4281 δὲ
2780 4227 2872 4279 καὶ
2909 4228 3099 4294 γένους
3152 4227 3325 4297 βραχύ
3359 4245 3410 4279 τι
3443 4227 3731 4296 μνησθεὶς,

2163 4324 2191 4375 6
2217 4321 2344 4375 τάδε
2379 4320 2554 4385 λέγων
2584 4318 2857 4375 (θειότατος
2895 4317 3167 4387 βασιλεὺς,
3196 4318 3297 4371 οὐκ
3328 4320 3420 4372 ἐπὶ
3447 4320 3611 4373 πλέον
3639 4321 3731 4371 ὲν-

2164 4410 2425 4482 διατρίόει
2458 4409 2537 4477 τῷ
2598 4410 2724 4477 περὶ
2778 4409 2984 4463 τούτων
3046 4410 3254 4480 χωρίῳ.
3306 4410 3732 4480 Ἐπιγενόμενος

2166 4507 2265 4576 μὲν
2289 4509 2380 4559 ἐπί
2407 4508 2502 4567 τὰς
2535 4507 2628 4558 τοῦ
2677 4506 3070 4575 ἐπαινουμένου
3122 4506 3373 4575 πράξεις,
3411 4507 3576 4570 οὔσας
3627 4510 3732 4564 οὐκ

2162 4596 2372 4665 ὀλίγας,
2408 4598 2524 4649 οὐδὲ
2555 4597 2800 4666 βραχέων
2846 4596 2952 4649 τῶν
2986 4597 3160 4663 λόγων
3187 4597 3451 4665 δεομένας
3478 4614 3493 4629 ’
3526 4601 3733 4652 ἀπολο-

2164 4689 2289 4758 γίαν
2314 4688 2368 4741 δὲ
2391 4688 2783 4755 πορισάμενος,
2823 4686 2897 4750 ὡς
2944 4688 3033 4761 ᾷιὰ
3060 4688 3120 4739 τὸ
3164 4690 3297 4741 πᾶσι
3328 4689 3531 4743 τούτων
3575 4706 3735 4759 περι-

2166 4780 2354 4850 φανὲς,
2382 4781 2476 4833 καὶ
2512 4779 2632 4848 μηδ’
2668 4779 2755 4847 ὑφ’
2784 4779 2900 4840 ἑνὸς
2927 4779 3091 4849 ἁρνού
3102 4796 3283 4848 μενον,
3313 4780 3411 4832 οὐκ
3435 4782 3735 4849 ἀναγκαῖον

2165 4873 2248 4939 εἴη
2286 4869 2620 4923 καθὲκσιστον
2660 4869 2912 4934 διεξιέναι
2964 4871 3087 4937 περὶ
3142 4871 3341 4931 αὐτῶν,
3369 4872 3516 4941 αὐτῷ
3555 4873 3735 4942 τούτῳ

2166 4964 2257 5017 καὶ
2294 4963 2438 5031 μάλα
2477 4962 2756 5029 σεμνύνει.
2808 4960 3026 5012 Ἔπειθ’
3058 4961 3201 5013 οὕτω
3255 4962 3363 5013 τῶν
3414 4962 3533 5015 κατ’
3568 4965 3733 5015 αὑτὸν

2164 5055 2256 5107 τὸν
2287 5051 2678 5120 ἐπαινούμενον
2706 5051 2877 5118 λόγων
2909 5052 3210 5119 ἁψάμενος,
3234 5052 3451 5121 πρῶτον
3482 5054 3580 5121 μὲν
3604 5054 3734 5122 περὶ

2165 5148 2264 5213 τῆς
2288 5149 2349 5196 ὲκ
2382 5144 2569 5205 παιδος
2603 5143 2829 5212 τροφῆς,
2860 5144 2953 5194 καὶ
3005 5142 3099 5195 τοῦ
3128 5144 3251 5195 ὅλου
3288 5145 3455 5214 ἤθους
3482 5144 3733 5207 διέξεισι,

2168 5238 2262 5288 καὶ
2286 5232 2394 5297 οἷος
2416 5237 2525 5295 τοῖς
2563 5234 2701 5296 ὅλοις
2731 5229 2798 5301 ἦν
2825 5235 2851 5284 6
2888 5235 3027 5303 ἁνήρ
3048 5249 3060 5262 ⁸
3094 5229 3193 5286 εἶτ’
3222 5235 3318 5287 ἐπὶ
3360 5234 3459 5295 τὰς
3501 5234 3737 5302 πράξεις

2165 5344 2223 5377 τε
2260 5329 2352 5378 καὶ
2407 5327 2476 5377 τὰ
2521 5324 2658 5392 ἔργα
2712 5326 2897 5393 χωρεῖ.
2950 5326 3055 5377 Καὶ
3092 5326 3311 5393 πρῶτον
3354 5324 3453 5395 μὲν
3504 5326 3738 5376 ἐκείνων

492 5440 618 5480 cum
653 5426 689 5479 li
726 5426 887 5479 rebus
915 5421 1165 5476 adversis
1214 5424 1514 5480 uterentur,
1546 5414 1613 5467 ab
1642 5430 1705 5468 eo
1729 5426 1875 5483 gesta
1908 5426 2054 5481 sunt,
2092 5408 2114 5457 Ι

2170 5419 2465 5485 μέμνηται,
2506 5416 2537 5466 ξι
2570 5431 2696 5466 ποτε
2737 5414 2863 5481 περί
2897 5432 2954 5466 τε
2990 5418 3079 5469 τὸν
3115 5418 3346 5488 πατέρα,
3384 5417 3477 5470 καὶ
3508 5417 3734 5479 ἑαυτδν,

494 5526 787 5584 narratque
815 5524 871 5567 ut
899 5512 986 5566 ille
1037 5511 1089 5563 in
1147 5508 1308 5562 rebus
1337 5504 1584 5559 habuerit
1612 5520 1625 5555 :
1688 5515 1798 5556 tum
1833 5505 2055 5570 gradum

2169 5510 2261 5558 καὶ
2295 5506 2400 5557 τῶν
2451 5504 2623 5556 ἄλλων
2656 5505 2867 5557 οἰκείων
2921 5509 3045 5570 τοὺς
3080 5507 3197 5560 τότε
3244 5506 3737 5577 δεδυστυχηκότας,

555 5699 617 5765 (⁸)
642 5700 874 5756 Auctore,
892 5698 1029 5758 juxta
1050 5693 1157 5743 cod.
1178 5692 1239 5741 88
1268 5705 1345 5752 ap.
1370 5688 1703 5748 Lambecium,
1741 5686 1981 5738 Gemis-tio
2005 5688 2267 5740 Plethone.
