4048 6224
267 364 354 426 177

1023 369 1831 441 ΤΗΕΟΒΟΒΙῘΟΕΞΡΟἨΕ
1878 380 2267 446 LAUDATIO
2306 389 2714 453 FUNEBRIS.

3422 404 3522 470 178

261 480 559 550 ἐπέπρακτο
583 481 752 553 αὐτῷ,
774 484 871 536 κιαι)⁵
888 482 965 547 ῶς
988 485 1340 559 προσηνέχθη
1367 489 1479 567 τοῖς
1498 489 1621 543 τότε
1648 493 1824 561 πράγ-

1937 490 2134 552 iaciens
2165 499 2231 551 ad
2268 494 2755 572 Peloponnesiaco,
2815 509 3051 579 primum
3093 514 3343 569 meminit
3395 517 3517 586 ejus

264 589 380 639 μασι
408 587 421 600 ·
452 571 593 641 μετά
612 573 670 626 δὲ
716 573 914 639 ταῦτα,
961 577 1055 629 ἐπὶ
1092 577 1159 632 τὰ
1189 580 1679 651 Πελοποννησιακά
1712 584 1814 658 ἤδη

259 662 513 731 χωρήσας,
550 664 778 736 πρώτης
814 666 916 737 μὲν
966 668 1068 739 τῆς
1100 671 1182 734 είς
1210 672 1313 743 τὴν
1364 673 1552 745 χώραν
1579 676 1819 745 ἀφίξεως

262 752 535 822 μέμνηται,
568 757 646 818 ὡς
681 758 777 811 καὶ
810 761 1251 845 πρρσδοκηθείσα
1285 766 1449 836 μόνον
1470 767 1649 840 ὤνησε
1687 774 1818 842 πρὶν

260 842 510 909 γενέσθαι,
553 850 648 900 καὶ
695 848 772 911 ὡς
811 842 1034 921 ἀφῖκτο,
1067 854 1162 907 καὶ
1213 855 1292 920 ὡς
1324 859 1479 929 παρά
1497 861 1609 914 τῶν
1643 864 1820 934 ἐγχω-

264 935 377 1002 ρίων
400 938 658 1004 ἀσμένως
696 942 996 1015 ὑπεδέχθη.
1039 941 1114 1002 Οὐ
1146 949 1364 1020 omam).
1397 953 1511 1006 τῶν
1550 957 1682 1027 περὶ
1725 958 1819 1012 τοῦ

260 1044 309 1079 τε
336 1029 477 1099 σφῶν
504 1032 682 1101 θείου,
710 1037 804 1090 καὶ
838 1038 1062 1108 ἀνεψιοῦ
1094 1040 1376 1112 ἁψάμενος
1398 1043 1600 1114 λόγων,
1628 1044 1689 1102 εὖ
1720 1051 1823 1120 μά-

260 1120 315 1171 λα
348 1121 703 1211 φυλάττεται,
752 1129 814 1182 τὸ
866 1132 1043 1202 μηδὲν
1075 1134 1137 1198 ές
1182 1135 1388 1202 αὐτοὺς
1433 1139 1650 1211 ἀπηχὲς
1698 1143 1821 1197 καθ’

259 1212 363 1266 ὅσον
398 1207 510 1270 οἷόν
547 1235 630 1280 τε,
679 1222 816 1291 μηδὲ
871 1227 1136 1296 φορτικὸν
1176 1231 1378 1287 εἰπεῖν.
1440 1207 1675 1290 Ἔπειτα
1723 1237 1824 1307 τῆς

246 1303 525 1377 κἸλλυριῶν
556 1311 745 1367 αὐτόθι
774 1317 1159 1384 μετοικίσεως,
1196 1320 1273 1385 ῶς
1320 1322 1616 1394 δύσκριτόν
1644 1336 1710 1395 γε
1736 1303 1822 1395 ὃν,

259 1395 350 1450 the
381 1403 759 1466 παραδεκτέον
789 1408 993 1473 αὐτοὺς
1020 1410 1080 1474 ὲς
1119 1413 1218 1482 τὴν
1256 1414 1464 1486 χώραν,
1500 1420 1613 1472 εἴτε
1650 1421 1725 1489 μή
1748 1435 1761 1450 ·
1796 1423 1826 1475 ὀ

256 1490 295 1542 δ’
313 1491 523 1558 ὲδέξατό
549 1511 610 1546 τε
641 1497 703 1549 οὐ
726 1497 921 1554 δοκοῦν
942 1502 1089 1558 οὕτω
1107 1506 1222 1568 τοῖς
1236 1506 1477 1576 πολλοῖς,
1501 1510 1665 1574 αὐτὸς
1680 1511 1826 1581 μάλα

257 1584 511 1655 εὐστόχως
548 1586 981 1663 βεϐουλευμένος
1010 1597 1144 1667 περὶ
1195 1599 1292 1652 τοῦ
1333 1605 1701 1669 συνοίσοντος,
1731 1608 1828 1660 καὶ

229 1672 307 1736 οὲς
323 1673 430 1727 δέον
465 1676 687 1743 τούτοις
733 1680 1046 1752 ἐχρήσατο·
1083 1688 1180 1740 καὶ
1215 1690 1358 1758 μετά
1390 1690 1554 1745 τοῦτο
1572 1693 1682 1762 ’τῆς
1713 1694 1826 1748 τῶν

1922 578 1976 632 in
2012 584 2344 649 provinciam
2379 588 2666 657 adventus,
2695 603 2753 649 ιιι
2789 578 2905 653 sola
2942 603 3276 670 exspectatio
3314 602 3522 672 juverit

1921 687 2045 725 cum
2070 674 2164 727 'res
2199 681 2413 732 tantum
2441 680 2492 734 in
2548 682 2830 750 procinctu
2881 702 3001 744 esse
3043 705 3058 742 :
3108 700 3273 760 utque
3339 694 3557 764 reipsav

1921 763 2231 832 advenerit,
2266 770 2453 839 sitque
2508 772 2755 831 laetanter
2783 778 2852 832 ab
2878 779 3150 851 indigenis
3178 795 3472 855 susceptus
3498 806 3514 843 :

1922 871 2034 927 quo
2065 857 2209 923 loco,
2244 873 2370 915 cum
2402 863 2664 933 erupisset
2690 865 2758 922 de
2780 872 3052 927 avunculo
3081 888 3146 929 ac
3178 877 3514 955 consobrino

1921 948 2126 1016 dicere,
2174 952 2379 1021 optime
2432 966 2607 1021 cavet,
2642 973 2712 1013 ne
2745 961 2878 1029 quid
2907 962 2961 1018 in
3017 979 3137 1029 eos,
3173 960 3352 1035 quoad
3387 948 3501 1024 ﬁeri

1925 1053 2125 1111 potest,
2153 1047 2446 1129 absonum,
2476 1062 2571 1106 aut
2590 1068 2754 1121 grave
2783 1053 2951 1111 dicat.
2988 1056 3345 1112 Postmodum
3381 1057 3509 1129 Illy-

1923 1136 2024 1191 riis
2058 1137 2125 1192 ad
2150 1122 2274 1193 eum
2297 1141 2809 1213 commigrantibus,
2843 1155 2904 1201 ut
2933 1163 3058 1203 cum
3090 1149 3314 1205 dubium
3345 1162 3512 1217 esset,

1925 1242 2057 1281 num
2085 1237 2271 1286 essent
2322 1234 2620 1305 recipiendi
2659 1238 2712 1291 in
2767 1240 3137 1308 provinciam,
3190 1258 3385 1308 necne,
3413 1260 3510 1299 eos

1925 1317 2063 1387 ipse,
2100 1336 2224 1375 cum
2256 1324 2409 1379 multi
2445 1341 2604 1383 secus
2628 1338 2900 1396 putarent,
2937 1334 3145 1403 optime
3168 1335 3510 1404 conjectans,

1928 1424 2006 1464 ac.
2024 1411 2170 1481 quod
2193 1414 2508 1471 conducens
2537 1428 2703 1485 esset,
2726 1423 3042 1489 consulens,
3068 1430 3358 1495 receperit,
3402 1431 3507 1483 sit-

1931 1515 2037 1568 que
2063 1516 2256 1557 eorum
2294 1519 2459 1574 opera
2493 1519 2801 1577 opportune
2847 1529 2981 1569 usus
3008 1532 3023 1569 :
3052 1529 3172 1585 post
3195 1532 3344 1581 vero.
3374 1521 3511 1574 rela-

1929 1599 2039 1646 tam
2104 1593 2173 1649 de
2223 1596 2417 1654 vicinis
2468 1601 2717 1659 hostibus
2761 1604 3041 1661 victoriam
3138 1622 3423 1675 memorat,
3450 1629 3512 1666 ac

1935 1692 2156 1752 captum
2194 1687 2518 1759 principem,
2552 1694 2756 1763 quibus
2814 1697 3059 1753 ostendit
3113 1703 3508 1758 corroliorasse

259 1768 556 1834 προσοίκων
616 1772 833 1842 ἐχθρῶν
862 1775 1055 1848 ἥττης,
1089 1767 1201 1834 ’καὶ
1231 1780 1333 1851 τῆς
1364 1783 1670 1853 πρίγκιπος
1703 1786 1830 1840 συλ-

259 1856 450 1883 11.0--.-
511 1862 583 1883 υ
616 1856 648 1883 τ
719 1866 733 1883 .
1041 1870 1053 1883 .
1227 1874 1238 1883 .
1414 1876 1427 1883 -
1776 1880 1785 1883 -

1937 1768 2251 1840 imperium.
2278 1776 2417 1833 Tum
2446 1782 2719 1838 transiens
2749 1785 2815 1839 ad
2852 1800 2967 1849 eos,
3026 1788 3118 1858 qui
3143 1791 3208 1843 ad
3242 1788 3513 1847 Barbaros

256 1856 474 1930 λήψεως,
506 1862 583 1916 δι’
610 1856 687 1919 ὧν
716 1866 1166 1941 ἐγκρατεστέραν
1214 1874 1510 1944 ἀποφαίνει
1545 1880 1826 1951 καταστή-

1937 1864 2323 1933 perfugissent,
2358 1884 2423 1924 ac
2454 1871 2547 1925 ubi
2573 1874 2807 1941 primum
2827 1876 3009 1945 aliqua
3033 1856 3100 1930 de
3128 1877 3237 1932 iliis
3261 1894 3513 1933 commu-

258 1968 410 2008 σαντα
441 1955 544 2025 τήν
579 1957 780 2030 ἀρχήν.
818 1956 956 2016 Εἶτα
980 1964 1276 2034 παρελθὼν
1315 1968 1411 2021 ἐπὶ
1437 1970 1567 2033 τούς
1595 1970 1670 2034 ὡς
1697 1974 1825 2035 τοὺς

256 2042 552 2117 βαρϐάρους
601 2051 939 2121 αὐτομόλους
971 2054 1233 2123 ἥκοντας,
1278 2060 1378 2113 καὶ
1409 2060 1630 2130 πρῶτον
1665 2066 1821 2134 κοινῇ

256 2136 380 2207 περὶ
405 2137 511 2191 τῶν
562 2140 826 2196 τοιούτων
862 2144 1191 2211 ἐπεξελθὼν,
1245 2149 1422 2218 φειδοῖ
1454 2150 1552 2205 τοῦ
1591 2154 1825 2222 μηδενὸς

257 2224 318 2282 ἂν
347 2229 603 2303 ὀνομαστὶ
631 2235 1009 2306 καθάψασθαι,
1043 2238 1222 2294 ἔπειτ’
1256 2243 1344 2295 ἐπ’
1372 2244 1538 2297 αὐτὸν
1568 2245 1661 2298 τὸν
1689 2246 1824 2318 βάρ-

256 2319 407 2390 ϐαρον
436 2329 629 2396 χωρεῖ,
653 2329 745 2382 καὶ
772 2327 856 2394 οἷς
884 2335 1006 2385 κατ’
1035 2334 1243 2402 ἀμφοῖν
1272 2336 1665 2408 ἐπεχείρησεν,
1722 2341 1825 2395 ὐπὸ

255 2411 351 2465 τῶν
363 2411 434 2475 ὡς
460 2415 627 2468 αὐτὸν
652 2418 895 2486 ἡκόντων
917 2422 1239 2491 αὐτομόλων
1269 2426 1596 2496 ὲναγόμενος
1622 2446 1636 2460 ·
1664 2432 1825 2485 ἐνίων

207 2568 218 2577 θ
255 2502 303 2554 δέ
330 2507 420 2561 καὶ
453 2509 664 2564 οἴκοθεν
694 2513 1208 2583 μετακαλουμένων.
1235 2518 1468 2574 Ἔπειτα
1492 2522 1591 2590 τῆς
1622 2522 1696 2586 ὡς
1725 2525 1826 2575 αὐ-

256 2596 335 2648 τὸν
364 2598 610 2668 ἀφίξεως
644 2602 946 2675 μέμνηται,
999 2610 1099 2679 τῆς
1159 2626 1220 2663 τε
1253 2609 1449 2666 τούτου
1478 2614 1576 2667 καὶ⁹
1600 2615 1825 2681 ἑαυτοῦ,

255 2688 490 2762 ἀνάγκης
540 2711 602 2746 τε
632 2699 1031 2769 γεγενημένης,
1085 2702 1181 2755 καὶ
1232 2704 1384 2776 παρά
1435 2706 1502 2760 τά
1528 2706 1827 2777 δεδογμένα

258 2783 451 2851 σφίσιν,
485 2788 632 2841 οὕτω
660 2789 723 2861 δὴ
752 2794 1232 2861 συμπεπτωκυίας
1253 2812 1269 2828 °
1306 2798 1402 2851 τοῦ
1429 2816 1487 2852 τε
1514 2800 1664 2868 παρὰ
1697 2801 1830 2855 ταύ-

255 2890 348 2944 την
379 2880 650 2947 κινδύνου,
684 2884 779 2936 καλ¹
810 2884 917 2938 τῶν
940 2885 1121 2941 ἀλλων
1149 2888 1260 2943 τῶν
1281 2892 1466 2944 ἐκεῖσε
1504 2892 1827 2962 ἀπηντηκό-

256 2983 357 3022 των
386 2970 669 3043 δυσχερῶν
693 2990 707 3005 °
752 2978 848 3031 καὶ
877 2977 952 3041 ὡς
989 2979 1154 3043 αὐτὸς
1174 2981 1293 3050 νμὶδ
1337 2982 1596 3053 βασιλεὺς
1628 2986 1825 3060 γνώμῃ

254 3060 341 3113 τοῦ
373 3062 657 3136 βαρϐάρου
707 3067 804 3123 ἐπὶ
836 3068 933 3139 τὴν
990 3071 1235 3144 μεγάλην
1271 3073 1339 3128 αὖ
1372 3075 1527 3131 πόλιν
1557 3080 1709 3149 ποιρά
1737 3081 1827 3134 δό-

258 3151 348 3214 ξαν
380 3156 719 3223 ἀνασώζεται
741 3175 755 3191 ο
802 3162 833 3214 ό
868 3160 914 3213 δ’
944 3162 1043 3232 ἥδη
1094 3163 1268 3218 δοκῶν
1322 3169 1382 3220 ὲν
1410 3169 1679 3238 ἀφύκτοις
1710 3172 1831 3242 ἔχε·
1859 3180 1903 3236 c

259 3244 401 3311 σθαι,
432 3250 580 3319 μάλα
620 3253 885 3323 ἀνδρείως
914 3273 973 3310 τε
1000 3258 1097 3310 καὶ
1126 3258 1459 3331 εὐμηχάνως
1494 3265 1707 3318 ἐκεῖθεν
1737 3267 1831 3321 ἐπὶ

259 3338 655 3415 Πελοπόννησον
678 3346 1094 3417 ἀποδιδράσκει,
1128 3350 1222 3404 καὶ
1247 3351 1323 3415 ὡς
1353 3354 1384 3423 ἡ
1418 3356 1676 3421 ἐπάνοδος
1704 3360 1829 3412 τού-

258 3443 346 3482 τον
377 3431 553 3487 πάντα
580 3434 706 3506 ἤδη,
743 3437 805 3490 οὐ
831 3438 899 3492 τά
935 3440 994 3493 ὲν
1036 3440 1436 3516 Πελοποννήσῳ
1469 3448 1657 3517 μόνον,
1686 3450 1827 3506 ἀλλά

261 3519 354 3572 καὶ
381 3521 483 3577 τῶν
510 3524 610 3579 ὅσα
640 3527 791 3591 ἐντὸς
824 3529 1031 3596 πυλῶν,
1068 3533 1138 3586 τὰ
1174 3534 1415 3591 πλεῖστα
1444 3539 1831 3597 κινδυνεύοντα

260 3609 474 3668 διέσωσε
496 3631 508 3645 ·
545 3618 643 3671 καὶ
666 3619 742 3684 ῶς
776 3624 870 3674 τοῦ
931 3622 1215 3697 βαρϐάρου
1252 3629 1318 3682 ἐκ
1359 3629 1460 3700 μὲν
1488 3634 1589 3701 τῆς
1612 3614 1615 3617 ’
1641 3634 1831 3689 Ἐλλά-

262 3702 352 3765 Eo;
370 3704 879 3782 ἀνακεχωρηκότος,
930 3715 1251 3787 πέμψαντος
1285 3719 1345 3773 δὲ
1390 3721 1486 3776 ἐπὶ
1530 3724 1631 3795 τὴν
1666 3726 1832 3781 Πελο-

267 3794 520 3865 ⁴πόννησον
544 3803 647 3856 οὐκ
693 3804 884 3877 ὀλίγην
924 3808 1047 3862 οὐδὲ
1086 3811 1305 3884 φαύλην
1337 3794 1620 3886 στρατιὰν,
1647 3821 1676 3871 ό
1700 3819 1744 3872 δ’
1769 3821 1832 3874 οὐ

269 3885 450 3954 πλήθει
483 3892 766 3964 ἀντιπάλῳ
820 3901 1104 3969 στρατιᾶς,
1167 3904 1383 3976 ἐπινοίᾳ
1408 3885 1473 3960 δὲ
1523 3910 1833 3983 στρατηγίᾳ

273 3980 540 4055 πρεπούσῃ
561 3987 928 4055 κεχρημένος,
962 3990 1263 4046 κεκωλύκει
1288 3993 1492 4064 ταύτην
1516 3997 1617 4068 τῆς
1650 4001 1834 4069 χώρας

273 4068 513 4141 ἐπιϐῆναι
535 4090 549 4105 ⁶
587 4079 684 4131 καὶ
729 4078 806 4142 ῶς
841 4080 931 4134 διὰ
962 4081 1120 4136 τοῦτο
1153 4083 1384 4155 τοῦργον
1409 4088 1505 4141 καὶ
1550 4089 1619 4143 τά
1654 4068 1834 4162 παρα-

275 4167 619 4249 κεχωρημένα
653 4168 734 4238 τῷ
778 4168 1064 4243 βαρϐάρῳ,
1101 4175 1199 4229 καὶ
1233 4176 1335 4247 ήδη
1385 4177 1647 4249 ἐχόμενα,
1679 4183 1877 4235 ἀπει-·’

276 4248 421 4321 λήφει
446 4273 503 4309 τε
534 4259 631 4311 καὶ
674 4260 996 4316 ἑπανέσωσε
1019 4268 1087 4335 τῇ
1119 4266 1287 4337 ἀρχῇ.
1320 4248 1443 4321 Elei
1464 4270 1561 4323 ἐπὶ
1587 4270 1677 4324 τὸν
1722 4290 1835 4326 κοι-

283 4345 359 4397 νὸν
402 4347 492 4401 τοῦ
524 4350 807 4423 βαρϐάρου
859 4355 1102 4426 πόλεμον
1166 4358 1577 4429 μετεληλυθὼς,
1634 4365 1729 4416 καὶ
1756 4363 1833 4427 ὥς

286 4438 484 4503 πολλαῖς
527 4441 631 4511 μὶν
662 4443 1008 4516 Χριστιανῶν
1038 4451 1374 4521 συμφοραῖς,
1404 4452 1646 4516 πολλαῖς
1666 4454 1712 4508 δ’
1738 4455 1835 4509 ἀλ-

1934 1955 1987 2007 ni
2020 1970 2270 2034 sermone
2293 1958 2510 2014 locutus
2542 1970 2709 2026 esset,
2764 1964 2976 2020 nullum
3027 1982 3093 2021 ex
3163 1969 3385 2022 nomine
3414 1984 3512 2039 pro

1935 2047 2201 2103 modestia
2231 2061 2381 2106 notat
2407 2069 2421 2106 :
2444 2054 2729 2125 pergitque
2759 2056 2959 2112 deinde
2993 2059 3059 2113 ad
3091 2058 3271 2129 ipsum
3309 2060 3516 2117 Barba-

1932 2154 2081 2206 rum,
2109 2157 2176 2198 ac
2202 2157 2264 2196 ea
2294 2159 2415 2213 quae
2436 2144 2528 2200 ille
2562 2150 2617 2202 in
2647 2148 2841 2206 ambos
2871 2150 3095 2205 molitus
3130 2162 3315 2219 esset,
3346 2153 3512 2207 indu-

1934 2231 2184 2286 centibus
2217 2233 2483 2303 perfugis,
2514 2252 2638 2292 eum
2669 2242 2987 2310 etquardam
3016 2257 3046 2297 a
3077 2257 3137 2298 se
3164 2243 3329 2300 etiam
3357 2243 3510 2301 illum

1941 2334 2328 2391 provocarent.
2360 2328 2439 2382 Ad
2478 2329 2617 2397 haec,
2649 2333 2921 2399 meminit,
2955 2343 3016 2391 ut
3053 2350 3178 2392 cum
3217 2340 3350 2408 ipse,
3399 2350 3513 2394 tum

1935 2410 2101 2468 frater
2131 2414 2282 2470 illum
2323 2422 2701 2488 convenerint,
2761 2438 2885 2479 cum
2956 2429 3256 2484 necessitas
3282 2430 3513 2495 tulisset,

1936 2517 1999 2557 ac
2037 2521 2198 2560 secus
2236 2507 2314 2562 illi
2346 2511 2704 2568 constitutum
2766 2515 3066 2585 haberent;
3127 2519 3354 2589 periculi
3388 2521 3514 2576 item

1938 2594 2064 2649 inde
2113 2599 2357 2666 conﬂati,
2404 2618 2468 2659 ac
2494 2606 2730 2662 tristium
2787 2609 3024 2665 aliorum
3095 2628 3219 2682 quae
3271 2613 3385 2668 illic
3416 2629 3513 2669 oc-

1934 2703 2225 2748 currerunt
2247 2710 2262 2759 ;
2286 2706 2475 2766 utque,
2498 2700 2615 2769 ipse
2637 2702 2854 2771 quidem
2881 2704 3178 2775 imperator
3193 2723 3261 2762 ex
3292 2707 3515 2763 Barbari

1935 2780 2236 2849 voluntate,
2275 2787 2807 2860 Constantinopolim
2845 2795 3042 2869 iterum
3075 2808 3272 2863 praeter
3306 2799 3517 2867 opinio-

1934 2884 2058 2923 nem
2087 2886 2277 2941 sospes
2342 2892 2595 2934 reversus
2642 2881 2757 2948 sit;
2814 2882 3220 2950 fraterautem,
3270 2891 3361 2957 qui
3401 2889 3517 2957 jam

1935 2960 2264 3018 ineluctabili
2290 2966 2485 3035 laqueo
2509 2971 2679 3026 teneri
2703 2973 2997 3041 videretur,
3014 2992 3228 3031 summa
3256 2978 3380 3032 iude
3402 2977 3517 3033 l‘or-
3596 3045 3607 3055 γ

1937 3056 2169 3114 titudine
2233 3076 2297 3116 ac
2349 3064 2571 3120 solertia
2624 3059 3029 3139 profugeritjn
3054 3072 3510 3148 Peloponnesum,

1935 3161 2109 3218 eoque
2139 3165 2412 3219 reversus,
2455 3157 2640 3211 omnia
2667 3158 2805 3228 jam,
2838 3161 3037 3216 nedum
3090 3179 3214 3232 quae
3263 3164 3317 3219 in
3359 3165 3514 3219 Pelo-

1942 3254 2211 3311 ponneso,
2232 3246 2324 3326 sed
2351 3257 2405 3301 et
2433 3248 2479 3303 si
2512 3263 2618 3319 qua
2643 3250 2786 3307 intra
2808 3252 3005 3322 januas
3027 3263 3184 3309 erant
3206 3254 3313 3326 (1),
3339 3257 3520 3311 maid.

1939 3348 2080 3388 mam
2114 3312 2319 3405 partem
2373 3340 2426 3394 in
2484 3343 2789 3411 periculum
2844 3348 3103 3412 adducta,
3136 3350 3511 3418 sospitaverit.

1943 3437 2112 3495 utque
2133 3444 2257 3483 cum
2294 3430 2593 3498 Barbarus,
2626 3436 2742 3506 ipse
2771 3439 2991 3508 quidem
3024 3442 3092 3494 ab
3127 3440 3350 3497 llellade
3404 3457 3521 3497 mo.

1938 3532 2092 3587 vens,
2125 3536 2235 3577 non
2259 3524 2514 3594 exiguum
2564 3537 2658 3583 aut
2691 3530 2964 3585 imbellem
2999 3535 3300 3588 exercitum
3338 3534 3391 3589 in
3418 3534 3521 3589 Pe-
3626 3542 3637 3555 ‘

1940 3608 2304 3677 lopounesum
2340 3615 2602 3682 misisset,
2665 3621 3009 3689 prohibuerit
3039 3622 3155 3689 ille,
3189 3638 3297 3678 non
3328 3639 3521 3679 nume,

1940 3717 2071 3758 roso
2099 3704 2320 3772 quidem
2349 3711 2589 3765 exercitu
2609 3711 2749 3767 hosti
2777 3726 3062 3781 occureus,
3091 3715 3186 3771 sed
3208 3717 3333 3772 duci
3358 3732 3524 3773 εισι-

1940 3794 2083 3851 citus
2114 3812 2361 3868 congruo
2401 3812 2814 3874 stratagemate,
2852 3822 2967 3860 rem
3007 3808 3331 3872 conﬁciens.
3363 3821 3421 3864 ut
3449 3825 3518 3865 ne

1942 3885 1995 3939 in
2031 3890 2367 3953 provinciam
2394 3894 2714 3964 invaderet;
2759 3905 2929 3967 utque
2958 3898 3177 3952 demqu
3209 3913 3276 3952 eo
3311 3898 3520 3953 iaciuo—

1941 3991 2020 4045 re,
2040 3981 2153 4051 jam
2189 3999 2453 4042 concessa
2493 3976 2816 4045 Barbaro'et
2860 3990 2930 4043 ab
2952 3999 3328 4059 eooccupata,
3363 4005 3519 4044 rece-

1941 4070 2102 4146 perit,
2141 4087 2204 4126 ac
2253 4074 2482 4146 imperio
2506 4080 2815 4133 viudicarit.
2857 4079 2981 4134 l‘ost
3015 4081 3127 4133 lure
3157 4094 3406 4134 reversus
3448 4081 3516 4133 ad

1945 4142 2237 4221 commune
2268 4169 2400 4223 illud
2452 4170 2654 4224 bellum
2689 4169 2934 4238 Barbari,
2961 4170 3213 4238 factaque
3236 4171 3513 4223 mentione

1943 4263 2001 4308 ut
2031 4270 2095 4311 ex
2123 4256 2332 4312 crebris
2385 4260 2631 4314 cladibus
2663 4275 2729 4315 eo
2750 4260 2954 4315 victore
2991 4275 3114 4313 cum
3149 4257 3506 4323 Christianis,

1944 4365 2058 4409 tum
2092 4348 2346 4405 thrbaris
2400 4349 2524 4405 aliis
2578 4349 2769 4413 illatis,
2825 4362 2915 4406 res
2966 4349 3338 4404 Romanorum
3389 4362 3515 4418 gra-

1944 4445 2085 4499 viter
2111 4442 2319 4497 uirecta:
2364 4450 2568 4504 esseut,
2596 4456 2695 4495 nec
2722 4456 2827 4494 non
2864 4451 3134 4510 susceptae
3165 4442 3234 4496 ab
3272 4441 3390 4509 ipso
3422 4458 3520 4494 ua-

286 4523 373 4579 λων
400 4528 688 4604 βαρϐάρων
715 4538 1163 4609 ὲνευτυχηκότος.
1198 4540 1454 4611 χαλεπῶς
1480 4544 1730 4599 ἐντεῦθεν
1764 4547 1833 4600 τά

1943 4535 2238 4606 vigationis
2289 4548 2355 4588 ac
2391 4531 2604 4586 itineris
2658 4533 2725 4585 ad
2787 4532 3053 4587 Occiduas
3097 4540 3305 4601 pultes,
3340 4544 3523 4586 narrat

299 4617 562 4689 Ῥωμαίων
593 4626 908 4699 πράγματα
960 4630 1109 4700 ἔσχε,
1165 4632 1433 4703 μνησθεὶς
1474 4638 1570 4691 καὶ
1609 4637 1837 4705 προσέτι

291 4713 368 4765 τοῦ
393 4733 451 4783 γε
492 4720 691 4774 ἑαυτοῦ
714 4721 804 4776 διὰ
832 4723 1008 4779 ταῦτα
1035 4726 1283 4780 ἀπόπλου
1316 4745 1377 4781 τε
1406 4730 1499 4783 καὶ
1529 4731 1842 4801 ἀποδημίας

293 4804 371 4869 τῆς
388 4809 460 4871 εἰς
491 4811 558 4864 τὰ
578 4813 837 4884 ἑσπέρια,
865 4815 1058 4870 ἔπειτα
1084 4819 1153 4872 τά
1176 4822 1353 4891 τούτῳ
1380 4823 1437 4873 ἐν
1464 4823 1694 4885 ἐκείνοις
1730 4826 1841 4885 τοῖς

296 4904 479 4967 καιροῖς
506 4907 878 4977 πεπραγμένα
930 4909 1183 4976 διέξεισι·
1215 4914 1311 4967 καὶ
1350 4914 1567 4984 πρῶτον
1605 4915 1726 4984 μὲν,
1769 4915 1844 4978 ὡς

298 4988 531 5058 Κόρινθον
555 4997 615 5050 έν
649 5004 924 5069 προφανεί
941 5002 1109 5057 οὖσαν
1138 5006 1368 5076 κινδύνῳ
1385 5006 1637 5077 Φρερίοις
1663 5010 1841 5077 ὲγχει-

299 5081 456 5146 ρῖσας,
482 5087 654 5158 αὐτήν
683 5105 747 5141 τε
801 5089 976 5143 ἔσωσε
1002 5091 1117 5160 τῆς-
1137 5093 1249 5145 τῶν
1295 5092 1592 5163 βαρϐάρων
1634 5094 1840 5163 χειρὸς,

297 5174 375 5225 καί
412 5180 517 5242 τοῖς
542 5181 687 5245 ὅλοις
714 5182 1041 5253 πράγμασιν
1071 5182 1132 5236 οὐ
1186 5185 1430 5256 σμικράν
1452 5184 1704 5238 ἐντεῦθεν
1741 5186 1843 5252 τὴν

240 5310 245 5315 .
299 5261 526 5335 βοήθειαν
557 5271 952 5343 ιμηχανήσατο
1002 5289 1017 5304 υ
1069 5272 1244 5327 ἔπειθ’
1277 5275 1353 5338 ὡς
1382 5274 1561 5345 χρόνῳ
1593 5274 1843 5346 ὕστερον,

298 5359 376 5412 καὶ
408 5364 501 5433 τῆς
530 5364 702 5435 ἄλλης
730 5365 955 5436 ἀπάσης
983 5367 1158 5436 ἀρχῆς
1190 5368 1302 5428 τοῖς
1332 5368 1517 5451 αὐτοξς
1536 5367 1713 5441 [δόξας
1742 5385 1846 5420 πα-

302 5456 564 5523 ραχωρεῖν,
597 5457 692 5510 τὸν
730 5458 868 5529 πρὸς
909 5457 999 5511 τὸν
1024 5458 1302 5529 βάρϐαρον
1328 5458 1589 5527 πόλεμον.
1626 5460 1844 5512 κάλλιον

299 5539 414 5608 ἢὼς
442 5547 504 5600 ἀν
532 5566 615 5609 τις
665 5549 1037 5619 προσεδόκησε
1072 5551 1350 5615 κατέθετο,
1409 5552 1505 5603 καὶ
1534 5550 1630 5622 τὴν
1661 5552 1844 5621 χώραν

298 5629 563 5692 ἀπολαϐὼν
615 5638 775 5704 αὖθις
831 5641 1199 5712 κατέστησεν,
1257 5641 1377 5694 οὐδὲ
1409 5640 1674 5711 Φρερίους
1719 5639 1845 5693 οὐτε

365 5822 434 5892 (2)
463 5825 563 5897 Ipsi
594 5827 834 5898 Bajazeti
860 5827 1188 5885 assisteutes
1222 5828 1389 5897 inque
1421 5825 1543 5894 ejus
1577 5823 1903 5879 cxsistentes

1932 4639 2149 4697 poem.
2178 4636 2329 4696 gesta
2365 4624 2582 4679 interim
2615 4640 2644 4677 a
2681 4622 2847 4678 fratre
2872 4638 2968 4678 :ac
3006 4624 3247 4693 primum
3279 4624 3521 4692 quidem,

1940 4735 1997 4773 ut
2025 4716 2311 4775 Corintho,
2337 4731 2460 4785 qua:
2492 4724 2805 4769 versaretur
2852 4714 2906 4768 in
2941 4715 3231 4773 manifesto
3254 4715 3522 4785 periculo,

1940 4810 2254 4866 concredita
2295 4808 2578 4870 fratribus,
2610 4823 2735 4863 cum
2765 4808 3015 4863 eamdem
3051 4808 3223 4878 ipsam
3255 4824 3284 4861 a
3321 4807 3523 4862 Barba-

1945 4913 2128 4954 rorum
2159 4898 2390 4953 salvarit
2449 4913 2637 4960 manu,
2689 4908 2807 4950 tum
2868 4896 2997 4951 inde
3049 4899 3212 4949 rebus
3248 4897 3523 4950 universis

1945 5010 2054 5050 neu
2087 4993 2355 5048 modicam
2392 5007 2546 5059 opem
2604 4991 2936 5061 compararit
2966 5008 2980 5044 :
3009 4993 3073 5044 ad
3110 4991 3243 5051 haec,
3296 5000 3352 5042 ut
3398 5005 3522 5041 cum

1949 5100 2137 5159 postea
2201 5088 2354 5142 visus
2419 5098 2585 5149 esset,
2648 5090 2912 5158 reliquam
2940 5095 3111 5141 totam
3181 5086 3523 5155 provinciam

1949 5180 2058 5234 illis
2074 5180 2289 5245 cedere,
2319 5194 2405 5234 res
2432 5195 2559 5234 cum
2594 5178 2828 5234 Barbare
2851 5180 3001 5233 omni
3033 5177 3226 5233 melius
3256 5191 3351 5245 spe
3377 5189 3529 5229 com-

1951 5271 2217 5341 posuerit,
2247 5282 2413 5340 utque
2444 5282 2656 5338 recepta
2690 5270 2987 5338 provincia,
3026 5271 3224 5323 iterum
3251 5282 3337 5319 res
3397 5264 3523 5332 ejus

1952 5361 2268 5425 stabilierit,
2325 5376 2443 5414 cum
2510 5361 2659 5415 nulla
2710 5360 2910 5429 injuria
2970 5358 3185 5412 Fratres
3231 5355 3523 5414 alfecisset.

1953 5466 2116 5507 autve
2144 5444 2373 5505 omnino
2399 5452 2585 5505 damni
2615 5451 2819 5520 aliquid
2855 5449 3151 5504 intulisset.
3184 5448 3240 5501 In
3275 5448 3361 5504 bis
3399 5462 3528 5516 por-

1956 5561 2016 5597 ro
2050 5544 2253 5598 diutius
2284 5552 2532 5596 versatur
2548 5557 2753 5607 sermo,
2785 5543 2929 5609 quod
2963 5541 3216 5597 tollenda:
3247 5542 3526 5611 opinionis

1954 5652 2139 5700 causa,
2172 5652 2267 5705 per
2317 5635 2683 5703 ignorantiam
2743 5636 2986 5690 veritatis
3041 5632 3145 5701 ref;
3211 5645 3271 5691 ut
3300 5636 3591 5727 omuinof

1936 5823 2109 5878 curia.
