4024 6210
462 390 565 458 179

1653 391 2053 455 MANUELIS
2093 399 2178 458 ΡΑ
2193 394 2541 458 L/EOLOGI

3621 388 3719 455 180

460 495 765 557 habuisset,
801 492 945 564 apud
982 493 1272 551 nonnullos
1306 497 1624 564 obtinentis,
1679 503 1836 569 plane
1887 522 2026 575 pra:-

2134 511 2425 580 ἀδικήσας,
2459 508 2584 562 οὔτε
2618 525 2670 561 τι
2707 504 2918 577 βλάψας
2951 503 3108 569 ὅλως.
3155 503 3282 560 Ἐπὶ
3319 503 3484 558 πλέον
3511 503 3567 558 δέ
3611 521 3714 560 που

461 594 652 647 staret,
689 587 884 640 horum
918 601 1138 656 quoque
1183 592 1518 658 meminisse,
1544 596 1741 649 nedum
1779 599 2034 663 aliorum,

460 693 581 744 quae
603 686 790 731 essent
825 679 1112 748 perspicue
1176 682 1344 748 bona,
1401 700 1566 754 quam
1618 688 1837 742 silentio
1869 691 2035 745 dissi-

459 768 689 823 mulare.
733 767 1012 848 Siquidem
1046 774 1192 826 enim
1227 792 1372 831 nunc
1437 785 1770 845 lacerentur,
1821 793 1879 836 ut
1912 786 2031 852 quis

453 861 801 928 postmodum
831 871 1062 916 tentaret
1093 866 1410 921 meminisse
1442 869 1507 921 ad
1547 869 1897 937 calumniam,
1933 875 2037 928 uti-

453 967 560 1019 que
584 962 767 1018 posset
793 954 932 1020 aptid
956 956 1170 1022 aliquos
1199 970 1363 1025 gesta:
1397 962 1475 1014 rei
1497 961 1737 1030 ignaros,
1773 941 2032 1032 tanquam

450 1056 580 1097 vera
613 1045 804 1100 dicens
844 1047 1044 1101 habere
1084 1050 1268 1114 fidem,
1334 1052 1482 1106 velut
1512 1068 1616 1107 non
1675 1055 1913 1109 fuissent
1953 1067 2031 1110 ta-

399 1196 402 1200 η
450 1135 620 1189 cenda
656 1137 762 1202 hic,
794 1130 997 1208 ut'qua
1036 1142 1101 1193 de
1157 1143 1242 1196 his
1274 1143 1378 1197 dici
1411 1146 1755 1212 potuissent:
1783 1163 1906 1201 cum
1941 1165 2028 1202 re—

450 1225 583 1289 lata,
609 1242 672 1280 ac
708 1230 884 1298 palam
925 1233 1167 1301 exposita
1201 1243 1258 1287 ut
1285 1243 1435 1303 gesta
1464 1247 1668 1298 essent,
1699 1237 1751 1290 in
1797 1238 2026 1308 gloriam

451 1320 655 1387 potius,
689 1334 751 1372 ex
796 1335 860 1374 eo
887 1325 1030 1390 quod
1065 1323 1248 1378 forsan
1283 1337 1444 1378 secus
1475 1327 2029 1390 videbatur,ccssura

451 1421 664 1466 essent.
728 1411 936 1468 Deinde
1011 1415 1259 1484 procedit
1320 1417 1385 1470 ad
1448 1419 1881 1488 comparandum
1908 1436 2028 1474 cum

449 1502 710 1571 antiquis,
739 1505 958 1572 quando
1014 1513 1068 1559 et
1119 1507 1293 1561 morbi
1323 1509 1597 1563 mentione
1632 1511 1797 1573 facta,
1832 1513 2027 1564 iterum

448 1593 1073 1663 lugubrior,orationem
1103 1601 1382 1668 componit
1407 1617 1422 1662 ;
1452 1600 1728 1671 simulque
1761 1603 2030 1666 ostendit,

457 1690 595 1742 nihil
658 1689 926 1742 minorem
960 1689 1342 1745 fortitudinem
1381 1693 1433 1746 in
1485 1693 1676 1756 morbp
1695 1695 2028 1758 ostendisse,

449 1794 612 1848 quam
643 1779 807 1832 rebus
833 1780 1125 1848 gerendis:
1157 1797 1392 1850 cumque
1425 1781 1513 1835 hic
1541 1783 1760 1836 subdito
1811 1798 2028 1852 quoque

449 1869 762 1926 auditorum
807 1873 970 1924 εωιυὶ
1003 1875 1308 1935 annuisset,
1353 1883 1413 1925 ut
1441 1886 1495 1927 et
1529 1875 1632 1943 ipsi
1674 1877 1881 1942 aliquid
1927 1875 2030 1928 sibi
2061 1859 2106 1917 Β

433 1969 773 2030 'eongruum.
827 1975 927 2029 pro
961 1961 1210 2030 pluribus
1249 1977 1312 2014 ac
1339 1964 1551 2031 magnis
1581 1964 1881 2026 beneficiis,
1907 1963 2030 2032 qui-

446 2054 549 2107 bus
579 2054 672 2106 ille
694 2067 788 2107 eos
817 2053 1200 2116 demeruisset,
1228 2055 1604 2124 loquerentur,
1638 2061 1885 2109 eamdem
1910 2071 2032 2109 rur—

447 2162 543 2202 sus
569 2147 804 2201 nmniam
841 2147 1093 2202 resumit.
1130 2147 1184 2201 ld
1217 2163 1380 2216 porro
1411 2147 1563 2214 facit,
1591 2162 1716 2200 cum
1746 2146 2031 2201 remissio-

447 2255 516 2294 ue
563 2239 747 2308 aliqua
771 2254 955 2308 egens,
1010 2238 1274 2308 impedita
1336 2253 1467 2293 voce
1526 2255 1636 2309 prae
1685 2238 1892 2293 doloris
1927 2236 2024 2302 vi;

449 2344 566 2388 tum
608 2347 762 2395 vero,
812 2334 939 2400 quia
971 2332 1135 2386 etiam
1173 2332 1378 2385 multos
1439 2332 1578 2386 alios
1601 2331 1785 2400 cupiat
1837 2332 2031 2387 audire

448 2428 830 2488 lamentantes,
893 2427 964 2479 ob
1021 2425 1320 2494 impensius
1375 2424 1507 2478 illud
1566 2440 1632 2479 ac
1683 2424 1937 2478 insanum
1973 2424 2029 2478 in

448 2518 671 2573 fratrem
711 2519 994 2588 pbiltrum,
1052 2519 1298 2587 pluribus
1325 2532 1390 2572 ac
1450 2519 1661 2588 magnis
1719 2519 1786 2572 dc
1819 2520 2027 2582 causis,

446 2613 728 2681 quasipse
749 2611 1020 2666 edisserit.
1058 2612 1424 2677 Quamobrem
1481 2612 1643 2665 etiam
1679 2611 2031 2668 affectuosius

446 2720 666 2775 quoque
699 2720 761 2759 ac
791 2704 1077 2773 lugubrius
1109 2705 1304 2758 iterum
1354 2703 1585 2767 orditur,
1622 2713 1880 2772 tanquam
1907 2719 2030 2759 om-

450 2797 588 2852 nino
612 2813 792 2865 neque
819 2797 1214 2858 narrationem,
1234 2811 1411 2865 neque
1441 2796 1631 2850 laudes
1663 2797 1904 2866 potuerit
1929 2812 2028 2866 ag-

444 2889 619 2960 gredi,
649 2890 966 2957 priusquam
1001 2888 1199 2942 fuisset
1253 2888 1524 2942 indultum
1553 2887 1836 2944 lamentis.
1871 2885 2030 2944 Post-

445 2984 668 3039 modum
701 2994 880 3037 tamen
910 2986 977 3038 ad
1028 2983 1422 3039 consolandum
1467 2983 1828 3047 descendens,
1866 2983 2027 3038 linem

443 3075 658 3131 dicendi
685 3076 836 3142 facit,
866 3078 1123 3146 congruis
1145 3092 1209 3132 ac
1235 3077 1375 3145 aptis
1404 3077 1659 3132 laudibus
1689 3076 1887 3146 cuique
1907 3076 2028 3131 loco

2139 604 2349 665 τούτοις
2373 605 2400 656 ὁ
2430 589 2945 670 λόγος’ἐνδιατρίϐει
2969 597 3111 669 ὑπὲρ
3140 596 3233 651 τοῦ
3259 597 3358 668 τὴν
3379 596 3473 650 ὑπ’
3497 598 3718 666 ἀγνοίας

2135 696 2232 748 τοῦ
2267 694 2502 764 ἀληθοῦς
2548 695 2626 756 ὡς
2679 691 2854 747 ταῦτα
2923 680 3172 762 ἐπράχθη
3233 689 3550 761 κρατοῦσαν
3589 690 3717 758 παρ’

2141 790 2302 851 ἐνίοις
2334 788 2494 852 δόξαν
2545 786 2777 851 ἀνελεῖν,
2810 786 3032 852 ἄμεινον
3061 784 3122 838 ὃν
3153 784 3590 854 ἐπιμνησθῆναι,
3624 784 3716 836 καὶ

2137 880 2347 933 τούτων
2381 877 2518 949 πρὸς
2541 881 2654 942 τοῖς
2679 877 2861 941 ἄλλοις
2890 879 3006 941 τοῖς
3031 879 3095 930 ἐκ
3120 875 3217 930 τοῦ
3250 875 3490 945 φανεροῦ
3533 877 3716 937 καλοῖς

2138 972 2170 1042 ἢ
2230 971 2601 1040 σεσιγηκέναι.
2640 969 2750 1022 Καὶ
2804 969 2914 1039 γὰρ
2965 967 3032 1021 ἂν
3082 967 3179 1021 νῦν
3219 966 3628 1036 σεσιγημένων,
3671 965 3716 1016 ει

2138 1067 2270 1119 ποτε
2305 1083 2386 1129 τις
2414 1065 2507 1118 ἐπί
2539 1064 2762 1133 διαϐολῇ
2799 1063 3107 1133 μνησθῆναι
3142 1061 3461 1130 τολμήσειε,
3495 1058 3613 1129 τάχ’
3657 1057 3717 1110 ἄν

2135 1174 2248 1210 τισι
2277 1157 2388 1209 τῶν
2418 1155 2631 1224 τάληθῆ
2668 1156 2743 1225 μὴ
2783 1154 3024 1217 εἰδότων,
3077 1154 3174 1208 καὶ
3228 1149 3594 1221 ἐπαληθεύειν
3633 1150 3718 1202 δός

2137 1251 2303 1316 ξειεν,
2339 1249 2415 1308 ὡς
2447 1248 2547 1301 οὐκ
2591 1247 2658 1302 ἂν
2693 1251 2750 1301 ἐν
2784 1247 2862 1318 τῷ
2896 1247 3129 1316 παρόντι
3163 1244 3564 1316 σεσιγημὲνων,
3593 1242 3718 1294 εἴτι

2135 1342 2265 1410 ἐνῆν
2297 1341 2479 1408 λέγειν
2509 1341 2639 1412 περὶ
2679 1339 2881 1394 αὐτῶν.
2942 1339 3229 1409 Εἰρημένα
3260 1337 3318 1389 δὲ
3368 1335 3465 1387 καὶ
3505 1334 3718 1402 φανερά

2136 1435 2488 1490 καταστάντα
2525 1433 2600 1498 ὡς
2630 1432 2906 1503 ἐπράχθη,
2943 1431 3038 1485 καὶ
3076 1431 3162 1494 εἰς
3211 1427 3462 1493 εὐδοξίαν
3515 1426 3719 1496 μᾶλλον

2135 1532 2198 1581 ἐκ
2229 1528 2324 1583 τοῦ
2360 1529 2435 1590 ὡς
2460 1527 2662 1598 ἑτέρως
2693 1526 2824 1590 ἴσως
2850 1524 3138 1586 δοκοῦντος
3183 1523 3569 1593 περιέστηκεν.
3602 1515 3717 1571 Εἶτ’

2134 1621 2229 1674 ἐπὶ
2257 1621 2354 1684 τὰς
2389 1621 2526 1691 πρὸς
2553 1620 2684 1682 τοὺς
2711 1617 2978 1681 παλαιοὺς
3005 1614 3344 1687 παραθέσεις
3376 1613 3568 1682 χωρεῖ,
3595 1612 3718 1682 ἡνί-

2136 1728 2207 1764 κιι.
2243 1710 2467 1778 καὶτῆς
2505 1711 2683 1763 ,νόσου
2730 1707 3014 1778 μνησθεὶς,
3067 1707 3125 1769 ἐς
3156 1704 3218 1758 τδ
3248 1701 3718 1774 περιπαθέστερον

2136 1797 2202 1854 αὖ
2233 1800 2514 1853 ἀποκλίνει
2537 1814 2552 1830 ο
2582 1797 2905 1864 ἀποφαίνων
2933 1795 3051 1865 ἅμα
3082 1793 3237 1848 οὐδὲν
3287 1792 3500 1845 ἐλάττω
3535 1789 3634 1857 τῆς
3658 1787 3718 1838 ἐν

2135 1893 2247 1953 τοῖς
2279 1890 2464 1961 ἔργοις
2490 1887 2712 1959 ἀνδρίας
2736 1887 2834 1956 τὴν
2863 1886 3016 1957 παρὰ
3043 1883 3142 1954 τὴν
3168 1883 3322 1936 νόσον
3345 1876 3717 1946 ἐπιδεδειγμέ-

2135 1999 2244 2035 νον.
2275 1980 2572 2034 Κάνταῦθα
2599 1978 2731 2042 δούξ
2758 1996 2812 2031 τι
2858 1978 2954 2031 καὶ
2981 1977 3119 2039 ,τοῖς
3157 1972 3392 2044 παροῦσι
3427 1970 3537 2024 τῶν
3568 1970 3717 2035 ὑπη-

2135 2077 2278 2127 κόων
2310 2070 2652 2140 φθέγξασθαι
2686 2070 2964 2141 προσῆκον
3002 2067 3233 2129 ἐκείνοις
3260 2065 3469 2125 αὐτοῖς,
3502 2060 3716 2114 πολλῶν

2134 2165 2231 2219 καὶ
2283 2162 2538 2234 μεγάλων
2595 2162 2933 2230 εὐεργεσιῶν
2975 2159 3143 2212 ἕνεκα
3182 2151 3257 2211 ὧν
3302 2153 3362 2207 εὖ
3407 2151 3716 2206 πεπόνθασι

2135 2257 2268 2326 παρ’
2297 2254 2485 2320 αὐτοῦ,
2515 2254 2605 2306 τὸν
2636 2253 2802 2306 αὑτὸν
2836 2251 2990 2316 αὖθις
3014 2246 3465 2317 ἐπαναλαμϐάνει
3492 2243 3715 2314 θρῆνον.

2134 2348 2304 2402 Τοῦτο
2332 2348 2388 2401 δέ
2417 2348 2582 2411 ποιεῖ,
2617 2347 2734 2416 ἅμα
2759 2346 2878 2415 μὲν,
2908 2343 2984 2407 ὡς
3014 2340 3332 2410 ἀναπαύλης
3359 2336 3598 2408 δεηθεὶς,
3626 2336 3715 2388 διὰ

2132 2443 2192 2495 τὸ
2223 2439 2316 2494 τοῦ
2346 2439 2553 2502 πάθους
2583 2427 2816 2507 μέγεθος
2851 2436 3181 2506 ἐπεχόμενος
3221 2433 3321 2502 τὴν
3355 2430 3562 2499 φωνὴν,
3599 2427 3715 2496 ἅμα

2131 2535 2210 2599 δέ,
2255 2533 2350 2587 καὶ¹
2381 2532 2454 2594 ὡς
2491 2531 2841 2599 ἐπιθυμήσας
2864 2530 2960 2582 καὶ
2990 2529 3196 2594 ἐτέρων
3223 2524 3434 2578 πολλῶν
3453 2520 3715 2593 θρηνούν-

2132 2645 2240 2680 των
2283 2623 2536 2686 ἀκοῠσαι,
2569 2621 2655 2674 διὰ
2686 2621 2747 2674 τὸ
2780 2620 2908 2690 περὶ
2961 2620 3052 2672 τὸν
3074 2617 3302 2684 ἀδελφὸν
3335 2614 3562 2685 μανικὸν
3596 2611 3714 2680 φίλ-

2131 2735 2283 2789 τρον,
2319 2713 2532 2769 πολλῶν
2571 2713 2663 2765 καὶ
2694 2713 2949 2781 μεγάλων
2997 2708 3190 2765 αἰτιῶν
3231 2709 3417 2768 ἕνεκα,
3451 2705 3526 2766 ὡς
3549 2703 3714 2763 αὐτὸς

2131 2809 2355 2874 διέξεισι
2385 2805 2662 2879 βασιλεύς.
2687 2799 2762 2858 Οὗ
2794 2805 2956 2885 χάριν
2983 2803 3078 2857 καὶ
3107 2802 3214 2855 ἀπὸ
3258 2796 3598 2870 περιπαθοῦς
3625 2795 3718 2846 εὑ-

2134 2905 2231 2966 θὺς
2265 2901 2532 2972 ἐνήρξατο
2562 2897 2878 2969 προοιμίου,
2910 2897 2986 2958 ὡς
3039 2894 3116 2965 μὴ
3158 2894 3218 2946 τὸ
3254 2891 3519 2961 παράπαν
3549 2888 3722 2954 δυνη-

2134 2989 2250 3050 θεὶς
2283 2989 2390 3041 τῶν
2413 3005 2472 3039 τε
2499 2987 2828 3056 διηγήσεων,
2857 2983 2966 3037 τῶν
2981 3000 3043 3036 τε
3076 2981 3315 3035 ἐπαίνων
3335 2978 3577 3048 ἅψασθαι
3608 2977 3721 3045 πρ³λ

2133 3081 2240 3133 τῶν
2282 3079 2520 3149 θρήνωνζ
2575 3079 2650 3130 Οὐ
2709 3077 2816 3147 μὴν
2853 3075 2967 3129 ἀλλ’
3014 3076 3109 3128 ἐπὶ
3168 3072 3524 3143 παραμυθίαν
3558 3072 3720 3140 ὅμως

444 3171 686 3234 intextis,
722 3179 779 3224 ut
810 3185 986 3239 neque
1019 3169 1246 3225 excedat
1294 3170 1442 3238 quod
1470 3171 1543 3224 sit
1576 3170 1878 3238 probabile,
1908 3185 2014 3224 nec

2136 3170 2401 3240 μεταϐὰς,
2455 3168 2826 3231 ἀποπαύεται,
2857 3167 3306 3236 ἐπιπλεκομένων
3351 3166 3568 3231 ἑκάστῳ
3597 3181 3720 3233 χω-

445 3277 636 3317 eorum
669 3263 874 3332 aliquid
901 3261 1136 3328 deﬁciat,
1169 3276 1291 3330 quae
1322 3263 1469 3316 dicto
1496 3277 1654 3332 opus,
1683 3277 1748 3317 ac
1782 3275 2026 3333 congrua

446 3362 626 3420 erant,
659 3363 719 3408 ut
765 3353 820 3408 in
844 3351 1076 3424 singulis
1127 3353 1364 3422 quisque
1409 3358 1526 3407 arte
1580 3352 1767 3420 legens
1805 3366 2028 3422 perspe-

455 3457 617 3516 xerit.

2135 3263 2235 3335 ρίῳ
2272 3263 2384 3316 τῶν
2423 3263 2514 3315 ἀεὶ
2543 3261 2933 3331 προσηκόντων
2967 3277 3026 3312 τε
3059 3259 3156 3312 καὶ
3186 3255 3722 3328 προσαρμοττόντων

2133 3359 2393 3421 ἐπαίνων,
2431 3355 2506 3417 ὡς
2536 3356 2674 3424 μήτε
2715 3354 2778 3406 τὸ
2834 3351 3065 3405 πιθανὸν
3126 3349 3514 3420 ὑπερϐάλλειν,
3569 3347 3722 3416 μήτε

2134 3449 2400 3505 ἐλλείπειν
2426 3465 2478 3500 τι
2504 3447 2614 3499 τῶν
2654 3448 2885 3502 ἐνόντων
2913 3462 2973 3498 τε
3002 3444 3098 3498 καὶ
3137 3444 3254 3514 ἅμα
3282 3443 3511 3496 δεόντων
3541 3438 3721 3510 ῥηθῆ-

2135 3559 2247 3607 ναι,
2269 3540 2346 3603 ὡς
2378 3540 2470 3595 ἐπὶ⁹
2498 3538 2607 3592 τῶν
2656 3536 2779 3590 καθ’
2803 3536 3036 3591 ἕκαστον
3071 3535 3189 3590 ἔστι
3233 3532 3311 3604 τῷ
3341 3533 3483 3588 κατὰ
3514 3533 3720 3602 τέχνης

2017 3682 2028 3692 ,
2135 3629 2566 3701 ἀναγινώσκοντι
2607 3628 2854 3699 θεωρεῖν.
