3976 6206
405 321 508 388 183

1589 321 1995 383 ΜΑΝΗΕΙᾸΒ
2028 321 2476 384 ΡΑιΑιοιοοῐ
2544 296 2549 299 ”

3555 317 3664 386 184

401 439 694 502 demeruit,
740 438 825 492 vix
878 451 986 490 non
1036 436 1235 496 oculis.
1285 437 1409 504 ejus
1451 451 1636 491 coram
1677 433 1980 501 subjicicns

2109 454 2193 501 ιει,
2246 439 2474 508 μονονοὺ
2528 455 2620 508 μοι
2661 438 2762 508 τὴν
2817 438 3404 512 μορφὴψῦποφαίνων
3435 434 3531 490 τοῦ
3566 436 3662 488 νῦν

401 529 775 597 formam-qui
821 546 968 583 nunc
993 529 1244 582 informis
1264 530 1428 600 jacet,
1457 543 1556 582 nec
1592 528 1817 581 omnino
1840 540 1989 581 sanae

403 623 603 675 mentis
636 621 824 676 ﬂatum
849 621 1084 676 retinere
1118 621 1269 676 sinit.
1291 619 1530 689 Vosque,
1551 618 1650 694 viri
1684 617 1986 679 auditores,

403 715 695 782 ignoscite,
718 729 882 781 quem
918 714 1136 767 ablatus
1168 713 1458 766 defunctus
1480 726 1674 779 magna
1691 720 1848 780 parte
1879 709 1989 762 vita

285 827 294 835 κ
402 822 679 876 sensuque
732 806 1318 874 destituit;eiquc,qui
1359 820 1466 857 non
1502 802 1660 858 facile
1703 801 1992 858 desideriis

399 899 600 953 vestris
643 898 714 952 sit
756 897 1005 952 faciendo
1029 897 1184 952 satis.
1203 896 1514 964 Porrojure
1551 895 1745 948 merito
1763 891 1990 964 ignove-

335 1040 349 1066 ,_
401 989 550 1052 ritis,
589 989 685 1056 qui
721 1004 820 1042 nec
852 989 976 1058 ipsi,
1005 1003 1033 1041 a
1062 989 1256 1042 mortis
1284 988 1403 1057 ejus
1441 985 1727 1040 doloribus
1754 984 1994 1055 penitius

339 1132 347 1154 ,
402 1081 607 1134 sauciis
628 1081 1102 1151 nobisquidquam
1131 1082 1353 1151 possitis
1375 1082 1742 1150 loqui.Conor
1771 1077 1992 1148 quidem

340 1174 364 1246 ι
403 1180 464 1225 ιιι
491 1187 576 1226 me
611 1173 794 1226 debito
815 1174 1113 1235 exsolvam.
1141 1176 1234 1228 sed
1257 1174 1506 1228 invenior
1529 1172 1664 1226 nihil
1698 1171 1992 1240 coniicere.

346 1247 366 1300 ’ί
405 1261 594 1332 Neque
649 1266 792 1318 cnim
848 1268 1045 1320 mentis
1079 1268 1303 1321 omnino
1352 1265 1496 1335 potis
1570 1278 1692 1318 sum
1733 1279 1746 1317 :
1794 1277 1860 1316 ex
1885 1273 1994 1329 quo

404 1371 592 1410 amara
631 1358 768 1411 adeo
811 1373 875 1411 ac
920 1359 1034 1412 dira
1068 1361 1268 1427 sagitta
1302 1358 1501 1412 lethale
1541 1355 1741 1411 inﬂixit
1772 1355 1994 1418 vulnus,

405 1447 672 1518 longeilla
696 1450 951 1506 lethalius
995 1467 1178 1506 amara
1211 1455 1380 1522 quam
1425 1451 1698 1506 celebrata
1733 1447 1995 1504 llomero.

476 1631 556 1684 Ex
593 1647 698 1700 qua
732 1649 863 1688 sane
882 1634 996 1700 die,
1013 1651 1172 1704 quem
1194 1651 1336 1690 nunc
1356 1635 1630 1706 lugemus.
1659 1634 1715 1689 in
1739 1633 1999 1689 humanis

309 1725 312 1728 ⁴
407 1723 573 1777 desiit
613 1739 754 1786 esse,
790 1736 1115 1796 recepturus
1149 1729 1370 1783 virtutis
1429 1727 1674 1797 praemia,
1721 1742 1846 1781 cum
1881 1741 1989 1796 qua

405 1816 566 1876 vixit.
620 1833 685 1870 ac
722 1826 808 1870 est
865 1818 974 1872 vita
1023 1819 1264 1881 functus.
1303 1819 1556 1875 bifariam
1617 1821 1848 1882 divisus,
1898 1818 1989 1875 vix

407 1909 576 1963 ctiam
611 1910 863 1977 spiritum
901 1915 1100 1968 ducere
1131 1915 1285 1968 valeo
1330 1915 1451 1968 :sic
1475 1913 1992 1968 nimirumimmen-

409 2019 470 2058 sa
504 2006 836 2060 calamitatis
895 2005 978 2059 vis
1027 2007 1172 2060 velut
1216 2006 1504 2076 praefocat.
1555 2006 1799 2061 Necdum
1859 2019 1993 2059 vero

409 2097 631 2153 omnino
669 2108 928 2154 consueta
952 2100 1156 2168 possim
1185 2101 1338 2155 ohire
1375 2119 1388 2166 ;
1415 2109 1468 2153 at
1497 2116 1679 2169 neque
1707 2117 1835 2171 spes
1886 2109 1991 2163 est,

409 2201 466 2244 ut
488 2191 690 2259 possim
731 2206 995 2261 unquam.
1028 2191 1318 2258 Quomodo
1349 2194 1494 2248 enim
1525 2193 1744 2246 animus
1797 2206 1992 2248 sanum

408 2280 537 2347 quid
565 2295 802 2346 unquam
838 2282 1037 2350 pariat,
1072 2293 1198 2350 post
1233 2289 1447 2335 tantum
1487 2281 1618 2335 mali
1656 2281 1937 2334 laesionem
1970 2279 1994 2334 ?

409 2369 618 2436 Quidve
648 2372 811 2426 etiam
871 2373 1132 2441 loquatur
1183 2375 1392 2442 lingua.
1443 2390 1564 2442 qum
1617 2375 1808 2442 grandi
1855 2374 1993 2428 adeo

410 2462 554 2515 malo
587 2463 842 2532 torpeat?
892 2475 950 2519 ut
979 2481 1156 2534 neque
1209 2468 1505 2534 excipiam,
1551 2485 1791 2534 przesens
1825 2485 1995 2538 argu-

411 2563 652 2607 mentum
685 2557 926 2624 potiores
953 2568 1181 2614 couatus
1211 2564 1454 2628 exigere.
1507 2577 1672 2630 quam
1728 2577 1829 2633 pro
1871 2577 1990 2617 mea

410 2643 625 2698 dicendi
653 2647 1108 2718 facultateupiod
1142 2651 1402 2704 nimirum
1436 2652 1518 2704 vir
1551 2653 1775 2720 laudum
1824 2669 1996 2709 enco-

412 2733 538 2788 miis
564 2734 949 2802 celebrandus,
998 2740 1148 2794 omni
1186 2741 1349 2809 longe
1389 2743 1706 2797 laudatione
1738 2745 1998 2813 superior

413 2827 503 2885 sit.
535 2829 880 2899 debeautque
908 2833 1136 2885 omnino
1176 2834 1268 2903 qui
1304 2833 1424 2902 ejus
1472 2836 1727 2890 virtutem
1781 2836 1994 2891 funebri

412 2920 659 2976 oratione
685 2931 813 2976 sunt
837 2924 1190 2988 dilaudatur-i,
1222 2941 1343 2980 cum
1374 2927 1589 2983 dicendi
1633 2929 1848 2998 peritia,
1879 2939 1995 2983 tum

413 3015 685 3084 praecipue
726 3031 924 3072 sensus
1000 3018 1168 3072 animi
1223 3021 1414 3090 vigore
1465 3023 1808 3091 prmpollere.
1882 3021 1998 3077 Hoc

2092 533 2342 601 ἀμόρφου
2371 532 2481 585 οὐδ’
2503 534 2562 585 ἐν
2595 533 2670 603 τῷ
2695 534 3055 604 καθεστηκότι
3088 532 3349 604 καθαρῶς
3373 531 3439 602 ἑᾷ
3465 530 3668 597 μένειν.

2093 625 2202 677 Καὶ
2231 625 2350 679 δότε
2385 643 2474 694 μοι
2508 624 2860 696 συγγνώμην,
2891 620 2936 680 ὦ
2969 627 3182 696 ἄνδρες,
3235 624 3494 696 ἡμιθνῆτι
3517 640 3674 689 γενο-

2096 718 2244 785 μένῳ
2273 720 2340 788 τῇ
2373 717 2469 770 τοῦ
2519 718 2805 788 οἰχομένου
2846 719 3126 789 στερήσει,
3193 717 3290 770 καὶ
3346 715 3422 787 μὴ
3472 714 3674 785 ῥᾳδίως

2097 808 2340 879 ἰσχύοντι
2355 810 2416 862 τὸ
2439 811 2566 881 ύμῖν
2586 808 2984 880 κεχαρισμένον
3013 809 3440 880 διαπράξασθαι.
3461 807 3674 859 Δίκαιοι

2091 902 2137 955 δ’
2167 902 2234 956 ἂν
2285 901 2436 972 είητε
2492 902 2919 970 συγγινώσκειν,
2975 902 3031 955 οἵ
3072 918 3138 970 γε
3178 899 3302 970 μηδ’
3347 898 3504 952 αὐτοὶ
3538 897 3677 967 πρὸς

2094 995 2242 1065 ἡμᾶς
2265 995 2327 1047 eo
2355 995 2620 1066 παράπαν
2643 992 2874 1048 δύνασθε
2893 992 3255 1064 φθέγγεσθαι,
3277 995 3344 1063 τῇ
3375 992 3556 1061 πληγῇ
3583 990 3678 1042 καὶ

2093 1089 2214 1150 ταῖς
2244 1086 2458 1149 ὀδύναις
2504 1084 2598 1139 τοῦ
2663 1084 2872 1148 πάθους
2927 1085 3272 1155 βαλλόμενοι.
3317 1083 3391 1136 Τδ
3433 1082 3535 1151 μὲν
3564 1081 3678 1149 γὰρ

2095 1181 2255 1251 χρέος
2283 1179 2638 1233 ἀποτιννύναι
2685 1179 2988 1251 πειρῶμαι,
3043 1177 3373 1248 εὑρίσκομαι
3427 1176 3482 1228 δὲ
3509 1175 3679 1243 μηδὲν

2094 1273 2294 1328 ἀνύων.
2315 1274 2449 1328 Οὐδὲ
2473 1274 2582 1343 γὰρ
2604 1272 2680 1326 ὣν
2714 1272 2953 1343 ἐμαυτοῦ
2987 1272 3260 1341 τυγχάνω,
3292 1269 3515 1338 καιρίαν
3541 1269 3678 1320 ταύ-

2095 1381 2195 1434 την
2223 1363 2517 1434 δεξάμενος
2547 1363 2693 1435 βέλει
2723 1363 2910 1434 πικρῷ
2925 1365 2993 1416 ξε
3047 1363 3143 1416 καὶ
3170 1363 3404 1430 ἀπηνεῖο
3437 1361 3466 1412 δ
3495 1359 3560 1429 δὴ
3581 1358 3680 1411 νῦν

2097 1456 2393 1526 ἐχεπευκὲς
2423 1454 2606 1526 πολλῷ
2635 1455 2703 1508 ἂν
2736 1455 2937 1526 μᾶλλον
2966 1457 3066 1509 σὺν
3094 1456 3173 1527 τῷ
3186 1452 3365 1524 καιρῷ
3396 1452 3428 1523 ἢ
3455 1453 3516 1505 τδ
3544 1452 3680 1522 πρὶν

2099 1544 2255 1602 εἶπεν
2278 1550 2549 1618 Ὄμηρος.
2841 1598 2848 1603 .

2182 1641 2324 1710 Ἑγὼ
2349 1659 2412 1711 γε
2442 1641 2566 1711 δίχα
2608 1641 2842 1712 τμηθεὶς
2871 1641 2964 1709 ἀφ’
2997 1634 3065 1711 ἧς
3102 1641 3130 1694 ὁ
3177 1638 3274 1691 νῦν
3306 1635 3680 1707 θρηνούμενος

2101 1736 2159 1803 ἐξ
2193 1735 2500 1805 ἀνθρώπων
2529 1734 2770 1800 ἐγένετο,
2804 1732 3111 1803 ληψόμενος
3141 1731 3281 1801 γέρα
3308 1730 3409 1796 τῆς
3448 1727 3677 1794 ἀρετῆς.

2094 1821 2128 1901 ᾗ
2155 1828 2253 1882 καὶ
2272 1826 2620 1896 συμϐεϐίωκα
2645 1825 2741 1878 καὶ
2765 1821 3202 1894 συναπελήλυθε,
3229 1821 3390 1890 μόγις
3415 1818 3680 1871 ἀναπνεϊν

2096 1916 2268 1986 ίσχύω
2287 1932 2302 1946 ο
2330 1915 2491 1985 ἄγχει
2517 1916 2626 1985 γὰρ
2643 1917 2684 1986 ἠ
2710 1913 2970 1982 συμφορά
2992 1929 3006 1944 ’
3039 1911 3279 1982 χρῆσθαι
3314 1910 3369 1962 δὲ
3398 1911 3508 1972 τοῖς
3543 1910 3669 1959 εἰω-

2095 2009 2246 2062 θόσιν
2284 2006 2440 2061 οὔπω
2473 2007 2657 2070 καλῶς
2690 2006 2927 2076 δύναμαι
2954 2021 2970 2037 ·
2998 2004 3115 2060 ἀλλ’
3146 2005 3266 2057 οὐδὲ
3298 2003 3452 2064 ἐλπὶς
3483 2001 3678 2070 βεϐαία

2095 2103 2145 2154 εί
2175 2100 2479 2171 δυνήσομαί
2510 2115 2664 2153 ποτε.
2691 2098 2817 2161 Πῶς
2843 2099 2952 2168 γὰρ
2976 2099 3043 2151 ἂν
3076 2097 3226 2150 τέκοι
3253 2096 3484 2157 διάνοια,
3524 2094 3680 2160 τηλι-

2095 2192 2235 2261 κῷδε
2296 2191 2456 2263 κακῷ
2511 2189 2880 2263 πηρωθεϊσας
2937 2188 3004 2242 Τί
3035 2187 3082 2242 δ’
3130 2187 3198 2242 ἂν
3231 2187 3326 2240 καὶ
3379 2184 3681 2255 φθέγξαιτο

2094 2285 2332 2352 γλῶττα,
2362 2281 2520 2352 κακῷ
2575 2282 2782 2352 τοσῷδε
2834 2280 3136 2352 ναρκῶσας
3175 2280 3358 2345 Χωρὶς
3383 2277 3440 2330 δὲ
3465 2277 3557 2329 καὶ
3582 2274 3680 2327 τοῦ

2094 2376 2304 2430 δεῖσθαι
2333 2375 2649 2445 κρείττονος
2679 2373 2712 2445 ἢ
2753 2373 2897 2430 κατὰ
2924 2372 3028 2443 τὴν
3053 2372 3194 2441 ἐμὴν
3224 2371 3459 2440 δύναμιν
3486 2370 3546 2422 τὸ
3573 2385 3685 2421 πα-

2101 2467 2192 2538 ρὸν
2220 2467 2550 2538 ἐγχείρημα·
2575 2464 2652 2536 τῷ
2677 2465 2815 2534 μετὰ
2841 2465 3041 2533 πολλῆς
3061 2461 3162 2533 τῆς
3179 2459 3486 2530 ὑπερϐολῆς
3504 2459 3670 2526 ὑπερ-

2096 2562 2315 2616 κεῖσθαι
2339 2559 2546 2622 παντὸς
2579 2559 2810 2612 ἐπαίνου
2839 2557 2933 2612 τὸν
2965 2554 3412 2626 εύφημούμενον,
3451 2550 3547 2605 καὶ
3571 2551 3684 2603 δεῖν

2098 2650 2240 2706 εἶναι
2265 2651 2523 2717 καθάπαξ
2546 2651 2676 2714 τοὺς
2710 2648 3131 2719 μονῳδήσοντάς
3157 2663 3217 2699 τε
3252 2645 3346 2698 καὶ
3368 2641 3686 2696 ἐπαινέσον-

2097 2762 2196 2808 τας
2234 2744 2334 2813 τὴν
2367 2743 2568 2814 ἀρετὴν
2603 2740 2760 2794 τοῦδε
2813 2739 3062 2809 τάνδρὸς,
3099 2737 3352 2808 ἰσχυροὺς
3399 2734 3563 2804 σοφία.
3591 2733 3686 2785 λό-

2099 2856 2234 2907 γων,
2267 2835 2652 2907 ίσχυροτὲρους
2702 2835 2804 2905 τὴν
2861 2833 3150 2903 φρόνησιν,
3213 2830 3348 2884 αὐτὸ
3380 2828 3440 2881 τὸ
3491 2827 3685 2896 μέσαις

2099 2929 2384 2994 ὀλολυγαῖς
2418 2925 2666 2987 ἑστάναι,
2701 2924 2796 2977 καὶ
2824 2923 3057 2994 δάκρυσι
3095 2921 3196 2992 μὲν
3233 2924 3347 2983 τοῖς
3385 2921 3558 2988 ὲμοῖς.
3589 2919 3686 2970 δάο

2101 3037 2265 3086 κρυσι
2295 3019 2351 3071 δὲ
2375 3019 2491 3080 τοῖς
2522 3017 2635 3070 τῶν
2666 3017 2886 3072 πάντων
2915 3013 3110 3076 δεινῶς
3143 3029 3234 3082 μοι
3261 3009 3682 3078 παρασύρεσθαι

414 3114 650 3168 tantum,
682 3117 741 3161 ut
769 3107 1067 3174 lugentium
1101 3110 1310 3164 medius
1351 3114 1690 3167 constitutus
1751 3114 1879 3178 sim,
1933 3129 1997 3167 ac

2109 3113 2192 3166 τὸν
2221 3111 2366 3172 νοῦν,
2403 3109 2713 3187 θρηνοῦντιι-
2735 3108 2837 3181 μὲν
2875 3107 3128 3174 ἀδελφὸν,
3173 3105 3462 3176 θρηνοῦντι
3497 3105 3552 3156 δὲ
3593 3103 3682 3171 cpi.

415 3213 538 3253 Cum
575 3201 713 3254 meis
747 3201 942 3268 ipsius.
977 3211 1092 3254 tum
1136 3203 1520 3256 universorum
1577 3204 1838 3277 lacrymis
1877 3205 2000 3262 dire

415 3292 550 3347 mihi
607 3292 827 3347 animus
875 3293 1243 3357 distrahatur,
1299 3296 1393 3364 qui
1455 3294 1679 3350 fratrem
1734 3299 1998 3367 lugeam;

417 3385 764 3452 quiamic’um
805 3401 820 3450 ;
855 3385 948 3453 qui
979 3386 1310 3453 discipulum
1349 3403 1364 3452 ;
1402 3389 1496 3454 qui
1551 3389 1716 3440 filium
1754 3407 1767 3441 :
1807 3389 2004 3460 (quan-

419 3491 583 3544 quam
617 3477 779 3530 etiam
813 3491 909 3545 per
939 3479 1307 3541 oet-asionem,
1338 3495 1461 3547 quae
1517 3492 1732 3549 patrum
1787 3497 2005 3551 quoque

421 3585 485 3622 ac
517 3570 907 3638 magistrorum
935 3581 1111 3634 erant,
1150 3580 1310 3624 artate
1342 3572 1949 3640 ipse‘jnniorostendit:
1981 3572 2000 3642 )

421 3678 608 3729 quem,
643 3664 887 3732 inquam,
947 3663 1065 3717 litae
1112 3673 1258 3717 tanta
1313 3664 1726 3733 perturbatiOne
1758 3679 1863 3718 nan
1899 3665 2005 3729 im-

425 3754 627 3822 pleant,
653 3754 889 3823 ejusque
914 3754 1231 3809 obtuderiut
1257 3757 1366 3810 vim
1399 3756 1625 3826 ingenii,
1654 3756 1740 3810 vel
1769 3756 1812 3811 si
1841 3755 2009 3824 {futu-

425 3862 522 3900 rus
585 3855 770 3899 orator
819 3861 1010 3900 eorum
1063 3848 1268 3917 aliquis
1327 3847 1707 3909 existimetur.
1759 3847 1852 3914 qui
1907 3863 2006 3916 pro

427 3939 640 3992 dicendi
671 3938 930 3993 facultate
959 3939 1205 3994 celebres
1239 3939 1370 3993 olim
1425 3939 1595 3994 habiti
1644 3939 1756 3994 sint
1780 3939 1803 3992 ἲ
1830 3937 2009 3992 Caete-

431 4042 550 4078 ruin
579 4037 710 4095 puto
739 4042 855 4087 vos.
891 4029 1139 4099 lugubris
1165 4030 1383 4094 concio,
1413 4041 1470 4084 ut
1489 4045 1803 4100 quanquam
1821 4029 2011 4084 volens

428 4125 656 4174 mnuino
681 4138 918 4189 possem,
951 4123 1094 4177 haud
1139 4124 1510 4192 permissuros
1538 4121 1802 4176 illaudato
1844 4119 2012 4176 fratre

430 4231 458 4266 a
490 4215 746 4284 sepulcro
779 4215 934 4269 abire
957 4232 1118 4285 quem
1156 4217 1236 4270 sic
1282 4230 1447 4285 opera
1495 4213 1705 4269 clarum
1759 4212 2008 4269 effecere.

430 4305 642 4375 Quippe
674 4323 759 4361 res
801 4316 904 4367 est.
942 4310 992 4359 in
1031 4321 1194 4374 quam
1251 4307 1398 4376 cogit
1440 4305 1534 4375 jus
1589 4319 1772 4358 omne.
1800 4303 2016 4374 Sequar

432 4414 567 4463 ergo
595 4398 905 4465 qnodjuris
943 4407 1047 4461 est,
1093 4398 1410 4464 eﬂahorque
1448 4397 1655 4466 aliqua,
1716 4411 1781 4450 ac
1824 4396 2013 4474 lugens

438 4489 619 4541 virum
659 4489 972 4548 dilandabo.
1005 4490 1096 4558 qui
1132 4490 1384 4544 discessu
1410 4488 1614 4542 abhinc
1646 4503 1768 4552 suo,
1821 4489 2012 4558 grandi

434 4581 571 4633 adeo
598 4583 764 4636 luctui
811 4592 1075 4652 utrosque
1133 4582 1400 4635 obnoxios
1451 4581 1602 4636 fecit.
1642 4579 1838 4635 Verum
1874 4581 2018 4634 haud

434 4685 620 4743 putem
648 4687 828 4729 vestro
855 4691 940 4729 me
971 4673 1247 4729 desiderio
1285 4675 1555 4728 facturum
1586 4675 1744 4740 satis,
1771 4674 1918 4742 quod
1949 4689 2015 4726 ex

436 4768 623 4821 inultis
652 4767 908 4836 conjicio.
2023 4762 2041 4767 ’

511 4859 777 4928 Equidem
833 4858 989 4928 juhet
1045 4859 1420 4913 cncomiornm
1479 4858 1643 4924 ratio,
1689 4865 1748 4910 ut
1809 4867 2016 4924 orator,

437 4956 702 5024 primum,
727 4968 789 5008 ac
817 4963 1108 5021 antequam
1131 4966 1224 5006 eos
1255 4963 1505 5015 exornet,
1560 4965 1799 5020 quorum
1852 4950 2018 5004 habet

437 5044 776 5116 propositam
811 5044 1211 5104 laudationem.
1237 5059 1430 5098 eorum
1466 5042 1700 5112 patriam
1723 5057 1788 5096 ac
1825 5057 2018 5111 paren-

439 5147 524 5190 tes
549 5135 726 5204 palam
762 5136 1020 5190 omnihus
1078 5131 1360 5202 declaret;
1408 5136 1572 5205 idque
1629 5150 1752 5190 cum
1801 5135 2018 5204 primis.

438 5245 563 5282 cum
589 5229 684 5290 illi.
729 5245 830 5285 nec
859 5229 1055 5298 exigua
1088 5229 1309 5294 virtute,
1339 5245 1438 5283 nec
1456 5228 1670 5282 modica
1686 5228 2018 5298 gloria.clari

438 5323 723 5377 exstitere.
757 5321 925 5375 Porro
950 5338 1065 5397 non
1095 5337 1298 5390 paucos
1328 5323 1441 5376 fore
1465 5321 1753 5384 existimo,
1780 5320 1872 5390 qui
1896 5334 2016 5372 eam

441 5415 638 5484 legem.
691 5424 749 5469 ut
780 5432 1010 5484 nsquam
1053 5415 1183 5478 alio,
1247 5416 1353 5469 hoc
1409 5413 1646 5467 maxime
1675 5419 2021 5480 argumento,

441 5495 700 5574 Optimam
728 5509 873 5560 illam
899 5523 961 5562 ac
989 5508 1325 5576 praeclaram.
1351 5507 1686 5562 arbitrentur
1710 5521 1887 5574 operae
1907 5520 2027 5573 prc-
2059 5577 2062 5580 _

444 5607 579 5653 tium
611 5613 756 5652 esse.
788 5599 1072 5668 Siquidem
1106 5601 1250 5655 enim
1279 5601 1371 5654 ubi
1406 5615 1596 5655 eorum
1636 5613 1808 5667 genus
1853 5606 1938 5650 est
1971 5605 2021 5649 et

519 5777 595 5846 (9.)
632 5775 789 5831 Iliad.
835 5796 887 5828 α.

2103 3206 2216 3268 λον,
2249 3203 2541 3275 θρηνοῦντι
2569 3203 2627 3256 δὲ
2661 3199 2938 3273 μαθητὴν,
2976 3197 3262 3270 θρηνοῦντι
3295 3199 3352 3251 δὲ
3382 3197 3550 3248 παῖδα
3608 3195 3683 3263 (εί

2104 3295 2197 3350 καὶ
2218 3295 2361 3349 κατά
2382 3311 2533 3357 τινας
2566 3293 2796 3363 καιροὺς
2832 3293 2903 3345 τὰ
2929 3291 3040 3344 τῶν
3071 3290 3322 3360 πατέρων
3351 3289 3563 3340 ἐδείκνυ
3589 3287 3686 3338 καὶ

2102 3385 2461 3448 διδασκάλων,
2491 3386 2668 3440 καίτοι
2702 3383 2967 3454 νεώτερος
2985 3381 3226 3452 ὣν),τίν⁹
3260 3381 3361 3433 οὐκ
3381 3380 3446 3433 ἂν
3472 3379 3689 3446 ἔμπλη-

2107 3495 2220 3531 σειε
2247 3477 2514 3548 ταραχῆς,
2551 3477 2647 3530 καὶ
2674 3475 3030 3545 ἀμϐλυτέραν
3059 3471 3360 3544 ἐργάσαιτο
3390 3472 3492 3540 τὴν
3518 3467 3686 3523 αὑτοῦ

2106 3571 2370 3633 διάνοιαν,
2422 3572 2472 3622 εί
2501 3569 2566 3640 δή
2595 3585 2682 3630 τις
2709 3562 2780 3638 ἦν
2805 3567 2834 3619 ὁ
2857 3560 3051 3634 ’λέγειν
3091 3561 3410 3636 ἐπιχειρῶν,
3442 3562 3539 3615 καὶ
3575 3559 3688 3612 τῶν
3793 3584 3800 3589 -

2108 3665 2279 3719 πάλαι
2314 3661 2671 3732 ὑμνουμένων
2709 3659 2788 3720 είς
2820 3657 2997 3726 λόγων
3027 3657 3294 3726 δύναμιν;
3333 3655 3455 3717 Πῶς
3492 3651 3586 3708 οῦν
3621 3652 3689 3705 ειν

2109 3760 2287 3828 ἔχοιμι
2321 3753 2628 3825 χρήσασθαι
2650 3753 2765 3813 τοῖς
2795 3749 3126 3820 ἐπιταφίοις,
3151 3746 3226 3808 ὡς
3258 3745 3324 3798 ἂν
3352 3742 3688 3813 βουλοίμην;

2111 3849 2280 3916 Οἶμαι
2303 3846 2347 3901 δ’
2369 3847 2534 3916 ὑμᾶς,
2582 3838 2627 3896 ὧ
2658 3834 3012 3904 πενθοῦντες,
3037 3838 3172 3908 μηδὲ
3209 3833 3526 3904 ἐπιτρέψειν
3549 3833 3690 3894 ὅλως

2114 3941 2371 4012 βαδίζειν,
2403 3937 2456 3990 εί
2475 3951 2538 4003 γε
2563 3929 2630 4004 ἦν
2659 3931 2780 4000 ἐμοὶ
2811 3927 3126 4000 βουλομένῳ
3153 3922 3460 3994 μεταϐῆναι
3485 3918 3692 4012 μικρὸν

2111 4009 2209 4086 τοῦ
2233 4032 2429 4098 τάφου,
2457 4027 2586 4098 πρὶν
2619 4024 2654 4095 ἢ
2685 4023 2984 4091 τιμήσαιμι
3015 4019 3162 4086 λόγῳ
3191 4015 3284 4068 τὸν
3310 4011 3561 4080 ἀδελφὸν,
3593 4009 3692 4061 ἀτε

2113 4128 2178 4197 δὴ
2206 4121 2462 4192 λαμπρὸν
2501 4118 2607 4172 ἀπὸ
2646 4115 2756 4167 τῶν
2786 4113 2966 4183 έργων
2991 4108 3250 4178 φανέντα.
3308 4102 3693 4197 Συνέχειμγὰρ

2117 4191 2260 4282 ὑμᾶς
2289 4191 2380 4277 είς
2408 4212 2590 4271 τοῦτο,
2647 4207 2744 4260 καὶ
2797 4202 3029 4258 συνωθεῖ
3059 4202 3208 4253 ἅπαν
3259 4197 3488 4251 δίκαιον.
3541 4191 3697 4246 ’Ὠστ⁹

2117 4309 2227 4376 ἐγὼ
2263 4305 2361 4375 μὲν
2389 4303 2590 4371 ἕψομαι
2627 4297 2706 4368 τῷ
2735 4296 2951 4366 δικαίῳ,
2984 4293 3080 4344 καὶ
3108 4291 3220 4362 ἐρῶ
3251 4307 3327 4352 τι,
3360 4287 3458 4341 καὶ
3495 4283 3702 4352 πενθή-

2122 4421 2199 4456 σω
2227 4398 2342 4470 μετ’
2364 4395 2653 4464 ἐγκωμίων
2679 4391 2770 4443 τὸν
2792 4389 2892 4457 εμέ
2923 4404 2984 4439 τε
3005 4388 3103 4439 καὶ
3139 4383 3295 4454 ὑμᾶς·
3319 4382 3378 4432 ὲν
3408 4377 3591 4445 πολλῷ
3631 4393 3694 4428 τε

2127 4493 2222 4553 καὶ
2251 4491 2473 4556 ἀλήκτῳ
2519 4485 2706 4551 πένθει
2739 4478 3140 4534 καταλιπόντα·
3199 4474 3346 4544 ὑμᾶς
3370 4473 3428 4526 δὲ
3479 4471 3702 4530 πάντως
3741 4545 3748 4551 1

2127 4587 2224 4638 οὐκ
2253 4583 2319 4636 ἂν
2343 4580 2708 4650 ἐμπλήσαιμι.
2741 4572 2965 4633 Πολλοῖς
2988 4567 3148 4623 τοῦτο
3176 4564 3569 4635 τεκμαίρομαι.

2200 4855 2506 4928 Προτρέπει
2543 4847 2644 4918 μὲν
2685 4838 2778 4898 οῦν
2825 4843 2853 4896 ὁ
2897 4839 3065 4912 νόμος
3088 4838 3200 4892 τῶν
3231 4831 3550 4928 ἐγκωμίων,
3593 4826 3704 4928 πρὸ

2127 4945 2220 5001 τοῦ
2249 4917 2478 5012 κοσμεῖν
2507 4917 2636 4998 τοὺς
2689 4931 3087 5001 προκειμένους
3122 4928 3203 4992 είς
3255 4921 3558 4994 εὐφημίαν,

2127 5033 2503 5107 ὲνεγκαμένην
2557 5026 2778 5089 αὐτοὺς,
2818 5023 2914 5076 καὶ
2937 5021 3002 5092 δὴ
3026 5019 3118 5073 καὶ
3149 5019 3276 5107 τους
3309 5013 3524 5107 γονέας,
3567 5011 3702 5107 πᾶ-σι

2129 5103 2348 5201 δηλοῦν,
2372 5122 2468 5177 καὶ
2505 5115 2726 5191 μάλισθ’
2758 5115 2888 5168 ὅταν
2917 5111 3157 5182 τύχωσιν
3189 5103 3337 5162 οῦτοι
3369 5107 3464 5160 καὶ
3497 5103 3704 5201 ἀρετῆς

2133 5199 2194 5278 ού
2235 5218 2494 5291 σμικρᾶς,
2527 5213 2624 5267 καὶ
2675 5209 2835 5276 δόξης
2875 5207 2935 5258 οὐ
2973 5204 3198 5274 μετρίας
3257 5199 3699 5291 “nummus.

2132 5287 2289 5384 οἶμαι
2309 5287 2516 5370 δὲίτοὺς
2545 5302 2766 5364 πλείους
2788 5297 3055 5366 δοξάζειν,
3080 5297 3156 5360 ὡς
3187 5294 3391 5366 μᾶλλόν
3420 5309 3485 5360 γε
3514 5287 3709 5345 ἐνταῦ-

2137 5409 2206 5460 θα
2239 5401 2476 5474 χρῆσθαι
2523 5395 2795 5466 προσήκει
2847 5391 2926 5462 τῷ
2958 5390 3117 5445 πάντ⁹
3165 5389 3374 5458 ἀρίστῳ
3404 5387 3501 5440 καὶ
3551 5385 3706 5454 καλῷ

2133 5498 2268 5568 τῷδε
2295 5495 2443 5564 νόμῳ
2471 5492 2628 5562 ῆπερ⁴
2651 5486 3012 5557 ὁπουδήποτε.
3053 5483 3117 5538 Εἰ
3156 5482 3264 5551 γὰρ
3317 5480 3401 5532 ἶνα
3431 5478 3492 5531 τὸ
3524 5475 3702 5545 γένος,

2135 5588 2231 5643 καὶ
2267 5589 2300 5658 ἠ
2331 5582 2553 5652 πατρὶς,
2603 5579 3039 5650 τῶνέπιτήμων
3091 5575 3188 5646 μὲν
3227 5573 3320 5627 καὶ
3361 5568 3702 5642 περιφανῶν,
