4024 6210
261 317 370 379 185

1054 320 1455 383 TIIEODORI
1499 323 1870 384 DESPOT/E
1912 319 2314 386 LAUDATIO'
2345 327 2757 396 FUNEBRIS.

3441 333 3543 399 186

254 431 323 483 οὐ
361 430 471 498 μὴν
503 426 550 480 δ’
578 428 662 492 είς
694 428 997 501 τοῦσχατον
1041 431 1202 501 δόξης
1229 434 1595 506 ὲληλακότων,
1646 439 1742 493 καὶ
1781 441 1843 492 τδ

1956 437 2142 504 patria,
2177 438 2268 507 qui
2307 439 2544 494 illustres
2575 442 2795 512 quidem
2829 455 2892 496 ac
2916 440 3235 508 clari,haud
3267 449 3449 500 tamen
3473 449 3539 501 ad

257 522 473 594 μηδένα
505 521 795 588 λεληθέναι
830 524 900 577 τὸ.
925 524 1068 577 κατὰ
1110 529 1271 594 σφᾶς,
1300 528 1502 596 ἀγαθός
1531 547 1594 596 γε
1632 533 1844 594 πάντως

253 615 288 666 δ
319 613 522 683 νόμος·
560 615 652 668 ἵνα
695 616 936 689 τοσαύτη
969 620 1264 688 περιουσία
1310 620 1730 692 λαμπρότητος,
1769 623 1845 685 ὡς

259 705 464 777 μηδέσι
496 708 610 762 τῶν
639 710 930 778 πρωτείων
958 716 1334 785 παραχωρεῖν,
1395 716 1531 786 μηδὲ
1559 715 1846 784 λεληθέναι

255 799 359 866 τῆς
392 801 498 869 γῆς
546 799 618 852 τά
665 801 908 870 πέρατα,
957 802 1027 855 τὰ
1079 805 1232 872 σφῶν
1265 804 1722 876 πλεονεκτήματα
1751 805 1848 858 καὶ

255 889 363 961 τὴν
391 889 614 960 ἀρετὴν.
651 891 889 960 μάλιστα
918 893 1136 947 πάντων
1157 895 1186 948 ὁ
1210 895 1374 966 νόμος
1393 889 1550 961 οὗτος
1567 898 1640 951 ob
1662 914 1849 966 περιο-

258 982 433 1061 πτέος
463 980 668 1045 δόξειεν
691 982 778 1036 ἄν.
811 983 887 1036 To
909 986 1034 1062 γὰρ,
1053 987 1322 1058 ὑπερέχον
1344 988 1550 1043 τούτων
1585 991 1644 1042 ὲν
1673 991 1844 1043 ἅπασι

260 1073 487 1127 πάντων
537 1074 707 1128 ἓνεκα
744 1071 781 1147 ἦ
814 1075 915 1130 πού
939 1095 1003 1146 γε
1033 1078 1314 1150 θαύματος
1345 1080 1516 1146 ἄξιον.
1550 1082 1659 1134 Καὶ
1692 1081 1846 1136 τοῦτό

259 1181 330 1232 γε
362 1167 682 1236 συνίστησιν
711 1170 740 1221 ό
770 1170 950 1224 πάντα
983 1169 1122 1241 λήθῃ
1154 1171 1434 1240 παραδοὺς
1481 1174 1696 1243 χρόνος,
1722 1174 1846 1228 άτο-

258 1261 438 1326 νήσας
473 1257 728 1313 ὲνταυθοῖ
766 1262 828 1314 τὸ
866 1261 1061 1326 είωθὸς
1109 1263 1261 1333 αὐτῷ
1303 1266 1528 1334 δρᾶσαι.
1584 1266 1697 1319 Καὶ
1735 1266 1846 1338 γὰρ

257 1352 507 1423 τοσούτῳ
569 1353 717 1422 μέγα
779 1355 1236 1425 ύπερηκόντισαν
1288 1359 1454 1428 συχνῇ
1515 1358 1846 1429 περιφανείᾳ

259 1445 357 1499 καὶ
391 1445 740 1516 κοσμιότητι,
775 1449 871 1500 καὶ
896 1451 962 1520 τῇ
988 1448 1097 1502 τῶν
1125 1435 1347 1520 τρόπων
1372 1452 1728 1521 χρηστότητι,
1753 1453 1846 1506 καὶ

222 1548 242 1587 ·.
259 1537 330 1603 τῇ
357 1536 470 1589 τῶν
495 1539 779 1606 τροπαίων
797 1539 1166 1611 λαμπρότητι,
1197 1543 1310 1612 ὅσῳ
1341 1543 1476 1612 μηδὲ
1501 1542 1686 1614 ῥᾴδιον
1705 1537 1848 1596 εἶναι

225 1628 460 1703 λεῖξαι.
491 1631 607 1688 Καὶ
628 1631 790 1685 τοῦτο
808 1632 1000 1703 λέληθε
1023 1634 1122 1703 μὲν
1150 1634 1257 1688 οὐδ’
1279 1636 1520 1688 ὁντινοῦν
1544 1637 1656 1690 τῶν
1679 1637 1850 1692 ἀπάν-

210 1701 373 1772 ”των
395 1738 411 1752 ο
451 1725 692 1793 παρέχει
724 1724 780 1778 δὲ
810 1701 1034 1790 πάντας
1069 1726 1394 1797 θαυμάζειν,
1424 1727 1518 1792 οὓς
1552 1747 1616 1797 γε
1663 1731 1726 1784 οὐ
1761 1731 1848 1784 λέ-

1949 544 2226 583 summum
2264 529 2451 600 gloriae
2496 533 2708 587 culmen
2749 549 2998 598 evasere,
3032 548 3098 590 a-c
3143 545 3200 588 ut
3252 551 3318 590 ne
3375 553 3538 606 quem

1947 637 2136 676 eorum
2175 639 2264 678 res
2298 624 2546 692 lateant;
2595 627 2731 681 bene
2785 644 3016 697 prorsus
3049 629 3137 684 illa
3185 629 3382 696 habet;
3444 632 3540 687 ubi

1948 723 2131 768 autem
2165 729 2358 769 eorum
2387 716 2575 790 gloria:
2599 725 2784 772 tantus
2809 727 3102 787 exsuperat
3152 721 3430 783 cumulus,
3475 730 3538 775 ut

1948 820 2018 860 ne
2047 805 2138 860 cui
2172 808 2378 876 primas
2401 818 2585 877 partes
2614 809 2832 874 cedant,
2850 824 2950 864 nec
2964 815 3540 880 eorumpraerogativae

1947 909 2014 948 ac
2062 895 2280 966 virtus,l
2310 897 2460 951 orbis
2499 897 2707 952 lateant
2737 899 2894 952 'llnes
2930 909 3104 962 ;tunc
3135 901 3373 954 maxime
3427 915 3538 954 non

1947 988 2252 1054 spernenda
2308 989 2579 1043 videatur.
2618 990 2790 1044 Tanta
2824 992 3026 1060 quippe
3046 1006 3235 1046 eorum
3268 991 3322 1046 in
3361 993 3543 1046 omni-

1948 1076 2074 1140 bus,
2112 1093 2175 1132 ac
2199 1079 2348 1133 omni
2383 1090 2540 1148 parte
2579 1082 2931 1148 excellentia,
2963 1077 3080 1152 jure
3116 1083 3313 1136 merito
3362 1084 3542 1137 admi-

1947 1171 2149 1225 rationi
2195 1171 2499 1227 -habeatur.
2573 1174 2747 1243 quue
2806 1177 2942 1231 sane
3005 1177 3173 1231 etiam
3252 1174 3598 1247 eonﬁrmat_

1949 1268 2188 1329 tempus,

2307 1263 2454 1331 quod
2553 1264 2982 1328 universorum;
3042 1263 3378 1319 oblivionem
3457 1263 3542 1318 fa-
3606 1299 3619 1334 ι

1947 1353 2121 1419 ciens,
2187 1353 2275 1410 hic
2342 1363 2526 1410 tamen
2607 1356 2918 1426 nequiverit
2961 1367 3220 1426 praestare
3268 1355 3416 1427 quod
3460 1366 3544 1410 est
3573 1341 3622 1440 ιζ

1949 1454 2350 1516 comparatum.
2380 1446 2560 1503 Tanto
2594 1449 2863 1518 siquidem
2897 1465 3128 1506 excessu
3183 1457 3540 1518 superarunt,

3599 1445 3618 1536 ’ἔ

1948 1537 2143 1592 crebra
2167 1539 2342 1609 gloria
2376 1554 2442 1595 ac
2474 1540 2784 1603 honestate,
2813 1555 3145 1611 morumque
3173 1541 3436 1603 bonitate,
3477 1557 3541 1594 ac
3605 1560 3610 1614 ς

1950 1639 2280 1700 tropaeorum
2315 1632 2635 1702 splendore,
2667 1643 2851 1688 utnec
2885 1632 3046 1688 facile
3076 1634 3290 1688 ostendi
3341 1633 3540 1704 possit,
3601 1626 3608 1648 ’

1948 1735 2125 1790 eaque
2166 1736 2256 1777 res
2283 1723 2560 1778 neminem
2585 1727 2756 1778 latere
2793 1724 2970 1794 potuit
3012 1725 3443 1792 ;convertitque
3487 1724 3540 1776 iu

256 1812 452 1882 ληθεν.
500 1815 672 1868 Ἔνθα
706 1816 773 1886 δὴ
818 1817 995 1872 ταῦτα
1028 1794 1388 1892 συνέδραμεν,
1414 1821 1444 1874 ό
1474 1794 1640 1892 νόμος
1685 1823 1852 1892 ἀναγ-

1956 1812 2395 1881 admirationem,
2421 1815 2468 1869 si
2506 1829 2646 1882 quos
2679 1831 2788 1870 non
2821 1815 3001 1870 latuit.
3039 1814 3142 1871 Ubi
3165 1830 3298 1871 sane
3332 1831 3396 1872 ea
3411 1830 3544 1870 eon-

259 1900 577 1962 καιότατος.
613 1903 774 1958 Ἐστι
805 1905 1008 1963 ταῦτα.

351 1992 502 2060 Ἐγὼ
524 1994 577 2046 δὲ
608 1995 874 2067 βούλομαι
900 1998 998 2053 νῦν
1027 2001 1203 2056 εἰπεῖν
1225 2001 1399 2072 βίαιον
1419 2003 1522 2070 μέν
1548 2021 1692 2059 τισιν
1719 2004 1850 2069 ῐσως

257 2083 453 2152 δόξον,
485 2088 677 2160 ἀληθὲς
705 2091 754 2144 δ’
775 2092 870 2146 οὖν
898 2087 1056 2162 οἶμαι
1086 2097 1488 2166 φανησόμενον.
1528 2097 1592 2153 '0
1626 2097 1735 2170 γάρ
1761 2098 1852 2152 νό-

262 2196 377 2247 μος
413 2180 712 2250 ἀναγκαῖος
761 2183 838 2248 ὥς
881 2184 1124 2254 ἀληθῶς,
1177 2189 1238 2241 ού
1272 2191 1384 2259 μὴν
1428 2190 1478 2243 δ’
1508 2191 1603 2245 ἐπὶ
1630 2192 1851 2246 πάντων

260 2267 444 2333 οὓτως
476 2272 689 2335 ἁπλῶς.
719 2273 841 2327 Ἵνα
865 2275 976 2344 γὰρ
1009 2277 1316 2348 συνέδραμε
1340 2279 1595 2344 τοσοῦτος
1627 2280 1727 2349 μὲν
1750 2298 1853 2335 σω-

194 2352 203 2358 ’
261 2362 365 2432 pb;
420 2364 664 2431 ἀγαθῶν,
727 2367 824 2420 καὶ
880 2369 1085 2440 μηδένα
1133 2369 1329 2442 λέληθε
1376 2373 1488 2426 τῶν
1545 2373 1851 2439 ἁπάντων,

260 2456 503 2525 παρέχει
536 2457 594 2510 δὲ
629 2458 765 2512 πᾶσι
794 2459 1120 2530 θαυμάζειν,
1162 2462 1626 2532 ἐκπληττομένοις
1655 2465 1724 2518 τὰ
1754 2481 1854 2520 κα-

258 2546 621 2616 τορθώματα,
654 2550 756 2604 οὐκ
787 2551 1089 2620 ἀναγκαῖος
1139 2554 1168 2606 ό
1196 2554 1366 2625 νόμος
1412 2548 1568 2619 οὗτος
1602 2557 1753 2626 αύτῷ
1786 2574 1852 2626 γε

256 2639 446 2710 τούτῳ
474 2679 491 2704 ,
523 2635 566 2710 ᾧ
591 2659 654 2710 γε
678 2645 791 2706 τοῖς
826 2645 1008 2709 ἄλλοις
1060 2647 1362 2716 ἀναγκαῖος
1392 2643 1534 2704 εἶναι
1561 2651 1734 2706 δοκεῖ.
1759 2655 1853 2705 Δι-

257 2732 465 2814 καίως.
500 2734 598 2788 Διὰ
625 2735 715 2802 τίς
744 2737 870 2792 Ὀτι
899 2738 992 2792 τὸν
1014 2738 1179 2810 νόμον
1214 2735 1370 2809 οἶμαι
1401 2743 1680 2815 τετάχθαι,
1707 2745 1856 2810 ὅπως

257 2825 315 2877 οἱ
367 2825 532 2908 ,ῥίζης
578 2829 795 2896 ἀγαθῆς
847 2833 906 2883 ὲν
961 2831 1153 2902 ἀγαθῷ
1211 2837 1636 2904 πεφυτευμένης
1668 2836 1855 2908 χωρίῳ

257 2903 467 2986 ὁγᾶθοὶ
496 2923 633 2974 πᾶσι
659 2923 934 2993 δειχθῶσι,
975 2925 1072 2979 καὶ
1103 2926 1212 2997 πρὸ
1252 2926 1350 2980 τοῦ
1379 2903 1477 2981 τὸν
1519 2903 1632 2998 βίον
1665 2903 1855 2994 αὐτοῖς

258 3013 526 3082 φανῆναι,
573 3015 672 3068 καὶ
721 3016 872 3086 παρὰ
907 3017 1128 3072 πάντων
1182 3019 1566 3090 ἐπαινεθῆναι.
1634 3021 1854 3078 Ὀποῖον

1954 1905 2254 1971 currerint,
2287 1906 2541 1961 videatur
2567 1907 2658 1961 lex
2685 1923 2899 1962 summe
2931 1907 3269 1963 necessaria.
3293 1905 3366 1961 lta
3388 1921 3541 1960 vero.

2023 1996 2291 2051 Caeterum
2319 1997 2496 2053 libens
2538 2000 2739 2062 dicam,
2766 1999 2911 2070 quod
2936 1999 3080 2054 forte
3114 1999 3398 2053 nonnullis
3437 1996 3541 2051 du-
3608 2041 3622 2048 -

1952 2087 2072 2144 rius
2108 2090 2383 2160 videatur,
2408 2105 2466 2144 ut
2505 2100 2685 2146 tamen
2737 2092 2987 2146 veritatis
3034 2090 3274 2162 speciem
3321 2091 3545 2144 habitu-

1952 2197 2073 2238 rum
2107 2191 2315 2252 putem.
2360 2183 2528 2238 Plane
2559 2184 2782 2253 quidem
2836 2185 3147 2240 necessaria
3203 2185 3332 2250 lex;
3391 2183 3537 2237 haud

1953 2285 2137 2330 tamen
2171 2275 2497 2346 simpliciter
2527 2279 2686 2340 adeo,
2729 2286 2790 2332 ut
2818 2287 3130 2344 spectemus
3170 2291 3386 2331 omnes.
3437 2275 3542 2330 Ubi

1951 2366 2098 2421 enim
2135 2367 2328 2436 ingens
2361 2368 2495 2421 adeo
2523 2370 2808 2424 concurrit
2840 2370 3107 2423 bonorum
3136 2369 3415 2433 cumulus,
3438 2383 3543 2422 nec

1954 2459 2099 2516 ullos
2119 2460 2346 2514 omnino
2379 2461 2532 2522 latet,
2564 2475 2869 2529 omnesque
2891 2462 3164 2516 convertit
3191 2461 3244 2514 in
3291 2459 3537 2514 admira-

1957 2553 2190 2618 tionem,
2227 2555 2574 2623 stupentibus
2617 2555 2876 2609 omnibus
2902 2554 3122 2618 merita;
3148 2553 3291 2607 baud
3316 2567 3544 2623 prorsus

1955 2648 2265 2702 necessaria
2300 2646 2573 2713 videatur,
2605 2663 2670 2702 eo
2698 2648 2838 2717 ipso,
2873 2663 2983 2716 quo
3017 2647 3140 2701 aliis
3175 2648 3424 2701 videatur
3444 2661 3541 2700 nc-

1953 2737 2214 2792 cessaria.
2244 2738 2318 2794 Ita
2358 2741 2572 2794 merito.
2602 2738 2876 2805 Quorsum
2897 2756 3027 2796 vero
3049 2741 3073 2794 ?
3093 2740 3252 2806 Quod
3267 2739 3532 2793 nimirum

1954 2848 2016 2885 ea
2046 2833 2262 2886 ratione
2288 2833 2602 2888 existimem
2628 2835 2962 2902 positam,ut
2980 2834 3072 2902 qui
3095 2850 3158 2888 ex
3187 2834 3329 2888 bona
3350 2832 3539 2886 radice

1954 2924 2101 2979 bono
2133 2935 2250 2979 sata
2285 2925 2405 2981 solo
2433 2925 2778 2995 prodierunt,
2800 2926 2927 2980 boni
2963 2926 3223 2980 omnibus
3241 2924 3542 3002 ostendan-

1956 3025 2067 3081 tur,
2101 3032 2225 3072 cum
2248 3018 2482 3074 necdum
2511 3021 2677 3073 etiam
2707 3033 2898 3074 eorum
2938 3018 3045 3072 vita
3087 3017 3152 3073 sit
3197 3015 3439 3087 prodita,
3478 3029 3544 3069 ac

165 3137 168 3139 λ
256 3108 382 3178 γὰρ
410 3105 530 3182 av?)
569 3110 630 3163 τδ
665 3111 852 3178 φυτὸν,
885 3113 980 3167 καὶ
1008 3113 1066 3167 τὸ
1089 3115 1292 3185 χοιρίον
1321 3117 1378 3169 ὲν
1409 3109 1452 3184 ᾧ
1487 3116 1848 3186 πεφύτευται,

1956 3110 2202 3165 omnium
2255 3126 2353 3165 ore
2407 3110 2655 3166 laudata.
2698 3111 2890 3177 Qualis
2933 3111 3076 3164 enim
3134 3116 3219 3164 est
3264 3108 3448 3172 arbor,
3475 3119 3544 3159 ac

255 3200 510 3254 τοιοῦτον
542 3203 756 3274 ἀνάγκη
790 3206 882 3258 καὶ
926 3206 1018 3258 τὸν
1063 3207 1280 3278 καρπὸν
1310 3207 1442 3261 αὐτὸ
1477 3207 1688 3280 φέρειν.
1727 3211 1842 3265 Ἐν-

255 3289 440 3344 ταῦθα
473 3294 650 3346 τοίνυν
685 3295 957 3364 παρέλκον
1007 3291 1162 3366 οἶμαι
1217 3298 1381 3352 τοῦτο
1415 3301 1514 3354 καὶ
1563 3303 1840 3372 περιττόν.

267 3386 338 3438 '0
367 3388 477 3457 γὰρ
505 3388 581 3457 τῷ
609 3389 762 3460 νόμῳ
815 3391 1021 3457 σκοπὸς
1068 3391 1260 3464 ὥσπερ
1294 3393 1604 3464 αὐτόματον
1633 3394 1846 3464 φθάσαν

258 3479 485 3547 γέγονε.
518 3482 617 3546 Τίς
665 3484 775 3554 γὰρ
807 3483 916 3538 τῶν
948 3487 1170 3540 πάντων
1191 3486 1292 3541 οὐκ
1321 3482 1483 3552 οἶδεν,
1508 3487 1584 3552 ὡς
1625 3488 1710 3559 εἴη
1747 3489 1848 3559 μὲν

261 3572 299 3639 ἠ
326 3572 563 3645 μεγίστη
616 3574 794 3641 πόλις,
830 3577 930 3646 τὴν
981 3579 1401 3633 Κωνσταντίνου
1451 3581 1619 3652 φημὶ,
1649 3585 1848 3652 πατρὶς

265 3662 468 3733 ἐκείνῳ
539 3664 747 3734 τάνδρὶ,
781 3669 875 3721 καὶ⁸
917 3669 980 3736 δὴ
1011 3671 1105 3722 καὶ
1141 3671 1287 3737 γένει
1335 3671 1412 3742 τῷ
1442 3672 1674 3737 ἐκείνου,
1709 3671 1849 3727 ὥστε

176 3781 180 3784 -
266 3755 371 3807 καὶ
407 3755 610 3810 δεῖσθαι
664 3758 796 3828 παρ’
833 3760 1021 3829 ἐτέρου
1063 3761 1223 3815 τοῦτο
1276 3763 1612 3831 μανθάνειν;
1670 3765 1766 3826 Τίς
1796 3765 1853 3818 δὲ

267 3833 618 3917 ταύτηξέχει
675 3849 1010 3919 μνησθῆναι,
1073 3854 1166 3906 καὶ
1218 3856 1329 3909 τῶν
1383 3856 1852 3925 φυσάντων,ἇνευ

270 3940 570 4010 ἐγκωμίων
602 3943 916 4012 μεγίστων;
950 3945 1266 4014 Θαυμάζων
1296 3949 1354 4002 δέ
1393 3967 1481 4014 τις
1535 3951 1637 4022 τήν
1663 3969 1724 4004 τε
1752 3970 1857 4005 πα-

269 4032 454 4102 τρῖδα,
489 4034 614 4098 τούς
665 4052 725 4109 τε
752 4039 982 4103 γονέας,
1029 4039 1146 4104 πῶς
1181 4041 1300 4111 οὐχὶ
1339 4043 1433 4095 καὶ
1463 4042 1556 4097 τὸν
1593 4045 1656 4096 ἐκ
1689 4045 1857 4099 τῶνδε

271 4124 488 4188 τούτοις
518 4127 930 4199 συνεθαύμασεν
957 4132 1058 4199 ἄν;
1094 4134 1218 4187 Ὅτι
1261 4136 1443 4189 τοίνυν
1474 4138 1652 4191 ταῦτα
1689 4138 1856 4202 οὕτω,

277 4217 383 4268 καὶ
416 4217 604 4271 οὐδένα
636 4219 831 4292 λέληθε
874 4223 943 4277 τὰ
981 4227 1123 4278 κατὰ
1164 4227 1257 4280 τὸν
1287 4226 1384 4280 νῦν
1409 4228 1859 4300 εὐφημούμενον,

284 4306 498 4377 μήποτε
519 4312 815 4382 περίεργον
929 4317 1363 4381 κατασκευάζειν
1394 4318 1514 4372 λίαν
1549 4320 1742 4388 σαφὲς,
1767 4323 1862 4374 καὶ

279 4399 544 4456 δεικνύειν
566 4406 866 4473 ἐπιχειρεῖν
895 4407 955 4460 τὸ
1008 4409 1198 4480 μηδενὶ
1225 4411 1630 4481 κρυπτόμενον.
1671 4410 1729 4466 ’0
1752 4412 1862 4482 γὰρ

280 4493 570 4560 διδάσκειν,
630 4492 812 4564 οἶμαι,
859 4499 1210 4568 βουλόμενος,
1243 4503 1320 4565 ὡς
1370 4505 1404 4574 ὴ
1442 4505 1860 4558 Κωνσταντίνου

283 4582 417 4650 τῷδε
447 4589 650 4656 πατρὶς
671 4628 688 4653 ,
724 4591 820 4642 καὶ
843 4595 1021 4654 γονεῖς
1063 4595 1114 4646 οἱ
1144 4593 1353 4664 ταύτης
1375 4597 1739 4665 κοσμήτορεςν
1764 4597 1859 4649 καὶ

286 4675 454 4747 ἀγαθή
486 4696 550 4746 γε
599 4679 778 4750 τούτῳ
809 4682 960 4752 καὶὴ
999 4686 1199 4752 πατρὶς
1230 4685 1324 4739 καὶ
1351 4687 1401 4738 oi
1435 4686 1729 4754 φύσαντες,
1756 4705 1861 4740 πα-

292 4769 583 4840 ραπλήσιον
629 4773 700 4827 ἂν
740 4773 828 4844 εἴη
861 4775 1057 4840 ποιῶν,
1089 4775 1283 4847 ὥσπερ
1318 4777 1385 4832 ἂν
1419 4779 1468 4830 εἰ
1495 4779 1621 4842 τοὺς
1648 4779 1860 4850 ἀνθρώ-

287 4875 414 4922 τους
434 4862 708 4916 διδάσκειν
734 4865 1010 4934 ἐϐούλετο,
1041 4869 1355 4938 πληθούσης
1383 4870 1486 4939 τῆς
1505 4871 1736 4940 ἀγορᾶς,
1764 4875 1862 4928 καὶ

287 4953 384 5018 τῆς
413 4955 626 5020 ἀκτῖνος
659 4959 907 5024 ἃπαντας
960 4961 1392 5034 θερμαινούσης,
1447 4964 1589 5035 ὑπὲρ
1635 4966 1738 5035 γῆν
1768 4967 1860 5020 τὸν

287 5043 434 5112 ἥλιον
464 5046 626 5104 εἶναι.

360 5139 427 5192 οὐ
459 5141 563 5214 μὴν
591 5143 731 5198 ἀλλὰ
772 5147 866 5198 καὶ
894 5147 1022 5218 τῇδε
1073 5150 1452 5219 παραδραμών
1507 5167 1592 5213 τις
1622 5150 1860 5204 ἐνταῦθα

289 5233 488 5285 τουτονὶ
538 5235 631 5287 τὸν
670 5237 785 5299 τοῖς
829 5237 1081 5308 ἀρχαίοις
1141 5239 1368 5292 τεθέντα
1426 5240 1591 5307 νόμον
1635 5241 1858 5311 ἄριστον

290 5322 569 5392 “summa.
611 5329 767 5400 παρὰ
811 5331 919 5384 τῶν
955 5332 1203 5400 θεμένων
1240 5328 1395 5400 οἶμαι
1448 5334 1538 5384 τὸν
1575 5333 1762 5402 νόμον,
1809 5336 1857 5386 εί

294 5411 370 5467 εει
402 5418 519 5485 μεθ’
550 5420 712 5488 ἡμῶν
760 5416 933 5490 ἦσαν,
969 5421 1095 5476 οὔτε
1133 5423 1265 5493 παρ’
1317 5422 1630 5477 οὑτινοσοῦν
1661 5425 1860 5493 εὐφρο-

293 5505 520 5573 νοῦντος,
545 5510 748 5576 δέξαιτ’
769 5513 836 5567 ἄν
859 5532 990 5568 ποτε
1019 5517 1250 5586 μέμψιν.
1283 5517 1421 5570 Οὔτε
1455 5519 1563 5587 γὰρ
1593 5521 1623 5586 ἠ
1658 5518 1858 5587 πατρὶς

293 5595 451 5668 αὐτῷ,
479 5600 594 5656 οὗθ’
615 5605 668 5656 οῖ
700 5607 899 5672 γονεῖς,
930 5608 1170 5671 ἐπιδεεῖς
1202 5609 1300 5679 τῆς
1336 5609 1467 5679 παρ’
1505 5609 1754 5678 ἀλλήλων
1776 5627 1858 5661 τι-

299 5691 398 5752 μής
416 5706 431 5721 ⁸
463 5694 563 5746 ἀλλ
589 5696 728 5750 ὀὐδὲ
761 5698 926 5763 αὐτὸς
949 5700 1160 5762 ἐκεῖνος
1190 5699 1292 5767 τῆς
1321 5699 1452 5770 παρ’
1484 5701 1666 5753 αὐτῶν
1689 5701 1859 5768 ἁναγο

298 5781 475 5850 Mltos,
522 5789 571 5840 εἰ
623 5791 717 5844 καὶ
747 5793 878 5862 παρ’
901 5791 1152 5864 ἀλλήλων
1196 5793 1345 5862 ὅμως
1373 5793 1718 5864 τετίμηνται,
1755 5811 1858 5846 κα-

1952 3202 2102 3271 quali
2133 3210 2252 3256 orta
2276 3202 2417 3268 solo,
2441 3203 2606 3259 talem
2646 3216 2870 3272 quoque
2911 3212 3137 3255 necesse
3172 3199 3243 3253 sit
3276 3207 3334 3250 ut
3383 3197 3538 3250 fruc-

1947 3304 2061 3351 tum
2091 3295 2249 3350 ferat.
2281 3294 2394 3352 Hac
2417 3312 2547 3367 ergo
2593 3305 2746 3366 parte
2780 3308 3245 3364 supervacaneam
3289 3304 3352 3344 ac
3400 3289 3544 3341 otio-

1946 3401 2062 3444 sam
2085 3388 2422 3444 molitionem
2455 3399 2607 3458 puto.
2632 3389 2727 3443 Hie
2759 3386 3196 3458 siquidem,ejns
3220 3385 3358 3454 legis
3395 3382 3544 3443 linis.

1949 3499 2048 3539 sua
2082 3483 2200 3553 ipse
2246 3493 2466 3553 sponte,
2495 3497 2559 3536 ac
2603 3483 2731 3538 tltro
2753 3482 3060 3552 occupavit.
3092 3480 3227 3548 Quis
3253 3482 3400 3534 enim
3447 3493 3544 3530 ne-

1950 3572 2090 3629 sciat
2131 3571 2406 3638 omnium,
2442 3579 2502 3625 ut.
2537 3571 2622 3624 vir
2646 3572 2758 3637 ille,
2813 3573 2908 3627 sed
2939 3568 2995 3625 et
3031 3571 3151 3640 ejus
3191 3583 3391 3638 genus,
3423 3583 3543 3619 tua-

1953 3665 2105 3720 xima
2132 3665 2376 3728 urbium,
2425 3663 2800 3727 Constantini.
2857 3663 3105 3733 inquam,
3148 3661 3310 3724 urbe,
3367 3658 3540 3730 patria

1955 3757 2243 3828 glorietur,
2282 3766 2341 3813 ut
2369 3767 2426 3812 et
2492 3756 2624 3812 illud
2682 3758 2748 3812 ab
2783 3755 2892 3810 alio
2923 3753 3208 3809 docendus
3243 3751 3546 3807 videatur?

1955 3851 2091 3918 Quis
2118 3861 2298 3906 autem
2329 3850 2449 3920 ejus
2475 3859 2762 3920 parentum
2813 3849 2914 3903 nisi
2967 3847 3224 3902 maximis
3288 3845 3543 3900 laudibus

1959 3945 2274 4000 meminisse
2303 3944 2523 4014 possit?
2553 3941 2626 3998 Ut
2657 3943 2779 4011 quis
2803 3956 2954 4004 vero,
2984 3956 3108 3995 cum
3149 3940 3403 4009 patriam,
3425 3949 3538 3992 tum

1959 4045 2210 4104 parentes
2237 4033 2494 4100 miretur,
2548 4033 2640 4100 qui
2676 4047 2786 4086 non
2849 4030 3013 4084 etiam
3047 4030 3154 4084 illis
3199 4041 3380 4082 ortum
3427 4029 3540 4096 pari
3592 4046 3601 4052 υ

1959 4126 2319 4186 admiratione
2353 4123 2766 4195 prosequatur?
2796 4123 2934 4177 Cum
2977 4123 3060 4177 sic
3101 4137 3232 4191 ergo
3282 4123 3394 4174 [nec
3446 4120 3544 4172 ha-

1963 4221 2148 4286 beant,
2220 4233 2324 4273 nec
2383 4217 2483 4272 viri
2533 4215 3028 4286 impraesentiarum
3088 4213 3398 4270 celebrandi
3453 4230 3541 4267 res

1965 4312 2136 4367 ullum
2165 4310 2394 4376 lateant,
2431 4311 2622 4380 utique
2647 4308 2887 4364 otiosum
2915 4308 2986 4362 sit
3030 4316 3089 4362 ttt
3135 4307 3186 4362 id
3223 4309 3542 4382 probemus,

1965 4396 2110 4475 quod
2141 4403 2426 4474 perspicue
2455 4404 2665 4457 clarum
2692 4411 2797 4470 est,
2845 4417 2908 4455 ac
2943 4401 3181 4455 nitamur
3229 4404 3542 4460 ostendere,

1887 4479 2264 4568 unodnulli
2300 4499 2372 4552 sit
2421 4496 2725 4553 occultum.
2779 4493 2883 4562 Qui
2925 4495 3070 4550 enim
3135 4495 3336 4550 docere
3389 4496 3542 4560 velit,

1969 4593 2225 4647 habuisse
2254 4591 2506 4660 patriam,
2527 4589 2872 4645 Constantini
2906 4591 3121 4654 urbem,
3151 4599 3543 4658 parentesque,

1965 4685 2114 4739 viros
2151 4683 2392 4754 ejusdem
2430 4683 2729 4752 principes,
2796 4681 3110 4750 bonamque
3135 4681 3183 4734 ei
3217 4679 3448 4748 patriam
3482 4695 3568 4760 ac,

1969 4786 2217 4848 parentes
2249 4776 2443 4838 fuisse,
2505 4773 2647 4828 haud
2681 4772 2831 4828 aliud
2858 4788 2976 4828 mea
3009 4773 3282 4828 sententia
3327 4771 3546 4828 lcet'rit.

1967 4885 2131 4940 quam
2168 4878 2227 4924 ιιι
2258 4869 2418 4938 pleno
2451 4866 2594 4931 foro,
2629 4868 2909 4936 radiisque
2935 4877 3128 4920 :estum
3190 4862 3544 4926 facientibus,

1966 4973 2181 5016 exstare
2217 4961 2386 5016 solem
2432 4975 2595 5030 super
2657 4967 2885 5024 terram,
2940 4973 3043 5029 cett
3103 4955 3310 5012 inscios
3349 4955 3548 5011 docere

1965 5055 2116 5110 velit.

2039 5147 2182 5202 Sane
2205 5154 2260 5199 ut
2287 5163 2349 5200 ea
2385 5145 2509 5215 quis
2537 5146 2768 5207 ratione,
2820 5160 2940 5199 eam
2972 5141 3242 5211 antiquis,
3275 5139 3539 5208 optimam

1967 5237 2114 5291 illam
2135 5278 2148 5298 ,
2174 5237 2406 5307 positam
2443 5238 2632 5305 legent,
2660 5236 2914 5305 praesenti
2937 5242 3262 5303 argumento
3283 5231 3546 5284 omitten-

1966 5328 2090 5382 dam
2126 5330 2418 5397 putaverit,
2446 5326 2590 5382 haud
2623 5327 2812 5388 ullatn,
2844 5326 2912 5378 ab
2945 5325 3012 5379 iis
3046 5325 3180 5393 ipsis
3217 5323 3422 5394 quibus
3472 5322 3547 5376 sit

1967 5422 2161 5488 posita,
2183 5429 2240 5472 ut
2272 5419 2308 5472 ii
2337 5420 2517 5472 adhuc
2551 5420 2602 5470 in
2633 5417 2767 5470 vivis
2797 5408 3043 5483 agi-rent,
3065 5417 3243 5470 ullove
3261 5414 3540 5483 sapiente,

1969 5509 2442 5577 reprehensionem
2471 5524 2709 5575 unquam
2747 5508 2954 5562 tulerit.
3001 5506 3190 5578 Neque
3222 5506 3366 5560 enim
3422 5504 3550 5562 talis

1966 5603 2292 5660 celebrando
2323 5602 2440 5654 viro
2485 5602 2682 5670 patria,
2715 5611 2810 5656 aut
2861 5611 3134 5672 parentes,
3171 5612 3231 5656 ιιι
3257 5604 3338 5658 eis
3370 5603 3438 5656 ab
3467 5604 3548 5655 iu-

1968 5698 2140 5752 vicem
2173 5697 2434 5750 hOnorem
2485 5695 2727 5749 mutuari
2772 5711 2998 5752 necesse
3047 5697 3122 5752 sit
3158 5709 3172 5748 :
3205 5705 3261 5750 at
3292 5714 3463 5767 neque
3501 5698 3546 5751 is

1970 5805 2192 5847 necesse
2225 5789 2292 5844 ab
2327 5789 2431 5845 illis
2475 5788 2672 5845 habeat
2705 5807 2722 5857 ;
2757 5793 2976 5852 tametsi
3033 5800 3222 5847 mutuo
3273 5792 3536 5847 honorem

3583 4715 3604 4806 ί
