3976 6206
454 316 552 378 187

1635 314 2027 376 MANUELIS
2069 311 2521 374 PALAZOLOGI

3607 298 3710 364 188

452 435 551 489 sibi
602 434 828 500 addunt,
881 432 1157 502 quomodo
1210 436 1400 502 juncta
1473 432 1700 494 lumina,
1767 442 2018 483 mutuum

2141 429 2302 494 idmsp
2334 427 2491 496 φῶτα
2521 422 2854 490 συναύξοντα
2883 424 2980 494 τὴν
3037 422 3098 489 ἐξ
3134 420 3379 491 ἀλλήλων
3413 397 3706 490 ἀστραπήν

453 528 797 595 Splendorem
825 541 888 580 ac
925 526 1124 591 lucem,
1161 525 1402 580 vicissim
1429 525 1742 578 intendunt.
1771 524 1857 578 Uti
1895 537 2024 591 ergo

454 615 660 683 prmfati
700 632 910 680 sumus,
943 627 997 669 ut
1020 616 1092 670 sit
1119 619 1258 670 bona
1287 618 1398 678 lex,
1425 616 1569 669 haud
1599 626 1779 669 tamen
1810 616 2026 684 imprae-

456 706 755 761 sentiarum
788 707 1109 760 exui-nando
1155 707 1272 758 viro
1325 705 1634 760 necessaria
1671 723 1684 758 :
1739 705 1870 773 quin
1910 703 2022 765 ille,

453 810 516 848 ex
552 796 772 862 propria
827 797 1000 862 magis
1059 797 1286 856 virtute,
1343 795 1571 862 suisque
1619 794 1734 861 ipse
1793 792 2022 855 meritis,

454 898 617 953 quam
654 903 718 940 ex
780 889 976 955 patria,
1016 903 1077 940 ac.
1111 888 1246 949 avis,
1294 902 1601 956 magnoque
1638 887 1788 956 illinc
1845 880 2026 954 Spleno

454 979 606 1041 dore,
631 979 813 1030 clarus
835 978 1023 1033 fuerit.
1045 977 1116 1032 Ut
1135 987 1313 1032 autem
1341 979 1504 1032 etiam
1526 979 1638 1040 illa,
1663 985 2026 1046 parentesque

455 1084 519 1121 ac
547 1070 655 1129 avi,
695 1079 882 1122 notum
919 1071 1092 1135 illum,
1129 1085 1192 1123 ac
1226 1071 1339 1123 suis
1365 1069 1540 1138 ipsum
1581 1070 1790 1123 meritis
1817 1070 2025 1121 clarum

454 1159 719 1213 notiorem
753 1161 1236 1228 illustrioremque,
1279 1175 1378 1214 sua
1407 1161 1648 1230 ipsorum
1672 1160 2025 1214 reddiderunt

454 1251 678 1316 virtute,
722 1268 782 1306 ac
810 1253 965 1319 juxta
999 1256 1160 1306 modo
1200 1252 1792 1322 positamvimaginem,
1838 1252 2026 1322 gloria:

453 1343 499 1392 ei
528 1343 782 1398 cumulus
812 1344 1063 1406 fuerint;
1115 1344 1279 1398 iidem
1331 1344 1507 1398 nihilo
1554 1344 1737 1399 secius
1785 1344 1912 1413 ipsi,
1961 1359 2026 1399 ac

458 1435 652 1499 patria,
713 1435 1108 1490 illustrioribus
1163 1437 1569 1504 augmentis,ac
1625 1435 1806 1490 omnis
1877 1445 2026 1490 retro

454 1529 586 1582 aetas
617 1520 855 1584 tulisset,
892 1523 1149 1576 omnibus
1171 1523 1372 1590 ubique
1396 1538 1490 1592 per
1519 1525 1668 1578 illum
1689 1525 2024 1578 claruerunt.

455 1611 663 1674 Quibus
713 1612 800 1664 ille
851 1613 1188 1666 ornamentis
1238 1615 1405 1667 claret
1437 1653 1454 1679 ,
1493 1615 1560 1669 iis
1592 1629 1812 1683 quoque
1849 1615 2026 1683 patria

456 1716 520 1754 ac
553 1710 824 1769 parentes.
871 1701 959 1754 Sic
988 1702 1134 1756 enim
1186 1703 1367 1758 libens
1421 1705 1476 1757 iu
1521 1704 1747 1772 optimis
1799 1703 2020 1759 accidit.

457 1791 667 1844 Rursus
690 1806 838 1855 vero,
875 1793 1046 1847 claret
1070 1792 1159 1847 ille
1192 1795 1470 1857 omnibus,
1507 1797 1598 1848 sed
1626 1805 1678 1848 et
1735 1795 1935 1865 patria,
1973 1804 2028 1849 et
2061 1777 2102 1830 Β

459 1891 731 1947 parentes.
776 1883 978 1936 Verum
1030 1884 1140 1938 sint
1191 1885 1374 1938 omnia
1432 1885 1756 1940 ascribenda
1834 1888 2027 1942 radici.

457 1973 777 2040 Quanquam
809 1973 953 2026 enim
989 1973 1253 2027 illustrior
1283 1989 1502 2043 quoque
1530 1975 1779 2029 redditur
1824 1957 2026 2045 patria,

459 2073 552 2117 aut
605 2073 879 2132 parentes,
943 2075 1003 2119 ut
1062 2065 1358 2135 ingenuum
1416 2067 1545 2134 quid
1594 2067 2032 2138 prazclarumque

457 2156 724 2211 ediderint
755 2172 771 2210 :
802 2158 944 2227 quod
972 2167 1148 2213 tamen
1180 2160 1246 2212 ab
1264 2160 1344 2214 eis
1367 2160 1692 2228 productum
1726 2170 1831 2228 est,
1855 2162 1919 2214 ad
1938 2176 2032 2216 eos

339 2317 350 2326 '
424 2249 1037 2313 rrecurrit,adomoin
1096 2250 1321 2305 domum
1381 2252 1529 2306 velut
1592 2253 1829 2315 circulo,
1886 2252 2031 2322 quod

458 2342 634 2394 aiunt.
673 2338 798 2395 Haec
821 2341 1104 2396 hactenus.

487 2591 494 2596 ’
531 2605 767 2661 Patriam
790 2605 1006 2674 quidem
1051 2606 1237 2660 urbem
1259 2603 1463 2675 regiam
1486 2599 1700 2669 habuit,
1733 2618 1797 2659 ac
1813 2605 2031 2659 urbium

461 2707 713 2752 matrem.
735 2696 862 2766 Ejus
884 2712 944 2751 ea
963 2695 1271 2761 celebritas,
1291 2704 1353 2752 ut
1378 2696 1479 2750 sibi
1506 2697 1619 2766 ipsa
1653 2696 1724 2751 sit
1753 2697 1912 2760 satis,
1936 2711 2037 2751 nec

463 2789 666 2843 nostris
695 2789 761 2842 ad
787 2787 1010 2855 gloriam
1039 2786 1293 2841 laudibus
1318 2796 1492 2855 egeat.
1523 2785 1699 2840 Tanto
1741 2787 1886 2840 enim
1938 2801 2038 2840 ur-

463 2876 628 2940 bilius
650 2880 926 2945 omnibus,
962 2879 1010 2934 si
1039 2892 1159 2948 qua:
1190 2879 1391 2934 habent
1416 2878 1864 2941 admirationem,
1886 2887 2038 2932 ante-

467 2973 658 3036 fertur,
687 2987 751 3026 ac
783 2982 1027 3042 praestat,
1060 2971 1322 3040 omnique
1347 2969 1617 3025 bonorum
1648 2971 1872 3025 cumulo
1896 2971 2036 3026 citra

468 3065 939 3132 comparationem
969 3073 1211 3132 superat,
1237 3071 1445 3132 quanto
1476 3062 1640 3117 etiam
1669 3062 1869 3116 ﬁnibus
1914 3061 2036 3114 uni-

465 3147 660 3221 vei'sis,
691 3157 1053 3225 gentibusque
1080 3170 1144 3208 ac
1173 3154 1394 3223 regibus
1413 3164 1592 3215 terras,
1611 3153 1892 3207 dominata
1913 3161 2032 3217 est,

467 3267 575 3304 non
604 3259 810 3302 tantum
837 3249 1108 3303 exercitus
1137 3246 1529 3300 numerositate
1560 3261 1622 3300 ac
1649 3245 1816 3308 ferro,
1861 3261 2037 3314 quan-

469 3353 582 3393 tum
611 3341 809 3394 virtute
840 3354 903 3393 ac
924 3337 1136 3393 ratione
1195 3338 1522 3407 praepollens
1554 3355 1570 3404 ;
1598 3338 1854 3408 quodque
1894 3339 2038 3392 (Ion-

468 3428 712 3484 stantino
756 3427 1041 3498 glorietur,
1104 3442 1265 3481 manu
1314 3434 1533 3481 tenente
1581 3437 1816 3496 sceptra,
1850 3427 2038 3481 eodem

471 3536 678 3582 revera,
703 3535 827 3574 cum
849 3521 1202 3588 imperatore,
1228 3526 1341 3572 tum
1367 3517 1526 3581 duce,
1547 3518 1928 3584 universisque
1946 3517 2042 3570 boo

472 3627 664 3666 norum
697 3611 921 3665 custode
954 3610 1248 3678 ;quodqtte
1285 3609 1461 3678 majus
1491 3609 1744 3664 omnibus
1775 3618 1881 3672 est,
1927 3608 2041 3662 Deo

470 3703 666 3758 eximie
697 3715 844 3765 caro,
869 3716 991 3754 cum
1013 3701 1240 3756 sincerae
1262 3701 1478 3769 pietatis
1507 3715 1656 3769 ergo.
1683 3707 1797 3753 tum
1823 3709 2044 3767 propter

473 3795 686 3850 virtutis
721 3793 886 3849 totius
915 3795 1218 3848 cumulum.
1251 3791 1299 3848 ls
1332 3793 1520 3862 utique
1573 3792 1726 3858 urbis
1767 3793 2041 3856 conditor,

475 3905 574 3942 nee
603 3887 705 3941 nisi
757 3887 944 3940 divino
991 3896 1124 3940 nutu
1171 3900 1235 3939 ac
1281 3884 1817 3954 impulsione;quod
1865 3884 2040 3949 ipsum

475 3979 686 4033 abunde
715 3981 804 4044 sit,
832 3990 1217 4034 sexcentorum
1251 3981 1630 4034 encomiorum
1660 3979 1798 4042 loco,
1821 3994 2046 4033 sexcen-

478 4084 653 4124 tarttm
679 4071 792 4126 vice
818 4072 1216 4136 laudationum,
1246 4075 1446 4142 quibus
1475 4072 1821 4127 innumeram
1852 4087 2047 4141 quam-

473 4164 596 4215 dam
628 4164 984 4218 ostendamus
1015 4165 1249 4219 civitatis
1280 4166 1558 4220 virtutem.
1594 4164 1694 4219 Ubi
1726 4165 1872 4218 enim
1925 4163 2045 4217 talis

415 4247 426 4258 ’
473 4265 557 4310 est
581 4257 847 4319 conditor,
879 4259 1202 4325 eminusque
1233 4257 1415 4310 animo
1461 4256 1757 4310 condendae
1804 4256 2043 4310 studium

475 4349 782 4402 immissum
809 4347 910 4400 fuit
942 4366 955 4400 :
988 4349 1186 4416 quippe
1216 4349 1430 4402 exstitit
1457 4349 1537 4402 vir
1567 4348 1675 4402 Deo
1715 4347 1944 4411 amatus,
1981 4362 2045 4399 ac

2132 538 2191 572 τε
2225 521 2320 572 καὶ
2364 517 2710 586 λαμπηδόνα.
2763 514 2964 577 Καθὼς
2996 513 3106 584 ἄρα
3156 510 3332 577 εἷπον,
3383 511 3458 574 ὡς
3483 512 3512 563 δ
3543 511 3704 579 νόμος

2133 611 2358 678 ἀγαθὸς,
2397 609 2630 663 ἐνταῦθα
2677 607 2746 660 δι’
2787 607 2946 660 αὐτὸν
2992 607 3094 660 οὐκ
3126 606 3448 674 ἀναγκαῖος.
3492 602 3568 658 Οὐ
3600 605 3705 671 μὴν

2132 702 2265 752 ἀλλὰ
2301 700 2396 752 καὶ
2422 702 2449 751 ὁ
2477 699 2600 760 τοὺς
2636 697 2898 759 ἐπαίνους
2941 696 3232 767 δεχόμενος
3265 695 3394 765 παρ’
3421 693 3578 764 ἡμῶν
3603 695 3704 764 ἢδη

2135 793 2198 842 ὲκ
2229 791 2329 859 τῆς
2361 787 2673 858 προσούσης
2697 787 2896 856 ἀρετῆς
2931 787 3024 839 καὶ
3055 787 3162 837 τῶν
3180 783 3325 838 ίδίων
3345 784 3707 853 κατορθωμά-

2131 894 2239 930 των
2287 878 2494 946 μᾶλλον
2524 873 2905 945 λαμπρύνεται
2953 874 2985 944 ἢ
3016 873 3116 941 τῆς
3152 873 3433 942 πατρίδος,
3469 873 3564 924 καὶ
3594 871 3702 924 τῶν

2133 969 2441 1038 φυσάντων,
2481 968 2572 1020 καὶ
2619 967 2716 1031 τῆς
2768 967 2981 1019 ἐκεῖθεν
3016 967 3154 1034 ἄγαν
3198 965 3603 1036 λαμπρότητος.
3643 965 3702 1016 Ei

2131 1061 2188 1113 δὲ
2220 1061 2313 1114 καὶ
2333 1061 2494 1130 αὐτη,
2529 1060 2624 1113 καὶ
2650 1059 2702 1110 oi
2735 1060 2934 1125 γονεῖς,
2972 1058 3252 1128 γνώριμον
3284 1057 3414 1110 ὄντα
3439 1057 3533 1110 καὶ
3555 1056 3701 1124 λαμο

2133 1151 2270 1222 πρὸν
2300 1153 2364 1204 ὲκ
2398 1153 2505 1203 τῶν
2557 1152 2682 1203 καθ’
2718 1149 2906 1213 αὐτὸν,
2958 1149 3381 1218 γνωριμώτερον
3413 1147 3504 1199 τὸν
3533 1147 3702 1214 ἄνδρα

2133 1244 2296 1295 πᾶσιν
2325 1242 2612 1312 ἀπέφηναν
2632 1243 2698 1312 τῇ
2721 1240 2850 1311 παρ’
2877 1241 3088 1320 ἑαυτῶν
3118 1241 3311 1309 ἀρετῇ,
3341 1239 3434 1291 καὶ
3465 1237 3703 1306 προσθή-

2132 1352 2202 1404 κη
2229 1334 2406 1404 τούτῳ
2461 1333 2619 1404 δόξης
2673 1335 2925 1402 ἐγένοντο
2972 1315 3120 1386 iam
3165 1332 3264 1400 τὴν
3302 1332 3404 1399 ἤδη
3446 1330 3704 1400 ῥηθεῖσαν

2127 1429 2266 1498 ἡμῖν
2292 1427 2481 1482 εικόνι.
2505 1444 2519 1460 ⁸
2553 1426 2689 1482 ἀλλὰ
2719 1428 2815 1480 καὶ
2839 1420 2988 1480 οὗτοι
3013 1427 3108 1479 xai.
3134 1425 3167 1492 ἡ
3200 1425 3401 1492 πατρὶς
3427 1423 3608 1488 πολλῷ
3642 1438 3704 1487 γε

2135 1517 2337 1588 μᾶλλον
2375 1519 2736 1590 γνωρίζονται
2780 1519 2850 1571 δι’
2885 1511 3048 1574 αὐτὸν
3093 1518 3204 1578 τοῖς
3241 1515 3558 1584 ἁπανταχοῦ
3599 1515 3706 1591 γῆς

2132 1611 2439 1683 ἀνθρώποις
2468 1611 2500 1680 ἢ
2531 1612 2623 1664 τὸν
2659 1610 2767 1678 πρὸ
2813 1610 2906 1662 τοῦ
2934 1609 3110 1663 πάντα
3144 1607 3363 1678 χρόνον.
3393 1607 3579 1668 Ὀσοις
3607 1606 3706 1673 μὲν

2131 1702 2239 1771 γὰρ
2271 1699 2493 1764 ἐκεῖνος,
2541 1701 2636 1755 καὶ
2663 1704 2694 1771 ἡ
2732 1703 2952 1770 πατρὶς,
2983 1701 3079 1752 καὶ
3128 1701 3176 1752 οἱ
3208 1699 3475 1766 φύσαντες
3501 1711 3515 1725 ⁶
3559 1695 3707 1748 οὕτω

2127 1794 2237 1863 γὰρ
2265 1794 2360 1846 ἐπὶ
2397 1794 2505 1846 τῶν
2528 1794 2769 1863 ἀρίστων
2804 1791 2950 1861 φιλεῖ
2981 1781 3302 1860 συμϐαίνειν
3324 1806 3338 1820 ·
3386 1789 3522 1841 πᾶσι
3564 1788 3610 1840 δ’
3631 1783 3701 1840 αὗ

2128 1884 2334 1946 ἐκεῖνος
2352 1899 2367 1915 ·
2400 1884 2498 1936 καὶ
2518 1883 2580 1952 δὴ
2604 1883 2696 1935 καὶ
2721 1884 2768 1952 ἡ,
2785 1884 3004 1952 πατρὶς,
3035 1882 3132 1934 καὶ
3161 1883 3210 1933 oi
3237 1881 3526 1949 φύσαντες.
3555 1879 3704 1951 Πλὴν

2127 1975 2196 2028 τὰ
2226 1975 2399 2027 πάντα
2427 1974 2704 2042 λογιστέον
2732 1977 2798 2043 τῇ
2833 1973 2978 2045 ῥίζῃ.
3012 1973 3072 2024 Εἰ
3099 1971 3205 2041 γὰρ
3229 1973 3294 2043 δὴ
3325 1973 3419 2026 καὶ
3451 1972 3703 2043 λαμπρο-

2128 2066 2262 2136 τέρα
2297 2064 2621 2119 καθίσταται
2643 2082 2727 2127 τις
2753 2066 2959 2136 πατρὶς
2980 2067 3012 2136 ἢ
3037 2069 3274 2135 πατέρες
3300 2067 3544 2133 γενναῖον
3568 2065 3707 2131 ἁγα-

2130 2159 2340 2226 γόντες,
2377 2156 2513 2210 ἀλλὰ
2553 2157 2647 2210 καὶ
2702 2155 2862 2210 τοῦτο
2896 2157 3027 2222 παρ’
3067 2157 3251 2211 αὐτῶν
3309 2155 3524 2223 ἐξελθὸν
3549 2194 3564 2216 ,
3627 2157 3708 2217 είς

2131 2248 2327 2311 αὐτοὺς
2370 2248 2697 2317 ἀνατρέχει,
2731 2245 2939 2310 οἴκαδε,
2990 2248 3178 2315 φασιν,
3211 2245 3402 2317 ὥσπερ
3437 2247 3495 2299 ὲν
3524 2243 3706 2312 κύκλῳ

2134 2337 2349 2406 βαδίζον
2373 2354 2387 2368 ο
2423 2337 2660 2392 τοσαῦτά
2701 2353 2765 2403 γε
2797 2338 2930 2406 ἡμῖν
2965 2337 3096 2406 περὶ
3125 2336 3330 2390 τούτων
3352 2351 3369 2367 ο
3430 2337 3515 2388 ἵνα
3537 2336 3596 2388 δὲ
3630 2335 3707 2404 μὴ

2131 2429 2372 2498 δόξωμεν
2401 2429 2647 2482 ἀπειθεῖν
2677 2427 2755 2498 τῷ
2783 2429 2957 2498 νόμῳ,
3001 2428 3471 2498 ἀφοσιωσάμενοι,
3497 2426 3708 2497 ταχέως

2133 2522 2495 2590 ἀλλαξόμεθα.

2207 2616 2410 2684 Πατρὶς
2441 2614 2540 2684 μὲν
2566 2613 2716 2684 αὐτῷ
2748 2613 3172 2686 ἡβασιλεύουσα
3199 2615 3351 2677 πόλις
3383 2631 3442 2667 τε
3474 2616 3569 2669 καὶ
3602 2631 3707 2684 μη·-

2134 2708 2418 2777 τρόπολις·
2447 2708 2569 2778 ἣτις
2597 2709 2882 2778 αὐταρκὴς
2920 2708 3111 2778 ἑαυτῇ,
3172 2708 3269 2760 καὶ
3325 2708 3388 2760 οὐ
3419 2707 3593 2759 δεῖταί
3641 2722 3707 2772 γε

2136 2799 2244 2850 τῶν
2269 2799 2402 2868 παρ’
2435 2799 2595 2868 ἡμῶν
2630 2798 2871 2853 ἐπαίνων
2895 2801 2977 2861 είς
3011 2798 3280 2862 εὐδοξίαν.
3315 2797 3569 2866 Τοσούτῳ
3600 2799 3707 2865 γὰρ

2137 2890 2374 2944 καλλίων
2407 2891 2525 2944 ἐστὶ
2555 2891 2664 2944 τῶν
2712 2889 3152 2961 θαυμαζομένων
3186 2890 3397 2943 πόλεων
3453 2888 3705 2951 ἁπασῶν,

2139 2982 2236 3034 καὶ
2287 2979 2520 3050 προῦχει
2577 2981 2805 3047 τούτων,
2870 2983 2965 3034 καὶ
3023 2980 3371 3052 ὑπερϐέϐηκε
3412 2981 3547 3052 πρὸς
3598 2982 3708 3034 πᾶν

2063 3103 2108 3160 C
2139 3071 2471 3139 ἀσύγκριτον
2499 3072 2725 3139 ἀγαθὸν,
2758 3074 2868 3142 ὅσῳ
2897 3073 2991 3124 καὶ
3021 3071 3308 3142 τερμάτων
3366 3066 3538 3167 ἦρχεν
3579 3070 3706 3138 ἑξῆς

2143 3164 2418 3225 ἁπάντων,
2452 3165 2551 3216 καὶ
2597 3163 2794 3230 ἐθνῶν,
2837 3165 2935 3217 xai.
2977 3165 3247 3233 βασιλέων
3297 3161 3417 3215 τῶν
3459 3161 3554 3215 ἐπὶ
3584 3165 3706 3230 γῆς,

2141 3257 2200 3309 οὐ
2231 3254 2488 3308 τοσοῦτόν
2525 3272 2589 3324 γε
2618 3255 2946 3326 πολυχειρίᾳ
2972 3256 3066 3307 καὶ
3091 3256 3295 3325 σιδήρῳ
3326 3254 3556 3318 νικῶσα,
3585 3254 3710 3306 ὅσον

2141 3347 2310 3416 ἀρετῇ
2344 3346 2440 3396 καὶ
2471 3345 2636 3414 λόγῳ,
2693 3345 2788 3397 καὶ
2838 3346 2915 3412 τῷ
2952 3345 3366 3396 Κωνσταντῖνον
3418 3339 3557 3396 εἶναι
3616 3343 3714 3393 τὸν

2141 3439 2260 3488 ταῖν
2286 3437 2468 3506 χεροῖν
2497 3435 2566 3488 τὰ
2598 3436 2855 3505 σκῆπτρα
2885 3435 3210 3504 κατέχοντα,
3245 3434 3472 3504 βασιλέα
3495 3435 3586 3486 τὸν
3611 3435 3712 3485 αὐ-

2141 3528 2233 3580 τὸν
2266 3529 2341 3590 ὡς
2377 3527 2596 3598 ἀληθῶς
2629 3527 2780 3592 ὄντα,
2819 3527 2914 3578 καὶ
2961 3526 3296 3594 στρατηγὸν,
3356 3526 3453 3577 καὶ
3505 3525 3714 3590 ταμίαν

2143 3620 2252 3672 τῶν
2281 3619 2501 3683 ἀγαθῶν
2533 3618 2706 3673 ἅπασι
2738 3635 2752 3650 ο
2799 3619 2895 3671 καὶ⁸
2927 3619 2986 3670 τὸ
3017 3619 3238 3672 πάντων
3276 3619 3585 3679 κάλλιστον,
3633 3616 3713 3684 τῷ

2144 3712 2263 3782 Θεῷ
2339 3712 2709 3781 διαφερόντως
2790 3710 3206 3780 πεφιλημένον,
3267 3711 3364 3764 καὶ
3427 3709 3711 3769 εὐσεϐείας

2147 3803 2508 3873 ἀκραιφνοῦς,
2542 3804 2640 3855 καὶ
2672 3803 2874 3872 ἀρετῆς
2901 3802 3069 3855 ἕνεκα
3102 3801 3286 3870 πάσης
3307 3819 3320 3833 ·
3357 3802 3420 3863 ὃς
3450 3817 3512 3868 γε
3547 3801 3717 3868 δομή-

2144 3915 2258 3966 τωρ
2276 3895 2480 3966 ταύτης
2505 3894 2744 3961 ἐγένετο,
2783 3896 2884 3946 οὐκ
2911 3893 3039 3946 ἄνευ
3095 3894 3246 3956 θείας
3307 3896 3572 3964 κινήσεως
3618 3897 3717 3948 καὶ

2149 3989 2349 4058 ῥοπῆςο
2375 3985 2471 4040 καὶ
2498 3985 2645 4038 τοῦθ’
2678 3987 2805 4057 ἡμῖν
2835 3985 3061 4055 ἐξαρκεῖ
3093 3987 3215 4040 ἀντὶ
3250 3985 3459 4055 μυρίων
3493 3985 3592 4054 μὲν
3620 3987 3718 4053 ὲγ-

2149 4081 2395 4150 κωμίων,
2435 4079 2645 4149 μυρίων
2704 4079 2763 4150 δὲ
2795 4079 3052 4140 ἐπαίνων,
3111 4079 3312 4148 μυρίαν
3343 4078 3542 4148 ἀρετὴν
3573 4079 3717 4130 ἀπο-

2147 4172 2470 4225 δεικνύντων
2511 4172 2612 4240 τὴν
2646 4147 2804 4223 πόλιν
2830 4169 3087 4240 ἔχουσαν.
3119 4170 3299 4222 Ὅπου
3338 4171 3444 4238 γὰρ
3470 4169 3718 4230 τοιοῦτος

2152 4263 2248 4331 μὲν
2271 4264 2299 4316 ὁ
2326 4263 2675 4332 δειμάμενος,
2715 4265 2748 4330 ἡ
2780 4263 2834 4314 δὲ
2865 4262 3013 4338 ὁρμὴ
3037 4262 3137 4329 τῆς
3176 4260 3494 4328 οἰκοδομίας
3529 4259 3718 4312 θεόθεν

2151 4351 2317 4404 αὐτοῦ
2371 4355 2440 4421 τῇ
2483 4353 2630 4421 ψυχῇ
2678 4353 2873 4420 γέγονε
2899 4371 2914 4386 ο
2943 4351 3245 4421 θεόληπτος
3274 4351 3383 4419 γὰρ
3426 4349 3589 4419 ἀνὴρ,
3623 4351 3720 4402 καὶ

475 4439 560 4490 cui
594 4439 774 4491 omnia
794 4453 916 4491 cum
941 4439 1047 4490 Deo
1067 4447 1386 4506 gererentur
1414 4454 1427 4501 ;
1454 4438 1787 4505 superﬂuum
1832 4437 2038 4505 liquido

2149 4442 2325 4494 πάντα
2349 4441 2526 4509 τούτῳ
2577 4442 2676 4492 σὺν
2707 4442 2827 4511 Θεῷ
2860 4442 3222 4510 διεπράττετο
3246 4456 3261 4471 ·
3318 4440 3609 4509 περίεργον
3650 4440 3718 4492 ἂν

477 4529 569 4591 sit,
600 4537 660 4580 ut
689 4527 791 4580 alia
826 4527 949 4596 quis
977 4527 1189 4579 ratione
1217 4527 1435 4580 studeat
1465 4527 1654 4579 urbem
1686 4525 1930 4590 laudare,
1969 4533 2047 4578 ta-

480 4618 636 4672 metsi
683 4618 772 4672 illa
821 4620 1103 4672 innumera
1145 4617 1366 4670 laudum
1413 4624 1732 4684 argumenta
1780 4616 2042 4684 suggerit.

549 4809 802 4861 Parentes
829 4816 1030 4871 autem,
1063 4821 1123 4859 ac
1151 4805 1444 4875 majorum,
1475 4822 1580 4875 qua
1628 4821 1801 4875 genus
1860 4807 2045 4871 traxit,

479 4909 747 4964 catenam,
769 4899 909 4952 haud
927 4913 1020 4967 per
1040 4897 1424 4966 tempusfacile
1457 4899 1657 4967 possim
1683 4913 2004 4967 percensere
2034 4916 2049 4964 ;

481 5006 579 5043 nec
593 5005 719 5044 vero
748 4991 963 5043 illorum
981 4980 1210 5058 iroptea,
1229 5005 1422 5057 resque
1437 5005 1551 5050 eas.
1573 4991 1772 5058 quibus
1794 4991 1892 5053 illi,
1909 4976 2053 5043 anti-

479 5081 602 5149 quis
633 5079 890 5148 przeclare
912 5087 1085 5148 gesta,
1113 5093 1214 5130 suo
1242 5077 1532 5146 splendore
1554 5078 1874 5132 obscurant.
1910 5077 2052 5133 Sane

481 5180 541 5224 ut
573 5171 695 5238 quis
723 5169 825 5222 hor
853 5177 1239 5238 persequatur,
1279 5169 1644 5236 impossibilia
1685 5179 1878 5222 tentat.
1917 5170 2050 5223 Mihi

480 5274 612 5313 vero
643 5262 775 5314 satis
811 5259 1073 5311 hactenus
1109 5258 1321 5309 videtur
1343 5257 1571 5310 dictum.
1623 5255 1730 5310 Viri
1781 5259 1964 5326 itaque
1996 5260 2049 5312 in

481 5351 657 5406 laudis
685 5360 1062 5419 argumentum
1093 5349 1247 5402 nobis
1269 5351 1530 5417 propositi
1551 5358 1806 5417 parentes
1838 5351 2049 5419 avique,

481 5442 624 5496 haud
651 5443 803 5505 ullis,
839 5443 882 5494 si
919 5443 1008 5508 qui
1041 5443 1151 5494 u‘llo
1183 5456 1422 5508 unquam
1451 5456 1566 5494 aevo
1596 5441 1811 5494 laudem
1847 5443 2054 5495 habue-

480 5542 628 5595 runt,
657 5533 912 5586 deteriori
943 5533 1060 5586 loco
1093 5533 1260 5601 ;quin
1293 5542 1347 5586 et
1397 5533 1618 5600 potiori,
1671 5533 2052 5587 uniVersorum

485 5623 745 5690 suﬂ'ragio
777 5623 1320 5676 habendivideautur
1373 5641 1386 5676 :
1432 5625 1524 5692 qui
1559 5624 2053 5692 nimirumautiqua

499 5714 847 5768 successione
882 5713 1108 5781 Augusti
1143 5715 1208 5767 ab
1241 5716 1502 5784 Augustis
1533 5715 1772 5784 eptimis,
1801 5713 2054 5768 continua

2146 4534 2231 4602 εἴη
2255 4532 2712 4601 σαφῶς.κοσμεῖν
2744 4535 3042 4602 πειρᾶσθαι
3073 4533 3173 4604 τὴν
3202 4533 3356 4584 πόλιν
3388 4533 3560 4602 ἑτέρῳ
3587 4534 3718 4599 τρό-

2148 4642 2258 4692 πῳ,
2285 4627 2332 4676 εἰ
2364 4625 2462 4677 καὶ
2494 4629 2729 4694 παρέχει
2759 4627 2962 4696 μυρίας
2993 4625 3092 4686 τὰς
3120 4624 3379 4695 ἀφορμὰς
3422 4623 3533 4676 τῶν
3556 4623 3716 4676 ἐπαί-

2148 4733 2274 4769 νων.

2181 4877 2186 4882 ι
2219 4806 2419 4868 Γονέας
2443 4807 2488 4857 δ’
2528 4805 2617 4867 αὖ.
2652 4807 2745 4858 καὶ
2769 4808 2867 4875 τὴν
2892 4807 3077 4875 σειρὰν
3113 4804 3238 4859 ὃθεν
3273 4805 3332 4857 τὸ
3361 4804 3518 4872 γένος
3546 4805 3721 4874 αὐτῷ,

2151 4898 2254 4949 οὐκ
2293 4898 2362 4950 ἂν
2402 4897 2504 4949 σὺν
2551 4896 2629 4968 τῷ
2663 4899 2842 4968 καιρῷ
2899 4898 3307 4966 καταλέγοιμιο
3349 4898 3548 4952 οῦκουν
3603 4900 3723 4952 οὐδὲ

2151 4989 2390 5059 τροπαῖα
2428 4988 2696 5041 τάκείνων
2736 4989 2832 5041 καὶ
2880 4988 3316 5058 κατορθώματα,
3364 4988 3724 5058 ἀμαυροῦντα

2152 5081 2218 5134 τὰ
2251 5080 2360 5132 τῶν
2387 5079 2557 5132 πάλαι
2589 5081 2654 5150 τῇ
2688 5080 2821 5150 παρ’
2849 5081 3060 5132 ἑαυτῶν
3108 5081 3389 5150 ἀστραπῇ.
3442 5073 3566 5130 Εἶεν
3615 5079 3726 5147 γὰρ

2155 5172 2222 5224 ἂν
2277 5172 2592 5237 ἀνεφίκτοις
2646 5172 3056 5239 ἐπιχειροῦντες
3123 5172 3171 5223 oi
3200 5171 3359 5224 τοῦτο
3411 5169 3725 5229 διώκοντες.

2155 5265 2308 5316 Δςκῶ
2335 5263 2391 5315 δέ
2425 5280 2515 5330 μοι
2549 5263 2740 5331 ἀρκεῖν
2769 5261 3031 5314 τοσοῦτον
3068 5265 3265 5316 εἰπεῖν.
3297 5262 3359 5314 Οἱ
3392 5261 3576 5313 τοίνυν
3629 5261 3724 5312 εὐ-

2157 5352 2342 5422 φημού
2352 5370 2512 5421 μενον
2543 5352 2810 5419 φύσαντες
2841 5352 3092 5420 οὐδαμῶς
3146 5369 3248 5406 που
3316 5353 3535 5412 πάντως
3571 5349 3727 5403 ἐλάτ-

2156 5460 2319 5505 τουςο
2357 5443 2561 5511 μᾶλλον
2596 5445 2694 5512 μὲν
2725 5438 2822 5496 οὖν
2865 5445 2960 5496 καὶ
2986 5443 3249 5512 ἀμείνους
3289 5435 3452 5510 ¹φαῖεν
3482 5440 3550 5494 ἂν
3591 5439 3730 5492 πάν-

2157 5550 2268 5596 τες,
2294 5528 2476 5600 οἶμαι,
2505 5534 2614 5584 τῶν
2633 5533 2721 5584 διὰ
2747 5534 2948 5597 παντὸς
2978 5535 3342 5604 ὐμνουμένων
3370 5531 3465 5586 τοῦ
3507 5531 3724 5602 χρόνουσ

2158 5622 2366 5676 ἄνωθεν
2406 5623 2508 5691 μὲν
2543 5622 2806 5691 βασιλεῖς,
2840 5625 2905 5677 ὲκ
2936 5624 3203 5694 βασιλέων
3242 5623 3486 5693 ἀρίστων
3511 5621 3728 5688 συνεχεῖ

2165 5716 2382 5785 διαδοχῇ
2412 5715 2696 5777 κατιόντες
2718 5732 2732 5748 ο
2769 5716 2989 5786 κόσμιοι
3021 5716 3086 5770 δὲ·
3106 5715 3199 5768 καὶ
3243 5714 3514 5785 λαμπροὶ,
3545 5711 3606 5765 οὐ
3632 5710 3723 5763 διὰ
