4024 6210
230 380 337 471 139

1026 384 1434 475 THEODORI
1475 383 1840 447 DESPOTJE
1888 383 2278 447 LAUDATIO
2320 387 2711 450 FUNEBRIS

3406 385 3507 453 1‘30

225 503 287 555 τὸ
320 500 518 570 σχῆμα
553 499 778 570 μᾶλλον,
810 499 842 569 ἢ
880 500 959 571 τῷ
992 501 1136 571 λόγῳ
1162 500 1262 572 ζῇν
1318 500 1552 575 ἐθέλειν,
1583 501 1681 552 καὶ
1710 497 1815 566 τὴν

1935 497 2308 554 lescenderint
2337 500 2501 565 serie,
2534 502 2859 572 honestique
2881 514 2946 557 ac
2991 500 3123 557 clari
3161 500 3505 569 exstiterint,

227 594 520 666 βαωλιὲαν
551 593 780 659 ἰθύνειν,
820 595 919 648 καὶ
946 596 1127 649 ποιεῖν
1154 595 1217 649 ab
1275 595 1378 663 τὴν
1412 593 1670 665 πατρίδα,
1721 592 1817 646 καὶ

226 685 339 738 τῶν
377 686 772 756 χρηστοτέρων
795 686 1020 740 πάντων
1054 686 1355 756 πρυτάνεις
1402 680 1545 738 εἶναι
1576 688 1691 750 τοῖς
1710 685 1816 738 ὑπὸ

225 778 416 847 χεῖρα.
442 779 509 837 Εἰ
537 779 649 848 γὰρ
678 780 781 832 καὶ
812 779 875 832 τὸ
900 782 1089 850 σχῆμα
1120 780 1347 844 τούτους
1365 780 1461 835 καὶ
1491 783 1525 851 ἡ
1557 766 1816 852 πορφύρα

228 869 667 939 λαμπροτέρους
692 871 1022 939 ἀπέφαινον,
1054 871 1333 926 etiam
1378 872 1535 927 αὐτοί
1571 889 1691 935 πως
1720 871 1819 924 αῦ-

230 959 318 1023 θις
345 962 655 1029 ἀπέφαινον
686 964 872 1015 ἐκεῖνα
904 963 1266 1036 λαμπρότερα
1288 966 1348 1018 οὐ
1377 965 1543 1033 μόνον
1571 962 1690 1035 ὥρᾳ
1705 962 1812 1015 σώ-

233 1069 431 1121 ματος,
487 1052 625 1105 ἀλλὰ
682 1055 779 1107 καὶ
833 1055 1016 1126 ψυχῆς
1070 1056 1420 1126 κοσμιότητι.
1488 1056 1818 1128 ᾘσχύνοντο

232 1144 373 1213 γὰρ,
402 1145 453 1196 εί
501 1145 664 1213 μόνον
699 1162 764 1214 γε
817 1149 932 1210 τοῖς
991 1147 1194 1211 ἔξωθεν
1245 1147 1679 1213 καλλωπίζοιντο
1721 1148 1818 1201 καλ¹

232 1237 628 1306 προσκαίροις,
658 1237 798 1292 ἀλλὰ
823 1241 919 1292 καὶ
949 1240 1133 1309 πολλῷ
1163 1256 1230 1307 γε
1269 1241 1477 1311 μᾶλλον
1528 1244 1642 1304 τοῖς
1672 1242 1819 1295 obto-

234 1328 329 1381 θεν
352 1330 449 1381 καὶ
490 1318 919 1401 μονιμωτέροις.
955 1329 1070 1403 Τῆς
1124 1327 1220 1385 οὖν
1277 1332 1433 1396 θείας
1467 1333 1691 1404 ἀρετῆς,
1757 1331 1816 1386 εὖ

236 1420 549 1488 ποιοῦντες,
573 1423 741 1494 μηδὲν
766 1426 853 1477 ἀεὶ
899 1427 1307 1495 προτιμῶντες,
1353 1421 1527 1497 ἦρχον
1570 1427 1818 1497 ἐννόμως

235 1512 330 1565 καὶ
392 1512 663 1578 εὐσεϐῶς,
724 1516 980 1585 πατέρων
1023 1517 1228 1587 μᾶλλον
1274 1517 1308 1590 ἢ
1370 1518 1651 1572 δεσποτῶν
1703 1521 1820 1583 τοῖς

236 1606 503 1676 ὑπηκόοις
532 1605 802 1671 σώζοντες
844 1610 1048 1664 τόπον·
1080 1610 1189 1664 καὶ.
1223 1611 1672 1680 προκινδυνεύειν
1716 1612 1817 1665 αὐ-

235 1697 345 1750 τῶν
367 1697 696 1768 αἱρούμενοι
712 1700 760 1771 κῆ
793 1700 1066 1773 ῥᾳθυμεῖν
1090 1702 1297 1773 ἕτεροι.
1327 1702 1436 1757 Ἐῶ
1466 1703 1524 1757 δὲ
1553 1703 1737 1773 λέγειν
1749 1702 1821 1757 τὰ

1921 607 2027 645 non
2075 600 2182 646 tam
2220 593 2500 661 dignitatis
2548 594 2904 663 prmrogativa
2933 608 3097 665 quam
3121 594 3266 662 quod
3289 594 3454 649 vitam
3475 609 3506 648 c

1923 681 2135 736 ratione
2162 683 2555 738 instituendam
2589 692 2841 738 sanctum
2870 685 3181 749 habuerint,
3220 685 3503 754 probeque

1923 775 2216 842 regendum
2250 775 2565 849 imperium,
2593 791 2658 830 ac
2683 776 3072 841 demerendam
3100 777 3358 846 patriam,
3405 777 3505 830 bo-

1924 882 2103 935 naque
2137 867 2572 924 omniasubditis
2609 868 2979 925 concilianda.
3011 867 3337 937 Quanquam
3355 868 3502 923 enim

1922 961 2086 1014 etiam
2123 975 2152 1014 a
2181 960 2447 1030 dignitate
2470 976 2533 1016 ac
2560 976 2804 1031 purpura
2838 961 3104 1017 clariores
3153 961 3369 1024 tierent,
3421 961 3507 1029 ip-

1922 1054 1967 1109 si
1989 1054 2353 1111 nihilominus
2387 1055 2689 1112 claritatem
2722 1054 2967 1111 vicissim
2989 1054 3384 1123 rependebant,
3412 1068 3505 1106 ne-

1920 1147 2048 1199 dum
2076 1148 2321 1217 corporis
2334 1158 2564 1205 venusta
2586 1148 2788 1216 specie,
2805 1148 2898 1204 sed
2923 1145 3163 1201 etanimi
3182 1147 3509 1215 cumprimis

1922 1237 2228 1293 honestate.
2250 1235 2306 1293 ld
2326 1238 2526 1309 quippe
2542 1239 2818 1293 ducebant
2847 1237 3054 1313 probro
3068 1250 3121 1291 ιιι
3147 1247 3376 1291 externo
3393 1244 3511 1289 tuu-

1924 1339 2036 1383 tum
2073 1338 2522 1398 actemporaneo
2560 1339 2755 1385 ornatu
2783 1313 3048 1405 ambitum
3078 1327 3421 1400 prmierrent,
3452 1336 3512 1379 ut

1922 1436 2031 1477 non
2067 1422 2252 1491 potius
2277 1423 2396 1479 suis
2437 1422 2538 1494 ipsi
2565 1422 2775 1479 meritis
2797 1438 2861 1478 ac
2879 1422 3106 1477 tlrmiori
3127 1423 3324 1478 decore
3348 1419 3519 1490 polle-
3583 1413 3592 1467 ’ξ

1922 1522 2062 1575 rent.
2091 1513 2230 1574 Cum
2264 1514 2446 1584 itaque
2472 1514 2642 1585 probo
2678 1528 2767 1570 res
2794 1528 2925 1570 suas
2957 1513 3310 1569 instituentes
3331 1511 3518 1565 consi-
3580 1588 3583 1593 γ

1921 1612 2020 1675 lio,
2041 1609 2176 1665 nihil
2207 1607 2406 1663 divine
2428 1606 2615 1661 virtuti
2639 1604 3149 1676 praehaberentﬂegi
3162 1604 3292 1658 time
3310 1616 3374 1656 ac
3400 1601 3516 1670 pie,
3538 1614 3543 1617 '
3576 1614 3583 1679 ς

1922 1712 2107 1775 patres
2157 1699 2357 1771 magis,
2391 1713 2558 1769 quam
2597 1696 2926 1753 dominosin
2966 1684 3217 1751 subditos
3254 1701 3501 1762 agentes,
3570 1688 3580 1704 ’

238 1793 372 1859 περὶ
398 1791 615 1846 τῶνδυ
651 1791 773 1846 οὐδὲ
823 1793 934 1864 γὰρ
971 1795 1337 1865 προκείμενον
1378 1795 1448 1866 ἦν
1499 1798 1635 1881 ἡμῖν
1691 1796 1819 1859 τοὺς

1935 1803 2325 1868 regnaverunt;
2348 1793 2745 1862 lubentiusque
2771 1805 2870 1860 pro
2897 1788 2979 1844 eis
3003 1788 3271 1843 adeuntes
3296 1784 3516 1854 pericu-

236 1882 441 1954 ἄνδρας
470 1882 701 1948 τούτους
746 1885 1156 1954 ἐγκωμιάζεινθ
1187 1886 1352 1941 αὐτὸν
1399 1886 1461 1941 δὲ
1502 1877 1695 1941 τοῦτον
1729 1888 1823 1942 τὸν

238 1974 342 2031 νῦν
365 1978 509 2045 ἡμῖν
539 1978 622 2040 τίς
673 1977 957 2047 εὐφημίαν
983 1980 1377 2050 προκείμενον.
1407 1979 1468 2045 ἐξ
1494 1979 1677 2034 αὐτῶν
1710 1979 1823 2033 τῶν

238 2069 475 2135 ἑαυτοῦ,
505 2069 689 2139 ἡλίκος
741 2065 812 2142 ἦν
848 2070 949 2143 τὴν
996 2071 1224 2143 ἀρετὴν,
1288 2071 1631 2128 ἑπιδεικτέον
1687 2074 1823 2145 ἡμῖν

237 2162 346 2213 ιστ
354 2176 429 2214 ιν.

317 2342 573 2416 Ὲτράφη
638 2345 736 2416 μὲν
770 2344 1096 2414 βασιλικῶς,
1153 2346 1219 2399 ὲκ
1265 2344 1477 2399 παίδων
1505 2340 1563 2397 δὲ
1609 2342 1824 2398 ἐδείκνυ

240 2438 350 2509 τὴν
374 2438 643 2506 εύφυῖανυ
683 2438 993 2506 μᾶλλονδὲ,
1046 2439 1259 2493 παιδίον
1298 2438 1397 2502 ὣν,
1445 2439 1617 2492 πᾶσιν
1652 2436 1826 2491 ἐδίδου

245 2529 642 2600 μαντεύεσθαι,
662 2532 814 2594 ὅστις
841 2530 910 2584 ἂν
942 2529 1028 2602 εἴη
1090 2528 1301 2599 προϊών
1314 2516 1335 2561 γ’
1379 2530 1454 2592 ὠς
1485 2528 1595 2600 ἄρα
1648 2530 1829 2599 πάντη

206 2626 211 2630 ’
243 2621 533 2692 βέλτιστος
556 2620 778 2691 πατρίδι
812 2621 908 2675 καὶ
933 2620 1153 2690 γονεῦσι
1187 2623 1282 2675 καὶ
1311 2619 1512 2691 φίλοις,
1546 2622 1642 2674 καὶ
1691 2619 1829 2682 ὅλως

243 2708 337 2775 οἷς
362 2714 676 2782 συγγένοιτ’
728 2714 796 2768 ἂν
846 2715 945 2767 καὶ
980 2714 1235 2784 μεταδοίη
1268 2714 1368 2781 τῆς
1403 2714 1650 2783 ἐμφύτου
1691 2730 1833 2785 χρη-

245 2808 537 2878 στότητος.
566 2807 674 2860 Καὶ
710 2809 819 2877 μὴν
857 2808 996 2874 πρὸς
1035 2809 1220 2861 πᾶσαν
1275 2806 1517 2877 μάθησιν
1552 2805 1698 2859 οὕτω
1742 2806 1831 2859 63-

244 2898 384 2965 ξιῶς
422 2894 562 2968 εἶχε,
588 2898 684 2951 κα)⁵
750 2898 872 2968 μετ’
907 2898 1169 2970 ὀξύτητος
1227 2899 1472 2971 Ξτρεχεν,
1534 2898 1680 2952 ὥστε
1725 2900 1824 2953 καὶ

243 2996 353 3054 τὴν
388 2992 701 3062 προθυμῇιν
733 2992 844 3045 τῶν
879 2993 1179 3063 σοφιστῶν,
1238 2993 1334 3045 καὶ
1392 2990 1506 3045 τῶν
1550 2992 1834 3062 παιδοτρι-

245 3087 391 3151 ϐῶν,
416 3086 512 3140 καὶ
540 3087 651 3138 τῶν
680 3085 861 3140 ὁτιοῦν
892 3087 1135 3157 χρηστὸν
1166 3086 1512 3156 ἐπιτήδευμα
1542 3085 1832 3140 διδασκόν-

1926 1890 2001 1957 la,
2026 1904 2189 1959 quam
2213 1888 2336 1943 aliis
2363 1888 2472 1942 otia
2501 1886 2652 1940 adire
2679 1883 2851 1939 moris
2880 1882 2981 1937 sis.
3009 1881 3209 1936 Verum
3243 1888 3512 1947 praetereo

1928 1997 2123 2040 eorum
2161 1997 2273 2037 res.
2302 1979 2417 2036 Nec
2440 1980 2589 2035 enim
2620 1978 2675 2034 id
2705 1977 2867 2034 nobis
2899 1975 3003 2031 fuit
3032 1973 3417 2036 constitutum,
3455 1977 3515 2024 ut

1926 2089 2022 2131 eos
2042 2074 2415 2140 laudaremus,
2445 2073 2540 2128 sed
2565 2079 2624 2126 ut
2646 2071 2833 2142 potius
2879 2070 3062 2126 virum
3092 2066 3253 2122 nobis
3274 2065 3327 2120 in
3347 2078 3505 2133 argu-

1929 2175 2177 2223 mentum
2235 2165 2416 2221 laudis
2457 2164 2827 2234 propositum,
2873 2177 2938 2217 ex
2989 2160 3164 2231 ipsius
3215 2155 3457 2229 propriis
3492 2193 3511 2221 τ

1929 2266 2137 2329 quanta
2165 2256 2427 2311 enituerit
2456 2255 2659 2309 virtute
2699 2252 3083 2309 ostendamus.

1999 2349 2095 2405 Ille
2124 2347 2374 2419 equidem
2403 2346 2550 2417 regie
2564 2345 2854 2408 educatus,
2886 2345 3056 2399 multa
3076 2357 3291 2413 apuero
3310 2338 3511 2394 indolis

1931 2442 2180 2498 bonitate
2211 2438 2419 2495 ell'ulsit
2447 2456 2461 2494 :
2495 2447 2662 2508 atque
2692 2439 2829 2493 adeo
2861 2435 3059 2507 puerili
3116 2435 3306 2490 adhuc
3357 2439 3518 2489 aetate

1930 2548 2119 2605 agens,
2144 2531 2545 2603 quis'processu
2575 2529 2842 2600 temporis
2858 2543 3125 2584 evasurus
3142 2534 3309 2586 esset,
3326 2524 3512 2579 omni—

1930 2628 2035 2683 bus
2065 2624 2421 2680 ominandum
2457 2622 2815 2694 praebuitwt
2841 2622 3070 2677 omnino
3118 2621 3310 2692 utique
3364 2616 3509 2688 opti-

1914 2733 2079 2783 mus,
2110 2720 2323 2789 patriaa,
2357 2715 2697 2788 parentibus,
2728 2715 2948 2782 amicis,
2977 2729 3041 2770 ac
3065 2729 3293 2785 prorsus
3336 2711 3516 2768 omni—

1932 2811 2056 2875 bus,
2085 2812 2410 2881 quibuscum
2436 2821 2582 2864 esset
2604 2818 2951 2873 versaturus,
2971 2823 3036 2863 ac
3051 2822 3190 2878 quos
3209 2806 3396 2861 innata
3419 2804 3512 2859 illa

1932 2904 2178 2958 bonitate
2211 2909 2354 2957 esset
2400 2901 2802 2971 impertiturus.
2836 2898 3012 2954 Tanta
3043 2915 3178 2954 sane
3208 2897 3518 2966 disciplinis

1934 2996 2193 3067 omnibus
2217 2994 2574 3064 capessendis
2605 2993 2891 3048 habilitate
2909 2991 3030 3058 fuit,
3057 3005 3123 3046 ac
3145 2991 3226 3047 sic
3256 2988 3511 3045 celeriter

1936 3105 2130 3145 omnes
2161 3088 2455 3159 percurrit,
2480 3094 2537 3141 ut
2565 3095 2620 3141 et
2666 3085 3042 3155 s0phistarum
3077 3098 3141 3137 ac
3191 3080 3518 3150 ludimagis-

243 3198 384 3243 των,
409 3177 707 3248 ὑπερφυῶς
728 3179 1135 3249 ὕπερὴλαυνεν.
1170 3177 1341 3234 Ὅθεν
1389 3179 1620 3241 τούτους
1668 3195 1828 3231 συνε-

1936 3192 2144 3236 trorum
2156 3194 2237 3245 ,ac
2256 3179 2299 3235 si
2313 3179 2403 3248 qui
2419 3180 2705 3233 honestum
2720 3174 2921 3244 aliquid
2936 3174 3149 3229 docturi
3169 3171 3518 3236 videbantur,

245 3273 368 3343 χῶς
402 3270 729 3341 διαμείϐων,
762 3268 942 3341 ἐξῄτει
975 3271 1068 3325 τὸν
1090 3270 1377 3336 διδάξοντά
1404 3290 1459 3325 τι
1493 3273 1833 3341 καινότερον,

245 3365 326 3427 ὡς
366 3362 568 3416 αὐτίκα
598 3363 711 3415 πᾶν
738 3360 1065 3431 λαμϐάνων,
1108 3363 1247 3431 ὅπερ
1274 3362 1339 3416 ἂν
1397 3356 1546 3432 εἶχον
1605 3362 1831 3420 διδόναι.

248 3458 368 3511 Καὶ
411 3451 483 3527 ἦν
508 3457 608 3518 τὰς
641 3454 861 3527 ἡλικίας
912 3454 1102 3525 σαφῶς
1136 3457 1401 3525 ἐλέγχων,
1459 3456 1594 3526 ῦλην
1636 3458 1697 3510 οὐ
1745 3458 1836 3511 τὸν

249 3547 449 3619 χρόνον
489 3549 675 3619 μόνον,
725 3547 867 3601 ἀλλὰ
912 3550 1009 3602 καὶ
1053 3546 1165 3619 -τὴν
1224 3548 1389 3618 φύσιν
1438 3548 1705 3619 ἐχούσας·
1740 3550 1836 3602 καὶ

249 3641 416 3711 τήνδε
479 3641 683 3711 μᾶλλον
712 3641 859 3711 ἥπερ
921 3643 1151 3695 ἐκεῖνον.
1177 3641 1354 3705 ’Ὢσθ’,
1417 3643 1557 3712 ὅπερ
1590 3659 1675 3705 τις
1725 3643 1836 3695 τῶν

254 3733 500 3804 ποιητῶν
534 3732 765 3799 ἐδίδαξε,
800 3735 870 3805 τῇ
925 3733 1144 3804 γλώττῃ
1189 3733 1479 3804 ἄνθρωπον
1539 3735 1834 3804 ἀνθρώπου

250 3827 539 3897 διαφέρειν
594 3827 876 3893 τοσοῦτον,
933 3829 1061 3881 ὅσον
1124 3829 1275 3882 ἀετοὶ
1331 3827 1610 3898 κοράκων,
1674 3828 1836 3891 αὐτὸς

255 3917 409 3986 ἔργῳ
435 3915 623 3983 ἔδειξε,
665 3918 748 3986 τῷ
794 3916 1064 3985 πεφυκότι
1125 3917 1255 3980 τοὺς
1303 3917 1604 3987 ἡλικιώτας
1660 3935 1835 3987 παρε-

255 4004 495 4075 νεγκὼν,
541 4008 668 4060 ὅσον
697 4006 811 4060 οὐδ’
842 4006 1011 4059 ιδίδου
1033 4005 1267 4073 τούτοις,
1296 4007 1501 4072 ἒρίξειν
1558 4006 1697 4076 πρὸς
1734 4007 1836 4059 αὐ-

256 4101 351 4151 τὸν
387 4097 827 4168 ἁμιλλωμένους.
851 4097 992 4160 Παῖς
1027 4099 1138 4168 γὰρ
1183 4096 1260 4152 ὢν
1306 4097 1410 4164 ἔτι,
1449 4098 1520 4151 τὰ
1575 4099 1686 4152 τῶν
1718 4114 1838 4166 μει-

262 4187 473 4258 ρακίων
500 4188 725 4258 ὲξήσκει
747 4201 763 4219 ο
799 4188 893 4240 καὶ
931 4183 1000 4241 αὖ
1056 4189 1116 4242 ὲν
1178 4188 1354 4242 τοῖσδε
1389 4188 1456 4242 τὰ
1506 4189 1834 4254 νεανίσκων,

258 4282 357 4331 καὶ
380 4278 449 4331 τὰ
473 4279 585 4332 τῶν
610 4279 849 4348 ἀνδρῶν,
876 4279 1061 4333 καὶτὰ
1098 4280 1518 4351 πρεσϐυτέρων,
1567 4282 1666 4333 καὶ
1697 4282 1836 4344 ὅλως

264 4372 335 4422 τὰ
358 4371 456 4441 τῆς
478 4371 791 4441 κρείττονος
840 4370 1061 4439 ἡλικίας
1109 4373 1168 4422 ἐν
1210 4374 1276 4440 τῇ
1313 4372 1418 4443 πρὸ
1446 4373 1675 4442 ταύτης.
1726 4372 1838 4428 Οὗ-

262 4479 373 4524 τως
394 4464 600 4524 ἐκεῖνος
632 4462 727 4513 ἐπὶ
762 4461 870 4513 τῶν
902 4460 1084 4529 ἔργων
1114 4459 1334 4529 φθάνων
1391 4458 1458 4533 ἦν
1492 4465 1581 4518 ἀεὶ
1609 4464 1672 4516 τὸ
1717 4464 1835 4518 δέον

265 4552 519 4624 ἐμπειρίᾳ
550 4552 649 4606 καὶ
681 4550 891 4621 σπουδῇ
923 4552 1020 4605 καὶ⁸
1052 4551 1269 4619 φρενῶν
1301 4552 1546 4624 ὀξύτητι.
1581 4549 1690 4608 Ἷιν
1736 4556 1836 4623 μὲν

265 4646 508 4708 γονεῦσιν
534 4644 688 4714 ἡδύς
714 4639 786 4709 ἦν
811 4642 869 4694 δὲ
905 4642 1160 4709 ἀδελφοῖς
1180 4660 1195 4675 ο
1222 4639 1291 4713 ἦν
1343 4644 1399 4697 δὲ
1434 4645 1675 4714 ἑταίροις
1697 4663 1712 4678 ·
1766 4643 1836 4717 ἦν

267 4737 326 4791 δὲ
356 4738 599 4800 πολίταις
658 4735 758 4790 καὶ
791 4734 987 4799 ξένοις,
1019 4737 1165 4807 ἥλιξι
1196 4753 1255 4789 τε
1313 4744 1407 4791 καὶ
1456 4740 1797 4808 πρεσϐύταις
1823 4758 1835 4771 ο

271 4828 366 4881 καὶ
418 4829 551 4892 ὅλως
599 4830 771 4882 πᾶσιν
830 4829 890 4880 ὲν
934 4826 1097 4895 ὅλοις,
1147 4830 1310 4883 παντὶ
1344 4831 1522 4899 καιρῷ
1561 4836 1654 4885 καὶ
1697 4851 1840 4903 συμ-

273 4918 538 4987 πτώματι.

1862 4514 1917 4574 D

1938 3273 2139 3329 eximia
2207 3272 2445 3342 quadam
2502 3269 2761 3324 facilitate
2817 3281 2881 3322 ac
2923 3267 3106 3336 genio,
3160 3266 3511 3321 sedulitatem

1940 3367 2300 3438 prae-verterit.
2332 3362 2704 3431 Quamobrem
2724 3363 2984 3416 continue
3011 3360 3150 3415 alios
3175 3375 3238 3415 ex
3264 3359 3386 3414 aliis
3407 3373 3523 3412 ma-

1937 3460 2140 3531 gistros
2211 3465 2456 3522 mutans,
2482 3455 2763 3524 quaarebat
2793 3470 2823 3509 a
2854 3468 2964 3524 quo
3010 3454 3135 3508 novi
3185 3453 3393 3520 aliquid
3435 3454 3523 3506 di-

1942 3558 2161 3615 sceret;
2192 3559 2451 3617 tanquam
2481 3548 2575 3617 qui
2604 3546 2715 3601 cito
2740 3548 3049 3616 perciperet
3090 3547 3297 3611 omnia,
3322 3545 3367 3599 si
3415 3561 3523 3614 qua

1938 3642 2014 3697 illi
2045 3641 2263 3696 tradere
2293 3650 2523 3709 possent
2556 3656 2570 3692 :
2602 3638 2892 3707 palamque
2952 3632 3338 3693 alternantium
3394 3646 3526 3693 arta-

1939 3748 2070 3798 tum,
2103 3735 2302 3788 nedum
2335 3747 2531 3797 annos,
2566 3732 2658 3787 sed
2689 3739 2743 3785 et
2775 3740 3024 3785 naturam
3045 3746 3110 3784 ac
3141 3729 3407 3794 indolem,
3441 3740 3526 3784 at—

1937 3843 2041 3898 que
2067 3829 2204 3881 hanc
2227 3825 2513 3897 potissimo
2540 3840 2557 3887 ;
2584 3821 2892 3892 subjectum
2918 3821 3203 3892 arguebat.
3247 3821 3524 3887 Quamob-

1912 3934 2052 3991 crem
2091 3912 2831 3988 poetaeillam’sententiam,
2884 3925 2944 3969 ut
2994 3914 3528 3969 nihilminushomi-

1936 4028 2035 4069 nes
2061 4014 2205 4067 inter
2234 4010 2460 4074 referat,
2488 4019 2549 4064 ut
2574 4008 2846 4064 sermonis
2877 4009 2982 4061 vim
3010 4023 3073 4061 ac
3097 4008 3341 4077 linguam
3373 4012 3528 4076 specl-

1937 4115 2038 4170 tes,
2070 4100 2420 4174 quam‘inter
2462 4101 2704 4170 aquilam
2735 4113 2799 4152 ac
2854 4113 3123 4154 corvum:
3152 4113 3336 4155 veram
3401 4099 3523 4167 ipse
3572 4138 3581 4147 ι

1937 4197 2103 4253 rebus
2124 4180 2398 4260 ostendit;
2421 4194 2502 4247 sic
2530 4191 2711 4246 indole
2725 4191 3020 4245 coaetaneis
3044 4197 3333 4260 praestans,
3353 4200 3411 4243 ut
3430 4204 3529 4267 ne-

1936 4305 2042 4359 que
2067 4284 2579 4341 ullusocontentioni
2613 4282 2765 4336 locus
2789 4281 3013 4335 relictus
3064 4280 3366 4335 videretur.
3407 4280 3517 4332 Ad-

1944 4380 2049 4434 huc
2077 4379 2223 4433 enim
2251 4377 2528 4432 exsisteos
2554 4387 2708 4443 puer,
2735 4371 3147 4427 adulescentum
3172 4371 3388 4426 colebat
3406 4380 3525 4425 stu-

1941 4471 2067 4536 dia;
2101 4469 2531 4536 adolescensque
2572 4508 2587 4532 ,
2643 4465 2943 4533 iuvenum,
2987 4478 3052 4518 ac
3106 4464 3346 4518 virorum
3379 4504 3394 4528 ,
3466 4478 3530 4519 ac

1944 4564 2222 4620 seniorum
2255 4577 2270 4627 ;
2298 4573 2638 4631 prorsusque
2680 4557 3010 4613 anteriorem
3060 4572 3230 4627 agens
3287 4566 3527 4621 aetatem,

1945 4671 2066 4727 qua:
2098 4654 2375 4724 sequentis
2424 4666 2489 4706 ac
2525 4650 2840 4705 maturioris
2893 4659 3098 4705 essent.
3131 4649 3280 4703 Adeo
3312 4664 3530 4720 semper

1944 4748 2167 4817 agendis
2194 4746 2355 4800 rebus
2389 4745 2678 4812 occupavit
2704 4742 2848 4812 quod
2874 4750 3020 4796 esset
3046 4755 3226 4808 opera:
3268 4743 3528 4809 pretium,
3565 4727 3587 4823 ί

1944 4842 2171 4897 scientia
2206 4839 2297 4894 illa
2323 4854 2386 4893 ac
2416 4837 2620 4901 studio,
2662 4834 2973 4902 ruentisque
3018 4833 3337 4903 sagacitate.
3402 4832 3533 4887 Erat

1944 4938 2105 5004 plane
2133 4934 2310 4989 dulcis
2338 4930 2685 5000 parentibus,
2723 4937 2844 4982 erat
2884 4926 3146 4981 fratribus
3181 4941 3196 4990 ;
3226 4935 3343 4980 erat
3376 4926 3534 4981 soda-

272 5012 409 5066 libus
437 5029 452 5078 ;
480 5023 595 5068 erat
621 5012 836 5069 civibus
871 5030 886 5076 ;
931 5023 1043 5067 erat
1078 5014 1403 5083 peregrinis,
1439 5021 1742 5086 aequalibus
1767 5030 1991 5095 pariter,
2024 5028 2377 5096 senibusque,
2432 5039 2495 5077 ac
2550 5022 2765 5077 cunctis
2822 5019 3121 5076 universim
3167 5019 3220 5073 in
3275 5019 3534 5074 omnibus

272 5107 412 5159 omni
443 5120 706 5176 tempore,
731 5121 796 5159 ac
834 5120 1015 5159 rerum
1049 5109 1196 5161 omni
1232 5108 1480 5165 incursu.

344 5200 441 5251 Kal.
493 5200 600 5269 μὴν
658 5200 918 5253 τοσοῦτον
949 5201 1262 5269 ὑπερνικῶν
1319 5198 1389 5271 ἦν
1448 5210 1552 5260 κάν
1596 5211 1712 5273 τοῖς
1736 5229 1831 5279 γυι

273 5289 527 5355 μνασίοις,
557 5291 663 5343 κάν
689 5292 810 5352 ταῖς
841 5290 1119 5360 ἁμίλλαις,
1159 5294 1261 5345 κάν
1314 5292 1538 5359 ἅπασιν,
1576 5299 1651 5361 ὡς
1702 5302 1838 5371 μηδὲ

268 5379 465 5433 δεῖσθαι
488 5382 978 5451 παραϐεϐλῆσθαι.
1022 5382 1238 5437 Οὔκουν
1280 5387 1331 5454 γ’
1362 5387 1644 5457 ἐφθονεῖτο
1661 5394 1837 5447 τοιοῦ-

267 5486 360 5531 τος
391 5472 480 5534 ὣν,
534 5474 930 5537 ἀδυνατοῦντος
986 5474 1082 5528 τοῦ
1108 5477 1307 5543 φθόνου
1344 5479 1480 5552 ὄρᾷν
1519 5482 1607 5533 ἐπ’
1661 5485 1833 5555 αὐτῷ,

266 5564 400 5632 ὅπερ
440 5566 742 5637 ἐπεφύκει⁸
782 5566 900 5619 ἀλλ’
931 5567 1278 5637 ἐθαυμάζετο
1310 5574 1460 5640 παρὰ
1501 5574 1610 5626 τῶν
1662 5578 1837 5630 ἁπάν-

266 5668 375 5704 των
425 5658 560 5726 μετὰ
612 5657 885 5728 τοσαύτης
957 5660 1290 5732 ὑπερϐολῆς,
1355 5666 1585 5737 ὁπόσης,
1648 5662 1827 5736 οἶμαι.

270 5744 337 5794 τὸ
366 5748 522 5801 νικῶν
542 5745 629 5819 ἦν.
667 5746 780 5803 Ἦν
812 5752 859 5804 δ’
885 5754 967 5817 εἰς
992 5752 1293 5826 τοῦσχατον
1350 5757 1683 5828 ἀφιγμένον.
1720 5761 1830 5813 Καὶ

268 5832 383 5897 πῶς
400 5839 537 5904 εἰκὸς
583 5841 650 5896 ἂν
683 5845 829 5899 εἴποι
858 5861 942 5909 τις
988 5846 1078 5900 τὸν
1105 5847 1241 5901 πολὺ
1278 5850 1402 5913 τοὺς
1425 5851 1619 5915 ἄλλους
1648 5852 1815 5922 ὑπερ-

2013 5210 2204 5266 Tantis
2229 5221 2362 5263 sane
2393 5206 2580 5275 gloriae
2598 5204 2836 5260 cumulis
2857 5200 3173 5272 praestabat,
3211 5199 3530 5271 gymnasio-

1941 5321 2064 5360 rum
2082 5301 2547 5362 exercitamentis,
2569 5296 3088 5365 certaminibusque,
3110 5308 3175 5348 ac
3195 5293 3395 5348 studiis
3411 5308 3532 5344 om—

1944 5398 2129 5452 nibus.
2148 5404 2205 5446 ut
2224 5406 2401 5460 neque
2420 5404 2558 5459 opus
2577 5388 2798 5442 haberet
2820 5384 3254 5448 comparatione.
3274 5380 3382 5435 Nec
3400 5396 3532 5435 vero

1942 5499 2066 5538 cum
2093 5483 2215 5535 talis
2237 5487 2404 5541 esset,
2432 5477 2742 5546 patiebatur
2767 5474 3061 5529 invidiam:
3083 5488 3193 5526 non
3222 5474 3436 5527 valente
3468 5489 3530 5528 ea

1944 5579 1995 5631 in
2024 5572 2332 5641 illuniquod
2355 5580 2479 5623 nata
2495 5580 2608 5623 est:
2633 5569 2765 5638 quin
2786 5569 2966 5639 potius
3004 5569 3237 5626 habebat
3283 5568 3529 5623 omnium

1944 5664 2385 5723 admirationem,
2405 5658 2567 5728 idque
2584 5667 2733 5713 tanta
2750 5659 3155 5729 exsuperantia,
3180 5667 3381 5730 quanta
3401 5666 3532 5728 puto

1938 5759 2162 5811 victoria
2180 5762 2314 5808 erat.
2333 5753 2404 5806 Ea
2425 5768 2591 5823 porro
2613 5753 2676 5807 ad
2692 5768 2963 5808 summum
2982 5752 3358 5821 evaserut.Qui
3378 5766 3531 5819 vero,

1939 5849 2173 5919 inquies,
2198 5862 2328 5905 vero
2349 5862 2649 5904 consonum
2675 5846 2763 5917 sit,
2797 5857 2855 5903 ut
2891 5849 3082 5919 grandi
3126 5848 3261 5907 adeo
3297 5862 3528 5905 excessu
