4024 6210
452 309 550 377 191

1635 310 2033 372 MANUELIS
2074 310 2518 372 PALEOLOGI

3583 305 3683 374 19?.

441 439 728 494 superans,
754 439 784 479 a
808 422 955 478 nullo
973 435 1198 490 prorsus
1227 420 1510 476 inividiam
1529 427 1840 492 pateretur?
1868 442 2028 496 secus

2150 427 2406 482 ελάσαντα
2436 434 2512 497 μη
2552 427 2686 494 παρ’
2729 423 3045 479 οὑτινοσοῦν
3087 424 3194 479 τῶν
3229 426 3485 480 ἁπάντων
3542 426 3696 492 δέξα-

442 516 600 584 plane
617 523 988 580 comparatum
1005 511 1269 566 dicemus.
1293 510 1396 578 Qui
1423 512 1567 567 enim
1588 529 1754 583 supra
1795 517 2018 571 modum

443 613 686 676 superat,
721 605 854 658 nihil
883 605 1097 660 invidiae
1125 605 1399 660 obnoxius
1422 607 1513 660 sit.
1566 608 1697 672 Qua:
1738 610 1883 662 enim
1935 626 2022 665 res

445 698 670 751 multam
705 697 868 752 habet
896 697 1346 759 admirationem.
1379 699 1551 752 multo
1577 715 1796 768 quoque
1844 704 2020 764 amori

440 805 561 844 esse
592 805 816 846 necesse
851 801 955 846 est.
976 791 1133 856 Quod
1161 801 1346 845 autem
1375 803 1455 844 est
1481 793 1638 845 valde
1672 793 1928 860 charum,
1953 812 2019 850 ac

443 883 617 937 amori
639 883 892 950 habetur,
913 901 1018 955 qua
1035 885 1142 940 sibi
1165 887 1378 940 ratione
1402 901 1501 954 pro
1522 889 1822 944 accedente
1853 891 2022 958 glcria

451 976 715 1030 invidiam
747 978 1491 1044 conﬂnveril?Quamobrem
1548 980 1754 1036 invidia
1802 983 2026 1047 aberat,

448 1075 507 1117 ut
529 1066 653 1133 quis
681 1066 861 1121 victus
888 1077 1071 1140 esset;
1105 1069 1296 1122 aderat
1329 1084 1457 1122 vero
1491 1071 1695 1126 amoris
1753 1074 2023 1135 accessio.

447 1173 611 1226 quam
637 1157 758 1226 ejus
798 1174 997 1212 novum
1019 1161 1290 1216 accedens
1312 1161 1604 1217 admiratio
1639 1163 2029 1224 faceret;uni-

449 1250 707 1320 versique
731 1249 847 1318 eius
877 1251 1191 1315 gaudebant
1216 1253 1491 1309 victoriis.

520 1339 656 1394 Cum
692 1349 820 1394 natu
849 1342 1111 1396 minimus
1169 1343 1393 1397 fratrum
1446 1353 1613 1408 esset,
1670 1345 1803 1400 nulli
1850 1355 2030 1400 tamen

450 1433 638 1497 cessit,
661 1441 720 1486 ut
745 1448 808 1488 ea
834 1443 1068 1501 spectes,
1115 1435 1316 1505 quibus
1360 1437 1484 1506 quis
1543 1437 1885 1493 admirabilis
1937 1441 2029 1495 sit.

401 1518 406 1528 ³
449 1523 585 1578 Nam
609 1533 728 1578 erat
751 1525 1011 1593 prudens,
1039 1526 1244 1594 justus,
1307 1526 1465 1583 fortis
1493 1545 1508 1592 ;
1533 1543 1596 1582 ac
1623 1531 1703 1584 vel
1724 1531 1776 1584 in
1804 1532 1890 1598 iis,
1914 1547 2036 1598 quae

453 1615 692 1671 maxime
717 1618 976 1672 terrendo
1009 1618 1328 1686 videantur,
1355 1621 1540 1691 inﬂexi
1594 1624 1834 1692 pectoris
1873 1640 1887 1678 :
1923 1626 2037 1692 ple.

451 1714 655 1777 rasque
669 1707 978 1778 voluptates
996 1710 1119 1780 (nec
1150 1712 1296 1767 enim
1315 1729 1490 1784 usque
1512 1715 1650 1768 adeo
1677 1723 1795 1770 erat
1819 1716 2038 1770 homine

2125 520 2248 573 σθαι
2309 520 2539 590 φθόνον;
2571 518 2899 573 Τούναντίον
2959 519 3056 588 μέν
3083 517 3196 582 οὖν,
3248 520 3276 571 ό
3315 519 3425 590 γάρ
3462 519 3695 589 ὐπερϐε-

2124 612 2310 682 ϐηκὼς
2334 613 2533 682 κομιδῆ
2580 612 2761 681 φθόνῳ
2793 610 2893 680 οὐχ
2947 611 3268 668 ὑποπίπτει.
3303 610 3378 663 Τὺ
3407 611 3517 680 γὰρ
3563 611 3698 665 πολύ

2126 704 2548 774 θαυμαζόμενον
2582 703 2720 758 πολὺ
2783 687 3060 773 φιλεῖσθαι
3115 704 3235 757 δέον
3287 703 3437 756 ἐστί·
3499 706 3595 790 tot
3635 707 3697 758 τὸ

2127 799 2333 868 σφόδρα
2388 797 2616 866 φιλητὸν
2662 795 2782 858 πῶς
2849 796 2916 850 ἂν
2969 787 3296 865 εὐδοκιμοῦν
3362 787 3698 866 φθονη’θείη;

2128 891 2284 944 Ὣσθ⁹
2334 890 2588 959 όφθόνος
2618 891 2721 960 μὲν
2773 890 2945 958 ἀπῆν,
2993 889 3156 943 ὁπότε
3205 890 3273 956 γέ
3327 905 3412 950 τις
3445 887 3696 958 ἡττῷτο·

2128 982 2341 1052 προσῆν
2377 982 2436 1035 δὲ
2469 981 2698 1050 φίλτρου
2725 967 3041 1050 προσθήκη.
3063 979 3140 1050 τῷ
3171 979 3304 1048 περὶ
3327 979 3539 1032 ἐκεῖνον
3559 995 3702 1046 συμ-

2129 1074 2395 1128 ϐαίνουσα
2428 1073 2707 1144 θαύματι,
2741 1073 2836 1127 καὶ¹
2863 1075 2976 1134 τοῖς
3015 1071 3228 1126 ἐκείνου
3260 1071 3703 1142 πλεονεκτήμασι

2132 1167 2334 1229 πάντες
2363 1167 2610 1238 έχαιρον.

2210 1344 2307 1395 Ὦν
2337 1343 2394 1398 δὲ
2427 1343 2506 1413 τῷ
2531 1343 2713 1414 χρόνῳ
2762 1340 2996 1406 ὕστατος
3033 1343 3143 1395 τῶν
3178 1341 3442 1410 ἀδελφῶν,
3492 1341 3716 1403 οὐδενος

2131 1433 2488 1507 ἦνύστερος,
2537 1436 2630 1505 ἐφ’
2657 1431 2760 1501 οἷς·
2789 1453 2874 1499 τις
2900 1437 2968 1490 ἂν
3009 1436 3221 1504 φιλοϊτο
3275 1434 3713 1503 θαυμαζόμενος.

2133 1527 2420 1598 Νουνεχής
2443 1544 2504 1580 τε
2537 1527 2650 1599 γὰρ
2676 1522 2767 1598 ἦν,
2795 1527 3030 1592 δίκαιος,
3062 1527 3329 1596 ἀνδρεῖος,
3360 1525 3584 1595 ἀκλινὴς
3619 1527 3717 1580 καὶ

2139 1621 2251 1682 τοῖς
2283 1621 2521 1688 μάλιστα
2562 1619 2844 1691 φοϐεροῖς,
2877 1620 2987 1673 τῶν
3039 1618 3305 1673 πλειόνων
3364 1616 3593 1688 ἡδονῶν,
3652 1619 3716 1670 οὐ

2138 1712 2246 1782 γὰρ
2284 1714 2424 1782 ὑπὲρ
2453 1713 2743 1783 ἄνθρωπον
2787 1709 2878 1783 ἦν,
2929 1715 3004 1775 ὡς
3047 1714 3137 1766 ἀεὶ
3185 1713 3412 1784 κρατεῖν
3462 1711 3719 1775 ἁπασῶν,

453 1801 649 1870 major,
683 1810 742 1854 ut
772 1803 1018 1857 omnium
1071 1818 1286 1871 semper
1303 1813 1448 1860 esset
1490 1806 1747 1862 dominus
1774 1807 1791 1876 )
1815 1809 2038 1862 omnino

2150 1804 2431 1874 ὑπερορῶν
2469 1805 2825 1859 παντάπασι·
2868 1805 3008 1876 πρὸς
3032 1805 3090 1859 δέ
3118 1804 3218 1866 τὰς
3245 1804 3532 1871 ἐγκρατῶς
3556 1803 3718 1873 ἔχων,

453 1906 718 1958 spernens
747 1909 762 1958 ;
791 1895 935 1964 quod
962 1903 1174 1962 spectat
1192 1898 1258 1949 ad
1285 1897 1444 1960 alias,
1471 1914 1532 1952 se
1560 1897 1676 1966 ipse
1699 1901 1988 1955 continens
2015 1919 2030 1966 ;

459 1983 600 2037 haud
617 1999 677 2039 se
695 1983 898 2039 dedens
917 1985 1176 2056 pigritiae;
1208 1987 1348 2043 idem
1369 1989 1484 2060 ipse
1508 1993 1822 2047 moderatus
1841 2008 1906 2047 ac
1929 2010 2040 2046 ma-

456 2073 883 2143 gniﬁcusmihil
913 2079 1196 2146 molestus,
1239 2090 1332 2136 aut
1387 2083 1682 2155 quidquam
1717 2085 2034 2142 intolerabi-

461 2169 552 2232 lis,
583 2169 664 2224 vel
701 2171 832 2240 ipsis
849 2175 1249 2242 qnoqueservis
1282 2176 1548 2245 emptitiis
1575 2195 1587 2231 :
1615 2179 1816 2248 gravis,
1869 2181 2041 2236 mitis-

458 2266 915 2330 que;03conomia
935 2275 1221 2334 praestans,
1251 2283 1315 2324 ac
1367 2271 1782 2338 magnanimis;
1827 2282 1887 2325 ιιι
1939 2273 2038 2326 ali-

365 2339 374 2349 ’
459 2355 679 2422 quando
696 2355 985 2413 deficiente
1011 2358 1226 2413 fortuna
1257 2360 1323 2415 ad
1345 2360 1578 2415 Romani
1607 2363 1819 2430 imperii
1848 2365 2041 2420 hostes

461 2446 568 2517 (sic
595 2449 738 2502 enim
775 2450 865 2504 illa
897 2452 1367 2524 solemuehahet),
1428 2455 1571 2508 idem
1618 2455 1732 2524 ipse
1789 2458 2046 2511 immotus

458 2543 1082 2610 permanserit;eadem
1134 2545 1200 2598 ad
1259 2545 1438 2615 ipsum
1495 2549 1760 2602 redeunte
1817 2550 2044 2619 (gaudet

461 2630 606 2694 enim
628 2624 848 2704 semper
879 2637 1317 2709 mu'ationibus)
1355 2657 1369 2704 ;
1401 2639 1535 2693 nihil
1569 2640 1694 2694 inde
1727 2643 1896 2694 ailunt
1954 2657 2046 2695 sa-

465 2727 664 2792 pnerit.
683 2726 860 2797 Atque
888 2745 1012 2783 cum
1047 2730 1266 2797 quidem
1285 2732 1458 2787 victor
1481 2743 1647 2798 esset,
1673 2734 1887 2789 alienus
1918 2745 2036 2791 erat

459 2835 494 2872 τι
537 2817 702 2881 fastu.
729 2823 821 2890 qui
843 2824 1326 2879 lmmanam‘vitam
1355 2825 1619 2896 Euripum
1643 2828 1810 2883 sciret
1838 2830 2050 2893 ;victns

463 2925 618 2976 vero,
648 2911 784 2966 nihil
810 2915 1048 2980 graviori
1078 2915 1234 2969 ruina
1261 2917 1612 2972 labascebat:
1643 2934 1706 2974 ac
1729 2921 1774 2975 si
1806 2921 1909 2985 vis,
1931 2933 2053 2979 erat

467 3001 731 3070 invictus,
762 3006 848 3060 cui
882 3007 1029 3061 nullo
1056 3007 1218 3062 modo
1243 3009 1460 3064 animus
1482 3009 1838 3064 adversorum
1867 3013 2053 3068 incur-

467 3096 623 3150 sione
656 3099 986 3154 consideret.
1037 3100 1204 3154 Porro
1246 3101 1440 3156 amicis
1492 3102 1538 3156 si
1580 3105 1799 3173 quando
1827 3107 2052 3164 mutatis

2144 1895 2387 1965 ῥᾳθυμίᾳ
2421 1912 2482 1948 τε
2537 1897 2701 1950 αὐτὸν
2728 1897 2830 1950 οὐκ
2863 1896 3202 1960 ἐκδεδωκὼς,
3233 1897 3262 1948 ό
3293 1895 3456 1958 αὐτὸς
3497 1895 3723 1965 μέτριός

2139 2003 2200 2038 τε
2259 1987 2353 2040 καὶ
2419 1989 2888 2060 μεγαλοπρεπής·
2942 1990 3260 2060 ἀνεπαχθὴς
3315 1989 3407 2041 καὶ
3451 1989 3722 2058 μηδαμῶς

2142 2078 2440 2148 ἀφόρητος,
2477 2080 2574 2134 καὶ
2596 2083 2779 2145 αὐτοῖς
2815 2084 2930 2145 τοῖς
2964 2082 3192 2152 ὠνητοῖς
3240 2081 3454 2144 δούλοις
3475 2098 3489 2113 ·
3524 2081 3720 2151 ἐμϐρι-

2144 2166 2244 2236 θὴς
2277 2168 2368 2226 καὶ
2400 2168 2566 2239 ἤπιος
2593 2185 2608 2200 ·
2645 2169 2998 2238 οἰκονομικός
3043 2187 3105 2223 τε
3158 2170 3252 2224 καὶ
3300 2169 3677 2240 μεγαλόψυχος
3701 2185 3719 2203 ·

2143 2259 2218 2320 ῶς
2252 2261 2349 2312 καὶ
2374 2261 2470 2328 τῆς
2505 2261 2721 2332 ἀγαθῆς
2749 2279 2876 2315 ποτε
2899 2262 3072 2332 τύχης
3102 2263 3560 2332 αὐτομολησάσης
3584 2261 3726 2330 πρὶς

2145 2352 2270 2412 τοὺς
2307 2353 2440 2419 ἡμῖν
2472 2354 2750 2416 ἐναντίους
2798 2355 2981 2422 (τοῦτο
3012 2354 3075 2424 δὴ
3123 2355 3183 2407 τὸ
3213 2354 3396 2426 ἐκείνῃ
3432 2353 3725 2422 σύνηθες),

2145 2440 2301 2506 οὗτος
2330 2443 2489 2506 αὐτὸς
2516 2445 2788 2511 ἄτρεπτος
2814 2441 2912 2517 ἦν⁴
2946 2445 3098 2516 αὐτῷ
3127 2446 3171 2499 δ’
3198 2445 3268 2499 αὖ
3313 2445 3727 2512 ἐπανελθούσης

2149 2534 2352 2602 (χαίρει
2407 2537 2516 2606 γὰρ
2561 2538 2650 2591 ἀεὶ
2699 2541 2819 2601 ταῖς
2872 2537 3218 2608 μεταϐολαῖς)
3270 2538 3524 2607 οὐδαμῶς
3579 2540 3728 2606 μέγα

2149 2627 2385 2698 φρονῶν.
2428 2629 2538 2682 Καὶ
2569 2632 2626 2700 ἐν
2687 2631 2787 2700 μὲν
2838 2631 3015 2694 νίκαις
3067 2632 3294 2700 ἄτυφος,
3352 2629 3578 2701 εὐριττον
3631 2630 3728 2681 τὸν

2152 2719 2266 2790 βίον
2303 2722 2696 2790 ἐπιστάμενος,
2762 2725 2956 2777 καὶτὸ
3011 2723 3206 2792 μέλλον
3271 2723 3489 2786 δεδιώς·
3562 2726 3617 2775 ἐν
3663 2723 3724 2775 δὲ

2151 2816 2348 2887 ἥτταις
2369 2793 2798 2884 νόικατάτιττωτος,
2835 2821 2884 2872 εἰ
2930 2819 2985 2872 δὲ
3019 2819 3227 2890 βούλει,
3285 2821 3382 2873 καὶ
3431 2822 3722 2890 ἀήττητος.

2153 2909 2228 2972 ὡς
2259 2910 2358 2978 τῆς
2379 2909 2558 2980 ψυχῆς
2582 2906 2639 2963 οἵ
2659 2911 2931 2981 μηδαμῶς
2979 2912 3471 2974 ὐποπεπτωκυίας.
3500 2911 3623 2974 Τοῖς
3668 2911 3728 2964 δὲ

2153 3000 2265 3053 τῶν
2307 3002 2478 3070 φίλων
2505 3001 2843 3072 εὐδαίμοσιν,
2893 3004 2941 3055 εἰ
2997 3002 3314 3072 δυστυχίαις
3377 3004 3578 3056 ἐκεῖνοι
3629 3020 3732 3056 πε-

2156 3086 2471 3162 πείρανται,
2497 3093 2683 3163 τηρῶν
2712 3094 2812 3165 τὴν
2851 3094 3080 3165 γνώμην
3113 3095 3412 3160 διετέλεσε,
3445 3094 3534 3146 τὸν
3563 3095 3728 3147 αὐτόν

468 3187 636 3242 rebus
668 3191 925 3257 iniquiori
954 3191 1171 3244 fortuna
1203 3201 1508 3258 uterentur,
1549 3195 1839 3262 pristinam
1885 3197 2047 3254 bene-

2156 3185 2214 3239 ἐν
2244 3185 2452 3239 ἅπασιν
2491 3186 2948 3256 ἐπιδεικνύμενος
2977 3187 3203 3257 τρόπον,
3235 3187 3349 3240 τῶν
3381 3189 3732 3257 πραγμάτιον

466 3279 762 3332 volentiam
801 3279 1068 3350 integram
1090 3282 1328 3346 volebat,
1349 3285 1570 3338 eosdem
1586 3289 1815 3342 omnino
1837 3305 2046 3360 mores,

471 3383 805 3440 quacunque
843 3387 1024 3425 rerum
1045 3374 1424 3430 vicissitudine
1440 3378 1758 3434 ostendens.
1777 3379 1888 3437 Nec
1909 3385 2052 3439 enim

471 3459 705 3516 Proteus
739 3463 866 3530 quis
903 3474 1042 3529 erat,
1078 3475 1135 3518 ut
1163 3481 1260 3532 pro
1299 3477 1601 3538 temporum
1631 3473 1780 3526 varia
1846 3475 2056 3531 ratione

473 3554 832 3610 mutationem
881 3557 1107 3613 subiret.
1143 3559 1378 3615 Noverat
1423 3571 1727 3634 temperare
1789 3569 2053 3633 remedia,

474 3661 538 3702 ac
554 3649 826 3702 contraria
846 3650 1139 3706 contrariis
1158 3653 1472 3708 emendare.
1494 3655 1729 3712 Noverat
1752 3659 1884 3712 nihil
1900 3659 1950 3713 in
1972 3677 2056 3715 re-

474 3739 579 3793 bus
606 3739 862 3796 humanis
901 3741 1117 3796 ﬁrmum
1143 3744 1474 3813 consistere,
1532 3763 1597 3802 ac
1654 3749 1933 3805 fortunam
1977 3752 2056 3804 vi-

484 3829 897 3887 :issitudinihus
915 3835 1158 3903 gaudere
1183 3853 1197 3889 :
1223 3848 1386 3907 atque
1423 3840 1588 3906 adeo,
1609 3855 1734 3895 cum
1755 3841 2055 3911 tranquillo

476 3917 615 3995 mari
646 3921 951 3990 navigaret,
982 3923 1255 3983 immanes
1299 3929 1656 4000 exspectabat
1716 3930 1940 3998 ﬂuctus,
1990 3947 2056 3988 ac

474 4008 750 4075 Cogilabal
777 4023 1180 4086 tempestatem,
1223 4036 1393 4093 seque
1414 4023 1529 4093 ipse
1571 4024 1638 4078 ad
1687 4025 2054 4080 turbationem

473 4115 814 4172 praeparans,
846 4123 970 4164 cum
1000 4111 1090 4167 illa
1114 4112 1429 4180 invasisset,
1455 4114 1886 4184 imperturbatus
1908 4123 2054 4172 erat.

471 4191 608 4248 Nam
637 4195 691 4249 in
724 4199 1164 4271 mediisquoque
1187 4207 1596 4260 adversantium
1621 4215 1906 4260 ventorum
1933 4217 2057 4260 tur-

471 4285 718 4353 binibus,
747 4304 812 4342 ac
831 4291 1118 4346 minitante
1140 4295 1402 4360 procella,
1430 4306 1488 4348 ut
1506 4297 1914 4364 quamprimum
1933 4311 2054 4348 om-

482 4377 615 4431 nino
639 4381 974 4447 praevaleret,
996 4383 1132 4436 nihil
1160 4392 1338 4438 tamen
1372 4385 1462 4438 ille
1486 4386 1730 4439 animmu
1749 4387 2054 4455 desponde-

475 4468 598 4533 bat;
628 4471 758 4536 quin
785 4473 1011 4562 multam
1042 4477 1489 4544 tranquillitatem
1520 4479 1810 4547 sperabat.
1845 4480 2056 4544 Quam-
2089 4508 2132 4562 ο

469 4554 666 4610 ὀιηνυηι
723 4559 932 4614 ferebat
987 4550 1194 4624 ornnia.
1260 4575 1318 4619 ut
1370 4567 1503 4619 nihil
1551 4567 1850 4632 abjectUm,
1917 4567 2055 4621 nihil

479 4648 768 4715 degeneris
791 4652 959 4706 animi
996 4655 1128 4708 vitio
1147 4659 1534 4722 connuitterel,
1561 4659 1639 4711 vel
1668 4661 1953 4728 cegitaret,
1976 4663 2058 4715 vel

480 4739 707 4792 diceret.
742 4739 906 4796 Nullo
931 4760 1112 4799 rerum
1153 4756 1295 4802 statu
1352 4751 1706 4818 supercilium
1752 4752 2056 4818 attollebat,

483 4846 546 4884 ac
575 4847 673 4896 nec
701 4835 925 4890 verbum
953 4839 1229 4908 iactantiae
1251 4843 1478 4906 protulit
1505 4861 1520 4910 ;
1561 4853 1729 4913 utque
1764 4846 1903 4900 alius
1935 4851 2060 4914 quis

483 4921 708 4975 meliora
742 4923 808 4977 de
833 4925 922 4978 illo
955 4927 1181 4993 diceret,
1233 4932 1597 4988 erubeSvehat
1643 4939 1854 4999 statim,
1904 4950 2057 4992 actu-

484 5021 709 5086 tumque
749 5029 1061 5077 sermon’em
1094 5025 1160 5080 ad
1184 5026 1292 5081 alia
1349 5031 1613 5084 vertebat.
1670 5030 1905 5086 Noverat
1948 5045 2057 5088 tota

483 5107 801 5166 sinceritate
829 5114 1048 5184 servare
1078 5117 1422 5189 dignitatem,
1450 5122 1799 5193 illazsnmque
1831 5127 2059 5180 omnino

482 5203 625 5256 tueri
661 5207 910 5262 ordinem
945 5226 961 5276 ;
989 5210 1124 5264 nihil
1161 5213 1594 5284 prazcipitantius
1627 5231 1808 5286 agere,
1841 5219 2060 5286 quodve

481 5308 864 5366 comparatum
897 5311 1043 5355 esset
1095 5303 1398 5358 molestiam
1452 5320 1683 5371 creare;
1715 5314 1942 5374 excepto
2001 5313 2061 5359 ut

481 5391 618 5449 utile
644 5408 803 5448 secus
852 5396 1128 5458 suaderet,
1157 5397 1299 5464 quod
1329 5397 1431 5451 sibi
1465 5413 1680 5465 semper
1710 5399 1854 5452 dulci
1905 5408 2059 5454 ante-

484 5489 798 5552 ponendum
853 5488 1009 5542 duxit
1040 5507 1055 5543 :
1081 5492 1215 5558 quin
1257 5490 1431 5558 magis
1463 5501 1678 5558 gratum
1715 5506 1775 5545 se
1805 5491 2058 5543 omnibus

485 5580 761 5641 aed-uatum
796 5581 1025 5634 miscere
1056 5596 1070 5643 ;
1101 5590 1330 5650 excepto
1363 5594 1421 5634 ut
1443 5583 1604 5651 lupus
1630 5583 1825 5650 aliquis
1847 5583 1898 5636 in
1926 5597 2058 5638 oves

487 5669 726 5732 irruens,
759 5669 878 5734 ejus
910 5670 1381 5725 studioareendus
1404 5684 1550 5725 esset
1583 5690 1596 5725 :
1633 5674 1822 5724 tardus
1852 5673 1917 5724 ad
1943 5671 2058 5725 vin-

484 5758 705 5820 dICtam,
727 5775 786 5812 ac
823 5776 1212 5829 nonnunquam
1241 5777 1464 5829 prorsus
1487 5764 1765 5826 oznittens,
1793 5780 1913 5816 cum
1948 5779 2057 5816 ma-

2158 3275 2461 3346 ἀνωμάλως
2505 3278 2848 3346 φερομένων.
2882 3278 3019 3332 Οὐδέ
3064 3279 3171 3346 γάρ
3220 3275 3288 3350 ἦν
3333 3297 3417 3342 τις
3468 3280 3735 3347 Πρωτεὺς

2154 3363 2386 3430 ἐκεῖνος,
2422 3368 2546 3428 ταῖς
2573 3367 2910 3435 μεταϐολαῖς
2945 3368 3055 3422 τῶν
3088 3369 3300 3439 καιρῶν
3335 3369 3742 3440 συμμεταϐάλ-

2154 3457 2263 3510 λων
2292 3458 2481 3512 αὐτόν.
2522 3459 2676 3530 ’ῌδει
2700 3461 3030 3530 κεραννύναι
3055 3462 3122 3514 τὰ
3153 3463 3448 3532 φάρμακα,
3509 3465 3604 3514 καὶ
3635 3465 3742 3514 τά-

2156 3549 2352 3604 ναντία
2386 3549 2742 3620 διορθοῦσθαι
2791 3557 2905 3617 τοῖς
2957 3554 3242 3616 ἐναντίοις.
3278 3555 3430 3626 ’ῌδει
3465 3555 3634 3622 μηδὲν
3676 3555 3742 3608 ὃν

2158 3640 2374 3710 βέϐαιον
2404 3642 2515 3694 τῶν
2545 3643 2911 3713 ἀνθρωπίνων
2953 3647 3321 3716 πραγμάτων,
3377 3647 3474 3700 καὶ
3508 3647 3609 3714 τὴν
3635 3647 3742 3700 τύ-

2155 3749 2259 3801 χην
2317 3732 2623 3804 χαίρουσαν
2679 3738 2800 3808 ταῖς
2834 3737 3212 3804 μεταϐολαῖς·
3269 3738 3364 3792 καὶ
3397 3738 3486 3792 διὰ
3536 3739 3740 3802 ταῦτα,

2137 3823 2432 3891 εὐπλοῶν,
2483 3827 2794 3897 προσεδόκα
2829 3828 2932 3896 μὲν
2970 3831 3272 3899 τρικυμίαν
3296 3845 3310 3860 ·
3367 3831 3643 3899 ἐλογίζετο
3681 3835 3741 3888 δὲ

2158 3916 2353 3988 ζάλην,
2384 3921 2480 3974 καὶ
2536 3920 2675 3990 πρὸς
2706 3922 2954 3991 ταραχὴν
2984 3922 3148 3975 αὐτὸν
3195 3923 3525 3993 ἐτοιμάζων,
3571 3929 3742 3981 ἐπελ-

2157 4011 2360 4079 θούσης
2392 4013 2493 4065 οὐκ
2518 4012 2871 4084 ἐταράττετο.
2920 4013 3080 4067 Ἐπεὶ
3109 4016 3212 4068 κάν
3263 4017 3458 4085 μέσαις
3505 4018 3742 4088 δυσηνεο

2162 4103 2338 4172 μίαις,
2365 4104 2746 4157 ἀπειλούντων
2777 4106 2886 4158 τῶν
2931 4105 3196 4175 κυμάτων
3230 4107 3604 4179 ὐπερσχήσειν
3640 4113 3742 4162 αὐ-

2156 4193 2285 4246 τίκα
2317 4195 2482 4263 μάλα,
2517 4187 2675 4258 οὗτος
2701 4196 2802 4248 οὐκ
2826 4198 3200 4264 ἀπηγόρευεν·
3231 4197 3349 4250 ἀλλ’
3374 4195 3444 4267 ἦν
3493 4201 3739 4264 ἐλπίζων

2161 4285 2366 4354 συχνὴν
2428 4287 2694 4355 γαλήνην.
2770 4287 2935 4341 Ὅθεν
2998 4291 3178 4344 πάντα
3235 4291 3336 4359 μὲν
3393 4291 3608 4363 ἔφερεν,
3670 4296 3738 4347 οὐ

2159 4376 2355 4442 ποιῶν,
2387 4377 2450 4429 οὐ
2498 4377 2872 4445 λογιζόμενος,
2934 4381 2996 4434 οὐ
3031 4381 3207 4448 λέγων
3255 4385 3516 4437 ταπεινὸν
3557 4385 3737 4450 οὐδὲν,

2159 4466 2281 4519 οὐδὲ
2343 4469 2590 4536 ἀγεννές.
2658 4469 2751 4524 Ἐν
2812 4472 2990 4525 οὐδενὶ
3013 4473 3071 4526 δέ
3100 4473 3200 4543 τὴν
3229 4475 3400 4545 ὀφρὺν
3423 4472 3580 4548 ἦρεν,
3612 4479 3740 4532 οὐδὲ

2163 4577 2213 4611 τι
2239 4560 2390 4630 ῥῆμα
2422 4562 2646 4630 κόμπου
2665 4565 3007 4634 προήνεγκεν
3025 4582 3041 4600 ·
3063 4567 3178 4619 ἀλλ’
3205 4569 3254 4620 εί
3277 4568 3374 4622 καὶ
3399 4570 3558 4633 ἄλλος
3581 4570 3742 4638 ἔλεγε
3767 4625 3769 4628 ,

2163 4649 2292 4721 περὶ
2337 4652 2506 4706 αὐτοῦ
2543 4653 2612 4706 τὰ
2640 4653 2859 4724 βελτίω,
2895 4657 2923 4708 ό
2973 4657 3016 4708 δ’
3048 4657 3293 4730 ἠρυθρία
3325 4676 3384 4713 τε
3431 4661 3614 4723 εὐθὺς,
3649 4664 3744 4715 καὶ

2167 4743 2495 4812 μετέϐαλλεν
2530 4745 2786 4814 ἐπίτηδες
2812 4745 2906 4798 τὸν
2959 4746 3120 4814 λόγον
3169 4750 3254 4816 ἐφ’
3303 4749 3485 4821 ἕτερα.
3539 4753 3742 4822 Τηρείν

2166 4833 2266 4901 μὲν
2302 4833 2443 4901 ἔγνω
2486 4836 2545 4887 τὸ
2581 4837 2768 4905 σχῆμα
2829 4836 2973 4905 μάλα
3030 4839 3294 4907 γνησίως·
3335 4841 3631 4907 φυλάττειν
3682 4845 3743 4896 δὲ

2163 4926 2262 4994 τὴν
2291 4927 2445 4991 τάξιν
2474 4927 2782 4998 ἄθραυστον
2811 4929 2971 4992 ὅλως·
3012 4930 3183 5000 μηδὲν
3237 4933 3518 5002 προπετὲς
3561 4936 3746 5002 πράτ-

2162 5032 2296 5082 τειν,
2327 5019 2496 5090 μηδὲν
2525 5021 2634 5074 τῶν
2668 5022 2826 5093 ἀνιᾷν
2849 5022 3200 5090 πεφυκότων,
3229 5024 3278 5076 εί
3312 5025 3390 5095 μὴ
3427 5025 3563 5094 πρὸς
3594 5041 3744 5093 συμ-

2164 5107 2331 5174 φέρον
2385 5107 2657 5179 ὑπῆρχεν·
2707 5109 2738 5162 ὃ
2790 5124 2855 5178 γε
2904 5109 3014 5163 τῶν
3073 5109 3244 5181 ἡδέων
3273 5111 3362 5164 ἀεὶ
3417 5110 3741 5181 προύτίθεις

2165 5195 2304 5249 ἀλλὰ
2331 5183 2588 5266 μιγνύναι
2620 5200 2787 5253 πᾶσιν
2819 5199 2982 5254 αὑτὸν
3031 5201 3265 5269 ἄλυπον,
3323 5203 3372 5254 εἰ
3406 5201 3482 5271 μή
3509 5218 3593 5263 τις
3646 5202 3744 5254 ὐπ’

2164 5291 2380 5345 ἐκείνου
2442 5292 2705 5361 ποιμένος
2759 5293 3111 5361 ὰπεσοϐεἶτο,
3145 5293 3311 5357 λύκος
3359 5296 3454 5347 ἐπὶ
3502 5294 3746 5365 ποίμνην

2166 5385 2463 5452 ἁλλόμενος
2489 5401 2503 5414 ·
2536 5387 2695 5454 δίκην
2736 5387 2835 5456 μὲν
2869 5387 3116 5458 βραδέως
3143 5388 3467 5460 λαμϐάνειν,
3503 5390 3598 5441 καί
3633 5409 3744 5444 που

2167 5475 2263 5529 καὶ
2285 5477 2675 5548 παραδραμεῖν
2705 5478 2862 5544 δόξαν
2892 5478 3140 5548 ἄμεινον.
3168 5482 3280 5535 Καὶ
3331 5481 3440 5550 γὰρ
3462 5476 3530 5549 ἦν
3568 5481 3745 5547 δήπου

2164 5571 2301 5640 πρὸς
2325 5572 2396 5624 τά
2419 5573 2647 5626 τοιαῦτα
2678 5574 2888 5645 νωθρός
2908 5592 2992 5635 τις
3018 5574 3158 5642 ἄγαν
3184 5591 3198 5606 ·
3233 5574 3369 5640 πρὸς
3394 5573 3454 5626 δὲ
3500 5571 3570 5625 τὰ
3607 5575 3746 5644 βρα-

2159 5666 2290 5724 ϐεῖα
2327 5665 2608 5735 παρέχειν,
2629 5665 2725 5718 καὶ
2749 5666 2887 5735 πρὸς
2919 5665 3129 5728 πάντας
3165 5664 3575 5736 ἐλευθερώῗητι
3604 5665 3747 5734 χρῆ-

2171 5757 2316 5821 σθαι,
2351 5757 2633 5820 παντελῶς
2681 5758 3005 5823 ἀκάθεκτος,
3042 5756 3252 5821 Νεῖλος,
3289 5756 3538 5831 ἅπαντας
3563 5755 3744 5823 ἄρδων
