4024 6210
247 303 344 367 193

1026 302 1427 365 TllEODORi
1472 306 1830 368 DESPOTJE
1869 308 2263 371 LAUDATIO
2296 309 2705 371 FUNEBRIS.

3408 312 3513 376 194

242 424 353 486 τοῖς
382 420 521 490 παρ’
542 420 742 475 ἑαυτοῦ
771 419 1033 491 νάμασιν.
1086 423 1247 495 ’ῌδει
1281 422 1360 494 τῷ
1395 426 1546 497 μέσῳ
1584 426 1696 479 τῶν
1727 444 1826 482 κα-

1943 428 2012 497 gis
2037 443 2067 482 e
2099 444 2158 482 re
2186 429 2366 483 visum
2397 438 2541 483 esset
2564 448 2578 495 ;
2599 430 2799 499 quippe
2824 436 2941 483 erat
2964 428 3019 482 in
3052 426 3321 513 ejusmodi
3355 430 3514 486 valde

241 514 349 568 λῶν
371 515 563 585 ἄκρως
590 514 888 581 τυγχάνειν
906 530 920 546 ·
948 514 1049 579 τὰς
1095 514 1154 569 δὲ
1186 514 1521 588 ἀκρότητας
1559 517 1632 588 μὴ
1662 534 1834 587 προσ-

249 604 488 670 ίεσθαιέ
550 605 815 659 ταυταισὶ
844 607 955 675 γάρ
1007 606 1281 677 δήπουθεν
1332 606 1583 662 κίνδυνον
1635 609 1831 678 μυρίον

246 696 654 767 ἀνηρτημένον.
713 697 939 765 Ἧγάπα
1010 699 1390 770 τετριμμένην
1464 698 1717 769 βαδίζων,
1770 700 1832 755 τδ

246 785 495 855 ἀσφαλὲς
524 787 585 839 ὲν
616 784 798 841 άπασι
822 786 1007 856 ζητῶν
1064 786 1349 848 κινδύνους
1400 788 1459 842 δὲ
1491 790 1692 859 ῥᾳδίως
1720 789 1834 864 ὲδέ-

248 895 395 949 χετο,
423 880 488 933 ού
513 879 758 933 πάντοτε
807 880 907 932 καὶ
967 880 1182 945 πάντας
1237 880 1428 944 ἁπλῶς
1459 898 1477 914 ο
1508 885 1664 938 τουτὶ
1719 887 1832 954 γὰρ

250 973 637 1046 παραπληγων
688 972 1000 1045 ἀνθρώπων
1034 974 1100 1028 ἂν
1136 974 1224 1045 είη
1249 990 1267 1009 ·
1300 976 1416 1029 ἀλλ’
1463 976 1554 1031 ὅτε
1604 973 1832 1039 τούτους

251 1067 346 1120 οὐκ
375 1065 509 1138 ἔξῆν
545 1067 687 1136 μετὰ
719 1066 818 1121 τοῦ
872 1065 1067 1133 καλοῦ,
1101 1068 1200 1121 καὶ
1232 1066 1330 1121 τοῦ
1358 1068 1688 1139 γιγνομένου
1716 1067 1835 1122 δια-

253 1158 470 1225 φυγεῖν.
522 1158 814 1225 Ἐπιεικής
859 1174 947 1221 τις
979 1157 1124 1226 άγαν
1177 1153 1282 1228 ἧν;
1342 1154 1518 1233 οὗτος
1570 1158 1628 1211 δὲ
1657 1157 1711 1211 τί
1767 1159 1830 1211 οὐ

257 1247 395 1315 μετά
418 1247 628 1317 πολλῆς
648 1250 749 1317 τῆς
779 1248 1129 1319 ὑπερϐολῆς;
1157 1248 1345 1319 Θυμοῦ
1367 1248 1590 1320 κρατῶν
1614 1246 1829 1319 ἔτερος;

257 1339 361 1392 Καὶ
412 1338 528 1410 μὴν
556 1341 614 1392 ιν
637 1339 817 1410 τούτῳ
856 1339 1341 1413 φιλοτιμησόμεθα
1402 1342 1624 1410 μᾶλλον,
1672 1345 1833 1414 εἰπερ

232 1448 334 1492 τις
357 1431 523 1494 ἄλλος
550 1430 883 1503 ἀνθρώπων.
938 1431 1163 1486 Γλῶττα
1206 1432 1426 1496 πολλοῖς
1457 1435 1555 1505 μὲν
1606 1436 1834 1505 γέγονεν

256 1521 459 1592 ἀγαθὴ,
484 1521 669 1592 τούτῳ
696 1522 755 1575 δὲ
783 1523 861 1586 ὡς
887 1522 1150 1593 μάλιστα.
1187 1523 1267 1577 Οὐ
1319 1524 1432 1596 γὰρ
1460 1521 1530 1597 ἦν
1576 1526 1832 1584 ἀπειθεῖν

256 1612 639 1683 φθεγγομένῳ.
696 1612 935 1684 Ἦμέρου
981 1614 1076 1667 καὶ
1133 1612 1213 1686 τῷ
1265 1616 1587 1685 μειδιάματι
1631 1616 1832 1680 ἀδίκως

260 1705 639 1776 ἀγριαίνοντα.
672 1707 753 1778 Τῇ
780 1705 839 1759 δὲ
868 1709 969 1777 τῆς
998 1705 1247 1777 γλώττης
1269 1707 1499 1779 δυνάμει
1550 1709 1833 1781 χρησάμε-

1934 521 2460 590 segnis;erogandis
2489 537 2618 581 vero
2639 521 2881 589 praemiis
2916 536 2981 575 ac
3006 522 3344 590 ingenuitate
3376 523 3517 576 inci-

1936 612 2101 663 tutior
2124 621 2264 675 erat,
2282 627 2384 665 nec
2401 613 2629 665 omnino
2649 612 2820 666 teneri
2842 612 3050 679 valens,
3072 612 3174 667 Nili
3203 614 3376 669 instar
3392 615 3515 669 suis

1934 703 2224 759 universos
2278 703 2501 759 ﬂuentis
2527 704 2761 758 ubertim
2781 704 3038 774 irrigans.
3056 703 3275 760 Sciebat
3304 706 3511 771 medio,

1932 805 2178 852 extreme
2210 810 2275 850 ac
2307 811 2524 851 summe
2554 796 2775 865 assequi
2824 795 2965 850 bona
2990 812 3006 857 ;
3032 810 3133 851 nec
3186 805 3368 851 tamen
3416 799 3514 853 διι-

1934 890 2469 952 mittebatextrema,
2497 889 2698 957 quibus
2721 890 3012 944 innumera
3032 890 3278 959 pericula
3305 892 3512 948 hairere

1934 981 2120 1036 sciret.
2154 979 2376 1035 Lubens
2410 980 2706 1036 incedebat
2736 981 2922 1034 tritam
2946 981 3116 1044 viam.
3152 996 3405 1052 quaerens
3452 986 3511 1040 in

1933 1070 2190 1125 omnibus
2221 1071 2364 1139 quod
2390 1079 2567 1125 tutum
2606 1077 2792 1126 esset:
2821 1070 3063 1140 pericula
3113 1079 3296 1125 tamen
3340 1072 3516 1129 facilis

1932 1163 2161 1229 adibat;
2190 1171 2245 1217 at
2276 1177 2384 1217 non
2427 1177 2665 1232 semper,
2726 1178 2827 1218 nec
2884 1163 3207 1233 simpliciter
3260 1165 3446 1220 omnia
3494 1181 3514 1218 :
3564 1212 3575 1221 .

1933 1256 2133 1327 quippe
2147 1271 2271 1324 quae
2293 1270 2382 1311 res
2400 1256 2720 1310 temerarios
2735 1270 2798 1309 ac
2814 1256 3052 1311 audaces
3076 1257 3264 1311 deceat
3280 1257 3400 1313 :sed
3424 1258 3518 1313 ubi

1934 1364 2060 1404 cum
2097 1348 2324 1411 decoro,
2350 1363 2414 1401 ac
2446 1364 2542 1417 per
2572 1348 2923 1404 occasionem
2958 1350 3132 1404 vitare
3160 1365 3269 1405 non
3304 1352 3515 1412 liceret.

1932 1440 2191 1498 Ullumne
2221 1442 2378 1496 valde
2396 1440 2706 1497 modestum
2727 1441 2921 1495 dicas?
2946 1439 3045 1495 Hic
3069 1455 3200 1495 vero
3223 1442 3353 1511 quid
3406 1458 3514 1496 non

1936 1536 2109 1590 multo
2144 1549 2376 1589 excessu
2411 1550 2472 1589 ea
2501 1542 2657 1604 parte
2682 1534 2875 1587 habuit
2905 1533 2929 1588 ἳ
2955 1534 3212 1587 Aliumne
3248 1534 3344 1588 ira:
3359 1549 3524 1591 com-A

1937 1626 2157 1696 potenti
2187 1628 2239 1679 in
2256 1640 2324 1680 eo
2343 1624 2583 1679 maxime
2604 1639 2766 1693 supra
2792 1626 3020 1693 quosvis
3036 1624 3294 1679 mortales
3316 1638 3514 1693 possu-

1939 1728 2062 1770 mus
2094 1715 2339 1783 gloriari.
2394 1712 2522 1768 Fuit
2569 1714 2757 1768 multis
2813 1714 3074 1783 praeclara
3135 1714 3314 1783 lingua
3345 1713 3517 1767 ihuic

257 1814 362 1860 νος,
393 1798 701 1866 μετέϐαλεν
733 1797 802 1852 ἃν
847 1799 929 1862 είς
983 1778 1523 1870 φιλανθρωπίανκαὶ
1698 1800 1837 1855 Σκυ-

1943 1778 2121 1870 quamv
2137 1805 2398 1860 maxime.
2425 1804 2596 1860 Tanta
2627 1778 2902 1875 siquidem
2945 1804 3187 1873 pollebat
3218 1778 3517 1858 vsermonis

258 1889 363 1941 θῶν
392 1891 661 1959 ὡμότητα
686 1889 786 1962 τὴν
811 1890 1049 1962 πολλήν·
1083 1886 1153 1963 ἦν
1179 1892 1291 1963 γὰρ
1329 1893 1544 1956 ἀστεῖος
1566 1907 1583 1925 θ
1613 1887 1683 1963 ἦν
1713 1893 1836 1963 ἥδι-

257 1996 404 2046 στος,
440 1982 747 2053 προσηνὴς,
798 1981 1091 2053 μειλίχιος,
1123 1984 1330 2046 πάσαις
1358 1985 1478 2047 ταῖς
1524 1985 1717 2055 χάρισι
1741 2000 1836 2037 κε-

254 2073 571 2142 κραμένος·
608 2074 732 2137 ὅλος
764 2071 888 2145 ’μὲν
938 2072 1215 2145 εὒτορνος,
1272 2074 1350 2137 ὡς
1407 2074 1534 2145 μηδ’
1586 2073 1836 2145 ἡντινοῦν

195 2167 216 2182 ⁵
263 2165 532 2234 παρέχειν
552 2164 727 2234 λαϐὴν
769 2167 849 2228 είς
875 2165 1105 2237 μῶμον·
1142 2167 1264 2231 ὅλος
1316 2168 1373 2221 δὲ
1409 2164 1681 2233 εὖληπτος
1721 2169 1835 2231 τοῖς

260 2256 425 2308 αὐτὸν
457 2255 646 2311 λαϐεῖν
673 2255 953 2310 ἔθελουσιν
982 2257 1066 2320 είς
1089 2256 1387 2327 οίκοδομὴν
1423 2256 1609 2309 καλῶν
1630 2258 1834 2328 ἔργων.

269 2349 496 2417 Ἦγεῖτο
516 2349 625 2421 γὰρ
656 2345 891 2423 πρέπειν
910 2338 1075 2423 αὐτῷ
1103 2354 1217 2417 τοῖς
1244 2353 1344 2422 μὲν
1385 2350 1686 2417 κακοήθεσι
1740 2351 1838 2405 καὶ

259 2440 730 2510 διεστραμμένοις
754 2440 1072 2511 ἀνθρώποις
1111 2438 1397 2502 παντελῶς
1431 2437 1738 2509 ἀχείρωτος
1758 2431 1838 2489 si-

261 2553 369 2602 ναι,
395 2535 637 2606 εύχερὴς
670 2536 728 2589 δὲ
757 2534 1013 2604 ἀγαθοῖς,
1036 2534 1119 2598 είς
1139 2534 1167 2588 ὃ
1185 2551 1239 2588 τι
1275 2533 1343 2587 ἂν
1369 2532 1525 2586 αὐτοὶ
1557 2529 1833 2585 νεύσαιεν.

259 2628 369 2682 Καὶ
403 2626 517 2697 μὴν
550 2625 662 2679 τῶν
693 2629 1127 2695 συμπιπτόντων
1156 2623 1323 2696 αὐτῷ
1350 2623 1543 2679 δεινῶν
1571 2641 1586 2656 ·
1621 2622 1836 2677 πολλῶν

257 2719 299 2771 δ’
328 2719 500 2784 αὒτδς
527 2719 869 2790 πεπείραται
890 2720 990 2773 καὶ
1034 2719 1325 2791 μεγάλωνο
1349 2719 1465 2782 τοῖς
1508 2717 1620 2789 γὰρ
1680 2715 1841 2787 μεγί-

260 2826 409 2873 στοις
466 2809 709 2880 μάλιστα
755 2812 790 2882 ἢ
838 2809 1114 2881 βάσανοςο
1147 2810 1417 2881 κρείττων
1460 2809 1522 2863 ού
1584 2806 1838 2878 σμικρῶς

259 2899 414 2971 ὤφθη
438 2916 457 2935 ⁸
513 2902 626 2956 τῶν
705 2901 764 2956 δὲ
831 2904 1044 2974 καιρῶν
1099 2900 1635 2975 μεταϐαλλομένων,
1693 2899 1841 2950 ἔκεῖ-

259 3007 350 3054 νος
403 2991 433 3044 ὀ
494 2989 660 3055 αὐτὸς
708 2991 904 3063 ἔμενεν
956 3007 974 3026 ο
1040 2992 1069 3046 δ
1123 2991 1187 3063 δὴ
1244 2992 1471 3047 σπάνιον
1524 2990 1582 3044 ἔν
1621 2986 1837 3060 ἀνθρώ-

260 3099 403 3147 ποις.

1934 1897 2219 1964 facultate,
2255 1905 2318 1951 ιιι
2342 1898 2613 1951 omnesiu
2642 1896 2970 1951 sententiam
3011 1911 3166 1949 suam
3211 1910 3378 1950 orans
3420 1911 3519 1952 co-
3607 1964 3615 1977 ν

1935 1998 2105 2059 geret.
2126 1986 2224 2044 Vel
2256 1990 2436 2044 solum
2461 1989 2654 2044 leniter
2674 1989 2880 2050 ridens,
2912 1987 3112 2056 injuste
3134 1998 3515 2056 exasperatum

1938 2082 2183 2140 sedabat.
2201 2082 2307 2139 Ubi
2322 2093 2501 2138 autem
2516 2082 2712 2151 lingua:
2729 2083 2779 2136 vi
2799 2089 3063 2152 uteretur,
3086 2086 3165 2140 vel
3190 2083 3515 2151 Scytharum

1938 2174 2165 2229 multam
2196 2172 2494 2237 feritatem,
2527 2173 2581 2226 in
2613 2174 2868 2228 humanis
2900 2175 3180 2243 proximos
3204 2176 3430 2231 affectus
3452 2191 3519 2231 ac

1938 2265 2332 2335 benignitatem
2391 2266 2661 2320 mutabat.
2711 2265 2841 2320 Erat
2885 2266 3030 2321 enim
3079 2270 3327 2323 urbanus
3359 2276 3514 2333 ;erat

1937 2354 2319 2417 dulcissimus,
2343 2361 2686 2418 mansuetus,
2716 2353 2971 2416 blandus,
3015 2355 3272 2411 omnibus
3324 2356 3517 2425 gratiis

1938 2455 2294 2516 temperatus.
2314 2447 2440 2502 Erat
2467 2458 2611 2503 totus
2634 2455 2795 2507 toruo
2824 2445 3023 2511 facilis,
3051 2457 3109 2503 ut
3143 2465 3209 2502 nc
3255 2464 3363 2519 qua
3383 2464 3517 2504 ansa

1940 2539 2009 2593 ad
2048 2540 2257 2595 crimen
2287 2549 2496 2611 pateret
2527 2557 2542 2607 ;
2570 2550 2829 2609 totusque
2860 2540 3001 2595 idem
3028 2544 3304 2609 prehensu
3335 2540 3525 2595 facilis“

1941 2638 2079 2695 erat,
2108 2639 2167 2684 ut
2199 2631 2320 2700 quis
2348 2631 2414 2686 ad
2437 2629 2859 2686 aedificationem
2916 2631 3185 2684 bonorum
3236 2632 3398 2687 vellet
3440 2640 3518 2695 te:

1939 2735 2090 2777 nere.
2123 2719 2238 2774 lioc
2259 2719 2463 2790 quippe
2489 2720 2591 2773 sibi
2625 2734 2929 2789 congruum
2966 2721 3274 2787 reputabat,
3309 2733 3370 2776 ut
3400 2737 3516 2776 ma-

1940 2809 2102 2877 lignis
2124 2810 2505 2878 perversisque
2541 2809 2855 2862 hominibus
2897 2811 3124 2866 omnino
3173 2826 3231 2866 se
3273 2812 3518 2880 irrepre-

1942 2895 2261 2950 hensihiiem
2316 2904 2579 2962 servaret,
2606 2895 2890 2967 [bonisque
2936 2898 3293 2955 nihilominus
3341 2900 3518 2956 facilis

1938 2988 2249 3051 exsisteret,
2282 3002 2348 3042 ac
2390 2987 2719 3058 indulgeret,
2772 3002 3104 3058 quocunque
3159 2991 3382 3045 tandem
3433 2990 3515 3045 illi

1942 3079 2330 3134 inclinassent.
2383 3076 2628 3145 Denique
2677 3077 3060 3148 ingruentibus
3111 3078 3293 3143 malis,
3346 3080 3517 3135 multa

261 3194 426 3247 porro
449 3180 565 3247 ille,
594 3196 659 3238 ac
679 3182 864 3254 gravia
883 3181 1272 3252 tulit;quippe
1296 3179 1563 3234 maximos
1620 3176 1859 3232 maxime
1884 3174 2040 3231 decet
2093 3174 2344 3243 probatio
2406 3192 2420 3229 :
2464 3173 2610 3229 haud
2663 3189 2723 3228 se
2762 3174 3110 3229 mediocriter
3176 3174 3515 3245 superiorem

262 3277 529 3343 ostendit,
555 3293 784 3349 cumque
813 3286 1056 3349 tempora
1100 3285 1468 3344 mutarentur,
1522 3275 1643 3345 ipse
1691 3273 2046 3328 nihilominus
2076 3271 2218 3326 idem
2243 3271 2345 3326 sibi
2384 3280 2538 3337 erat;
2589 3270 2747 3342 quod.
2771 3270 2932 3341 plane
2980 3285 3166 3327 rarum
3225 3272 3280 3327 iu
3322 3273 3519 3328 huma-

264 3375 346 3429 uis
396 3376 640 3431 accidat.

330 3471 441 3524 Τὸν
493 3472 671 3544 ἄνδρα
698 3471 881 3526 τοίνυν
914 3470 1124 3537 τοῦτον,
1174 3471 1299 3541 ἐμοὶ
1325 3471 1529 3536 δοκεῖν,
1564 3468 1623 3536 ὃς
1656 3466 1723 3523 ἂν
1747 3469 1839 3521 άν-

2022 3459 2091 3516 Ut
2125 3459 2250 3529 quis
2284 3471 2418 3528 ergo
2450 3455 2938 3525 incomparabilem
2965 3455 3121 3511 illum
3170 3463 3387 3526 spectet
3421 3457 3521 3511 bo.

263 3564 494 3636 δριάντα
534 3566 693 3637 φαίη,
726 3565 785 3632 ἐξ
812 3566 1119 3637 ἀδάμαντος
1167 3563 1564 3635 ἀπεξεσμὲνον,
1621 3563 1724 3617 οὐκ
1762 3561 1828 3615 ἂν

269 3657 533 3730 ἁμάρτοι,
565 3658 786 3730 ἀφορῶν
819 3658 901 3722 είς
932 3658 996 3711 τὸ
1050 3657 1161 3711 τῶν
1193 3655 1380 3715 καλῶν
1424 3654 1835 3725 άπαράϐλητον.

150 3803 161 3809 ,
270 3751 391 3804 Ὅτι
429 3751 487 3804 δὲ
520 3751 768 3813 τοιοῦτος
788 3746 857 3823 ἦν
891 3745 1006 3804 οἷον
1030 3751 1059 3803 ὁ
1084 3749 1245 3818 λόγος
1276 3750 1409 3820 ύμῖν
1456 3747 1629 3812 ἔδειξε
1652 3787 1668 3813 ,
1702 3747 1840 3818 μᾶλ·

268 3841 360 3895 λον
386 3843 431 3895 δ’
462 3844 539 3907 ὠς
575 3843 676 3896 οὐκ
716 3838 787 3917 ἦν
816 3841 1083 3907 τοιοῦτος,
1114 3841 1255 3895 ἀλλὰ
1278 3841 1375 3895 καὶ
1411 3837 1550 3892 πολὺ
1585 3834 1835 3907 βελτίων,

269 3934 432 3998 αὐτὸς
462 3936 671 3997 ἐκεῖνος
704 3933 1010 3999 ἀπέδειξεν,
1071 3927 1151 3996 οἷς
1207 3947 1268 3984 τε
1319 3928 1612 4001 ἔπραττεν,
1642 3922 1726 3991 οἷς
1779 3942 1840 3979 τε

268 4021 432 4095 ἔφερε
487 4024 578 4077 διὰ
636 4022 758 4094 βίου
811 4022 999 4093 σχεδδν
1058 4019 1260 4084 παντός
1284 4034 1300 4052 ο
1367 4018 1571 4090 μᾶλλον
1628 4016 1708 4083 δὲ,
1758 4010 1841 4078 οἷς

273 4117 512 4188 ἔπραττε
533 4116 629 4170 καὶ
661 4117 718 4169 ἔν
736 4114 814 4186 τῷ
842 4115 1075 4186 πάσχειν
1096 4129 1113 4145 ⁸
1142 4114 1240 4177 καὶ
1269 4112 1427 4177 αὗθις
1454 4105 1536 4176 οἷς
1576 4109 1843 4180 ὑφίστατο

276 4210 369 4262 καὶ
399 4211 456 4262 ὲν
485 4207 638 4278 αύτῷ
668 4207 748 4278 τῷ
804 4209 1094 4278 πράττειν.
1129 4206 1268 4261 Οὐδέ
1303 4204 1429 4275 ,γάρ
1479 4203 1676 4276 ἠμέλει
1710 4199 1843 4264 ,τῶν

276 4299 501 4354 δεόντων
529 4301 792 4355 οὐδέποτε
814 4318 829 4333 ο
862 4300 973 4354 οὐδ’
1008 4298 1165 4371 ὤφθη
1196 4298 1261 4368 γέ
1317 4314 1450 4352 ποτε
1479 4311 1845 4351 καταπεπτω-

276 4391 386 4456 κὼς
443 4395 538 4447 ὑπ’
592 4392 832 4463 ἀθυμίας
896 4393 1162 4464 ἀμέτρου,
1221 4391 1317 4445 καὶ
1353 4389 1545 4460 φόϐου,
1601 4385 1698 4441 καὶ
1734 4386 1845 4438 τῶν

278 4486 531 4539 τοιούτων
554 4503 577 4541 η·
613 4486 731 4540 ἀλλ’
752 4486 874 4539 οὐδὲ
907 4487 1035 4548 τοὺς
1089 4483 1391 4554 λογισμοὺς
1451 4477 1845 4550 διακεχυμένος

281 4578 374 4630 ἐπὶ
397 4579 549 4645 πολὺ,
581 4578 696 4633 οἶδε’
721 4581 778 4631 ὲν
814 4578 1126 4648 εὐθυμίαις,
1161 4574 1276 4629 οὔτ’
1333 4575 1392 4627 ἔν
1450 4573 1686 4643 ἑορταῖς,
1746 4569 1848 4623 οὐκ

281 4671 339 4723 ἔν
372 4672 633 4738 παιδιαῖς,
663 4672 765 4724 οὐκ
795 4672 852 4725 ὲν
883 4672 1049 4742 θήρᾳ,
1097 4669 1199 4723 οὐκ
1221 4669 1280 4723 ἔν
1316 4667 1496 4721 οὐδενὶ
1526 4667 1637 4719 τῶν
1673 4662 1849 4718 τοιού-

285 4778 413 4816 των.
443 4764 564 4816 Οὐδ’
588 4757 662 4832 ἦν
712 4762 882 4834 ἀργὸς
904 4763 963 4813 ἐν
1000 4762 1115 4822 τοῖς
1144 4759 1363 4829 καιροῖς
1386 4757 1500 4820 τοῖς
1528 4751 1849 4827 χαλεπωτά-

1944 3566 2140 3609 norum
2175 3550 2456 3611 decorem,
2495 3547 2641 3602 haud
2677 3556 2808 3617 puto
2839 3548 2871 3603 a‘
2902 3550 3132 3603 veritate
3175 3562 3389 3611 errans,
3415 3561 3515 3618 po-

1945 3644 2093 3699 iitam
2132 3656 2200 3697 ex
2235 3640 2526 3695 adamante
2548 3646 2810 3705 statuam,
2846 3639 3507 3707 subjectumargumento

1944 3735 2124 3789 virum
2156 3744 2474 3799 nuncupare
2505 3728 2697 3799 possit.
2715 3726 2788 3782 Ut
2820 3743 2986 3796 porro
3024 3727 3150 3782 talis
3171 3727 3356 3793 fuerit,
3376 3741 3517 3796 qua-

1944 3827 2052 3882 lem
2082 3823 2240 3880 vobis
2267 3835 2470 3881 .sermo
2506 3819 2752 3876 ostendit
2789 3835 2804 3873 :
2839 3820 2972 3882 imo,
3019 3828 3080 3873 ut
3114 3818 3313 3874 nedum
3368 3819 3517 3885 talis,

1962 3915 2056 3988 sed
2088 3923 2142 3971 et
2175 3915 2337 3984 longe
2363 3910 2711 3983 prastantior
2744 3908 2913 3964 fuerit
2946 3927 2962 3975 ;
2993 3908 3133 3963 idem
3162 3909 3275 3978 ipse
3305 3908 3521 3979 liquido

1947 4007 2218 4079 probavit,
2253 4016 2370 4060 tum
2406 4006 2476 4060 iis
2508 4018 2631 4075 quae
2663 4004 2794 4073 egit,
2835 4011 2949 4056 tum
2986 4016 3107 4070 quae
3129 4007 3236 4054 tota
3263 4000 3377 4056 fere
3408 3989 3518 4054 vita
3564 4032 3569 4035 -

1950 4099 2091 4155 mala
2108 4097 2369 4154 sustinuit
2392 4112 2408 4160 ;
2427 4105 2592 4165 atque
2612 4095 2749 4161 adeo
2765 4093 2831 4147 iis
2847 4107 2970 4163 quae
2990 4091 3102 4162 egit
3120 4092 3518 4160 'perpetiendo,

1950 4204 2185 4262 qumque
2215 4189 2414 4244 iterum
2443 4188 2611 4243 etiam
2640 4184 2852 4256 agendo
2884 4197 3179 4254 perpessus
3209 4181 3330 4236 fuit.
3364 4181 3517 4235 Nun-

1951 4298 2116 4356 quam
2148 4281 2294 4337 enim
2338 4278 2605 4352 quidquid
2640 4275 2933 4333 accidisset
2993 4274 3138 4344 quod
3169 4286 3349 4343 (ime
3395 4287 3521 4342 pre-

1951 4379 2087 4434 tium
2118 4383 2257 4441 erat,
2285 4374 2525 4445 neglexit
2558 4372 2579 4439 ;'
2617 4387 2719 4427 nec
2774 4366 3020 4439 unquam
3085 4366 3313 4420 omnino
3368 4368 3521 4420 visus

1951 4480 2037 4526 est
2066 4469 2250 4525 animo
2305 4465 2647 4531 concidisse,
2701 4452 2968 4519 obru'eute
3022 4457 3276 4514 maestitia
3326 4458 3518 4523 nimia,

1952 4572 2046 4618 aut
2074 4572 2245 4628 metu,
2274 4560 2452 4615 aliove
2481 4555 2752 4628 ejusmodi
2787 4572 2801 4609 :
2827 4561 2884 4608 at
2914 4567 3097 4622 neque
3133 4550 3304 4606 effuso
3333 4551 3523 4605 admu-

1954 4655 2083 4710 dum
2123 4653 2329 4714 animo,
2378 4665 2502 4705 cum
2543 4650 2707 4703 etiam
2744 4644 3043 4716 jucundior
3096 4642 3396 4706 videretur,
3436 4642 3523 4696 vel

1955 4753 2246 4816 agerentur
2275 4741 2401 4798 festi
2429 4750 2734 4797 conventus
2763 4754 2779 4805 ;
2810 4753 2918 4791 non
2968 4737 3025 4791 in
3078 4734 3245 4798 ludis,
3280 4750 3390 4790 non
3434 4748 3524 4790 ve-

281 4867 419 4919 τοις,
446 4858 539 4910 καὶ
597 4821 953 4925 σκυθρωποῖς
994 4821 1107 4906 τισι
1153 4821 1839 4923 πράγμασινοηοΰμενουν

1951 4838 2173 4891 natione
2225 4844 2409 4900 utens,
2455 4824 2588 4886 uon‘
2623 4846 2683 4885 re
2721 4830 2830 4885 ulla
2881 4828 3173 4900 ejusmodi.
3223 4827 3292 4882 At
3348 4842 3525 4897 neque

287 4946 396 4999 ούδ’
425 4950 481 5002 ὲν
511 4947 664 5017 αὐτῷ
701 4946 780 5016 τῷ
812 4946 959 5016 μάλα
993 4946 1196 5011 νοσεῖν,
1229 4944 1304 5006 ὡς
1331 4943 1499 5014 μηδὲν
1530 4940 1622 4996 τοῦ
1648 4940 1842 5011 χρόνου

292 5028 463 5109 μάτην
490 5040 862 5104 ἁναλίσκοιτο,
894 5030 956 5092 οὗ
976 5037 1038 5092 τὸ
1072 5036 1347 5109 παρελθὸν
1380 5033 1663 5132 ἀμήχανον
1680 5031 1845 5087 πάλιν

290 5129 481 5199 εὑρεῖν.

362 5306 462 5362 Καὶ
494 5312 603 5380 μὴν
641 5309 724 5373 τὸ,
758 5306 996 5377 Μέτρον
1038 5308 1320 5378 ἄριστονο
1349 5308 1446 5361 καὶ
1500 5305 1582 5370 τὸ,
1643 5303 1851 5371 Μηδὲν

291 5398 457 5469 ἄγαν,
491 5403 584 5455 καὶ
619 5392 779 5465 ὅλως,
812 5403 1024 5471 ὅσαπερ
1052 5403 1165 5465 τοῖς
1200 5382 1371 5455 πάλαι
1416 5400 1599 5467 σοφοῖς
1633 5396 1851 5466 εἴρηται

292 5492 373 5554 εἷς
423 5496 519 5566 τὴν
545 5495 657 5550 τῶν
708 5495 855 5564 ἠθῶν
906 5496 1231 5566 εὐκοσμίαν,
1291 5494 1485 5566 ὥσπερ
1534 5492 1593 5556 ἐξ
1653 5490 1877 5561 ἐράνου

291 5586 564 5653 συλλέξας,
598 5588 772 5641 ποιῶν
820 5589 1227 5643 διατετέλεκεν·
1261 5587 1405 5641 ὥστε
1464 5585 1689 5639 ἐκείνων
1721 5584 1853 5637 ἔκα-

292 5693 411 5739 στος
436 5679 494 5730 ἔν
524 5695 628 5732 που
662 5678 873 5733 τούτων
910 5680 1135 5752 εἴρηκεν
1155 5697 1170 5714 ·
1206 5674 1363 5744 οὗτος
1393 5679 1450 5732 δὲ
1478 5680 1657 5733 πάντα
1678 5677 1850 5743 ἔπρα-

292 5767 411 5832 ξενο
438 5769 578 5825 οὕτω
605 5774 716 5835 τοῖς
747 5771 889 5836 ὅλοις
925 5773 1099 5827 ἔνεκα.
1128 5768 1239 5828 Ἦν
1264 5771 1321 5825 δὲ
1378 5768 1623 5839 τοσούτῳ
1651 5767 1848 5834 δεξιὸς,

1954 4925 2364 4981 molestissimis
2428 4921 2793 4994 temporibus.
2859 4921 3221 4990 tristibusquc
3244 4918 3521 4975 nonnullis

1953 5020 2119 5076 rebus
2143 5020 2357 5074 otiosus
2386 5026 2504 5073 erat
2542 5033 2557 5082 ;
2588 5030 2658 5069 ne
2687 5014 2846 5070 valde
2868 5014 3090 5085 quidem
3123 5011 3319 5066 aﬂecta
3372 5011 3520 5065 sani-

1954 5121 2086 5175 tate,
2115 5111 2184 5166 né
2217 5110 2348 5179 quid
2391 5106 2660 5179 temporis
2683 5121 2919 5161 vacuum
2978 5103 3343 5176 pereliiueret,
3375 5100 3519 5171 quod

1954 5213 2015 5259 ut
2031 5203 2316 5275 praeteriit,
2338 5201 2481 5257 nulla
2503 5190 2627 5272 pos't
2644 5200 2749 5253 hac
2766 5197 3043 5268 diligentia
3063 5193 3524 5264 revocaripotest.

2026 5297 2298 5353 Caeterum
2362 5294 2501 5351 illud
2539 5311 2554 5348 :
2586 5291 2835 5363 Optima,
2858 5289 3199 5344 mediocritas
3234 5304 3249 5341 :
3297 5302 3380 5353 ac,
3442 5282 3525 5339 Ne

1954 5392 2082 5463 quid
2101 5394 2278 5455 nimis,
2297 5389 2657 5456 omninoque,
2681 5391 2741 5438 ut
2756 5381 2885 5452 quid
2907 5380 3147 5449 antiquis
3161 5375 3521 5446 sapientibus,

1956 5482 2353 5554 componendis
2376 5481 2665 5535 honestate
2686 5471 3182 5537 moribus,dictnm
3212 5468 3320 5532 sit;
3355 5466 3406 5520 id
3432 5467 3526 5521 ille

1960 5588 2223 5646 tanquam
2250 5590 2315 5629 ex
2339 5572 2589 5646 symbolo
2610 5567 2895 5633 colligens.
2921 5572 3091 5618 totum
3116 5578 3174 5617 rc
3196 5562 3523 5633 praestabat:

1960 5679 2123 5740 atque
2148 5668 2283 5722 adeo
2311 5680 2434 5722 cum
2492 5662 2726 5734 quisque
2774 5673 2943 5713 unum
3003 5655 3134 5726 quid
3189 5666 3400 5718 eorum,
3465 5667 3529 5708 ac

1960 5764 2238 5835 singulare
2268 5757 2547 5832 quidpiam
2597 5751 2794 5810 eii‘atus
2835 5750 2929 5816 sit,
2982 5749 3100 5822 ipse
3148 5762 3294 5804 unus
3342 5746 3529 5803 omnia
