4024 6210
284 5224 311 5246 Ι

480 319 580 384 193

1679 316 1780 374 MA
1795 314 1890 375 Νυ
1906 314 2075 374 ELlS
2118 312 2565 373 PALAZOLOGI

3619 318 3716 383 196

475 430 586 499 egit
623 446 638 483 :
693 430 769 484 sic
804 426 1053 481 vincebat
1091 423 1385 479 universis.
1451 424 1526 477 lta
1566 439 1694 478 vero
1726 435 1883 492 aptus
1910 436 2025 477 erat

2152 424 2245 475 καὶ
2286 422 2431 475 οὕτω
2469 424 2591 484 ταῖς
2640 421 2897 474 ἁπάντων
2924 422 3243 490 συμϐαίνων
3279 427 3550 495 γνώμαις,
3579 435 3717 497 μετὰ

478 524 663 588 sicque
704 522 1079 573 universorum
1115 516 1312 569 animis
1340 516 1695 586 congruebat,
1716 507 2025 584 opportune

478 628 642 683 agens
666 610 873 670 omnia,
914 626 975 661 ac
1010 624 1200 661 omnes
1235 610 1445 661 sincere
1480 609 1685 670 colens,
1730 624 2040 677 quanquam

482 704 643 757 nullis
677 700 1185 768 noxieindulgeret.
1226 708 1283 752 ut
1320 701 1419 767 ipsi
1460 716 1567 752 non
1618 716 1743 753 raro
1802 710 2041 764 actores,

482 791 727 846 beneficii
753 806 809 844 se
852 808 974 844 reos
1017 801 1397 858 agnoscerent,
1434 806 1497 843 ac
1554 800 1773 859 agerent
1816 793 2040 859 gratias,

480 901 601 939 cum
676 889 838 941 etiam
872 899 1036 936 causa
1061 884 1409 945 cecidissent,
1454 898 1518 935 ac
1559 892 1741 935 essent
1794 882 2041 935 frustrati

481 979 590 1033 fine
624 994 786 1047 supra
841 991 1002 1045 quam
1034 974 1148 1034 alii,
1200 990 1321 1026 cum
1360 972 1469 1027 voti
1510 982 1788 1039 compotes
1863 973 2043 1025 allecti

483 1083 667 1139 optata
707 1085 984 1137 accepere.
1026 1067 1232 1120 Accidit
1263 1066 1435 1130 enim,
1474 1076 1523 1117 ιιι
1554 1065 1864 1118 nihiletiam
1885 1064 2040 1126 dans,

391 1180 437 1225 ι
478 1164 731 1226 delectes,
772 1171 936 1227 utque
964 1161 1202 1212 vicissim
1247 1158 1425 1210 dando
1464 1157 1780 1225 displicens.
1816 1156 2046 1211 Univer-

478 1257 579 1312 διες
602 1272 659 1308 se
694 1255 1203 1308 communissimum
1270 1251 1635 1319 permittebat,
1701 1267 1763 1304 ac
1813 1250 2045 1301 maxime

476 1358 661 1416 gratus
686 1346 1164 1414 congressionibus
1196 1355 1347 1398 erat:
1388 1358 1485 1395 nec
1512 1343 1807 1410 quidquam
1837 1351 2039 1400 tamen.

478 1453 688 1491 tuorum
721 1437 810 1490 illa
848 1436 1198 1504 ingenuitate,
1253 1436 1412 1487 rebus
1448 1434 1736 1487 alliciebat.
1793 1432 1921 1484 Erat
1970 1431 2046 1484 si-

475 1530 693 1599 quidem
746 1530 939 1597 plenus
999 1526 1426 1581 architectonica
1472 1526 1727 1584 scientia.
1794 1536 1906 1577 tum
1975 1523 2041 1575 ad

476 1620 726 1688 politicos
772 1631 972 1676 mores,
1006 1626 1123 1669 tum
1160 1616 1222 1669 ad
1266 1615 1481 1681 negotia
1544 1614 1781 1680 publica,
1829 1612 2042 1679 sibique

473 1709 602 1763 satis
640 1709 757 1777 ipse
789 1717 925 1768 erat,
944 1719 999 1759 ut
1027 1716 1079 1759 et
1104 1696 1725 1775 singulisronsueSceret
1749 1719 1845 1771 pro
1864 1702 2046 1769 cujus-

2146 515 2238 567 τοῦ
2272 515 2466 582 καιροῦ
2492 515 2559 566 τά
2593 515 2782 567 δέοντα
2833 515 3025 579 ποιῶν,
3087 518 3179 569 καὶ
3214 518 3455 585 γνησίως
3505 521 3716 582 πάντας

2151 607 2566 676 μετερχόμενος,
2594 608 2657 658 ού
2690 608 2797 675 μήν
2830 624 2938 659 τισι
2997 610 3133 677 πρὸς
3175 608 3381 675 βλάϐην
3417 612 3719 679 χαριζόμε-

2148 716 2258 760 νος,
2300 699 2373 760 ὼς
2397 699 2489 750 καὶ¹
2541 698 2801 761 πολλάκις
2848 699 3010 767 χάριν
3058 698 3463 767 ὁμολογοῦντας
3508 702 3716 756 εἰδέναι

2147 791 2272 851 τοὺς
2299 790 2736 857 ἐπαγγέλλοντας
2768 790 2936 858 ἐχειν,
2970 790 3177 843 εἴποτε
3208 792 3299 844 καὶ
3354 792 3452 843 τοῦ
3505 794 3712 846 σκοποῦ

2147 881 2543 950 διημάρτανον,
2575 883 2719 949 ἥπερ
2750 880 2900 933 ἄλλοι
2929 882 3055 945 τοὺς
3100 882 3361 946 λαϐόντας
3399 878 3473 939 ὧν
3515 884 3715 937 ἐπεθύ-

2154 988 2311 1039 μουν.
2346 972 2504 1022 Ἐστι
2541 972 2645 1041 γὰρ
2688 974 2783 1023 καὶ
2831 971 2992 1025 δόντα
3034 973 3203 1042 μηδὲν
3267 975 3556 1041 εὐφρᾶναι,
3618 978 3713 1029 καὶ

2148 1063 2458 1115 τούναντίον
2489 1062 2642 1123 αὖθις
2688 1064 2886 1131 εὑρεῖν.
2932 1061 3040 1117 Ἦν
3078 1066 3178 1133 μὲν
3230 1068 3537 1129 κοινότατος
3570 1068 3715 1121 ἃπα-

2150 1172 2232 1206 σιν
2258 1174 2269 1184 ·
2312 1150 2379 1221 ἦν
2407 1155 2463 1207 δέ
2497 1156 2617 1216 ταῖς
2657 1156 2967 1216 συνουσίαις
3002 1157 3385 1223 χαριέστατος,
3420 1158 3509 1208 καὶ
3536 1157 3622 1209 διὰ
3650 1160 3711 1209 τὸ

2148 1244 2240 1296 τοῦ
2276 1246 2440 1313 ἤθους
2480 1246 2764 1313 ἐλεύθερον
2807 1246 2913 1298 οὐδ’
2942 1247 3245 1299 ὁπωστιοῦν
3281 1249 3567 1317 πράγμασι
3619 1250 3711 1301 λυ-

2151 1339 2497 1405 μαινόμενος.
2541 1339 2787 1408 ’Υπῆρχε
2819 1338 2927 1407 γάρ
2966 1339 3341 1408 πληρεστατο;
3388 1343 3711 1408 ἀρχιτεκτο-

2090 1430 2099 1435 ’
2147 1424 2302 1492 νικῆς
2356 1426 2667 1493 ἐπιστήμης
2693 1426 2771 1488 εἷς
2805 1444 2860 1478 τε
2890 1427 2955 1478 τά
2987 1428 3239 1480 πολιτικὰ
3271 1429 3377 1497 ἤθη
3410 1430 3487 1491 εῖς
3541 1446 3599 1481 τε
3640 1431 3708 1481 τὰ.

2148 1515 2300 1566 κοινὰ
2326 1516 2629 1584 πράγματα
2654 1532 2668 1546 ⁸
2701 1517 2796 1569 καὶ
2817 1517 3039 1589 ἐξήρκει
3092 1536 3154 1586 γε
3189 1523 3427 1573 συνεῖναι
3457 1520 3551 1571 καὶ
3605 1538 3705 1588 χω-

2150 1608 2232 1674 ρὶς
2263 1607 2514 1668 ἑκάστοις
2548 1609 2683 1677 πρὸς
2709 1610 2937 1678 τρόπου,
2968 1611 3063 1661 καὶ
3115 1606 3273 1671 αὖθις
3328 1613 3495 1663 πᾶσιν
3549 1611 3707 1678 ὁμοῦ.

2152 1698 2307 1766 ¹¹ῌδει
2348 1714 2407 1749 τε
2437 1699 2615 1750 δοκεῖν
2637 1699 2962 1767 διαχεῖσθαι,
2994 1703 3086 1752 καὶ
3114 1700 3203 1753 ἀεὶ
3252 1703 3319 1753 τὰ
3372 1702 3707 1770 καιριώτερα

471 1816 576 1869 que
613 1801 856 1853 moribus
881 1814 1050 1865 utque
1079 1800 1354 1865 integrum
1381 1812 1439 1849 se
1472 1795 1745 1848 universis
1775 1801 2030 1846 servaret.

2150 1788 2426 1858 προύργου
2456 1790 2702 1841 τίθεσθαι
2723 1808 2737 1822 ·
2788 1791 2882 1842 καὶ
2918 1793 3351 1856 κατασκευάζειν
3384 1794 3553 1846 ἐνίοτε
3611 1811 3706 1859 με-

469 1888 703 1943 Noverat
771 1898 828 1940 ut
884 1898 939 1940 et
990 1887 1263 1938 videretur
1317 1886 1539 1937 hilarior
1575 1882 1834 1945 diffundi,
1874 1890 2041 1947 utque

474 1978 831 2032 nihilominus
889 1991 1107 2043 semper
1148 1975 1527 2043 principaliora
1578 1989 1739 2040 opera
1798 1970 2032 2039 pretium

476 2078 752 2141 poneret;
792 2077 955 2136 atque
987 2075 1043 2119 ut
1100 2081 1498 2137 nonnunquam
1544 2079 1630 2118 res
1690 2077 1918 2129 magnas
1977 2075 2038 2112 ac

468 2164 814 2217 admirandas
845 2160 953 2213 ludi
996 2174 1102 2211 non
1145 2156 1417 2210 inhonesti
1457 2154 1636 2222 specie
1659 2162 1882 2219 gereret.

538 2255 675 2309 Cum
713 2254 794 2307 sic
826 2267 953 2319 ergo
981 2260 1141 2303 natus
1180 2262 1344 2309 esset.
1377 2248 1565 2313 sicque
1602 2245 1896 2298 voluntatis
1946 2243 2038 2294 ha-

402 2337 405 2340 ’
471 2347 642 2410 heret,
679 2360 741 2398 ac
768 2344 839 2397 ita
872 2341 1399 2403 fuissetinstitutns,
1423 2340 1673 2406 bonaque
1696 2338 1830 2390 adeo
1858 2336 2038 2388 indole

468 2454 529 2492 ac
559 2437 777 2505 ingenio
808 2436 952 2489 facili
974 2433 1231 2501 praeditus
1256 2442 1433 2497 esset;
1456 2431 1508 2483 in
1540 2439 1790 2499 parentes
1820 2428 2035 2495 quidem

466 2518 635 2595 prebe
669 2526 933 2595 implevit,
987 2537 1045 2579 ut
1075 2524 1203 2591 quid
1255 2532 1511 2591 parentes
1552 2528 1804 2573 natorum
1841 2518 2036 2586 pietate

471 2618 774 2687 praestanda
827 2626 1016 2686 optare
1074 2613 1285 2683 possint
1321 2631 1333 2667 :
1369 2626 1585 2666 summo
1633 2609 1824 2662 amicis
1859 2606 2034 2660 amoxi

469 2710 571 2763 fuit
599 2725 613 2773 ;
655 2708 927 2762 universis
962 2706 1172 2760 exstitit
1198 2715 1410 2774 portus,
1437 2704 1723 2770 omnisque
1752 2702 1832 2753 eis
1868 2713 2034 2766 gene-

468 2800 543 2854 ris
598 2802 737 2853 bona
777 2799 1113 2854 conciliavit.
1165 2799 1451 2852 Prmelaraa
1500 2797 1637 2847 adeo
1698 2808 1806 2854 res,
1850 2792 2035 2844 hostes

467 2905 684 2959 quoque
725 2888 1142 2952 infensissimos,
1183 2889 1248 2940 ad
1288 2886 1437 2954 pacis
1470 2884 1761 2937 ambienda
1804 2880 2031 2941 foedera,

465 2983 723 3048 omnique
754 2980 913 3035 modo
956 2979 1314 3049 exquirenda,
1353 2976 1693 3046 impulerunt
1720 3017 1733 3039 ,
1770 2984 1929 3041 atque
1978 2981 2036 3025 ut

468 3072 632 3126 semel
710 3070 865 3134 inita,
923 3078 1040 3123 rata
1102 3081 1317 3120 manere
1384 3064 1606 3116 omnino
1677 3061 2033 3115 eniterentur.

2144 1880 2287 1945 γάλα
2325 1897 2383 1931 τε
2415 1880 2510 1933 καὶ
2532 1880 2822 1949 Θαυμαστὰ
2846 1882 3153 1953 πράγματα
3185 1885 3325 1953 μετὰ
3352 1884 3572 1945 παιδιᾶς
3604 1886 3706 1936 οὐκ

2116 1976 2121 1983 “
2142 1971 2405 2039 ὰσέμνου.

2211 2239 2367 2292 Οὖτω
2397 2242 2575 2292 τοίνυν
2603 2239 2822 2309 φύσεως
2853 2241 2994 2311 ἔχων
3027 2244 3120 2295 καὶ
3152 2246 3547 2313 προαιρέσεως,
3577 2264 3705 2298 παι-

2142 2330 2387 2393 δεύσεως
2422 2349 2478 2382 τε
2512 2333 2607 2383 καὶ
2646 2332 2976 2402 δεξιότητος,
3009 2335 3223 2406 ὑπῆρχε
3257 2336 3357 2405 μὲν
3377 2340 3491 2399 τοῖς
3536 2339 3702 2391 αὐτοῦ

2141 2424 2380 2492 πατράσι
2414 2423 2593 2486 καλῶς
2618 2423 2865 2494 πληρῶν,
2894 2424 2930 2477 ἃ
2963 2426 3025 2494 δὴ
3073 2428 3311 2496 πατέρες
3350 2422 3587 2494 εὖξαιντ’
3639 2429 3704 2482 ἂν

2142 2515 2292 2584 παρὰ
2317 2514 2426 2567 τῶν
2461 2516 2592 2567 υίῶν
2625 2515 2820 2585 ἴσχειν,
2858 2516 3073 2586 ὑπῆρχε
3102 2518 3160 2570 δὲ
3200 2522 3311 2579 τοῖς
3340 2519 3514 2588 φίλοις
3565 2522 3695 2589 ἐρα-

2142 2604 2444 2673 σμιῶτατος
2467 2621 2480 2635 ο
2513 2600 2581 2674 ἦν
2616 2605 2673 2658 δέ
2697 2608 2807 2667 τοῖς
2834 2608 2969 2659 πᾶσι
3022 2592 3205 2679 λιμὴν,
3230 2611 3321 2661 καὶ
3350 2610 3705 2663 παντοδαπῶν

2139 2697 2363 2763 ἀγαθῶν
2404 2697 2692 2767 πρύτανις.
2720 2697 2907 2751 Ταῦτα
2937 2700 3030 2752 καὶ
3065 2700 3536 2769 δυσμενεστάτους
3581 2704 3704 2755 ἀνέ-

2140 2789 2297 2842 πειθε
2333 2790 2577 2844 σπονδῶν
2608 2793 2706 2861 μὲν
2747 2792 2887 2859 ἄγαν
2913 2793 3227 2862 ἐπιθυμεῖν,
3280 2794 3456 2846 πάντα
3481 2794 3536 2846 δὲ
3576 2794 3701 2864 τρό-

2142 2896 2241 2931 πον
2278 2879 2485 2947 ζητεῖν,
2526 2880 2674 2942 ὅπως
2738 2880 2921 2935 αὐτῶν
2967 2881 3187 2950 τύχοιεν
3212 2896 3225 2911 ·
3290 2884 3382 2935 καὶ
3420 2884 3699 2952 τυχόντας,

2140 2971 2357 3024 ἅπαντα
2404 2972 2690 3038 πράττειν,
2755 2971 2883 3024 ὥστ’
2929 2973 3213 3040 ἐπιμεῖναι
3275 2974 3353 3042 τῷ
3394 2977 3699 3045 πράγματι.

2139 3062 2322 3114 Αἴτιον
2356 3064 2466 3130 δὲή
2519 3063 2687 3133 ἀρετὴ
2739 3062 2892 3115 τοῦδε
2934 3063 3182 3132 τάνδρὸς,
3215 3065 3285 3118 δι’
3323 3064 3382 3118 ὃν
3406 3066 3699 3137 ὠρρώδουν

466 3162 518 3218 ld
552 3178 713 3231 porro
751 3130 944 3230 agebat
995 3159 1096 3212 viri
1138 3159 1347 3218 virtus,
1393 3154 1551 3222 cujus
1603 3152 1679 3205 illi
1743 3149 2030 3204 formidine

2141 3151 2241 3231 οὓς.
2261 3168 2323 3219 γε
2356 3130 2583 3219 ἐφόϐουν
2611 3130 2771 3206 οίγδιὰ
2798 3153 2896 3224 τὴν
2916 3130 3087 3223 τύχην
3112 3130 3698 3227 ἐπαιρόμενοιίΜετα·

465 3270 561 3309 eos
579 3254 921 3323 postmodum
956 3249 1275 3310 horrebant,
1293 3247 1491 3315 quibus
1510 3244 1725 3299 fortuna
1743 3241 2025 3306 eﬂ'erente,

465 3355 724 3399 terrorem
750 3342 956 3410 pridem
985 3340 1307 3408 iniecerant.
1338 3337 1454 3391 Jam
1484 3338 1627 3391 enim
1660 3337 1800 3388 facta
1843 3350 2025 3387 rerum

468 3434 773 3487 mutatione
808 3431 1045 3500 ;quippe
1079 3430 1131 3483 in
1185 3430 1521 3483 contrarium
1588 3428 1810 3480 omnino
1860 3439 2031 3479 versze

464 3535 639 3588 erant,
676 3538 737 3577 ac
759 3532 961 3577 nostra
985 3522 1200 3589 quidem
1266 3520 1548 3583 ﬂorebant,
1593 3518 1808 3571 illorum
1850 3526 2027 3569 autem

464 3614 816 3673 «limuxcrant
853 3631 867 3667 :
901 3612 1090 3680 utique
1118 3626 1344 3666 necesse
1373 3619 1511 3673 erat,
1574 3618 1629 3661 ut
1658 3619 1711 3662 et
1748 3609 1784 3661 ii
1819 3608 1884 3661 de
1911 3623 2033 3661 sen-

465 3706 630 3759 tentia
679 3704 1027 3767 decedentes,
1082 3704 1311 3770 tempori
1363 3701 1712 3755 inservirent.
1744 3699 1817 3754 Ea
1846 3700 2030 3769 itaque

465 3798 520 3851 iu
553 3812 677 3850 cum
711 3796 1065 3863 praestabant,
1108 3810 1229 3862 qum
1265 3795 1396 3847 olim
1445 3794 1760 3847 decessores
1810 3792 1863 3844 in
1914 3793 2029 3861 ipso

396 3925 403 3932 .
463 3887 611 3939 soliti
645 3896 805 3937 erant
839 3901 853 3950 ;
889 3900 1118 3953 eamque
1148 3885 1288 3938 diem
1322 3886 1474 3940 festae
1504 3884 1640 3939 lucis
1691 3886 1814 3939 loco
1868 3885 2027 3937 habev

415 4030 423 4035 ,
463 3978 611 4038 bant,
640 3993 741 4044 qua
786 3990 878 4043 per
911 3980 1157 4029 ltlllllium
1195 3976 1398 4044 aliquid
1458 3978 1524 4029 ab
1559 3993 1623 4029 eo
1674 3976 2026 4044 epistolarum

466 4069 833 4137 accepissent.
900 4069 1058 4134 Quod
1094 4069 1139 4122 si
1193 4070 1356 4123 etiam
1408 4068 1612 4138 aliquid
1678 4068 2029 4135 pollicebatur

463 4157 540 4225 (id
573 4173 705 4211 sane
743 4158 810 4211 ab
840 4158 1160 4228 impensiori
1198 4159 1530 4227 praestantia,
1559 4168 1615 4210 ut
1667 4157 1839 4225 magis
1886 4172 2026 4224 prae.

460 4248 641 4317 cipere
671 4266 834 4319 quam
870 4251 1111 4318 polliceri
1166 4249 1496 4317 videretur),
1533 4247 1861 4302 occinehaut
1889 4260 2023 4312 gau-

461 4342 550 4393 dio
576 4342 1071 4409 acceptaepistola,
1102 4356 1210 4393 rem
1232 4352 1437 4408 gestam
1468 4340 1615 4407 pacis
1645 4348 2022 4406 argumentum

463 4430 752 4490 habentes,
789 4445 948 4496 quam
978 4429 1201 4496 quidem
1222 4432 1360 4481 haud
1390 4439 1608 4497 propter
1634 4428 2022 4496 sediligcbant,

461 4522 555 4575 Sed
593 4538 657 4576 ne
711 4521 889 4589 perire
956 4521 1301 4586 contingeret
1353 4535 1447 4588 per
1493 4520 1609 4586 ejus
1669 4520 2021 4571 absentiam:

460 4612 605 4677 quod
636 4612 843 4681 pridem
883 4626 1043 4664 secus
1064 4610 1474 4664 exiStimabant.
1524 4610 1613 4663 Sic
1641 4610 1834 4673 virtus,
1856 4623 2022 4677 quam

463 4705 679 4756 fortuna
718 4712 958 4770 priestat,
993 4716 1089 4770 per
1127 4716 1289 4769 quam
1323 4702 1574 4769 superbia
1605 4701 1866 4763 hostium,
1900 4716 2021 4754 cum

460 4811 555 4849 eos
593 4808 774 4863 postea
804 4809 929 4862 Spes
955 4792 1256 4858 fefellisset,
1292 4793 1566 4861 plurimun
1594 4794 1719 4849 fecit
1745 4776 1937 4848 risum.

530 4885 653 4940 llaec
714 4887 976 4940 hactenus
1041 4887 1188 4941 velut
1241 4900 1454 4938 summa
1509 4885 1767 4949 diximus,
1826 4886 2025 4954 quibus

460 4978 676 5031 abunde
709 4979 1032 5032 declaratam
1090 4987 1220 5047 puto
1253 4977 1352 5031 viri
1404 4976 1664 5042 indolem,
1723 4988 1781 5032 ut
1838 4978 2023 5032 multis

460 5070 715 5124 laudibus
746 5079 889 5124 essu
938 5071 1096 5139 digna
1133 5086 1147 5123 :
1185 5071 1269 5124 sin
1299 5080 1478 5124 autem
1541 5070 1752 5138 singula
1801 5084 2020 5137 quoque

458 5162 712 5232 prosequi
746 5162 1209 5229 oporteat,dicam
1240 5159 1585 5230 compendio,
1631 5168 1835 5229 quanta
1898 5159 2010 5211 fuc-

457 5252 805 5306 ritfacultas.
854 5248 925 5306 Ut
955 5250 1100 5303 enim
1135 5250 1305 5302 beatzn
1361 5250 1638 5302 memoria:
1697 5248 1797 5299 viri
1857 5247 2018 5314 hujus

457 5344 722 5411 praeclara
748 5353 895 5413 gesta
922 5342 1178 5396 diffusius
1201 5349 1516 5402 narrentur,
1552 5339 1617 5391 iis
1649 5339 1830 5407 potius
1883 5353 2018 5391 con-

458 5445 635 5501 gruat,
669 5449 902 5502 quorum
923 5434 989 5488 sil
1013 5433 1247 5496 insituti,
1283 5443 1341 5484 ut
1378 5445 1556 5484 rerum
1586 5440 1858 5499 gestarum
1883 5447 2017 5486 con-

456 5536 643 5580 texant
684 5526 968 5582 historias.
1000 5525 1141 5592 Quin
1190 5534 1244 5579 et
1276 5523 1467 5578 eadem
1528 5542 1743 5595 quoque
1804 5528 2015 5582 ratione

457 5633 524 5670 ne
563 5618 639 5671 illi
674 5618 889 5686 quidem
935 5626 1088 5687 gesta
1121 5617 1301 5671 Omnia
1332 5631 1719 5684 percensuero.
1743 5618 1828 5672 Uti
1865 5619 2011 5674 enim

454 5721 638 5762 rerum
661 5708 729 5762 ab
755 5722 821 5763 eo
846 5717 1119 5777 gestarum
1184 5708 1500 5778 magnitudo
1546 5709 1819 5777 prohibet,
1846 5720 1905 5763 ut
1951 5726 2018 5764 ne

2135 3244 2496 3312 κεκλημένων
2525 3243 2636 3314 γὰρ
2657 3244 2767 3296 τῶν
2809 3246 3192 3316 πραγμάτωνο
3231 3250 3325 3300 καὶ
3377 3254 3485 3320 γάρ
3543 3250 3698 3303 ἀντέ-

2136 3350 2381 3400 στραπτο
2413 3335 2691 3397 παντελῶς
2714 3375 2731 3401 ,
2786 3338 2882 3388 καὶ
2916 3338 2982 3389 τὰ
3014 3338 3113 3407 μὲν
3164 3340 3407 3410 ἡμέτερα
3435 3342 3605 3413 ἤνθει,
3636 3343 3702 3394 τὰ

2133 3426 2190 3479 δέ
2222 3428 2449 3480 ἐκείνων
2482 3431 2887 3499 κατερρυήκειο
2919 3433 3099 3502 χρεὼν
3131 3430 3201 3505 ἦν
3252 3434 3435 3504 δήπου
3503 3437 3697 3488 κάκεί-

2132 3535 2255 3578 νους
2283 3518 2684 3588 μεταϐαλόντας
2728 3524 3111 3595 συμφέρεσθαι
3170 3526 3405 3589 τούτοις.
3438 3522 3547 3580 Ἦν
3603 3526 3696 3580 οῦν

2131 3611 2327 3681 ἐκείνῳ
2363 3614 2497 3683 παρ’
2543 3614 2746 3682 αὐτῶν,
2778 3616 2814 3670 ἃ
2868 3620 2999 3684 πρὶν
3049 3617 3277 3680 ἐκείνοις
3317 3620 3384 3670 ἐκ
3435 3619 3547 3672 τῶν
3593 3620 3702 3688 πρὸ

2130 3699 2288 3753 τοῦδε
2309 3716 2323 3732 ·
2362 3703 2456 3754 καὶ⁵
2489 3698 2627 3774 ἦγον
2661 3705 2867 3774 ταύτην
2918 3704 3115 3775 ἑορτὴν
3142 3705 3241 3775 τὴν
3273 3706 3511 3777 ἡμέραν,
3572 3709 3628 3759 ἐν

2131 3809 2214 3855 τις
2245 3795 2374 3864 παρ’
2409 3795 2620 3849 ἐκείνου
2654 3796 2789 3868 πρὸς
2818 3798 3015 3861 αὐτοὺς
3048 3792 3149 3868 ἧκε
3184 3799 3359 3868 βραχύ
3388 3814 3441 3850 τι
3462 3794 3700 3868 γράμμα

2132 3887 2397 3953 κομίζων.
2432 3888 2491 3939 Εἰ
2525 3888 2580 3939 δὲ
2616 3889 2710 3941 καὶ
2740 3888 3051 3958 ἐπήγγελλέ
3071 3907 3147 3954 τι,
3169 3889 3310 3943 οὕτω
3330 3892 3378 3943 δ’
3413 3892 3471 3957 ἐξ
3494 3892 3699 3960 ὑπέρου

2130 3979 2251 4045 Χῆς,
2301 3978 2375 4041 ὡς
2453 3980 2653 4048 μᾶλλόν
2710 3997 2773 4048 γε
2832 3983 3194 4051 προστάττειν
3256 3983 3289 4054 ἢ
3339 3984 3704 4053 ἐπαγγέλλειν

2131 4069 2331 4138 ἐπῇδον
2352 4071 2402 4122 οἱ
2427 4070 2712 4140 δεχόμενοι
2740 4071 2845 4141 τὴν
2872 4073 3183 4143 ἐπιστολὴν,
3215 4076 3517 4146 τεκμήριον
3532 4077 3705 4145 ἠγούο

2132 4178 2285 4228 μενοι
2368 4164 2591 4233 εἰρήνης
2653 4164 2713 4215 τὸ
2786 4166 3083 4235 πραχθέν’
3154 4167 3222 4236 ἣν
3285 4168 3386 4219 ούκ
3462 4168 3703 4236 ἠγάπων

2127 4252 2193 4303 δι’
2222 4252 2569 4323 αὐτὴν,ὄπερ
2598 4255 2703 4306 ἔδει
2728 4270 2741 4284 ο
2772 4255 2832 4305 τὸ
2866 4256 2923 4307 δέ
2967 4255 3042 4325 μὴ
3085 4254 3457 4325 διαφθαρῆναι
3489 4256 3700 4325 ταύτης

2129 4343 2397 4412 ἀπούσης,
2434 4344 2572 4414 ὅπερ
2630 4347 2890 4408 ἐναντίως
2936 4347 3170 4416 πρόσθεν
3203 4349 3473 4418 ἐνόμιζον.
3508 4350 3702 4412 οὕτως

2128 4434 2296 4503 ἀρετὴ
2328 4436 2595 4505 κρείττων
2628 4435 2821 4506 τύχης,
2849 4432 2916 4508 ἧς
2968 4440 3131 4491 ἓνεκα
3173 4441 3218 4493 οἱ
3251 4440 3537 4509 δυσμενεῖς
3568 4443 3702 4493 ἀλα.

2130 4527 2494 4595 ζονευόμενοι,
2528 4524 2649 4580 εἶτα
2676 4529 2786 4581 τῶν
2832 4530 3062 4584 ἐλπίδων
3097 4533 3449 4601 ψευσθέντες,
3480 4536 3698 4603 γέλωτα

2132 4620 2595 4687 προσωφλήκασιν
2621 4621 2682 4672 οὐ
2718 4624 2977 4692 σμικρόν.

2198 4889 2379 4941 Ταῦτα
2408 4889 2483 4953 ῶς
2513 4891 2569 4943 ἐν
2594 4892 2872 4959 κεφαλαίῳ
2893 4894 3021 4961 ἡμῖν
3051 4894 3265 4963 εἴρηται
3292 4910 3306 4925 '
3346 4900 3443 4949 καὶ
3468 4900 3693 4967 νομίξο-

2130 4997 2228 5047 μεν
2258 4980 2434 5041 καλῶς
2488 4982 2861 5052 ἀποδεδεῖχθαι
2915 4985 3015 5051 τὴν
3063 4985 3218 5038 τοῦδε
3254 4987 3437 5054 φύσιν,
3494 4990 3569 5051 ὡς
3626 4986 3696 5060 ἦν

2125 5072 2250 5133 ἀξία
2277 5072 2487 5125 πολλῶν
2518 5075 2788 5127 ἐπαίνωνο
2824 5078 2871 5127 εί
2921 5076 2977 5128 δὲ
3014 5078 3239 5146 προσδεῖ
3271 5081 3363 5131 καὶ
3391 5082 3499 5133 τῶν
3532 5084 3701 5133 καθέ-

2125 5179 2321 5226 καστα,
2357 5162 2525 5225 λέξων
2558 5163 2791 5234 ἔρχομαι
2842 5169 2961 5220 κατ’
2992 5171 3264 5239 ἐπιτομὴν
3293 5172 3418 5223 ὅσον
3464 5170 3575 5224 οἷόν
3612 5190 3692 5227 τε.

2125 5253 2199 5305 Τὸ
2229 5255 2340 5323 γὰρ
2366 5253 2428 5324 δὴ
2457 5256 2638 5323 λέγειν
2670 5259 2902 5329 ἐκτάδην
2928 5261 2996 5314 τὰ
3029 5263 3365 5332 εἰργασμένα
3401 5264 3477 5333 τῷ
3516 5284 3698 5332 μακα-

2127 5344 2248 5414 ρίτῃ
2276 5348 2389 5407 τοῖς
2421 5346 2582 5417 ἔργον
2614 5350 2831 5418 ἔχουσιν
2864 5353 3098 5423 ἱστορεῖν
3133 5357 3463 5426 οἰκειότερον
3502 5360 3565 5410 ἂν
3601 5362 3692 5423 γέ-

2125 5452 2288 5491 νοιτο.
2320 5437 2394 5488 Οὐ
2430 5439 2537 5505 μὴν
2566 5439 2703 5492 ἀλλὰ
2733 5444 2817 5495 διὰ
2841 5443 2941 5513 τὴν
2974 5446 3144 5514 αὐτὴν
3175 5448 3380 5517 ταύτην
3411 5452 3589 5501 αἰτίαν
3627 5452 3691 5501 οὐ

2122 5526 2302 5603 πάντα
2347 5529 2754 5600 καταλέξομεν,
2797 5536 3007 5605 ὅσαπερ
3056 5538 3249 5605 ἐκείνῳ
3308 5539 3689 5609 διεπράττετο.

2125 5618 2338 5683 Ὥσπερ
2376 5621 2483 5689 γάρ
2535 5622 2597 5674 τὸ
2650 5625 2883 5694 μέγεθος
2929 5628 3038 5680 τῶν
3093 5631 3241 5697 αὐτῴ
3280 5635 3689 5703 πεπραγμένων

2123 5710 2297 5781 εἴργει
2347 5714 2483 5784 πρὸς
2534 5716 2765 5772 ἕκαστον
2819 5722 3249 5791 ἐπεκτείνεσθαι,
3296 5724 3440 5778 οὕτω
3501 5729 3594 5779 καὶ
3629 5729 3694 5779 τὸ

3740 4638 3755 4677 ι
