4024 6210
268 297 353 361 m
989 279 1389 347 TllEDDORI
1421 274 1780 345 essemus
1854 272 2162 335 LAUDAT
2180 275 2253 352 to
2278 274 2688 337 FUNEBRIS.
3399 278 3499 343 193

262 413 453 480 πλῆθος
483 407 547 463 οὐ
578 403 856 474 συγχωρεῖ
875 400 1282 469 διαζωγραφεῖν
1312 395 1443 465 ἑξῆς
1474 394 1720 480 ἅπαντα1
1739 389 1813 443 Οὐ
1844 443 1849 452 ε

1953 388 2156 459 ingulis
2180 387 2302 457 ejus
2353 389 2514 443 rebus
2547 388 2871 444 cnarrandis
2922 400 3123 448 memet
3184 398 3498 464 extendam,

238 476 362 573 ’γὰρ
417 497 767 568 εὐαρίθμητα
808 492 1047 552 πάντως.
1097 487 1269 558 Οἶμαι
1321 486 1378 539 δὲ
1438 494 1511 555 μη
1558 492 1622 535 ἔν
1674 476 1819 535 εἶναι

1951 480 2008 532 .ic
2065 492 2163 532 nec
2219 480 2503 545 permittor
2553 495 2647 547 per
2706 480 3136 549 multitudinem,
3189 499 3249 540 ut
3308 488 3502 543 ordine

265 570 412 647 τουτο
479 588 617 658 πρὸς
671 582 902 654 γνώμην
944 583 1100 649 ὑμῖν,
1130 581 1275 647 λέγω
1330 577 1392 629 τὸ
1438 576 1513 647 μὴ
1566 574 1818 627 τάκείνου

1951 573 2112 624 mmia
2151 570 2422 623 delinccm
2457 571 2900 642 adscribamque.
2931 574 3039 629 Nec
3070 578 3213 631 enim
3241 596 3502 636 numerus

267 688 433 738 πάντα
459 681 742 749 διεξιέναι.
763 675 1123 744 Ἐπιθυμεϊτε
1146 672 1255 742 γὰρ
1281 671 1428 732 ἰδεῖν,
1466 663 1527 721 εὖ
1558 662 1675 720 οἶδα
1697 664 1823 717 τι.ιῦ-

1951 661 2084 716 acile
2117 661 2241 715 iniri
2271 670 2472 731 potest.
2511 661 2835 731 Quanquam
2869 678 2995 734 puto
3026 669 3167 723 haud
3199 671 3350 725 vobis
3381 688 3505 742 gra-

270 795 323 829 το
365 777 461 828 καὶ
491 772 638 826 πάνυ
665 769 993 836 πέπεισμαι,
1025 764 1216 831 ὥσπερ
1252 759 1402 821 τινες
1429 759 1487 811 ὲν
1516 756 1706 809 πίνακι
1732 770 1825 822 γε-

1953 771 2043 809 um
2083 754 2201 809 fore
2234 764 2314 817 nt,
2357 757 2603 823 inquam,
2655 772 2762 809 non
2802 759 2921 826 ejus
2963 776 3051 815 res
3082 778 3272 818 omnes
3321 774 3502 834 gestas

270 866 586 941 γραμμένας
639 863 741 924 τὰς
794 860 905 912 τῶν
964 855 1262 927 ἐρωμένων
1296 851 1536 914 εἰκόνας,
1568 847 1827 941 τδνηβίον

1951 850 2244 904 :disseram.
2278 849 2606 903 Dcsidcratis
2633 851 2802 912 enim,
2838 855 3006 920 probe
3030 857 3152 909 novi
3197 872 3260 911 ac
3293 869 3499 911 certum

269 939 436 1012 ⁴ιιιὶντα
455 955 612 1009 τοῦδε
650 951 902 1020 τάνδρδς,
932 948 1008 1011 ὡς
1033 946 1156 1000 ὅλον
1183 943 1315 998 ὄντα
1340 943 1623 1013 θαύματος
1649 940 1822 1005 ἄξιον.

1951 940 2125 1001 Iabeo,
2154 955 2251 1009 pro
2277 955 2463 994 eorum
2494 940 2723 1006 ratione,
2751 944 2843 1010 qui
2870 956 3118 1000 amantes
3161 963 3210 999 ιιι
3270 948 3503 1017 imagine

269 1053 492 1119 Δόξομεν
522 1046 570 1101 δ’
599 1046 734 1106 ῐσως
763 1043 862 1096 καὶ
884 1040 1096 1094 ἀδικεῖν
1121 1038 1214 1091 τὸν
1246 1035 1356 1089 τῶν
1387 1035 1568 1104 ἔργων
1596 1030 1825 1115 ἀρχιτέ-

1951 1031 2178 1099 lepictas
2218 1046 2408 1085 eorum
2430 1046 2566 1099 quos
2599 1043 2784 1086 amant
2817 1074 2832 1099 ,
2894 1033 3164 1103 imagines
3213 1037 3494 1105 impendio

271 1159 445 1206 κτονα,
468 1142 517 1194 εί
546 1139 623 1210 μὴ
649 1137 711 1191 τὸ
734 1137 844 1189 πᾶν
867 1134 1181 1201 ὲξείποιμεν
1207 1127 1472 1199 ἀκριϐῶς,
1490 1128 1614 1180 ὅσον
1633 1125 1828 1194 ἐκείνῳ

1951 1126 2119 1178 ridere
2141 1133 2302 1179 avent
2333 1163 2349 1188 ,
2378 1134 2436 1179 ut
2459 1137 2511 1179 et
2533 1125 2637 1193 ipsi
2670 1137 2835 1179 totam
2865 1128 3095 1183 videatis
3113 1129 3213 1182 viri
3242 1131 3501 1200 prmwcip-

271 1234 647 1304 κατείργαστο.
693 1226 836 1297 Ἐγὼ
861 1227 907 1281 δ’
935 1226 1065 1296 ὑμῖν
1094 1221 1426 1291 συμφωνῶν,
1458 1221 1560 1273 ὅσα
1594 1234 1658 1286 γε
1689 1218 1831 1304 πρὸς

1951 1227 2042 1265 αιιι
2071 1212 2263 1276 vitam,
2300 1228 2422 1281 quae
2448 1221 2561 1266 tota
2598 1215 3026 1271 admirationem
3062 1220 3279 1274 habeat.
3310 1219 3414 1275 Sed
3448 1232 3502 1275 et

274 1302 429 1396 μένον⁷
468 1323 533 1377 τὸ
584 1321 783 1383 θέλειν,
849 1315 968 1371 εἶτα
1023 1313 1437 1385 παραιτήσομαι
1489 1311 1577 1363 διὰ
1628 1309 1689 1361 τὸ
1728 1302 1830 1362 ⁶τοῦ

273 1420 591 1490 πράγματος
623 1413 959 1486 πρόσαντες,
992 1410 1040 1461 εί
1080 1409 1156 1479 μὴ
1214 1396 1484 1474 δυναίμην
1514 1401 1832 1456 ἀκολουθεῖν

272 1515 329 1581 τῇ
356 1509 599 1579 θελήσει.
637 1506 787 1576 Νικᾷ
826 1505 937 1574 γὰρ
979 1501 1248 1571 δήπουθεν
1290 1497 1532 1567 ἀτεχνῶς
1561 1495 1624 1549 τὸ
1657 1495 1833 1563 παρὸν

1933 1304 2075 1359 forte
2128 1304 2364 1375 principi
2430 1321 2611 1360 rerum
2668 1309 2848 1377 opifici
2913 1311 3199 1365 videamur
3250 1312 3504 1383 injuriam

1934 1394 2134 1461 facere,
2162 1396 2266 1451 nisi
2312 1412 2399 1451 res
2436 1398 2557 1468 ejus
2615 1408 2756 1455 totas
2808 1412 3065 1459 accurate
3116 1404 3504 1460 edisseramus.

1935 1485 2200 1557 Equidem
2233 1488 2348 1543 sola
2376 1488 2530 1542 vobis
2559 1491 2837 1545 voluntate
2888 1508 3086 1562 gerens
3110 1510 3341 1560 morem,
3367 1511 3508 1566 opus

275 1606 575 1674 ἐγχείρημα
596 1601 699 1670 τὴν
726 1599 1004 1669 ἡμετέραν
1024 1595 1198 1664 ἰσχὺν,
1234 1590 1401 1644 οὖσάν
1424 1606 1487 1658 γε
1506 1588 1599 1643 καὶ
1624 1587 1834 1641 οἴκοθεν

1951 1580 2297 1650 postmodum
2333 1591 2563 1651 propter
2582 1583 2660 1636 rei
2683 1584 2911 1638 arduam
2941 1587 3279 1642 molitionem
3305 1589 3513 1643 detrec-

271 1672 494 1766 ἀδρανῆ,
521 1694 621 1746 καὶ
641 1690 805 1743 πλέον
830 1688 1128 1757 γινομένην
1160 1683 1406 1752 ἐξίτηλον
1429 1680 1506 1751 τῷ
1530 1679 1625 1733 τοῦ
1670 1679 1832 1747 λόγου

1951 1673 2089 1739 tabo,
2109 1672 2201 1742 qui
2222 1672 2552 1728 voluntatem
2573 1675 2834 1729 assectari
2861 1692 3142 1744 nequeam.
3167 1679 3345 1733 Vincit
3364 1681 3508 1735 enim

277 1744 791 1856 ci‘npatgt."06x05v
817 1744 882 1831 ὲκ
927 1744 1037 1835 τιῖιν
1077 1744 1377 1828 enim};
1405 1744 1500 1825 καλ
1527 1771 1708 1824 καλῶν
1738 1744 1833 1825 καὶ

1955 1763 2141 1833 iquido
2165 1773 2311 1819 tanta
2347 1764 2516 1820 moles
2548 1777 2790 1821 nostram
2818 1768 3092 1833 virtutem,
3111 1785 3231 1839 qum
3248 1772 3378 1825 olim
3403 1790 3432 1826 a
3452 1788 3511 1828 se

280 1853 547 1946 μεγάλων,
585 1862 749 1927 ἅτινα
797 1870 997 1931 πάντες
1058 1867 1257 1935 ἐκείνῳ
1314 1864 1533 1918 σύνιστε
1584 1877 1835 1931 πεπραγ-

1951 1853 2239 1920 lcbllis,ab
2261 1856 2527 1913 orationis
2559 1872 2705 1912 nunc
2745 1860 3154 1928 specie,multis
3175 1864 3349 1917 evasit
3388 1865 3510 1918 exi-

282 1944 435 2039 μένα,
459 1966 518 2028 ὃς
547 1965 655 2034 πρὸ
702 1961 902 2033 μικροῦ
932 1959 1053 2030 μεθ’
1081 1958 1237 2027 ἡμῶν
1270 1953 1339 2029 ἦν
1368 1944 1502 2009 νυνὶ
1529 1955 1586 2008 δὲ
1612 1953 1831 2022 γέγονε·

1951 1946 2062 2000 lior.
2088 1946 2168 2001 Ex
2200 1949 2386 2003 multis
2434 1965 2584 2019 ergo,
2609 1950 2786 2019 iisque
2835 1953 3114 2021 praeclaris
3162 1969 3226 2009 ac
3277 1958 3506 2025 magnis,

278 2057 377 2125 φεῦ
395 2056 413 2110 ι
432 2055 597 2107 τῶνδε
627 2052 739 2105 τῶν
771 2050 986 2121 θρήνων
1008 2044 1459 2114 ὕπόθεσις,ὀλίγα
1488 2044 1716 2113 λέξομεν
1734 2042 1836 2113 ἤδη

1951 2050 2173 2106 quorum
2199 2047 2477 2107 gestorum
2515 2041 2720 2095 conscii
2743 2043 2875 2097 estis
2895 2044 3008 2097 viro
3030 2060 3204 2113 nuper
3226 2048 3509 2123 nobiscum

281 2152 371 2203 καί
404 2147 524 2200 κατ’
568 2144 859 2214 ἐπιτομὴν,
899 2142 1088 2210 ὥσπερ
1138 2138 1378 2209 εἴρηται.
1407 2135 1646 2190 Τοιαῦτα
1705 2136 1839 2205 μέν-

1951 2128 2262 2195 exsistenti;
2287 2130 2490 2201 quique
2510 2147 2655 2187 nunc
2673 2132 2774 2201 fuit
2793 2132 2893 2187 heu
2920 2134 2932 2187 Ξ
2960 2137 3116 2191 triste
3133 2151 3512 2207 argumentum

277 2259 355 2295 τοι
392 2256 458 2307 γε
496 2237 739 2299 πάντως,
791 2230 883 2289 οἷά
927 2250 1031 2303 περ
1090 2231 1256 2295 δείξει
1313 2231 1405 2282 τὸν
1465 2228 1841 2300 ἐργασάμενον

1951 2221 2296 2288 planctuum!
2334 2238 2510 2292 pauca
2558 2224 2807 2294 quaedam
2840 2241 2902 2280 ac
2927 2231 3268 2297 compendio,
3306 2232 3385 2285 uti
3415 2245 3511 2286 su-

277 2333 447 2403 ἀληθῆ
478 2329 695 2400 καρπὸν
718 2328 849 2380 ὅντα
872 2328 940 2395 τῇ
971 2325 1131 2394 κοινῇ
1158 2321 1333 2391 ταύτῃ
1378 2319 1565 2389 φύσει,
1597 2318 1691 2372 καί
1719 2333 1843 2371 τινα

1951 2326 2070 2367 mus
2088 2311 2577 2383 praafati,dicemus
2606 2332 2701 2371 :ca
2723 2326 2901 2373 tamen
2930 2321 3177 2388 omnino,
3198 2323 3393 2391 quibus
3426 2325 3513 2393 qui

275 2422 594 2494 φιλοτιμίαν
623 2418 925 2487 ἐξαίρετον.
959 2417 1031 2468 Οὐ
1054 2416 1237 2468 τοίνυν
1257 2413 1339 2483 τῷ
1377 2411 1465 2482 μὴκ
1485 2411 1666 2465 πάντα
1697 2408 1841 2462 κατὰ

1951 2406 2134 2474 gessit,
2170 2419 2333 2460 verus
2357 2408 2543 2476 generi
2573 2421 2875 2464 concessus
2904 2408 3144 2475 fructus,
3206 2412 3518 2481 eximiaque

278 2517 439 2586 μέρος
468 2512 728 2579 διεξιέναι
774 2509 1058 2580 νομιστέον
1097 2509 1230 2578 ἡμῖν
1274 2506 1341 2560 ἂν
1388 2504 1474 2572 εῐη
1538 2502 1632 2556 τὸν
1674 2502 1843 2570 ἄνδρα

1951 2496 2193 2565 quaedam
2251 2514 2314 2553 ac
2381 2500 2669 2554 ambitiosa
2730 2501 2970 2571 largitio,
3014 2506 3273 2573 cognosci
3328 2507 3516 2574 possit.

274 2585 461 2659 τοῧτον
483 2603 707 2656 ἔλαττον
749 2602 976 2671 σχήσειν
1001 2601 1080 2661 είς
1111 2597 1380 2664 εὐδοξίαν.
1414 2596 1488 2649 Τὸ
1511 2594 1619 2664 γὰρ
1651 2593 1843 2664 περιὸν

1951 2585 2116 2642 Nemo
2134 2589 2321 2659 igitur,
2348 2591 2492 2660 quod
2520 2592 2672 2661 plura
2696 2592 3030 2661 omittamus,
3060 2596 3233 2650 minus
3258 2597 3432 2651 virum
3453 2597 3518 2650 ad

275 2696 485 2749 ἐκείνου
514 2693 616 2763 τῆς
640 2692 844 2763 ἀρετῆς
873 2690 934 2743 τὸ
965 2690 1240 2760 ἡμέτερον
1281 2687 1457 2741 ἐνδέον
1513 2684 1847 2756 ἀναπληρώ-

1951 2679 2318 2735 celebritatem
2347 2683 2582 2737 nominis
2625 2684 2941 2747 habiturum
2967 2696 3136 2755 putet.
3162 2686 3291 2756 Ejus
3320 2688 3520 2758 quippe

278 2804 381 2842 σει.
432 2784 690 2857 ’Δρκέσει
735 2785 845 2853 γὰρ
875 2782 936 2837 τὸ
968 2782 1077 2835 πᾶν
1108 2779 1517 2850 ἐξεργάσασθαι
1575 2777 1671 2832 καὶ
1714 2779 1845 2830 ἕκα-

1951 2771 2225 2827 luculenta
2261 2787 2326 2827 ac
2373 2773 2648 2828 excellens
2672 2775 2849 2829 virtus
2904 2786 3145 2831 nostram
3179 2779 3394 2833 abunde
3423 2780 3524 2832 im-
3580 2778 3593 2791 '

278 2898 401 2935 στον
434 2880 547 2933 τῶν
571 2878 753 2948 ἔργων
782 2875 892 2929 τῶν
940 2873 1131 2940 αὐτοῦ,
1163 2873 1237 2936 ὡς
1272 2872 1437 2943 μηδὲν
1461 2869 1522 2924 ὃν
1553 2871 1664 2923 τῶν
1699 2867 1849 2937 αὐτῷ

1951 2864 2119 2934 plebit
2144 2863 2411 2932 inopiam.
2450 2863 2680 2934 Singula
2711 2866 2856 2919 enim
2908 2867 3025 2936 ejus
3065 2879 3343 2938 gestorum
3386 2886 3521 2925 con-

277 2970 709 3044 πεπραγμένων,
739 2968 769 3022 8
802 2967 879 3039 μὴ
934 2966 1209 3036 μεγίστων
1235 2964 1526 3034 εὐφημιῶν
1573 2962 1725 3027 ἄξιον
1748 2978 1763 2993 ο
1801 2962 1849 3014 εἰ

1953 2954 2181 3008 fecerint
2205 2963 2397 3016 tatam,
2431 2966 2666 3022 quorum
2700 2970 2770 3009 ne
2797 2969 2937 3010 unus
2956 2966 3040 3010 est
3075 2973 3181 3011 non
3209 2959 3502 3013 maximam

277 3065 348 3134 μή
377 3043 470 3126 τις
497 3058 880 3132 μειρακιωδῶς
917 3058 1080 3131 έχων,
1107 3056 1167 3120 ἐξ
1194 3053 1463 3126 έπιπολῆς
1486 3072 1540 3107 τι
1566 3053 1848 3108 θεάσαιτο.

1954 3045 2164 3099 habens
2238 3044 2470 3115 gloriam
2509 3043 2656 3099 :nisi
2714 3045 2841 3115 quis
2903 3060 3192 3115 puerorum
3247 3064 3399 3103 more
3457 3064 3523 3103 ex

276 3153 520 3208 κακεῖνο
548 3150 597 3205 δ’
623 3149 694 3203 ἂν
742 3148 985 3217 εἴποιμι,
1019 3147 1104 3200 ὅτι
1132 3143 1398 3209 πολλάκις
1443 3144 1554 3196 κάκ
1582 3141 1694 3194 τῶν
1718 3156 1845 3208 σμι-

1953 3138 2071 3199 sola
2113 3151 2223 3192 rem
2265 3148 2489 3191 externa
2544 3136 2683 3191 facie
2710 3137 2840 3191 velit
2888 3138 3266 3205 spectandam.
3322 3139 3427 3195 Sed
3467 3149 3520 3196 et

274 3245 428 3314 κρῶν
462 3242 560 3296 καὶ⁵
593 3239 989 3308 ἁπλουστέρων
1020 3232 1161 3289 εἶναι
1195 3233 1521 3298 δοκούντων,
1563 3231 1616 3284 εί
1640 3231 1705 3299 γέ
1730 3232 1849 3283 ἐστι

1954 3230 2006 3283 id
2030 3228 2376 3292 afﬂrmarim,
2413 3243 2478 3283 ex
2509 3229 2575 3284 iis
2604 3243 2823 3299 quoque
2853 3245 2974 3298 quae
3027 3233 3238 3286 modica
3269 3246 3334 3287 ac
3387 3234 3523 3288 sim-

274 3334 496 3401 καίρια,
520 3333 621 3402 οὐχ
656 3325 821 3403 ἧττον
846 3330 1015 3399 φύσις
1042 3326 1376 3397 γνωρίζεται
1405 3326 1438 3397 ἢ
1470 3326 1537 3378 ὲκ
1581 3322 1692 3376 τῶν
1723 3320 1849 3375 πολ-

1954 3322 2180 3393 pliciora
2206 3321 2481 3385 videntur,
2509 3319 2639 3375 dum
2669 3331 2848 3376 tamen
2877 3322 2968 3375 illa
3002 3333 3147 3376 certa
3180 3322 3370 3387 sintac
3396 3339 3522 3393 pro-

275 3425 387 3479 λῶν
413 3427 515 3478 καὶ
547 3421 914 3477 παντοδαπῶν
943 3419 1146 3490 ἔργων,
1177 3416 1373 3488 ῥυθμῷ
1396 3418 1491 3470 καὶ
1521 3415 1674 3478 τάξει
1697 3413 1849 3484 δεδη-

1955 3414 2095 3484 pria,
2130 3413 2266 3467 nihil
2300 3428 2443 3483 saepe
2465 3413 2650 3467 minus
2677 3413 2932 3482 cognosci
2966 3422 3237 3481 naturam,
3276 3431 3440 3486 quam
3470 3428 3529 3471 ut

276 3515 575 3585 λωμὲνων.
619 3513 778 3580 Λέγω
805 3512 864 3565 δι
906 3509 1119 3579 καίρια,
1151 3509 1255 3562 ὅσα
1302 3507 1409 3576 πέρ
1435 3507 1552 3558 ἔστι
1578 3501 1856 3575 δηλωτικὰ

277 3604 538 3674 φυσικῶν
594 3602 931 3673 ἰδιωμάτων,
957 3599 1029 3652 δι’
1057 3600 1094 3653 ἃ
1141 3615 1225 3662 τις
1273 3597 1385 3668 ἔχει
1415 3596 1595 3667 ψυχὴν
1626 3593 1852 3658 ειδέναι,

278 3696 503 3764 ἐρῶσαν
532 3693 750 3762 ἀγαθὴν
780 3688 943 3745 εἶναι.
967 3690 1138 3744 Ὅθεν
1170 3689 1469 3757 ἀνθέξομαι
1497 3686 1600 3756 τῆς
1630 3685 1855 3755 βουλῆς,

275 3787 446 3854 ὀλίγα
472 3787 578 3839 τῶν
599 3783 815 3838 ὲκείτιου
840 3782 1076 3850 διεξιὼν,
1111 3781 1207 3835 καὶ
1235 3779 1494 3844 συνελὼν,
1529 3778 1606 3841 ὡς
1635 3771 1749 3830 οἷόν
1771 3791 1855 3830 τε.

352 4056 611 4120 Ἐκεῖνος
645 4055 853 4119 τοίνυν,
875 4048 922 4107 ὦ
945 4053 1163 4123 ἄνδρες,
1193 4056 1222 4107 ὀ
1247 4054 1434 4107 πᾶσαν
1460 4054 1713 4123 γλῶτταν
1743 4066 1863 4103 πει-

279 4146 550 4217 ρωμένην
590 4144 757 4198 αὑτὸν
809 4145 1058 4197 ἐπαινεῖν
1090 4142 1239 4197 εἵσω
1273 4140 1582 4197 πίπτουσαν
1625 4140 1865 4208 ἀποφαί-

1958 3505 2127 3560 multa
2155 3505 2276 3573 quis
2308 3520 2372 3560 ac
2396 3508 2574 3560 omnis
2602 3505 2819 3574 generis
2892 3520 3056 3575 rpera
3091 3504 3283 3561 ordine
3318 3506 3524 3574 produ-

1958 3605 2069 3653 cat.
2096 3597 2257 3651 (Ierta
2287 3599 2411 3652 dico
2444 3612 2507 3651 ac
2540 3595 2787 3666 propria,
2811 3596 2857 3650 si
2899 3610 3005 3667 qua
3030 3597 3395 3666 proprietates
3424 3612 3525 3650 na-

1959 3698 2101 3743 tura:
2137 3689 2272 3743 satis
2296 3689 2560 3751 indicant,
2593 3698 2658 3740 ac
2690 3688 2890 3757 quibus
2916 3702 3016 3740 ceu
3064 3687 3385 3742 charactere
3439 3691 3524 3741 iu-

1961 3781 2232 3851 signiatur
2268 3781 2486 3834 animus
2520 3780 2649 3833 boni
2698 3793 2913 3833 amans.
2969 3777 3077 3833 Pro
3117 3779 3336 3848 consilii
3396 3794 3527 3848 ergo

1959 3874 2172 3927 ratione
2223 3887 2394 3941 pauca
2417 3872 2665 3941 quaedam
2693 3888 2758 3925 ac
2787 3873 3109 3941 compendio
3133 3912 3146 3938 ,
3197 3883 3254 3927 ut
3300 3872 3527 3937 licuerit,

1960 3964 2278 4020 edisseram.
3144 3960 3174 3993 °

2038 4057 2132 4110 llle
2183 4056 2371 4125 igitur,
2419 4054 2719 4116 auditores,
2788 4053 2943 4120 cujus
2975 4068 3063 4108 res
3118 4051 3392 4122 praeclarae
3437 4052 3531 4105 lin-

1969 4159 2129 4215 gnam
2180 4144 2655 4219 omnem‘laudare
2694 4143 2999 4198 studentem
3048 4142 3283 4197 debilem
3314 4142 3536 4208 faciant,

280 4254 419 4296 νων,
477 4236 570 4287 καὶ
604 4232 815 4303 περιὼν
862 4234 969 4299 ἔτι,
995 4232 1092 4285 καὶ
1142 4232 1420 4302 μεταστὰς
1466 4231 1594 4301 ἤδη,
1619 4232 1749 4293 παῖς
1789 4227 1849 4282 (in

1969 4250 2033 4289 ac
2063 4235 2464 4302 obtorpentcm,
2508 4233 2625 4288 sive
2649 4249 2772 4287 cum
2821 4233 3000 4288 adhuc
3036 4244 3311 4304 superstes
3369 4247 3529 4301 esset,

284 4326 507 4398 ἀρίστῳ
561 4323 794 4394 βασιλεῖ,
843 4321 978 4376 πολύ
1008 4339 1071 4378 τι.
1102 4325 1218 4384 τοῖς
1254 4322 1394 4375 υἱέσι
1442 4320 1715 4375 δεικνύντι
1747 4321 1849 4388 φίλ-

1972 4325 2086 4379 sive
2118 4324 2279 4378 modo
2326 4309 2451 4379 cum
2498 4323 2795 4379 defunctus
2851 4335 2977 4380 est:
3017 4340 3149 4380 cum
3196 4326 3530 4394 imperatoris

285 4435 446 4487 τρον,
481 4416 671 4484 ὥσπερ
700 4414 1085 4484 ἁμιλλώμενος
1114 4411 1182 4483 ἦν
1211 4414 1384 4483 αὐτῷ,
1411 4414 1674 4484 μηδαμῶς
1693 4415 1788 4473 εἰς
1805 4414 1849 4465 τε

1978 4417 2193 4486 Optimi,
2221 4416 2553 4485 multamque
2577 4419 2781 4472 amoris
2796 4419 2901 4471 vim
2929 4416 2982 4471 in
3003 4429 3159 4472 natos
3176 4419 3541 4480 ostendentis,

291 4515 505 4577 φιλεῖν,
534 4509 777 4562 κατόπιν
813 4507 980 4561 αὑτοῦ
1014 4507 1326 4576 λειφθῆναι.
1371 4506 1535 4559 Ὅθεν
1575 4505 1849 4575 θαυμάξω·

1976 4511 2158 4580 proles
2190 4521 2357 4574 esset,
2395 4510 2620 4563 omnino
2678 4510 2986 4563 enitebatur
3038 4525 3103 4564 ac
3156 4510 3541 4572 contendebat.

287 4606 386 4654 καὶ
425 4600 598 4669 φιλῶν
630 4601 797 4670 εἰπερ
830 4615 915 4661 τις
941 4598 1101 4661 ἄλλος
1136 4596 1516 4669 Ἀλέξανδρον,
1552 4599 1732 4650 πάντα
1776 4597 1849 4667 μὲι

1979 4612 2039 4656 ιιι
2071 4618 2141 4656 ne
2188 4603 2485 4671 quidquam
2511 4615 2698 4654 amore
2726 4586 2961 4656 cederet.
2991 4600 3355 4668 Quamobrem
3386 4664 3391 4673 ~
3419 4620 3543 4659 cum

289 4693 473 4761 ἡδέως
497 4690 565 4743 τὰ
588 4689 804 4742 ἐκείνου
837 4691 931 4741 καὶ
982 4687 1200 4741 ἁκούων
1227 4682 1319 4757 ἦν,
1358 4688 1452 4740 καὶ
1491 4688 1549 4741 λέ
1564 4705 1687 4754 (ων,
1724 4688 1849 4740 ὁπότ

1977 4696 2362 4760 admiraretur,
2398 4709 2461 4749 ac
2493 4694 2536 4749 si
2571 4694 2705 4763 quis.
2730 4694 2892 4758 alius,
2928 4698 3543 4761 amaretAlcxandrum,

287 4782 425 4851 ἐξῆν
452 4798 467 4812 °
500 4781 556 4834 τὺ
591 4782 673 4845 δὲ,
721 4779 817 4833 τοῦ
845 4780 1055 4851 πατρὸς
1083 4779 1357 4832 Φιλίππου
1387 4780 1525 4849 πρὶς
1553 4780 1718 4832 αὐτόν
1742 4796 1843 4831 ποτ

1979 4790 2205 4858 ejusque
2235 4788 2425 4841 lubens
2453 4787 2659 4849 omnia,
2715 4796 2981 4857 quantum
3035 4788 3247 4851 liceret,
3302 4790 3540 4855 audiret,

292 4873 594 4943 εἰρηκότος
627 4913 644 4939 ,
684 4872 832 4924 Φιλῶ
882 4887 942 4923 σε
991 4871 1217 4940 σφόδρα.
1249 4864 1293 4923 ὧ
1340 4873 1461 4933 παῖ,
1500 4874 1591 4922 τὸν
1623 4872 1848 4936 Ἀλέξαν

1981 4882 2292 4949 diceretque
2331 4896 2345 4943 ;
2398 4879 2527 4933 illud
2563 4889 2771 4943 tamen,
2806 4892 2860 4933 ut
2887 4896 3009 4933 cum
3055 4880 3357 4950 Philippus
3388 4895 3543 4951 pater

287 4967 428 5036 ὅρον
481 4968 676 5029 εἰπεῖν,
712 4963 883 5031 Κάγὼ
936 4965 1184 5031 φιλῶκσε
1217 4965 1308 5016 τὸν
1345 4962 1587 5034 ἐμαυτοῦ
1617 4964 1831 5032 πατέρα

1970 4970 2307 5039 (quandoque
2349 4967 2575 5021 dixisset
2609 4983 2623 5021 :
2683 4965 2795 5037 Ego
2814 4979 2862 5021 te
2906 4969 2989 5037 ﬁli
3025 4986 3167 5032 amo,
3204 4975 3546 5039 responderit

288 5058 469 5110 τοῦτο
493 5058 548 5110 δὲ
585 5061 799 5110 ἐκεῖνον
826 5056 990 5120 ἀξίως
1021 5055 1217 5109 ἑαυτοῦ
1248 5059 1414 5123 φάναι
1449 5054 1690 5109 τοιοῦτον
1725 5054 1849 5106 ὄντα

1982 5062 2109 5115 ille:
2147 5060 2258 5129 Ego
2295 5075 2495 5129 quovue
2522 5070 2570 5113 te
2619 5076 2739 5113 amo
2765 5077 2934 5115 meum
2969 5076 3214 5126 patrem:
3241 5065 3384 5118 haud
3451 5067 3545 5119 illo

286 5149 404 5201 οὐδ’
442 5148 747 5201 ὁπωστιοῦν
792 5149 1001 5217 ἡγεῖτο,
1053 5149 1173 5201 οὐδὲ
1225 5149 1424 5219 ῥᾳδίως
1477 5147 1712 5216 ἔφερενσ
1761 5146 1849 5197 ἀλ)

1980 5152 2145 5222 digne
2174 5153 2407 5217 dictum,
2445 5165 2566 5205 cum
2622 5162 2806 5206 tantus
2838 5163 3007 5217 esset,
3041 5154 3264 5208 omnino
3309 5156 3547 5209 arbitra-

290 5238 576 5308 ὴσχύνετο
597 5240 689 5293 διὰ
715 5239 816 5309 τὴν
847 5241 981 5310 πρὸς
1006 5240 1096 5291 τὸν
1121 5239 1290 5309 ἄνδρα
1320 5239 1505 5307 φιλίαν
1524 5257 1538 5270 θ
1574 5240 1637 5290 οὐ
1678 5239 1787 5308 γὰρ
1815 5237 1848 5291 ἂ

1983 5245 2167 5311 batur,
2194 5261 2292 5299 nec
2314 5260 2501 5312 aequus
2541 5243 2753 5297 ferebat
2793 5262 2807 5310 ;
2852 5247 2982 5313 quin
3013 5246 3131 5315 ejus
3153 5262 3276 5301 cum
3311 5248 3547 5316 pudebat

286 5330 763 5401 παραιτήσασθαι
808 5331 901 5384 τὸν
934 5330 1285 5398 Ἀλέξανδρον
1318 5331 1423 5383 ὑπὸ
1452 5330 1546 5382 τοῦ
1594 5329 1849 5383 διαϐαλλό

1988 5353 2084 5406 pru
2118 5337 2221 5389 viri
2249 5336 2553 5389 reverentia
2586 5335 2888 5400 ;nimirum
2926 5335 3018 5387 illo
3074 5346 3387 5400 accusante,
3438 5351 3546 5389 non

292 5439 499 5491 μενον,
528 5422 608 5493 τῷ
632 5438 697 5491 γε
737 5421 1207 5492 ἀπολογήσασθαι,
1237 5422 1311 5484 ὡς
1338 5423 1435 5473 οὐκ
1466 5422 1713 5475 ἐϐούλετο
1753 5422 1849 5488 ψεύ

1988 5427 2321 5479 detractessc
2346 5440 2445 5492 pro
2468 5424 2757 5477 mendacio
2787 5438 3076 5489 excusare,
3102 5433 3359 5494 tanquam
3379 5427 3548 5495 patris

289 5514 534 5579 σασθαι,
567 5514 758 5583 ὥσπερ
788 5514 892 5567 οὐκ
938 5514 1076 5579 ἐνὸν,
1107 5513 1207 5582 τὴν
1252 5513 1346 5566 τοῦ
1397 5516 1601 5584 πατρὸς
1637 5516 1849 5583 nam

1987 5519 2331 5579 dilectionem
2379 5516 3193 5583 prmliabcnticharissimorum
3251 5521 3451 5583 amori,
3487 5541 3551 5575 ca

286 5606 398 5676 τῆς
455 5605 570 5659 τῶν
625 5605 905 5675 φιλτάτων
954 5606 1283 5676 προτιθέντα
1310 5644 1325 5669 ,
1360 5607 1530 5674 Κάγὼ
1573 5623 1654 5670 σε,
1684 5608 1849 5675 πάτερ

1987 5610 2150 5661 verba
2183 5609 2236 5661 in
2277 5614 2531 5677 promptu
2564 5620 2670 5659 non
2709 5604 2941 5660 fuissent
2970 5622 2983 5659 :
3014 5604 3125 5676 Ego
3147 5615 3194 5660 te
3211 5625 3433 5679 quoque,
3458 5626 3553 5679 pa-

286 5695 693 5769 είπεῖν,φιλῶ,
723 5699 819 5753 καὶ
843 5698 1058 5770 φιλήσω
1080 5714 1141 5769 γε
1162 5699 1271 5763 ἀεὶ,
1299 5699 1393 5752 καὶ
1409 5699 1470 5752 οὐ
1495 5702 1849 5771 παραχωρήσι

1990 5712 2090 5766 ter,
2106 5716 2245 5773 nino,
2274 5714 2487 5769 sinuque
2510 5714 2711 5769 semper
2734 5709 3032 5770 amaturus,
3057 5717 3149 5757 nec
3180 5702 3334 5772 facile
3363 5720 3553 5757 anum-
