4024 6210
490 285 593 348 199

1670 278 2076 338 MANUELIS
2114 279 2567 339 PALtEOLOGI

3624 280 3737 365 .20)

481 397 549 446 do
593 392 834 461 superari
878 390 1203 459 permittam,
1268 390 1358 458 qui
1403 389 1558 443 velim
1607 402 1867 459 prwstare
1910 393 2082 458 quod,

2187 410 2235 445 οι
2260 393 2459 463 ῥᾳδίως
2485 393 2601 445 τῶν
2624 394 2908 461 πρωτείων
2940 395 2996 446 ὲν
3020 392 3095 465 τῷ
3125 392 3323 462 φιλεῖν,
3352 393 3537 449 δίκαια
3568 397 3735 465 πράτα

480 488 567 543 ius
597 486 768 545 habet,
791 495 895 535 tum
924 484 1048 550 quia
1075 498 1165 550 per
1199 492 1247 536 te
1275 484 1396 545 sim,
1415 494 1525 535 tum
1551 486 1676 552 quia
1702 500 1849 536 auter
1888 486 2061 552 pluri-

482 576 781 643 mum,qnia
816 573 1110 639 disciplinis
1146 574 1391 627 excultus
1426 592 1664 640 mugnaa
1688 586 1737 628 te
1752 577 2059 644 acceperim,

483 683 548 719 ac
579 664 784 733 majora
814 679 1012 731 sperem
1045 677 1408 731 accepturum.
1454 664 1545 720 Sic
1577 668 1762 735 itaque
1824 669 2063 722 habebnt

481 761 549 813 ad
579 767 812 827 patrem,
851 774 949 811 nec
978 756 1277 825 quidquam
1328 758 1581 811 dissimili
1626 761 1837 814 ratione
1869 760 2063 815 habuit

480 852 546 903 ad
576 860 827 903 matrem.
855 848 990 903 Cum
1038 851 1182 903 enim
1232 850 1296 904 ad
1327 866 1519 906 omnes
1563 852 1842 907 modestus
1892 863 2060 917 esset,

483 957 581 995 nec
624 941 919 1009 quidquam
953 943 1325 995 contentionis
1371 958 1585 1007 amans,
1638 949 1846 1000 amoris
1880 955 2061 1002 tamen

482 1048 546 1086 ac
588 1031 958 1084 beneficentia!
1012 1032 1256 1098 partibus
1323 1033 1612 1088 universos
1664 1038 1882 1089 vincere
1932 1051 2064 1091 con-

488 1124 750 1176 tendebat
802 1142 815 1187 ;
860 1123 1152 1193 facilisque
1202 1126 1366 1179 vitam
1419 1127 1718 1193 amisisset,
1770 1138 1822 1180 ut
1857 1130 2063 1184 amoris

485 1216 591 1269 vim
629 1225 888 1284 quautam
917 1217 1161 1275 haberet.
1192 1218 1529 1273 ostenderet.
1564 1219 1702 1273 Cum
1727 1235 1855 1273 vero
1886 1221 2060 1274 multa

484 1324 547 1361 ac
577 1324 771 1378 magna
801 1318 1080 1378 superent,
1111 1311 1309 1379 quibus
1336 1312 1537 1379 possim
1565 1312 1638 1363 rei
1678 1312 1854 1365 facere
1881 1314 2061 1378 fidem,

486 1401 573 1453 ubi
611 1411 794 1454 tamen
851 1402 1085 1455 duorum
1141 1414 1351 1455 tantum
1403 1404 1723 1471 meminero,
1776 1422 1887 1459 rem
1927 1408 2066 1462 satis

485 1494 827 1549 Confecero:
903 1510 1221 1564 quanquam
1262 1506 1316 1550 et
1354 1495 1443 1549 illa
1507 1499 1697 1553 multis
1758 1500 1825 1553 de
1880 1502 2065 1556 causis

486 1602 604 1641 sum
634 1588 961 1649 compendio
990 1588 1237 1642 dicturus
1283 1606 1297 1653 ;
1351 1606 1473 1643 cum
1510 1606 1609 1645 nec
1669 1592 1875 1662 alioqui
1928 1593 2063 1648 mihi

485 1692 669 1731 sermo
695 1676 768 1728 sit
803 1677 867 1730 ad
900 1691 997 1731 eos
1031 1678 1123 1747 qui
1148 1668 1427 1734 nesciant.

555 1768 822 1839 Vigebant
858 1770 1023 1835 mala,
1067 1772 1347 1841 tristisque
1380 1773 1537 1830 nobis
1579 1774 1797 1830 fortuna
1830 1777 1894 1831 ad
1925 1792 2072 1832 sum-

486 1878 633 1915 mum
688 1874 1036 1931 provexerat.
1086 1862 1200 1917 Jam
1271 1866 1538 1933 siquidem
1588 1877 1746 1934 capta
1802 1869 1935 1921 urbe
1969 1869 2070 1938 (l),

487 1971 584 2009 arx
619 1955 690 2009 ita
716 1955 800 2008 vix
835 1970 941 2008 non
965 1956 1792 2025 provorabatcapturoshostcs,
1825 1975 1948 2013 cum
1971 1961 2074 2012 mi.

491 2051 571 2103 les
593 2048 841 2102 Persicus
862 2048 1031 2102 muris
1067 2048 1315 2101 haereret.
1342 2048 1563 2101 lutei-im
1594 2064 1723 2119 ergo
1749 2064 1808 2104 se
1845 2050 1954 2103 dux
1988 2066 2075 2104 sa-

491 2152 773 2195 cramento
806 2141 1122 2211 obstringit,
1178 2137 1531 2210 obstringunt
1556 2156 1776 2212 quoque
1818 2146 2074 2214 praecipui

491 2237 731 2307 praefecti
768 2237 1103 2304 tribunique,
1142 2236 1471 2289 incolumem
1512 2235 1839 2291 remissuros
1876 2238 2077 2307 inpro-

490 2329 755 2383 vineiam.
788 2328 919 2381 Erat
951 2328 1064 2380 hac
1100 2327 1295 2380 civitas
1350 2325 1680 2381 Macedonia:
1738 2329 2076 2396 metropolis,

492 2434 557 2473 ac
610 2418 955 2472 urbesalize:
1024 2433 1260 2486 rumque
1304 2418 1438 2470 adeo
1477 2419 1815 2485 parentibus,
1883 2403 2081 2490 ineque

495 2513 635 2581 ipso,
662 2526 724 2564 ac
756 2524 992 2579 quorum
1025 2510 1090 2563 de
1122 2525 1188 2562 eo
1212 2510 1515 2563 deliberare
1556 2512 1837 2575 intererat,
1891 2528 2081 2567 assen-

495 2601 781 2661 tientibus,
807 2615 898 2654 res
928 2600 980 2653 in
1012 2609 1263 2669 promptu
1289 2610 1452 2660 esset.
1501 2601 1668 2669 cmpit
1733 2604 2077 2669 postmodum

494 2701 702 2762 patrem
730 2690 1035 2760 poenitere:
1094 2691 1169 2744 fni
1207 2707 1334 2745 vero
1385 2693 1502 2762 ipse
1537 2694 1590 2747 in
1629 2709 1818 2757 causa,
1868 2696 2081 2751 tametsi

498 2782 711 2837 nolens.
746 2779 839 2835 Sic
863 2796 1027 2851 porro
1049 2796 1137 2835 res
1170 2780 1381 2836 habuit.

570 2960 651 3015 Me
673 2969 835 3030 caput
861 2973 925 3013 ac
954 2958 1119 3028 pedes
1145 2952 1492 3014 vulneratum
1549 2961 1602 3015 in
1656 2976 1754 3015 sua
1795 2960 1885 3015 ille
1922 2976 2083 3016 exce-

2164 503 2278 538 τειν
2308 484 2507 537 ἐθέλων
2530 500 2542 514 ·
2590 486 2751 537 τοῦτο
2800 485 2922 552 μὲν,
2959 486 3019 537 τὸ
3055 482 3197 537 εἶναι
3227 486 3365 555 ἔχων
3414 488 3566 556 παρ-ὰ
3600 487 3695 540 σοῦ
3718 498 3743 516 ·’

2162 578 2323 629 τοῦτο
2345 578 2421 642 δὲ,
2452 578 2514 629 τὸ
2559 577 2766 647 σφόδρα
2812 577 3125 645 φιλεῖσθαι⁸
3157 578 3315 630 τοῦτο
3343 579 3419 643 δὲ,
3444 581 3505 630 τὸ
3536 596 3739 631 πεπαι-

2164 666 2413 729 δεῦσθαι,
2441 668 2537 719 καὶ
2582 667 2841 735 μεγάλων
2888 666 3109 734 ἀγαθῶν
3152 668 3606 733 ἀπολελαυκέναι,
3641 674 3739 722 καὶ

2164 760 2460 829 ἠλπικέναι
2491 759 2764 830 λήψεσθαι
2790 760 2985 830 μείζω.
3011 756 3138 829 Εἶχε
3176 760 3276 830 μὲν
3303 760 3474 824 οὕτως
3504 763 3654 831 αύτῷ
3670 766 3741 817 τά

2165 850 2303 922 πρὸς
2346 851 2438 903 τὸν
2502 852 2750 921 πατέρα’
2788 846 2902 921 εἶχε
2935 852 2992 903 δὲ
3021 850 3085 903 αὖ
3117 854 3317 920 ὁμοίως
3349 854 3443 905 καὶ
3488 856 3557 906 τά
3602 856 3742 925 πρὸς

2163 942 2262 1011 τὴν
2304 944 2536 1011 μητέρα.
2575 944 2670 994 Ὧν
2721 942 2830 1012 γὰρ
2883 943 3021 1010 πρὸς
3068 944 3283 1006 πάντας
3342 945 3587 1015 μέτριος,
3643 948 3741 998 aut

2168 1032 2424 1103 μηδαμοῦ
2458 1032 2699 1103 δύσερις,
2735 1033 2880 1085 κατὰ
2919 1033 2979 1084 τὸ
3007 1034 3183 1102 φιλεῖν
3214 1038 3309 1087 καὶ
3349 1030 3410 1087 εὖ
3440 1039 3615 1089 ποιεῖν
3645 1040 3745 1091 καὶ

2165 1127 2500 1192 ἀποδιδόναι,
2530 1127 2751 1196 κρατεῖν
2775 1128 3030 1179 ἀπάντων
3060 1127 3386 1194 ἐφιλοιείκει
3406 1142 3419 1157 ⁸
3448 1130 3541 1179 καὶ
3566 1131 3745 1201 ῥᾷστα

2165 1215 2231 1268 ἂν
2259 1216 2437 1285 ἀφῆκε
2476 1217 2568 1266 καὶ
2612 1214 2674 1267 τὸ
2704 1215 2827 1282 ζῇν,
2857 1214 3007 1277 ὅπως
3039 1213 3101 1265 τὸ
3140 1214 3364 1282 φίλτρον
3394 1213 3543 1278 ὅσον,
3571 1216 3744 1267 ἐνδεί-

2168 1307 2349 1374 ξηται.
2390 1306 2609 1359 Πολλῶν
2637 1306 2693 1359 δὲ
2725 1305 2896 1358 ὅντων
2931 1305 3210 1374 μεγάλων,
3243 1306 3312 1358 δι’
3342 1300 3416 1359 ὧν
3451 1308 3517 1360 ἂν
3553 1306 3743 1377 ἔχοιμι

2166 1400 2399 1467 τάληθὲς
2439 1398 2659 1468 δηλοῦν,
2693 1398 2839 1451 δυοῖν
2880 1415 2947 1465 γε
3003 1399 3166 1467 μόνον
3215 1398 3501 1468 μνησθεὶς,
3536 1400 3745 1454 αὐτίκα

2165 1493 2227 1546 τὸ
2280 1495 2388 1545 πᾶν
2449 1490 2825 1559 ἐπιδείξομαιο
2891 1490 3070 1543 καίτοι
3144 1490 3454 1544 καὶταῦτα
3502 1491 3747 1545 συνελὼν

2168 1584 2279 1654 ἐρῶ
2320 1564 2533 1635 πολλῶν
2575 1582 2779 1635 ἕνεκα·
2828 1582 2951 1633 ἐπεὶ
2996 1582 3089 1635 καὶ
3156 1582 3335 1645 ἄλλως
3385 1599 3449 1651 γε
3497 1584 3559 1637 ού
3608 1586 3751 1655 πρὶς

2170 1676 2505 1745 ἀγνοοῦντας
2527 1676 2663 1745 ήμῖν
2691 1675 2718 1725 ὁ
2748 1674 2924 1740 λόγος.

2246 1766 2354 1823 Ἷιν
2382 1770 2438 1820 ἐν
2471 1768 2625 1837 ἀκμῇ
2656 1766 2722 1818 τά
2751 1768 2922 1828 κακά,
2954 1765 3047 1819 καὶ
3077 1766 3145 1820 τὰ
3172 1767 3271 1835 τῆς
3301 1768 3593 1839 δυστυχίας
3614 1772 3751 1839 ήμῖν

2175 1864 2231 1924 ἐς
2262 1862 2432 1929 ἄκρον
2462 1858 2785 1929 ἐληλακότα.
2819 1860 2932 1912 Καὶ
2960 1859 3140 1911 τοίνυν
3164 1860 3260 1912 τοῦ
3290 1863 3393 1930 μὲν
3422 1862 3614 1924 ἄστεος
3642 1864 3750 1935 ήδη

2174 1938 2620 2021 κατειλημμένου
2645 1990 2661 2016 ,
2701 1951 2801 2018 τῆς
2827 1951 2884 2003 δὲ
2923 1950 3273 2021 ἀκροπόλεως
3307 1958 3593 2023 μονονουχὶ
3612 1971 3753 2023 προ-

2174 2045 2518 2114 καλουμένης
2550 2044 2681 2106 τοὺς
2736 2041 3103 2111 ληψομένους,
3168 2044 3264 2112 τῆς
3321 2047 3587 2114 στρατιᾶς
3647 2046 3753 2115 τῆς

2178 2140 2455 2210 Περσικῆς
2498 2137 2966 2209 προσπελασάσης
3017 2138 3095 2208 τῷ
3126 2139 3318 2209 τείχει,
3347 2139 3613 2208 ὀμνύντος
3652 2143 3756 2210 μὲν

2179 2233 2273 2287 τοῦ
2316 2232 2651 2304 στρατηγοῦ,
2683 2232 2966 2301 όμνύντων
2987 2231 3041 2283 δὲ
3068 2230 3174 2284 τῶν
3211 2232 3499 2303 ἐκκρίτων,
3539 2235 3756 2287 ἐκεῖνον

2180 2326 2292 2378 σῶν
2348 2326 2426 2387 είς
2459 2324 2558 2393 τὴν
2593 2323 2762 2376 αὑτοῦ
2813 2324 3213 2393 παραπέμψειν
3258 2326 3470 2394 ἀρχήν*
3524 2320 3593 2396 ἧν
3619 2325 3676 2377 δὲ
3714 2328 3757 2395 ἠ

2185 2418 2520 2488 μητρόπολις
2548 2416 2887 2479 Μακεδονίας
2924 2417 3021 2470 καὶ
3052 2416 3238 2480 πόλεις
3267 2417 3439 2471 σάλλαι
3460 2433 3475 2449 ·
3504 2419 3532 2470 ὅ
3557 2435 3615 2470 τε
3645 2435 3760 2471 παι

2180 2515 2306 2581 τὴρ,
2334 2511 2369 2579 ἦ
2400 2527 2460 2563 τε
2506 2512 2692 2580 μήτηρ
2719 2510 2897 2576 κάγὼ,
2932 2512 3028 2565 καὶ
3065 2506 3145 2573 οἷς
3176 2510 3413 2581 ἐμέλησε
3453 2512 3583 2581 περ).
3604 2511 3760 2563 ὲκεί-

2183 2622 2275 2659 νου
2333 2602 2750 2673 βουλεύσασθαι,
2788 2601 3165 2664 ωναινοῦντες
3208 2597 3354 2671 ἦμεν
3408 2605 3474 2671 τῇ
3530 2603 3763 2671 πράξει,

2183 2697 2336 2758 δντος
2360 2695 2415 2747 δὲ
2447 2695 2505 2746 ὲν
2533 2696 2718 2764 χεροῖν
2746 2693 2843 2745 τοῦ
2879 2693 3064 2761 ἔργου,
3098 2692 3290 2744 ἔπειτα
3318 2693 3625 2762 μετάμελος
3646 2690 3763 2763 ἦκα

2183 2785 2263 2855 τῷ
2290 2787 2492 2855 πατρί’
2542 2781 2610 2855 ἢν
2645 2784 2704 2836 δὲ
2732 2783 2906 2845 αἴτιος
2949 2781 3083 2851 ἐγὼ,
3124 2782 3392 2853 μηδαμῶς
3428 2782 3766 2853 βουλόμενος

2185 2872 2353 2930 εῖναι.
2382 2876 2589 2945 Συνέϐη
2619 2875 2675 2927 δὲ
2700 2876 2819 2929 ὡδί.

2258 2969 2302 3022 Τ
2307 2970 2617 3039 ετρωμένον
2657 2984 2723 3037 με
2769 2968 2867 3026 τὴν
2900 2965 3145 3036 κεφαλὴν
3173 2966 3269 3019 καὶ
3309 2965 3390 3018 τὼ
3425 2966 3576 3032 πόδε,
3609 2961 3769 3037 εἶχεν

498 3061 652 3123 perat
677 3068 876 3123 genua.
910 3048 1161 3104 Manebat
1191 3064 1318 3103 vero
1366 3049 1643 3111 immotus.
1685 3067 1752 3104 ne
1793 3052 2080 3105 minimum

505 3144 716 3163 _--!J-,-_
764 3156 950 3163 --__--,.
994 3143 1202 3163 -_2n.‘....
1273 3154 1369 3163 ..ι-Α
1423 3139 1704 3163 ..Νημιξληρ
1743 3142 1793 3163 ε..
1845 3156 1928 3163 ..-Α
1966 3156 2057 3163 ---Α

2187 3060 2554 3131 ἀνακείμενον
2589 3061 2684 3113 ἐπὶ
2711 3059 2821 3113 τῶν
2861 3061 3126 3139 γονάτων.
3166 3060 3277 3112 Καὶ
3298 3059 3569 3130 διέμεινεν
3599 3060 3771 3128 ἀτρέ-

499 3144 720 3211 quidem
757 3156 954 3210 corpus
992 3143 1205 3208 agitans
1231 3179 1244 3202 ,
1273 3154 1372 3207 pro
1422 3139 1707 3194 affectione
1743 3142 1797 3194 in
1845 3156 1931 3195 me
1963 3156 2085 3197 sua.

499 3230 1612 3297 Sciebatenimaugendummihidolorem
1642 3239 1776 3283 utse
1812 3231 1927 3299 ipse
1968 3247 2087 3284 Ino-

501 3334 672 3378 veret.
703 3323 839 3377 Cum
871 3322 951 3374 sic
974 3335 1105 3390 ergo
1143 3320 1211 3374 ab
1243 3335 1428 3375 amore
1454 3321 1758 3375 indivnlsus
1782 3332 1949 3386 esset,
1974 3337 2094 3376 ma-

501 3417 670 3473 nebat
703 3431 851 3470 meas
880 3415 1149 3483 lacrymas
1173 3428 1393 3468 curans.
1420 3412 1574 3468 llaud
1606 3416 1752 3467 enim
1776 3414 1934 3470 facile
1954 3416 2093 3471 fere-

503 3509 597 3561 bat
628 3522 658 3560 a
681 3521 763 3558 me
791 3505 1060 3574 separari,
1080 3505 1171 3573 qui
1202 3518 1323 3557 esse
1347 3507 1415 3556 ab
1447 3519 1514 3557 eo
1542 3502 1853 3573 separatum
1891 3507 2092 3561 feram.

502 3600 624 3655 Jam
665 3599 811 3652 enim
838 3598 925 3651 ille
953 3613 1076 3651 eum
1105 3596 1336 3650 mortuis
1358 3598 1608 3652 conditus
1638 3606 1744 3662 est,
1769 3613 1976 3668 nosque
2000 3599 2095 3653 ad-

507 3695 614 3748 huc
661 3702 963 3756 exstamus,
992 3706 1056 3745 ac
1092 3692 1429 3746 sustinemus
1455 3692 1709 3747 sensilem
1738 3692 1882 3747 hunc
1920 3693 2091 3748 solem

508 3786 776 3857 aspicere,
812 3794 1099 3853 postquam
1148 3783 1231 3836 sul
1284 3783 1375 3838 ille
1424 3800 1584 3839 meus
1645 3785 1867 3849 occidit,
1928 3802 2090 3856 quem

510 3896 674 3948 supra
721 3877 1068 3945 splendentes
1096 3874 1259 3929 hosce
1289 3875 1472 3931 radios
1515 3878 1744 3931 charum
1802 3878 2094 3932 habebam.

509 3971 730 4025 Interim
765 3982 894 4036 ergo
927 3965 1057 4020 dum
1095 3981 1275 4020 moras
1310 3966 1497 4031 trahit,
1562 3969 1625 4021 ad
1660 3985 1748 4022 me
1808 3970 1959 4023 venit
1999 3972 2093 4039 qui

512 4062 750 4125 nuntiet,
785 4069 843 4115 ut
884 4068 1035 4129 pater
1082 4058 1369 4112 consilium
1438 4060 1680 4121 mutarit,
1736 4062 1861 4116 vitae
1922 4063 2093 4116 aleam

511 4155 741 4218 veritus,
777 4162 833 4205 nt
864 4151 1105 4222 suspicio
1133 4151 1274 4206 foret
1303 4150 1493 4205 iniisse
1518 4151 1868 4206 Theodorum
1910 4153 2093 4223 fugam

512 4248 632 4317 ipso
686 4245 972 4317 probante.
1014 4243 1111 4297 Vix
1177 4260 1325 4299 ame
1379 4244 1647 4309 audierat,
1715 4263 1837 4300 eum
1895 4248 2098 4301 nullius

512 4355 700 4402 suasu,
731 4349 894 4392 autve
916 4347 1257 4405 exspectans,
1287 4337 1381 4406 qui
1432 4337 1838 4402 adhortaretur,
1893 4343 2100 4411 quique

2194 3170 2325 3224 μας,
2358 3153 2625 3223 μηδαμῶς
2657 3154 2720 3206 τδ
2751 3153 2914 3223 σῶμα
2943 3153 3112 3206 κινῶν
3164 3152 3331 3221 οἴκτῳ
3356 3152 3437 3223 τῷ
3465 3152 3600 3223 πρὸς
3635 3153 3770 3222 tus.

2195 3245 2381 3313 Ἔγνω
2414 3247 2524 3316 γάρ
2555 3246 2631 3305 ὡς
2656 3245 2923 3315 κινηθεὶς,
2942 3245 3134 3314 ὀδύνην
3157 3244 3487 3315 προξενήσει
3513 3247 3771 3313 μουςταῖς

2192 3340 2456 3409 πληγαῖς.
2482 3338 2578 3391 Ὃν
2610 3339 2667 3391 δὲ
2694 3339 3151 3405 δυσαπόσπαστος
3181 3338 3270 3391 διὰ
3306 3336 3367 3389 τδ
3395 3338 3594 3405 φιλεῖν,
3632 3337 3774 3405 ἔμε-

2138 3490 2145 3499 ,
2194 3448 2285 3483 νεν
2345 3431 2739 3499 ὲπιμελόμενός
2796 3446 2899 3499 μου
2949 3429 3229 3496 δακρύων.
3291 3430 3368 3482 Οὐ
3417 3431 3524 3498 γάρ
3566 3429 3773 3499 ῥᾳδίως

2194 3523 2359 3593 ἐιρερε
2382 3525 2473 3576 τὸν
2503 3524 2637 3592 ἐμὸν
2660 3524 2963 3593 χωρισμὸν,
2988 3522 3080 3577 τοῦ
3113 3526 3207 3576 τὸν
3236 3522 3446 3577 ἐκείνου
3479 3524 3770 3591 φέροντος.

2197 3619 2309 3672 Καὶ
2345 3624 2455 3688 γάρ
2483 3620 2695 3681 ἐκεῖνος
2752 3618 2893 3687 μετὰ
2921 3619 3028 3670 τῶν
3058 3618 3272 3686 νεκρῶν
3293 3618 3392 3687 ήδη
3426 3618 3771 3685 κέκρυπται·

2195 3708 2359 3777 ἡμεῖς
2402 3706 2447 3757 δ’
2487 3707 2545 3758 ὲν
2590 3707 2758 3771 ζῶσιν
2791 3707 2871 3758 ἔτι
2903 3707 3234 3775 φαινόμεθα,
3283 3707 3376 3759 καὶ
3421 3707 3637 3758 τουτονὶ
3674 3706 3774 3758 τὸν

2195 3801 2349 3870 ἣλιον
2378 3801 2512 3870 δρᾷν
2538 3800 2868 3869 άνεχόμεθα,
2894 3800 3104 3853 ἐκείνου
3136 3799 3327 3862 δύντος
3372 3799 3477 3851 ὑπὸ
3509 3799 3608 3869 τὴν
3636 3800 3770 3869 γῆν,

2196 3892 2255 3955 ὃς
2300 3888 2369 3963 ἦν
2420 3893 2583 3961 ἡδίων
2617 3892 2745 3960 ἐμοὶ
2783 3892 3017 3958 ταυτησὶ
3055 3893 3155 3960 τῆς
3220 3891 3481 3960 λαμπρᾶς
3525 3892 3774 3952 ἀκτῖνος.

2211 3983 2301 4036 Ἑν
2327 3982 2391 4051 δὴ
2425 3982 2503 4052 τῷ
2545 3981 2763 4051 μέλλειν
2797 3982 3029 4045 ἐκεῖνον,
3060 3975 3164 4052 ἧκέ
3199 3997 3281 4043 τις
3313 3980 3595 4048 ἀγγέλλων
3628 3981 3771 4046 πρὸς

2199 4078 2322 4144 ἐμὲ,
2345 4075 2418 4137 ὼς
2452 4076 2479 4127 ὁ
2513 4074 2694 4146 πατὴρ
2726 4076 3106 4143 μεταμέλοιτο,
3133 4075 3320 4135 δεδιὼς
3357 4073 3486 4142 περὶ
3514 4070 3606 4124 τοῦ
3642 4072 3771 4142 ζῇν,

2200 4170 2266 4219 ἂν
2317 4168 2344 4219 ὁ
2384 4166 2631 4234 δρασμὸς
2686 4165 3003 4235 ὑποπτευθῇ
3056 4163 3387 4233 γεγενῆσθαι
3445 4166 3510 4233 τῇ
3557 4164 3773 4217 ἐκείνου

2201 4260 2415 4330 γνώμῃ.
2442 4260 2550 4313 Καὶ
2571 4258 2628 4321 ὃς
2661 4259 2853 4327 μαθὼν
2880 4259 2971 4311 ὑπ’
3007 4258 3165 4327 ἐμοῦ.
3198 4260 3337 4327 μήτε
3363 4257 3458 4309 τοῦ
3487 4257 3776 4319 πείσοντος

2201 4350 2440 4418 δεηθεὶς.
2487 4351 2625 4419 μήτε
2668 4350 2794 4410 τοὺς
2854 4349 3345 4414 παρακαλέσοντας
3375 4349 3699 4418 άναμείνις.
3737 4349 3773 4418 ἢ

515 4438 734 4499 rogaret
758 4444 823 4481 ne
844 4429 1133 4481 stationem
1169 4429 1443 4483 desereret
1477 4432 1858 4511 in.summum
1921 4434 2082 4485 addu-

2202 4444 2328 4502 τοὺς
2364 4439 2695 4503 ἀξιώσοντας
2736 4439 2878 4510 ὑπὲρ
2903 4441 3002 4510 τῆς
3031 4441 3199 4510 μονῆς
3221 4441 3319 4511 τῆς
3348 4441 3431 4504 είς
3462 4442 3567 4493 πᾶν
3596 4442 3776 4494 δεινὸν

514 4530 728 4573 centeni
762 4519 1079 4584 discrimen,
1118 4535 1231 4573 suae
1266 4521 1437 4589 ipsius
1465 4495 1626 4576 saluti
1658 4539 1721 4577 ac
1751 4524 1895 4590 vita,
1917 4535 2097 4594 pater-

517 4628 640 4666 nam
666 4613 952 4680 anteponit
1016 4611 1374 4677 voluntatem,
1411 4628 1479 4668 ne
1529 4630 1706 4667 meum
1757 4617 1971 4686 quidem
2030 4633 2093 4673 ea

516 4714 670 4774 parte
705 4705 994 4759 consilium
1065 4705 1375 4774 requirens,
1424 4722 1489 4760 ac
1535 4722 1633 4761 nec
1678 4709 1890 4773 matris,
1947 4712 2093 4781 quod

516 4797 702 4867 probis
729 4797 853 4851 ﬁliis
889 4797 1066 4867 majus
1105 4797 1361 4851 omnibus
1390 4807 1493 4854 est.
1537 4799 1773 4854 Sedebat
1810 4819 1938 4873 ergo
1974 4806 2095 4859 fixis

518 4892 571 4944 in
610 4892 808 4943 terram
844 4891 1166 4954 luminibus,
1214 4889 1505 4962 dirumque
1532 4896 1821 4960 quemdam
1877 4899 2099 4951 car-nili-

516 4999 634 5038 cem
672 4984 855 5036 animo
885 4983 1157 5047 versabat,
1186 4997 1311 5036 eum
1352 4999 1448 5054 per
1477 5000 1601 5037 eum
1656 4995 1846 5052 staret,
1879 4991 2095 5057 quomi-

600 5163 873 5236 (l)t.‘apta
896 5167 1046 5222 urbe.
1078 5163 1160 5217 Ab
1190 5164 1508 5236 Andronico
1534 5166 1739 5236 majore
1783 5177 1911 5220 natu
1946 5169 2086 5221 filiq-

520 5252 644 5293 rum
671 5235 799 5288 Calo
826 5234 1077 5299 Joannis,
1110 5250 1173 5287 ac
1196 5235 1461 5292 Manuelis
1503 5234 1695 5299 fratre,
1729 5240 1920 5291 ambos
1945 5240 2091 5292 obsi-

525 5311 722 5367 dente,
761 5308 1049 5373 impetrato
1083 5322 1112 5359 a
1146 5304 1398 5374 flujazete
1450 5308 1643 5371 milite,
1680 5316 1965 5376 postquam
2025 5310 2092 5363 ab

523 5380 710 5432 infuso
734 5376 905 5430 oeulis
925 5390 1090 5431 aceto
1128 5380 1298 5444 patris
1342 5381 1498 5445 jussu
1533 5381 1602 5431 ob
1651 5378 2093 5446 CuujuratiOneul

524 5452 578 5503 in
612 5450 788 5515 ipsum
827 5449 1077 5502 nonnihil
1115 5449 1487 5504 convaluisset
1519 5466 1532 5501 :
1582 5462 1745 5517 quam
1807 5449 2092 5502 historiam

525 5529 709 5589 narrat
741 5517 961 5571 Laonie.
985 5520 1076 5573 lib.
1112 5533 1146 5570 II
1176 5536 1188 5582 ;
1215 5534 1277 5571 ex
1308 5535 1417 5589 quo
1437 5520 1685 5571 videatur
1719 5518 1823 5589 dux
1854 5518 1956 5571 iste
1986 5519 2097 5589 qui

525 5588 873 5640 Theodorum
915 5591 1068 5642 abire
1116 5588 1485 5656 permittebat,
1525 5589 1701 5641 fuisse
1735 5588 1851 5654 ipse
1880 5588 2103 5640 Andru-

528 5658 705 5728 nieus,
738 5658 839 5728 qui
860 5659 961 5710 soli
988 5658 1151 5728 patri,
1174 5659 1245 5710 ob
1274 5670 1552 5728 acceptam
1585 5659 1864 5726 iniuriam,
1901 5674 1964 5710 ac
1992 5657 2101 5709 Ma-

529 5726 675 5779 nucli
727 5726 1015 5796 designato
1068 5726 1421 5797 imperatori,
1464 5728 1713 5784 infensus
1763 5739 1927 5784 esset.
1976 5729 2104 5781 Erat

2198 4532 2544 4599 ἀπαγούσης,
2575 4533 2635 4584 τὸ
2656 4532 2751 4585 τοῦ
2777 4533 2984 4602 πατρὸς
3014 4532 3265 4604 βούλημα
3317 4533 3417 4603 τῆς
3454 4534 3588 4595 ἰδίας
3627 4534 3779 4601 ζωῆς

2203 4621 2506 4693 προῦθηκε,
2536 4625 2672 4693 μήτε
2698 4624 2797 4693 τὴν
2824 4624 2963 4695 ἐμὴν
2989 4624 3186 4694 βουλὴν
3213 4627 3293 4687 είς
3317 4625 3476 4676 τοῦτο
3506 4625 3778 4693 ζητήσας,

2206 4718 2345 4784 μήτε
2378 4717 2483 4784 μὴν
2514 4717 2613 4781 τὴν
2650 4716 2751 4783 τῆς
2787 4716 3012 4785 μητρὸς,
3048 4717 3267 4769 πάντων
3298 4718 3463 4767 οὖσαν
3495 4716 3783 4784 ίσχυροτέ-

2207 4824 2303 4876 ραν
2351 4808 2523 4859 υίέσιν
2574 4806 2610 4861 ἀ
2657 4808 2739 4860 δεῖ
2788 4810 3145 4876 πράττουσιν.
3194 4807 3464 4876 Ἐκάθητο
3519 4807 3581 4873 δὴ
3637 4809 3783 4859 κατὰ

2205 4900 2390 4971 χθονὸς
2421 4900 2646 4969 ὄμματα
2677 4898 2874 4968 πήξας,
2910 4901 3005 4952 καί
3027 4916 3149 4951 τινα
3179 4900 3552 4968 ἀπάνθρωπον
3575 4900 3779 4967 δήμιον

2209 4993 2617 5061 φανταζόμενος
2641 5008 2655 5023 ο
2696 4994 2792 5044 καὶ
2823 4990 2969 5044 τοῦτ’
3020 4994 3218 5059 ἐποίει,
3253 4992 3442 5061 κύριος
3475 4992 3551 5045 ῶν
3593 4994 3783 5063 πάσης

2197 5174 2362 5227 etiam
2400 5173 2725 5229 Theodorus
2755 5187 3014 5244 acceptus
3038 5177 3260 5239 Turcis,
3300 5179 3402 5230 sub
3433 5176 3631 5243 quibus
3665 5175 3784 5240 iam

2198 5245 2517 5302 meruisset,
2558 5247 3021 5311 postmodumque
3056 5256 3281 5299 creatus
3310 5250 3418 5299 dux
3456 5263 3483 5295 a
3529 5244 3789 5310 Baiazete

2200 5315 2556 5372 expeditione
2607 5317 2657 5367 in
2711 5314 3083 5369 Thessaliam.
3122 5315 3251 5369 Vide
3298 5319 3546 5369 eumdem
3582 5312 3794 5371 Laeui-

2201 5382 2370 5435 cum':
2395 5400 2618 5436 necnon
2655 5382 2906 5448 Frantz.,
2930 5387 3019 5454 qui
3042 5387 3174 5454 ipsis
3209 5384 3545 5454 tempoi'ibus
3582 5384 3793 5441 florens

2205 5454 2271 5506 ad
2307 5457 2478 5520 ipsam
2529 5469 2704 5523 usque
2750 5458 2901 5508 urbis
2930 5458 3421 5524 expugnationem,
3458 5454 3786 5525 l‘alazologis

2206 5526 2568 5577 charissimus
2603 5541 2667 5579 ae
2708 5526 3047 5581 domesticus
3082 5529 3347 5587 militans,
3381 5526 3633 5579 scintilla:
3683 5529 3792 5578 im-

2210 5595 2370 5715 perii,
2403 5609 2563 5661 quam
2619 5598 2733 5665 ipse
2767 5599 3028 5665 appellat,
3083 5607 3370 5666 superstes
3407 5598 3533 5664 l'tnt,
3587 5610 3796 5665 resque

2233 5664 2641 5715 ’almolouorum
2682 5678 3008 5715 Dl'uscClllltS
3041 5678 3149 5715 est.

2233 5664 2641 5731 ’alaealogurum
2681 5664 3008 5735 prosecutus
3041 5678 3149 5722 est.
