  <div class='ocr_page' id='page_1' title='image "/cluster/home/n/w/nwhite01/storage/ocr_20150623/156/hvd.32044073502650/107.png"; bbox 0 0 4024 6210; ppageno 0'>
   <div class='ocr_carea' id='block_1_1' title="bbox 489 335 608 400">
    <p class='ocr_par' dir='ltr' id='par_1_1' title="bbox 489 335 608 400">
     <span class='ocr_line' id='line_1_1' title="bbox 489 335 608 400; baseline 0.008 -3"><span class='ocrx_word' id='word_1_1' title='bbox 489 335 608 400; x_wconf 74' lang='grc'><strong>203</strong></span> 
     </span>
    </p>
   </div>
   <div class='ocr_carea' id='block_1_2' title="bbox 1703 291 2580 390">
    <p class='ocr_par' dir='ltr' id='par_1_2' title="bbox 1703 291 2580 390">
     <span class='ocr_line' id='line_1_2' title="bbox 1703 291 2580 390; baseline 0.003 -4"><span class='ocrx_word' id='word_1_2' title='bbox 1703 329 2103 390; x_wconf 71' lang='lat' dir='ltr'><strong>MANUELIS</strong></span> <span class='ocrx_word' id='word_1_3' title='bbox 2129 291 2580 390; x_wconf 62' lang='lat' dir='ltr'><strong>mmemor</strong></span> 
     </span>
    </p>
   </div>
   <div class='ocr_carea' id='block_1_3' title="bbox 3637 331 3733 396">
    <p class='ocr_par' dir='ltr' id='par_1_3' title="bbox 3637 331 3733 396">
     <span class='ocr_line' id='line_1_3' title="bbox 3637 331 3733 396; baseline -0.01 0"><span class='ocrx_word' id='word_1_4' title='bbox 3637 331 3733 396; x_wconf 64' lang='grc'><strong>204</strong></span> 
     </span>
    </p>
   </div>
   <div class='ocr_carea' id='block_1_4' title="bbox 489 443 2051 518">
    <p class='ocr_par' dir='ltr' id='par_1_4' title="bbox 489 443 2051 515">
     <span class='ocr_line' id='line_1_4' title="bbox 489 443 2051 515; baseline -0.013 -8"><span class='ocrx_word' id='word_1_5' title='bbox 489 457 702 508; x_wconf 87' lang='lat' dir='ltr'><strong>tantum</strong></span> <span class='ocrx_word' id='word_1_6' title='bbox 731 447 938 504; x_wconf 75' lang='lat' dir='ltr'><strong>auditio</strong></span> <span class='ocrx_word' id='word_1_7' title='bbox 970 443 1234 505; x_wconf 57' lang='lat' dir='ltr'><strong>molestias</strong></span> <span class='ocrx_word' id='word_1_8' title='bbox 1287 443 1413 499; x_wconf 85' lang='lat' dir='ltr'><strong>fecit</strong></span> <span class='ocrx_word' id='word_1_9' title='bbox 1484 444 1630 515; x_wconf 85' lang='lat' dir='ltr'><strong>quod</strong></span> <span class='ocrx_word' id='word_1_10' title='bbox 1685 445 1836 501; x_wconf 73' lang='lat' dir='ltr'><strong>solus</strong></span> <span class='ocrx_word' id='word_1_11' title='bbox 1897 447 2051 500; x_wconf 68' lang='lat' dir='ltr'><strong>retin.</strong></span> 
     </span>
    </p>
   </div>
   <div class='ocr_carea' id='block_1_5' title="bbox 2156 443 3735 518">
    <p class='ocr_par' dir='ltr' id='par_1_5' title="bbox 2170 445 3735 518">
     <span class='ocr_line' id='line_1_5' title="bbox 2170 445 3735 518; baseline 0.002 -20"><span class='ocrx_word' id='word_1_12' title='bbox 2170 446 2371 517; x_wconf 76' lang='grc' dir='ltr'>ψυχὴν,</span> <span class='ocrx_word' id='word_1_13' title='bbox 2408 449 2502 500; x_wconf 75' lang='grc' dir='ltr'>καὶ</span> <span class='ocrx_word' id='word_1_14' title='bbox 2540 446 2616 518; x_wconf 77' lang='grc' dir='ltr'>μὴ</span> <span class='ocrx_word' id='word_1_15' title='bbox 2655 445 2908 500; x_wconf 78' lang='grc' dir='ltr'>τοσοῦτον</span> <span class='ocrx_word' id='word_1_16' title='bbox 2944 445 3226 516; x_wconf 78' lang='grc' dir='ltr'>ἄχθεσθαι,</span> <span class='ocrx_word' id='word_1_17' title='bbox 3262 445 3339 516; x_wconf 86' lang='grc' dir='ltr'><strong>τῷ</strong></span> <span class='ocrx_word' id='word_1_18' title='bbox 3379 447 3540 516; x_wconf 88' lang='grc' dir='ltr'>μόνον</span> <span class='ocrx_word' id='word_1_19' title='bbox 3573 464 3735 502; x_wconf 67' lang='grc' dir='ltr'>κατα-</span> 
     </span>
    </p>
   </div>
   <div class='ocr_carea' id='block_1_6' title="bbox 486 534 2067 611">
    <p class='ocr_par' dir='ltr' id='par_1_6' title="bbox 486 534 2067 611">
     <span class='ocr_line' id='line_1_6' title="bbox 486 534 2067 611; baseline -0.002 -17"><span class='ocrx_word' id='word_1_20' title='bbox 486 541 738 611; x_wconf 89' lang='lat' dir='ltr'><strong>quendus</strong></span> <span class='ocrx_word' id='word_1_21' title='bbox 799 550 999 599; x_wconf 86' lang='lat' dir='ltr'><strong>essem,</strong></span> <span class='ocrx_word' id='word_1_22' title='bbox 1035 541 1301 604; x_wconf 89' lang='lat' dir='ltr'><strong>quantum</strong></span> <span class='ocrx_word' id='word_1_23' title='bbox 1327 534 1502 589; x_wconf 89' lang='lat' dir='ltr'><strong>solatii</strong></span> <span class='ocrx_word' id='word_1_24' title='bbox 1545 549 1609 590; x_wconf 89' lang='lat' dir='ltr'><strong>ac</strong></span> <span class='ocrx_word' id='word_1_25' title='bbox 1665 535 1871 606; x_wconf 89' lang='lat' dir='ltr'><strong>gaudii,</strong></span> <span class='ocrx_word' id='word_1_26' title='bbox 1923 537 2067 605; x_wconf 89' lang='lat' dir='ltr'><strong>quod</strong></span> 
     </span>
    </p>
   </div>
   <div class='ocr_carea' id='block_1_7' title="bbox 488 625 2067 695">
    <p class='ocr_par' dir='ltr' id='par_1_7' title="bbox 488 625 2067 695">
     <span class='ocr_line' id='line_1_7' title="bbox 488 625 2067 695; baseline -0.004 -8"><span class='ocrx_word' id='word_1_27' title='bbox 488 631 578 687; x_wconf 91' lang='lat' dir='ltr'><strong>ille</strong></span> <span class='ocrx_word' id='word_1_28' title='bbox 607 628 992 693; x_wconf 89' lang='lat' dir='ltr'><strong>revivisceret,</strong></span> <span class='ocrx_word' id='word_1_29' title='bbox 1070 641 1263 695; x_wconf 88' lang='lat' dir='ltr'><strong>nempe</strong></span> <span class='ocrx_word' id='word_1_30' title='bbox 1292 640 1320 679; x_wconf 91' lang='lat' dir='ltr'><strong>a</strong></span> <span class='ocrx_word' id='word_1_31' title='bbox 1386 625 1644 694; x_wconf 84' lang='lat' dir='ltr'><strong>praesidlo</strong></span> <span class='ocrx_word' id='word_1_32' title='bbox 1696 626 1892 682; x_wconf 80' lang='lat' dir='ltr'><strong>exiret.</strong></span> <span class='ocrx_word' id='word_1_33' title='bbox 1939 626 2067 680; x_wconf 65' lang='lat' dir='ltr'><strong>Milli</strong></span> 
     </span>
    </p>
   </div>
   <div class='ocr_carea' id='block_1_8' title="bbox 490 717 2070 789">
    <p class='ocr_par' dir='ltr' id='par_1_8' title="bbox 490 717 2070 789">
     <span class='ocr_line' id='line_1_8' title="bbox 490 717 2070 789; baseline -0.003 -12"><span class='ocrx_word' id='word_1_34' title='bbox 490 733 638 778; x_wconf 88' lang='lat' dir='ltr'><strong>certe</strong></span> <span class='ocrx_word' id='word_1_35' title='bbox 666 720 888 774; x_wconf 82' lang='lat' dir='ltr'><strong>videbar</strong></span> <span class='ocrx_word' id='word_1_36' title='bbox 916 733 1041 774; x_wconf 89' lang='lat' dir='ltr'><strong>eum</strong></span> <span class='ocrx_word' id='word_1_37' title='bbox 1077 717 1263 773; x_wconf 89' lang='lat' dir='ltr'><strong>videre</strong></span> <span class='ocrx_word' id='word_1_38' title='bbox 1303 717 1498 785; x_wconf 91' lang='lat' dir='ltr'><strong>(currit</strong></span> <span class='ocrx_word' id='word_1_39' title='bbox 1545 718 1688 773; x_wconf 88' lang='lat' dir='ltr'><strong>enim</strong></span> <span class='ocrx_word' id='word_1_40' title='bbox 1720 719 1875 774; x_wconf 77' lang='lat' dir='ltr'><strong>velox</strong></span> <span class='ocrx_word' id='word_1_41' title='bbox 1902 721 2070 789; x_wconf 86' lang='lat' dir='ltr'><strong>pban-</strong></span> 
     </span>
    </p>
   </div>
   <div class='ocr_carea' id='block_1_9' title="bbox 489 813 2067 885">
    <p class='ocr_par' dir='ltr' id='par_1_9' title="bbox 489 813 2067 885">
     <span class='ocr_line' id='line_1_9' title="bbox 489 813 2067 885; baseline -0.004 -13"><span class='ocrx_word' id='word_1_42' title='bbox 489 820 624 872; x_wconf 89' lang='lat' dir='ltr'><strong>tasia</strong></span> <span class='ocrx_word' id='word_1_43' title='bbox 651 816 719 870; x_wconf 86' lang='lat' dir='ltr'><strong>ad</strong></span> <span class='ocrx_word' id='word_1_44' title='bbox 746 830 870 885; x_wconf 67' lang='lat' dir='ltr'><strong>qua:</strong></span> <span class='ocrx_word' id='word_1_45' title='bbox 901 818 1024 884; x_wconf 87' lang='lat' dir='ltr'><strong>quis</strong></span> <span class='ocrx_word' id='word_1_46' title='bbox 1057 814 1532 882; x_wconf 87' lang='lat' dir='ltr'><strong>cupit).consueta</strong></span> <span class='ocrx_word' id='word_1_47' title='bbox 1585 821 1884 867; x_wconf 88' lang='lat' dir='ltr'><strong>sectantem</strong></span> <span class='ocrx_word' id='word_1_48' title='bbox 1919 813 2067 881; x_wconf 81' lang='lat' dir='ltr'><strong>ejus-</strong></span> 
     </span>
    </p>
   </div>
   <div class='ocr_carea' id='block_1_10' title="bbox 486 906 2070 980">
    <p class='ocr_par' dir='ltr' id='par_1_10' title="bbox 486 906 2070 980">
     <span class='ocr_line' id='line_1_10' title="bbox 486 906 2070 980; baseline -0.006 -14"><span class='ocrx_word' id='word_1_49' title='bbox 486 925 594 980; x_wconf 88' lang='lat' dir='ltr'><strong>que</strong></span> <span class='ocrx_word' id='word_1_50' title='bbox 641 909 785 963; x_wconf 81' lang='lat' dir='ltr'><strong>aetati</strong></span> <span class='ocrx_word' id='word_1_51' title='bbox 809 923 1074 977; x_wconf 88' lang='lat' dir='ltr'><strong>congrua,</strong></span> <span class='ocrx_word' id='word_1_52' title='bbox 1107 908 1314 962; x_wconf 87' lang='lat' dir='ltr'><strong>versari</strong></span> <span class='ocrx_word' id='word_1_53' title='bbox 1377 922 1502 961; x_wconf 90' lang='lat' dir='ltr'><strong>cum</strong></span> <span class='ocrx_word' id='word_1_54' title='bbox 1560 906 1864 975; x_wconf 62' lang='lat' dir='ltr'><strong>aequalibus</strong></span> <span class='ocrx_word' id='word_1_55' title='bbox 1910 906 2070 959; x_wconf 89' lang='lat' dir='ltr'><strong>inar-</strong></span> 
     </span>
    </p>
   </div>
   <div class='ocr_carea' id='block_1_11' title="bbox 487 997 2065 1070">
    <p class='ocr_par' dir='ltr' id='par_1_11' title="bbox 487 997 2065 1070">
     <span class='ocr_line' id='line_1_11' title="bbox 487 997 2065 1070; baseline -0.003 -14"><span class='ocrx_word' id='word_1_56' title='bbox 487 1017 699 1056; x_wconf 83' lang='lat' dir='ltr'><strong>rnorum</strong></span> <span class='ocrx_word' id='word_1_57' title='bbox 724 1000 992 1070; x_wconf 66' lang='lat' dir='ltr'><strong>palmstris</strong></span> <span class='ocrx_word' id='word_1_58' title='bbox 1013 1040 1028 1065; x_wconf 93' lang='lat'><strong>,</strong></span> <span class='ocrx_word' id='word_1_59' title='bbox 1062 999 1115 1053; x_wconf 89' lang='lat' dir='ltr'><strong>iu</strong></span> <span class='ocrx_word' id='word_1_60' title='bbox 1134 998 1537 1062; x_wconf 83' lang='lat' dir='ltr'><strong>venationibus,</strong></span> <span class='ocrx_word' id='word_1_61' title='bbox 1566 998 1619 1051; x_wconf 91' lang='lat' dir='ltr'><strong>in</strong></span> <span class='ocrx_word' id='word_1_62' title='bbox 1651 997 2065 1060; x_wconf 80' lang='lat' dir='ltr'><strong>certaminibus,</strong></span> 
     </span>
    </p>
   </div>
   <div class='ocr_carea' id='block_1_12' title="bbox 487 1089 2070 1166">
    <p class='ocr_par' dir='ltr' id='par_1_12' title="bbox 487 1089 2070 1166">
     <span class='ocr_line' id='line_1_12' title="bbox 487 1089 2070 1166; baseline -0.004 -16"><span class='ocrx_word' id='word_1_63' title='bbox 487 1110 722 1166; x_wconf 89' lang='lat' dir='ltr'><strong>quorum</strong></span> <span class='ocrx_word' id='word_1_64' title='bbox 780 1092 1227 1148; x_wconf 83' lang='lat' dir='ltr'><strong>exercitameutis</strong></span> <span class='ocrx_word' id='word_1_65' title='bbox 1282 1098 1547 1159; x_wconf 80' lang='lat' dir='ltr'><strong>augentur</strong></span> <span class='ocrx_word' id='word_1_66' title='bbox 1581 1105 1813 1158; x_wconf 86' lang='lat' dir='ltr'><strong>corpora</strong></span> <span class='ocrx_word' id='word_1_67' title='bbox 1873 1089 2070 1143; x_wconf 87' lang='lat' dir='ltr'><strong>robore</strong></span> 
     </span>
    </p>
   </div>
   <div class='ocr_carea' id='block_1_13' title="bbox 490 1175 2070 1254">
    <p class='ocr_par' dir='ltr' id='par_1_13' title="bbox 490 1175 2070 1254">
     <span class='ocr_line' id='line_1_13' title="bbox 490 1175 2070 1254; baseline -0.004 -13"><span class='ocrx_word' id='word_1_68' title='bbox 490 1202 555 1244; x_wconf 85' lang='lat' dir='ltr'><strong>ac</strong></span> <span class='ocrx_word' id='word_1_69' title='bbox 584 1189 839 1252; x_wconf 76' lang='lat' dir='ltr'><strong>sanitate,</strong></span> <span class='ocrx_word' id='word_1_70' title='bbox 894 1185 1163 1254; x_wconf 81' lang='lat' dir='ltr'><strong>habetque</strong></span> <span class='ocrx_word' id='word_1_71' title='bbox 1206 1175 1486 1238; x_wconf 84' lang='lat' dir='ltr'><strong>conciliari</strong></span> <span class='ocrx_word' id='word_1_72' title='bbox 1544 1182 1738 1252; x_wconf 78' lang='lat' dir='ltr'><strong>gloria.</strong></span> <span class='ocrx_word' id='word_1_73' title='bbox 1792 1181 1918 1237; x_wconf 71' lang='lat' dir='ltr'><strong>[ch</strong></span> <span class='ocrx_word' id='word_1_74' title='bbox 1969 1197 2070 1250; x_wconf 83' lang='lat' dir='ltr'><strong>ego</strong></span> 
     </span>
    </p>
   </div>
   <div class='ocr_carea' id='block_1_14' title="bbox 496 1273 2064 1348">
    <p class='ocr_par' dir='ltr' id='par_1_14' title="bbox 496 1273 2064 1348">
     <span class='ocr_line' id='line_1_14' title="bbox 496 1273 2064 1348; baseline -0.004 -17"><span class='ocrx_word' id='word_1_75' title='bbox 496 1279 688 1348; x_wconf 81' lang='lat' dir='ltr'><strong>hisque</strong></span> <span class='ocrx_word' id='word_1_76' title='bbox 714 1277 912 1332; x_wconf 86' lang='lat' dir='ltr'><strong>similia</strong></span> <span class='ocrx_word' id='word_1_77' title='bbox 938 1276 1221 1330; x_wconf 85' lang='lat' dir='ltr'><strong>somnians</strong></span> <span class='ocrx_word' id='word_1_78' title='bbox 1253 1277 1508 1346; x_wconf 77' lang='lat' dir='ltr'><strong>gaudium</strong></span> <span class='ocrx_word' id='word_1_79' title='bbox 1558 1273 1850 1337; x_wconf 82' lang='lat' dir='ltr'><strong>habebam,</strong></span> <span class='ocrx_word' id='word_1_80' title='bbox 1905 1281 2064 1342; x_wconf 83' lang='lat' dir='ltr'><strong>puta-</strong></span> 
     </span>
    </p>
   </div>
   <div class='ocr_carea' id='block_1_15' title="bbox 487 1365 2064 1441">
    <p class='ocr_par' dir='ltr' id='par_1_15' title="bbox 487 1365 2064 1441">
     <span class='ocr_line' id='line_1_15' title="bbox 487 1365 2064 1441; baseline -0.003 -17"><span class='ocrx_word' id='word_1_81' title='bbox 487 1373 722 1441; x_wconf 83' lang='lat' dir='ltr'><strong>bamque</strong></span> <span class='ocrx_word' id='word_1_82' title='bbox 759 1369 1004 1438; x_wconf 86' lang='lat' dir='ltr'><strong>aspicere</strong></span> <span class='ocrx_word' id='word_1_83' title='bbox 1033 1367 1253 1436; x_wconf 70' lang='lat' dir='ltr'><strong>prannia</strong></span> <span class='ocrx_word' id='word_1_84' title='bbox 1286 1375 1680 1436; x_wconf 85' lang='lat' dir='ltr'><strong>reportantem,</strong></span> <span class='ocrx_word' id='word_1_85' title='bbox 1728 1365 1871 1435; x_wconf 77' lang='lat' dir='ltr'><strong>cingi</strong></span> <span class='ocrx_word' id='word_1_86' title='bbox 1897 1372 2064 1434; x_wconf 89' lang='lat' dir='ltr'><strong>caput</strong></span> 
     </span>
    </p>
   </div>
   <div class='ocr_carea' id='block_1_16' title="bbox 483 1457 2066 1528">
    <p class='ocr_par' dir='ltr' id='par_1_16' title="bbox 483 1457 2066 1528">
     <span class='ocr_line' id='line_1_16' title="bbox 483 1457 2066 1528; baseline -0.004 -12"><span class='ocrx_word' id='word_1_87' title='bbox 483 1478 710 1525; x_wconf 81' lang='lat' dir='ltr'><strong>corona,</strong></span> <span class='ocrx_word' id='word_1_88' title='bbox 773 1477 836 1516; x_wconf 89' lang='lat' dir='ltr'><strong>ac</strong></span> <span class='ocrx_word' id='word_1_89' title='bbox 903 1458 1166 1528; x_wconf 82' lang='lat' dir='ltr'><strong>praeconis</strong></span> <span class='ocrx_word' id='word_1_90' title='bbox 1213 1472 1345 1512; x_wconf 90' lang='lat' dir='ltr'><strong>voce</strong></span> <span class='ocrx_word' id='word_1_91' title='bbox 1406 1457 1708 1513; x_wconf 83' lang='lat' dir='ltr'><strong>renuntiari</strong></span> <span class='ocrx_word' id='word_1_92' title='bbox 1779 1459 2066 1510; x_wconf 85' lang='lat' dir='ltr'><strong>victorem.</strong></span> 
     </span>
    </p>
   </div>
   <div class='ocr_carea' id='block_1_17' title="bbox 441 1549 2066 1619">
    <p class='ocr_par' dir='ltr' id='par_1_17' title="bbox 441 1549 2066 1619">
     <span class='ocr_line' id='line_1_17' title="bbox 441 1549 2066 1619; baseline -0.004 -11"><span class='ocrx_word' id='word_1_93' title='bbox 441 1584 446 1588; x_wconf 90' lang='lat'><strong><em>-</em></strong></span> <span class='ocrx_word' id='word_1_94' title='bbox 486 1554 715 1608; x_wconf 79' lang='lat' dir='ltr'><strong>Multum</strong></span> <span class='ocrx_word' id='word_1_95' title='bbox 760 1552 1028 1619; x_wconf 89' lang='lat' dir='ltr'><strong>siquidem</strong></span> <span class='ocrx_word' id='word_1_96' title='bbox 1077 1550 1127 1604; x_wconf 90' lang='lat' dir='ltr'><strong>ei</strong></span> <span class='ocrx_word' id='word_1_97' title='bbox 1158 1564 1349 1604; x_wconf 90' lang='lat' dir='ltr'><strong>omnes</strong></span> <span class='ocrx_word' id='word_1_98' title='bbox 1386 1549 1438 1602; x_wconf 93' lang='lat' dir='ltr'><strong>in</strong></span> <span class='ocrx_word' id='word_1_99' title='bbox 1507 1549 1774 1618; x_wconf 77' lang='lat' dir='ltr'><strong>ejusmodi</strong></span> <span class='ocrx_word' id='word_1_100' title='bbox 1830 1550 2066 1602; x_wconf 86' lang='lat' dir='ltr'><strong>delatum</strong></span> 
     </span>
    </p>
   </div>
   <div class='ocr_carea' id='block_1_18' title="bbox 431 1643 2067 1711">
    <p class='ocr_par' dir='ltr' id='par_1_18' title="bbox 431 1643 2067 1711">
     <span class='ocr_line' id='line_1_18' title="bbox 431 1643 2067 1711; baseline -0.006 -10"><span class='ocrx_word' id='word_1_101' title='bbox 431 1671 434 1674; x_wconf 93' lang='grc'><strong>·</strong></span> <span class='ocrx_word' id='word_1_102' title='bbox 484 1647 758 1702; x_wconf 87' lang='lat' dir='ltr'><strong>volebant.</strong></span> <span class='ocrx_word' id='word_1_103' title='bbox 800 1643 919 1699; x_wconf 86' lang='lat' dir='ltr'><strong>Jam</strong></span> <span class='ocrx_word' id='word_1_104' title='bbox 954 1644 1100 1698; x_wconf 88' lang='lat' dir='ltr'><strong>enim</strong></span> <span class='ocrx_word' id='word_1_105' title='bbox 1125 1657 1154 1695; x_wconf 87' lang='lat' dir='ltr'><strong>a</strong></span> <span class='ocrx_word' id='word_1_106' title='bbox 1187 1656 1356 1711; x_wconf 84' lang='lat' dir='ltr'><strong>puero</strong></span> <span class='ocrx_word' id='word_1_107' title='bbox 1382 1643 1610 1695; x_wconf 86' lang='lat' dir='ltr'><strong>sortitus</strong></span> <span class='ocrx_word' id='word_1_108' title='bbox 1663 1649 1800 1703; x_wconf 89' lang='lat' dir='ltr'><strong>erat,</strong></span> <span class='ocrx_word' id='word_1_109' title='bbox 1860 1649 1916 1693; x_wconf 88' lang='lat' dir='ltr'><strong>ut</strong></span> <span class='ocrx_word' id='word_1_110' title='bbox 1948 1655 2067 1694; x_wconf 88' lang='lat' dir='ltr'><strong>om-</strong></span> 
     </span>
    </p>
   </div>
   <div class='ocr_carea' id='block_1_19' title="bbox 481 1717 2066 1803">
    <p class='ocr_par' dir='ltr' id='par_1_19' title="bbox 481 1717 2066 1803">
     <span class='ocr_line' id='line_1_19' title="bbox 481 1717 2066 1803; baseline -0.003 -15"><span class='ocrx_word' id='word_1_111' title='bbox 481 1735 668 1798; x_wconf 74' lang='lat' dir='ltr'><strong>nibus,</strong></span> <span class='ocrx_word' id='word_1_112' title='bbox 700 1733 901 1803; x_wconf 84' lang='lat' dir='ltr'><strong>quibus</strong></span> <span class='ocrx_word' id='word_1_113' title='bbox 931 1733 1054 1801; x_wconf 90' lang='lat' dir='ltr'><strong>quis</strong></span> <span class='ocrx_word' id='word_1_114' title='bbox 1081 1741 1302 1786; x_wconf 81' lang='lat' dir='ltr'><strong>certans</strong></span> <span class='ocrx_word' id='word_1_115' title='bbox 1336 1717 1689 1786; x_wconf 78' lang='lat' dir='ltr'><strong>coronandus</strong></span> <span class='ocrx_word' id='word_1_116' title='bbox 1723 1732 1815 1796; x_wconf 90' lang='lat' dir='ltr'><strong>sit,</strong></span> <span class='ocrx_word' id='word_1_117' title='bbox 1850 1731 2066 1801; x_wconf 80' lang='lat' dir='ltr'><strong>magni-</strong></span> 
     </span>
    </p>
   </div>
   <div class='ocr_carea' id='block_1_20' title="bbox 483 1823 2070 1895">
    <p class='ocr_par' dir='ltr' id='par_1_20' title="bbox 483 1823 2070 1895">
     <span class='ocr_line' id='line_1_20' title="bbox 483 1823 2070 1895; baseline 0.001 -17"><span class='ocrx_word' id='word_1_118' title='bbox 483 1826 582 1880; x_wconf 88' lang='lat' dir='ltr'><strong>tice</strong></span> <span class='ocrx_word' id='word_1_119' title='bbox 623 1833 949 1895; x_wconf 59' lang='lat' dir='ltr'><strong>praestaret:</strong></span> <span class='ocrx_word' id='word_1_120' title='bbox 991 1839 1166 1894; x_wconf 90' lang='lat' dir='ltr'><strong>eaque</strong></span> <span class='ocrx_word' id='word_1_121' title='bbox 1201 1823 1252 1876; x_wconf 92' lang='lat' dir='ltr'><strong>in</strong></span> <span class='ocrx_word' id='word_1_122' title='bbox 1284 1839 1349 1877; x_wconf 90' lang='lat' dir='ltr'><strong>eo</strong></span> <span class='ocrx_word' id='word_1_123' title='bbox 1392 1824 1616 1892; x_wconf 92' lang='lat' dir='ltr'><strong>paribus</strong></span> <span class='ocrx_word' id='word_1_124' title='bbox 1658 1839 1783 1878; x_wconf 89' lang='lat' dir='ltr'><strong>cum</strong></span> <span class='ocrx_word' id='word_1_125' title='bbox 1843 1839 2070 1894; x_wconf 84' lang='lat' dir='ltr'><strong>corpore</strong></span> 
     </span>
    </p>
   </div>
   <div class='ocr_carea' id='block_1_21' title="bbox 479 1916 2118 1987">
    <p class='ocr_par' dir='ltr' id='par_1_21' title="bbox 479 1916 2118 1987">
     <span class='ocr_line' id='line_1_21' title="bbox 479 1916 2118 1987; baseline 0.001 -16"><span class='ocrx_word' id='word_1_126' title='bbox 479 1918 546 1971; x_wconf 87' lang='lat' dir='ltr'><strong>ad</strong></span> <span class='ocrx_word' id='word_1_127' title='bbox 581 1917 879 1987; x_wconf 80' lang='lat' dir='ltr'><strong>perfectura</strong></span> <span class='ocrx_word' id='word_1_128' title='bbox 915 1932 978 1971; x_wconf 90' lang='lat' dir='ltr'><strong>ac</strong></span> <span class='ocrx_word' id='word_1_129' title='bbox 1020 1917 1188 1970; x_wconf 93' lang='lat' dir='ltr'><strong>robur</strong></span> <span class='ocrx_word' id='word_1_130' title='bbox 1220 1923 1455 1984; x_wconf 82' lang='lat' dir='ltr'><strong>augente</strong></span> <span class='ocrx_word' id='word_1_131' title='bbox 1497 1916 1792 1970; x_wconf 90' lang='lat' dir='ltr'><strong>crementis</strong></span> <span class='ocrx_word' id='word_1_132' title='bbox 1840 1932 2062 1984; x_wconf 89' lang='lat' dir='ltr'><strong>promo-</strong></span> <span class='ocrx_word' id='word_1_133' title='bbox 2114 1981 2118 1984; x_wconf 14' lang='lat' dir='ltr'><strong><em>D</em></strong></span> 
     </span>
    </p>
   </div>
   <div class='ocr_carea' id='block_1_22' title="bbox 481 2007 2066 2079">
    <p class='ocr_par' dir='ltr' id='par_1_22' title="bbox 481 2007 2066 2079">
     <span class='ocr_line' id='line_1_22' title="bbox 481 2007 2066 2079; baseline 0.001 -19"><span class='ocrx_word' id='word_1_134' title='bbox 481 2011 703 2064; x_wconf 85' lang='lat' dir='ltr'><strong>vehant.</strong></span> <span class='ocrx_word' id='word_1_135' title='bbox 740 2007 887 2064; x_wconf 64' lang='lat' dir='ltr'><strong>Laeta</strong></span> <span class='ocrx_word' id='word_1_136' title='bbox 919 2011 1061 2070; x_wconf 68' lang='lat' dir='ltr'><strong>,baec</strong></span> <span class='ocrx_word' id='word_1_137' title='bbox 1107 2024 1318 2064; x_wconf 89' lang='lat' dir='ltr'><strong>mecum</strong></span> <span class='ocrx_word' id='word_1_138' title='bbox 1370 2011 1483 2079; x_wconf 88' lang='lat' dir='ltr'><strong>ipse</strong></span> <span class='ocrx_word' id='word_1_139' title='bbox 1543 2009 1812 2078; x_wconf 83' lang='lat' dir='ltr'><strong>cogitans,</strong></span> <span class='ocrx_word' id='word_1_140' title='bbox 1863 2010 2066 2065; x_wconf 88' lang='lat' dir='ltr'><strong>sensim</strong></span> 
     </span>
    </p>
   </div>
   <div class='ocr_carea' id='block_1_23' title="bbox 481 2099 2066 2165">
    <p class='ocr_par' dir='ltr' id='par_1_23' title="bbox 481 2099 2066 2165">
     <span class='ocr_line' id='line_1_23' title="bbox 481 2099 2066 2165; baseline 0.001 -13"><span class='ocrx_word' id='word_1_141' title='bbox 481 2100 674 2164; x_wconf 84' lang='lat' dir='ltr'><strong>tristia,</strong></span> <span class='ocrx_word' id='word_1_142' title='bbox 703 2112 762 2155; x_wconf 90' lang='lat' dir='ltr'><strong>ut</strong></span> <span class='ocrx_word' id='word_1_143' title='bbox 789 2101 996 2165; x_wconf 83' lang='lat' dir='ltr'><strong>liceret,</strong></span> <span class='ocrx_word' id='word_1_144' title='bbox 1025 2101 1282 2155; x_wconf 85' lang='lat' dir='ltr'><strong>oblivioni</strong></span> <span class='ocrx_word' id='word_1_145' title='bbox 1315 2101 1510 2154; x_wconf 87' lang='lat' dir='ltr'><strong>dabam</strong></span> <span class='ocrx_word' id='word_1_146' title='bbox 1547 2116 1560 2152; x_wconf 91' lang='lat'>:</span> <span class='ocrx_word' id='word_1_147' title='bbox 1595 2099 1670 2152; x_wconf 89' lang='lat' dir='ltr'><strong>illi</strong></span> <span class='ocrx_word' id='word_1_148' title='bbox 1698 2109 1879 2154; x_wconf 88' lang='lat' dir='ltr'><strong>autem</strong></span> <span class='ocrx_word' id='word_1_149' title='bbox 1933 2100 2066 2155; x_wconf 90' lang='lat' dir='ltr'><strong>sub-</strong></span> 
     </span>
    </p>
   </div>
   <div class='ocr_carea' id='block_1_24' title="bbox 479 2184 2062 2263">
    <p class='ocr_par' dir='ltr' id='par_1_24' title="bbox 479 2184 2062 2263">
     <span class='ocr_line' id='line_1_24' title="bbox 479 2184 2062 2263; baseline -0.001 -15"><span class='ocrx_word' id='word_1_150' title='bbox 479 2184 588 2248; x_wconf 86' lang='lat' dir='ltr'><strong>ibat</strong></span> <span class='ocrx_word' id='word_1_151' title='bbox 639 2197 764 2258; x_wconf 88' lang='lat' dir='ltr'><strong>uri,</strong></span> <span class='ocrx_word' id='word_1_152' title='bbox 795 2195 943 2263; x_wconf 90' lang='lat' dir='ltr'><strong>quod</strong></span> <span class='ocrx_word' id='word_1_153' title='bbox 983 2209 1088 2246; x_wconf 91' lang='lat' dir='ltr'><strong>non</strong></span> <span class='ocrx_word' id='word_1_154' title='bbox 1124 2201 1308 2262; x_wconf 86' lang='lat' dir='ltr'><strong>posset</strong></span> <span class='ocrx_word' id='word_1_155' title='bbox 1367 2191 1448 2246; x_wconf 91' lang='lat' dir='ltr'><strong>sic</strong></span> <span class='ocrx_word' id='word_1_156' title='bbox 1503 2189 1801 2245; x_wconf 90' lang='lat' dir='ltr'><strong>desolatum</strong></span> <span class='ocrx_word' id='word_1_157' title='bbox 1859 2191 2062 2246; x_wconf 91' lang='lat' dir='ltr'><strong>videre.</strong></span> 
     </span>
    </p>
   </div>
   <div class='ocr_carea' id='block_1_25' title="bbox 550 2283 2062 2356">
    <p class='ocr_par' dir='ltr' id='par_1_25' title="bbox 550 2283 2062 2356">
     <span class='ocr_line' id='line_1_25' title="bbox 550 2283 2062 2356; baseline -0.002 -17"><span class='ocrx_word' id='word_1_158' title='bbox 550 2285 655 2340; x_wconf 86' lang='lat' dir='ltr'><strong>Sed</strong></span> <span class='ocrx_word' id='word_1_159' title='bbox 683 2293 736 2340; x_wconf 90' lang='lat' dir='ltr'><strong>ct</strong></span> <span class='ocrx_word' id='word_1_160' title='bbox 764 2286 894 2339; x_wconf 87' lang='lat' dir='ltr'><strong>illud</strong></span> <span class='ocrx_word' id='word_1_161' title='bbox 926 2286 1178 2356; x_wconf 83' lang='lat' dir='ltr'><strong>angebat.</strong></span> <span class='ocrx_word' id='word_1_162' title='bbox 1211 2285 1329 2338; x_wconf 84' lang='lat' dir='ltr'><strong>Non</strong></span> <span class='ocrx_word' id='word_1_163' title='bbox 1358 2283 1502 2339; x_wconf 87' lang='lat' dir='ltr'><strong>enim</strong></span> <span class='ocrx_word' id='word_1_164' title='bbox 1564 2284 1907 2352; x_wconf 86' lang='lat' dir='ltr'><strong>poterat,qui</strong></span> <span class='ocrx_word' id='word_1_165' title='bbox 1967 2283 2062 2338; x_wconf 90' lang='lat' dir='ltr'><strong>Dei</strong></span> 
     </span>
    </p>
   </div>
   <div class='ocr_carea' id='block_1_26' title="bbox 479 2375 2060 2445">
    <p class='ocr_par' dir='ltr' id='par_1_26' title="bbox 479 2375 2060 2445">
     <span class='ocr_line' id='line_1_26' title="bbox 479 2375 2060 2445; baseline 0 -15"><span class='ocrx_word' id='word_1_166' title='bbox 479 2377 674 2431; x_wconf 84' lang='lat' dir='ltr'><strong>timore</strong></span> <span class='ocrx_word' id='word_1_167' title='bbox 692 2379 934 2432; x_wconf 88' lang='lat' dir='ltr'><strong>nutritus</strong></span> <span class='ocrx_word' id='word_1_168' title='bbox 954 2385 1120 2441; x_wconf 84' lang='lat' dir='ltr'><strong>esset,</strong></span> <span class='ocrx_word' id='word_1_169' title='bbox 1137 2375 1625 2445; x_wconf 77' lang='lat' dir='ltr'><strong>Spretajuramenti</strong></span> <span class='ocrx_word' id='word_1_170' title='bbox 1640 2375 1922 2445; x_wconf 76' lang='lat' dir='ltr'><strong>religione,</strong></span> <span class='ocrx_word' id='word_1_171' title='bbox 1937 2391 2060 2430; x_wconf 88' lang='lat' dir='ltr'><strong>cum</strong></span> 
     </span>
    </p>
   </div>
   <div class='ocr_carea' id='block_1_27' title="bbox 475 2468 2064 2539">
    <p class='ocr_par' dir='ltr' id='par_1_27' title="bbox 475 2468 2064 2539">
     <span class='ocr_line' id='line_1_27' title="bbox 475 2468 2064 2539; baseline -0.001 -16"><span class='ocrx_word' id='word_1_172' title='bbox 475 2471 601 2523; x_wconf 85' lang='lat' dir='ltr'><strong>dolo</strong></span> <span class='ocrx_word' id='word_1_173' title='bbox 645 2484 798 2539; x_wconf 90' lang='lat' dir='ltr'><strong>opem</strong></span> <span class='ocrx_word' id='word_1_174' title='bbox 833 2469 998 2526; x_wconf 88' lang='lat' dir='ltr'><strong>ferre.</strong></span> <span class='ocrx_word' id='word_1_175' title='bbox 1033 2468 1134 2535; x_wconf 85' lang='lat' dir='ltr'><strong>Qui</strong></span> <span class='ocrx_word' id='word_1_176' title='bbox 1160 2469 1345 2522; x_wconf 85' lang='lat' dir='ltr'><strong>enim?</strong></span> <span class='ocrx_word' id='word_1_177' title='bbox 1377 2468 1470 2538; x_wconf 90' lang='lat' dir='ltr'><strong>qui</strong></span> <span class='ocrx_word' id='word_1_178' title='bbox 1513 2468 1646 2522; x_wconf 89' lang='lat' dir='ltr'><strong>nihil</strong></span> <span class='ocrx_word' id='word_1_179' title='bbox 1693 2483 1932 2539; x_wconf 87' lang='lat' dir='ltr'><strong>unquam</strong></span> <span class='ocrx_word' id='word_1_180' title='bbox 1970 2484 2064 2537; x_wconf 90' lang='lat' dir='ltr'><strong>per</strong></span> 
     </span>
    </p>
   </div>
   <div class='ocr_carea' id='block_1_28' title="bbox 397 2559 2058 2640">
    <p class='ocr_par' dir='ltr' id='par_1_28' title="bbox 397 2559 2058 2640">
     <span class='ocr_line' id='line_1_28' title="bbox 397 2559 2058 2640; baseline -0.001 -27"><span class='ocrx_word' id='word_1_181' title='bbox 397 2625 416 2640; x_wconf 31' lang='grc' dir='ltr'><strong><em>ἶ</em></strong></span> <span class='ocrx_word' id='word_1_182' title='bbox 479 2561 728 2614; x_wconf 85' lang='lat' dir='ltr'><strong>fraudem</strong></span> <span class='ocrx_word' id='word_1_183' title='bbox 763 2576 830 2614; x_wconf 86' lang='lat' dir='ltr'><strong>ac</strong></span> <span class='ocrx_word' id='word_1_184' title='bbox 865 2560 1019 2614; x_wconf 79' lang='lat' dir='ltr'><strong>vafro</strong></span> <span class='ocrx_word' id='word_1_185' title='bbox 1072 2559 1280 2624; x_wconf 87' lang='lat' dir='ltr'><strong>animo,</strong></span> <span class='ocrx_word' id='word_1_186' title='bbox 1312 2560 1472 2614; x_wconf 82' lang='lat' dir='ltr'><strong>etiam</strong></span> <span class='ocrx_word' id='word_1_187' title='bbox 1502 2559 1682 2630; x_wconf 84' lang='lat' dir='ltr'><strong>capite</strong></span> <span class='ocrx_word' id='word_1_188' title='bbox 1720 2561 2006 2614; x_wconf 77' lang='lat' dir='ltr'><strong>annuisset</strong></span> <span class='ocrx_word' id='word_1_189' title='bbox 2043 2575 2058 2612; x_wconf 87' lang='lat'><strong>:</strong></span> 
     </span>
    </p>
   </div>
   <div class='ocr_carea' id='block_1_29' title="bbox 475 2651 2062 2728">
    <p class='ocr_par' dir='ltr' id='par_1_29' title="bbox 475 2651 2062 2728">
     <span class='ocr_line' id='line_1_29' title="bbox 475 2651 2062 2728; baseline 0.001 -24"><span class='ocrx_word' id='word_1_190' title='bbox 475 2651 648 2708; x_wconf 91' lang='lat' dir='ltr'><strong>videri</strong></span> <span class='ocrx_word' id='word_1_191' title='bbox 680 2661 860 2728; x_wconf 83' lang='lat' dir='ltr'><strong>autem</strong></span> <span class='ocrx_word' id='word_1_192' title='bbox 893 2667 1079 2706; x_wconf 89' lang='lat' dir='ltr'><strong>eorum</strong></span> <span class='ocrx_word' id='word_1_193' title='bbox 1116 2651 1334 2721; x_wconf 88' lang='lat' dir='ltr'><strong>penitus</strong></span> <span class='ocrx_word' id='word_1_194' title='bbox 1363 2652 1667 2722; x_wconf 75' lang='lat' dir='ltr'><strong>neglexisse</strong></span> <span class='ocrx_word' id='word_1_195' title='bbox 1705 2667 1918 2717; x_wconf 92' lang='lat' dir='ltr'><strong>curam,</strong></span> <span class='ocrx_word' id='word_1_196' title='bbox 1941 2652 2062 2721; x_wconf 91' lang='lat' dir='ltr'><strong>qui-</strong></span> 
     </span>
    </p>
   </div>
   <div class='ocr_carea' id='block_1_30' title="bbox 475 2743 2061 2814">
    <p class='ocr_par' dir='ltr' id='par_1_30' title="bbox 475 2743 2061 2814">
     <span class='ocr_line' id='line_1_30' title="bbox 475 2743 2061 2814; baseline 0 -15"><span class='ocrx_word' id='word_1_197' title='bbox 475 2746 580 2800; x_wconf 90' lang='lat' dir='ltr'><strong>bus</strong></span> <span class='ocrx_word' id='word_1_198' title='bbox 611 2743 782 2799; x_wconf 89' lang='lat' dir='ltr'><strong>nihilo</strong></span> <span class='ocrx_word' id='word_1_199' title='bbox 813 2743 1198 2814; x_wconf 83' lang='lat' dir='ltr'><strong>pretiosiorem</strong></span> <span class='ocrx_word' id='word_1_200' title='bbox 1229 2743 1468 2798; x_wconf 85' lang='lat' dir='ltr'><strong>animam</strong></span> <span class='ocrx_word' id='word_1_201' title='bbox 1534 2744 1790 2807; x_wconf 89' lang='lat' dir='ltr'><strong>ducebat,</strong></span> <span class='ocrx_word' id='word_1_202' title='bbox 1820 2744 1870 2798; x_wconf 91' lang='lat' dir='ltr'><strong>id</strong></span> <span class='ocrx_word' id='word_1_203' title='bbox 1929 2757 2061 2800; x_wconf 88' lang='lat' dir='ltr'><strong>vero</strong></span> 
     </span>
    </p>
   </div>
   <div class='ocr_carea' id='block_1_31' title="bbox 473 2835 2057 2906">
    <p class='ocr_par' dir='ltr' id='par_1_31' title="bbox 473 2835 2057 2906">
     <span class='ocr_line' id='line_1_31' title="bbox 473 2835 2057 2906; baseline -0.002 -16"><span class='ocrx_word' id='word_1_204' title='bbox 473 2853 704 2906; x_wconf 89' lang='lat' dir='ltr'><strong>prorsus</strong></span> <span class='ocrx_word' id='word_1_205' title='bbox 729 2835 1072 2891; x_wconf 90' lang='lat' dir='ltr'><strong>intolerabile</strong></span> <span class='ocrx_word' id='word_1_206' title='bbox 1095 2836 1340 2905; x_wconf 85' lang='lat' dir='ltr'><strong>putabat.</strong></span> <span class='ocrx_word' id='word_1_207' title='bbox 1375 2835 1466 2890; x_wconf 84' lang='lat' dir='ltr'><strong>Sic</strong></span> <span class='ocrx_word' id='word_1_208' title='bbox 1491 2850 1649 2904; x_wconf 87' lang='lat' dir='ltr'><strong>porro</strong></span> <span class='ocrx_word' id='word_1_209' title='bbox 1679 2845 1798 2888; x_wconf 88' lang='lat' dir='ltr'><strong>erat</strong></span> <span class='ocrx_word' id='word_1_210' title='bbox 1832 2849 2057 2904; x_wconf 83' lang='lat' dir='ltr'><strong>magna-</strong></span> 
     </span>
    </p>
   </div>
   <div class='ocr_carea' id='block_1_32' title="bbox 474 2927 2054 2997">
    <p class='ocr_par' dir='ltr' id='par_1_32' title="bbox 474 2927 2054 2997">
     <span class='ocr_line' id='line_1_32' title="bbox 474 2927 2054 2997; baseline -0.003 -14"><span class='ocrx_word' id='word_1_211' title='bbox 474 2930 678 2993; x_wconf 89' lang='lat' dir='ltr'><strong>nimus,</strong></span> <span class='ocrx_word' id='word_1_212' title='bbox 703 2937 761 2982; x_wconf 92' lang='lat' dir='ltr'><strong>ut</strong></span> <span class='ocrx_word' id='word_1_213' title='bbox 779 2937 833 2982; x_wconf 88' lang='lat' dir='ltr'><strong>et</strong></span> <span class='ocrx_word' id='word_1_214' title='bbox 851 2927 1070 2997; x_wconf 74' lang='lat' dir='ltr'><strong>injusue</strong></span> <span class='ocrx_word' id='word_1_215' title='bbox 1089 2928 1376 2982; x_wconf 66' lang='lat' dir='ltr'><strong>sententiae</strong></span> <span class='ocrx_word' id='word_1_216' title='bbox 1395 2927 1660 2982; x_wconf 91' lang='lat' dir='ltr'><strong>latoribus</strong></span> <span class='ocrx_word' id='word_1_217' title='bbox 1701 2927 2054 2980; x_wconf 83' lang='lat' dir='ltr'><strong>reverentiam</strong></span> 
     </span>
    </p>
   </div>
   <div class='ocr_carea' id='block_1_33' title="bbox 473 3020 2054 3091">
    <p class='ocr_par' dir='ltr' id='par_1_33' title="bbox 473 3020 2054 3091">
     <span class='ocr_line' id='line_1_33' title="bbox 473 3020 2054 3091; baseline -0.003 -17"><span class='ocrx_word' id='word_1_218' title='bbox 473 3024 721 3077; x_wconf 88' lang='lat' dir='ltr'><strong>haberet.</strong></span> <span class='ocrx_word' id='word_1_219' title='bbox 765 3022 899 3076; x_wconf 88' lang='lat' dir='ltr'><strong>Cum</strong></span> <span class='ocrx_word' id='word_1_220' title='bbox 931 3021 1112 3091; x_wconf 89' lang='lat' dir='ltr'><strong>itaque</strong></span> <span class='ocrx_word' id='word_1_221' title='bbox 1160 3020 1355 3074; x_wconf 89' lang='lat' dir='ltr'><strong>studiis</strong></span> <span class='ocrx_word' id='word_1_222' title='bbox 1399 3020 1554 3073; x_wconf 85' lang='lat' dir='ltr'><strong>divisi</strong></span> <span class='ocrx_word' id='word_1_223' title='bbox 1614 3034 1884 3083; x_wconf 78' lang='lat' dir='ltr'><strong>essemus,</strong></span> <span class='ocrx_word' id='word_1_224' title='bbox 1934 3033 2054 3072; x_wconf 90' lang='lat' dir='ltr'><strong>sero</strong></span> 
     </span>
    </p>
   </div>
   <div class='ocr_carea' id='block_1_34' title="bbox 475 3109 2052 3182">
    <p class='ocr_par' dir='ltr' id='par_1_34' title="bbox 475 3109 2052 3182">
     <span class='ocr_line' id='line_1_34' title="bbox 475 3109 2052 3182; baseline -0.003 -14"><span class='ocrx_word' id='word_1_225' title='bbox 475 3115 716 3178; x_wconf 84' lang='lat' dir='ltr'><strong>tandem,</strong></span> <span class='ocrx_word' id='word_1_226' title='bbox 772 3115 974 3182; x_wconf 80' lang='lat' dir='ltr'><strong>vixque</strong></span> <span class='ocrx_word' id='word_1_227' title='bbox 1030 3113 1200 3175; x_wconf 87' lang='lat' dir='ltr'><strong>suasi,</strong></span> <span class='ocrx_word' id='word_1_228' title='bbox 1266 3128 1373 3180; x_wconf 89' lang='lat' dir='ltr'><strong>qua</strong></span> <span class='ocrx_word' id='word_1_229' title='bbox 1433 3111 1674 3180; x_wconf 87' lang='lat' dir='ltr'><strong>probans</strong></span> <span class='ocrx_word' id='word_1_230' title='bbox 1721 3109 1797 3164; x_wconf 86' lang='lat' dir='ltr'><strong>ita</strong></span> <span class='ocrx_word' id='word_1_231' title='bbox 1858 3111 2052 3163; x_wconf 90' lang='lat' dir='ltr'><strong>melius</strong></span> 
     </span>
    </p>
   </div>
   <div class='ocr_carea' id='block_1_35' title="bbox 475 3205 2052 3278">
    <p class='ocr_par' dir='ltr' id='par_1_35' title="bbox 475 3205 2052 3278">
     <span class='ocr_line' id='line_1_35' title="bbox 475 3205 2052 3278; baseline -0.004 -16"><span class='ocrx_word' id='word_1_232' title='bbox 475 3210 607 3263; x_wconf 88' lang='lat' dir='ltr'><strong>mihi</strong></span> <span class='ocrx_word' id='word_1_233' title='bbox 663 3210 886 3278; x_wconf 88' lang='lat' dir='ltr'><strong>pariter,</strong></span> <span class='ocrx_word' id='word_1_234' title='bbox 931 3224 996 3261; x_wconf 86' lang='lat' dir='ltr'><strong>ac</strong></span> <span class='ocrx_word' id='word_1_235' title='bbox 1031 3208 1167 3276; x_wconf 88' lang='lat' dir='ltr'><strong>patri</strong></span> <span class='ocrx_word' id='word_1_236' title='bbox 1192 3221 1289 3276; x_wconf 87' lang='lat' dir='ltr'><strong>per</strong></span> <span class='ocrx_word' id='word_1_237' title='bbox 1321 3206 1369 3260; x_wconf 90' lang='lat' dir='ltr'><strong>id</strong></span> <span class='ocrx_word' id='word_1_238' title='bbox 1407 3215 1604 3275; x_wconf 89' lang='lat' dir='ltr'><strong>tenpus</strong></span> <span class='ocrx_word' id='word_1_239' title='bbox 1629 3205 1868 3268; x_wconf 85' lang='lat' dir='ltr'><strong>absenti,</strong></span> <span class='ocrx_word' id='word_1_240' title='bbox 1920 3220 2052 3260; x_wconf 83' lang='lat' dir='ltr'><strong>cen-</strong></span> 
     </span>
    </p>
   </div>
   <div class='ocr_carea' id='block_1_36' title="bbox 469 3291 2050 3364">
    <p class='ocr_par' dir='ltr' id='par_1_36' title="bbox 469 3291 2050 3364">
     <span class='ocr_line' id='line_1_36' title="bbox 469 3291 2050 3364; baseline -0.003 -11"><span class='ocrx_word' id='word_1_241' title='bbox 469 3301 672 3356; x_wconf 87' lang='lat' dir='ltr'><strong>sultum</strong></span> <span class='ocrx_word' id='word_1_242' title='bbox 706 3301 793 3364; x_wconf 86' lang='lat' dir='ltr'><strong>iri,</strong></span> <span class='ocrx_word' id='word_1_243' title='bbox 823 3309 883 3356; x_wconf 86' lang='lat' dir='ltr'><strong>ut</strong></span> <span class='ocrx_word' id='word_1_244' title='bbox 915 3300 1142 3353; x_wconf 89' lang='lat' dir='ltr'><strong>illecum</strong></span> <span class='ocrx_word' id='word_1_245' title='bbox 1181 3291 1374 3352; x_wconf 74' lang='lat' dir='ltr'><strong>amicis</strong></span> <span class='ocrx_word' id='word_1_246' title='bbox 1400 3313 1464 3352; x_wconf 90' lang='lat' dir='ltr'><strong>ac</strong></span> <span class='ocrx_word' id='word_1_247' title='bbox 1513 3296 1749 3351; x_wconf 87' lang='lat' dir='ltr'><strong>inimicis</strong></span> <span class='ocrx_word' id='word_1_248' title='bbox 1802 3311 2050 3356; x_wconf 89' lang='lat' dir='ltr'><strong>versans,</strong></span> 
     </span>
    </p>
   </div>
   <div class='ocr_carea' id='block_1_37' title="bbox 447 3390 2052 3468">
    <p class='ocr_par' dir='ltr' id='par_1_37' title="bbox 447 3390 2052 3468">
     <span class='ocr_line' id='line_1_37' title="bbox 447 3390 2052 3468; baseline -0.004 -22"><span class='ocrx_word' id='word_1_249' title='bbox 447 3394 539 3468; x_wconf 46' lang='lat' dir='ltr'><strong>~ad</strong></span> <span class='ocrx_word' id='word_1_250' title='bbox 566 3403 830 3464; x_wconf 89' lang='lat' dir='ltr'><strong>utrosque</strong></span> <span class='ocrx_word' id='word_1_251' title='bbox 855 3408 977 3461; x_wconf 77' lang='lat' dir='ltr'><strong>quae</strong></span> <span class='ocrx_word' id='word_1_252' title='bbox 1008 3407 1190 3461; x_wconf 80' lang='lat' dir='ltr'><strong>operae</strong></span> <span class='ocrx_word' id='word_1_253' title='bbox 1223 3392 1461 3460; x_wconf 88' lang='lat' dir='ltr'><strong>pretium</strong></span> <span class='ocrx_word' id='word_1_254' title='bbox 1488 3399 1674 3446; x_wconf 90' lang='lat' dir='ltr'><strong>essent</strong></span> <span class='ocrx_word' id='word_1_255' title='bbox 1695 3430 1711 3456; x_wconf 92' lang='lat'><strong>,</strong></span> <span class='ocrx_word' id='word_1_256' title='bbox 1742 3390 2052 3459; x_wconf 82' lang='lat' dir='ltr'><strong>negotiare-</strong></span> 
     </span>
    </p>
   </div>
   <div class='ocr_carea' id='block_1_38' title="bbox 473 3482 2051 3555">
    <p class='ocr_par' dir='ltr' id='par_1_38' title="bbox 473 3482 2051 3555">
     <span class='ocr_line' id='line_1_38' title="bbox 473 3482 2051 3555; baseline -0.001 -17"><span class='ocrx_word' id='word_1_257' title='bbox 473 3495 594 3551; x_wconf 89' lang='lat' dir='ltr'><strong>tur;</strong></span> <span class='ocrx_word' id='word_1_258' title='bbox 630 3501 738 3555; x_wconf 87' lang='lat' dir='ltr'><strong>qua</strong></span> <span class='ocrx_word' id='word_1_259' title='bbox 774 3485 1074 3549; x_wconf 84' lang='lat' dir='ltr'><strong>ailirmans,</strong></span> <span class='ocrx_word' id='word_1_260' title='bbox 1101 3486 1182 3540; x_wconf 90' lang='lat' dir='ltr'><strong>sic</strong></span> <span class='ocrx_word' id='word_1_261' title='bbox 1251 3499 1336 3538; x_wconf 90' lang='lat' dir='ltr'><strong>me</strong></span> <span class='ocrx_word' id='word_1_262' title='bbox 1360 3483 1634 3549; x_wconf 78' lang='lat' dir='ltr'><strong>affectum,</strong></span> <span class='ocrx_word' id='word_1_263' title='bbox 1673 3493 1733 3538; x_wconf 93' lang='lat' dir='ltr'><strong>ut</strong></span> <span class='ocrx_word' id='word_1_264' title='bbox 1790 3482 2051 3537; x_wconf 62' lang='lat' dir='ltr'><strong>malisdi.</strong></span> 
     </span>
    </p>
   </div>
   <div class='ocr_carea' id='block_1_39' title="bbox 470 3575 2047 3644">
    <p class='ocr_par' dir='ltr' id='par_1_39' title="bbox 470 3575 2047 3644">
     <span class='ocr_line' id='line_1_39' title="bbox 470 3575 2047 3644; baseline -0.002 -13"><span class='ocrx_word' id='word_1_265' title='bbox 470 3578 705 3633; x_wconf 89' lang='lat' dir='ltr'><strong>rissimis</strong></span> <span class='ocrx_word' id='word_1_266' title='bbox 752 3577 1049 3632; x_wconf 82' lang='lat' dir='ltr'><strong>lentandus</strong></span> <span class='ocrx_word' id='word_1_267' title='bbox 1129 3591 1332 3638; x_wconf 89' lang='lat' dir='ltr'><strong>essem,</strong></span> <span class='ocrx_word' id='word_1_268' title='bbox 1410 3575 1586 3629; x_wconf 92' lang='lat' dir='ltr'><strong>utille</strong></span> <span class='ocrx_word' id='word_1_269' title='bbox 1665 3578 2047 3644; x_wconf 89' lang='lat' dir='ltr'><strong>obtemperans</strong></span> 
     </span>
    </p>
   </div>
   <div class='ocr_carea' id='block_1_40' title="bbox 468 3663 2046 3733">
    <p class='ocr_par' dir='ltr' id='par_1_40' title="bbox 468 3663 2046 3733">
     <span class='ocr_line' id='line_1_40' title="bbox 468 3663 2046 3733; baseline -0.004 -11"><span class='ocrx_word' id='word_1_270' title='bbox 468 3671 619 3722; x_wconf 80' lang='lat' dir='ltr'><strong>exire</strong></span> <span class='ocrx_word' id='word_1_271' title='bbox 646 3669 995 3722; x_wconf 88' lang='lat' dir='ltr'><strong>detrectaret.</strong></span> <span class='ocrx_word' id='word_1_272' title='bbox 1059 3665 1151 3721; x_wconf 87' lang='lat' dir='ltr'><strong>Sic</strong></span> <span class='ocrx_word' id='word_1_273' title='bbox 1191 3665 1282 3720; x_wconf 91' lang='lat' dir='ltr'><strong>ille</strong></span> <span class='ocrx_word' id='word_1_274' title='bbox 1342 3679 1407 3718; x_wconf 89' lang='lat' dir='ltr'><strong>ne</strong></span> <span class='ocrx_word' id='word_1_275' title='bbox 1440 3664 1575 3718; x_wconf 84' lang='lat' dir='ltr'><strong>falso</strong></span> <span class='ocrx_word' id='word_1_276' title='bbox 1619 3664 1837 3733; x_wconf 88' lang='lat' dir='ltr'><strong>quidem</strong></span> <span class='ocrx_word' id='word_1_277' title='bbox 1880 3663 2046 3717; x_wconf 87' lang='lat' dir='ltr'><strong>ullam</strong></span> 
     </span>
    </p>
   </div>
   <div class='ocr_carea' id='block_1_41' title="bbox 469 3756 2049 3830">
    <p class='ocr_par' dir='ltr' id='par_1_41' title="bbox 469 3756 2049 3830">
     <span class='ocr_line' id='line_1_41' title="bbox 469 3756 2049 3830; baseline -0.004 -15"><span class='ocrx_word' id='word_1_278' title='bbox 469 3761 782 3830; x_wconf 90' lang='lat' dir='ltr'><strong>opinionem</strong></span> <span class='ocrx_word' id='word_1_279' title='bbox 820 3761 964 3813; x_wconf 90' lang='lat' dir='ltr'><strong>inuri</strong></span> <span class='ocrx_word' id='word_1_280' title='bbox 1033 3759 1362 3822; x_wconf 81' lang='lat' dir='ltr'><strong>sustinebat,</strong></span> <span class='ocrx_word' id='word_1_281' title='bbox 1419 3757 1673 3828; x_wconf 87' lang='lat' dir='ltr'><strong>famaque</strong></span> <span class='ocrx_word' id='word_1_282' title='bbox 1698 3759 1766 3812; x_wconf 90' lang='lat' dir='ltr'><strong>ab</strong></span> <span class='ocrx_word' id='word_1_283' title='bbox 1820 3757 1938 3826; x_wconf 87' lang='lat' dir='ltr'><strong>ejus</strong></span> <span class='ocrx_word' id='word_1_284' title='bbox 1965 3756 2049 3809; x_wconf 86' lang='lat' dir='ltr'><strong>in-</strong></span> 
     </span>
    </p>
   </div>
   <div class='ocr_carea' id='block_1_42' title="bbox 469 3849 2047 3918">
    <p class='ocr_par' dir='ltr' id='par_1_42' title="bbox 469 3849 2047 3918">
     <span class='ocr_line' id='line_1_42' title="bbox 469 3849 2047 3918; baseline -0.004 -12"><span class='ocrx_word' id='word_1_285' title='bbox 469 3852 598 3908; x_wconf 80' lang='lat' dir='ltr'><strong>dole</strong></span> <span class='ocrx_word' id='word_1_286' title='bbox 656 3867 720 3905; x_wconf 90' lang='lat' dir='ltr'><strong>ac</strong></span> <span class='ocrx_word' id='word_1_287' title='bbox 763 3851 968 3916; x_wconf 89' lang='lat' dir='ltr'><strong>animo,</strong></span> <span class='ocrx_word' id='word_1_288' title='bbox 1040 3849 1492 3918; x_wconf 74' lang='lat' dir='ltr'><strong>institutioncque</strong></span> <span class='ocrx_word' id='word_1_289' title='bbox 1547 3849 1897 3911; x_wconf 72' lang='lat' dir='ltr'><strong>abhorrente,</strong></span> <span class='ocrx_word' id='word_1_290' title='bbox 1957 3861 2047 3901; x_wconf 86' lang='lat' dir='ltr'><strong>as-</strong></span> 
     </span>
    </p>
   </div>
   <div class='ocr_carea' id='block_1_43' title="bbox 467 3941 2044 4014">
    <p class='ocr_par' dir='ltr' id='par_1_43' title="bbox 467 3941 2044 4014">
     <span class='ocr_line' id='line_1_43' title="bbox 467 3941 2044 4014; baseline -0.004 -15"><span class='ocrx_word' id='word_1_291' title='bbox 467 3945 616 4014; x_wconf 84' lang='lat' dir='ltr'><strong>pergi</strong></span> <span class='ocrx_word' id='word_1_292' title='bbox 650 3944 893 3999; x_wconf 88' lang='lat' dir='ltr'><strong>timebat.</strong></span> <span class='ocrx_word' id='word_1_293' title='bbox 929 3943 1020 3997; x_wconf 80' lang='lat' dir='ltr'><strong>Sic</strong></span> <span class='ocrx_word' id='word_1_294' title='bbox 1061 3944 1112 3996; x_wconf 93' lang='lat' dir='ltr'><strong>in</strong></span> <span class='ocrx_word' id='word_1_295' title='bbox 1178 3956 1279 3995; x_wconf 90' lang='lat' dir='ltr'><strong>nos</strong></span> <span class='ocrx_word' id='word_1_296' title='bbox 1331 3943 1574 3996; x_wconf 78' lang='lat' dir='ltr'><strong>fraterne</strong></span> <span class='ocrx_word' id='word_1_297' title='bbox 1623 3941 1852 3995; x_wconf 75' lang='lat' dir='ltr'><strong>aifeetus</strong></span> <span class='ocrx_word' id='word_1_298' title='bbox 1905 3949 2044 4003; x_wconf 87' lang='lat' dir='ltr'><strong>erat,</strong></span> 
     </span>
    </p>
   </div>
   <div class='ocr_carea' id='block_1_44' title="bbox 468 4033 2045 4105">
    <p class='ocr_par' dir='ltr' id='par_1_44' title="bbox 468 4033 2045 4105">
     <span class='ocr_line' id='line_1_44' title="bbox 468 4033 2045 4105; baseline -0.004 -13"><span class='ocrx_word' id='word_1_299' title='bbox 468 4047 526 4092; x_wconf 93' lang='lat' dir='ltr'><strong>ut</strong></span> <span class='ocrx_word' id='word_1_300' title='bbox 559 4053 772 4094; x_wconf 89' lang='lat' dir='ltr'><strong>mecum</strong></span> <span class='ocrx_word' id='word_1_301' title='bbox 811 4037 1041 4103; x_wconf 85' lang='lat' dir='ltr'><strong>versari,</strong></span> <span class='ocrx_word' id='word_1_302' title='bbox 1081 4049 1246 4105; x_wconf 89' lang='lat' dir='ltr'><strong>quam</strong></span> <span class='ocrx_word' id='word_1_303' title='bbox 1280 4050 1402 4088; x_wconf 91' lang='lat' dir='ltr'><strong>cum</strong></span> <span class='ocrx_word' id='word_1_304' title='bbox 1445 4035 1568 4088; x_wconf 88' lang='lat' dir='ltr'><strong>aliis</strong></span> <span class='ocrx_word' id='word_1_305' title='bbox 1632 4035 1914 4102; x_wconf 82' lang='lat' dir='ltr'><strong>voluptate</strong></span> <span class='ocrx_word' id='word_1_306' title='bbox 1941 4033 2045 4088; x_wconf 89' lang='lat' dir='ltr'><strong>frui</strong></span> 
     </span>
    </p>
   </div>
   <div class='ocr_carea' id='block_1_45' title="bbox 465 4127 2046 4198">
    <p class='ocr_par' dir='ltr' id='par_1_45' title="bbox 465 4127 2046 4198">
     <span class='ocr_line' id='line_1_45' title="bbox 465 4127 2046 4198; baseline -0.006 -10"><span class='ocrx_word' id='word_1_307' title='bbox 465 4131 643 4198; x_wconf 66' lang='lat' dir='ltr'><strong>potius</strong></span> <span class='ocrx_word' id='word_1_308' title='bbox 707 4131 980 4182; x_wconf 85' lang='lat' dir='ltr'><strong>haberet:</strong></span> <span class='ocrx_word' id='word_1_309' title='bbox 1044 4130 1396 4197; x_wconf 68' lang='lat' dir='ltr'><strong>carcer-isque</strong></span> <span class='ocrx_word' id='word_1_310' title='bbox 1457 4128 1744 4198; x_wconf 73' lang='lat' dir='ltr'><strong>angustizc,</strong></span> <span class='ocrx_word' id='word_1_311' title='bbox 1799 4127 1887 4180; x_wconf 82' lang='lat' dir='ltr'><strong>vix</strong></span> <span class='ocrx_word' id='word_1_312' title='bbox 1941 4127 2046 4179; x_wconf 72' lang='lat' dir='ltr'><strong>illa:</strong></span> 
     </span>
    </p>
   </div>
   <div class='ocr_carea' id='block_1_46' title="bbox 463 4220 2044 4290">
    <p class='ocr_par' dir='ltr' id='par_1_46' title="bbox 463 4220 2044 4290">
     <span class='ocr_line' id='line_1_46' title="bbox 463 4220 2044 4290; baseline -0.002 -15"><span class='ocrx_word' id='word_1_313' title='bbox 463 4222 581 4276; x_wconf 82' lang='lat' dir='ltr'><strong>alia:</strong></span> <span class='ocrx_word' id='word_1_314' title='bbox 613 4238 775 4290; x_wconf 88' lang='lat' dir='ltr'><strong>quam</strong></span> <span class='ocrx_word' id='word_1_315' title='bbox 807 4222 1065 4288; x_wconf 84' lang='lat' dir='ltr'><strong>sepulcri,</strong></span> <span class='ocrx_word' id='word_1_316' title='bbox 1120 4223 1265 4290; x_wconf 80' lang='lat' dir='ltr'><strong>regia</strong></span> <span class='ocrx_word' id='word_1_317' title='bbox 1295 4221 1370 4274; x_wconf 90' lang='lat' dir='ltr'><strong>illi</strong></span> <span class='ocrx_word' id='word_1_318' title='bbox 1438 4220 1786 4289; x_wconf 78' lang='lat' dir='ltr'><strong>angustiores</strong></span> <span class='ocrx_word' id='word_1_319' title='bbox 1853 4229 2044 4283; x_wconf 86' lang='lat' dir='ltr'><strong>erant,</strong></span> 
     </span>
    </p>
   </div>
   <div class='ocr_carea' id='block_1_47' title="bbox 466 4309 2043 4379">
    <p class='ocr_par' dir='ltr' id='par_1_47' title="bbox 466 4309 2043 4379">
     <span class='ocr_line' id='line_1_47' title="bbox 466 4309 2043 4379; baseline 0 -16"><span class='ocrx_word' id='word_1_320' title='bbox 466 4313 815 4379; x_wconf 66' lang='lat' dir='ltr'><strong>tenebraeque</strong></span> <span class='ocrx_word' id='word_1_321' title='bbox 846 4326 1009 4377; x_wconf 85' lang='lat' dir='ltr'><strong>quam</strong></span> <span class='ocrx_word' id='word_1_322' title='bbox 1059 4312 1194 4362; x_wconf 90' lang='lat' dir='ltr'><strong>solis</strong></span> <span class='ocrx_word' id='word_1_323' title='bbox 1242 4311 1496 4378; x_wconf 64' lang='lat' dir='ltr'><strong>Splendor</strong></span> <span class='ocrx_word' id='word_1_324' title='bbox 1530 4309 2043 4372; x_wconf 81' lang='lat' dir='ltr'><strong>desiderabiliores;</strong></span> 
     </span>
    </p>
   </div>
   <div class='ocr_carea' id='block_1_48' title="bbox 463 4401 2043 4474">
    <p class='ocr_par' dir='ltr' id='par_1_48' title="bbox 463 4401 2043 4474">
     <span class='ocr_line' id='line_1_48' title="bbox 463 4401 2043 4474; baseline -0.003 -18"><span class='ocrx_word' id='word_1_325' title='bbox 463 4418 528 4456; x_wconf 79' lang='lat' dir='ltr'><strong>ac</strong></span> <span class='ocrx_word' id='word_1_326' title='bbox 556 4405 801 4462; x_wconf 54' lang='lat' dir='ltr'><strong>den-mm,</strong></span> <span class='ocrx_word' id='word_1_327' title='bbox 825 4402 1007 4453; x_wconf 90' lang='lat' dir='ltr'><strong>omnia</strong></span> <span class='ocrx_word' id='word_1_328' title='bbox 1057 4416 1270 4453; x_wconf 85' lang='lat' dir='ltr'><strong>mecum</strong></span> <span class='ocrx_word' id='word_1_329' title='bbox 1300 4401 1563 4474; x_wconf 74' lang='lat' dir='ltr'><strong>dulciora,</strong></span> <span class='ocrx_word' id='word_1_330' title='bbox 1625 4415 1933 4468; x_wconf 87' lang='lat' dir='ltr'><strong>quanquam</strong></span> <span class='ocrx_word' id='word_1_331' title='bbox 1957 4415 2043 4454; x_wconf 90' lang='lat' dir='ltr'><strong>es-</strong></span> 
     </span>
    </p>
   </div>
   <div class='ocr_carea' id='block_1_49' title="bbox 2163 536 3737 618">
    <p class='ocr_par' dir='ltr' id='par_1_49' title="bbox 2163 536 3737 618">
     <span class='ocr_line' id='line_1_49' title="bbox 2163 536 3737 618; baseline 0.003 -29"><span class='ocrx_word' id='word_1_332' title='bbox 2163 536 2484 618; x_wconf 67' lang='grc' dir='ltr'><strong>⁶λειφθῆναι,</strong></span> <span class='ocrx_word' id='word_1_333' title='bbox 2521 539 2645 594; x_wconf 80' lang='grc' dir='ltr'>ὅσον</span> <span class='ocrx_word' id='word_1_334' title='bbox 2678 539 2776 608; x_wconf 82' lang='grc' dir='ltr'>τῆς</span> <span class='ocrx_word' id='word_1_335' title='bbox 2805 536 2982 607; x_wconf 78' lang='grc' dir='ltr'>λύπης</span> <span class='ocrx_word' id='word_1_336' title='bbox 3022 538 3378 607; x_wconf 74' lang='grc' dir='ltr'><strong>κουφίζεσθαι</strong></span> <span class='ocrx_word' id='word_1_337' title='bbox 3422 539 3500 607; x_wconf 87' lang='grc' dir='ltr'>τῷ</span> <span class='ocrx_word' id='word_1_338' title='bbox 3533 541 3737 593; x_wconf 76' lang='grc' dir='ltr'>ἐκεῖνον</span> 
     </span>
    </p>
   </div>
   <div class='ocr_carea' id='block_1_50' title="bbox 2172 628 3738 700">
    <p class='ocr_par' dir='ltr' id='par_1_50' title="bbox 2172 628 3738 700">
     <span class='ocr_line' id='line_1_50' title="bbox 2172 628 3738 700; baseline 0.003 -20"><span class='ocrx_word' id='word_1_339' title='bbox 2172 628 2495 695; x_wconf 75' lang='grc' dir='ltr'><strong>ἀναϐιῶναι,</strong></span> <span class='ocrx_word' id='word_1_340' title='bbox 2543 629 2687 696; x_wconf 74' lang='grc' dir='ltr'>λέγω</span> <span class='ocrx_word' id='word_1_341' title='bbox 2733 629 2797 699; x_wconf 82' lang='grc' dir='ltr'>δὴ</span> <span class='ocrx_word' id='word_1_342' title='bbox 2847 630 2907 682; x_wconf 81' lang='grc' dir='ltr'>τὸ</span> <span class='ocrx_word' id='word_1_343' title='bbox 2935 629 3034 700; x_wconf 85' lang='grc' dir='ltr'><strong>τῆς</strong></span> <span class='ocrx_word' id='word_1_344' title='bbox 3074 633 3320 700; x_wconf 72' lang='grc' dir='ltr'>φρουρᾶς</span> <span class='ocrx_word' id='word_1_345' title='bbox 3371 632 3598 698; x_wconf 76' lang='grc' dir='ltr'><strong>ἐξιέναι.</strong></span> <span class='ocrx_word' id='word_1_346' title='bbox 3635 634 3738 685; x_wconf 76' lang='grc' dir='ltr'><strong>Καὶ</strong></span> 
     </span>
    </p>
   </div>
   <div class='ocr_carea' id='block_1_51' title="bbox 2173 720 3740 794">
    <p class='ocr_par' dir='ltr' id='par_1_51' title="bbox 2173 720 3740 794">
     <span class='ocr_line' id='line_1_51' title="bbox 2173 720 3740 794; baseline 0.003 -22"><span class='ocrx_word' id='word_1_347' title='bbox 2173 720 2395 773; x_wconf 75' lang='grc' dir='ltr'>ἐδόκουν</span> <span class='ocrx_word' id='word_1_348' title='bbox 2418 721 2580 774; x_wconf 80' lang='grc' dir='ltr'>αὐτὸν</span> <span class='ocrx_word' id='word_1_349' title='bbox 2609 722 2744 794; x_wconf 75' lang='grc' dir='ltr'><strong>ὁρᾷν</strong></span> <span class='ocrx_word' id='word_1_350' title='bbox 2768 721 2976 791; x_wconf 78' lang='grc' dir='ltr'><strong>(τρέχει</strong></span> <span class='ocrx_word' id='word_1_351' title='bbox 3001 722 3111 792; x_wconf 80' lang='grc' dir='ltr'>γὰρ</span> <span class='ocrx_word' id='word_1_352' title='bbox 3134 724 3166 794; x_wconf 85' lang='grc' dir='ltr'>ὴ</span> <span class='ocrx_word' id='word_1_353' title='bbox 3194 724 3468 790; x_wconf 74' lang='grc' dir='ltr'>φαντασῗα</span> <span class='ocrx_word' id='word_1_354' title='bbox 3502 724 3585 789; x_wconf 79' lang='grc' dir='ltr'><strong>ἐφ’</strong></span> <span class='ocrx_word' id='word_1_355' title='bbox 3613 725 3644 776; x_wconf 81' lang='grc' dir='ltr'>ἆ</span> <span class='ocrx_word' id='word_1_356' title='bbox 3664 742 3740 784; x_wconf 80' lang='grc' dir='ltr'><strong>τις</strong></span> 
     </span>
    </p>
   </div>
   <div class='ocr_carea' id='block_1_52' title="bbox 2170 809 3742 882">
    <p class='ocr_par' dir='ltr' id='par_1_52' title="bbox 2170 809 3742 882">
     <span class='ocr_line' id='line_1_52' title="bbox 2170 809 3742 882; baseline 0.002 -22"><span class='ocrx_word' id='word_1_357' title='bbox 2170 809 2293 863; x_wconf 87' lang='grc' dir='ltr'>λίαν</span> <span class='ocrx_word' id='word_1_358' title='bbox 2331 811 2611 882; x_wconf 80' lang='grc' dir='ltr'>ἐπιθυμεῖ)</span> <span class='ocrx_word' id='word_1_359' title='bbox 2643 812 2700 863; x_wconf 81' lang='grc' dir='ltr'>ἐν</span> <span class='ocrx_word' id='word_1_360' title='bbox 2748 813 2860 875; x_wconf 83' lang='grc' dir='ltr'>τοῖς</span> <span class='ocrx_word' id='word_1_361' title='bbox 2895 813 3145 866; x_wconf 80' lang='grc' dir='ltr'><strong>εἰωθόσιν</strong></span> <span class='ocrx_word' id='word_1_362' title='bbox 3185 814 3334 877; x_wconf 77' lang='grc' dir='ltr'>ὄντα,</span> <span class='ocrx_word' id='word_1_363' title='bbox 3369 815 3462 867; x_wconf 73' lang='grc' dir='ltr'><strong>κα)⁵</strong></span> <span class='ocrx_word' id='word_1_364' title='bbox 3512 815 3579 868; x_wconf 78' lang='grc' dir='ltr'>τὰ</span> <span class='ocrx_word' id='word_1_365' title='bbox 3604 817 3742 877; x_wconf 73' lang='grc' dir='ltr'>νέοις</span> 
     </span>
    </p>
   </div>
   <div class='ocr_carea' id='block_1_53' title="bbox 2172 904 3741 980">
    <p class='ocr_par' dir='ltr' id='par_1_53' title="bbox 2172 904 3741 980">
     <span class='ocr_line' id='line_1_53' title="bbox 2172 904 3741 980; baseline 0.003 -25"><span class='ocrx_word' id='word_1_366' title='bbox 2172 904 2454 974; x_wconf 81' lang='grc' dir='ltr'><strong>πρέποντα</strong></span> <span class='ocrx_word' id='word_1_367' title='bbox 2503 905 2644 973; x_wconf 75' lang='grc' dir='ltr'>μετὰ</span> <span class='ocrx_word' id='word_1_368' title='bbox 2671 906 2780 958; x_wconf 82' lang='grc' dir='ltr'><strong>τῶν</strong></span> <span class='ocrx_word' id='word_1_369' title='bbox 2825 904 3033 976; x_wconf 81' lang='grc' dir='ltr'>ἡλίκων</span> <span class='ocrx_word' id='word_1_370' title='bbox 3063 907 3199 980; x_wconf 83' lang='grc' dir='ltr'>δρᾷν</span> <span class='ocrx_word' id='word_1_371' title='bbox 3231 909 3287 959; x_wconf 84' lang='grc' dir='ltr'>ὲν</span> <span class='ocrx_word' id='word_1_372' title='bbox 3320 907 3499 960; x_wconf 85' lang='grc' dir='ltr'>ὅπλων</span> <span class='ocrx_word' id='word_1_373' title='bbox 3534 924 3741 977; x_wconf 78' lang='grc' dir='ltr'>γυμναο</span> 
     </span>
    </p>
   </div>
   <div class='ocr_carea' id='block_1_54' title="bbox 2173 997 3739 1069">
    <p class='ocr_par' dir='ltr' id='par_1_54' title="bbox 2173 997 3739 1069">
     <span class='ocr_line' id='line_1_54' title="bbox 2173 997 3739 1069; baseline 0.003 -21"><span class='ocrx_word' id='word_1_374' title='bbox 2173 997 2332 1062; x_wconf 87' lang='grc' dir='ltr'>σίοις,</span> <span class='ocrx_word' id='word_1_375' title='bbox 2363 999 2422 1049; x_wconf 78' lang='grc' dir='ltr'><strong>ἐν</strong></span> <span class='ocrx_word' id='word_1_376' title='bbox 2465 997 2680 1068; x_wconf 85' lang='grc' dir='ltr'>θήραις,</span> <span class='ocrx_word' id='word_1_377' title='bbox 2723 1000 2779 1051; x_wconf 86' lang='grc' dir='ltr'><strong>ἐν</strong></span> <span class='ocrx_word' id='word_1_378' title='bbox 2811 998 2990 1064; x_wconf 78' lang='grc' dir='ltr'>ἀγῶσι</span> <span class='ocrx_word' id='word_1_379' title='bbox 3032 999 3330 1069; x_wconf 80' lang='grc' dir='ltr'><strong>χορηγοῦσι</strong></span> <span class='ocrx_word' id='word_1_380' title='bbox 3361 1002 3473 1062; x_wconf 79' lang='grc' dir='ltr'>τοῖς</span> <span class='ocrx_word' id='word_1_381' title='bbox 3516 1000 3739 1052; x_wconf 78' lang='grc' dir='ltr'><strong>ἀσκοῦσι</strong></span> 
     </span>
    </p>
   </div>
   <div class='ocr_carea' id='block_1_55' title="bbox 2173 1088 3745 1161">
    <p class='ocr_par' dir='ltr' id='par_1_55' title="bbox 2173 1088 3745 1161">
     <span class='ocr_line' id='line_1_55' title="bbox 2173 1088 3745 1161; baseline -0.001 -19"><span class='ocrx_word' id='word_1_382' title='bbox 2173 1088 2391 1158; x_wconf 84' lang='grc' dir='ltr'>σώμασι</span> <span class='ocrx_word' id='word_1_383' title='bbox 2425 1088 2622 1158; x_wconf 78' lang='grc' dir='ltr'>ῥώμην.</span> <span class='ocrx_word' id='word_1_384' title='bbox 2659 1091 2753 1142; x_wconf 69' lang='grc' dir='ltr'>καὶ</span> <span class='ocrx_word' id='word_1_385' title='bbox 2785 1089 3021 1157; x_wconf 81' lang='grc' dir='ltr'>ὑγίειαν,</span> <span class='ocrx_word' id='word_1_386' title='bbox 3050 1092 3146 1144; x_wconf 58' lang='grc' dir='ltr'><strong>καὶ⁵</strong></span> <span class='ocrx_word' id='word_1_387' title='bbox 3169 1091 3228 1143; x_wconf 86' lang='grc' dir='ltr'><strong>τὸ</strong></span> <span class='ocrx_word' id='word_1_388' title='bbox 3261 1093 3402 1160; x_wconf 84' lang='grc' dir='ltr'>μετὰ</span> <span class='ocrx_word' id='word_1_389' title='bbox 3437 1091 3593 1161; x_wconf 73' lang='grc' dir='ltr'>δόξης</span> <span class='ocrx_word' id='word_1_390' title='bbox 3618 1091 3745 1161; x_wconf 77' lang='grc' dir='ltr'><strong>βιῶ·-</strong></span> 
     </span>
    </p>
   </div>
   <div class='ocr_carea' id='block_1_56' title="bbox 2171 1182 3741 1255">
    <p class='ocr_par' dir='ltr' id='par_1_56' title="bbox 2171 1182 3741 1255">
     <span class='ocr_line' id='line_1_56' title="bbox 2171 1182 3741 1255; baseline 0.001 -21"><span class='ocrx_word' id='word_1_391' title='bbox 2171 1199 2282 1234; x_wconf 81' lang='grc' dir='ltr'>ναι.</span> <span class='ocrx_word' id='word_1_392' title='bbox 2327 1182 2507 1235; x_wconf 87' lang='grc' dir='ltr'>Ταῦτα</span> <span class='ocrx_word' id='word_1_393' title='bbox 2552 1185 2648 1236; x_wconf 72' lang='grc' dir='ltr'>καὶ</span> <span class='ocrx_word' id='word_1_394' title='bbox 2679 1185 2748 1236; x_wconf 78' lang='grc' dir='ltr'>τὰ</span> <span class='ocrx_word' id='word_1_395' title='bbox 2779 1183 3006 1236; x_wconf 86' lang='grc' dir='ltr'>τοιαῦτα</span> <span class='ocrx_word' id='word_1_396' title='bbox 3060 1185 3446 1255; x_wconf 77' lang='grc' dir='ltr'><strong>ὀνειροπολῶν,</strong></span> <span class='ocrx_word' id='word_1_397' title='bbox 3485 1184 3741 1254; x_wconf 75' lang='grc' dir='ltr'>ἔχαιρον·</span> 
     </span>
    </p>
   </div>
   <div class='ocr_carea' id='block_1_57' title="bbox 2171 1273 3748 1347">
    <p class='ocr_par' dir='ltr' id='par_1_57' title="bbox 2171 1273 3748 1347">
     <span class='ocr_line' id='line_1_57' title="bbox 2171 1273 3748 1347; baseline 0.002 -21"><span class='ocrx_word' id='word_1_398' title='bbox 2171 1275 2262 1326; x_wconf 75' lang='grc' dir='ltr'><strong>καὶ</strong></span> <span class='ocrx_word' id='word_1_399' title='bbox 2293 1273 2453 1345; x_wconf 72' lang='grc' dir='ltr'><strong>ᾤμην</strong></span> <span class='ocrx_word' id='word_1_400' title='bbox 2476 1276 2694 1346; x_wconf 83' lang='grc' dir='ltr'><strong>βλέπειν</strong></span> <span class='ocrx_word' id='word_1_401' title='bbox 2725 1276 2886 1329; x_wconf 74' lang='grc' dir='ltr'>αὐτὸν</span> <span class='ocrx_word' id='word_1_402' title='bbox 2918 1274 3058 1330; x_wconf 81' lang='grc' dir='ltr'>ἆθλά</span> <span class='ocrx_word' id='word_1_403' title='bbox 3079 1295 3139 1330; x_wconf 86' lang='grc' dir='ltr'><strong>τε</strong></span> <span class='ocrx_word' id='word_1_404' title='bbox 3171 1278 3478 1347; x_wconf 82' lang='grc' dir='ltr'><strong>δεχόμενον,</strong></span> <span class='ocrx_word' id='word_1_405' title='bbox 3530 1278 3626 1331; x_wconf 78' lang='grc' dir='ltr'>καὶ</span> <span class='ocrx_word' id='word_1_406' title='bbox 3655 1295 3748 1330; x_wconf 87' lang='grc' dir='ltr'>κε-</span> 
     </span>
    </p>
   </div>
   <div class='ocr_carea' id='block_1_58' title="bbox 2173 1361 3740 1444">
    <p class='ocr_par' dir='ltr' id='par_1_58' title="bbox 2173 1361 3740 1444">
     <span class='ocr_line' id='line_1_58' title="bbox 2173 1361 3740 1444; baseline 0.001 -23"><span class='ocrx_word' id='word_1_407' title='bbox 2173 1361 2346 1439; x_wconf 63' lang='grc' dir='ltr'>φαλὴν</span> <span class='ocrx_word' id='word_1_408' title='bbox 2375 1370 2834 1441; x_wconf 81' lang='grc' dir='ltr'><strong>στεφανούμενον,</strong></span> <span class='ocrx_word' id='word_1_409' title='bbox 2880 1373 2974 1424; x_wconf 73' lang='grc' dir='ltr'>καὶ</span> <span class='ocrx_word' id='word_1_410' title='bbox 3024 1373 3258 1443; x_wconf 80' lang='grc' dir='ltr'>νικητὴν</span> <span class='ocrx_word' id='word_1_411' title='bbox 3312 1373 3740 1444; x_wconf 77' lang='grc' dir='ltr'>κηρυττόμενονο</span> 
     </span>
    </p>
   </div>
   <div class='ocr_carea' id='block_1_59' title="bbox 2173 1461 3747 1537">
    <p class='ocr_par' dir='ltr' id='par_1_59' title="bbox 2173 1461 3747 1537">
     <span class='ocr_line' id='line_1_59' title="bbox 2173 1461 3747 1537; baseline 0.001 -23"><span class='ocrx_word' id='word_1_412' title='bbox 2173 1463 2298 1514; x_wconf 68' lang='grc' dir='ltr'>ἐπεὶ</span> <span class='ocrx_word' id='word_1_413' title='bbox 2351 1463 2484 1516; x_wconf 81' lang='grc' dir='ltr'>πολὺ</span> <span class='ocrx_word' id='word_1_414' title='bbox 2532 1463 2592 1516; x_wconf 80' lang='grc' dir='ltr'>τὸ</span> <span class='ocrx_word' id='word_1_415' title='bbox 2645 1465 3071 1535; x_wconf 72' lang='grc' dir='ltr'>συγκεχωρηκὸς</span> <span class='ocrx_word' id='word_1_416' title='bbox 3130 1461 3198 1537; x_wconf 85' lang='grc' dir='ltr'>ἦν</span> <span class='ocrx_word' id='word_1_417' title='bbox 3251 1465 3400 1535; x_wconf 85' lang='grc' dir='ltr'><strong>αὑτῷ</strong></span> <span class='ocrx_word' id='word_1_418' title='bbox 3449 1465 3600 1536; x_wconf 74' lang='grc' dir='ltr'>παρὰ</span> <span class='ocrx_word' id='word_1_419' title='bbox 3639 1465 3747 1519; x_wconf 82' lang='grc' dir='ltr'>τῶν</span> 
     </span>
    </p>
   </div>
   <div class='ocr_carea' id='block_1_60' title="bbox 2170 1539 3753 1628">
    <p class='ocr_par' dir='ltr' id='par_1_60' title="bbox 2170 1554 3753 1628">
     <span class='ocr_line' id='line_1_60' title="bbox 2170 1554 3753 1628; baseline 0.003 -22"><span class='ocrx_word' id='word_1_420' title='bbox 2170 1554 2428 1607; x_wconf 71' lang='grc' dir='ltr'>ἁπάντων</span> <span class='ocrx_word' id='word_1_421' title='bbox 2460 1557 2517 1608; x_wconf 84' lang='grc' dir='ltr'><strong>ἐν</strong></span> <span class='ocrx_word' id='word_1_422' title='bbox 2552 1559 2662 1618; x_wconf 86' lang='grc' dir='ltr'>τοῖς</span> <span class='ocrx_word' id='word_1_423' title='bbox 2711 1559 2999 1620; x_wconf 80' lang='grc' dir='ltr'>τοιούτοις.</span> <span class='ocrx_word' id='word_1_424' title='bbox 3054 1557 3127 1609; x_wconf 84' lang='grc' dir='ltr'><strong>Τὸ</strong></span> <span class='ocrx_word' id='word_1_425' title='bbox 3156 1557 3266 1628; x_wconf 75' lang='grc' dir='ltr'><strong>γὰρ</strong></span> <span class='ocrx_word' id='word_1_426' title='bbox 3303 1560 3360 1610; x_wconf 87' lang='grc' dir='ltr'>ἐν</span> <span class='ocrx_word' id='word_1_427' title='bbox 3409 1557 3580 1610; x_wconf 73' lang='grc' dir='ltr'>ἅπασι</span> <span class='ocrx_word' id='word_1_428' title='bbox 3613 1574 3753 1625; x_wconf 82' lang='grc' dir='ltr'>κρα-</span> 
     </span>
    </p>
   </div>
   <div class='ocr_carea' id='block_1_61' title="bbox 2171 1641 3744 1716">
    <p class='ocr_par' dir='ltr' id='par_1_61' title="bbox 2171 1641 3744 1716">
     <span class='ocr_line' id='line_1_61' title="bbox 2171 1641 3744 1716; baseline 0.003 -20"><span class='ocrx_word' id='word_1_429' title='bbox 2171 1647 2304 1707; x_wconf 87' lang='grc' dir='ltr'>τεῖν,</span> <span class='ocrx_word' id='word_1_430' title='bbox 2335 1647 2392 1712; x_wconf 81' lang='grc' dir='ltr'>ἐξ</span> <span class='ocrx_word' id='word_1_431' title='bbox 2421 1641 2494 1698; x_wconf 84' lang='grc' dir='ltr'><strong>ὧν</strong></span> <span class='ocrx_word' id='word_1_432' title='bbox 2525 1648 2935 1716; x_wconf 79' lang='grc' dir='ltr'>στεφανώσεταί</span> <span class='ocrx_word' id='word_1_433' title='bbox 2966 1667 3050 1712; x_wconf 90' lang='grc' dir='ltr'><strong>τις</strong></span> <span class='ocrx_word' id='word_1_434' title='bbox 3086 1649 3285 1712; x_wconf 83' lang='grc' dir='ltr'>ἀθλῶν,</span> <span class='ocrx_word' id='word_1_435' title='bbox 3318 1649 3478 1702; x_wconf 84' lang='grc' dir='ltr'>τοῦτο</span> <span class='ocrx_word' id='word_1_436' title='bbox 3513 1649 3569 1701; x_wconf 86' lang='grc' dir='ltr'><strong>δέ</strong></span> <span class='ocrx_word' id='word_1_437' title='bbox 3596 1650 3645 1701; x_wconf 87' lang='grc' dir='ltr'>οἱ</span> <span class='ocrx_word' id='word_1_438' title='bbox 3681 1650 3744 1700; x_wconf 89' lang='grc' dir='ltr'><strong>ἐκ</strong></span> 
     </span>
    </p>
   </div>
   <div class='ocr_carea' id='block_1_62' title="bbox 2175 1737 3749 1810">
    <p class='ocr_par' dir='ltr' id='par_1_62' title="bbox 2175 1737 3749 1810">
     <span class='ocr_line' id='line_1_62' title="bbox 2175 1737 3749 1810; baseline -0.001 -21"><span class='ocrx_word' id='word_1_439' title='bbox 2175 1737 2364 1800; x_wconf 81' lang='grc' dir='ltr'>παιδὸς</span> <span class='ocrx_word' id='word_1_440' title='bbox 2391 1737 2634 1801; x_wconf 75' lang='grc' dir='ltr'>ὡσπερεὶ</span> <span class='ocrx_word' id='word_1_441' title='bbox 2660 1741 3128 1810; x_wconf 83' lang='grc' dir='ltr'>συνεκεκλήρωτο,</span> <span class='ocrx_word' id='word_1_442' title='bbox 3165 1741 3258 1792; x_wconf 70' lang='grc' dir='ltr'>καὶ</span> <span class='ocrx_word' id='word_1_443' title='bbox 3289 1738 3638 1791; x_wconf 78' lang='grc' dir='ltr'>συνεπεδίδου</span> <span class='ocrx_word' id='word_1_444' title='bbox 3670 1738 3749 1806; x_wconf 75' lang='grc' dir='ltr'>τῷ</span> 
     </span>
    </p>
   </div>
   <div class='ocr_carea' id='block_1_63' title="bbox 2179 1828 3752 1900">
    <p class='ocr_par' dir='ltr' id='par_1_63' title="bbox 2179 1828 3752 1900">
     <span class='ocr_line' id='line_1_63' title="bbox 2179 1828 3752 1900; baseline 0 -19"><span class='ocrx_word' id='word_1_445' title='bbox 2179 1833 2416 1896; x_wconf 83' lang='grc' dir='ltr'>σώματι,</span> <span class='ocrx_word' id='word_1_446' title='bbox 2444 1829 2580 1898; x_wconf 83' lang='grc' dir='ltr'>πρὸς</span> <span class='ocrx_word' id='word_1_447' title='bbox 2609 1830 2926 1898; x_wconf 82' lang='grc' dir='ltr'>τελειότητα</span> <span class='ocrx_word' id='word_1_448' title='bbox 2951 1831 3042 1883; x_wconf 76' lang='grc' dir='ltr'><strong>καὶ</strong></span> <span class='ocrx_word' id='word_1_449' title='bbox 3076 1831 3270 1900; x_wconf 75' lang='grc' dir='ltr'>ῥώμην</span> <span class='ocrx_word' id='word_1_450' title='bbox 3303 1829 3545 1894; x_wconf 75' lang='grc' dir='ltr'>αὔξοντι.</span> <span class='ocrx_word' id='word_1_451' title='bbox 3575 1828 3752 1882; x_wconf 75' lang='grc' dir='ltr'>Ταυτὶ</span> 
     </span>
    </p>
   </div>
   <div class='ocr_carea' id='block_1_64' title="bbox 2177 1919 3754 1988">
    <p class='ocr_par' dir='ltr' id='par_1_64' title="bbox 2177 1919 3754 1988">
     <span class='ocr_line' id='line_1_64' title="bbox 2177 1919 3754 1988; baseline -0.001 -16"><span class='ocrx_word' id='word_1_452' title='bbox 2177 1919 2281 1988; x_wconf 84' lang='grc' dir='ltr'><strong>μὲν</strong></span> <span class='ocrx_word' id='word_1_453' title='bbox 2307 1919 2399 1972; x_wconf 85' lang='grc' dir='ltr'><strong>οῦν</strong></span> <span class='ocrx_word' id='word_1_454' title='bbox 2431 1921 2498 1971; x_wconf 76' lang='grc' dir='ltr'><strong>τὰ</strong></span> <span class='ocrx_word' id='word_1_455' title='bbox 2535 1920 2844 1987; x_wconf 74' lang='grc' dir='ltr'>εὐφραίνειν</span> <span class='ocrx_word' id='word_1_456' title='bbox 2873 1921 3146 1988; x_wconf 82' lang='grc' dir='ltr'>δυνάμενα</span> <span class='ocrx_word' id='word_1_457' title='bbox 3169 1919 3594 1988; x_wconf 72' lang='grc' dir='ltr'>ἐνθυμούμενος,</span> <span class='ocrx_word' id='word_1_458' title='bbox 3624 1920 3754 1970; x_wconf 78' lang='grc' dir='ltr'>ἐπε-</span> 
     </span>
    </p>
   </div>
   <div class='ocr_carea' id='block_1_65' title="bbox 2172 2007 3752 2082">
    <p class='ocr_par' dir='ltr' id='par_1_65' title="bbox 2172 2007 3752 2082">
     <span class='ocr_line' id='line_1_65' title="bbox 2172 2007 3752 2082; baseline -0.003 -18"><span class='ocrx_word' id='word_1_459' title='bbox 2172 2011 2517 2082; x_wconf 79' lang='grc' dir='ltr'>λανθανόμην</span> <span class='ocrx_word' id='word_1_460' title='bbox 2542 2007 2742 2075; x_wconf 78' lang='grc' dir='ltr'>ὼςοῖόν</span> <span class='ocrx_word' id='word_1_461' title='bbox 2759 2030 2817 2064; x_wconf 90' lang='grc' dir='ltr'><strong>τε</strong></span> <span class='ocrx_word' id='word_1_462' title='bbox 2841 2013 2947 2065; x_wconf 83' lang='grc' dir='ltr'><strong>τῶν</strong></span> <span class='ocrx_word' id='word_1_463' title='bbox 2970 2013 3209 2082; x_wconf 84' lang='grc' dir='ltr'><strong>ἀνιαρῶν</strong></span> <span class='ocrx_word' id='word_1_464' title='bbox 3231 2031 3245 2046; x_wconf 88' lang='grc'><strong>·</strong></span> <span class='ocrx_word' id='word_1_465' title='bbox 3275 2011 3546 2082; x_wconf 83' lang='grc' dir='ltr'>ἐκείνῳδέ</span> <span class='ocrx_word' id='word_1_466' title='bbox 3570 2011 3752 2064; x_wconf 77' lang='grc' dir='ltr'>καίειν</span> 
     </span>
    </p>
   </div>
   <div class='ocr_carea' id='block_1_66' title="bbox 2171 2100 3295 2172">
    <p class='ocr_par' dir='ltr' id='par_1_66' title="bbox 2171 2100 3295 2172">
     <span class='ocr_line' id='line_1_66' title="bbox 2171 2100 3295 2172; baseline 0.007 -22"><span class='ocrx_word' id='word_1_467' title='bbox 2171 2101 2352 2171; x_wconf 78' lang='grc' dir='ltr'>ἐπῄει,</span> <span class='ocrx_word' id='word_1_468' title='bbox 2390 2100 2487 2169; x_wconf 65' lang='grc' dir='ltr'>τὴν</span> <span class='ocrx_word' id='word_1_469' title='bbox 2521 2101 2657 2172; x_wconf 72' lang='grc' dir='ltr'>ἐμὴν</span> <span class='ocrx_word' id='word_1_470' title='bbox 2689 2102 2749 2154; x_wconf 85' lang='grc' dir='ltr'>οὐ</span> <span class='ocrx_word' id='word_1_471' title='bbox 2778 2103 2998 2172; x_wconf 75' lang='grc' dir='ltr'>φέροντι</span> <span class='ocrx_word' id='word_1_472' title='bbox 3035 2102 3295 2172; x_wconf 76' lang='grc' dir='ltr'><strong>μόνωσιν.</strong></span> 
     </span>
    </p>
   </div>
   <div class='ocr_carea' id='block_1_67' title="bbox 2242 2267 3750 2355">
    <p class='ocr_par' dir='ltr' id='par_1_67' title="bbox 2242 2267 3750 2355">
     <span class='ocr_line' id='line_1_67' title="bbox 2242 2267 3750 2355; baseline 0.001 -21"><span class='ocrx_word' id='word_1_473' title='bbox 2242 2284 2316 2335; x_wconf 70' lang='grc' dir='ltr'><strong>Οὐ</strong></span> <span class='ocrx_word' id='word_1_474' title='bbox 2352 2282 2457 2352; x_wconf 73' lang='grc' dir='ltr'><strong>μὴν</strong></span> <span class='ocrx_word' id='word_1_475' title='bbox 2490 2283 2627 2336; x_wconf 84' lang='grc' dir='ltr'>ἀλλὰ</span> <span class='ocrx_word' id='word_1_476' title='bbox 2657 2283 2877 2337; x_wconf 76' lang='grc' dir='ltr'>κᾶκεῖνο</span> <span class='ocrx_word' id='word_1_477' title='bbox 2908 2267 3055 2337; x_wconf 76' lang='grc' dir='ltr'>τόνδέ</span> <span class='ocrx_word' id='word_1_478' title='bbox 3096 2285 3441 2355; x_wconf 69' lang='grc' dir='ltr'>προσῆγχεψ</span> <span class='ocrx_word' id='word_1_479' title='bbox 3487 2283 3609 2337; x_wconf 73' lang='grc' dir='ltr'>οὔτε</span> <span class='ocrx_word' id='word_1_480' title='bbox 3637 2285 3750 2354; x_wconf 73' lang='grc' dir='ltr'><strong>γὰρ</strong></span> 
     </span>
    </p>
   </div>
   <div class='ocr_carea' id='block_1_68' title="bbox 2169 2372 3752 2448">
    <p class='ocr_par' dir='ltr' id='par_1_68' title="bbox 2169 2372 3752 2448">
     <span class='ocr_line' id='line_1_68' title="bbox 2169 2372 3752 2448; baseline 0.001 -21"><span class='ocrx_word' id='word_1_481' title='bbox 2169 2376 2288 2428; x_wconf 69' lang='grc' dir='ltr'>ἐνὸν</span> <span class='ocrx_word' id='word_1_482' title='bbox 2312 2372 2378 2446; x_wconf 80' lang='grc' dir='ltr'><strong>ἦν</strong></span> <span class='ocrx_word' id='word_1_483' title='bbox 2414 2375 2583 2446; x_wconf 82' lang='grc' dir='ltr'>αὐτῷ,</span> <span class='ocrx_word' id='word_1_484' title='bbox 2615 2377 3044 2447; x_wconf 83' lang='grc' dir='ltr'>ἐντεθραμμένῳ</span> <span class='ocrx_word' id='word_1_485' title='bbox 3078 2377 3153 2448; x_wconf 79' lang='grc' dir='ltr'>τῷ</span> <span class='ocrx_word' id='word_1_486' title='bbox 3196 2378 3333 2448; x_wconf 67' lang='grc' dir='ltr'>πρὸς</span> <span class='ocrx_word' id='word_1_487' title='bbox 3365 2378 3454 2429; x_wconf 68' lang='grc' dir='ltr'>τὸν</span> <span class='ocrx_word' id='word_1_488' title='bbox 3483 2377 3617 2430; x_wconf 74' lang='grc' dir='ltr'>Θεὸν</span> <span class='ocrx_word' id='word_1_489' title='bbox 3653 2378 3752 2445; x_wconf 79' lang='grc' dir='ltr'><strong>φό-</strong></span> 
     </span>
    </p>
   </div>
   <div class='ocr_carea' id='block_1_69' title="bbox 2167 2467 3746 2538">
    <p class='ocr_par' dir='ltr' id='par_1_69' title="bbox 2167 2467 3746 2538">
     <span class='ocr_line' id='line_1_69' title="bbox 2167 2467 3746 2538; baseline 0.001 -18"><span class='ocrx_word' id='word_1_490' title='bbox 2167 2468 2266 2537; x_wconf 76' lang='grc' dir='ltr'>ϐῳ,</span> <span class='ocrx_word' id='word_1_491' title='bbox 2320 2468 2626 2538; x_wconf 81' lang='grc' dir='ltr'>ὑπεριδόντι</span> <span class='ocrx_word' id='word_1_492' title='bbox 2674 2469 2803 2531; x_wconf 81' lang='grc' dir='ltr'>τοὺς</span> <span class='ocrx_word' id='word_1_493' title='bbox 2836 2467 3056 2536; x_wconf 75' lang='grc' dir='ltr'>ὅρκους,</span> <span class='ocrx_word' id='word_1_494' title='bbox 3112 2470 3255 2536; x_wconf 83' lang='grc' dir='ltr'>μετὰ</span> <span class='ocrx_word' id='word_1_495' title='bbox 3301 2468 3452 2520; x_wconf 82' lang='grc' dir='ltr'>δόλου</span> <span class='ocrx_word' id='word_1_496' title='bbox 3502 2468 3746 2538; x_wconf 69' lang='grc' dir='ltr'>βοηθεῖν.</span> 
     </span>
    </p>
   </div>
   <div class='ocr_carea' id='block_1_70' title="bbox 2168 2553 3748 2630">
    <p class='ocr_par' dir='ltr' id='par_1_70' title="bbox 2168 2553 3748 2630">
     <span class='ocr_line' id='line_1_70' title="bbox 2168 2553 3748 2630; baseline 0.001 -20"><span class='ocrx_word' id='word_1_497' title='bbox 2168 2560 2374 2625; x_wconf 78' lang='grc' dir='ltr'>Πόθενς</span> <span class='ocrx_word' id='word_1_498' title='bbox 2414 2553 2458 2627; x_wconf 79' lang='grc' dir='ltr'><strong>ᾧ</strong></span> <span class='ocrx_word' id='word_1_499' title='bbox 2490 2561 2658 2628; x_wconf 79' lang='grc' dir='ltr'>μηδὲν</span> <span class='ocrx_word' id='word_1_500' title='bbox 2693 2560 2972 2628; x_wconf 75' lang='grc' dir='ltr'>ἀπατηλὸν</span> <span class='ocrx_word' id='word_1_501' title='bbox 2998 2560 3130 2630; x_wconf 84' lang='grc' dir='ltr'>μηδὲ</span> <span class='ocrx_word' id='word_1_502' title='bbox 3180 2561 3600 2630; x_wconf 82' lang='grc' dir='ltr'>παλινάγρετον,</span> <span class='ocrx_word' id='word_1_503' title='bbox 3630 2561 3661 2613; x_wconf 81' lang='grc' dir='ltr'><strong>ὃ</strong></span> <span class='ocrx_word' id='word_1_504' title='bbox 3694 2578 3748 2612; x_wconf 91' lang='grc' dir='ltr'><strong>τι</strong></span> 
     </span>
    </p>
   </div>
   <div class='ocr_carea' id='block_1_71' title="bbox 2165 2652 3745 2722">
    <p class='ocr_par' dir='ltr' id='par_1_71' title="bbox 2165 2652 3745 2722">
     <span class='ocr_line' id='line_1_71' title="bbox 2165 2652 3745 2722; baseline 0.001 -18"><span class='ocrx_word' id='word_1_505' title='bbox 2165 2654 2268 2704; x_wconf 68' lang='grc' dir='ltr'><strong>κᾶν</strong></span> <span class='ocrx_word' id='word_1_506' title='bbox 2298 2652 2510 2722; x_wconf 81' lang='grc' dir='ltr'>κεφαλῇ</span> <span class='ocrx_word' id='word_1_507' title='bbox 2560 2652 2853 2706; x_wconf 77' lang='grc' dir='ltr'>κατένευσε</span> <span class='ocrx_word' id='word_1_508' title='bbox 2881 2669 2893 2680; x_wconf 83' lang='lat'><strong><em>°</em></strong></span> <span class='ocrx_word' id='word_1_509' title='bbox 2921 2654 3013 2706; x_wconf 78' lang='grc' dir='ltr'><strong>καὶ</strong></span> <span class='ocrx_word' id='word_1_510' title='bbox 3043 2653 3103 2705; x_wconf 71' lang='grc' dir='ltr'>τὸ</span> <span class='ocrx_word' id='word_1_511' title='bbox 3131 2654 3266 2715; x_wconf 79' lang='grc' dir='ltr'>ὅλως</span> <span class='ocrx_word' id='word_1_512' title='bbox 3295 2654 3520 2722; x_wconf 75' lang='grc' dir='ltr'>ἀμελεῖν</span> <span class='ocrx_word' id='word_1_513' title='bbox 3563 2653 3745 2719; x_wconf 76' lang='grc' dir='ltr'>δόξαι,</span> 
     </span>
    </p>
   </div>
   <div class='ocr_carea' id='block_1_72' title="bbox 2163 2737 3744 2816">
    <p class='ocr_par' dir='ltr' id='par_1_72' title="bbox 2163 2737 3744 2816">
     <span class='ocr_line' id='line_1_72' title="bbox 2163 2737 3744 2816; baseline 0.002 -21"><span class='ocrx_word' id='word_1_514' title='bbox 2163 2737 2235 2795; x_wconf 80' lang='grc' dir='ltr'><strong>ὧν</strong></span> <span class='ocrx_word' id='word_1_515' title='bbox 2265 2744 2357 2797; x_wconf 63' lang='grc' dir='ltr'><strong>καλ⁵</strong></span> <span class='ocrx_word' id='word_1_516' title='bbox 2381 2746 2478 2814; x_wconf 80' lang='grc' dir='ltr'><strong>τὴν</strong></span> <span class='ocrx_word' id='word_1_517' title='bbox 2503 2743 2668 2796; x_wconf 77' lang='grc' dir='ltr'>αὐτοῦ</span> <span class='ocrx_word' id='word_1_518' title='bbox 2691 2744 2868 2815; x_wconf 76' lang='grc' dir='ltr'>ψυχὴν</span> <span class='ocrx_word' id='word_1_519' title='bbox 2899 2745 3052 2798; x_wconf 79' lang='grc' dir='ltr'>οὐδὲν</span> <span class='ocrx_word' id='word_1_520' title='bbox 3084 2739 3184 2816; x_wconf 74' lang='grc' dir='ltr'><strong>ἦγε</strong></span> <span class='ocrx_word' id='word_1_521' title='bbox 3220 2745 3439 2815; x_wconf 78' lang='grc' dir='ltr'>βελτίω,</span> <span class='ocrx_word' id='word_1_522' title='bbox 3466 2744 3744 2815; x_wconf 79' lang='grc' dir='ltr'>οῦμενουν</span> 
     </span>
    </p>
   </div>
   <div class='ocr_carea' id='block_1_73' title="bbox 2163 2833 3744 2909">
    <p class='ocr_par' dir='ltr' id='par_1_73' title="bbox 2163 2833 3744 2909">
     <span class='ocr_line' id='line_1_73' title="bbox 2163 2833 3744 2909; baseline 0.002 -20"><span class='ocrx_word' id='word_1_523' title='bbox 2163 2839 2346 2906; x_wconf 77' lang='grc' dir='ltr'>ἡγεῖτο</span> <span class='ocrx_word' id='word_1_524' title='bbox 2401 2837 2638 2907; x_wconf 81' lang='grc' dir='ltr'>φορητὸν</span> <span class='ocrx_word' id='word_1_525' title='bbox 2694 2838 2753 2891; x_wconf 68' lang='grc' dir='ltr'>τὸ</span> <span class='ocrx_word' id='word_1_526' title='bbox 2786 2839 3049 2906; x_wconf 72' lang='grc' dir='ltr'>παράπαν</span> <span class='ocrx_word' id='word_1_527' title='bbox 3075 2853 3088 2866; x_wconf 88' lang='grc'><strong>·</strong></span> <span class='ocrx_word' id='word_1_528' title='bbox 3135 2833 3202 2909; x_wconf 78' lang='grc' dir='ltr'>ἦν</span> <span class='ocrx_word' id='word_1_529' title='bbox 3233 2837 3341 2908; x_wconf 73' lang='grc' dir='ltr'>γὰρ</span> <span class='ocrx_word' id='word_1_530' title='bbox 3373 2838 3628 2892; x_wconf 87' lang='grc' dir='ltr'>τοσοῦτον</span> <span class='ocrx_word' id='word_1_531' title='bbox 3682 2842 3744 2892; x_wconf 71' lang='grc' dir='ltr'><strong>ἐι</strong></span> 
     </span>
    </p>
   </div>
   <div class='ocr_carea' id='block_1_74' title="bbox 2161 2924 3744 2996">
    <p class='ocr_par' dir='ltr' id='par_1_74' title="bbox 2161 2924 3744 2996">
     <span class='ocr_line' id='line_1_74' title="bbox 2161 2924 3744 2996; baseline 0.001 -19"><span class='ocrx_word' id='word_1_532' title='bbox 2161 2924 2308 2995; x_wconf 75' lang='grc' dir='ltr'>αὐτῷ</span> <span class='ocrx_word' id='word_1_533' title='bbox 2337 2924 2396 2978; x_wconf 77' lang='grc' dir='ltr'><strong>τὸ</strong></span> <span class='ocrx_word' id='word_1_534' title='bbox 2421 2926 2723 2996; x_wconf 78' lang='grc' dir='ltr'>φιλότιμον,</span> <span class='ocrx_word' id='word_1_535' title='bbox 2769 2927 2892 2978; x_wconf 78' lang='grc' dir='ltr'>ὅσον</span> <span class='ocrx_word' id='word_1_536' title='bbox 2939 2926 3219 2979; x_wconf 68' lang='grc' dir='ltr'>εὐλαεεῖτο</span> <span class='ocrx_word' id='word_1_537' title='bbox 3267 2929 3358 2979; x_wconf 68' lang='grc' dir='ltr'><strong>καί</strong></span> <span class='ocrx_word' id='word_1_538' title='bbox 3392 2929 3518 2990; x_wconf 74' lang='grc' dir='ltr'>τοὺς</span> <span class='ocrx_word' id='word_1_539' title='bbox 3546 2929 3607 2980; x_wconf 85' lang='grc' dir='ltr'><strong>οῦ</strong></span> <span class='ocrx_word' id='word_1_540' title='bbox 3659 2929 3744 2979; x_wconf 79' lang='grc' dir='ltr'>δι-</span> 
     </span>
    </p>
   </div>
   <div class='ocr_carea' id='block_1_75' title="bbox 2161 3017 3745 3092">
    <p class='ocr_par' dir='ltr' id='par_1_75' title="bbox 2161 3017 3745 3092">
     <span class='ocr_line' id='line_1_75' title="bbox 2161 3017 3745 3092; baseline 0.004 -26"><span class='ocrx_word' id='word_1_541' title='bbox 2161 3017 2324 3070; x_wconf 86' lang='grc' dir='ltr'>καίαν</span> <span class='ocrx_word' id='word_1_542' title='bbox 2378 3017 2685 3082; x_wconf 79' lang='grc' dir='ltr'>ἐξοίσοντας</span> <span class='ocrx_word' id='word_1_543' title='bbox 2736 3019 2942 3087; x_wconf 76' lang='grc' dir='ltr'>ψῆφον.</span> <span class='ocrx_word' id='word_1_544' title='bbox 2992 3019 3278 3084; x_wconf 83' lang='grc' dir='ltr'>Ἐναντίας</span> <span class='ocrx_word' id='word_1_545' title='bbox 3325 3021 3509 3074; x_wconf 90' lang='grc' dir='ltr'>τοίνυν</span> <span class='ocrx_word' id='word_1_546' title='bbox 3566 3020 3745 3092; x_wconf 80' lang='grc' dir='ltr'>οῦσης</span> 
     </span>
    </p>
   </div>
   <div class='ocr_carea' id='block_1_76' title="bbox 2161 3110 3736 3181">
    <p class='ocr_par' dir='ltr' id='par_1_76' title="bbox 2161 3110 3736 3181">
     <span class='ocr_line' id='line_1_76' title="bbox 2161 3110 3736 3181; baseline 0.004 -21"><span class='ocrx_word' id='word_1_547' title='bbox 2161 3111 2291 3178; x_wconf 79' lang='grc' dir='ltr'>ἡμῖν</span> <span class='ocrx_word' id='word_1_548' title='bbox 2318 3113 2418 3180; x_wconf 82' lang='grc' dir='ltr'>τῆς</span> <span class='ocrx_word' id='word_1_549' title='bbox 2455 3110 2748 3180; x_wconf 79' lang='grc' dir='ltr'>θελήσεως,</span> <span class='ocrx_word' id='word_1_550' title='bbox 2776 3111 2874 3180; x_wconf 72' lang='grc' dir='ltr'><strong>ὀψὲ</strong></span> <span class='ocrx_word' id='word_1_551' title='bbox 2910 3113 3002 3164; x_wconf 80' lang='grc' dir='ltr'>καὶ</span> <span class='ocrx_word' id='word_1_552' title='bbox 3051 3114 3212 3181; x_wconf 72' lang='grc' dir='ltr'>μόγις</span> <span class='ocrx_word' id='word_1_553' title='bbox 3242 3113 3407 3166; x_wconf 74' lang='grc' dir='ltr'>αὑτὸν</span> <span class='ocrx_word' id='word_1_554' title='bbox 3440 3114 3736 3181; x_wconf 77' lang='grc' dir='ltr'>ἀνέπεισα,</span> 
     </span>
    </p>
   </div>
   <div class='ocr_carea' id='block_1_77' title="bbox 2156 3200 3740 3274">
    <p class='ocr_par' dir='ltr' id='par_1_77' title="bbox 2156 3200 3740 3274">
     <span class='ocr_line' id='line_1_77' title="bbox 2156 3200 3740 3274; baseline 0.004 -22"><span class='ocrx_word' id='word_1_555' title='bbox 2156 3200 2224 3252; x_wconf 74' lang='grc' dir='ltr'>τὰ</span> <span class='ocrx_word' id='word_1_556' title='bbox 2247 3200 2360 3267; x_wconf 82' lang='grc' dir='ltr'><strong>μὲν</strong></span> <span class='ocrx_word' id='word_1_557' title='bbox 2391 3200 2709 3264; x_wconf 77' lang='grc' dir='ltr'>δεικνῦςὼς</span> <span class='ocrx_word' id='word_1_558' title='bbox 2756 3203 2964 3271; x_wconf 81' lang='grc' dir='ltr'>βέλτιον</span> <span class='ocrx_word' id='word_1_559' title='bbox 3004 3205 3068 3256; x_wconf 77' lang='grc' dir='ltr'>ἂν</span> <span class='ocrx_word' id='word_1_560' title='bbox 3108 3205 3322 3271; x_wconf 78' lang='grc' dir='ltr'>γένοιτο</span> <span class='ocrx_word' id='word_1_561' title='bbox 3358 3207 3452 3259; x_wconf 69' lang='grc' dir='ltr'><strong>καὶ</strong></span> <span class='ocrx_word' id='word_1_562' title='bbox 3482 3206 3606 3274; x_wconf 84' lang='grc' dir='ltr'>ἐμοὶ</span> <span class='ocrx_word' id='word_1_563' title='bbox 3637 3213 3740 3261; x_wconf 73' lang='grc' dir='ltr'>καὶ</span> 
     </span>
    </p>
   </div>
   <div class='ocr_carea' id='block_1_78' title="bbox 2156 3293 3739 3368">
    <p class='ocr_par' dir='ltr' id='par_1_78' title="bbox 2156 3293 3739 3368">
     <span class='ocr_line' id='line_1_78' title="bbox 2156 3293 3739 3368; baseline 0.005 -23"><span class='ocrx_word' id='word_1_564' title='bbox 2156 3293 2233 3363; x_wconf 80' lang='grc' dir='ltr'>τῷ</span> <span class='ocrx_word' id='word_1_565' title='bbox 2261 3295 2451 3362; x_wconf 78' lang='grc' dir='ltr'>πατρὶ,</span> <span class='ocrx_word' id='word_1_566' title='bbox 2485 3294 2582 3346; x_wconf 83' lang='grc' dir='ltr'><strong>οὐκ</strong></span> <span class='ocrx_word' id='word_1_567' title='bbox 2611 3294 2724 3347; x_wconf 77' lang='grc' dir='ltr'>ὄντι</span> <span class='ocrx_word' id='word_1_568' title='bbox 2755 3295 2874 3362; x_wconf 75' lang='grc' dir='ltr'>μεθ’</span> <span class='ocrx_word' id='word_1_569' title='bbox 2911 3297 3068 3365; x_wconf 69' lang='grc' dir='ltr'>ἡμῶν</span> <span class='ocrx_word' id='word_1_570' title='bbox 3113 3300 3422 3368; x_wconf 65' lang='grc' dir='ltr'>τηνικαῦτα</span> <span class='ocrx_word' id='word_1_571' title='bbox 3463 3297 3640 3362; x_wconf 76' lang='grc' dir='ltr'>εῦνεις</span> <span class='ocrx_word' id='word_1_572' title='bbox 3675 3319 3739 3353; x_wconf 82' lang='grc' dir='ltr'><strong>τε</strong></span> 
     </span>
    </p>
   </div>
   <div class='ocr_carea' id='block_1_79' title="bbox 2165 3387 3738 3464">
    <p class='ocr_par' dir='ltr' id='par_1_79' title="bbox 2165 3387 3738 3464">
     <span class='ocr_line' id='line_1_79' title="bbox 2165 3387 3738 3464; baseline 0.004 -26"><span class='ocrx_word' id='word_1_573' title='bbox 2165 3387 2259 3438; x_wconf 75' lang='grc' dir='ltr'>καὶ</span> <span class='ocrx_word' id='word_1_574' title='bbox 2292 3387 2616 3455; x_wconf 82' lang='grc' dir='ltr'>δυσμενέσιν</span> <span class='ocrx_word' id='word_1_575' title='bbox 2647 3387 2810 3440; x_wconf 81' lang='grc' dir='ltr'>αὐτὸν</span> <span class='ocrx_word' id='word_1_576' title='bbox 2837 3391 3094 3449; x_wconf 78' lang='grc' dir='ltr'>συνεῖναι,</span> <span class='ocrx_word' id='word_1_577' title='bbox 3130 3392 3221 3442; x_wconf 76' lang='grc' dir='ltr'><strong>καὶ</strong></span> <span class='ocrx_word' id='word_1_578' title='bbox 3261 3393 3397 3458; x_wconf 80' lang='grc' dir='ltr'>πρὸς</span> <span class='ocrx_word' id='word_1_579' title='bbox 3433 3392 3738 3464; x_wconf 78' lang='grc' dir='ltr'>ἑκατέρους</span> 
     </span>
    </p>
   </div>
   <div class='ocr_carea' id='block_1_80' title="bbox 2154 3476 3740 3553">
    <p class='ocr_par' dir='ltr' id='par_1_80' title="bbox 2154 3476 3740 3553">
     <span class='ocr_line' id='line_1_80' title="bbox 2154 3476 3740 3553; baseline 0.005 -24"><span class='ocrx_word' id='word_1_580' title='bbox 2154 3476 2581 3544; x_wconf 84' lang='grc' dir='ltr'>διαπράττεσθαι</span> <span class='ocrx_word' id='word_1_581' title='bbox 2617 3478 2683 3530; x_wconf 73' lang='grc' dir='ltr'>τὰ</span> <span class='ocrx_word' id='word_1_582' title='bbox 2733 3479 2957 3530; x_wconf 81' lang='grc' dir='ltr'>εἰκότα·</span> <span class='ocrx_word' id='word_1_583' title='bbox 2991 3481 3057 3532; x_wconf 73' lang='grc' dir='ltr'>τὰ</span> <span class='ocrx_word' id='word_1_584' title='bbox 3094 3481 3139 3533; x_wconf 83' lang='grc' dir='ltr'>δ’</span> <span class='ocrx_word' id='word_1_585' title='bbox 3188 3483 3621 3553; x_wconf 73' lang='grc' dir='ltr'>ἰσχυριζόμενος,</span> <span class='ocrx_word' id='word_1_586' title='bbox 3656 3483 3740 3548; x_wconf 83' lang='grc' dir='ltr'>ὡς</span> 
     </span>
    </p>
   </div>
   <div class='ocr_carea' id='block_1_81' title="bbox 2154 3569 3739 3646">
    <p class='ocr_par' dir='ltr' id='par_1_81' title="bbox 2154 3569 3739 3646">
     <span class='ocr_line' id='line_1_81' title="bbox 2154 3569 3739 3646; baseline 0.006 -24"><span class='ocrx_word' id='word_1_587' title='bbox 2154 3569 2393 3637; x_wconf 85' lang='grc' dir='ltr'>ἐμαυτόν</span> <span class='ocrx_word' id='word_1_588' title='bbox 2427 3587 2543 3631; x_wconf 87' lang='grc' dir='ltr'><strong>πως</strong></span> <span class='ocrx_word' id='word_1_589' title='bbox 2582 3570 2912 3640; x_wconf 85' lang='grc' dir='ltr'>αἰσθάνομαι</span> <span class='ocrx_word' id='word_1_590' title='bbox 2949 3576 3351 3644; x_wconf 64' lang='grc' dir='ltr'>πειρασόμενον</span> <span class='ocrx_word' id='word_1_591' title='bbox 3373 3576 3563 3629; x_wconf 80' lang='grc' dir='ltr'>δεινῶν</span> <span class='ocrx_word' id='word_1_592' title='bbox 3595 3581 3739 3646; x_wconf 77' lang='grc' dir='ltr'><strong>ἀνη-</strong></span> 
     </span>
    </p>
   </div>
   <div class='ocr_carea' id='block_1_82' title="bbox 2155 3663 3741 3735">
    <p class='ocr_par' dir='ltr' id='par_1_82' title="bbox 2155 3663 3741 3735">
     <span class='ocr_line' id='line_1_82' title="bbox 2155 3663 3741 3735; baseline 0.007 -20"><span class='ocrx_word' id='word_1_593' title='bbox 2155 3664 2387 3727; x_wconf 85' lang='grc' dir='ltr'>κέστων,</span> <span class='ocrx_word' id='word_1_594' title='bbox 2422 3663 2488 3732; x_wconf 80' lang='grc' dir='ltr'><strong>ῆν</strong></span> <span class='ocrx_word' id='word_1_595' title='bbox 2514 3663 2816 3733; x_wconf 76' lang='grc' dir='ltr'>ἀπειθήσας</span> <span class='ocrx_word' id='word_1_596' title='bbox 2850 3665 2997 3734; x_wconf 65' lang='grc' dir='ltr'>ἐμοῖ,</span> <span class='ocrx_word' id='word_1_597' title='bbox 3032 3666 3127 3735; x_wconf 81' lang='grc' dir='ltr'><strong>τὴν</strong></span> <span class='ocrx_word' id='word_1_598' title='bbox 3153 3667 3363 3721; x_wconf 81' lang='grc' dir='ltr'>ἐκεῖθεν</span> <span class='ocrx_word' id='word_1_599' title='bbox 3385 3668 3567 3734; x_wconf 77' lang='grc' dir='ltr'>ἔξοδον</span> <span class='ocrx_word' id='word_1_600' title='bbox 3596 3671 3741 3726; x_wconf 84' lang='grc' dir='ltr'>ἀπο-</span> 
     </span>
    </p>
   </div>
   <div class='ocr_carea' id='block_1_83' title="bbox 2157 3754 3737 3830">
    <p class='ocr_par' dir='ltr' id='par_1_83' title="bbox 2157 3754 3737 3830">
     <span class='ocr_line' id='line_1_83' title="bbox 2157 3754 3737 3830; baseline 0.006 -25"><span class='ocrx_word' id='word_1_601' title='bbox 2157 3755 2422 3822; x_wconf 84' lang='grc' dir='ltr'>σείσηται.</span> <span class='ocrx_word' id='word_1_602' title='bbox 2459 3754 2648 3818; x_wconf 85' lang='grc' dir='ltr'>Οῦτως</span> <span class='ocrx_word' id='word_1_603' title='bbox 2679 3757 2886 3818; x_wconf 84' lang='grc' dir='ltr'>ἐκεῖνος</span> <span class='ocrx_word' id='word_1_604' title='bbox 2933 3758 2994 3809; x_wconf 80' lang='grc' dir='ltr'><strong>οῦ</strong></span> <span class='ocrx_word' id='word_1_605' title='bbox 3048 3759 3385 3829; x_wconf 79' lang='grc' dir='ltr'>κατεδέχετο,</span> <span class='ocrx_word' id='word_1_606' title='bbox 3418 3761 3541 3814; x_wconf 79' lang='grc' dir='ltr'>οὖδέ</span> <span class='ocrx_word' id='word_1_607' title='bbox 3597 3763 3737 3830; x_wconf 76' lang='grc' dir='ltr'>γοῦν</span> 
     </span>
    </p>
   </div>
   <div class='ocr_carea' id='block_1_84' title="bbox 2151 3840 3738 3923">
    <p class='ocr_par' dir='ltr' id='par_1_84' title="bbox 2151 3840 3738 3923">
     <span class='ocr_line' id='line_1_84' title="bbox 2151 3840 3738 3923; baseline 0.006 -25"><span class='ocrx_word' id='word_1_608' title='bbox 2151 3845 2318 3915; x_wconf 59' lang='grc' dir='ltr'>ψευδῆ</span> <span class='ocrx_word' id='word_1_609' title='bbox 2352 3864 2472 3899; x_wconf 87' lang='grc' dir='ltr'>τινα</span> <span class='ocrx_word' id='word_1_610' title='bbox 2500 3847 2659 3913; x_wconf 64' lang='grc' dir='ltr'>δόξαν</span> <span class='ocrx_word' id='word_1_611' title='bbox 2689 3848 2797 3900; x_wconf 83' lang='grc' dir='ltr'><strong>τῶν</strong></span> <span class='ocrx_word' id='word_1_612' title='bbox 2826 3849 2886 3898; x_wconf 71' lang='grc' dir='ltr'>οὗ</span> <span class='ocrx_word' id='word_1_613' title='bbox 2926 3849 3109 3901; x_wconf 60' lang='grc' dir='ltr'>καλῶν</span> <span class='ocrx_word' id='word_1_614' title='bbox 3140 3853 3537 3923; x_wconf 73' lang='grc' dir='ltr'>προστριδῆναι</span> <span class='ocrx_word' id='word_1_615' title='bbox 3565 3840 3738 3907; x_wconf 77' lang='grc' dir='ltr'>ἀλλ’</span> 
     </span>
    </p>
   </div>
   <div class='ocr_carea' id='block_1_85' title="bbox 2151 3940 3735 4012">
    <p class='ocr_par' dir='ltr' id='par_1_85' title="bbox 2151 3940 3735 4012">
     <span class='ocr_line' id='line_1_85' title="bbox 2151 3940 3735 4012; baseline 0.004 -20"><span class='ocrx_word' id='word_1_616' title='bbox 2151 3941 2338 3993; x_wconf 87' lang='grc' dir='ltr'>ἐδεδίει</span> <span class='ocrx_word' id='word_1_617' title='bbox 2376 3940 2471 3994; x_wconf 68' lang='grc' dir='ltr'>καὶ</span> <span class='ocrx_word' id='word_1_618' title='bbox 2501 3942 2693 4009; x_wconf 78' lang='grc' dir='ltr'>φήμην</span> <span class='ocrx_word' id='word_1_619' title='bbox 2717 3941 3032 4011; x_wconf 77' lang='grc' dir='ltr'>ἁπᾲδουσαν</span> <span class='ocrx_word' id='word_1_620' title='bbox 3062 3941 3161 4010; x_wconf 82' lang='grc' dir='ltr'>τῆς</span> <span class='ocrx_word' id='word_1_621' title='bbox 3197 3943 3362 3996; x_wconf 87' lang='grc' dir='ltr'>αὐτοῦ</span> <span class='ocrx_word' id='word_1_622' title='bbox 3389 3945 3483 3998; x_wconf 72' lang='grc' dir='ltr'>καὶ</span> <span class='ocrx_word' id='word_1_623' title='bbox 3509 3946 3735 4012; x_wconf 75' lang='grc' dir='ltr'>φύσεως</span> 
     </span>
    </p>
   </div>
   <div class='ocr_carea' id='block_1_86' title="bbox 2153 4033 3733 4106">
    <p class='ocr_par' dir='ltr' id='par_1_86' title="bbox 2153 4033 3733 4106">
     <span class='ocr_line' id='line_1_86' title="bbox 2153 4033 3733 4106; baseline -0.003 -22"><span class='ocrx_word' id='word_1_624' title='bbox 2153 4033 2246 4085; x_wconf 75' lang='grc' dir='ltr'><strong>καὶ</strong></span> <span class='ocrx_word' id='word_1_625' title='bbox 2271 4035 2495 4101; x_wconf 79' lang='grc' dir='ltr'>γνώμης</span> <span class='ocrx_word' id='word_1_626' title='bbox 2523 4034 2614 4085; x_wconf 76' lang='grc' dir='ltr'>καὶ</span> <span class='ocrx_word' id='word_1_627' title='bbox 2655 4033 2927 4093; x_wconf 79' lang='grc' dir='ltr'>παιδείας.</span> <span class='ocrx_word' id='word_1_628' title='bbox 2964 4033 3120 4086; x_wconf 83' lang='grc' dir='ltr'>υῦτω</span> <span class='ocrx_word' id='word_1_629' title='bbox 3151 4039 3286 4103; x_wconf 65' lang='grc' dir='ltr'>προς</span> <span class='ocrx_word' id='word_1_630' title='bbox 3323 4038 3469 4106; x_wconf 71' lang='grc' dir='ltr'>ἡμᾶς</span> <span class='ocrx_word' id='word_1_631' title='bbox 3506 4039 3733 4105; x_wconf 46' lang='grc' dir='ltr'>ἀδελῃε-</span> 
     </span>
    </p>
   </div>
   <div class='ocr_carea' id='block_1_87' title="bbox 2151 4119 3732 4196">
    <p class='ocr_par' dir='ltr' id='par_1_87' title="bbox 2151 4119 3732 4196">
     <span class='ocr_line' id='line_1_87' title="bbox 2151 4119 3732 4196; baseline 0.004 -23"><span class='ocrx_word' id='word_1_632' title='bbox 2151 4123 2259 4184; x_wconf 75' lang='grc' dir='ltr'>κῶς</span> <span class='ocrx_word' id='word_1_633' title='bbox 2303 4119 2468 4192; x_wconf 74' lang='grc' dir='ltr'>εἶχεν,</span> <span class='ocrx_word' id='word_1_634' title='bbox 2500 4122 2576 4186; x_wconf 78' lang='grc' dir='ltr'>ὡς</span> <span class='ocrx_word' id='word_1_635' title='bbox 2623 4121 2830 4192; x_wconf 83' lang='grc' dir='ltr'>βέλτιον</span> <span class='ocrx_word' id='word_1_636' title='bbox 2865 4122 3022 4192; x_wconf 73' lang='grc' dir='ltr'>ἄγειν</span> <span class='ocrx_word' id='word_1_637' title='bbox 3068 4125 3308 4176; x_wconf 87' lang='grc' dir='ltr'>συνεῖναί</span> <span class='ocrx_word' id='word_1_638' title='bbox 3349 4143 3440 4194; x_wconf 85' lang='grc' dir='ltr'><strong>μοι</strong></span> <span class='ocrx_word' id='word_1_639' title='bbox 3472 4127 3566 4178; x_wconf 79' lang='grc' dir='ltr'><strong>τοῦ</strong></span> <span class='ocrx_word' id='word_1_640' title='bbox 3602 4126 3732 4196; x_wconf 81' lang='grc' dir='ltr'>μεθ’</span> 
     </span>
    </p>
   </div>
   <div class='ocr_carea' id='block_1_88' title="bbox 2150 4208 3729 4286">
    <p class='ocr_par' dir='ltr' id='par_1_88' title="bbox 2150 4208 3729 4286">
     <span class='ocr_line' id='line_1_88' title="bbox 2150 4208 3729 4286; baseline 0.003 -21"><span class='ocrx_word' id='word_1_641' title='bbox 2150 4213 2351 4283; x_wconf 77' lang='grc' dir='ltr'>ἐτέρων</span> <span class='ocrx_word' id='word_1_642' title='bbox 2394 4214 2642 4283; x_wconf 61' lang='grc' dir='ltr'>τρυφᾷν·</span> <span class='ocrx_word' id='word_1_643' title='bbox 2680 4213 2774 4264; x_wconf 73' lang='grc' dir='ltr'><strong>καὶ</strong></span> <span class='ocrx_word' id='word_1_644' title='bbox 2822 4208 2891 4282; x_wconf 83' lang='grc' dir='ltr'>ἦν</span> <span class='ocrx_word' id='word_1_645' title='bbox 2943 4212 3092 4283; x_wconf 76' lang='grc' dir='ltr'>αὐτῷ</span> <span class='ocrx_word' id='word_1_646' title='bbox 3137 4215 3509 4286; x_wconf 74' lang='grc' dir='ltr'>δεσμωτήριον</span> <span class='ocrx_word' id='word_1_647' title='bbox 3563 4219 3729 4286; x_wconf 79' lang='grc' dir='ltr'><strong>τάφῳ</strong></span> 
     </span>
    </p>
   </div>
   <div class='ocr_carea' id='block_1_89' title="bbox 2150 4304 3729 4380">
    <p class='ocr_par' dir='ltr' id='par_1_89' title="bbox 2150 4304 3729 4380">
     <span class='ocr_line' id='line_1_89' title="bbox 2150 4304 3729 4380; baseline 0.006 -25"><span class='ocrx_word' id='word_1_648' title='bbox 2150 4305 2535 4376; x_wconf 81' lang='grc' dir='ltr'>παραπλήσιον</span> <span class='ocrx_word' id='word_1_649' title='bbox 2563 4304 2669 4356; x_wconf 79' lang='grc' dir='ltr'>τῶν</span> <span class='ocrx_word' id='word_1_650' title='bbox 2695 4304 2986 4372; x_wconf 80' lang='grc' dir='ltr'>βασιλείων</span> <span class='ocrx_word' id='word_1_651' title='bbox 3031 4307 3437 4380; x_wconf 65' lang='grc' dir='ltr'>λαμπρᾶτερον,</span> <span class='ocrx_word' id='word_1_652' title='bbox 3471 4312 3564 4362; x_wconf 81' lang='grc' dir='ltr'>καὶ</span> <span class='ocrx_word' id='word_1_653' title='bbox 3595 4315 3729 4366; x_wconf 79' lang='grc' dir='ltr'>σκό-</span> 
     </span>
    </p>
   </div>
   <div class='ocr_carea' id='block_1_90' title="bbox 2151 4396 3729 4465">
    <p class='ocr_par' dir='ltr' id='par_1_90' title="bbox 2151 4396 3729 4465">
     <span class='ocr_line' id='line_1_90' title="bbox 2151 4396 3729 4465; baseline 0.004 -18"><span class='ocrx_word' id='word_1_654' title='bbox 2151 4413 2241 4458; x_wconf 86' lang='grc' dir='ltr'><strong>τος</strong></span> <span class='ocrx_word' id='word_1_655' title='bbox 2280 4397 2655 4465; x_wconf 79' lang='grc' dir='ltr'>ποθεινότερον</span> <span class='ocrx_word' id='word_1_656' title='bbox 2712 4396 2811 4465; x_wconf 79' lang='grc' dir='ltr'>τῆς</span> <span class='ocrx_word' id='word_1_657' title='bbox 2862 4399 3112 4460; x_wconf 79' lang='grc' dir='ltr'>ἀκτῖνος·</span> <span class='ocrx_word' id='word_1_658' title='bbox 3171 4402 3266 4453; x_wconf 73' lang='grc' dir='ltr'>καὶ</span> <span class='ocrx_word' id='word_1_659' title='bbox 3298 4401 3486 4464; x_wconf 83' lang='grc' dir='ltr'>ἁπλῶς</span> <span class='ocrx_word' id='word_1_660' title='bbox 3544 4405 3729 4456; x_wconf 73' lang='grc' dir='ltr'>πάντα</span> 
     </span>
    </p>
   </div>
   <div class='ocr_carea' id='block_1_91' title="bbox 463 4473 2051 4564">
    <p class='ocr_par' dir='ltr' id='par_1_91' title="bbox 463 4473 2036 4557">
     <span class='ocr_line' id='line_1_91' title="bbox 463 4473 2036 4557; baseline -0.001 -13"><span class='ocrx_word' id='word_1_661' title='bbox 463 4503 584 4545; x_wconf 88' lang='lat' dir='ltr'><strong>sent</strong></span> <span class='ocrx_word' id='word_1_662' title='bbox 614 4490 932 4550; x_wconf 86' lang='lat' dir='ltr'><strong>durissima,</strong></span> <span class='ocrx_word' id='word_1_663' title='bbox 988 4491 1242 4541; x_wconf 84' lang='lat' dir='ltr'><strong>omnibus</strong></span> <span class='ocrx_word' id='word_1_664' title='bbox 1292 4473 1549 4555; x_wconf 80' lang='lat' dir='ltr'><strong>deinceps</strong></span> <span class='ocrx_word' id='word_1_665' title='bbox 1580 4487 1856 4550; x_wconf 81' lang='lat' dir='ltr'><strong>dulcibus,</strong></span> <span class='ocrx_word' id='word_1_666' title='bbox 1898 4505 2036 4557; x_wconf 79' lang='lat' dir='ltr'><strong>quo-</strong></span> 
     </span>
    </p>
   </div>
   <div class='ocr_carea' id='block_1_92' title="bbox 2156 4473 3729 4564">
    <p class='ocr_par' dir='ltr' id='par_1_92' title="bbox 2156 4486 3729 4564">
     <span class='ocr_line' id='line_1_92' title="bbox 2156 4486 3729 4564; baseline 0.008 -27"><span class='ocrx_word' id='word_1_667' title='bbox 2156 4487 2276 4556; x_wconf 61' lang='grc' dir='ltr'>ἡδίω</span> <span class='ocrx_word' id='word_1_668' title='bbox 2324 4487 2392 4538; x_wconf 74' lang='grc' dir='ltr'>τὰ</span> <span class='ocrx_word' id='word_1_669' title='bbox 2430 4486 2549 4555; x_wconf 75' lang='grc' dir='ltr'>μετ’</span> <span class='ocrx_word' id='word_1_670' title='bbox 2579 4487 2735 4556; x_wconf 77' lang='grc' dir='ltr'>ἐμοῦ,</span> <span class='ocrx_word' id='word_1_671' title='bbox 2782 4490 2829 4540; x_wconf 87' lang='grc' dir='ltr'><strong>εί</strong></span> <span class='ocrx_word' id='word_1_672' title='bbox 2863 4490 2956 4541; x_wconf 74' lang='grc' dir='ltr'><strong>καὶ</strong></span> <span class='ocrx_word' id='word_1_673' title='bbox 3009 4490 3124 4542; x_wconf 68' lang='grc' dir='ltr'>λίαν</span> <span class='ocrx_word' id='word_1_674' title='bbox 3153 4491 3436 4545; x_wconf 71' lang='grc' dir='ltr'>δεινότατα</span> <span class='ocrx_word' id='word_1_675' title='bbox 3485 4491 3573 4564; x_wconf 77' lang='grc' dir='ltr'><strong>ἦν,</strong></span> <span class='ocrx_word' id='word_1_676' title='bbox 3613 4497 3729 4549; x_wconf 78' lang='grc' dir='ltr'><strong>τῶν</strong></span> 
     </span>
    </p>
   </div>
   <div class='ocr_carea' id='block_1_93' title="bbox 462 4578 2036 4649">
    <p class='ocr_par' dir='ltr' id='par_1_93' title="bbox 462 4578 2036 4649">
     <span class='ocr_line' id='line_1_93' title="bbox 462 4578 2036 4649; baseline -0.001 -14"><span class='ocrx_word' id='word_1_677' title='bbox 462 4597 582 4635; x_wconf 89' lang='lat' dir='ltr'><strong>rum</strong></span> <span class='ocrx_word' id='word_1_678' title='bbox 618 4582 732 4649; x_wconf 84' lang='lat' dir='ltr'><strong>ipse</strong></span> <span class='ocrx_word' id='word_1_679' title='bbox 757 4595 948 4634; x_wconf 76' lang='lat' dir='ltr'><strong>exsors</strong></span> <span class='ocrx_word' id='word_1_680' title='bbox 990 4593 1160 4634; x_wconf 90' lang='lat' dir='ltr'><strong>cram.</strong></span> <span class='ocrx_word' id='word_1_681' title='bbox 1222 4578 1315 4632; x_wconf 88' lang='lat' dir='ltr'><strong>Sic</strong></span> <span class='ocrx_word' id='word_1_682' title='bbox 1377 4593 1500 4630; x_wconf 80' lang='lat' dir='ltr'><strong>vero</strong></span> <span class='ocrx_word' id='word_1_683' title='bbox 1557 4593 1746 4632; x_wconf 88' lang='lat' dir='ltr'><strong>rursus</strong></span> <span class='ocrx_word' id='word_1_684' title='bbox 1775 4579 1861 4644; x_wconf 91' lang='lat' dir='ltr'><strong>iis,</strong></span> <span class='ocrx_word' id='word_1_685' title='bbox 1914 4597 2036 4649; x_wconf 69' lang='lat' dir='ltr'><strong>quae</strong></span> 
     </span>
    </p>
   </div>
   <div class='ocr_carea' id='block_1_94' title="bbox 462 4669 2032 4734">
    <p class='ocr_par' dir='ltr' id='par_1_94' title="bbox 462 4669 2032 4734">
     <span class='ocr_line' id='line_1_94' title="bbox 462 4669 2032 4734; baseline -0.001 -8"><span class='ocrx_word' id='word_1_686' title='bbox 462 4675 576 4728; x_wconf 72' lang='lat' dir='ltr'><strong>visa</strong></span> <span class='ocrx_word' id='word_1_687' title='bbox 603 4674 732 4726; x_wconf 80' lang='lat' dir='ltr'><strong>mihi</strong></span> <span class='ocrx_word' id='word_1_688' title='bbox 765 4680 946 4725; x_wconf 89' lang='lat' dir='ltr'><strong>essent</strong></span> <span class='ocrx_word' id='word_1_689' title='bbox 969 4669 1394 4734; x_wconf 83' lang='lat' dir='ltr'><strong>obsequebatur,</strong></span> <span class='ocrx_word' id='word_1_690' title='bbox 1427 4680 1482 4721; x_wconf 94' lang='lat' dir='ltr'><strong>ut</strong></span> <span class='ocrx_word' id='word_1_691' title='bbox 1511 4671 1593 4723; x_wconf 89' lang='lat' dir='ltr'><strong>vel</strong></span> <span class='ocrx_word' id='word_1_692' title='bbox 1621 4677 1830 4722; x_wconf 89' lang='lat' dir='ltr'><strong>tantum</strong></span> <span class='ocrx_word' id='word_1_693' title='bbox 1854 4685 2032 4724; x_wconf 85' lang='lat' dir='ltr'><strong>annu-</strong></span> 
     </span>
    </p>
   </div>
   <div class='ocr_carea' id='block_1_95' title="bbox 460 4762 2032 4830">
    <p class='ocr_par' dir='ltr' id='par_1_95' title="bbox 460 4762 2032 4830">
     <span class='ocr_line' id='line_1_95' title="bbox 460 4762 2032 4830; baseline -0.003 -9"><span class='ocrx_word' id='word_1_694' title='bbox 460 4784 550 4821; x_wconf 86' lang='lat' dir='ltr'><strong>cre</strong></span> <span class='ocrx_word' id='word_1_695' title='bbox 581 4765 794 4820; x_wconf 88' lang='lat' dir='ltr'><strong>abunde</strong></span> <span class='ocrx_word' id='word_1_696' title='bbox 826 4773 991 4816; x_wconf 83' lang='lat' dir='ltr'><strong>esset.</strong></span> <span class='ocrx_word' id='word_1_697' title='bbox 1021 4762 1220 4830; x_wconf 84' lang='lat' dir='ltr'><strong>Aitque</strong></span> <span class='ocrx_word' id='word_1_698' title='bbox 1268 4762 1542 4815; x_wconf 89' lang='lat' dir='ltr'><strong>facturum</strong></span> <span class='ocrx_word' id='word_1_699' title='bbox 1589 4763 1728 4830; x_wconf 82' lang='lat' dir='ltr'><strong>quod</strong></span> <span class='ocrx_word' id='word_1_700' title='bbox 1762 4763 2032 4829; x_wconf 88' lang='lat' dir='ltr'><strong>volebam,</strong></span> 
     </span>
    </p>
   </div>
   <div class='ocr_carea' id='block_1_96' title="bbox 459 4855 2033 4930">
    <p class='ocr_par' dir='ltr' id='par_1_96' title="bbox 459 4855 2033 4930">
     <span class='ocr_line' id='line_1_96' title="bbox 459 4855 2033 4930; baseline -0.002 -17"><span class='ocrx_word' id='word_1_701' title='bbox 459 4875 769 4930; x_wconf 82' lang='lat' dir='ltr'><strong>quanquam</strong></span> <span class='ocrx_word' id='word_1_702' title='bbox 799 4858 850 4910; x_wconf 91' lang='lat' dir='ltr'><strong>id</strong></span> <span class='ocrx_word' id='word_1_703' title='bbox 889 4856 1023 4910; x_wconf 82' lang='lat' dir='ltr'><strong>flens</strong></span> <span class='ocrx_word' id='word_1_704' title='bbox 1054 4870 1259 4908; x_wconf 87' lang='lat' dir='ltr'><strong>amare.</strong></span> <span class='ocrx_word' id='word_1_705' title='bbox 1305 4856 1372 4908; x_wconf 80' lang='lat' dir='ltr'><strong>At</strong></span> <span class='ocrx_word' id='word_1_706' title='bbox 1400 4870 1499 4924; x_wconf 76' lang='lat' dir='ltr'><strong>ego</strong></span> <span class='ocrx_word' id='word_1_707' title='bbox 1522 4896 1534 4918; x_wconf 92' lang='lat'><strong>,</strong></span> <span class='ocrx_word' id='word_1_708' title='bbox 1565 4856 1664 4909; x_wconf 89' lang='lat' dir='ltr'><strong>etsi</strong></span> <span class='ocrx_word' id='word_1_709' title='bbox 1726 4855 1922 4909; x_wconf 88' lang='lat' dir='ltr'><strong>mirum</strong></span> <span class='ocrx_word' id='word_1_710' title='bbox 1953 4857 2033 4910; x_wconf 81' lang='lat' dir='ltr'><strong>vi-</strong></span> 
     </span>
    </p>
   </div>
   <div class='ocr_carea' id='block_1_97' title="bbox 459 4949 2030 5018">
    <p class='ocr_par' dir='ltr' id='par_1_97' title="bbox 459 4949 2030 5018">
     <span class='ocr_line' id='line_1_97' title="bbox 459 4949 2030 5018; baseline -0.004 -12"><span class='ocrx_word' id='word_1_711' title='bbox 459 4954 673 5018; x_wconf 79' lang='lat' dir='ltr'><strong>deatur,</strong></span> <span class='ocrx_word' id='word_1_712' title='bbox 702 4962 760 5005; x_wconf 90' lang='lat' dir='ltr'><strong>ut</strong></span> <span class='ocrx_word' id='word_1_713' title='bbox 823 4951 986 5004; x_wconf 80' lang='lat' dir='ltr'><strong>flente</strong></span> <span class='ocrx_word' id='word_1_714' title='bbox 1029 4949 1140 5013; x_wconf 89' lang='lat' dir='ltr'><strong>illo,</strong></span> <span class='ocrx_word' id='word_1_715' title='bbox 1185 4964 1341 5018; x_wconf 60' lang='lat' dir='ltr'><strong>atque</strong></span> <span class='ocrx_word' id='word_1_716' title='bbox 1403 4949 1518 5017; x_wconf 87' lang='lat' dir='ltr'><strong>ipse</strong></span> <span class='ocrx_word' id='word_1_717' title='bbox 1573 4950 1756 5005; x_wconf 88' lang='lat' dir='ltr'><strong>animo</strong></span> <span class='ocrx_word' id='word_1_718' title='bbox 1803 4964 2030 5012; x_wconf 85' lang='lat' dir='ltr'><strong>essem,</strong></span> 
     </span>
    </p>
   </div>
   <div class='ocr_carea' id='block_1_98' title="bbox 458 5040 2031 5113">
    <p class='ocr_par' dir='ltr' id='par_1_98' title="bbox 458 5040 2031 5113">
     <span class='ocr_line' id='line_1_98' title="bbox 458 5040 2031 5113; baseline -0.001 -16"><span class='ocrx_word' id='word_1_719' title='bbox 458 5045 760 5113; x_wconf 80' lang='lat' dir='ltr'><strong>gaudebam</strong></span> <span class='ocrx_word' id='word_1_720' title='bbox 800 5055 978 5096; x_wconf 81' lang='lat' dir='ltr'><strong>tatnen</strong></span> <span class='ocrx_word' id='word_1_721' title='bbox 1015 5041 1132 5110; x_wconf 85' lang='lat' dir='ltr'><strong>ejus</strong></span> <span class='ocrx_word' id='word_1_722' title='bbox 1166 5042 1335 5108; x_wconf 83' lang='lat' dir='ltr'><strong>ipsius</strong></span> <span class='ocrx_word' id='word_1_723' title='bbox 1368 5044 1459 5109; x_wconf 90' lang='lat' dir='ltr'><strong>qui</strong></span> <span class='ocrx_word' id='word_1_724' title='bbox 1506 5040 1678 5103; x_wconf 83' lang='lat' dir='ltr'><strong>fleret,</strong></span> <span class='ocrx_word' id='word_1_725' title='bbox 1724 5057 1786 5094; x_wconf 92' lang='lat' dir='ltr'><strong>ac</strong></span> <span class='ocrx_word' id='word_1_726' title='bbox 1861 5043 2031 5111; x_wconf 86' lang='lat' dir='ltr'><strong>patris</strong></span> 
     </span>
    </p>
   </div>
   <div class='ocr_carea' id='block_1_99' title="bbox 455 5129 2030 5206">
    <p class='ocr_par' dir='ltr' id='par_1_99' title="bbox 455 5129 2030 5206">
     <span class='ocr_line' id='line_1_99' title="bbox 455 5129 2030 5206; baseline -0.001 -16"><span class='ocrx_word' id='word_1_727' title='bbox 455 5136 806 5206; x_wconf 82' lang='lat' dir='ltr'><strong>imperatoris</strong></span> <span class='ocrx_word' id='word_1_728' title='bbox 861 5151 1063 5189; x_wconf 89' lang='lat' dir='ltr'><strong>amore.</strong></span> <span class='ocrx_word' id='word_1_729' title='bbox 1100 5131 1236 5188; x_wconf 84' lang='lat' dir='ltr'><strong>Fore</strong></span> <span class='ocrx_word' id='word_1_730' title='bbox 1267 5133 1411 5187; x_wconf 89' lang='lat' dir='ltr'><strong>enim</strong></span> <span class='ocrx_word' id='word_1_731' title='bbox 1465 5129 1719 5202; x_wconf 88' lang='lat' dir='ltr'><strong>putabam</strong></span> <span class='ocrx_word' id='word_1_732' title='bbox 1767 5135 1907 5201; x_wconf 86' lang='lat' dir='ltr'><strong>patri</strong></span> <span class='ocrx_word' id='word_1_733' title='bbox 1939 5149 2030 5188; x_wconf 84' lang='lat' dir='ltr'><strong>so-</strong></span> 
     </span>
    </p>
   </div>
   <div class='ocr_carea' id='block_1_100' title="bbox 456 5225 2024 5294">
    <p class='ocr_par' dir='ltr' id='par_1_100' title="bbox 456 5225 2024 5294">
     <span class='ocr_line' id='line_1_100' title="bbox 456 5225 2024 5294; baseline -0.003 -12"><span class='ocrx_word' id='word_1_734' title='bbox 456 5230 608 5291; x_wconf 80' lang='lat' dir='ltr'><strong>latio,</strong></span> <span class='ocrx_word' id='word_1_735' title='bbox 639 5239 699 5281; x_wconf 91' lang='lat' dir='ltr'><strong>ut</strong></span> <span class='ocrx_word' id='word_1_736' title='bbox 731 5230 779 5281; x_wconf 90' lang='lat' dir='ltr'><strong>ei</strong></span> <span class='ocrx_word' id='word_1_737' title='bbox 808 5229 973 5291; x_wconf 83' lang='lat' dir='ltr'><strong>filius,</strong></span> <span class='ocrx_word' id='word_1_738' title='bbox 1000 5238 1063 5280; x_wconf 90' lang='lat' dir='ltr'><strong>ut</strong></span> <span class='ocrx_word' id='word_1_739' title='bbox 1107 5227 1178 5280; x_wconf 91' lang='lat' dir='ltr'><strong>ita</strong></span> <span class='ocrx_word' id='word_1_740' title='bbox 1209 5226 1424 5294; x_wconf 91' lang='lat' dir='ltr'><strong>loquar,</strong></span> <span class='ocrx_word' id='word_1_741' title='bbox 1460 5225 1525 5277; x_wconf 90' lang='lat' dir='ltr'><strong>ad</strong></span> <span class='ocrx_word' id='word_1_742' title='bbox 1592 5225 1758 5278; x_wconf 84' lang='lat' dir='ltr'><strong>vitam</strong></span> <span class='ocrx_word' id='word_1_743' title='bbox 1797 5226 2024 5280; x_wconf 87' lang='lat' dir='ltr'><strong>rediret.</strong></span> 
     </span>
    </p>
   </div>
   <div class='ocr_carea' id='block_1_101' title="bbox 453 5318 2023 5388">
    <p class='ocr_par' dir='ltr' id='par_1_101' title="bbox 453 5318 2023 5388">
     <span class='ocr_line' id='line_1_101' title="bbox 453 5318 2023 5388; baseline -0.002 -12"><span class='ocrx_word' id='word_1_744' title='bbox 453 5322 745 5386; x_wconf 72' lang='lat' dir='ltr'><strong>Caeterum,</strong></span> <span class='ocrx_word' id='word_1_745' title='bbox 786 5335 908 5375; x_wconf 89' lang='lat' dir='ltr'><strong>cum</strong></span> <span class='ocrx_word' id='word_1_746' title='bbox 936 5319 1091 5373; x_wconf 88' lang='lat' dir='ltr'><strong>resin</strong></span> <span class='ocrx_word' id='word_1_747' title='bbox 1127 5327 1376 5388; x_wconf 82' lang='lat' dir='ltr'><strong>promptu</strong></span> <span class='ocrx_word' id='word_1_748' title='bbox 1426 5319 1679 5380; x_wconf 81' lang='lat' dir='ltr'><strong>omnibus</strong></span> <span class='ocrx_word' id='word_1_749' title='bbox 1728 5318 2023 5384; x_wconf 86' lang='lat' dir='ltr'><strong>videretur,</strong></span> 
     </span>
    </p>
   </div>
   <div class='ocr_carea' id='block_1_102' title="bbox 451 5410 2026 5480">
    <p class='ocr_par' dir='ltr' id='par_1_102' title="bbox 451 5410 2026 5480">
     <span class='ocr_line' id='line_1_102' title="bbox 451 5410 2026 5480; baseline -0.003 -12"><span class='ocrx_word' id='word_1_750' title='bbox 451 5415 594 5469; x_wconf 88' lang='lat' dir='ltr'><strong>haud</strong></span> <span class='ocrx_word' id='word_1_751' title='bbox 629 5424 812 5469; x_wconf 88' lang='lat' dir='ltr'><strong>tamen</strong></span> <span class='ocrx_word' id='word_1_752' title='bbox 847 5413 1053 5466; x_wconf 78' lang='lat' dir='ltr'><strong>exitum</strong></span> <span class='ocrx_word' id='word_1_753' title='bbox 1090 5410 1301 5472; x_wconf 85' lang='lat' dir='ltr'><strong>habuit.</strong></span> <span class='ocrx_word' id='word_1_754' title='bbox 1332 5410 1442 5464; x_wconf 88' lang='lat' dir='ltr'><strong>Deo</strong></span> <span class='ocrx_word' id='word_1_755' title='bbox 1493 5411 1683 5464; x_wconf 89' lang='lat' dir='ltr'><strong>melius</strong></span> <span class='ocrx_word' id='word_1_756' title='bbox 1727 5410 1932 5480; x_wconf 91' lang='lat' dir='ltr'><strong>aliquid</strong></span> <span class='ocrx_word' id='word_1_757' title='bbox 1958 5411 2026 5464; x_wconf 86' lang='lat' dir='ltr'><strong>de</strong></span> 
     </span>
    </p>
   </div>
   <div class='ocr_carea' id='block_1_103' title="bbox 449 5505 2026 5575">
    <p class='ocr_par' dir='ltr' id='par_1_103' title="bbox 449 5505 2026 5575">
     <span class='ocr_line' id='line_1_103' title="bbox 449 5505 2026 5575; baseline -0.003 -14"><span class='ocrx_word' id='word_1_758' title='bbox 449 5509 604 5562; x_wconf 89' lang='lat' dir='ltr'><strong>nobis</strong></span> <span class='ocrx_word' id='word_1_759' title='bbox 639 5507 990 5575; x_wconf 81' lang='lat' dir='ltr'><strong>disponente,</strong></span> <span class='ocrx_word' id='word_1_760' title='bbox 1015 5514 1074 5557; x_wconf 92' lang='lat' dir='ltr'><strong>ut</strong></span> <span class='ocrx_word' id='word_1_761' title='bbox 1108 5519 1175 5558; x_wconf 90' lang='lat' dir='ltr'><strong>ne</strong></span> <span class='ocrx_word' id='word_1_762' title='bbox 1226 5505 1485 5557; x_wconf 84' lang='lat' dir='ltr'><strong>nimirum</strong></span> <span class='ocrx_word' id='word_1_763' title='bbox 1525 5505 1613 5558; x_wconf 85' lang='lat' dir='ltr'><strong>ille</strong></span> <span class='ocrx_word' id='word_1_764' title='bbox 1679 5505 1886 5575; x_wconf 86' lang='lat' dir='ltr'><strong>absque</strong></span> <span class='ocrx_word' id='word_1_765' title='bbox 1940 5520 2026 5558; x_wconf 88' lang='lat' dir='ltr'><strong>me</strong></span> 
     </span>
    </p>
   </div>
   <div class='ocr_carea' id='block_1_104' title="bbox 448 5595 2022 5665">
    <p class='ocr_par' dir='ltr' id='par_1_104' title="bbox 448 5595 2022 5665">
     <span class='ocr_line' id='line_1_104' title="bbox 448 5595 2022 5665; baseline -0.002 -16"><span class='ocrx_word' id='word_1_766' title='bbox 448 5612 510 5649; x_wconf 89' lang='lat' dir='ltr'><strong>ac</strong></span> <span class='ocrx_word' id='word_1_767' title='bbox 543 5596 906 5665; x_wconf 83' lang='lat' dir='ltr'><strong>patreexiret.</strong></span> <span class='ocrx_word' id='word_1_768' title='bbox 961 5595 1115 5660; x_wconf 76' lang='lat' dir='ltr'><strong>Quod</strong></span> <span class='ocrx_word' id='word_1_769' title='bbox 1171 5595 1315 5650; x_wconf 90' lang='lat' dir='ltr'><strong>enim</strong></span> <span class='ocrx_word' id='word_1_770' title='bbox 1363 5595 1643 5665; x_wconf 85' lang='lat' dir='ltr'><strong>impedivit</strong></span> <span class='ocrx_word' id='word_1_771' title='bbox 1707 5597 2022 5662; x_wconf 79' lang='lat' dir='ltr'><strong>consilium,</strong></span> 
     </span>
    </p>
   </div>
   <div class='ocr_carea' id='block_1_105' title="bbox 446 5686 2020 5741">
    <p class='ocr_par' dir='ltr' id='par_1_105' title="bbox 446 5686 2020 5741">
     <span class='ocr_line' id='line_1_105' title="bbox 446 5686 2020 5741; baseline 0.003 -5"><span class='ocrx_word' id='word_1_772' title='bbox 446 5689 699 5740; x_wconf 85' lang='lat' dir='ltr'><strong>utnuibus</strong></span> <span class='ocrx_word' id='word_1_773' title='bbox 729 5688 888 5741; x_wconf 90' lang='lat' dir='ltr'><strong>nobis</strong></span> <span class='ocrx_word' id='word_1_774' title='bbox 910 5686 1158 5739; x_wconf 81' lang='lat' dir='ltr'><strong>elabendi</strong></span> <span class='ocrx_word' id='word_1_775' title='bbox 1205 5701 1235 5739; x_wconf 91' lang='lat' dir='ltr'><strong>e</strong></span> <span class='ocrx_word' id='word_1_776' title='bbox 1261 5701 1481 5740; x_wconf 88' lang='lat' dir='ltr'><strong>carcere</strong></span> <span class='ocrx_word' id='word_1_777' title='bbox 1515 5688 1822 5741; x_wconf 77' lang='lat' dir='ltr'><strong>cornutunis</strong></span> <span class='ocrx_word' id='word_1_778' title='bbox 1853 5700 2020 5740; x_wconf 84' lang='lat' dir='ltr'><strong>causa</strong></span> 
     </span>
    </p>
   </div>
   <div class='ocr_carea' id='block_1_106' title="bbox 447 5776 2021 5844">
    <p class='ocr_par' dir='ltr' id='par_1_106' title="bbox 447 5776 2021 5844">
     <span class='ocr_line' id='line_1_106' title="bbox 447 5776 2021 5844; baseline -0.003 -10"><span class='ocrx_word' id='word_1_779' title='bbox 447 5779 570 5835; x_wconf 68' lang='lat' dir='ltr'><strong>fuit.</strong></span> <span class='ocrx_word' id='word_1_780' title='bbox 606 5776 804 5840; x_wconf 51' lang='lat' dir='ltr'><strong>Varum</strong></span> <span class='ocrx_word' id='word_1_781' title='bbox 839 5791 949 5830; x_wconf 87' lang='lat' dir='ltr'><strong>rem</strong></span> <span class='ocrx_word' id='word_1_782' title='bbox 996 5777 1304 5830; x_wconf 86' lang='lat' dir='ltr'><strong>accuratius</strong></span> <span class='ocrx_word' id='word_1_783' title='bbox 1361 5776 1679 5840; x_wconf 70' lang='lat' dir='ltr'><strong>cdisscrerr,</strong></span> <span class='ocrx_word' id='word_1_784' title='bbox 1731 5791 1899 5844; x_wconf 77' lang='lat' dir='ltr'><strong>neque</strong></span> <span class='ocrx_word' id='word_1_785' title='bbox 1933 5791 2021 5829; x_wconf 85' lang='lat' dir='ltr'><strong>uo-</strong></span> 
     </span>
    </p>
   </div>
   <div class='ocr_carea' id='block_1_107' title="bbox 2143 4575 3721 4656">
    <p class='ocr_par' dir='ltr' id='par_1_107' title="bbox 2143 4575 3721 4656">
     <span class='ocr_line' id='line_1_107' title="bbox 2143 4575 3721 4656; baseline 0.008 -26"><span class='ocrx_word' id='word_1_786' title='bbox 2143 4594 2206 4644; x_wconf 79' lang='grc' dir='ltr'>γε</span> <span class='ocrx_word' id='word_1_787' title='bbox 2235 4577 2404 4648; x_wconf 75' lang='grc' dir='ltr'>ἡδέων</span> <span class='ocrx_word' id='word_1_788' title='bbox 2439 4577 2567 4645; x_wconf 80' lang='grc' dir='ltr'>ἑξῆς</span> <span class='ocrx_word' id='word_1_789' title='bbox 2609 4579 2892 4645; x_wconf 77' lang='grc' dir='ltr'>ἁπάντων,</span> <span class='ocrx_word' id='word_1_790' title='bbox 2929 4575 3000 4634; x_wconf 85' lang='grc' dir='ltr'><strong>ὧν</strong></span> <span class='ocrx_word' id='word_1_791' title='bbox 3025 4585 3126 4634; x_wconf 77' lang='grc' dir='ltr'><strong>οὐκ</strong></span> <span class='ocrx_word' id='word_1_792' title='bbox 3152 4587 3218 4636; x_wconf 83' lang='grc' dir='ltr'>ἂν</span> <span class='ocrx_word' id='word_1_793' title='bbox 3251 4587 3500 4656; x_wconf 83' lang='grc' dir='ltr'>μετεῖχον</span> <span class='ocrx_word' id='word_1_794' title='bbox 3531 4588 3721 4653; x_wconf 68' lang='grc' dir='ltr'>αὐτός.</span> 
     </span>
    </p>
   </div>
   <div class='ocr_carea' id='block_1_108' title="bbox 2153 4669 3726 4752">
    <p class='ocr_par' dir='ltr' id='par_1_108' title="bbox 2153 4669 3726 4752">
     <span class='ocr_line' id='line_1_108' title="bbox 2153 4669 3726 4752; baseline 0.008 -30"><span class='ocrx_word' id='word_1_795' title='bbox 2153 4670 2294 4722; x_wconf 73' lang='grc' dir='ltr'>Ἀλλ’</span> <span class='ocrx_word' id='word_1_796' title='bbox 2329 4671 2470 4725; x_wconf 74' lang='grc' dir='ltr'>οῦτοι</span> <span class='ocrx_word' id='word_1_797' title='bbox 2525 4671 2710 4736; x_wconf 77' lang='grc' dir='ltr'>πάλιν,</span> <span class='ocrx_word' id='word_1_798' title='bbox 2745 4669 2824 4736; x_wconf 80' lang='grc' dir='ltr'>οἷς</span> <span class='ocrx_word' id='word_1_799' title='bbox 2866 4675 2931 4726; x_wconf 83' lang='grc' dir='ltr'><strong>ἂν</strong></span> <span class='ocrx_word' id='word_1_800' title='bbox 2980 4676 3169 4746; x_wconf 72' lang='grc' dir='ltr'>γνοίην</span> <span class='ocrx_word' id='word_1_801' title='bbox 3202 4679 3471 4742; x_wconf 81' lang='grc' dir='ltr'>ἐπείθετο,</span> <span class='ocrx_word' id='word_1_802' title='bbox 3509 4682 3584 4743; x_wconf 87' lang='grc' dir='ltr'><strong>ὡς</strong></span> <span class='ocrx_word' id='word_1_803' title='bbox 3619 4685 3726 4752; x_wconf 83' lang='grc' dir='ltr'><strong>ἁρ-</strong></span> 
     </span>
    </p>
   </div>
   <div class='ocr_carea' id='block_1_109' title="bbox 2141 4757 3720 4840">
    <p class='ocr_par' dir='ltr' id='par_1_109' title="bbox 2141 4757 3720 4840">
     <span class='ocr_line' id='line_1_109' title="bbox 2141 4757 3720 4840; baseline 0.007 -27"><span class='ocrx_word' id='word_1_804' title='bbox 2141 4761 2278 4814; x_wconf 85' lang='grc' dir='ltr'>κοῦν</span> <span class='ocrx_word' id='word_1_805' title='bbox 2311 4757 2451 4814; x_wconf 72' lang='grc' dir='ltr'>εἶναι</span> <span class='ocrx_word' id='word_1_806' title='bbox 2488 4763 2584 4814; x_wconf 66' lang='grc' dir='ltr'>καὶ</span> <span class='ocrx_word' id='word_1_807' title='bbox 2613 4763 2800 4816; x_wconf 80' lang='grc' dir='ltr'>νεῦσαι</span> <span class='ocrx_word' id='word_1_808' title='bbox 2827 4778 2843 4795; x_wconf 78' lang='grc'><strong><em>⁸</em></strong></span> <span class='ocrx_word' id='word_1_809' title='bbox 2879 4765 2971 4816; x_wconf 74' lang='grc' dir='ltr'>καὶ</span> <span class='ocrx_word' id='word_1_810' title='bbox 3002 4765 3104 4834; x_wconf 73' lang='grc' dir='ltr'><strong>ἔφη</strong></span> <span class='ocrx_word' id='word_1_811' title='bbox 3142 4770 3372 4836; x_wconf 74' lang='grc' dir='ltr'>πράξειν</span> <span class='ocrx_word' id='word_1_812' title='bbox 3423 4770 3450 4822; x_wconf 79' lang='grc' dir='ltr'><strong>ὃ</strong></span> <span class='ocrx_word' id='word_1_813' title='bbox 3480 4771 3720 4840; x_wconf 79' lang='grc' dir='ltr'>θέλοιμι,</span> 
     </span>
    </p>
   </div>
   <div class='ocr_carea' id='block_1_110' title="bbox 2138 4853 3719 4925">
    <p class='ocr_par' dir='ltr' id='par_1_110' title="bbox 2138 4853 3719 4925">
     <span class='ocr_line' id='line_1_110' title="bbox 2138 4853 3719 4925; baseline 0.007 -21"><span class='ocrx_word' id='word_1_814' title='bbox 2138 4854 2236 4906; x_wconf 82' lang='grc' dir='ltr'>οὐκ</span> <span class='ocrx_word' id='word_1_815' title='bbox 2272 4853 2398 4906; x_wconf 79' lang='grc' dir='ltr'>ἄνευ</span> <span class='ocrx_word' id='word_1_816' title='bbox 2427 4853 2519 4906; x_wconf 90' lang='grc' dir='ltr'><strong>τοῦ</strong></span> <span class='ocrx_word' id='word_1_817' title='bbox 2554 4855 2814 4923; x_wconf 76' lang='grc' dir='ltr'>δακρύειν</span> <span class='ocrx_word' id='word_1_818' title='bbox 2862 4858 3078 4925; x_wconf 81' lang='grc' dir='ltr'>πικρόν.</span> <span class='ocrx_word' id='word_1_819' title='bbox 3119 4858 3259 4924; x_wconf 76' lang='grc' dir='ltr'><strong>Ἐγὼ</strong></span> <span class='ocrx_word' id='word_1_820' title='bbox 3290 4861 3358 4922; x_wconf 80' lang='grc' dir='ltr'>δ’,</span> <span class='ocrx_word' id='word_1_821' title='bbox 3397 4864 3442 4913; x_wconf 85' lang='grc' dir='ltr'><strong>εί</strong></span> <span class='ocrx_word' id='word_1_822' title='bbox 3475 4865 3567 4914; x_wconf 79' lang='grc' dir='ltr'><strong>καὶ</strong></span> <span class='ocrx_word' id='word_1_823' title='bbox 3610 4881 3719 4915; x_wconf 82' lang='grc' dir='ltr'>πα-</span> 
     </span>
    </p>
   </div>
   <div class='ocr_carea' id='block_1_111' title="bbox 2141 4932 3719 5026">
    <p class='ocr_par' dir='ltr' id='par_1_111' title="bbox 2141 4943 3719 5026">
     <span class='ocr_line' id='line_1_111' title="bbox 2141 4943 3719 5026; baseline 0.008 -30"><span class='ocrx_word' id='word_1_824' title='bbox 2141 4945 2360 5014; x_wconf 73' lang='grc' dir='ltr'>ράδοξον</span> <span class='ocrx_word' id='word_1_825' title='bbox 2402 4946 2610 4997; x_wconf 81' lang='grc' dir='ltr'>ἐκείνου</span> <span class='ocrx_word' id='word_1_826' title='bbox 2672 4948 2948 5011; x_wconf 80' lang='grc' dir='ltr'>κλαίοντος</span> <span class='ocrx_word' id='word_1_827' title='bbox 2983 4949 3258 5017; x_wconf 65' lang='grc' dir='ltr'>εὐθυμεῖν,</span> <span class='ocrx_word' id='word_1_828' title='bbox 3300 4953 3451 5022; x_wconf 75' lang='grc' dir='ltr'>ὁμῶς</span> <span class='ocrx_word' id='word_1_829' title='bbox 3494 4943 3719 5026; x_wconf 51' lang='grc' dir='ltr'>ἔξαιρον</span> 
     </span>
    </p>
   </div>
   <div class='ocr_carea' id='block_1_112' title="bbox 2135 5037 3709 5115">
    <p class='ocr_par' dir='ltr' id='par_1_112' title="bbox 2135 5037 3709 5115">
     <span class='ocr_line' id='line_1_112' title="bbox 2135 5037 3709 5115; baseline 0.009 -27"><span class='ocrx_word' id='word_1_830' title='bbox 2135 5037 2202 5089; x_wconf 89' lang='grc' dir='ltr'><strong>δι’</strong></span> <span class='ocrx_word' id='word_1_831' title='bbox 2237 5039 2401 5090; x_wconf 74' lang='grc' dir='ltr'>αὐτὸν</span> <span class='ocrx_word' id='word_1_832' title='bbox 2445 5038 2537 5091; x_wconf 70' lang='grc' dir='ltr'><strong>τὸν</strong></span> <span class='ocrx_word' id='word_1_833' title='bbox 2570 5038 2846 5100; x_wconf 75' lang='grc' dir='ltr'>κλαίοντα,</span> <span class='ocrx_word' id='word_1_834' title='bbox 2895 5041 3000 5094; x_wconf 69' lang='grc' dir='ltr'>καὶ</span> <span class='ocrx_word' id='word_1_835' title='bbox 3026 5040 3253 5109; x_wconf 75' lang='grc' dir='ltr'>βασιλέα</span> <span class='ocrx_word' id='word_1_836' title='bbox 3305 5044 3394 5096; x_wconf 73' lang='grc' dir='ltr'>τὸν</span> <span class='ocrx_word' id='word_1_837' title='bbox 3434 5046 3709 5115; x_wconf 75' lang='grc' dir='ltr'>φύσαντα.</span> 
     </span>
    </p>
   </div>
   <div class='ocr_carea' id='block_1_113' title="bbox 2141 5132 3716 5209">
    <p class='ocr_par' dir='ltr' id='par_1_113' title="bbox 2141 5132 3716 5209">
     <span class='ocr_line' id='line_1_113' title="bbox 2141 5132 3716 5209; baseline 0.006 -25"><span class='ocrx_word' id='word_1_838' title='bbox 2141 5133 2402 5186; x_wconf 76' lang='grc' dir='ltr'>Ἔςεσθαι</span> <span class='ocrx_word' id='word_1_839' title='bbox 2453 5135 2559 5203; x_wconf 69' lang='grc' dir='ltr'><strong>γὰρ</strong></span> <span class='ocrx_word' id='word_1_840' title='bbox 2610 5132 2962 5201; x_wconf 84' lang='grc' dir='ltr'>παραμυθίαν</span> <span class='ocrx_word' id='word_1_841' title='bbox 3017 5135 3266 5202; x_wconf 71' lang='grc' dir='ltr'>ἐνόμιζο)</span> <span class='ocrx_word' id='word_1_842' title='bbox 3320 5138 3518 5209; x_wconf 82' lang='grc' dir='ltr'>ἐκείνῳ</span> <span class='ocrx_word' id='word_1_843' title='bbox 3559 5143 3716 5208; x_wconf 66' lang='grc' dir='ltr'>μάλα</span> 
     </span>
    </p>
   </div>
   <div class='ocr_carea' id='block_1_114' title="bbox 2134 5223 3714 5295">
    <p class='ocr_par' dir='ltr' id='par_1_114' title="bbox 2134 5223 3714 5295">
     <span class='ocr_line' id='line_1_114' title="bbox 2134 5223 3714 5295; baseline 0.008 -22"><span class='ocrx_word' id='word_1_844' title='bbox 2134 5223 2393 5295; x_wconf 75' lang='grc' dir='ltr'>λαμπρὰν</span> <span class='ocrx_word' id='word_1_845' title='bbox 2423 5225 2522 5295; x_wconf 78' lang='grc' dir='ltr'>τὴν</span> <span class='ocrx_word' id='word_1_846' title='bbox 2556 5225 2650 5276; x_wconf 87' lang='grc' dir='ltr'><strong>τοῦ</strong></span> <span class='ocrx_word' id='word_1_847' title='bbox 2679 5223 2865 5287; x_wconf 74' lang='grc' dir='ltr'>παιδὸς</span> <span class='ocrx_word' id='word_1_848' title='bbox 2890 5225 2961 5287; x_wconf 82' lang='grc' dir='ltr'>ὡς</span> <span class='ocrx_word' id='word_1_849' title='bbox 2995 5229 3172 5279; x_wconf 70' lang='grc' dir='ltr'>εἰπεῖν</span> <span class='ocrx_word' id='word_1_850' title='bbox 3205 5229 3526 5285; x_wconf 74' lang='grc' dir='ltr'>ἀναϐίωσιν.</span> <span class='ocrx_word' id='word_1_851' title='bbox 3545 5232 3714 5286; x_wconf 60' lang='grc' dir='ltr'>Ἀλλὰ</span> 
     </span>
    </p>
   </div>
   <div class='ocr_carea' id='block_1_115' title="bbox 2133 5313 3712 5393">
    <p class='ocr_par' dir='ltr' id='par_1_115' title="bbox 2133 5313 3712 5393">
     <span class='ocr_line' id='line_1_115' title="bbox 2133 5313 3712 5393; baseline 0.006 -26"><span class='ocrx_word' id='word_1_852' title='bbox 2133 5316 2242 5384; x_wconf 80' lang='grc' dir='ltr'><strong>γὰρ</strong></span> <span class='ocrx_word' id='word_1_853' title='bbox 2267 5317 2353 5369; x_wconf 85' lang='grc' dir='ltr'><strong>ὅτε</strong></span> <span class='ocrx_word' id='word_1_854' title='bbox 2384 5318 2548 5369; x_wconf 81' lang='grc' dir='ltr'>πᾶσιν</span> <span class='ocrx_word' id='word_1_855' title='bbox 2579 5317 2758 5369; x_wconf 83' lang='grc' dir='ltr'>ἐδόκει</span> <span class='ocrx_word' id='word_1_856' title='bbox 2791 5318 2850 5369; x_wconf 85' lang='grc' dir='ltr'><strong>ἐν</strong></span> <span class='ocrx_word' id='word_1_857' title='bbox 2879 5319 3061 5386; x_wconf 80' lang='grc' dir='ltr'>χεροῖν</span> <span class='ocrx_word' id='word_1_858' title='bbox 3092 5313 3235 5372; x_wconf 74' lang='grc' dir='ltr'>εἶναι</span> <span class='ocrx_word' id='word_1_859' title='bbox 3263 5321 3324 5374; x_wconf 85' lang='grc' dir='ltr'><strong>τὸ</strong></span> <span class='ocrx_word' id='word_1_860' title='bbox 3353 5324 3611 5393; x_wconf 77' lang='grc' dir='ltr'>πρᾶγμα,</span> <span class='ocrx_word' id='word_1_861' title='bbox 3647 5327 3712 5376; x_wconf 77' lang='grc' dir='ltr'>τὸ</span> 
     </span>
    </p>
   </div>
   <div class='ocr_carea' id='block_1_116' title="bbox 2130 5408 3712 5488">
    <p class='ocr_par' dir='ltr' id='par_1_116' title="bbox 2130 5408 3712 5488">
     <span class='ocr_line' id='line_1_116' title="bbox 2130 5408 3712 5488; baseline -0.003 -26"><span class='ocrx_word' id='word_1_862' title='bbox 2130 5408 2178 5462; x_wconf 86' lang='grc' dir='ltr'>δ’</span> <span class='ocrx_word' id='word_1_863' title='bbox 2209 5410 2308 5462; x_wconf 80' lang='grc' dir='ltr'><strong>οὐκ</strong></span> <span class='ocrx_word' id='word_1_864' title='bbox 2354 5411 2434 5470; x_wconf 85' lang='grc' dir='ltr'>εἰς</span> <span class='ocrx_word' id='word_1_865' title='bbox 2465 5409 2618 5482; x_wconf 73' lang='grc' dir='ltr'>τέλος</span> <span class='ocrx_word' id='word_1_866' title='bbox 2664 5409 2847 5478; x_wconf 70' lang='grc' dir='ltr'>ἐξέϐη,</span> <span class='ocrx_word' id='word_1_867' title='bbox 2883 5410 2976 5463; x_wconf 85' lang='grc' dir='ltr'><strong>τοῦ</strong></span> <span class='ocrx_word' id='word_1_868' title='bbox 3008 5409 3144 5464; x_wconf 82' lang='grc' dir='ltr'>Θεοῦ</span> <span class='ocrx_word' id='word_1_869' title='bbox 3173 5416 3302 5482; x_wconf 84' lang='grc' dir='ltr'>περὶ</span> <span class='ocrx_word' id='word_1_870' title='bbox 3330 5416 3488 5484; x_wconf 74' lang='grc' dir='ltr'>ἡμῶν</span> <span class='ocrx_word' id='word_1_871' title='bbox 3520 5420 3712 5488; x_wconf 75' lang='grc' dir='ltr'>κρεῖτ-</span> 
     </span>
    </p>
   </div>
   <div class='ocr_carea' id='block_1_117' title="bbox 2129 5499 3704 5576">
    <p class='ocr_par' dir='ltr' id='par_1_117' title="bbox 2129 5499 3704 5576">
     <span class='ocr_line' id='line_1_117' title="bbox 2129 5499 3704 5576; baseline 0.008 -26"><span class='ocrx_word' id='word_1_872' title='bbox 2129 5499 2220 5552; x_wconf 86' lang='grc' dir='ltr'><strong>τόν</strong></span> <span class='ocrx_word' id='word_1_873' title='bbox 2269 5518 2319 5552; x_wconf 91' lang='grc' dir='ltr'><strong>τι</strong></span> <span class='ocrx_word' id='word_1_874' title='bbox 2357 5499 2828 5568; x_wconf 69' lang='grc' dir='ltr'>προϐλεψαμένου,</span> <span class='ocrx_word' id='word_1_875' title='bbox 2862 5501 2952 5553; x_wconf 81' lang='grc' dir='ltr'>ἴνα</span> <span class='ocrx_word' id='word_1_876' title='bbox 2983 5502 3057 5572; x_wconf 79' lang='grc' dir='ltr'>μὴ</span> <span class='ocrx_word' id='word_1_877' title='bbox 3087 5506 3258 5573; x_wconf 84' lang='grc' dir='ltr'>χωρὶς</span> <span class='ocrx_word' id='word_1_878' title='bbox 3297 5505 3432 5576; x_wconf 86' lang='grc' dir='ltr'>ἐμοῦ</span> <span class='ocrx_word' id='word_1_879' title='bbox 3483 5511 3572 5560; x_wconf 78' lang='grc' dir='ltr'>καὶ</span> <span class='ocrx_word' id='word_1_880' title='bbox 3603 5511 3704 5562; x_wconf 83' lang='grc' dir='ltr'><strong>τοῦ</strong></span> 
     </span>
    </p>
   </div>
   <div class='ocr_carea' id='block_1_118' title="bbox 2129 5590 3703 5668">
    <p class='ocr_par' dir='ltr' id='par_1_118' title="bbox 2129 5590 3703 5668">
     <span class='ocr_line' id='line_1_118' title="bbox 2129 5590 3703 5668; baseline 0.008 -26"><span class='ocrx_word' id='word_1_881' title='bbox 2129 5593 2334 5659; x_wconf 73' lang='grc' dir='ltr'>πατρὸς</span> <span class='ocrx_word' id='word_1_882' title='bbox 2382 5592 2588 5651; x_wconf 82' lang='grc' dir='ltr'>ἐκεῖνος</span> <span class='ocrx_word' id='word_1_883' title='bbox 2635 5590 2847 5662; x_wconf 77' lang='grc' dir='ltr'>ἐξέλθῃ.</span> <span class='ocrx_word' id='word_1_884' title='bbox 2894 5592 2966 5644; x_wconf 88' lang='grc' dir='ltr'>Τὸ</span> <span class='ocrx_word' id='word_1_885' title='bbox 2998 5594 3106 5661; x_wconf 80' lang='grc' dir='ltr'><strong>γὰρ</strong></span> <span class='ocrx_word' id='word_1_886' title='bbox 3140 5594 3284 5648; x_wconf 79' lang='grc' dir='ltr'>τοῦτ’</span> <span class='ocrx_word' id='word_1_887' title='bbox 3317 5598 3603 5668; x_wconf 69' lang='grc' dir='ltr'>ἀνακόψαν</span> <span class='ocrx_word' id='word_1_888' title='bbox 3639 5603 3703 5668; x_wconf 63' lang='grc' dir='ltr'>τὸ</span> 
     </span>
    </p>
   </div>
   <div class='ocr_carea' id='block_1_119' title="bbox 2129 5665 3698 5757">
    <p class='ocr_par' dir='ltr' id='par_1_119' title="bbox 2129 5682 3698 5757">
     <span class='ocr_line' id='line_1_119' title="bbox 2129 5682 3698 5757; baseline 0.008 -24"><span class='ocrx_word' id='word_1_889' title='bbox 2129 5682 2422 5752; x_wconf 75' lang='grc' dir='ltr'>βούλευμα,</span> <span class='ocrx_word' id='word_1_890' title='bbox 2463 5682 2596 5735; x_wconf 83' lang='grc' dir='ltr'>αὑτὸ</span> <span class='ocrx_word' id='word_1_891' title='bbox 2641 5683 2705 5751; x_wconf 79' lang='grc' dir='ltr'>δὴ</span> <span class='ocrx_word' id='word_1_892' title='bbox 2758 5683 2921 5736; x_wconf 86' lang='grc' dir='ltr'>τοῦτο</span> <span class='ocrx_word' id='word_1_893' title='bbox 2977 5687 3199 5753; x_wconf 70' lang='grc' dir='ltr'>γέγονεν</span> <span class='ocrx_word' id='word_1_894' title='bbox 3231 5689 3406 5742; x_wconf 75' lang='grc' dir='ltr'>αἴτιον</span> <span class='ocrx_word' id='word_1_895' title='bbox 3467 5691 3561 5742; x_wconf 77' lang='grc' dir='ltr'><strong>τοῦ</strong></span> <span class='ocrx_word' id='word_1_896' title='bbox 3597 5695 3698 5757; x_wconf 72' lang='grc' dir='ltr'>τῆς</span> 
     </span>
    </p>
   </div>
   <div class='ocr_carea' id='block_1_120' title="bbox 2125 5775 3693 5855">
    <p class='ocr_par' dir='ltr' id='par_1_120' title="bbox 2125 5775 3693 5855">
     <span class='ocr_line' id='line_1_120' title="bbox 2125 5775 3693 5855; baseline 0.008 -28"><span class='ocrx_word' id='word_1_897' title='bbox 2125 5776 2346 5845; x_wconf 79' lang='grc' dir='ltr'>εἱρκτῆς</span> <span class='ocrx_word' id='word_1_898' title='bbox 2395 5777 2538 5845; x_wconf 77' lang='grc' dir='ltr'>ἡμᾶς</span> <span class='ocrx_word' id='word_1_899' title='bbox 2567 5775 2850 5846; x_wconf 75' lang='grc' dir='ltr'>διαδρᾶναι</span> <span class='ocrx_word' id='word_1_900' title='bbox 2905 5777 3116 5841; x_wconf 71' lang='grc' dir='ltr'>πάντας</span> <span class='ocrx_word' id='word_1_901' title='bbox 3142 5781 3277 5848; x_wconf 79' lang='grc' dir='ltr'>ὁμοῦ</span> <span class='ocrx_word' id='word_1_902' title='bbox 3303 5799 3316 5812; x_wconf 82' lang='lat'><strong><em>°</em></strong></span> <span class='ocrx_word' id='word_1_903' title='bbox 3361 5783 3500 5854; x_wconf 74' lang='grc' dir='ltr'>ὅπερ</span> <span class='ocrx_word' id='word_1_904' title='bbox 3532 5787 3693 5855; x_wconf 78' lang='grc' dir='ltr'>ἀκρι-</span> 
     </span>
    </p>
   </div>
  </div>
