4024 6210
344 371 456 432 Ε’ὶΰ

1135 360 1533 429 THEODORI
1578 365 1937 428 DESPO’I‘rE
1977 356 2368 427 LAUDATIO
2400 358 2831 427 FUNEBRIS-

3510 356 3620 424 203

348 484 385 535 ο
404 484 465 545 Τις
496 481 730 553 φράζειν
762 481 885 536 οὔτε
921 481 1284 552 προκείμενον
1311 483 1472 554 ἡμῖν,
1498 478 1610 534 οὒτ’
1644 479 1710 534 ἃν
1732 480 1821 550 εἵη
1850 479 1937 532 λε-

2046 478 2125 532 bis
2155 480 2496 547 propositum
2528 485 2639 539 est,
2662 491 2765 532 nec
2810 474 2984 547 possit
3039 482 3349 545 opportune
3372 491 3388 540 ;
3411 488 3537 529 cum
3561 476 3619 529 et

352 577 551 649 χθῆναι
587 578 686 630 σὺν
709 576 887 649 καιρῷ
909 591 923 606 ’
960 575 1140 639 ἄλλως
1169 575 1218 629 θ’
1247 576 1331 629 ὅτι
1362 574 1455 628 καὶ
1494 573 1814 643 περίεργον,
1860 571 1940 625 εί-
1998 606 2009 613 ι

352 673 506 726 δόσιν
535 672 764 726 ἅπαντα
796 671 1001 741 λΐγειν.
1816 698 1821 703 -

430 765 626 828 Ὅστις
663 763 763 835 μέν
785 761 882 815 οὖν
903 756 1060 824 οὗτος
1085 756 1156 830 ἦν
1176 759 1313 831 πρός
1342 775 1402 812 τε
1422 758 1618 826 γονέας
1644 755 1742 809 καὶ
1762 756 1935 825 ἡμᾶς,

357 859 453 913 καὶ
479 859 584 928 τὴν
614 856 941 924 συγγένειαν
972 854 1100 926 seq;
1127 854 1333 917 πᾶσαν,
1358 851 1507 904 δυοῐν
1530 865 1593 918 γε
1617 848 1791 902 τοῖνδε
1823 842 1942 900 τοῐν

354 950 677 1021 εἰρημένων
706 945 1086 1018 ἀποδεδεῖχθαί
1136 962 1228 1017 μοι
1259 945 1535 1014 φαίνεται,
1578 940 1657 1004 ὡς
1698 938 1771 1004 ἐξ
1798 939 1940 992 dm}-

358 1060 510 1113 κων,
529 1042 687 1112 φασὶ,
712 1041 820 1096 τὸν
838 1040 1061 1095 λέοντα
1080 1055 1096 1071 ο
1131 1038 1379 1109 μετιτέον
1399 1036 1452 1090 δέ
1475 1036 1565 1089 τὸν
1588 1034 1746 1101 λόγον
1760 1033 1855 1085 ἐπὶ
1869 1032 1940 1084 τά

355 1136 548 1205 πρόσω
568 1176 585 1199 ,
616 1132 1155 1203 παραδραμούμενον
1187 1130 1286 1201 μὲν
1305 1128 1374 1183 τὰ
1405 1128 1578 1182 πολλὰ
1600 1127 1709 1180 τῶν
1735 1124 1936 1196 ἔργων,

350 1227 554 1295 ὀλίγων
602 1226 646 1279 δ’
663 1222 729 1280 αὖ
765 1226 1068 1295 ἁψόμενον·
1096 1223 1358 1278 τοιούτων
1414 1223 1619 1291 μέντοι,
1645 1222 1787 1275 ὥστε
1837 1220 1939 1289 τὴν

350 1322 567 1372 ἐκείνου
600 1318 863 1374 δύνασθαι
898 1317 1104 1388 ἀρετὴν
1137 1314 1382 1386 φανερὰν
1434 1318 1611 1369 ποιεῖν
1631 1329 1647 1345 ⁸
1680 1310 1794 1367 εἷεν
1825 1308 1938 1385 γὰρ

353 1414 423 1466 ἂν
453 1415 513 1466 οὐ
548 1413 1008 1483 συμπτωμάτων,
1047 1413 1107 1464 οὐ
1150 1410 1341 1481 τύχης,
1380 1411 1441 1463 οὐ
1493 1408 1706 1479 καιρῶν
1753 1406 1939 1461 ἐπιθε-

358 1507 538 1575 μένων
584 1509 699 1569 τοῖς
729 1506 1036 1568 ἐναντίοιςο
1072 1504 1251 1558 ταῦτα
1305 1503 1390 1574 δὴ,
1443 1504 1511 1556 τὰ
1568 1501 1804 1572 Νέρωνα
1843 1502 1938 1553 καὶ

354 1598 787 1669 Σαρδανάπαλον
842 1597 1283 1668 βασιλεύσαντα*
1334 1596 1472 1650 ἀλλά
1528 1593 1937 1666 κατορθώματα

352 1694 570 1763 ἀνδρδςν
599 1694 772 1764 ἀρετῇ
803 1690 1193 1762 συμϐιοῦντος.
1211 1689 1402 1754 Metto:
1432 1689 1543 1759 γὰρ
1572 1688 1681 1742 τῶν
1705 1688 1815 1742 ἀπὸ
1834 1687 1937 1758 τῆς

353 1785 527 1857 τύχης
562 1785 748 1848 ταυτὶ,
785 1780 1047 1857 ὁπότανῇ
1080 1783 1175 1837 καὶ
1212 1784 1357 1836 πάνυ
1389 1768 1602 1851 σμικρά
1625 1796 1639 1811 ’
1665 1780 1850 1834 ἐκεῖνα
1875 1780 1938 1833 δὲ’

354 1880 499 1933 πάνυ
549 1877 809 1950 λαμπρὰ,
841 1878 1041 1931 ὁπόσον
1091 1876 1157 1930 ἀν
1190 1892 1274 1938 τις
1308 1873 1662 1944 ἐνθυμηθείη.
1712 1873 1786 1926 Τὸ
1823 1872 1934 1943 γὰρ

355 1973 554 2043 εὐγενῆ
585 1988 711 2026 τινα
755 1971 851 2025 καὶ
885 1967 1238 2039 εὐπατρίδην,
1271 1966 1364 2019 καὶ
1397 1964 1733 2037 περιφανείᾳ
1760 1965 1933 2036 πολλῇ

358 2068 559 2137 συζῇν,
588 2066 686 2120 καὶ
724 2063 1085 2135 ἀνδραπόδων
1144 2059 1806 2133 πλήθεσιπεριρῤεἶσθαι,
1841 2059 1937 2112 καὶ⁵

359 2159 579 2231 πλούτῳ
596 2157 769 2229 συχνῷ
778 2159 971 2227 κομᾷν,
986 2158 1081 2211 καὶ⁵
1100 2159 1268 2211 πᾶσιν
1285 2155 1515 2217 ἐκείνοις
1537 2153 1934 2225 ἐνευδοκιμεῖν,

358 2256 432 2315 δι’
458 2249 533 2309 ὧν
567 2270 629 2307 τε
662 2253 906 2324 τρόπαια
932 2251 1040 2304 ἀπὸ
1072 2250 1181 2303 τῶν
1204 2247 1417 2320 ἐχθρῶν
1447 2248 1689 2309 ἵσταται,
1730 2246 1826 2299 καὶ
1855 2237 1938 2308 οἷς

358 2347 430 2401 ἂν
454 2345 854 2416 προσκυνοῖντο
885 2342 933 2396 οί
957 2343 1280 2412 μετέχοντες
1308 2343 1373 2394 ἐκ
1403 2340 1512 2394 τῶν
1527 2339 1805 2411 πανταχοῦ
1836 2334 1937 2409 τῆς

354 2438 684 2509 οἰκουμένης
704 2436 980 2508 περάτων,
1004 2435 1099 2488 καὶ
1122 2431 1434 2513 ἀνθρώπρις
1451 2432 1762 2495 ἀλλοκότοις
1787 2431 1936 2484 ἐστιν

353 2534 448 2586 ὅτε
502 2529 870 2600 παραγίνεται
926 2526 1186 2594 ἀλόγιστα
1245 2524 1566 2596 περαίνουσι
1616 2526 1706 2578 τον
1753 2522 1937 2577 αὐτῶν

359 2623 484 2693 βίον
507 2637 523 2653 ο
559 2622 728 2691 ἀρέτῇ
758 2619 817 2673 δὲ
845 2617 943 2673 καὶ
976 2619 1091 2681 τοῖς
1120 2616 1390 2680 τοιούτοις
1426 2616 1579 2670 οὐδὲν
1611 2615 1677 2670 ἂν
1720 2615 1807 2688 εἴη
1838 2616 1936 2687 δή·

358 2733 465 2768 που
512 2714 711 2768 κοινόν.
746 2712 846 2765 Διά
878 2710 1038 2765 τοῦτό
1080 2728 1145 2780 γε
1180 2710 1411 2774 ἐκεῖνος,
1452 2711 1481 2763 ό
1505 2710 1643 2781 πρὸς
1673 2709 1767 2765 τὸν
1802 2710 1936 2766 Θεὸν

359 2808 463 2879 μὲν
494 2806 696 2867 ἀπιὼν,
728 2805 881 2875 ὑμῶν
923 2798 1023 2874 μέν
1050 2800 1211 2866 αὖθις
1246 2800 1674 2872 ἐπιμελόμενος,
1706 2806 1767 2857 τδ
1809 2806 1936 2859 είω-

354 2900 449 2964 θὸς
489 2898 639 2970 αὐτῷ
676 2898 871 2961 ποιῶν,
898 2897 1034 2951 ὅπου
1080 2898 1176 2951 καὶ
1207 2896 1408 2968 μᾶλλον
1446 2896 1647 2962 ἔξεστι,
1684 2895 1792 2963 τῶν
1834 2897 1936 2968 μιν

354 2990 838 3063 ἀπηριθμημένων
872 2989 1000 3059 ἑξῆς
1046 2988 1306 3041 ἁπάντων
1337 2985 1664 3057 κατεφρόνει
1700 3005 1757 3041 τε
1789 2986 1933 3059 λαμ-

358 3082 538 3153 πρῶς,
576 3081 672 3134 καὶ
696 3080 849 3135 οὐδὲν
878 3080 1018 3133 αὐτὰ.
1054 3080 1198 3148 μέγα
1220 3079 1472 3151 ἐνόμιζεν
1495 3095 1510 3109 ’
1544 3079 1660 3132 οὐδ’
1679 3079 1836 3150 ἠξίου
1867 3097 1932 3149 γε

355 3175 668 3229 ἒπτοεῖσθαι
718 3173 858 3245 πρὸς
890 3172 1063 3237 οὐδὲν,
1106 3172 1136 3226 ὃ
1181 3173 1255 3243 μὴ
1288 3171 1453 3226 καλὸν
1483 3171 1731 3225 οἴκοθεν’
1764 3172 1943 3255 εἴχετο
1969 3178 2008 3232 C

354 3268 411 3322 δὲ
448 3267 730 3339 ἐπιμελῶς
782 3268 894 3320 τῶν
922 3268 1025 3321 ὅσα
1055 3265 1122 3319 ἂν
1168 3264 1368 3335 βελτίω
1425 3267 1710 3334 ποιήσειεν
1767 3265 1941 3336 ἄνδρα

356 3360 520 3415 καλόν
547 3377 608 3412 τε
638 3359 737 3412 καὶ
771 3357 1004 3427 ἀγαθὸν,
1038 3358 1133 3412 καὶ
1168 3356 1228 3422 ἐξ
1250 3354 1475 3425 ἀγαθῶν
1509 3355 1607 3409 καὶ
1634 3355 1819 3409 καλῶν
1845 3373 1941 3426 γει

356 3453 578 3521 γονότα.
613 3450 772 3505 οὕτω
822 3451 933 3523 γὰρ
963 3448 1323 3514 πεπαίδευτο,
1357 3450 1456 3504 καὶ¹
1501 3447 1816 3523 μεμαθήκει
1851 3449 1942 3502 εὑ-

360 3545 458 3608 θῦς
484 3544 725 3615 τεχθεὶς,
750 3543 827 3608 ὡς
854 3530 1048 3597 εἰπεῖν.
1070 3527 1518 3612 Ἐπαναληπτέον
1541 3539 1596 3592 δὲ
1621 3522 1691 3593 to
1722 3540 1942 3612 προκεί-

361 3654 547 3707 μενον.

432 3815 562 3889 Εἶχε
594 3817 663 3870 τά
716 3813 1019 3884 πράγματα
1052 3810 1240 3873 κακῶς
1288 3811 1354 3880 τῇ
1394 3808 1810 3878 Πελοποννήσῳ,
1844 3808 1941 3862 καὶ

360 3912 538 3964 ἐδόκει
566 3909 679 3962 δεῖν
723 3906 888 3960 αὐτὸν
936 3907 1073 3957 ίέναι
1116 3901 1249 3974 παρ’
1275 3901 1449 3971 αὐτήν
1478 3914 1495 3930 ⁸
1531 3898 1691 3954 λῦσαι
1741 3900 1850 3969 γὰρ
1875 3899 1942 3953 ἂν

360 4007 435 4060 τὰ
484 4005 637 4059 δεινά
668 4002 1111 4075 παραγεγονότα,
1163 3998 1418 4068 καθάπερ
1467 3995 1625 4058 ἀκτὶς
1664 3993 1938 4064 ὀμίχλην

236 4168 249 4173 ι
358 4098 461 4151 καὶ
490 4095 550 4150 τὸ
593 4095 773 4164 δόγμα
804 4091 1075 4163 κυρωθὲν,
1124 4087 1379 4143 τοσοῦτον
1419 4087 1531 4148 τοῖς
1580 4085 1698 4137 ἐκεῖ
1746 4082 1943 4153 βεϐοή-

359 4188 500 4260 θηκε
529 4187 849 4258 πράγμασι,
884 4185 986 4253 τῆς
1019 4184 1209 4253 φήμης
1233 4179 1425 4248 ὥσπερ
1465 4176 1778 4247 ὑποπτέρου
1811 4192 1946 4228 παν-

356 4276 563 4349 ταχόσε
593 4274 1025 4347 διαδραμούσης,
1053 4274 1179 4325 ὅσον
1206 4271 1306 4324 οὐκ
1340 4270 1407 4325 ἀν
1438 4286 1524 4332 τις
1557 4262 1713 4338 οἶμαι
1744 4267 1945 4338 ῥᾳδίως

359 4370 736 4441 ἐπιδημήσας.
784 4369 958 4430 Αὐτὸς
991 4367 1073 4430 δὲ,
1105 4362 1343 4429 ἐλπίζων
1380 4362 1557 4425 οὕτως
1588 4361 1963 4432 ἐκδήσεσθαι,.

360 4463 567 4532 δηλαδὴ
602 4461 781 4523 καλῶς
806 4459 876 4513 τὰ
922 4458 1227 4528 πράγματα
1268 4457 1513 4526 σχήσειν,
1559 4452 1636 4522 τῷ
1664 4454 1789 4514 τοὺς
1835 4450 1940 4503 Πε-

2041 568 2246 641 alioqui
2275 569 2575 625 scientibus
2593 570 2776 625 omnia
2821 570 2895 626 sit
2918 582 3391 639 supervacaneum
3406 567 3616 623 dicere.

2111 751 2252 808 Puto
2280 753 2486 822 itaque,
2539 753 2675 807 satis
2698 752 2990 824 [superque
3033 746 3236 819 duplici
3274 746 3382 802 hac
3426 761 3625 814 narra-

2043 842 2193 898 tione
2216 841 2532 912 probatum,
2567 842 2748 912 qualis
2783 842 2873 897 hic
2902 843 2957 896 in
2988 850 3264 911 parentes,
3299 852 3532 909 nosque,
3560 850 3627 891 ac

2044 935 2308 1004 reliquam
2366 930 2773 1004 cognationem‘
2808 942 2975 992 esset.
3042 944 3305 1002 tanquam
3339 946 3405 985 ea:
3448 945 3624 998 ungue

2040 1027 2443 1096 leonem,quod
2483 1027 2682 1093 aiunt;
2735 1041 2905 1097 porro
2950 1024 3286 1080 traducenda
3336 1022 3515 1077 oratio
3554 1020 3621 1075 ad

2042 1117 2326 1183 ulteriora,
2359 1125 2418 1173 ut
2444 1126 2629 1173 tamen
2674 1117 2933 1188 pleraque
2968 1115 3091 1187 ejus
3126 1128 3356 1184 operum
3393 1125 3623 1184 praetcr-

2042 1208 2184 1272 iens,
2245 1224 2418 1279 pauca
2445 1218 2655 1264 tantum
2693 1226 2888 1269 rursus
2920 1209 3275 1279 perstringat,
3309 1221 3375 1262 ex
3422 1205 3626 1275 quibus

2044 1314 2224 1358 tamen
2246 1303 2367 1371 ejus
2400 1304 2687 1373 perspicue
2712 1304 2890 1358 virtus
2911 1286 3149 1358 eluceat.
3192 1301 3403 1370 Quippe
3461 1308 3628 1353 erunt

2039 1409 2149 1449 non
2190 1410 2372 1461 casus,
2398 1410 2508 1449 non
2545 1396 2799 1456 fortunae.
2831 1411 2941 1450 non
2997 1404 3306 1463 temporum
3364 1392 3627 1445 adversm

2040 1488 2139 1543 riis
2178 1488 2537 1559 iniquiorum.
2571 1487 2697 1544 ﬂare
2734 1505 2967 1559 namque
3018 1487 3252 1542 Neronis
3308 1501 3373 1539 ac
3422 1484 3628 1540 Sarda-
3724 1532 3728 1543 .

2039 1582 2222 1652 napali
2252 1597 2414 1649 regna
2440 1583 2742 1654 insigniant
2775 1601 2791 1649 ;
2850 1583 2946 1638 sed
2977 1582 3078 1635 viri
3098 1582 3331 1660 'virtute
3387 1578 3624 1633 viventis

2040 1674 2305 1744 praeclara
2338 1683 2512 1745 gesta.
2546 1674 2673 1731 llaec
2702 1675 2845 1730 enim
2878 1674 3087 1744 majora
3116 1681 3266 1737 sunt,
3294 1685 3456 1741 quam
3496 1682 3622 1739 quae

2042 1783 2071 1821 a
2102 1766 2344 1833 fortuna,
2376 1767 2468 1823 ubi
2508 1768 2676 1822 etiam
2752 1767 2971 1822 fnerint'
3011 1765 3305 1821 admodum
3383 1761 3620 1819 modica.

2044 1858 2182 1942 Cyri
2215 1868 2398 1914 autem
2441 1860 2597 1916 valde
2632 1860 2940 1929 splendida,
2991 1856 3183 1929 quanti
3212 1856 3304 1910 illa
3345 1854 3461 1909 fieri
3525 1852 3624 1907 de-

2044 1950 2309 2005 buerint?
2341 1950 2477 2005 Nam
2499 1960 2560 2005 ut
2596 1950 2721 2020 quis
2755 1950 2919 2005 nobili
2945 1950 3200 2018 prosapia
3243 1956 3403 2001 ortus
3428 1946 3502 2001 sit
3556 1959 3627 1998 ac

2043 2041 2241 2098 illustri
2297 2044 2500 2113 patria.
2560 2043 2969 2113 admodumque
3011 2040 3298 2110 splendide
3347 2039 3515 2096 vivat.
3558 2052 3626 2091 ac

2044 2135 2116 2189 sit
2164 2134 2533 2192 circumfusus
2594 2120 2876 2190 servorum
2942 2130 3197 2205 agmine,
3270 2131 3629 2200 abundetque

2016 2226 2201 2294 'copia
2231 2225 2570 2291 divitiarum,
2597 2227 2747 2282 aciis
2778 2216 3039 2281 omnibus
3088 2226 3273 2280 clarus
3333 2223 3623 2287 habeatur.

2044 2319 2500 2393 quibus~excitari
2528 2319 2729 2375 habent
2765 2327 2967 2387 tropaea
3014 2319 3083 2374 de
3113 2316 3384 2381 hostibus,
3412 2329 3477 2371 ac
3497 2316 3625 2384 qui-

2045 2411 2149 2467 bus
2183 2412 2219 2467 ii
2243 2413 2335 2483 qui
2359 2412 2585 2476 habent.
2642 2413 2712 2468 ab
2742 2414 2895 2469 orbis
2933 2411 3174 2468 universi
3204 2410 3427 2475 ﬁnibus,
3450 2410 3624 2463 bono-

2045 2504 2198 2561 ribus
2237 2514 2587 2577 augeantur;
2622 2504 2739 2562 haec
2789 2506 2982 2576 utique
3028 2496 3357 2561 monstrosis
3403 2516 3623 2573 quoque

2046 2596 2387 2663 hominibus,
2429 2614 2492 2653 ac
2511 2598 2742 2654 alieuea
2776 2598 2995 2654 ratione
3046 2598 3376 2660 viventibus,
3428 2610 3625 2664 suppe-

2045 2700 2160 2745 tant
2189 2708 2204 2757 ;
2241 2691 2441 2761 quibus
2479 2693 2641 2763 plane
2669 2708 2735 2748 ac
2761 2691 2951 2748 virtuti
2972 2692 3114 2746 nulla
3164 2688 3480 2746 communio
3509 2688 3625 2743 fue-

2045 2786 2134 2835 rit.
2173 2781 2539 2847 Quamobrem
2576 2782 2658 2835 vir
2684 2782 2751 2836 ad
2791 2782 2960 2836 Deum
2991 2780 3293 2851 profectus,
3345 2779 3627 2847 nostrique

2044 2872 2176 2934 illic.
2198 2884 2360 2943 prout
2392 2873 2647 2928 moribus
2687 2873 2924 2928 habebat
2981 2882 3383 2942 comparatum,
3431 2871 3521 2925 tibi
3568 2879 3623 2921 et

2043 2965 2278 3033 amplius
2333 2963 2498 3031 licet,
2552 2964 2748 3019 iterum
2799 2966 2989 3019 curam
3057 2978 3299 3035 gerens,
3355 2964 3623 3019 recensita

2043 3055 2228 3109 onmia
2258 3055 2536 3124 magniﬁce
2581 3056 2896 3127 spernebat,
2923 3071 2988 3111 ac
3034 3056 3167 3111 nihil
3229 3055 3408 3128 magni
3464 3068 3625 3126 puta-

2044 3149 2173 3215 bat;
2210 3163 2310 3203 nec
2337 3164 2398 3204 re
2433 3149 2541 3203 ulla
2586 3151 2804 3205 volebat
2859 3149 3212 3204 admirationi
3264 3164 3407 3215 esse,
3454 3134 3635 3219 qnam'

2043 3241 2088 3295 si
2118 3256 2239 3311 qua:
2285 3240 2405 3311 ipsa
2442 3256 2507 3296 ac
2534 3256 2601 3296 ex
2640 3242 2879 3311 propriis
2904 3243 3370 3312 prmelara'esset:
3416 3242 3628 3297 studio-

2043 3347 2103 3387 se
2136 3347 2267 3388 vero
2294 3333 2639 3404 sectabatur,_
2662 3335 2709 3389 si
2756 3349 2866 3405 qua
2918 3334 3241 3405 praeclarum
3292 3349 3356 3389 ac
3383 3335 3622 3399 bonum,

2041 3440 2223 3496 exque
2273 3425 2438 3482 bonis
2509 3442 2573 3481 at:
2630 3427 2907 3497 praeclaris
2937 3438 3116 3482 ortum
3171 3427 3449 3483 docerent.
3533 3428 3628 3482 Sic
3730 3412 3737 3423 ’

2045 3532 2282 3586 namque
2316 3518 2598 3574 institutus
2647 3518 2848 3586 fuerat,
2908 3521 3098 3590 sicque
3129 3535 3255 3574 mox
3311 3528 3499 3587 natus,
3564 3531 3625 3574 ut

2042 3611 2119 3666 ita
2153 3611 2355 3675 dicam,
2401 3611 2689 3666 didicerat.
2736 3613 3085 3673 Besumenda
3158 3613 3319 3668 nobis
3375 3612 3626 3683 subjecta
3730 3688 3731 3691 η

2046 3704 2295 3760 materia.

2114 3793 2254 3849 Male
2287 3811 2376 3849 res
2449 3794 2805 3864 Peloponnesi
2847 3790 3150 3860 habebant,
3204 3795 3437 3866 ejusque
3492 3796 3629 3850 illuc
3685 3797 3698 3805 ”

2044 3886 2311 3957 profectio
2340 3902 2521 3954 Operae
2553 3887 2787 3957 pretium
2826 3887 3133 3942 videbatur.
3190 3888 3331 3942 Fore
3392 3890 3540 3943 enim
3566 3899 3626 3939 nt

2044 3979 2228 4034 statim
2278 3994 2516 4048 praesens
2555 3979 2699 4033 mala
2733 3980 3074 4043 dissolveret,
3106 3980 3183 4033 uti
3221 3980 3405 4053 radius
3455 3981 3627 4033 nebu-

2045 4070 2173 4123 lam.
2221 4065 2455 4122 Tantum
2506 4069 2776 4137 saneejus
2831 4069 3082 4123 mittendi
3110 4070 3419 4135 decretum,
3478 4070 3622 4123 fatua

2044 4157 2249 4227 ubique
2280 4168 2626 4228 pervagante,
2664 4156 2814 4212 illius
2840 4158 3137 4227 provinciae
3162 4158 3327 4213 rebus
3362 4160 3621 4215 contulit.

2044 4258 2337 4319 quantum,
2390 4258 2545 4319 puto,
2601 4263 2763 4303 nemo
2798 4250 2956 4304 facile
2989 4250 3254 4318 potuisset
3309 4253 3623 4318 praesentia.

2044 4343 2292 4412 Eumque
2316 4340 2406 4395 ille
2446 4355 2760 4395 successum
2785 4356 3048 4410 sperans,
3097 4342 3404 4411 utinquam
3464 4342 3624 4397 Pelu-

2046 4434 2273 4504 pnttnesi
2299 4447 2404 4496 res,
2432 4432 2549 4488 sola
2569 4432 2689 4502 ejus
2721 4433 2864 4487 fama
2898 4434 3160 4503 nominis,
3190 4451 3356 4505 quam
3391 4437 3503 4491 illic
3525 4453 3623 4505 ap-

361 4525 761 4623 λοποννησίους
790 4525 1177 4622 μεμαθηκέναι
1210 4547 1280 4601 τὰ
1304 4525 1440 4620 περὶ
1483 4545 1663 4608 τοῦδε,
1698 4544 1793 4597 καὶ
1825 4542 1943 4611 μετ’

2049 4525 2223 4594 prime
2257 4536 2441 4580 notam
2476 4527 2660 4591 sciret,
2691 4537 3160 4596 componerentur
3199 4545 3214 4582 :
3248 4543 3311 4582 ac
3342 4529 3430 4581 ubi
3460 4533 3622 4597 pauiu

359 4649 425 4699 οὐ
464 4645 603 4698 πολὺ
633 4642 824 4715 μαθὼν
854 4643 997 4695 κατά
1026 4643 1126 4709 τὴν
1156 4639 1318 4704 δόξαν
1367 4637 1729 4709 ἐκϐεϐηκότα,
1759 4635 1949 4705 κέκρι-

363 4754 466 4791 κεν
518 4737 599 4788 ἔτι
650 4734 1160 4805 προσπαραμεῖναι,
1210 4731 1316 4794 ἓως
1349 4728 1436 4797 ἂν,
1478 4729 1672 4809 Ὶπάντα
1702 4727 1947 4796 γεγονὼς

366 4833 464 4886 καὶ
494 4828 960 4899 διαπραξάμενος,
994 4826 1082 4898 ἴδῃ
1115 4824 1212 4895 μὲν
1239 4827 1328 4874 τὸν
1358 4821 1582 4892 βασιλέα
1613 4821 1709 4873 καὶ
1733 4820 1947 4889 πατέρα

362 4928 428 4978 ἐν
447 4925 561 4986 τοῖς
588 4921 840 4975 εἰωθόσιν
856 4918 1019 4993 κόντα,
1059 4914 1403 4986 πραγμάτων
1436 4913 1538 4983 μὲν
1559 4910 1947 4979 ἀπαλλαγέντα

366 5016 595 5077 τελέως,
631 5014 879 5085 γαλήνης
909 5010 966 5063 δὲ
999 5006 1203 5077 λευκῆς
1242 5004 1585 5059 ἀπολαύοντα
1604 5017 1619 5032 ·
1654 5002 1741 5075 ίδῃ
1767 5001 1824 5055 δέ
1852 5001 1947 5054 καὶ

365 5111 472 5179 τὴν
520 5107 734 5176 μητέρα
791 5103 889 5156 σὺν
918 5101 997 5172 τῷ
1042 5099 1245 5169 ἑαυτῆς
1272 5097 1441 5166 πατρὶ
1494 5094 1590 5148 καὶ
1618 5095 1757 5164 ἶταϊν
1794 5091 1947 5179 ἀδελέ

367 5177 505 5273 φαῖν
556 5200 739 5261 οἴκαδε
794 5193 1197 5250 ἐπανελθοῦσαν
1234 5193 1299 5245 ἐκ
1335 5191 1433 5259 τῆς
1484 5187 1752 5259 φρουρᾶς,
1801 5187 1859 5238 ἐν

365 5294 692 5363 κατείχοντο
718 5290 873 5358 παρά
919 5287 1028 5343 τῶν
1061 5285 1332 5340 Λατίνων.
1366 5280 1539 5335 Οὐδὲν
1587 5279 1700 5348 γὰρ
1741 5277 1854 5365 ἐρῶ
1879 5293 1945 5345 γε

363 5387 539 5442 πλέον
576 5383 790 5438 πολλῶν
824 5382 1010 5435 ἕνεκα.

439 5477 618 5531 Ταυτὶ
671 5474 773 5547 μὲν
823 5473 916 5528 οὖν
955 5471 1117 5543 ἐξέϐη
1170 5468 1309 5525 κατά
1361 5464 1592 5530 σκοπὸν,
1643 5462 1738 5517 καὶ
1774 5460 1946 5533 πέρας

362 5568 567 5623 ἔλασεν
596 5565 826 5634 ἀγαθὸν,
858 5563 1258 5634 συναιρομὲνης
1284 5559 1385 5628 τῆς
1412 5557 1563 5621 θείας
1584 5554 1780 5627 ῥοπῆς,
1806 5552 1947 5623 μετά

363 5664 436 5715 τὸ
464 5661 668 5732 πολλὴν
695 5658 798 5729 μὲν
827 5657 992 5710 αὐτὸν
1020 5654 1245 5724 ἀνδρίαν
1278 5652 1375 5705 καὶ
1404 5649 1788 5718 γενναιότητα,
1817 5642 1948 5697 πολ-

366 5750 477 5820 λὴν
506 5750 553 5802 δ’
585 5749 922 5820 ἐγρήγορσιν
950 5746 1045 5799 καὶ
1078 5742 1338 5812 σπουδὴν,
1365 5738 1570 5808 πολλὴν
1597 5736 1653 5790 δὲ
1681 5735 1947 5806 φρόνησιν

367 5840 752 5921 ἐπιδείξασθαι
796 5839 874 5909 τῷ
912 5836 1047 5908 πρὸς
1089 5837 1215 5899 τοὺς
1259 5832 1522 5893 Λατίνους
1569 5829 1690 5881 τότε
1721 5824 1945 5896 πολέμῳ

2050 4625 2172 4687 post
2197 4618 2277 4671 sic
2319 4617 2495 4687 rcipsa
2526 4618 2861 4673 successisse
2894 4619 3172 4685 cognovit,
3197 4632 3380 4671 moras
3405 4619 3550 4688 aliqu
3575 4638 3617 4669 εκ

2050 4706 2344 4761 traltettdas
2390 4707 2568 4778 duxit,
2625 4710 2751 4761 dum
2820 4708 3038 4761 tnterim
3084 4705 3262 4762 factus
3318 4707 3527 4774 omnia,
3562 4725 3625 4761 ac

2051 4798 2303 4849 universa
2337 4811 2550 4865 gerens,
2591 4796 2975 4865 imperatorem
3024 4809 3088 4848 ac
3149 4803 3358 4864 patrem
3412 4795 3466 4847 in
3510 4809 3628 4863 prt-

2048 4889 2192 4943 stina
2228 4892 2536 4944 restitutum
2578 4889 2802 4953 videret,
2858 4903 2887 4941 a
2914 4887 3149 4959 negotiis
3206 4885 3445 4957 perfecte
3490 4886 3631 4940 libe-

2048 4999 2194 5044 rutn,
2226 4998 2289 5036 ac
2343 4980 2541 5036 blanda
2590 4980 2879 5077 'fruentem
2931 4980 3366 5051 tranquillitate;
3415 4978 3625 5033 videret

2049 5087 2180 5128 vero
2209 5083 2264 5129 et
2294 5082 2547 5139 matrem,
2582 5071 2882 5141 matrisque
2904 5082 3135 5140 patrem,
3163 5086 3226 5126 ac
3256 5086 3494 5132 sorores,
3526 5071 3624 5125 do-

2050 5182 2199 5220 mum
2228 5181 2421 5221 omnes
2449 5179 2698 5220 reversos
2721 5179 2750 5218 a
2788 5164 3067 5233 praesidio,
3099 5176 3209 5235 quo
3243 5161 3422 5217 Latini
3474 5170 3625 5215 tene-

2048 5271 2191 5314 rent.
2215 5258 2325 5316 Nec
2355 5259 2497 5314 enim
2554 5257 2706 5328 plura
2753 5257 2871 5310 hanc
2914 5254 3173 5317 referam,
3226 5253 3390 5322 idque
3437 5251 3625 5305 multis

2047 5352 2115 5407 de
2137 5351 2341 5406 causis.

2121 5443 2214 5498 Sic
2237 5442 2426 5510 utique
2451 5454 2542 5497 res
2602 5446 3014 5499 successerunt,
3062 5449 3130 5489 ac
3152 5435 3354 5488 bonum
3398 5445 3626 5503 accepe-

2008 5580 2019 5585 -
2048 5543 2179 5589 runt
2211 5535 2393 5599 linem,
2421 5531 2531 5586 Deo
2559 5531 2699 5584 bene
2725 5528 2967 5595 auspice,
3004 5525 3097 5580 ubi
3156 5523 3247 5579 ille
3302 5523 3443 5579 bello
3495 5534 3628 5581 tunc

2048 5636 2240 5683 contra
2276 5626 2518 5687 Latinos,
2580 5623 2808 5678 multam
2869 5619 3267 5687 fortitudinem,
3315 5634 3379 5676 ac
3408 5620 3620 5674 strenui

2050 5722 2219 5777 robur
2238 5719 2431 5780 animi.
2485 5716 2824 5783 multamque
2846 5729 2910 5768 ac
2967 5714 3182 5783 vigilem
3233 5711 3618 5790 diligentiam,

2050 5815 2272 5871 multam
2298 5810 2527 5880 «lautique
2551 5807 2925 5879 prudentiam;
2947 5823 3045 5879 pro
3090 5806 3286 5878 patria,
3335 5820 3399 5861 ac
3441 5815 3623 5876 gente.
