3976 6206
429 355 533 418 207

1586 351 1688 410 MA
1701 349 1931 411 NUELI
1945 351 1983 407 S
2027 349 2431 412 PAUEOLOG
2446 353 2467 411 Ι

3562 349 3669 412 208

430 466 883 539 parentibusque,
915 463 1200 519 decertans
1256 461 1611 518 Ostendisset.
1661 462 1799 515 Cum
1862 458 1996 513 nihil

2102 462 2242 533 ὑπὲρ
2280 462 2381 532 τῆς
2419 463 2678 532 πατρίδος
2712 481 2769 517 τε
2816 463 2913 517 καὶ
2947 464 3040 517 τού
3071 452 3261 532 γένους
3293 462 3391 517 καὶ
3424 462 3534 516 τῶν
3567 479 3670 530 φυ-

430 562 613 629 itaque
642 558 831 613 deesse
861 555 1161 619 videretur,
1198 570 1310 623 quo
1344 553 1429 607 vir
1475 553 1652 609 bonus
1722 560 1778 605 et
1826 551 2002 604 bonus

428 651 600 707 videri
624 650 813 720 possit,
837 648 1068 702 delatam
1102 645 1462 715 Peloponnesi
1522 643 1861 714 provinciam
1909 656 2001 695 ae-

428 745 580 813 cipit,
615 752 854 797 nontam
877 740 1221 794 hereditario
1251 738 1396 806 jure,
1428 752 1590 806 quam
1619 736 1671 790 in
1704 743 2003 804 partem,ac

424 835 794 908 justissimum
831 831 1275 901 praemium,cum
1311 828 1663 897 impensioris
1692 826 1840 879 illius
1875 838 1993 892 gra.

435 928 689 983 titudinis
721 926 775 979 in
808 935 1085 993 parentes,
1151 932 1263 975 tum
1320 922 1578 974 exhibita:
1632 916 1998 983 fortitudinis,

429 1036 494 1076 ac
559 1020 726 1074 totius
754 1017 873 1084 ejus
940 1014 1159 1083 reliqua:
1233 1012 1475 1067 virtutis.
1539 1011 1789 1064 Arbitror
1856 1006 2000 1062 enim

430 1113 521 1166 hic
555 1109 925 1173 concurrisse,
948 1118 1006 1160 ut
1026 1120 1133 1175 qua
1178 1104 1301 1171 quis
1330 1104 1523 1179 lubens
1549 1104 1716 1168 dicat,
1753 1099 2002 1169 quojure

430 1202 721 1256 admodum
763 1199 991 1251 delatam
1031 1198 1147 1250 viro
1191 1196 1525 1265 provinciam
1584 1193 1712 1247 velit
1752 1190 1998 1260 probare.

427 1294 655 1362 Accepit
679 1306 810 1359 ergo
842 1304 1018 1357 neque
1057 1289 1226 1357 patris
1267 1296 1654 1354 congruentem
1706 1282 1997 1345 desiderio,

426 1400 530 1441 nec
567 1398 697 1439 vero
730 1383 822 1435 filii
857 1380 1068 1441 virtuti,
1101 1378 1195 1433 sed
1241 1376 1497 1446 praesenti
1541 1376 1713 1443 magis
1742 1374 1999 1436 fortunae,

428 1493 494 1532 ac
524 1477 687 1531 rebus
717 1475 795 1529 sic
835 1473 1067 1526 aﬂlictis.
1102 1470 1165 1523 At
1194 1470 1339 1523 enim
1379 1468 1565 1522 videor
1594 1483 1701 1520 non
1747 1475 2001 1521 accurate

429 1570 591 1623 verba
625 1579 940 1633 usurpasse.
993 1560 1059 1615 Ut
1105 1562 1229 1629 quis
1252 1561 1396 1613 enim
1425 1574 1553 1612 vero
1600 1558 1899 1627 proximius
1918 1557 2001 1610 di.

426 1668 537 1724 cat,
568 1672 677 1711 non
707 1666 813 1711 tam
842 1654 914 1708 illi
945 1654 1351 1721 Peloponnesus
1405 1653 1529 1705 data
1564 1661 1668 1714 est,
1712 1664 1874 1718 quam
1906 1649 1999 1725 ille

426 1752 821 1821 Peloponneso.
853 1745 999 1800 Nihil
1024 1745 1166 1799 enim
1191 1746 1277 1798 illa
1304 1760 1397 1810 per
1427 1744 1477 1796 id
1505 1752 1718 1811 tempus
1745 1740 1995 1794 auxiliari

425 1850 677 1913 poterat,
708 1839 800 1894 sed
848 1838 969 1906 ejus
1004 1836 1176 1905 magis
1200 1834 1404 1888 auxilio
1436 1834 1665 1900 egebat;
1699 1831 1995 1913 tametsi-et

426 1890 517 1987 ille
550 1934 631 1988 sic
655 1890 900 1993 haberet:
954 1890 1123 1980 ιιιιείυ
1155 1926 1323 1979 nihilo
1373 1925 1553 1978 secius
1606 1924 1810 1976 auxilio
1858 1890 1995 1990 opﬁs

426 2022 725 2091 essctzqui
757 2034 931 2089 nuper
985 2021 1166 2071 nudus
1209 2016 1461 2070 onmihus
1506 2029 1761 2083 egressus
1802 2014 1992 2083 praesi-

426 2118 541 2181 dio,
573 2113 705 2168 nihil
729 2127 822 2182 per
847 2112 1221 2177 lempus,'c0u
1248 2113 1461 2161 meatus
1499 2105 1794 2159 necessarii
1844 2113 2005 2158 com-‘

426 2222 620 2277 parare
661 2207 949 2273 potuisset.
990 2203 1369 2255 Commeatum
1404 2198 1549 2259 dico.
1600 2211 1877 2250 armorum
1910 2211 1995 2250 ro-

428 2299 548 2358 bur,
588 2294 1024 2361 sullicicntesque
1052 2291 1338 2359 pecunias,
1374 2290 1425 2342 in
1478 2288 1787 2342 necessaria
1852 2286 1995 2339 mili-

431 2401 543 2440 tam
581 2384 971 2453 impendendas
1001 2382 1273 2445 subsidia,
1313 2395 1375 2434 ac
1398 2380 1621 2434 omnino
1646 2379 1699 2432 in
1739 2392 1858 2448 qua:
1893 2378 1994 2431 im-

428 2477 587 2546 pendi
612 2475 960 2530 commodum
990 2473 1257 2526 videatur.
1321 2471 1475 2535 Quod
1520 2472 1666 2525 enim
1715 2470 1781 2523 ad
1807 2470 1989 2538 ingen-

430 2583 511 2627 tes
548 2570 833 2624 thesauros
894 2574 1125 2633 spectat,
1169 2564 1585 2633 confertamque
1629 2546 1988 2631 marsupium,

427 2678 491 2715 ac
517 2674 712 2715 aurum
761 2663 1161 2725 argentumque
1228 2655 1367 2709 male
1389 2660 1669 2723 congesta,
1719 2667 1784 2708 ac
1836 2653 1991 2723 pejus

427 2761 665 2816 servata,
703 2752 818 2803 lucc
844 2748 889 2803 si
918 2746 1234 2810 aﬂluehant,
1272 2746 1691 2815 haudquaquam
1750 2758 1992 2814 appone-

426 2845 519 2898 hat
543 2858 662 2907 cor,
691 2839 909 2895 Davidis
932 2839 1227 2893 obsecutus
1273 2836 1502 2891 consilio
1527 2835 1595 2892 ⁸⁸.
1626 2837 1889 2890 Caeterum
1915 2834 1993 2888 di-

425 2938 553 2990 vino
581 2936 739 3004 plane
762 2941 895 2986 nutu
921 2945 983 2985 ac
1008 2931 1289 2995 instinctu,
1328 2943 1431 2984 avo
1456 2928 1581 2982 inde
1628 2935 1875 2997 rogante,
1901 2942 1994 2996 pa-

427 3038 553 3082 truc
606 3027 951 3090 obsecrante,
990 3024 1159 3092 patris
1177 3021 1405 3092 judicio,
1466 3019 1653 3073 matris
1685 3022 1986 3083 voluntate,

2106 555 2336 608 σάντων.
2366 554 2553 624 Μηδὲν
2584 551 2677 608 οὖν
2705 556 2841 618 ὅλως
2870 555 3237 625 παραλιπόντι
3277 555 3385 607 τῶν
3426 554 3572 616 ὅσοις
3599 553 3666 619 ἂν

2103 640 2249 714 εἶχεν
2284 646 2426 717 ἀνὴρ
2463 646 2692 715 ἀγαθὸς,
2725 647 2858 700 αὐτό
2887 663 2950 714 γε
2980 646 3124 700 τοῦτ’
3168 648 3306 716 ἀνὴρ
3336 645 3536 712 ἀγαθὸς
3564 662 3670 710 φα-

2102 736 2283 805 νῆναι,
2336 738 2542 792 δίδοται
2587 738 2763 809 τούτῳ
2792 741 2824 806 ἡ
2882 738 3314 806 Πελοπόννησος,
3343 738 3405 790 ού
3468 736 3669 806 μᾶλλον

2103 829 2365 900 κλῆροςῆ
2420 832 2601 900 μερὶς,
2636 831 2668 900 ῆ
2700 831 2868 901 γέρας
2916 831 3259 884 δικαιότατον
3294 829 3392 897 τῆς
3435 845 3495 880 τε
3529 827 3665 897 πρὸς

2102 921 2300 988 γονέας
2353 922 2797 991 εὐγνωμοσύνης,
2827 922 2924 991 τῆς
2972 939 3031 974 τε
3066 921 3311 990 ἀνδρίας,
3355 914 3421 990 ἧς
3453 920 3669 971 ἐπεδεί·

2103 1011 2250 1075 ξατο,
2285 1011 2378 1063 καὶ
2409 1010 2711 1080 συλλήϐδην
2735 1012 2832 1078 τῆς
2878 1011 3072 1079 λοιπῆς
3101 1010 3324 1080 ἀρετῆς,
3354 1005 3523 1076 Οἶμαι
3558 1008 3667 1075 γὰρ

2102 1103 2352 1155 ἐνταυθοῖ
2402 1101 2926 1171 συνδεδραμηκέναι,
2982 1104 3192 1171 ὅσαπερ
3242 1103 3307 1155 ἄν
3353 1118 3458 1153 τινι
3515 1102 3669 1169 φίλον

2100 1193 2305 1257 λέγειν,
2334 1192 2402 1244 δι’
2432 1186 2506 1244 ὧν
2538 1192 2650 1261 ἔχοι
2696 1192 2969 1245 δεικνύναι
3008 1193 3213 1260 ταύτην
3256 1192 3501 1244 δεδόσθαι
3533 1190 3669 1252 τῷδε

2100 1284 2291 1353 τάνδρὶ
2324 1285 2461 1353 μετά
2492 1285 2687 1336 πολλοῦ
2715 1284 2807 1336 τοῦ
2842 1285 3073 1337 δικαίου.
3106 1286 3303 1352 Ἔσχεν
3326 1284 3426 1336 οὖν
3455 1284 3665 1343 ἐκεῖνος

2100 1376 2284 1447 τήνδε,
2310 1375 2434 1428 οὕτε
2464 1375 2559 1428 τοῦ
2593 1376 2803 1445 πατρὸς
2835 1378 2899 1445 τῇ
2930 1375 3208 1444 προθυμίᾳ
3234 1375 3664 1444 ξυμϐαίνουσαν,

2102 1468 2225 1519 οὗτε
2281 1470 2388 1537 μὴν
2414 1471 2479 1537 τῇ
2529 1467 2623 1520 τοῦ
2654 1467 2845 1529 παιδος
2876 1469 3073 1537 ἀρετῇ,
3127 1468 3261 1521 ἀλλὰ
3300 1471 3367 1537 τῇ
3415 1467 3667 1537 παρούσῃ

2100 1558 2238 1628 τύχῃ
2273 1560 2366 1610 καὶ
2396 1561 2460 1628 τῇ
2508 1558 2616 1611 τῶν
2670 1562 3017 1628 πραγμάτων
3063 1561 3287 1629 ἀπορίᾳ.
3332 1559 3492 1610 Ἀλλά
3538 1559 3669 1627 γὰρ,

2102 1651 2174 1711 ὼς
2206 1650 2403 1713 ἔοικεν,
2437 1650 2537 1703 οὐκ
2563 1652 2810 1720 ἀκριϐῶς
2842 1654 2953 1714 τοῖς
2997 1650 3253 1721 ὀνόμασιν
3285 1649 3664 1720 ἐχρησάμεθα.

2082 1741 2166 1814 Ἐί
2194 1741 2301 1810 γὰρ
2328 1742 2725 1811 τάληθέσιερον
2762 1743 2904 1794 εἴποι
2953 1760 3056 1807 τις,
3095 1742 3153 1794 ού
3194 1742 3391 1810 μᾶλλον
3425 1742 3601 1811 τούτῳ
3633 1743 3667 1812 ἡ

2102 1831 2509 1901 Πελοπόννησος
2544 1833 2691 1903 ἥπερ
2725 1826 2881 1894 οὗτος
2910 1834 3121 1887 δέδοται
3150 1836 3213 1902 τῇ
3251 1834 3666 1903 Πελοποννήσῳ.

2100 1925 2174 1976 Οὐ
2199 1926 2307 1993 γὰρ
2344 1925 2564 1993 βοηθεῖν
2589 1927 2784 1994 ἐκείνῳ
2820 1925 2941 1977 τότε
2980 1922 3262 1994 δυνάμεως
3297 1923 3445 1994 εἶχεν
3468 1941 3482 1955 ⁸
3530 1926 3668 1979 ἀλλὰ

2097 2016 2196 2084 τῆς
2240 2016 2404 2068 αὐτοῦ
2459 2014 2712 2085 βοηθείας
2754 2017 2955 2084 μᾶλλον
3007 2014 3075 2089 ἦν
3125 2018 3444 2088 χρῄζουσαο
3494 2018 3671 2071 καίτοι

2098 2108 2351 2168 κάκεῖνος
2404 2108 2645 2170 τοιοῦτος
2703 2104 2771 2180 ἦν
2825 2110 3154 2175 τηνικαῦτα,
3211 2111 3352 2163 ὥστε
3413 2111 3668 2179 βοηθείας

2093 2198 2322 2261 δεῖσθαι,
2353 2199 2508 2266 ψιλὸς
2552 2200 2651 2267 μέν
2686 2201 2907 2254 πάντων
2974 2204 3072 2270 τῆς
3120 2204 3363 2272 φρουρᾶς
3413 2201 3670 2266 ἐξελθὼν,

2098 2293 2265 2362 μηδὲν
2296 2291 2351 2344 δὲ
2382 2291 2630 2359 δυνηθεὶς
2665 2291 2751 2344 διὰ
2798 2293 2890 2344 τὸν
2925 2294 3119 2362 καιρὸν
3151 2293 3482 2363 κτήσασθαι.
3515 2293 3673 2357 Λέγω

2094 2383 2151 2436 δὲ
2208 2384 2402 2446 κτῆσιν
2431 2382 2529 2451 τὴν
2561 2384 2668 2435 ἀπὸ
2698 2384 2807 2435 τῶν
2847 2385 3027 2437 ὃπλων
3078 2386 3251 2453 ἰσχὺν,
3282 2386 3375 2437 καὶ
3400 2378 3674 2454 ἀρκοῦντα

2096 2477 2375 2545 χρήματα.
2412 2474 2590 2536 καλῶς
2628 2474 3033 2544 ἀναλισκόμενα
3071 2478 3149 2539 είς
3174 2480 3241 2529 τά
3268 2477 3376 2529 τῶν
3408 2494 3676 2546 στρατιω-

2092 2568 2201 2622 τῶν
2226 2568 2528 2637 ἐπιτήδεια,
2560 2568 2652 2620 καὶ
2686 2567 2843 2633 ὅλως,
2873 2568 2981 2637 ὅπη
3020 2569 3267 2639 συνοίσῃ.
3302 2568 3541 2627 Πλοῦτον
3562 2572 3674 2637 γὰρ

2092 2655 2172 2708 ὅτι
2213 2654 2402 2720 πολὺν,
2462 2654 2555 2709 καὶ
2592 2655 2880 2726 βαλάντιον
2922 2656 3103 2727 ἁδρὸν,
3148 2659 3244 2711 καὶ
3288 2660 3528 2728 χρυσίον,
3572 2660 3672 2713 καὶ

2094 2743 2380 2816 ἀργύριον,
2408 2744 2777 2815 ἀθροιζόμενα
2813 2747 3021 2810 κακῶς,
3056 2749 3149 2801 καὶ
3178 2751 3359 2819 χεῖρον
3394 2751 3665 2817 φυλαττό·

2096 2854 2254 2906 μενα,
2288 2837 2461 2889 ταῦτα
2495 2838 2551 2890 δὲ
2583 2840 2630 2891 εί
2679 2838 2852 2909 ἔρῤει,
2906 2841 2968 2891 ού
3012 2841 3367 2909 προσετίθετο
3414 2843 3665 2912 καρδίαν,

2092 2930 2169 2999 τῷ
2200 2930 2361 2982 Δαϐὶδ
2392 2932 2738 2999 πειθόμενος.
2762 2933 2906 2999 Πλὴν
2929 2932 3028 2984 ούκ
3061 2932 3190 2985 ἄνευ
3223 2933 3369 2985 θείου
3401 2933 3672 3002 νεύματος

2099 3021 2194 3073 καὶ
2228 3024 2422 3092 ῥοπῆς,
2463 3023 2719 3094 δεομένου
2757 3025 2858 3093 μὲν
2885 3026 3095 3079 ἐκεῖθεν
3124 3026 3220 3079 τοῦ
3247 3026 3416 3089 θείου,
3454 3027 3667 3093 ἀξιοῦνο

426 3119 519 3173 sed
542 3125 596 3172 et
631 3132 751 3171 mea
783 3118 977 3184 ipsius,
1017 3114 1082 3168 ad
1108 3112 1584 3167 vos'dcsideratus
1610 3111 1776 3175 venit,
1819 3126 1995 3179 quan-

2103 3129 2193 3175 τος
2219 3114 2274 3167 δὲ
2297 3113 2390 3166 τοῦ
2420 3117 2664 3179 πάππου,
2687 3118 2868 3185 κρίσει
2894 3117 2993 3186 μὲν
3016 3121 3083 3187 τῇ
3104 3118 3196 3170 τοῦ
3223 3121 3450 3188 πατρὸς,
3475 3120 3673 3190 γνώμῃ

428 3224 592 3277 quam
624 3224 734 3263 non
784 3207 942 3261 facile
969 3205 1071 3258 fuit
1114 3203 1358 3271 paternis
1421 3202 1793 3270 maternisque
1842 3200 2000 3254 avelli

426 3298 703 3361 manibus,
738 3298 931 3350 addam
959 3310 1088 3350 vero
1122 3305 1176 3349 et
1230 3294 1400 3358 meis;
1444 3292 1641 3346 nedum
1693 3292 1760 3344 ab
1790 3291 2001 3361 impen-

426 3388 556 3443 siori
587 3387 677 3441 illo
693 3386 910 3454 aﬂ'ectu,
942 3387 1034 3440 sed
1060 3395 1114 3440 et
1136 3386 1281 3455 quod
1316 3400 1382 3439 ex
1430 3383 1695 3438 anteactis
1731 3383 1839 3451 jam
1880 3399 2002 3452 pro-

427 3481 635 3541 basset,
665 3492 825 3547 quam
851 3477 1246 3546 possetjuvare
1288 3472 1629 3544 gravissimis
1661 3474 1998 3543 temporibus

429 3588 491 3624 ac
523 3571 686 3625 rebus
714 3586 743 3623 a
782 3571 985 3639 quibus
1025 3569 1256 3623 necdum
1280 3565 1519 3636 perfecte
1575 3580 1997 3620 enterscrzunus.

327 3675 335 3682 '
426 3663 567 3727 Quia
598 3674 777 3715 tamen
812 3677 989 3731 opera:
1016 3662 1250 3730 pretium
1296 3668 1431 3721 erat,
1466 3667 1522 3711 ut
1552 3658 1821 3712 obtincrct
1857 3658 1998 3727 qunti

426 3765 544 3811 erat
616 3756 819 3824 potius,
879 3753 1118 3807 obtinuit
1180 3767 1423 3823 quoque,
1482 3750 1735 3819 bonoque
1794 3752 1997 3812 mnino,

428 3862 595 3899 unum
637 3845 765 3914 quid
802 3846 1106 3899 membrum
1144 3845 1213 3897 ab
1257 3846 1513 3901 universo
1563 3857 1793 3911 corpore
1832 3843 1996 3896 vcstri

425 3950 589 3990 causa
607 3936 875 3999 avulsum,
898 3935 1053 3989 vobis
1082 3936 1278 3989 illuxit.
1296 3936 1443 3990 Sileo
1460 3952 1543 3992 res
1562 3937 1765 3991 interea
1790 3946 1993 4004 gestas,

427 4036 486 4083 ιιι
512 4044 576 4082 ne
609 4029 884 4083 narrando
915 4029 1158 4097 prolixus
1182 4028 1405 4085 eﬂiciar.

508 4294 598 4349 Sic
620 4311 748 4363 ergo
773 4298 886 4357 ille,
932 4295 1100 4363 patris
1124 4295 1326 4363 pariter
1364 4294 1664 4362 matrisque
1693 4308 1759 4365 ac
1780 4294 1997 4347 univer-

425 4406 610 4445 sorum
645 4388 893 4456 precibus
916 4387 1120 4454 Optime
1173 4386 1500 4451 instructus,
1542 4386 1993 4453 prwtnittebatur,

2084 3203 2157 3257 .δέ
2186 3207 2249 3273 τῇ
2277 3205 2373 3273 τῆς
2417 3207 2645 3274 μητρὸς,
2679 3206 2873 3277 γνώμῃ
2900 3209 2955 3261 δέ
2988 3211 3084 3263 καὶ
3115 3211 3383 3281 ἡμετέρᾳ,
3427 3206 3562 3281 ἦκεν
3593 3215 3673 3275 si;

2101 3294 2245 3363 ὑμᾶς
2275 3298 2302 3348 ὁ
2354 3296 2723 3365 ποθούμενος·
2762 3302 2939 3351 καίτοι
2985 3301 3048 3352 ού
3097 3302 3298 3372 ῥᾳδίως
3350 3303 3671 3357 ἀπέσπαστο

2098 3384 2207 3438 τῶν
2234 3387 2433 3456 χειρῶν
2464 3388 2751 3458 πατρικῶν
2782 3406 2841 3441 τε
2881 3393 2976 3443 καὶ
3022 3392 3327 3464 μητρικῶν,
3374 3399 3668 3463 προσθήσω

2098 3478 2152 3530 δὲ
2181 3479 2261 3531 ὅτι
2295 3479 2387 3530 καὶ
2418 3480 2527 3531 τῶν
2568 3481 2717 3549 ἐμῶν
2745 3496 2760 3511 ·
2794 3471 2853 3533 ού
2890 3482 2977 3534 διὰ
3004 3482 3064 3535 τὸ
3112 3484 3332 3550 φίλτρον
3367 3488 3524 3552 μόνον
3553 3487 3670 3555 ﬁl!-

2101 3587 2193 3622 κον
2221 3570 2299 3631 ὃν,
2333 3569 2467 3624 ἀλλὰ
2517 3574 2606 3623 καὶ
2639 3572 2728 3624 διὰ
2758 3572 2817 3625 τὸ
2848 3574 3024 3637 δεῖξαι
3075 3577 3188 3636 τοῖς
3224 3576 3520 3643 φθάσασιν,
3555 3573 3671 3639 οἷος

2098 3656 2165 3731 ἦν
2219 3663 2423 3725 ἐκεῖνος
2477 3661 2697 3730 βοηθεῖν
2753 3664 2809 3715 ἐν
2867 3665 3274 3733 χαλεπωτάτοις
3314 3670 3526 3735 καιροῖς
3579 3671 3675 3721 καὶ

2101 3754 2445 3821 πράγμασιν,
2499 3747 2574 3806 ὧν
2611 3752 2764 3808 οὔπω
2809 3755 3010 3818 τελέως
3061 3751 3204 3826 ἦμεν
3240 3758 3672 3827 ἀπηλλαγμένοι.

2113 3844 2252 3899 Ἀλλ’
2283 3845 2403 3896 ἐπεὶ
2443 3843 2506 3896 τδ
2546 3848 2794 3915 κρεῖττον
2824 3845 2933 3897 ἔδει
2960 3851 3206 3917 νικῆσαι,
3246 3850 3347 3918 ἤδη
3380 3850 3473 3900 καὶ
3520 3851 3665 3901 vavi-

2099 3952 2271 4006 κηκεο
2319 3936 2410 3986 καὶ
2448 3934 2765 4003 ἐπέλαμψεν
2813 3936 2943 4004 ὑμῖν
2973 3937 3150 4006 ἀγαθῇ
3186 3938 3325 4009 τύχῃ
3358 3939 3448 4007 βία
3483 3956 3534 3990 τι
3572 3941 3673 4007 μὲ-

2099 4029 2189 4090 λος
2221 4026 2453 4097 ἐκραγὲν
2500 4025 2593 4077 τοῦ
2630 4025 2859 4079 καθόλου
2891 4027 3139 4095 σώματος
3184 4030 3335 4099 ὑμῶν
3378 4030 3559 4084 ἕνεκα.
3596 4033 3677 4084 Τὰ

2099 4119 2157 4171 δὲ
2188 4117 2393 4188 μεταξὺ
2436 4118 2646 4184 σιωπῶ,
2676 4119 2736 4170 τὸ
2759 4120 2867 4182 τοῖς
2892 4119 3199 4190 διηγήμασι
3232 4122 3675 4181 συνεκτείνεσθαι
3760 4118 3763 4119 ⁷

2102 4228 2341 4280 φεσγων.

2172 4303 2381 4367 Οὕτως,
2419 4306 2608 4375 εὐχαῖς
2636 4309 2755 4369 ταῖς
2805 4306 2898 4361 τοῦ
2934 4307 3161 4375 πατρὸς,
3211 4306 3399 4377 ὥσπερ
3446 4308 3537 4361 οὖν
3580 4312 3676 4363 καὶ

2102 4400 2199 4467 τῆς
2237 4400 2465 4468 μητρὸς.
2496 4400 2593 4453 καὶ
2622 4404 2739 4463 ταῖς
2770 4401 2878 4455 τῶν
2910 4401 3187 4466 ἁπάντων,
3222 4403 3420 4470 ἄριστα
3453 4402 3546 4454 καὶ
3575 4420 3678 4453 πε-

426 4479 629 4549 quibus
657 4476 821 4531 etiam
899 4474 1164 4529 educatus
1205 4482 1371 4539 esset,
1422 4490 1484 4528 ac
1536 4476 1892 4544 promovisset
1929 4477 1994 4529 ad

2113 4445 2197 4467 -.η
2237 4445 2465 4468 ,μη-ΓΠ
2497 4445 2593 4453 --η
2631 4445 2739 4463 η..
2780 4445 2874 4455 ..η
2911 4445 3187 4466 eum-..“
3223 4445 3255 4455 ..
3299 4445 3420 4453 .-...
3454 4445 3546 4454 .._.
3580 4445 3642 4453 .--

2104 4490 2421 4558 φραγμένος
2452 4491 2549 4542 καὶ
2595 4489 2963 4557 ὡπλισμένος,
2998 4445 3405 4560 προεπέμπετο,
3450 4486 3536 4553 αἷς
3583 4495 3678 4546 καὶ

427 4570 712 4624 tuclioraa
784 4567 986 4620 teneris
1054 4566 1184 4634 ipsis
1250 4566 1541 4634 unguibus,
1596 4567 1770 4621 donec
1794 4567 1860 4621 ad
1908 4583 1999 4623 vos

426 4660 631 4713 missus
665 4667 763 4713 est.
800 4656 869 4710 lis
894 4657 1148 4726 precibus
1183 4657 1570 4723 deducebatur,
1601 4673 1723 4712 cum
1756 4675 1785 4713 a
1824 4660 1997 4729 patria

425 4750 684 4805 ditnissus
749 4748 927 4802 navim
985 4749 1425 4803 conscendisset:
1486 4749 1551 4802 iis
1611 4751 1994 4820 adnavigabat,

426 4841 735 4911 lugentibus
775 4839 1020 4908 cognatis
1058 4854 1122 4894 ac
1193 4838 1635 4906 deducentibus;
1668 4841 1841 4911 iisque
1891 4844 1995 4897 sibi

428 4942 623 5003 praesto
648 4932 762 4986 fore
811 4932 1068 5000 sperabat
1114 4930 1360 4985 divinum
1422 4948 1646 4987 numen.
1695 4932 1840 4987 Nihil
1880 4935 2000 4990 sine

427 5025 535 5079 illis
578 5034 673 5078 aet
705 5023 997 5092 cogitabat,
1040 5030 1134 5076 aut
1166 5023 1390 5076 omnino
1421 5025 1653 5093 agebat;
1697 5040 1801 5093 qua
1835 5026 1997 5079 etiam

425 5118 491 5170 de
538 5129 704 5169 causa
743 5112 1069 5169 conﬁciebat
1096 5113 1303 5179 omnia,
1336 5128 1459 5167 cum
1494 5113 1727 5167 diﬂicilia
1772 5130 2001 5185 qumque

424 5221 491 5262 ac
544 5206 819 5261 tremenda
856 5205 911 5259 in
939 5204 1273 5261 contrarium
1307 5204 1357 5258 ei
1389 5205 1661 5258 cederent.

498 5396 637 5462 Quid
676 5410 803 5451 vero
848 5411 983 5463 opus
1039 5396 1251 5466 singula
1313 5395 1594 5465 prosequi,
1654 5411 1992 5465 qumcunque

426 5490 782 5557 I‘cleponucsi
831 5492 1014 5551 urbes,
1066 5491 1150 5545 vel
1194 5506 1222 5544 a
1275 5490 1467 5544 vicinis
1535 5488 1765 5550 Latinis,
1833 5491 1910 5541 vel
1965 5505 1994 5544 a

428 5578 638 5639 Turcis.
719 5579 858 5631 mala
926 5582 1293 5645 sustinerent,
1355 5597 1477 5635 cum
1541 5582 1596 5643 ii,
1631 5595 1735 5649 qua
1784 5594 1812 5632 a
1862 5594 1989 5631 con-

500 5755 543 5786 ⁸³
576 5754 717 5810 I’sal.
749 5770 856 5819 ut,
892 5754 973 5807 Η.

2101 4582 2450 4652 ἀνετρέφετο,
2491 4584 2584 4635 καὶ
2616 4584 2751 4652 πρὸς
2786 4584 2854 4635 τά
2889 4582 3082 4653 βελτίω
3116 4582 3427 4652 προύχώρει
3460 4582 3518 4647 ἐξ
3551 4586 3677 4637 ὀνύ-

2101 4690 2213 4740 χων
2235 4671 2461 4725 ἁπαλῶν
2494 4672 2621 4742 ἄχρι
2650 4674 2742 4724 καὶ
2768 4671 2864 4725 τοῦ
2908 4673 3031 4742 μεθ’
3064 4674 3219 4741 ὑμῶν
3242 4669 3407 4726 εἶναι.
3437 4674 3678 4738 Ταύταις

2103 4762 2338 4830 ἀνήγετο
2368 4762 2486 4823 ταῖς
2526 4763 2731 4831 εὐχαῖς,
2760 4763 2917 4829 ἀφεὶς
2948 4764 3009 4815 ἐκ
3040 4762 3138 4830 τῆς
3178 4762 3439 4833 πατρίδος
3465 4764 3545 4826 είς
3578 4768 3675 4816 πέυ

2103 4851 2268 4918 λαγος
2290 4867 2304 4881 ο
2336 4853 2556 4913 ταύταις
2588 4852 2845 4917 ἀπέπλει,
2876 4852 2983 4904 τῶν
3018 4853 3299 4919 συγγενῶν
3330 4852 3679 4923 δακρυόντων

2104 4940 2221 5011 ἅμα
2251 4941 2345 4994 καὶ
2391 4944 2829 5011 προπεμπόντων
2855 4958 2868 4971 ’
2913 4944 3141 5007 ταύταις
3176 4945 3270 4996 καὶ
3312 4946 3409 5012 τὴν
3444 4946 3551 4997 ἀπὸ
3578 4946 3676 4998 τοῦ

2103 5031 2240 5084 Θεοῦ
2269 5032 2586 5102 συμμαχίαν
2620 5032 2817 5102 ἤλπιζε
2849 5034 3093 5103 σχήσειν.
3142 5034 3311 5087 Οὐδὲν
3341 5034 3373 5105 ἦ
3403 5034 3676 5103 ἐλογίζετο

2106 5122 2139 5192 ἢ
2170 5122 2230 5174 τὸ
2260 5119 2523 5191 παράπαν
2558 5124 2850 5192 εἰργάζετο
2886 5125 3092 5178 τούτων
3137 5126 3267 5180 ἀνευ
3293 5142 3310 5160 ·
3338 5126 3419 5179 διὸ
3451 5145 3543 5181 και
3570 5128 3681 5181 πρὶν

2110 5216 2261 5282 ἧνυε,
2293 5215 2401 5268 τῶν
2452 5231 2510 5267 τε
2542 5214 2820 5268 δυσκόλων
2864 5216 2958 5268 καὶ
3007 5218 3259 5287 φοϐερῶν
3286 5217 3478 5290 ὥσπερ
3513 5219 3679 5273 αύτοο

2116 5306 2299 5374 μάτων
2329 5307 2409 5367 είς
2435 5304 2746 5358 τούναντίον
2783 5308 3296 5376 μετενηνεγμένων.

2176 5396 2357 5448 Πάντα
2401 5395 2499 5463 μὲν
2537 5392 2630 5447 οὖν
2659 5398 2751 5448 καὶ
2791 5396 2999 5449 ἕκαστα
3044 5398 3300 5467 φράζειν,
3336 5399 3438 5453 ὅσα
3481 5416 3541 5452 τε
3570 5401 3676 5453 ὑπὸ

2103 5487 2209 5538 τῶν
2237 5487 2624 5551 γειτονούντων
2658 5484 2907 5538 Λατίνων
2940 5488 2992 5538 αἱ
3035 5489 3286 5541 ἐνταυθοῖ
3326 5489 3533 5550 πόλεις,
3574 5489 3677 5541 ὅσα

2098 5593 2154 5628 τε
2184 5576 2288 5629 ὑπὸ
2312 5575 2419 5629 τῶν
2448 5575 2707 5646 Τούρκων
2740 5578 3032 5645 ὑφίσταντο
3071 5580 3235 5642 κακὰ,
3269 5580 3534 5631 ἐπιόντων
3568 5577 3671 5647 μὲν
