4024 6210
440 348 544 414 269

1222 353 1619 416 THEODORI
1656 350 2017 420 DESPOT/F.
2061 344 2448 423 LAUDATIO
2485 363 2896 427 FUNEBRIS.

3579 373 3688 437 210

443 466 629 524 ῖπποις
654 448 722 517 ἐκ
744 463 842 532 τῆς
867 462 1117 534 ⁴ίγιτείρου,
1144 467 1408 521 ἐπιόντων
1429 469 1486 522 δὲ
1509 472 1665 522 ναυσὶ
1692 471 2003 543 λῃστρικαῖς

2123 473 2344 540 tinenti,
2377 475 2534 544 equis
2560 476 2898 541 invaderent,
2923 467 3040 548 'qua
3071 494 3100 532 a
3144 478 3274 531 mari
3302 480 3537 546 piraticis
3567 493 3682 537 ten-

444 555 551 608 ἀπὸ
575 553 668 607 τοῦ
698 553 1005 621 πελάγους·
1055 556 1150 609 καὶ
1177 556 1321 611 τίσιν
1352 560 1383 624 ή
1432 558 1528 611 τοῦ
1561 561 1805 625 Πέλοπος
1847 580 2009 616 κατε-

441 647 659 716 τρίϐετο
691 647 918 717 τρόποις
941 663 956 678 ⁸
987 647 1083 702 τοῦ
1140 650 1240 719 μὲν
1277 652 1374 719 τῆς
1405 655 1612 722 μητρὸς
1647 655 1808 722 ἡμῶν
1853 655 2009 708 ἁδελ-

444 737 568 807 φοῧ,
602 736 826 806 ἀρίστου
857 739 959 806 μεν
985 738 1140 800 δντος
1181 743 1281 808 τήν
1314 743 1499 809 φύσιν,
1533 742 1716 806 καλῶς
1737 743 1792 796 δι
1820 743 2008 813 ἄρχειν

439 829 642 890 είδότος
661 866 678 891 ,
713 827 810 880 τοῦ
835 831 930 882 καὶ
953 831 1189 900 ταυτησὶ
1219 832 1318 901 τῆς
1341 832 1438 885 τοῦ
1468 834 1708 898 Πέλοπος
1727 834 2008 905 ἄρχοντος,

441 922 538 991 ἤδη
571 922 663 974 τὸν
698 919 814 989 βίον
857 920 1236 986 ἀπολιπόντος,
1271 924 1372 976 οὐκ
1419 925 1511 978 ἐπὶ
1541 926 1691 978 παιδί
1729 944 1838 978 τινι
1861 965 1877 988 ,
1914 925 2006 980 τοῦ

437 1012 490 1064 δὲ
525 1011 756 1078 ἀδελφοῦ
808 1011 1018 1064 ἐκείνου
1051 1016 1151 1078 τὴν
1191 1014 1367 1083 ἀρχὴν
1407 1015 1816 1084 διαδεξαμένου,
1855 1018 2010 1081 ὄντος

440 1104 540 1165 μὲν
570 1104 715 1156 πάνυ
769 1103 1030 1173 χρηστοῦ,
1080 1106 1175 1158 καὶ
1211 1105 1274 1158 τὸ
1305 1106 1494 1176 σχῆμα
1539 1109 1862 1180 ὑπερτέρου,
1911 1112 2008 1164 καὶ

434 1196 526 1247 τὸν
556 1199 750 1266 χρόνον
776 1197 1125 1267 γεραιτέρου,
1162 1199 1270 1251 ὑπὸ
1311 1199 1368 1252 δὲ
1409 1201 1600 1265 παιδὸς
1639 1201 1896 1271 θρασέος,
1925 1204 2008 1256 δεῖ

436 1290 545 1357 γὰρ
572 1288 808 1358 τάληθὲς
857 1291 1057 1354 είπεῖν,
1089 1290 1441 1359 κωλυομένου
1491 1296 1666 1346 ποιεῖν
1696 1293 1765 1346 τὰ
1799 1294 2005 1361 δέοντα,

436 1381 526 1432 καὶ
556 1378 646 1432 διὰ
675 1379 836 1434 τοῦτο
866 1381 1084 1434 πάντων
1108 1382 1246 1451 ὁμοῦ
1286 1381 1683 1454 φθειρομένων,
1715 1386 2004 1452 αὐλητοῦ,

436 1472 624 1539 φασὶν,
658 1472 978 1540 Ἀραείουο
1009 1475 1061 1526 τί
1098 1473 1155 1526 δὲ
1187 1474 1270 1528 δεῖ
1303 1476 1395 1528 καὶ
1437 1476 1747 1540 ἀναξαίνειν
1782 1478 1910 1546 ὑμῖν
1939 1477 2008 1530 τὰ

431 1565 749 1632 τραύματα,
798 1563 990 1634 ῶσπερ
1019 1565 1170 1632 ὄνυξι
1215 1569 1533 1637 χρωμένους
1580 1572 1696 1632 τοῖς
1729 1570 2007 1639 διηγήμασ

433 1673 517 1709 σιν
543 1673 559 1720 ;
585 1655 801 1720 Ἀλλως
829 1674 891 1710 τε
921 1659 1017 1712 καὶ
1045 1675 1110 1711 πε
1122 1657 1357 1730 ριέργῖος
1377 1660 1444 1713 ἂν
1468 1661 1600 1730 ὑμῖν
1633 1661 1868 1730 λέγοιτο,
1897 1664 2008 1727 τοῖς

432 1748 490 1798 ὲν
527 1747 698 1817 πείρᾳ
728 1748 839 1799 τῶν
891 1749 1243 1818 πραγμάτων
1280 1752 1553 1817 γεγονόσι,
1593 1753 1688 1806 καὶ
1733 1753 1822 1806 διὰ
1851 1754 2008 1806 τοῦτο

431 1837 608 1890 ταῦτα
650 1840 831 1902 καλῶς
873 1841 1092 1894 εἰδόσιν.
1139 1841 1354 1896 Ἐκεῖνα
1392 1843 1578 1896 τοίνυν
1609 1846 1665 1897 εν
1704 1847 1860 1915 μέρει
1904 1845 2014 1898 κεί-

434 1930 543 1982 σθω
567 1947 580 1960 ·
610 1931 678 1982 τὰ
707 1931 765 1984 δὲ
790 1931 930 2000 μετὰ
974 1931 1072 2002 τὴν
1101 1932 1340 1986 ενταῦθα
1382 1934 1679 2004 ἐπιδημίαν
1714 1935 1808 1988 τοῦ
1864 1936 1995 1989 ἐαυ-

431 2023 527 2074 τὸν
578 2022 714 2090 ἡμῖν
768 2021 1026 2076 ὑπόθεσιν
1075 2023 1169 2077 τοῦ
1221 2025 1492 2094 παρόντος
1528 2022 1759 2095 ἀγῶνὀςι
1803 2044 1996 2098 προτε-

437 2108 676 2171 θεικότος
701 2109 828 2180 έξής
853 2112 922 2165 ἂν
950 2113 1196 2182 είρητέα.

519 2200 754 2265 Ἐκεῖνος
809 2203 913 2273 τῆς
955 2204 1093 2267 νεὼς
1138 2207 1372 2272 ἀποϐὰς,
1401 2209 1498 2263 καὶ
1554 2211 1700 2282 μάλα
1738 2213 1998 2285 ἀσμένως

432 2292 751 2363 ὑποδεχθεὶς
783 2294 887 2347 ὑπὸ
920 2295 1028 2348 τῶν
1059 2296 1338 2359 ἁπάντων,
1367 2301 1427 2354 οὐ
1461 2302 1669 2369 προῖὼν
1699 2305 1999 2374 ἠμαύρωσε

427 2386 518 2436 τὸν
553 2387 636 2447 είς
691 2386 859 2440 αὐτὸν
894 2387 1072 2456 ἔρωτα
1099 2406 1118 2428 ’ν
1143 2390 1303 2444 τοῦτο
1347 2391 1411 2460 δὴ
1463 2395 1523 2446 τὸ
1556 2395 1786 2461 σύνηθες
1844 2394 2000 2468 οἶμαι

426 2475 502 2536 ὡς
537 2474 607 2528 τὰ
641 2475 812 2528 πολλὰ
843 2477 1118 2548 πανταχοῦ
1155 2480 1413 2547 γενέσθαι
1435 2497 1449 2513 ο
1491 2483 1606 2536 ἀλλ’
1644 2481 1714 2556 ἦν
1745 2485 2000 2558 λαμπρύ-

411 2584 534 2617 -νων
565 2565 694 2637 ἀχρι
743 2569 966 2634 παντὸς,
1017 2569 1263 2634 ἅπαντας
1295 2573 1466 2626 ποιῶν
1504 2570 1564 2628 εὖ
1594 2592 1606 2606 ·
1657 2579 1750 2632 καὶ
1800 2579 2000 2644 πάντες

425 2653 568 2725 ἦσαν
597 2659 656 2710 ὲν
688 2659 904 2727 ἑορταῖς
930 2678 944 2693 ·
979 2661 1107 2716 ἄνευ
1137 2662 1323 2732 μέντοι
1352 2663 1462 2717 τῶν
1485 2665 1722 2736 ἐχθρῶν,
1761 2670 1856 2722 καὶ
1889 2672 2001 2723 τῶν

426 2748 729 2823 ἀϐελτηρίᾳ
760 2768 820 2805 τε
853 2754 946 2806 καλ⁸
971 2754 1277 2825 κακοηθείᾳ
1303 2756 1476 2827 πολλῇ
1510 2759 1823 2824 συζώντων,
1861 2763 2002 2816 εκείο

426 2860 532 2896 νων
567 2844 693 2914 μὲν,
724 2845 822 2898 ἅτε
860 2846 1161 2901 δοκούντων
1204 2848 1336 2902 είσω
1377 2852 1620 2922 σαγήνης
1660 2853 1806 2922 ὑμᾶς
1833 2853 2001 2924 ἔχειν,

429 2933 596 3002 μηδὲν
629 2934 739 2988 τῶν
773 2935 924 2991 ἔνδον
956 2937 1135 3009 ἐώσης
1181 2941 1426 3008 φεύγειν,
1476 2939 1602 2996 εἶτα
1634 2945 1736 3013 τῆς
1788 2945 2004 3010 ἐλπίδος

423 3031 874 3101 διαμαρτόντων,
915 3033 1123 3090 τούτων
1177 3035 1235 3089 δὲ
1296 3037 1463 3108 μηδὲν
1519 3039 1829 3113 είδότων,ἧ
1882 3046 2004 3105 ταῖς

425 3120 604 3174 ἄλλων
658 3126 970 3197 συμφοραῖς
1023 3128 1319 3199 έντρυφᾷν,
1371 3129 1541 3186 ὄντων
1583 3133 1679 3186 καὶ
1728 3134 1910 3188 αὐτῶν
1945 3138 2004 3190 ἐν

2113 574 2287 620 tarent
2311 566 2646 628 navibus.ac
2675 579 2806 638 quot
2838 571 3013 625 modis
3039 585 3100 625 ea
3162 573 3436 639 provincia
3474 589 3686 630 vexare-

2111 667 2220 723 tur,
2239 673 2362 713 cum
2391 661 2582 715 matris
2604 661 2824 730 quidem
2862 665 3046 724 frater.
3092 663 3294 731 optima
3346 665 3429 718 vir
3483 666 3682 729 indole,

2109 764 2172 804 ac
2202 750 2516 818 reipublica:
2547 752 2799 819 regendae
2852 755 3021 822 probe
3062 771 3281 823 gnarus,
3316 757 3493 826 quiet
3535 756 3686 811 Pelo~

2113 841 2339 909 ponnesi
2361 843 2736 910 praefecturam
2771 845 3012 913 gerebat,
3066 846 3177 914 jam
3227 847 3365 902 vivis
3423 850 3688 904 excessis-

2108 941 2212 997 sct,
2235 932 2388 987 nullo
2413 935 2606 989 relicto
2632 935 2742 989 lilio
2775 935 3011 999 haerede,
3056 935 3148 989 sed
3183 937 3303 1004 ejus
3322 938 3487 993 fratre
3513 941 3687 1009 impe-

2109 1021 2174 1074 rii
2203 1036 2536 1086 successore,
2596 1023 2713 1076 viro
2731 1023 2947 1092 quidem
2974 1024 3168 1093 probo,
3197 1034 3456 1094 atque,ut
3475 1040 3683 1096 spectes

2109 1124 2416 1178 personam,
2462 1115 2722 1182 praeclaro
2775 1130 2840 1170 ac
2910 1124 3125 1170 senecta
3163 1117 3480 1184 venerabili,
3522 1134 3683 1187 quem

2111 1212 2288 1256 tamen
2315 1205 2584 1258 morosior
2615 1205 2758 1259 (ilius
2787 1205 3099 1274 (dicendum
3135 1207 3279 1261 enim
3312 1209 3455 1277 quod
3481 1224 3568 1263 res
3588 1210 3688 1263 ha-

2109 1291 2218 1359 bet)
2244 1333 2257 1356 ,
2291 1306 2414 1360 quae
2435 1302 2816 1362 essentOperze
2854 1295 3088 1364 pretium
3128 1305 3386 1364 praestare
3427 1299 3687 1367 prohibe-

2111 1387 2220 1442 ret;
2248 1379 2602 1444 quamobrem
2636 1381 2818 1434 omnia
2849 1383 3012 1436 simul
3033 1399 3266 1453 .pessum
3327 1387 3498 1452 ibant,
3533 1389 3687 1444 Ανα-

2109 1470 2214 1535 bio,
2241 1481 2300 1526 ut
2321 1473 2532 1537 dicunt,
2567 1473 2794 1528 tibicine.
2818 1473 2956 1540 Quid
2989 1477 3118 1532 vero
3145 1479 3326 1543 vobis,
3351 1495 3446 1534 ceu
3492 1483 3687 1552 ungui-

2106 1563 2230 1629 bus,
2263 1564 2579 1619 narratione
2637 1567 2858 1620 vulnera
2885 1566 3179 1622 refricem?
3222 1570 3445 1640 Alioqui
3483 1571 3684 1627 frustra

2108 1654 2558 1718 haecnarrentur,
2620 1671 2743 1710 cum
2801 1655 3044 1713 feceritis
3071 1659 3171 1728 ipsi
3225 1676 3410 1716 rerum
3463 1664 3683 1732 pericu-

2112 1747 2252 1810 lum,
2279 1747 2525 1817 adeoque
2555 1749 2722 1817 probe
2750 1749 2961 1805 sciatis.
3015 1750 3138 1806 Sint
3185 1753 3369 1823 itaque
3421 1755 3683 1809 hactenus

2047 1822 2085 1877 Β
2112 1835 2164 1910 in
2199 1846 2350 1904 parte
2391 1843 2566 1903 posita
2594 1853 2609 1891 :
2639 1854 2759 1908 quae
2783 1855 2914 1894 vero
2973 1853 3092 1910 post
3137 1843 3258 1911 ejus
3283 1822 3568 1912 deinceps
3588 1847 3697 1899 ad-‘

2099 1915 2314 1981 ventum
2347 1929 2711 1997 contigerunt,
2749 1929 2863 1985 haec
2902 1935 3278 2002 prosequenda
3321 1949 3512 2005 “opera:
3563 1952 3681 2006 pre-

2099 2018 2232 2074 tium
2265 2021 2583 2080 habeamus.

2177 2199 2278 2257 Ubi
2318 2203 2503 2272 itaque
2528 2204 2650 2257 navi
2694 2203 2930 2260 emissus
2958 2215 3123 2273 esset,
3156 2221 3368 2260 summa
3403 2209 3469 2262 ab
3501 2208 3683 2262 omni-

2101 2293 2203 2348 bus
2227 2294 2412 2348 laatitia
2440 2305 2726 2365 susceptus
2758 2305 2840 2351 est
2868 2315 2882 2363 ;
2943 2312 3044 2352 nec
3075 2313 3199 2352 eum
3237 2298 3290 2352 in
3322 2313 3381 2352 se
3438 2313 3679 2354 amorem

2107 2401 2366 2455 processu
2400 2387 2738 2453 obscuravit,
2798 2388 2942 2456 quod
2982 2390 3303 2460 plerumque
3328 2390 3512 2445 videas
3539 2392 3685 2448 acci-

2103 2480 2263 2534 dere:
2297 2479 2427 2549 quin
2475 2482 2660 2550 potius
2714 2481 3000 2537 universos
3041 2482 3391 2548 demerendo,
3444 2483 3684 2552 copiosis

2103 2585 2319 2639 semper
2340 2572 2648 2640 augmentis
2677 2573 2990 2627 illustravit.
3039 2572 3216 2628 Festis
3246 2587 3442 2628 omnes
3468 2575 3682 2646 gaudlis

2102 2663 2503 2731 epulabantur;
2535 2662 2580 2717 si
2637 2672 2820 2717 tamen
2871 2664 3111 2733 excipias
3169 2664 3376 2725 hostes.
3427 2649 3688 2734 virosque

2105 2754 2271 2807 multa
2307 2755 2526 2809 vesania
2555 2769 2618 2808 ac
2644 2757 2961 2810 morositate
2995 2757 3261 2811 ducentes
3308 2756 3508 2812 vitam:
3542 2772 3682 2827 quo-

2105 2857 2225 2896 rum
2255 2843 2435 2911 primi,
2473 2858 2596 2898 cum
2627 2843 2738 2911 jam
2794 2846 3093 2900 inevitabili
3146 2861 3348 2916 sagena
3393 2850 3685 2904 conclusos

2105 2949 2202 2989 vos
2239 2941 2516 3004 putarent,
2575 2951 2673 3004 spe
2706 2936 2959 3006 deinceps
2993 2939 3419 3004 frustrarentur;
3456 2942 3682 2995 secundi

2103 3042 2254 3093 vero,
2292 3027 2432 3080 haud
2461 3028 2606 3081 aliud
2643 3043 2805 3097 quam
2844 3028 3038 3082 alienis
3079 3029 3482 3084 calamitatibus
3528 3031 3682 3086 dele~

2108 3121 2243 3173 ctari
2279 3128 2520 3185 nossent,
2551 3135 2672 3175 cum
2702 3131 2756 3175 et
2788 3122 2889 3191 ipsi
2918 3123 3140 3192 paribus
3166 3122 3429 3192 implicati
3457 3132 3678 3188 essent;

423 3213 549 3275 ταῖς
576 3215 756 3278 ἴσαις·
788 3216 928 3286 ὅπερ
963 3219 1059 3271 καὶ
1088 3219 1208 3272 λίαν
1243 3222 1536 3289 κακόηθες,
1568 3227 1664 3280 καὶ
1699 3227 1853 3281 οὐδὲν
1897 3223 1995 3301 ἦτ-

2103 3209 2240 3277 quod
2274 3209 2431 3277 plane
2457 3225 2580 3286 cum
2614 3210 2767 3264 valde
2791 3226 3090 3278 morosum,
3122 3221 3233 3266 tum
3306 3212 3531 3282 aequalis
3581 3215 3683 3268 deo

423 3319 520 3355 τον
547 3303 766 3374 εὔηθες.
796 3307 988 3378 Χρεὼν
1029 3310 1140 3382 γὰρ
1169 3310 1230 3366 ὃν
1259 3313 1399 3385 ὑπὲρ
1427 3317 1638 3371 ἑαυτῶν
1679 3320 1927 3390 τρέμειν,
1955 3322 2002 3376 οἱ

423 3396 486 3449 δὲ
511 3399 633 3460 τοὺς
666 3399 867 3468 ἥττους
893 3402 1102 3469 ἤσθιον,
1137 3404 1256 3458 ὅσοι
1290 3405 1421 3470 τοὺς
1469 3407 1696 3474 μείζους
1721 3409 1999 3480 διέφυγον,

425 3490 571 3544 κατά
602 3492 731 3554 τοὺς
787 3493 1213 3567 ἔζωγρημένους
1272 3498 1447 3572 ίχθῦς,
1483 3502 1534 3554 οἱ
1581 3503 1842 3566 πολλάκις
1871 3505 2003 3558 είσω

423 3583 648 3654 κύρτων
682 3589 1136 3659 κατειλημμένοι,
1181 3592 1242 3645 τὸ
1271 3593 1394 3647 κατ’
1422 3595 1646 3659 αὐτοὺς,
1693 3595 1770 3658 ὡς
1802 3597 1999 3660 ἔοικεν,

422 3678 706 3745 ἀγνοοῦσι,
739 3682 839 3734 καὶ
881 3684 1005 3746 τοὺς
1031 3683 1403 3757 βραχυτέρους
1435 3689 1484 3740 ot
1525 3687 1750 3758 μείζους
1795 3680 2002 3742 ἐσθίον-

422 3785 535 3834 τες,
565 3775 663 3824 καὶ
705 3768 865 3835 αὖθις
921 3775 1143 3839 τούτους
1173 3779 1222 3830 οἱ
1254 3779 1454 3846 μᾶλλον
1479 3779 1716 3850 μείζους,
1741 3781 1996 3851 ἕρμαιον,

421 3865 502 3928 ὡς
543 3866 740 3928 εἰπεῖν,
771 3865 1034 3936 ἡγοῦνται
1065 3867 1124 3919 τὸ
1163 3868 1454 3940 θήρατρον,
1487 3869 1560 3932 ὡς
1609 3871 1738 3941 ῥᾷον
1769 3871 1824 3924 έν
1849 3870 1999 3940 αὐτῷ

423 3959 524 4020 τὰς
555 3961 827 4029 γαστέρας
869 3959 1252 4027 ὲμπιπλῶντες
1281 3965 1488 4032 τροφῆς
1525 3963 1671 4033 ἥπερ
1702 3963 1789 4016 ἐπ’
1831 3962 1995 4015 αὑτοῦ

422 4046 721 4115 πελάγους.
754 4046 876 4100 Τῶν
929 4048 1028 4116 μὲν
1082 4047 1175 4101 οὖν
1218 4049 1434 4119 ἐχθρῶν
1463 4051 1723 4105 ἁπάντων
1753 4051 1860 4104 ἀπὸ
1901 4051 1996 4104 τοῦ

421 4136 612 4206 φοϐεῖν
653 4137 745 4190 ἐπὶ
774 4138 836 4190 τὸ
867 4137 1114 4208 φρίττειν
1151 4140 1586 4208 μεταϐαλόντων,
1634 4142 1743 4196 τῶν
1781 4143 1840 4196 δὲ
1899 4158 2001 4195 κα-

420 4234 686 4298 κουργεῖν
732 4229 952 4284 είδότων
1015 4234 1095 4293 είς
1149 4233 1434 4301 χηραμοὺς
1489 4234 1858 4295 καταδύντων.
1901 4235 1996 4287 καὶ

417 4323 533 4374 τῶν
559 4322 784 4389 ἀγαθῶν
825 4322 1195 4390 σκιρτῶντων,
1230 4325 1307 4386 ὡς
1358 4326 1500 4395 μετὰ
1548 4326 1754 4396 πολλῆς
1812 4329 1998 4391 ἀδείας

419 4413 543 4478 ἐξὸν
574 4416 762 4468 ἐκεῖνα
795 4417 993 4482 ποιεῖν,
1041 4416 1108 4469 δι’
1140 4410 1216 4470 ὧν
1243 4417 1310 4470 ἂν
1341 4419 1723 4492 εύπορώτεραι
1752 4421 1996 4490 γένοιντο

421 4505 631 4570 πόλεις,
666 4507 891 4578 εἰρήνης
936 4507 1164 4578 βαθείας
1197 4510 1596 4574 ἀπολαύουσαι,
1626 4514 1659 4582 ἢ
1707 4513 1770 4584 δὴ
1797 4513 1996 4585 ἶκρείτ-
2023 4541 2076 4600 D

419 4612 532 4646 των
556 4595 804 4664 ἀτεχνῶς
841 4598 934 4650 καὶ
961 4597 1223 4669 εὐπορίας
1272 4599 1513 4670 ἀπάσης,
1554 4603 1775 4672 ἀνεψιὸς
1823 4605 1996 4674 αὐτῷ,

418 4681 481 4734 οὗ
539 4685 720 4754 μικρῴ
777 4687 1012 4755 πρόσθεν
1066 4689 1443 4759 ἐμνήσθημεν,
1503 4691 1717 4756 πολλοῖς
1771 4695 1998 4756 ἐπέθετο

420 4776 670 4843 τρόποις,
721 4777 990 4850 Τούρκοις
1018 4782 1115 4834 καὶ
1154 4784 1406 4847 Λατίνοις
1434 4784 1626 4838 ἑαυτὸν
1669 4786 1850 4855 μίξας.
1895 4787 1996 4838 Εὐ-

423 4869 523 4930 θὺς
551 4866 646 4924 οὗν
687 4872 865 4925 πάντα
892 4875 1169 4945 συνέχεεν,
1197 4877 1305 4930 ἀπὸ
1336 4879 1578 4950 γαλήνης
1603 4880 1752 4948 αἰγὶς
1781 4883 1994 4947 φανεὶς.

421 4959 576 5016 οὔπω
615 4964 726 5016 τῶν
781 4967 1123 5036 πραγμάτων
1149 4971 1240 5022 ἐπὶ⁸
1271 4972 1506 5036 κρείττω
1549 4974 1855 5041 παγέντων.
1888 4968 1999 5026 Ἦν

419 5052 480 5104 δὲ
511 5055 633 5116 ταῖς
682 5054 937 5117 ἀπειλαῖς
988 5059 1242 5128 φοϐερὸς,
1299 5062 1392 5114 καὶ
1447 5063 1560 5123 τοῖς
1600 5061 1783 5131 ἔργοις
1843 5061 2042 5116 οὐδὲν·

418 5138 605 5215 ἦττον,
657 5146 754 5199 ᾶτε
789 5147 951 5217 ξένην
1004 5149 1144 5219 ἔχων
1189 5153 1474 5222 στρατιὰν,
1511 5155 1746 5208 καὶτῶν
1797 5157 2000 5228 ἐπιχω-

424 5236 560 5304 ρίων
613 5237 878 5304 πολλοὺς,
939 5241 1034 5295 καὶ
1094 5245 1340 5314 κατέχων
1410 5247 1648 5317 φρούρια
1716 5249 1822 5302 ύπδ
1899 5249 1996 5303 τοῦ

419 5328 630 5397 πατρὸς
697 5329 849 5400 αύτῷ
922 5331 1184 5401 δεδομένα
1212 5351 1228 5367 °
1277 5337 1373 5392 καὶ
1433 5340 1724 5394 συνελόντα
1797 5343 1994 5408 εἰπεῖν,

421 5418 566 5488 πλὴν
627 5419 724 5473 τοῦ
781 5423 934 5494 παρὰ
983 5423 1141 5492 λόγον
1205 5426 1595 5497 θρασύνεσθαι,
1648 5432 1742 5484 καὶ
1795 5432 1997 5496 ἀδίκως

425 5511 609 5580 μάχης
643 5512 912 5582 ὑπάρξαι,
961 5516 1113 5570 τᾶλλ’
1143 5518 1242 5570 ούκ
1275 5519 1474 5590 ἀγενής
1503 5520 1599 5586 ὢν,
1645 5523 1758 5576 οὐδ’
1797 5524 1998 5592 ἀμέτο-

417 5615 514 5670 χος
545 5603 956 5672 μηχανημάτων
985 5606 1080 5661 καὶ
1127 5610 1421 5672 ποικιλίας.
1455 5611 1681 5665 Πάντων
1737 5608 1828 5667 οὗν
1856 5616 1996 5668 ἀπε-

417 5691 733 5758 γνωκότων,
785 5695 881 5747 καὶ
917 5698 1403 5766 συμϐουλευόντων
1440 5701 1594 5773 αύτῷ
1641 5703 1888 5773 φεύγειν,
1919 5703 1996 5767 ὡς

417 5781 482 5834 οὑ
511 5782 820 5840 δοκούντων
852 5785 1080 5843 δυνατὸν
1115 5793 1250 5860 πρὸς
1299 5794 1572 5866 τοσαύτην
1607 5794 1874 5864 σύρροιαν
1903 5797 1996 5850 ἀν-

2105 3301 2325 3355 mentize
2355 3309 2462 3356 est.
2494 3301 2631 3356 Cum
2660 3305 2804 3358 enim
2839 3320 2936 3370 pro
2964 3319 3063 3359 sua
3094 3305 3338 3372 ipsorum
3376 3309 3549 3362 salute
3579 3318 3687 3362 tre-

2106 3409 2256 3450 mere
2283 3395 2628 3464 habuissent,
2661 3397 2696 3451 ii
2747 3399 2929 3468 potius
2955 3398 3316 3453 comedebant
3349 3399 3607 3462 minores,
3638 3401 3682 3455 si

2105 3488 2197 3556 qui
2233 3486 2474 3558 majores
2499 3500 2812 3553 evaserant,
2847 3491 2922 3544 uti
2967 3491 3019 3544 in
3050 3490 3223 3558 captis
3252 3490 3494 3560 piscibus
3521 3491 3680 3547 solet.

2104 3578 2252 3644 Quos
2287 3580 2430 3633 enim
2461 3596 2658 3651 sagena
2682 3583 2900 3637 clausos
2935 3583 3154 3648 habeat,
3194 3585 3335 3636 haud
3361 3599 3514 3637 suam
3545 3584 3683 3638 satis

2112 3670 2348 3726 scientes
2407 3681 2636 3736 sortem,
2703 3674 2934 3743 majores
2992 3674 3092 3744 ipsi
3158 3676 3484 3732 munitiores
3548 3677 3684 3734 alios

2101 3763 2413 3829 comedunt,
2440 3779 2579 3834 quos
2618 3764 2764 3833 ipsos
2812 3781 3004 3821 rursus
3059 3768 3377 3836 grandiores
3432 3769 3522 3823 alii
3571 3771 3684 3825 sint

2102 3858 2438 3915 comesturi:
2483 3858 2739 3928 huncque
2772 3860 3017 3926 modum,
3053 3859 3310 3916 Mercurii
3347 3871 3479 3927 rete,
3511 3873 3571 3916 ut
3604 3863 3684 3917 sic

2101 3945 2315 4009 dicam,
2355 3953 2610 4015 tanquam
2637 3948 2690 4000 in
2731 3962 2821 4010 eo,
2887 3964 3048 4018 quam
3079 3951 3132 4002 in
3177 3951 3312 4004 mari
3373 3952 3683 4019 expeditius

2102 4047 2348 4092 ventrem
2413 4038 2711 4106 impleturi,
2755 4038 3000 4094 trahunt.
3079 4041 3216 4094 Cum
3259 4056 3389 4111 ergo
3437 4042 3681 4096 universi

2103 4128 2286 4183 hostes
2336 4128 2406 4182 ab
2426 4143 2492 4182 eo
2523 4135 2583 4182 ut
2613 4137 2878 4182 terrerent
2931 4130 2985 4182 in
3015 4138 3278 4184 terrorem
3332 4132 3433 4198 ipsi
3459 4147 3684 4200 ageren-

2102 4231 2228 4285 tur,
2265 4221 2621 4288 hominesque
2657 4220 2888 4274 noeendi
2949 4231 3119 4276 artem
3171 4222 3313 4276 docti
3373 4224 3427 4276 in
3459 4223 3680 4276 latibula

2101 4328 2162 4368 se
2191 4312 2586 4378 subducerent,
2615 4311 2772 4366 bonis
2797 4313 3014 4367 Interim
3037 4313 3416 4384 gestientibus,
3447 4317 3588 4384 quod
3618 4331 3679 4372 ca

2101 4406 2358 4476 deinceps
2383 4415 2496 4461 tuto
2519 4405 2809 4460 admodum
2834 4416 3093 4476 praestare
3111 4415 3355 4477 possent,
3399 4422 3463 4462 ex
3483 4407 3681 4477 quibus

2102 4500 2263 4555 urbes
2295 4499 2498 4554 divitiis
2527 4508 2848 4568 augeantur,
2867 4499 3029 4553 altam
3053 4507 3272 4570 agentes
3293 4515 3483 4569 pacem
3514 4541 3529 4566 ,
3558 4517 3680 4571 quae

2102 4601 2156 4648 et
2194 4593 2308 4663 ipsa
2358 4591 2566 4647 divitiis
2593 4591 2852 4646 omnibus
2885 4592 3078 4646 melior
3125 4600 3250 4646 est:
3289 4593 3676 4655 consobrinus,

2102 4687 2254 4754 cujus
2279 4687 2438 4754 paulo
2465 4685 2716 4755 superius
2750 4685 2891 4739 facta
2951 4695 3034 4740 est
3062 4687 3288 4751 mentio,
3313 4685 3512 4741 Turcis
3537 4700 3594 4740 se
3612 4701 3681 4740 ac

2104 4777 2313 4832 Latinis
2343 4779 2601 4841 miscens,
2627 4777 2814 4832 multis
2844 4778 2892 4832 ei
2917 4778 3094 4834 modis
3131 4780 3401 4849 negotium
3435 4778 3677 4833 facessit.

2104 4869 2310 4923 Statim.
2330 4885 2466 4940 ergo
2494 4869 2743 4924 confudit
2765 4871 2967 4930 omnia.
3002 4887 3100 4926 ceu
3132 4871 3296 4924 turbo
3343 4869 3676 4942 aqtranquil—

2103 4961 2257 5016 litate
2287 4974 2595 5029 emergens,
2626 4974 2751 5013 cum
2779 4961 3012 5015 necdum
3057 4975 3145 5015 res
3176 4961 3400 5014 ﬁrmiori
3436 4968 3584 5014 statu
3621 4960 3674 5013 in

2101 5055 2246 5110 bono
2283 5054 2564 5109 haberent.
2596 5051 2726 5108 Erat
2785 5067 2946 5123 porro
3027 5053 3190 5108 minis
3232 5053 3582 5114 tremendus;
3616 5070 3678 5108 ac

2102 5163 2278 5219 neque
2310 5163 2398 5203 res
2427 5147 2492 5202 ad
2525 5156 2786 5201 terrorem
2822 5147 3062 5201 minores
3087 5156 3264 5206 erant,
3301 5154 3447 5216 quod
3475 5159 3672 5200 novum

2103 5243 2330 5298 haberet
2355 5241 2723 5309 conscriptum
2776 5239 3026 5302 militem.
3063 5238 3355 5308 pluresque
3409 5238 3674 5304 indigenti!

2101 5336 2170 5390 ab
2227 5349 2292 5389 eo
2320 5342 2548 5398 starent,
2579 5347 2643 5387 ac
2682 5330 2868 5386 relicta
2904 5346 2933 5384 a
2961 5339 3114 5399 patre
3162 5330 3407 5396 praesidia
3445 5335 3671 5382 teneret.

2101 5428 2278 5494 Atque
2309 5435 2368 5478 ut
2406 5425 2572 5478 verbo
2605 5423 2808 5487 dicam,
2833 5429 3060 5488 excepta
3093 5420 3184 5472 illa
3239 5435 3346 5476 non
3387 5435 3419 5474 ο
3460 5420 3671 5476 ratione

2101 5518 2350 5582 audacia,
2378 5525 2540 5585 atque
2569 5525 2628 5569 ut
2679 5513 2863 5583 injusti
2920 5512 3050 5566 belli
3101 5520 3293 5569 auctor
3339 5524 3504 5580 esset,
3557 5526 3675 5570 erat

2102 5608 2304 5678 alioqui
2329 5622 2435 5662 non
2459 5605 2740 5672 degeneris
2761 5603 2955 5670 animi,
2983 5619 3082 5660 nec
3099 5619 3227 5661 vero
3244 5621 3438 5678 expers
3463 5606 3674 5677 peritire

2098 5701 2307 5757 bellicae
2337 5713 2401 5753 ac
2427 5697 2749 5770 prudentiae.
2790 5695 2926 5752 Cum
2956 5713 3086 5768 ergo
3113 5713 3306 5754 omnes
3334 5701 3389 5756 in
3417 5701 3670 5772 despera-

2103 5795 2304 5850 tionem
2337 5790 2538 5860 adacti,
2603 5791 2780 5863 fugam
2816 5789 3190 5859 consulerent,
3231 5801 3486 5866 tanquam
3521 5793 3674 5848 vidc-
