4024 6210
379 327 480 393 stt
1474 317 1487 327 ’
1535 342 1939 403 MANUELIS
1975 345 2421 405 PALEOLOGI
3505 345 3615 408 212
3666 415 3697 428 ο

358 468 529 528 ,ΐοισιν
566 469 671 510 non
696 467 855 522 posse
909 452 1045 517 ﬁeri,
1079 459 1137 505 ut
1169 460 1331 507 tanta:
1363 452 1439 507 illi
1471 454 1737 510 malorum
1788 458 1948 511 inun-

2057 458 2337 513 Βίστασθαι
2390 459 2595 521 κακῶν,
2626 458 2735 511 ὁδὶ
2788 456 3038 512 τεθνάναι
3091 457 3370 528 πρόθυμος
3414 452 3483 527 ἦν
3512 458 3620 525 πρὸ

310 521 590 608 "rdationi
628 521 769 602 unus
792 545 908 611 ipse
938 542 1262 601 obsisteret:
1292 560 1453 602 secus
1471 547 1581 613 ille,
1600 550 1740 603 mori
1770 565 1954 619 prom—

2057 551 2152 605 τοῦ
2207 552 2434 619 ποιῆσαι
2456 552 2485 606 ὃ
2524 551 2600 620 μὴ
2649 551 2889 621 προσῆκε
2928 550 3007 620 τῷ
3044 567 3105 602 τε
3138 521 3348 603 ’ἐαυτοῦ
3378 521 3617 619 σίήμαντι

392 651 537 706 plus,
563 653 723 707 quam
748 644 805 690 ut
827 635 1188 691 committeret
1210 637 1434 706 aliquid,
1461 638 1605 708 quod
1632 640 1811 695 minus
1835 656 1954 708 per-

2059 645 2154 696 καὶ
2186 644 2264 712 τῷ
2299 643 2418 713 βίῳ,
2466 645 2557 697 καὶ
2586 644 2757 714 ταύτῃ
2787 659 2850 709 γε
2899 642 3217 712 περιφανῶς
3258 640 3619 710 καταισχῦναι

382 742 574 782 sonam
594 739 748 779 suam
782 738 843 775 ac
865 722 1026 776 vitam
1051 723 1542 795 decerctffsicquc,
1560 742 1683 781 cum
1710 736 1954 796 parentes

2057 735 2181 799 τούς
2218 754 2278 789 τε
2307 738 2521 803 γονέας,
2550 737 2645 788 καὶ
2674 737 2780 789 πᾶν
2809 736 2869 788 τὸ
2893 736 3079 803 γένος,
3109 737 3203 786 καὶ
3237 733 3464 803 προσέτι
3494 735 3621 795 τοὺς

384 835 449 873 ac
482 832 651 887 genus
679 816 1018 879 universum,
1062 825 1172 869 tum
1208 824 1469 885 praeterea
1509 816 1628 886 ejus
1660 818 1957 871 admirato-

380 927 470 966 res
497 911 737 977 virtutis,
766 924 1033 979 suamque
1059 909 1173 979 ipse
1197 910 1453 974 indolem,
1479 911 1679 978 probro
1699 911 1955 966 ailiceret.

381 1005 529 1058 Bene
560 1004 743 1072 itaque
764 1003 830 1057 de
863 1002 992 1067 Deo,
1024 1018 1086 1057 ac
1112 1013 1395 1071 parentum
1426 1004 1701 1072 precibus.
1733 1005 1957 1074 suisque

382 1097 517 1149 adeo
548 1095 722 1163 ipsius
758 1095 1022 1157 moribus,
1066 1094 1257 1159 fretus,
1291 1112 1354 1149 ac
1399 1096 1547 1163 quod
1605 1096 1827 1150 invasor
1863 1097 1954 1151 in-

378 1187 527 1256 juste
558 1186 845 1253 imperium
876 1196 1113 1255 pararet.
1148 1186 1297 1255 juste
1346 1204 1405 1242 se
1441 1190 1547 1241 vim
1606 1190 1956 1260 poopulsatu.

384 1292 504 1329 rum
576 1278 832 1345 sperabat
869 1294 884 1331 :
920 1278 1141 1347 reliquis
1212 1280 1357 1333 ettim
1405 1280 1657 1337 omnibus
1717 1283 1955 1339 hostium

383 1368 707 1436 prmstabant
744 1378 944 1438 partes.
1014 1422 1021 1429 ,

452 1460 765 1525 Enimvero,
798 1478 918 1514 cum
938 1477 1003 1516 eo
1026 1478 1110 1517 res
1132 1472 1274 1519 statu
1302 1464 1559 1520 haberem.
1599 1468 1651 1521 in
1680 1470 1954 1534 novacula,

390 1562 451 1604 ut
478 1552 631 1604 aiunt
656 1570 669 1604 :
704 1554 979 1623 negotium
1012 1564 1181 1608 totum
1213 1557 1378 1623 probe
1403 1558 1643 1627 dirigens
1664 1562 1957 1627 sapientia,

386 1659 451 1697 ac
483 1650 627 1712 quod
656 1647 853 1713 cuique
877 1648 1190 1701 conducens
1206 1660 1351 1703 esset
1374 1653 1588 1719 egregie
1609 1652 1955 1721 disnensans,

378 1736 636 1805 juvenem
670 1741 887 1807 quidem
916 1740 983 1793 ab
1018 1739 1271 1799 humanis
1316 1742 1530 1806 tollens,
1568 1743 1803 1798 inhibuit
1831 1760 1955 1812 age-

2058 828 2157 896 τὴν
2187 827 2397 898 ἀρετὴν
2442 828 2844 897 θαυμάζοντας,
2893 829 2986 880 καὶ
3035 826 3200 895 φύσιν
3243 826 3343 894 τὴν
3386 827 3651 909 ἐκείνουἿ

2069 920 2386 974 Ἐπεποίθει
2410 920 2466 971 δέ
2494 919 2636 988 Θεῷ,
2670 919 2766 971 καὶ
2796 918 2916 978 ταῖς
2946 916 3056 969 τῶν
3096 916 3385 983 φυσάντων
3412 917 3620 987 εὐχαῖς,

2055 1014 2148 1065 καὶ
2178 1015 2289 1075 τοῖς
2315 1012 2511 1065 ἑαυτοῦ
2557 1012 2803 1079 τρόποις,
2833 1008 2911 1079 τῷ
2959 1026 3019 1061 τε
3056 1008 3257 1071 ἀδίκως
3306 1007 3401 1060 τοῦ
3438 1009 3622 1061 ἐπιόν-

2056 1118 2149 1164 τος
2180 1101 2280 1171 τὴν
2304 1101 2479 1171 ἀρχὴν
2508 1099 2986 1169 σφετεριζομένου,
3039 1099 3205 1152 αὑτὸν
3226 1098 3449 1162 δικαίως
3477 1098 3622 1167 ἀμύ-

2056 1192 2267 1247 νεσθαι.
2306 1193 2391 1245 Ἐν
2422 1192 2531 1261 γὰρ
2564 1194 2676 1256 τοῖς
2726 1191 2909 1256 ἄλλοις
2942 1191 3145 1247 ἆπασιν
3176 1192 3227 1244 οί
3257 1191 3624 1260 πολεμοῦντες

2055 1284 2472 1338 ἐπλεονέκτουν.

2141 1468 2283 1521 Ἀλλ’
2311 1470 2368 1520 ἐν
2420 1467 2627 1528 τούτοις
2672 1466 2973 1533 ἱσταμένων
3018 1465 3128 1517 τῶν
3172 1463 3515 1533 πραγμάτων
3550 1464 3626 1528 ὡς

2055 1559 2148 1611 ἐπὶ
2192 1558 2377 1626 ξυροῦ,
2429 1560 2615 1625 φασὶν,
2649 1559 2680 1624 ἡ
2712 1556 2894 1616 καλῶς
2927 1554 3179 1607 ἰθύνουσα
3211 1555 3373 1621 σοφία
3415 1554 3533 1607 τόδε
3564 1555 3624 1608 τὸ

2056 1652 2185 1710 πᾶν.
2219 1652 2311 1703 καὶ
2365 1650 2777 1725 πρυτανεύουσα
2827 1648 2887 1699 τὸ
2925 1647 3203 1715 συμφέρον
3251 1647 3489 1714 ἑκάστῳ,
3533 1647 3621 1698 τον

2063 1744 2161 1813 μὲν
2194 1746 2411 1796 νεανίαν
2464 1744 2689 1803 ἐκεῖνον,
2732 1741 2841 1792 τῶν
2889 1741 3014 1809 τῇδε
3064 1739 3475 1807 μεταστήσασα,
3524 1738 3623 1791 οὐκ

385 1844 466 1890 re,
499 1830 643 1897 quod
680 1831 863 1887 animo
915 1833 1271 1886 constitutum
1320 1843 1473 1888 erat:
1520 1834 1720 1888 dixerit
1776 1836 1954 1899 alius,

2061 1835 2212 1887 εἴασε
2249 1836 2509 1903 πράττειν
2538 1836 2604 1885 τὰ
2645 1832 2786 1885 κατὰ
2835 1832 2990 1883 νοῦν·
3026 1830 3183 1892 ἄλλος
3212 1830 3256 1882 δ’
3287 1831 3354 1883 ἂν
3385 1827 3529 1893 εἷπε,
3555 1830 3622 1882 τὰ

386 1920 533 1987 quod
558 1921 605 1973 ei
638 1921 835 1973 malum
868 1931 1034 1985 esset,
1086 1923 1240 1977 vobis
1294 1934 1471 1977 autem
1527 1926 1827 1993 despntam,
1858 1927 1957 1980 Pe-

388 2013 666 2079 loponnesi
709 2014 871 2069 totius
900 2015 1182 2069 dominum
1234 2015 1497 2081 praefecit,
1543 2018 1955 2086 appellationem

386 2106 551 2157 rebus
578 2105 990 2160 confirmantem
1026 2123 1041 2170 ;
1072 2108 1204 2160 nihil
1256 2109 1453 2178 quippe
1477 2110 1701 2164 omnino
1733 2112 1948 2180 agebat,

386 2207 479 2249 aut
513 2197 765 2252 volvebat
792 2198 1000 2263 animo,
1032 2213 1195 2266 quam
1237 2200 1381 2267 quod
1411 2200 1652 2256 modeste
1701 2218 1764 2257 ac
1786 2218 1817 2257 e
1848 2204 1957 2257 vir-

389 2298 504 2342 tute
561 2289 951 2356 rempublicam
977 2301 1250 2359 gerentem
1275 2292 1528 2347 deceret:
1558 2309 1676 2362 quae
1694 2310 1781 2349 res
1812 2294 1955 2351 fama

386 2380 597 2441 volans,
650 2394 745 2434 eos
777 2395 996 2449 quoque
1041 2383 1105 2434 ad
1160 2383 1514 2437 sobrietatem
1548 2387 1829 2453 compulit,
1860 2389 1954 2456 qui

390 2490 503 2527 rem
535 2474 656 2540 ejus
698 2474 829 2526 nihil
860 2476 1089 2528 scirent:
1130 2476 1410 2545 plurisque
1439 2477 1715 2534 faciebant
1741 2495 1953 2547 omnes,

389 2570 449 2612 nt
480 2561 622 2629 quod
658 2562 750 2615 ille
780 2572 991 2630 gratum
1028 2563 1267 2628 haberet,
1303 2576 1624 2635 praestarent
1653 2609 1668 2635 ,
1704 2570 1955 2642 idemque

386 2652 532 2706 dictu
565 2654 653 2717 sit,
682 2655 826 2722 quod
851 2653 961 2708 Deo
994 2666 1205 2723 gratum
1233 2667 1394 2712 esset.

460 2745 622 2798 Fama
657 2746 821 2813 igitur
848 2747 1049 2815 ubique
1106 2762 1451 2819 pervagante,
1511 2762 1566 2806 ut
1594 2753 1677 2805 vir
1732 2751 1951 2821 quidam

386 2837 727 2891 admirabilis
779 2840 890 2893 haec
951 2856 1016 2894 ac
1047 2840 1134 2893 illa
1168 2841 1307 2894 bona
1348 2844 1615 2899 universis
1646 2856 1951 2914 praaslaret,

386 2944 494 2983 non
526 2944 775 2997 quaerens
805 2932 949 2999 quod
1001 2948 1158 2985 suum
1191 2944 1355 2998 esset,
1393 2934 1484 2990 sed
1516 2936 1660 3003 quod
1688 2938 1951 2995 aliorum:

387 3034 493 3070 ιιίιιι
529 3019 670 3071 οιιίιιι
698 3019 865 3073 latent
894 3035 1233 3074 SllllllllOl'Ulll
1268 3038 1356 3077 res
1386 3039 1402 3078 ἒ
1433 3024 1498 3077 ad
1531 3040 1654 3079 eum
1712 3027 1950 3081 COllﬂllC-

388 3112 539 3173 haut,
574 3126 694 3163 cum
731 3112 939 3174 vicime,
968 3124 1079 3165 tum
1113 3112 1327 3183 longius
1355 3115 1544 3182 posita:
1574 3128 1782 3183 gentes.
1815 3120 1945 3171 Nam
1979 3151 2019 3205 ο

387 3200 557 3253 \irttts
586 3215 673 3255 res
728 3212 810 3256 est
837 3202 1168 3258 desiderium
1219 3204 1446 3267 habens,
1486 3205 1755 3272 bonisque
1786 3218 1953 3262 attra-

386 3293 579 3348 hendis
641 3295 830 3362 majori
865 3310 1027 3363 supra
1059 3304 1362 3364 magnetem
1411 3296 1729 3353 eﬁicacitate
1767 3302 1950 3368 pollet.

386 3384 519 3435 (Tum
543 3399 671 3452 ergo
692 3385 999 3450 continens,
1023 3396 1133 3440 tum
1165 3402 1314 3440 mare
1348 3386 1682 3443 conﬂuentes
1709 3388 1955 3445 ferebant

386 3476 615 3546 populos
642 3496 655 3543 ;
682 3488 906 3548 eratque
953 3480 1111 3535 dulce
1140 3482 1268 3550 quid
1291 3481 1357 3535 ad
1383 3484 1779 3551 spectaculum,
1810 3489 1954 3555 quod

385 3584 481 3636 per
517 3570 644 3625 illud
682 3583 893 3641 tempus
929 3573 1110 3629 ﬁebat.
1153 3572 1391 3629 Desertae
1412 3574 1614 3642 pridem
1677 3576 1837 3632 urbes
1890 3593 1955 3633 ac

384 3661 500 3716 loca
561 3679 727 3718 novos
777 3665 999 3719 colonos
1070 3665 1363 3730 habebant,
1416 3667 1695 3736 saltusque
1770 3680 1953 3726 aratro

278 3820 281 3827 ί
383 3752 791 3819 scindebantur,
813 3770 877 3810 ac
929 3764 1036 3811 tota
1095 3756 1456 3811 mundabatur
1524 3759 1708 3828 regio:
1757 3760 1849 3815 sed
1900 3771 1956 3815 et

390 3845 558 3897 multa
589 3845 704 3900 loca
731 3861 943 3915 aspera,
974 3846 1137 3901 nullis
1169 3847 1295 3901 olim
1329 3844 1686 3917 praeterquam
1730 3850 1956 3906 latroni-

384 3939 486 3993 bus
515 3942 819 4009 commoda,
859 3942 1063 4002 leniora
1098 3942 1307 4009 eﬁ‘ema,
1329 3959 1392 3999 ac
1427 3944 1723 4013 peritorum
1790 3961 1958 4001 aran-

385 4031 439 4085 di
466 4032 720 4107 manibus
749 4035 1013 4100 cicurata,
1068 4035 1357 4091 mandatas
1388 4036 1635 4102 arbores,
1684 4052 1748 4093 ac
1777 4040 1956 4096 omnis

385 4126 597 4193 generis
625 4128 829 4182 semina
868 4129 1219 4198 recipiebant.
1255 4127 1359 4184 Sed
1387 4138 1444 4183 et
1481 4131 1784 4200 Illyriorum
1812 4133 1954 4187 dena

384 4221 606 4274 circiter
664 4222 854 4285 millia,
918 4231 1126 4275 mutato
1186 4221 1472 4276 confertim
1532 4225 1669 4283 solo.
1702 4223 1954 4279 adductis

388 4312 510 4363 Iiliis
544 4326 606 4365 ac
633 4313 914 4373 uxoribus,
957 4313 1393 4381 substantiisque
1444 4329 1507 4368 ac
1544 4330 1760 4382 pecore,
1820 4318 1955 4370 Isth-

386 4418 532 4455 mum
564 4402 869 4468 petierunt;
900 4399 1128 4469 ﬁxisque
1160 4402 1269 4455 illic
1304 4404 1696 4468 tabernaculis,
1717 4420 1778 4459 ac
1810 4416 1953 4459 stra-

2060 1926 2186 1978 καθ’
2224 1925 2420 1977 ἑαυτοῦ
2444 1942 2456 1954 ·
2489 1925 2579 1978 τὸν
2602 1924 2658 1977 δὲ
2690 1924 2959 1989 δεσπότην
2992 1924 3118 1992 ὑμῖν
3143 1922 3412 1989 δεσπότην
3442 1925 3622 1991 πάσης

2058 2016 2245 2081 ἔδειξει
2283 2018 2379 2085 τῆς
2428 2017 2862 2083 Πελοποννήσου,
2925 2014 3106 2082 ἔργοις
3157 2014 3479 2082 βεϐαιοῦντα
3524 2016 3623 2084 τὴν

2059 2109 2271 2180 κλῆσιν.
2309 2108 2474 2161 Οὺδέν
2513 2111 2622 2176 γὰρ
2675 2108 2809 2168 ὅλως
2842 2107 3098 2173 πράττων
3133 2102 3201 2177 ἦν
3246 2106 3624 2178 ἢδιανοούμε-

2058 2216 2117 2252 νο
2130 2218 2169 2265 ς,
2205 2199 2233 2252 ὃ
2267 2198 2340 2269 μὴ
2377 2200 2655 2267 προσῆκεν
2698 2198 2954 2258 ἐπιεικῶς
2986 2198 3229 2267 ἄρχοντι.
3258 2197 3429 2251 Τοῦτο
3453 2197 3509 2251 δέ
3529 2197 3625 2266 δῆ-

2057 2290 2148 2344 λον
2205 2291 2449 2359 γεγονὸς,
2503 2292 2803 2359 σωφρονεῖν
2858 2289 3135 2357 ἠνάγκαζε
3192 2290 3288 2343 καὶ
3344 2290 3471 2352 τοῦς
3524 2291 3625 2342 οὐκ

2057 2384 2266 2445 εἰδότας
2285 2399 2299 2415 ο
2335 2386 2427 2437 καὶ
2464 2382 2660 2436 πολλοῦ
2687 2382 2755 2436 ἂν
2788 2386 2991 2446 πάντες
3033 2381 3332 2451 ἠλλάξαντο
3361 2383 3423 2435 τὸ
3448 2384 3626 2436 ποιεῖν

2055 2477 2117 2530 τὸ
2147 2478 2316 2548 τούτῳ
2345 2477 2739 2547 κεχαρισμένον
2762 2515 2778 2542 ,
2807 2474 2973 2529 ταυτὸ
3003 2475 3050 2530 δ’
3082 2476 3259 2529 εἰπεῖν
3285 2476 3379 2529 καὶ
3408 2474 3548 2545 Θεῷ.

2128 2742 2550 2812 Διαδραμούσης
2593 2742 2687 2795 οὖν
2737 2742 3045 2811 πανταχόσε
3088 2740 3188 2811 τῆς
3234 2742 3446 2813 φήμης,
3481 2739 3556 2802 ὡς
3594 2742 3625 2795 δ

2058 2837 2209 2890 δεῖνα
2236 2835 2551 2904 θαυμαστὸς
2583 2834 2652 2888 τά
2685 2836 2777 2887 καὶ
2805 2835 2869 2886 τὰ
2893 2834 3187 2903 εἰργάσατο
3222 2835 3389 2887 πᾶσιν
3415 2832 3618 2900 ἀγαθὰ,

2055 2930 2115 2981 οὐ
2152 2928 2331 2998 ζητῶν
2378 2929 2437 2980 τὸ
2469 2928 2685 2990 ἑαυτοῦ,
2724 2928 2862 2981 ἀλλὰ
2903 2928 2963 2980 τὸ
2992 2927 3102 2980 τῶν
3149 2926 3376 2995 ἐτέρων·
3404 2927 3477 2979 τὰ
3514 2928 3622 2995 γὰρ

2058 3019 2165 3072 τῶν
2197 3021 2470 3089 μεγίστων
2496 3022 2555 3073 οὐ
2600 3020 2926 3091 κρύπτεταισ
2959 3021 3252 3092 συνέρρεον
3282 3020 3408 3088 ἐονη
3453 3019 3624 3073 πολλὰ

2055 3111 2128 3169 do;
2161 3112 2324 3165 αὐτὸν
2350 3112 2458 3165 τῶν
2495 3130 2554 3165 τε
2581 3114 2863 3183 ἐγγυτέρω
2896 3114 2987 3166 καὶ
3044 3113 3481 3189 πορρωτάτωβμ
3514 3114 3622 3180 γὰρ

2057 3202 2227 3273 ἁρετὴ
2280 3204 2550 3269 ποθεινὸν,
2605 3205 2700 3257 καὶ
2758 3205 3089 3273 παρελαύνει
3141 3210 3396 3274 μαγνῖτιν
3450 3206 3620 3269 λίθον,

2057 3294 2399 3363 ἐφελκομένη
2427 3295 2553 3358 τοὺς
2582 3295 2843 3363 ἀγαθούς.
2895 3294 3149 3365 Ἑκόμιξε
3178 3296 3240 3365 δὴ
3271 3299 3365 3350 καὶ
3396 3299 3624 3367 ἤπειρος

2056 3385 2151 3437 καὶ
2201 3383 2447 3438 θάλασσα
2494 3388 2620 3445 τοὺς
2676 3386 3119 3455 ἐπιδημοῦντας·
3176 3388 3269 3440 καὶ
3317 3383 3385 3457 ἦν
3434 3388 3534 3457 ἡδύ
3567 3404 3622 3439 τι

2058 3476 2356 3530 θεάσασθαι
2431 3479 2489 3530 τ³›
2546 3480 2665 3531 κατ’
2722 3482 2899 3532 ἐκεῖνο
2952 3478 3153 3550 καιροῦ
3220 3476 3620 3550 οἷραττόμενον.

2061 3568 2262 3637 ᾯκουν
2291 3570 2339 3621 οἰ
2381 3569 2631 3636 νεήλυδες
2675 3570 2773 3632 τὰς
2810 3571 3121 3640 ἀοικήτους,
3163 3571 3260 3625 καὶ
3294 3571 3432 3641 ἄλση
3462 3587 3625 3624 κατε-

2056 3662 2305 3731 τέμνετο,
2332 3664 2426 3715 καὶ
2455 3663 2775 3731 ἐκαθαίρετο
2801 3664 2976 3734 χῶρος
3002 3664 3148 3727 ἄπας
3173 3681 3188 3696 ο
3226 3664 3397 3719 πολλά
3427 3682 3484 3717 τε
3525 3667 3624 3717 αὑ-

2057 3754 2167 3807 τῶν
2194 3754 2485 3823 ἀνημέρων
2526 3758 2765 3825 χωρίων,
2801 3756 2943 3826 άπερ
2984 3756 3199 3809 οὐδέσιν
3237 3756 3451 3826 ὑπῆρχε
3492 3759 3626 3825 χρή-

2060 3862 2197 3915 σιμα
2236 3846 2376 3915 πλὴν
2413 3846 2656 3916 λῃσταῖς,
2695 3848 2992 3918 ἡμεροῦτο,
3024 3850 3119 3903 καὶ
3167 3848 3384 3918 ἐδέχετο
3430 3850 3620 3915 φυτὶν,

2059 3941 2152 3992 καὶ
2206 3939 2549 3992 παντοδαπὸν
2595 3940 2844 4009 σπέρμα,
2896 3942 3111 3994 εἴκοντα
3165 3943 3320 4010 χερσὶ
3367 3941 3623 4007 γηπόνων

2058 4031 2225 4101 ἀροῦν
2267 4032 2506 4087 εἰδότων.
2555 4031 2713 4086 Ἀλλά
2754 4033 2849 4084 καὶ
2910 4032 3157 4099 Ἰλλυριοὶ
3200 4034 3327 4101 περὶ
3383 4033 3623 4102 μυριάδα

2057 4120 2242 4189 ἀθρόοι
2277 4124 2703 4191 μετοικήσαντες
2730 4121 2845 4190 ἅμα
2868 4124 3025 4176 παισί
3051 4141 3108 4176 τε
3142 4123 3236 4177 καὶ
3262 4124 3498 4190 γυναιξὶ,
3528 4125 3624 4176 καὶ

2056 4218 2175 4277 ταῖς
2209 4216 2419 4278 οὐσίαις
2451 4218 2545 4269 καὶ.
2578 4217 2880 4286 θρέμμασι,
2910 4216 3003 4268 τὸν
3037 4217 3255 4286 ’ἰσθμὸν
3284 4217 3584 4270 κατέλαϐον
3605 4233 3621 4249 ·

2058 4307 2227 4360 αὑτοῦ
2274 4308 2331 4360 δὲ
2374 4308 2680 4377 πηξάμενοι
2726 4309 2821 4370 τὰς
2856 4309 3080 4377 σκηνὰς,
3118 4310 3215 4361 καὶ
3260 4310 3357 4370 τὰς
3406 4310 3623 4371 κλισίας

2056 4399 2422 4471 ἐκτείναντες,
2455 4401 2610 4452 αὐτοὶ
2648 4400 2757 4452 τῶν
2797 4400 2919 4452 καθ’
2946 4402 3171 4464 ἑαυτοὺς
3202 4397 3340 4472 ἦσαν
3376 4402 3619 4467 ἄγγελοι·

386 4492 456 4547 tis
485 4491 720 4554 lectulis,
744 4507 967 4545 suarum
1003 4492 1104 4560 ipsi
1129 4508 1310 4547 rerum
1330 4494 1509 4547 nuntii
1544 4510 1644 4561 pro
1670 4496 1953 4563 inopinato

2059 4488 2236 4551 οῦτως
2277 4490 2534 4559 ἐξαίφνης
2563 4490 2944 4560 παρεγένοντο.
2979 4488 3113 4545 Εἶτα
3149 4492 3393 4561 μηὸόλως
3426 4493 3626 4562 μελλή-

304 4571 311 4581 ’
386 4583 617 4637 adventu
660 4582 900 4637 fuerunt.
935 4582 1015 4636 Ad
1047 4585 1181 4649 lizec,
1246 4585 1393 4639 nulla
1454 4601 1625 4652 mora,
1689 4602 1949 4658 perquam

384 4674 724 4742 magniﬁcam
774 4675 1093 4741 legationem
1134 4677 1201 4731 ad
1256 4692 1379 4730 eum
1432 4676 1785 4746 instruentes,
1832 4696 1953 4747 per-

383 4766 768 4831 contabantur,
794 4766 923 4835 quid
945 4766 1013 4821 de
1039 4766 1145 4822 illis
1168 4782 1346 4835 operae
1389 4769 1623 4837 pretium
1662 4771 1763 4839 ipsi
1807 4771 1955 4826 vide.

385 4862 567 4909 retur:
600 4854 815 4924 sibique
846 4856 1203 4910 constitutum
1266 4858 1506 4925 aiebant,
1558 4868 1617 4914 ut
1668 4860 1953 4930 impetrata

382 4946 540 4999 venia
572 4947 728 5001 sedes
774 4940 1000 5016 ﬁgerent
1035 4963 1098 5003 ac
1154 4950 1379 5005 omnino
1434 4962 1760 5021 praestarent
1803 4955 1953 5024 quod

384 5038 464 5095 illi
492 5040 669 5094 visum
704 5048 867 5096 esset.
920 5040 1014 5096 llle
1052 5043 1251 5111 gaudio
1307 5045 1538 5112 receptis
1592 5046 1802 5116 legatis,
1856 5063 1954 5117 per

382 5146 499 5194 eos,
532 5131 650 5201 ejus
679 5132 779 5186 sibi
817 5133 1000 5201 populi
1037 5134 1209 5189 duces
1232 5134 1422 5189 adesse
1448 5134 1621 5203 jubet.
1656 5136 1794 5191 Tum
1823 5154 1951 5193 vero

384 5232 444 5278 ut
466 5239 525 5279 se
560 5234 1060 5292 repraesentassent,
1114 5225 1367 5295 prudenti
1396 5227 1692 5283 admodum
1724 5230 1952 5285 consilio

386 5315 997 5383 amanter'amplexans,
1028 5316 1333 5385 innataque
1379 5316 1684 5372 dulcedinis
1732 5327 1950 5387 gustum

386 5406 615 5473 faciens,
646 5408 746 5463 sibi
779 5409 999 5476 illectat,
1033 5425 1101 5465 ne
1162 5410 1342 5478 petitis
1381 5409 1603 5481 quidem
1640 5410 1948 5476 obsidibus,

387 5509 482 5557 aut
510 5500 602 5569 qui
632 5499 735 5555 ﬁde
765 5500 1039 5570 juberent,
1070 5517 1258 5557 eorum
1293 5504 1426 5559 satis
1452 5503 1519 5557 ad
1564 5502 1721 5559 ﬁdem
1763 5519 1953 5559 sacra-

386 5601 628 5644 mentum
663 5591 907 5647 babens:
948 5608 1259 5663 quanquam
1293 5605 1453 5651 erant
1482 5606 1734 5652 auctores
1768 5595 1950 5660 multi,

386 5682 519 5735 nihil
552 5683 604 5736 id
638 5682 873 5739 alienum
907 5700 936 5737 a
969 5687 1177 5739 ratione
1200 5687 1464 5752 dicentes,
1497 5696 1555 5741 ut
1602 5703 1668 5741 ne
1702 5686 1813 5741 ullo
1839 5701 1955 5741 mo-

386 5777 453 5833 do
498 5777 782 5846 reciperet,
817 5785 929 5833 tum
965 5778 1110 5847 quod
1144 5778 1433 5834 multitudo
1469 5778 1745 5835 formidini
1785 5786 1951 5848 esset,

2057 4597 2272 4645 σαντες,
2294 4582 2595 4651 πρεσϐείαν
2618 4582 2762 4635 πάνυ
2784 4582 3045 4653 λαμπράν
3063 4584 3200 4653 πρὸς
3220 4583 3278 4635 ὃν
3299 4584 3623 4653 ἀφικνοῦντο

2055 4670 2397 4740 πέμψαντες,
2444 4672 2829 4734 ἐπυνθάνοντο,
2869 4674 2924 4727 τί
2951 4674 3069 4727 ποτ’
3103 4675 3169 4727 ἂν
3203 4674 3287 4743 εἴη
3330 4675 3392 4727 τὸ
3431 4674 3624 4729 δοκοῦν

2055 4765 2247 4834 ἐκείνῳ
2284 4769 2413 4837 περ)⁸
2441 4767 2623 4821 αὐτῶν
2648 4784 2662 4798 ο
2699 4769 2795 4821 καὶ
2818 4770 3181 4839 παρεδήλουν,
3213 4770 3289 4832 ὡς
3315 4769 3620 4839 βούλονται,

2054 4854 2404 4924 τοὺνδόσιμον
2442 4856 2708 4920 ,λαϐόντες
2736 4858 2866 4929 παρ’
2901 4859 3089 4926 αὐτοῦ,
3119 4862 3216 4913 καὶ
3245 4861 3473 4913 εἰσιέναι
3522 4864 3625 4914 κατι⁵

2056 4948 2263 5014 μεῖναι,
2306 4948 2402 4999 καὶ
2434 4948 2579 5018 ἅπερ
2627 4949 2693 5001 ἂν
2726 4950 2812 5003 ὅδε
2860 4950 3014 5020 γνοίη
3077 4950 3343 5019 πράττειν
3395 4952 3620 5031 αὐτοῦς.

2066 5038 2125 5090 '0
2158 5038 2213 5092 δὲ
2241 5040 2335 5092 καὶ
2362 5040 2576 5110 δέχεται
2605 5042 2733 5105 τοὺς
2777 5042 3037 5110 πρέσϐεις
3076 5042 3350 5110 ἀσμένως,
3384 5044 3477 5096 καί⁸
3522 5061 3625 5095 κα-

2056 5129 2140 5182 λεῖ
2171 5130 2302 5201 παρ’
2333 5131 2525 5184 ἑαυτὸν
2549 5131 2637 5184 διὰ
2672 5132 2957 5202 πρέσϐεων
2983 5133 3208 5185 τουτωνὶ
3241 5135 3367 5196 τοὺς
3396 5133 3639 5200 ἐξηγου-.

2059 5222 2256 5291 μένους
2296 5223 2404 5276 τῶν
2447 5223 2788 5277 ἄλλων.»Καὶ
2822 5224 3367 5293 φιλοφρονησάμενος
3415 5224 3622 5286 αὐτοὺς

2057 5315 2506 5385 παραγεγονότας
2536 5313 2726 5378 δεξιῶς
2759 5314 2920 5381 ἄγαν,
2966 5315 3062 5368 καὶ
3094 5315 3192 5384 τῆς
3219 5315 3461 5383 ἐμφύτου
3487 5315 3620 5383 γεὺ-

2060 5426 2159 5474 σας
2211 5409 2569 5478 γλυκύτητος,
2618 5408 2918 5459 ἐπισπᾶται
2969 5407 3068 5469 τὰς
3123 5407 3305 5459 αὐτῶν
3356 5407 3619 5477 γνώμας·

2060 5503 2196 5571 μήτε
2230 5500 2274 5553 δ’
2296 5502 2478 5570 ὅμηρα
2513 5497 2714 5563 λαϐὼν,
2755 5502 2892 5567 μήτε
2928 5499 3130 5566 ἐγγύας
3158 5500 3408 5569 αἰτήσας,
3437 5499 3625 5568 ὅρκοις

2056 5592 2305 5662 ἠρκέσθη
2348 5594 2459 5653 τοῖς
2511 5590 2641 5659 παρ’
2701 5590 2920 5645 αὐτῶν·
2958 5591 3249 5660 καίτοιπερ
3292 5592 3341 5645 οί
3395 5591 3622 5653 πλείους

2057 5685 2353 5755 παρῄνουν,
2387 5685 2538 5739 οὐδὲν
2566 5684 2850 5753 ἀλόγιστον
2895 5685 3164 5753 λέγοντες,
3205 5684 3472 5754 μηδαμῶς
3516 5684 3620 5736 αῦ-

2055 5776 2180 5840 τοϋς
2210 5773 2489 5845 δέξασθαι,
2512 5776 2573 5830 τό
2615 5794 2671 5830 τε
2706 5777 2906 5847 πλῆθος
2931 5776 3181 5845 δεδιότες,
3215 5775 3404 5831 καὶτὸ
3436 5774 3619 5830 ἱθεσιν
