  <div class='ocr_page' id='page_1' title='image "/cluster/home/n/w/nwhite01/storage/ocr_20150623/156/hvd.32044073502650/112.png"; bbox 0 0 4024 6210; ppageno 0'>
   <div class='ocr_carea' id='block_1_1' title="bbox 361 339 474 405">
    <p class='ocr_par' dir='ltr' id='par_1_1' title="bbox 361 339 474 405">
     <span class='ocr_line' id='line_1_1' title="bbox 361 339 474 405; baseline 0.027 -3"><span class='ocrx_word' id='word_1_1' title='bbox 361 339 474 405; x_wconf 80' lang='lat'><strong>213</strong></span> 
     </span>
    </p>
   </div>
   <div class='ocr_carea' id='block_1_2' title="bbox 1162 338 2857 414">
    <p class='ocr_par' dir='ltr' id='par_1_2' title="bbox 1162 338 2857 414">
     <span class='ocr_line' id='line_1_2' title="bbox 1162 338 2857 414; baseline 0.005 -12"><span class='ocrx_word' id='word_1_2' title='bbox 1162 338 1555 406; x_wconf 78' lang='lat' dir='ltr'><strong>TllEODORI</strong></span> <span class='ocrx_word' id='word_1_3' title='bbox 1632 345 1948 407; x_wconf 83' lang='lat' dir='ltr'><strong>DESPOTI</strong></span> <span class='ocrx_word' id='word_1_4' title='bbox 2017 348 2404 412; x_wconf 75' lang='lat' dir='ltr'><strong>LAUDATIO</strong></span> <span class='ocrx_word' id='word_1_5' title='bbox 2445 349 2857 414; x_wconf 80' lang='lat' dir='ltr'><strong>FUNEBRIS.</strong></span> 
     </span>
    </p>
   </div>
   <div class='ocr_carea' id='block_1_3' title="bbox 3499 354 3606 418">
    <p class='ocr_par' dir='ltr' id='par_1_3' title="bbox 3499 354 3606 418">
     <span class='ocr_line' id='line_1_3' title="bbox 3499 354 3606 418; baseline 0 -1"><span class='ocrx_word' id='word_1_6' title='bbox 3499 354 3606 418; x_wconf 70' lang='grc' dir='ltr'>ΞΗ,</span> 
     </span>
    </p>
   </div>
   <div class='ocr_carea' id='block_1_4' title="bbox 363 455 1937 537">
    <p class='ocr_par' dir='ltr' id='par_1_4' title="bbox 363 455 1936 526">
     <span class='ocr_line' id='line_1_4' title="bbox 363 455 1936 526; baseline 0.006 -21"><span class='ocrx_word' id='word_1_7' title='bbox 363 461 574 526; x_wconf 73' lang='grc' dir='ltr'>ἑτέροις</span> <span class='ocrx_word' id='word_1_8' title='bbox 605 456 849 518; x_wconf 66' lang='grc' dir='ltr'>ἐκείνους</span> <span class='ocrx_word' id='word_1_9' title='bbox 873 455 972 523; x_wconf 78' lang='grc' dir='ltr'>ζῇν</span> <span class='ocrx_word' id='word_1_10' title='bbox 1003 455 1403 522; x_wconf 81' lang='grc' dir='ltr'>ὑποπτεύοντες</span> <span class='ocrx_word' id='word_1_11' title='bbox 1437 460 1610 512; x_wconf 79' lang='grc' dir='ltr'>αῖτιον</span> <span class='ocrx_word' id='word_1_12' title='bbox 1636 462 1936 515; x_wconf 72' lang='grc' dir='ltr'><strong>σκανδάλου</strong></span> 
     </span>
    </p>
   </div>
   <div class='ocr_carea' id='block_1_5' title="bbox 2042 455 3611 537">
    <p class='ocr_par' dir='ltr' id='par_1_5' title="bbox 2042 464 3611 537">
     <span class='ocr_line' id='line_1_5' title="bbox 2042 464 3611 537; baseline 0.003 -22"><span class='ocrx_word' id='word_1_13' title='bbox 2042 472 2153 515; x_wconf 88' lang='lat' dir='ltr'><strong>tum</strong></span> <span class='ocrx_word' id='word_1_14' title='bbox 2206 464 2349 530; x_wconf 90' lang='lat' dir='ltr'><strong>quod</strong></span> <span class='ocrx_word' id='word_1_15' title='bbox 2401 465 2720 519; x_wconf 81' lang='lat' dir='ltr'><strong>scandalum</strong></span> <span class='ocrx_word' id='word_1_16' title='bbox 2753 466 2990 521; x_wconf 74' lang='lat' dir='ltr'><strong>creaturi</strong></span> <span class='ocrx_word' id='word_1_17' title='bbox 3045 466 3382 529; x_wconf 80' lang='lat' dir='ltr'><strong>viderentur,</strong></span> <span class='ocrx_word' id='word_1_18' title='bbox 3417 481 3516 537; x_wconf 85' lang='lat' dir='ltr'><strong>pro</strong></span> <span class='ocrx_word' id='word_1_19' title='bbox 3547 485 3611 521; x_wconf 87' lang='lat' dir='ltr'><strong>en</strong></span> 
     </span>
    </p>
   </div>
   <div class='ocr_carea' id='block_1_6' title="bbox 358 545 1933 623">
    <p class='ocr_par' dir='ltr' id='par_1_6' title="bbox 358 545 1933 623">
     <span class='ocr_line' id='line_1_6' title="bbox 358 545 1933 623; baseline 0.001 -18"><span class='ocrx_word' id='word_1_20' title='bbox 358 546 719 620; x_wconf 79' lang='grc' dir='ltr'>γενήσεσθαι.</span> <span class='ocrx_word' id='word_1_21' title='bbox 761 545 998 610; x_wconf 74' lang='grc' dir='ltr'>Ἐκεῖνος</span> <span class='ocrx_word' id='word_1_22' title='bbox 1025 548 1083 602; x_wconf 76' lang='grc' dir='ltr'>δὲ</span> <span class='ocrx_word' id='word_1_23' title='bbox 1120 549 1368 603; x_wconf 79' lang='grc' dir='ltr'><strong>πιστεύει</strong></span> <span class='ocrx_word' id='word_1_24' title='bbox 1405 551 1526 620; x_wconf 76' lang='grc' dir='ltr'>μὲν,</span> <span class='ocrx_word' id='word_1_25' title='bbox 1552 551 1766 606; x_wconf 78' lang='grc' dir='ltr'>οἴκοθεν</span> <span class='ocrx_word' id='word_1_26' title='bbox 1794 553 1933 623; x_wconf 76' lang='grc' dir='ltr'>ἔχων</span> 
     </span>
    </p>
   </div>
   <div class='ocr_carea' id='block_1_7' title="bbox 355 631 1930 710">
    <p class='ocr_par' dir='ltr' id='par_1_7' title="bbox 355 631 1930 710">
     <span class='ocr_line' id='line_1_7' title="bbox 355 631 1930 710; baseline 0.004 -19"><span class='ocrx_word' id='word_1_27' title='bbox 355 639 421 692; x_wconf 74' lang='grc' dir='ltr'><strong>τὸ</strong></span> <span class='ocrx_word' id='word_1_28' title='bbox 456 636 648 700; x_wconf 81' lang='grc' dir='ltr'>πιστὸς</span> <span class='ocrx_word' id='word_1_29' title='bbox 675 631 841 688; x_wconf 78' lang='grc' dir='ltr'>εἶναι’</span> <span class='ocrx_word' id='word_1_30' title='bbox 870 636 898 689; x_wconf 81' lang='grc' dir='ltr'><strong>ὃ</strong></span> <span class='ocrx_word' id='word_1_31' title='bbox 931 637 1042 707; x_wconf 84' lang='grc' dir='ltr'><strong>γάρ</strong></span> <span class='ocrx_word' id='word_1_32' title='bbox 1080 653 1164 699; x_wconf 84' lang='grc' dir='ltr'><strong>τις</strong></span> <span class='ocrx_word' id='word_1_33' title='bbox 1205 640 1340 708; x_wconf 78' lang='grc' dir='ltr'>ἔχει,</span> <span class='ocrx_word' id='word_1_34' title='bbox 1372 640 1576 705; x_wconf 86' lang='grc' dir='ltr'>δίδωσι,</span> <span class='ocrx_word' id='word_1_35' title='bbox 1621 644 1716 696; x_wconf 76' lang='grc' dir='ltr'>καὶ</span> <span class='ocrx_word' id='word_1_36' title='bbox 1738 645 1766 696; x_wconf 82' lang='grc' dir='ltr'><strong>ὃ</strong></span> <span class='ocrx_word' id='word_1_37' title='bbox 1793 647 1930 710; x_wconf 64' lang='grc' dir='ltr'>ἐστι,</span> 
     </span>
    </p>
   </div>
   <div class='ocr_carea' id='block_1_8' title="bbox 357 726 1935 798">
    <p class='ocr_par' dir='ltr' id='par_1_8' title="bbox 357 726 1935 798">
     <span class='ocr_line' id='line_1_8' title="bbox 357 726 1935 798; baseline 0.006 -16"><span class='ocrx_word' id='word_1_38' title='bbox 357 729 641 798; x_wconf 80' lang='grc' dir='ltr'>λογίζεται</span> <span class='ocrx_word' id='word_1_39' title='bbox 671 730 763 782; x_wconf 73' lang='grc' dir='ltr'><strong>καὶ</strong></span> <span class='ocrx_word' id='word_1_40' title='bbox 793 728 920 792; x_wconf 80' lang='grc' dir='ltr'>τοὺς</span> <span class='ocrx_word' id='word_1_41' title='bbox 947 730 1168 794; x_wconf 80' lang='grc' dir='ltr'>λοιποὺς</span> <span class='ocrx_word' id='word_1_42' title='bbox 1202 726 1369 786; x_wconf 73' lang='grc' dir='ltr'>εἶναι’</span> <span class='ocrx_word' id='word_1_43' title='bbox 1399 735 1573 788; x_wconf 78' lang='grc' dir='ltr'>πείθει</span> <span class='ocrx_word' id='word_1_44' title='bbox 1599 737 1657 789; x_wconf 82' lang='grc' dir='ltr'>δὲ</span> <span class='ocrx_word' id='word_1_45' title='bbox 1687 739 1784 790; x_wconf 74' lang='grc' dir='ltr'>καὶ</span> <span class='ocrx_word' id='word_1_46' title='bbox 1809 739 1935 792; x_wconf 85' lang='grc' dir='ltr'>ἑαυ-</span> 
     </span>
    </p>
   </div>
   <div class='ocr_carea' id='block_1_9' title="bbox 354 821 1933 900">
    <p class='ocr_par' dir='ltr' id='par_1_9' title="bbox 354 821 1933 900">
     <span class='ocr_line' id='line_1_9' title="bbox 354 821 1933 900; baseline -0.001 -26"><span class='ocrx_word' id='word_1_47' title='bbox 354 823 474 886; x_wconf 70' lang='grc' dir='ltr'>τὶν,</span> <span class='ocrx_word' id='word_1_48' title='bbox 519 823 612 874; x_wconf 70' lang='grc' dir='ltr'>καὶ</span> <span class='ocrx_word' id='word_1_49' title='bbox 653 821 870 886; x_wconf 71' lang='grc' dir='ltr'>ἄλλους,</span> <span class='ocrx_word' id='word_1_50' title='bbox 913 822 1208 892; x_wconf 80' lang='grc' dir='ltr'>λογισμοὺς</span> <span class='ocrx_word' id='word_1_51' title='bbox 1250 827 1554 895; x_wconf 78' lang='grc' dir='ltr'><strong>προτείνων</strong></span> <span class='ocrx_word' id='word_1_52' title='bbox 1596 830 1933 900; x_wconf 75' lang='grc' dir='ltr'>ἀναντιρῤἡ..</span> 
     </span>
    </p>
   </div>
   <div class='ocr_carea' id='block_1_10' title="bbox 350 914 1928 992">
    <p class='ocr_par' dir='ltr' id='par_1_10' title="bbox 350 914 1928 992">
     <span class='ocr_line' id='line_1_10' title="bbox 350 914 1928 992; baseline 0.006 -25"><span class='ocrx_word' id='word_1_53' title='bbox 350 932 502 976; x_wconf 88' lang='grc' dir='ltr'>τους,</span> <span class='ocrx_word' id='word_1_54' title='bbox 537 914 608 978; x_wconf 72' lang='grc' dir='ltr'>ὥς</span> <span class='ocrx_word' id='word_1_55' title='bbox 639 915 742 968; x_wconf 69' lang='grc' dir='ltr'>κᾶν</span> <span class='ocrx_word' id='word_1_56' title='bbox 794 914 1110 984; x_wconf 78' lang='grc' dir='ltr'><strong>βουληθεῖεν</strong></span> <span class='ocrx_word' id='word_1_57' title='bbox 1143 919 1345 972; x_wconf 76' lang='grc' dir='ltr'>ἐκεῖνοι</span> <span class='ocrx_word' id='word_1_58' title='bbox 1399 921 1571 974; x_wconf 88' lang='grc' dir='ltr'>κακόν</span> <span class='ocrx_word' id='word_1_59' title='bbox 1605 939 1660 976; x_wconf 88' lang='grc' dir='ltr'>τι</span> <span class='ocrx_word' id='word_1_60' title='bbox 1707 922 1928 992; x_wconf 82' lang='grc' dir='ltr'>δρᾶσαι.</span> 
     </span>
    </p>
   </div>
   <div class='ocr_carea' id='block_1_11' title="bbox 351 1007 1936 1084">
    <p class='ocr_par' dir='ltr' id='par_1_11' title="bbox 351 1007 1936 1084">
     <span class='ocr_line' id='line_1_11' title="bbox 351 1007 1936 1084; baseline 0.005 -24"><span class='ocrx_word' id='word_1_61' title='bbox 351 1009 456 1060; x_wconf 65' lang='grc' dir='ltr'>οὐκ</span> <span class='ocrx_word' id='word_1_62' title='bbox 486 1009 552 1061; x_wconf 82' lang='grc' dir='ltr'>ἄν</span> <span class='ocrx_word' id='word_1_63' title='bbox 586 1025 716 1059; x_wconf 85' lang='grc' dir='ltr'>ποτε</span> <span class='ocrx_word' id='word_1_64' title='bbox 765 1007 1048 1075; x_wconf 82' lang='grc' dir='ltr'><strong>δυνηθεῖεν</strong></span> <span class='ocrx_word' id='word_1_65' title='bbox 1071 1023 1086 1040; x_wconf 79' lang='grc' dir='ltr'><strong>ο</strong></span> <span class='ocrx_word' id='word_1_66' title='bbox 1116 1009 1212 1062; x_wconf 78' lang='grc' dir='ltr'>καὶ</span> <span class='ocrx_word' id='word_1_67' title='bbox 1247 1011 1338 1064; x_wconf 74' lang='grc' dir='ltr'><strong>διὰ</strong></span> <span class='ocrx_word' id='word_1_68' title='bbox 1388 1013 1548 1066; x_wconf 79' lang='grc' dir='ltr'>τοῦτο</span> <span class='ocrx_word' id='word_1_69' title='bbox 1589 1014 1710 1067; x_wconf 83' lang='grc' dir='ltr'>οὐδὲ</span> <span class='ocrx_word' id='word_1_70' title='bbox 1747 1014 1936 1084; x_wconf 77' lang='grc' dir='ltr'>βουλή-</span> 
     </span>
    </p>
   </div>
   <div class='ocr_carea' id='block_1_12' title="bbox 361 1097 1934 1178">
    <p class='ocr_par' dir='ltr' id='par_1_12' title="bbox 361 1097 1934 1178">
     <span class='ocr_line' id='line_1_12' title="bbox 361 1097 1934 1178; baseline 0.008 -28"><span class='ocrx_word' id='word_1_71' title='bbox 361 1117 570 1154; x_wconf 83' lang='grc' dir='ltr'>σονται.</span> <span class='ocrx_word' id='word_1_72' title='bbox 618 1099 809 1166; x_wconf 77' lang='grc' dir='ltr'>Ἐξέϐη</span> <span class='ocrx_word' id='word_1_73' title='bbox 841 1097 886 1152; x_wconf 84' lang='grc' dir='ltr'>δ’</span> <span class='ocrx_word' id='word_1_74' title='bbox 915 1100 1109 1172; x_wconf 85' lang='grc' dir='ltr'>ὥσπερ</span> <span class='ocrx_word' id='word_1_75' title='bbox 1137 1103 1300 1168; x_wconf 80' lang='grc' dir='ltr'>αὐτὸς</span> <span class='ocrx_word' id='word_1_76' title='bbox 1329 1104 1551 1175; x_wconf 73' lang='grc' dir='ltr'>ἑνόμισέ</span> <span class='ocrx_word' id='word_1_77' title='bbox 1573 1123 1632 1159; x_wconf 86' lang='grc' dir='ltr'><strong>τε</strong></span> <span class='ocrx_word' id='word_1_78' title='bbox 1662 1107 1759 1161; x_wconf 73' lang='grc' dir='ltr'>καὶ</span> <span class='ocrx_word' id='word_1_79' title='bbox 1784 1110 1934 1178; x_wconf 79' lang='grc' dir='ltr'>ἰσχυ-</span> 
     </span>
    </p>
   </div>
   <div class='ocr_carea' id='block_1_13' title="bbox 360 1191 1933 1270">
    <p class='ocr_par' dir='ltr' id='par_1_13' title="bbox 360 1191 1933 1270">
     <span class='ocr_line' id='line_1_13' title="bbox 360 1191 1933 1270; baseline 0.009 -29"><span class='ocrx_word' id='word_1_80' title='bbox 360 1191 564 1260; x_wconf 77' lang='grc' dir='ltr'>ρίζετο.</span> <span class='ocrx_word' id='word_1_81' title='bbox 599 1193 711 1244; x_wconf 82' lang='grc' dir='ltr'><strong>Καὶ</strong></span> <span class='ocrx_word' id='word_1_82' title='bbox 736 1191 898 1246; x_wconf 84' lang='grc' dir='ltr'>τοῦτο</span> <span class='ocrx_word' id='word_1_83' title='bbox 927 1194 1051 1263; x_wconf 90' lang='grc' dir='ltr'>τρία</span> <span class='ocrx_word' id='word_1_84' title='bbox 1086 1196 1246 1248; x_wconf 57' lang='grc' dir='ltr'><strong>ταυτὶ⁵</strong></span> <span class='ocrx_word' id='word_1_85' title='bbox 1286 1203 1841 1270; x_wconf 82' lang='grc' dir='ltr'>προσμαρτυρὴσειεν</span> <span class='ocrx_word' id='word_1_86' title='bbox 1865 1202 1933 1254; x_wconf 83' lang='grc' dir='ltr'>ἂν</span> 
     </span>
    </p>
   </div>
   <div class='ocr_carea' id='block_1_14' title="bbox 359 1281 1934 1362">
    <p class='ocr_par' dir='ltr' id='par_1_14' title="bbox 359 1281 1934 1362">
     <span class='ocr_line' id='line_1_14' title="bbox 359 1281 1934 1362; baseline 0.01 -30"><span class='ocrx_word' id='word_1_87' title='bbox 359 1281 531 1350; x_wconf 74' lang='grc' dir='ltr'>αὐτῷ,</span> <span class='ocrx_word' id='word_1_88' title='bbox 565 1282 932 1348; x_wconf 71' lang='grc' dir='ltr'><strong>ἀξιοπιστίαν,</strong></span> <span class='ocrx_word' id='word_1_89' title='bbox 974 1285 1222 1355; x_wconf 78' lang='grc' dir='ltr'>ἀνδρίαν,</span> <span class='ocrx_word' id='word_1_90' title='bbox 1274 1291 1568 1359; x_wconf 80' lang='grc' dir='ltr'>φρόνησιν·</span> <span class='ocrx_word' id='word_1_91' title='bbox 1604 1292 1681 1362; x_wconf 82' lang='grc' dir='ltr'>τῷ</span> <span class='ocrx_word' id='word_1_92' title='bbox 1711 1294 1934 1348; x_wconf 83' lang='grc' dir='ltr'>πιστεῦ-</span> 
     </span>
    </p>
   </div>
   <div class='ocr_carea' id='block_1_15' title="bbox 359 1375 1931 1452">
    <p class='ocr_par' dir='ltr' id='par_1_15' title="bbox 359 1375 1931 1452">
     <span class='ocr_line' id='line_1_15' title="bbox 359 1375 1931 1452; baseline 0.01 -27"><span class='ocrx_word' id='word_1_93' title='bbox 359 1392 475 1435; x_wconf 86' lang='grc' dir='ltr'>σαι,</span> <span class='ocrx_word' id='word_1_94' title='bbox 510 1375 589 1443; x_wconf 83' lang='grc' dir='ltr'>τῷ</span> <span class='ocrx_word' id='word_1_95' title='bbox 618 1375 918 1445; x_wconf 71' lang='grc' dir='ltr'>θαρρῆσαι,</span> <span class='ocrx_word' id='word_1_96' title='bbox 957 1378 1033 1448; x_wconf 84' lang='grc' dir='ltr'>τῷ</span> <span class='ocrx_word' id='word_1_97' title='bbox 1061 1381 1243 1443; x_wconf 89' lang='grc' dir='ltr'>καλῶς</span> <span class='ocrx_word' id='word_1_98' title='bbox 1293 1383 1684 1452; x_wconf 86' lang='grc' dir='ltr'>στοχάσασθαι.</span> <span class='ocrx_word' id='word_1_99' title='bbox 1723 1387 1931 1441; x_wconf 80' lang='grc' dir='ltr'>Κτᾶται</span> 
     </span>
    </p>
   </div>
   <div class='ocr_carea' id='block_1_16' title="bbox 356 1467 1934 1549">
    <p class='ocr_par' dir='ltr' id='par_1_16' title="bbox 356 1467 1934 1549">
     <span class='ocr_line' id='line_1_16' title="bbox 356 1467 1934 1549; baseline 0.01 -31"><span class='ocrx_word' id='word_1_100' title='bbox 356 1467 653 1537; x_wconf 79' lang='grc' dir='ltr'>τοιγαροῦν</span> <span class='ocrx_word' id='word_1_101' title='bbox 674 1471 935 1541; x_wconf 75' lang='grc' dir='ltr'>στρατιάν</span> <span class='ocrx_word' id='word_1_102' title='bbox 959 1472 1255 1543; x_wconf 83' lang='grc' dir='ltr'><strong>τοσαύτην,</strong></span> <span class='ocrx_word' id='word_1_103' title='bbox 1277 1475 1377 1530; x_wconf 87' lang='grc' dir='ltr'>οὐκ</span> <span class='ocrx_word' id='word_1_104' title='bbox 1393 1477 1618 1549; x_wconf 79' lang='grc' dir='ltr'>ἄπειρον</span> <span class='ocrx_word' id='word_1_105' title='bbox 1653 1479 1754 1548; x_wconf 78' lang='grc' dir='ltr'>μὲν</span> <span class='ocrx_word' id='word_1_106' title='bbox 1768 1497 1934 1548; x_wconf 88' lang='grc' dir='ltr'>τραυ-</span> 
     </span>
    </p>
   </div>
   <div class='ocr_carea' id='block_1_17' title="bbox 361 1561 1930 1641">
    <p class='ocr_par' dir='ltr' id='par_1_17' title="bbox 361 1561 1930 1641">
     <span class='ocr_line' id='line_1_17' title="bbox 361 1561 1930 1641; baseline 0.01 -30"><span class='ocrx_word' id='word_1_107' title='bbox 361 1561 571 1626; x_wconf 75' lang='grc' dir='ltr'>μάτων,</span> <span class='ocrx_word' id='word_1_108' title='bbox 602 1561 820 1632; x_wconf 79' lang='grc' dir='ltr'>ἀγαθὴν</span> <span class='ocrx_word' id='word_1_109' title='bbox 851 1563 908 1616; x_wconf 79' lang='grc' dir='ltr'>δὲ</span> <span class='ocrx_word' id='word_1_110' title='bbox 958 1565 1026 1618; x_wconf 79' lang='grc' dir='ltr'><strong>τὰ</strong></span> <span class='ocrx_word' id='word_1_111' title='bbox 1065 1566 1324 1636; x_wconf 88' lang='grc' dir='ltr'>πολέμια,</span> <span class='ocrx_word' id='word_1_112' title='bbox 1359 1569 1527 1638; x_wconf 80' lang='grc' dir='ltr'>μηδὲν</span> <span class='ocrx_word' id='word_1_113' title='bbox 1571 1573 1930 1641; x_wconf 58' lang='grc' dir='ltr'>προσαναλώιέ</span> 
     </span>
    </p>
   </div>
   <div class='ocr_carea' id='block_1_18' title="bbox 353 1652 1930 1734">
    <p class='ocr_par' dir='ltr' id='par_1_18' title="bbox 353 1652 1930 1734">
     <span class='ocr_line' id='line_1_18' title="bbox 353 1652 1930 1734; baseline 0.01 -32"><span class='ocrx_word' id='word_1_114' title='bbox 353 1667 452 1712; x_wconf 86' lang='grc' dir='ltr'><strong>σας</strong></span> <span class='ocrx_word' id='word_1_115' title='bbox 482 1652 514 1720; x_wconf 82' lang='grc' dir='ltr'>ἦ</span> <span class='ocrx_word' id='word_1_116' title='bbox 560 1657 692 1722; x_wconf 84' lang='grc' dir='ltr'>τρία</span> <span class='ocrx_word' id='word_1_117' title='bbox 725 1652 925 1718; x_wconf 78' lang='grc' dir='ltr'>ταῦτα,</span> <span class='ocrx_word' id='word_1_118' title='bbox 970 1657 1197 1727; x_wconf 83' lang='grc' dir='ltr'><strong>γνώμης</strong></span> <span class='ocrx_word' id='word_1_119' title='bbox 1226 1659 1488 1729; x_wconf 75' lang='grc' dir='ltr'>ὀξύτητα,</span> <span class='ocrx_word' id='word_1_120' title='bbox 1522 1663 1771 1734; x_wconf 80' lang='grc' dir='ltr'>γλώττης</span> <span class='ocrx_word' id='word_1_121' title='bbox 1819 1665 1930 1718; x_wconf 88' lang='grc' dir='ltr'>δει-</span> 
     </span>
    </p>
   </div>
   <div class='ocr_carea' id='block_1_19' title="bbox 352 1744 1931 1827">
    <p class='ocr_par' dir='ltr' id='par_1_19' title="bbox 352 1744 1931 1827">
     <span class='ocr_line' id='line_1_19' title="bbox 352 1744 1931 1827; baseline 0.011 -33"><span class='ocrx_word' id='word_1_122' title='bbox 352 1744 581 1814; x_wconf 87' lang='grc' dir='ltr'>νότητα,</span> <span class='ocrx_word' id='word_1_123' title='bbox 626 1747 846 1817; x_wconf 81' lang='grc' dir='ltr'>τρόπων</span> <span class='ocrx_word' id='word_1_124' title='bbox 881 1752 1228 1822; x_wconf 71' lang='grc' dir='ltr'><strong>χρηστότητα</strong></span> <span class='ocrx_word' id='word_1_125' title='bbox 1254 1770 1268 1784; x_wconf 74' lang='grc' dir='ltr'><strong>ο</strong></span> <span class='ocrx_word' id='word_1_126' title='bbox 1313 1754 1546 1809; x_wconf 74' lang='grc' dir='ltr'>ἕκαστον</span> <span class='ocrx_word' id='word_1_127' title='bbox 1583 1759 1769 1827; x_wconf 79' lang='grc' dir='ltr'>χρῆμα</span> <span class='ocrx_word' id='word_1_128' title='bbox 1803 1757 1931 1811; x_wconf 85' lang='grc' dir='ltr'>άκέ-</span> 
     </span>
    </p>
   </div>
   <div class='ocr_carea' id='block_1_20' title="bbox 348 1851 544 1890">
    <p class='ocr_par' dir='ltr' id='par_1_20' title="bbox 348 1851 544 1890">
     <span class='ocr_line' id='line_1_20' title="bbox 348 1851 544 1890; baseline 0.01 -3"><span class='ocrx_word' id='word_1_129' title='bbox 348 1851 544 1890; x_wconf 81' lang='grc' dir='ltr'>νῶτον.</span> 
     </span>
    </p>
   </div>
   <div class='ocr_carea' id='block_1_21' title="bbox 431 2009 1929 2100">
    <p class='ocr_par' dir='ltr' id='par_1_21' title="bbox 431 2009 1929 2100">
     <span class='ocr_line' id='line_1_21' title="bbox 431 2009 1929 2100; baseline 0.013 -39"><span class='ocrx_word' id='word_1_130' title='bbox 431 2009 616 2078; x_wconf 78' lang='grc' dir='ltr'>Ἐχων</span> <span class='ocrx_word' id='word_1_131' title='bbox 641 2029 703 2080; x_wconf 88' lang='grc' dir='ltr'><strong>γε</strong></span> <span class='ocrx_word' id='word_1_132' title='bbox 739 2014 920 2068; x_wconf 86' lang='grc' dir='ltr'>τοίνυν</span> <span class='ocrx_word' id='word_1_133' title='bbox 952 2017 1152 2081; x_wconf 80' lang='grc' dir='ltr'>αὐτοὺς</span> <span class='ocrx_word' id='word_1_134' title='bbox 1181 2022 1318 2091; x_wconf 74' lang='grc' dir='ltr'>πρὸς</span> <span class='ocrx_word' id='word_1_135' title='bbox 1355 2027 1418 2093; x_wconf 79' lang='grc' dir='ltr'>τῇ</span> <span class='ocrx_word' id='word_1_136' title='bbox 1453 2025 1556 2093; x_wconf 82' lang='grc' dir='ltr'>τῆς</span> <span class='ocrx_word' id='word_1_137' title='bbox 1585 2027 1929 2100; x_wconf 80' lang='grc' dir='ltr'>Πελοποννή-</span> 
     </span>
    </p>
   </div>
   <div class='ocr_carea' id='block_1_22' title="bbox 353 2103 1929 2191">
    <p class='ocr_par' dir='ltr' id='par_1_22' title="bbox 353 2103 1929 2191">
     <span class='ocr_line' id='line_1_22' title="bbox 353 2103 1929 2191; baseline 0.015 -38"><span class='ocrx_word' id='word_1_138' title='bbox 353 2120 453 2155; x_wconf 82' lang='grc' dir='ltr'><strong>σου</strong></span> <span class='ocrx_word' id='word_1_139' title='bbox 485 2103 728 2172; x_wconf 77' lang='grc' dir='ltr'>δυνάμει,</span> <span class='ocrx_word' id='word_1_140' title='bbox 766 2107 825 2159; x_wconf 84' lang='grc' dir='ltr'>οὐ</span> <span class='ocrx_word' id='word_1_141' title='bbox 866 2112 1078 2181; x_wconf 83' lang='grc' dir='ltr'>σμικρᾷ</span> <span class='ocrx_word' id='word_1_142' title='bbox 1111 2113 1204 2165; x_wconf 75' lang='grc' dir='ltr'>καὶ</span> <span class='ocrx_word' id='word_1_143' title='bbox 1235 2115 1546 2187; x_wconf 80' lang='grc' dir='ltr'>καθἀὑτὴν</span> <span class='ocrx_word' id='word_1_144' title='bbox 1577 2118 1733 2191; x_wconf 78' lang='grc' dir='ltr'>οὔσῃ,</span> <span class='ocrx_word' id='word_1_145' title='bbox 1755 2137 1929 2191; x_wconf 85' lang='grc' dir='ltr'>προσ-</span> 
     </span>
    </p>
   </div>
   <div class='ocr_carea' id='block_1_23' title="bbox 357 2194 1928 2277">
    <p class='ocr_par' dir='ltr' id='par_1_23' title="bbox 357 2194 1928 2277">
     <span class='ocr_line' id='line_1_23' title="bbox 357 2194 1928 2277; baseline 0.014 -32"><span class='ocrx_word' id='word_1_146' title='bbox 357 2194 534 2265; x_wconf 73' lang='grc' dir='ltr'>θήκην</span> <span class='ocrx_word' id='word_1_147' title='bbox 585 2197 666 2248; x_wconf 82' lang='grc' dir='ltr'>ὅτι</span> <span class='ocrx_word' id='word_1_148' title='bbox 714 2201 1004 2269; x_wconf 79' lang='grc' dir='ltr'>μεγίστην,</span> <span class='ocrx_word' id='word_1_149' title='bbox 1037 2204 1167 2272; x_wconf 72' lang='grc' dir='ltr'>ῥᾷον</span> <span class='ocrx_word' id='word_1_150' title='bbox 1197 2205 1230 2274; x_wconf 71' lang='grc' dir='ltr'>ἦ</span> <span class='ocrx_word' id='word_1_151' title='bbox 1272 2223 1353 2268; x_wconf 88' lang='grc' dir='ltr'><strong>τις</strong></span> <span class='ocrx_word' id='word_1_152' title='bbox 1391 2207 1458 2260; x_wconf 82' lang='grc' dir='ltr'>ἂν</span> <span class='ocrx_word' id='word_1_153' title='bbox 1489 2211 1743 2277; x_wconf 79' lang='grc' dir='ltr'>ἐνόμιζεν</span> <span class='ocrx_word' id='word_1_154' title='bbox 1774 2210 1834 2266; x_wconf 83' lang='grc' dir='ltr'>εὖ</span> <span class='ocrx_word' id='word_1_155' title='bbox 1861 2213 1928 2267; x_wconf 81' lang='grc' dir='ltr'>τὰ</span> 
     </span>
    </p>
   </div>
   <div class='ocr_carea' id='block_1_24' title="bbox 351 2287 1928 2374">
    <p class='ocr_par' dir='ltr' id='par_1_24' title="bbox 351 2287 1928 2374">
     <span class='ocr_line' id='line_1_24' title="bbox 351 2287 1928 2374; baseline 0.013 -36"><span class='ocrx_word' id='word_1_156' title='bbox 351 2287 497 2338; x_wconf 77' lang='grc' dir='ltr'>κατὰ</span> <span class='ocrx_word' id='word_1_157' title='bbox 533 2287 658 2340; x_wconf 79' lang='grc' dir='ltr'>νοῦν</span> <span class='ocrx_word' id='word_1_158' title='bbox 684 2289 892 2346; x_wconf 86' lang='grc' dir='ltr'>διέθετο</span> <span class='ocrx_word' id='word_1_159' title='bbox 943 2295 1138 2349; x_wconf 83' lang='grc' dir='ltr'>πάντα.</span> <span class='ocrx_word' id='word_1_160' title='bbox 1173 2296 1231 2349; x_wconf 83' lang='grc' dir='ltr'>Εἰ</span> <span class='ocrx_word' id='word_1_161' title='bbox 1268 2301 1376 2369; x_wconf 81' lang='grc' dir='ltr'><strong>γάρ</strong></span> <span class='ocrx_word' id='word_1_162' title='bbox 1408 2300 1470 2369; x_wconf 77' lang='grc' dir='ltr'>δὴ</span> <span class='ocrx_word' id='word_1_163' title='bbox 1505 2307 1598 2354; x_wconf 78' lang='grc' dir='ltr'>καὶ</span> <span class='ocrx_word' id='word_1_164' title='bbox 1642 2305 1815 2374; x_wconf 84' lang='grc' dir='ltr'>μικρά</span> <span class='ocrx_word' id='word_1_165' title='bbox 1841 2323 1928 2368; x_wconf 91' lang='grc' dir='ltr'><strong>τις</strong></span> 
     </span>
    </p>
   </div>
   <div class='ocr_carea' id='block_1_25' title="bbox 353 2379 1929 2469">
    <p class='ocr_par' dir='ltr' id='par_1_25' title="bbox 353 2379 1929 2469">
     <span class='ocr_line' id='line_1_25' title="bbox 353 2379 1929 2469; baseline 0.014 -38"><span class='ocrx_word' id='word_1_166' title='bbox 353 2382 583 2452; x_wconf 73' lang='grc' dir='ltr'>ἐπιὸολὴ</span> <span class='ocrx_word' id='word_1_167' title='bbox 613 2384 674 2436; x_wconf 83' lang='grc' dir='ltr'>τὸ</span> <span class='ocrx_word' id='word_1_168' title='bbox 703 2387 812 2438; x_wconf 78' lang='grc' dir='ltr'>πᾶν</span> <span class='ocrx_word' id='word_1_169' title='bbox 847 2388 1024 2456; x_wconf 81' lang='grc' dir='ltr'>ἰσχύει</span> <span class='ocrx_word' id='word_1_170' title='bbox 1058 2390 1341 2458; x_wconf 78' lang='grc' dir='ltr'>πολλάκις,</span> <span class='ocrx_word' id='word_1_171' title='bbox 1373 2395 1404 2463; x_wconf 79' lang='grc' dir='ltr'>ἡ</span> <span class='ocrx_word' id='word_1_172' title='bbox 1442 2399 1677 2467; x_wconf 81' lang='grc' dir='ltr'>τοσαύτη</span> <span class='ocrx_word' id='word_1_173' title='bbox 1715 2399 1812 2466; x_wconf 83' lang='grc' dir='ltr'>μὲν</span> 
     </span>
    </p>
   </div>
   <div class='ocr_carea' id='block_1_26' title="bbox 356 2475 1930 2560">
    <p class='ocr_par' dir='ltr' id='par_1_26' title="bbox 356 2475 1930 2560">
     <span class='ocr_line' id='line_1_26' title="bbox 356 2475 1930 2560; baseline 0.011 -36"><span class='ocrx_word' id='word_1_174' title='bbox 356 2475 577 2543; x_wconf 75' lang='grc' dir='ltr'>πλήθει,</span> <span class='ocrx_word' id='word_1_175' title='bbox 609 2476 749 2546; x_wconf 77' lang='grc' dir='ltr'>καλὴ</span> <span class='ocrx_word' id='word_1_176' title='bbox 779 2479 837 2531; x_wconf 79' lang='grc' dir='ltr'>δὲ</span> <span class='ocrx_word' id='word_1_177' title='bbox 867 2482 963 2533; x_wconf 58' lang='grc' dir='ltr'><strong>καλ⁵</strong></span> <span class='ocrx_word' id='word_1_178' title='bbox 993 2483 1058 2552; x_wconf 81' lang='grc' dir='ltr'><strong>τῇ</strong></span> <span class='ocrx_word' id='word_1_179' title='bbox 1085 2482 1196 2534; x_wconf 87' lang='grc' dir='ltr'><strong>τῶν</strong></span> <span class='ocrx_word' id='word_1_180' title='bbox 1217 2484 1533 2553; x_wconf 80' lang='grc' dir='ltr'>πολεμικῶν</span> <span class='ocrx_word' id='word_1_181' title='bbox 1561 2488 1844 2560; x_wconf 78' lang='grc' dir='ltr'>ἐμπειρίᾳ,</span> <span class='ocrx_word' id='word_1_182' title='bbox 1877 2489 1930 2542; x_wconf 84' lang='grc' dir='ltr'><strong>τί</strong></span> 
     </span>
    </p>
   </div>
   <div class='ocr_carea' id='block_1_27' title="bbox 354 2566 1929 2652">
    <p class='ocr_par' dir='ltr' id='par_1_27' title="bbox 354 2566 1929 2652">
     <span class='ocr_line' id='line_1_27' title="bbox 354 2566 1929 2652; baseline 0.012 -36"><span class='ocrx_word' id='word_1_183' title='bbox 354 2567 457 2617; x_wconf 68' lang='grc' dir='ltr'>οὐκ</span> <span class='ocrx_word' id='word_1_184' title='bbox 490 2567 558 2620; x_wconf 79' lang='grc' dir='ltr'>ἂν</span> <span class='ocrx_word' id='word_1_185' title='bbox 587 2566 756 2638; x_wconf 79' lang='grc' dir='ltr'>ἔδρα;</span> <span class='ocrx_word' id='word_1_186' title='bbox 799 2571 872 2622; x_wconf 88' lang='grc' dir='ltr'><strong>Ού</strong></span> <span class='ocrx_word' id='word_1_187' title='bbox 903 2573 1033 2642; x_wconf 75' lang='grc' dir='ltr'>γὰρ,</span> <span class='ocrx_word' id='word_1_188' title='bbox 1066 2574 1246 2628; x_wconf 89' lang='grc' dir='ltr'>καίτοι</span> <span class='ocrx_word' id='word_1_189' title='bbox 1280 2577 1400 2630; x_wconf 80' lang='grc' dir='ltr'>καθ’</span> <span class='ocrx_word' id='word_1_190' title='bbox 1451 2579 1680 2644; x_wconf 79' lang='grc' dir='ltr'>ἑαυτοὺς</span> <span class='ocrx_word' id='word_1_191' title='bbox 1720 2581 1929 2652; x_wconf 84' lang='grc' dir='ltr'>προθύ-</span> 
     </span>
    </p>
   </div>
   <div class='ocr_carea' id='block_1_28' title="bbox 359 2659 1929 2740">
    <p class='ocr_par' dir='ltr' id='par_1_28' title="bbox 359 2659 1929 2740">
     <span class='ocr_line' id='line_1_28' title="bbox 359 2659 1929 2740; baseline 0.01 -34"><span class='ocrx_word' id='word_1_192' title='bbox 359 2673 497 2722; x_wconf 89' lang='grc' dir='ltr'>μους</span> <span class='ocrx_word' id='word_1_193' title='bbox 528 2674 588 2709; x_wconf 92' lang='grc' dir='ltr'><strong>τε</strong></span> <span class='ocrx_word' id='word_1_194' title='bbox 615 2659 711 2712; x_wconf 70' lang='grc' dir='ltr'>καὶ</span> <span class='ocrx_word' id='word_1_195' title='bbox 756 2661 994 2726; x_wconf 71' lang='grc' dir='ltr'>ἀγαθοὺς</span> <span class='ocrx_word' id='word_1_196' title='bbox 1032 2665 1371 2732; x_wconf 76' lang='grc' dir='ltr'>στρατιώτας</span> <span class='ocrx_word' id='word_1_197' title='bbox 1402 2667 1585 2732; x_wconf 76' lang='grc' dir='ltr'>ὄντας,</span> <span class='ocrx_word' id='word_1_198' title='bbox 1620 2670 1680 2722; x_wconf 85' lang='grc' dir='ltr'><strong>ού</strong></span> <span class='ocrx_word' id='word_1_199' title='bbox 1727 2671 1929 2740; x_wconf 86' lang='grc' dir='ltr'>προσέ-</span> 
     </span>
    </p>
   </div>
   <div class='ocr_carea' id='block_1_29' title="bbox 355 2746 1930 2831">
    <p class='ocr_par' dir='ltr' id='par_1_29' title="bbox 355 2746 1930 2831">
     <span class='ocr_line' id='line_1_29' title="bbox 355 2746 1930 2831; baseline 0.011 -33"><span class='ocrx_word' id='word_1_200' title='bbox 355 2746 481 2799; x_wconf 78' lang='grc' dir='ltr'>θετο</span> <span class='ocrx_word' id='word_1_201' title='bbox 542 2750 772 2818; x_wconf 80' lang='grc' dir='ltr'>ποιῆσαι</span> <span class='ocrx_word' id='word_1_202' title='bbox 824 2753 1049 2816; x_wconf 86' lang='grc' dir='ltr'>τούτους</span> <span class='ocrx_word' id='word_1_203' title='bbox 1107 2756 1390 2825; x_wconf 81' lang='grc' dir='ltr'>βελτίους’</span> <span class='ocrx_word' id='word_1_204' title='bbox 1443 2758 1560 2812; x_wconf 83' lang='grc' dir='ltr'>ἀλλ’</span> <span class='ocrx_word' id='word_1_205' title='bbox 1619 2760 1930 2831; x_wconf 75' lang='grc' dir='ltr'>ἐπηύξησεν</span> 
     </span>
    </p>
   </div>
   <div class='ocr_carea' id='block_1_30' title="bbox 357 2842 1930 2922">
    <p class='ocr_par' dir='ltr' id='par_1_30' title="bbox 357 2842 1930 2922">
     <span class='ocr_line' id='line_1_30' title="bbox 357 2842 1930 2922; baseline 0.01 -30"><span class='ocrx_word' id='word_1_206' title='bbox 357 2842 564 2904; x_wconf 65' lang='grc' dir='ltr'>αὐτοῖς,</span> <span class='ocrx_word' id='word_1_207' title='bbox 599 2843 794 2913; x_wconf 85' lang='grc' dir='ltr'>ῶσπερ</span> <span class='ocrx_word' id='word_1_208' title='bbox 823 2845 913 2898; x_wconf 78' lang='grc' dir='ltr'>οὖν</span> <span class='ocrx_word' id='word_1_209' title='bbox 943 2846 1005 2898; x_wconf 79' lang='grc' dir='ltr'><strong>τὸ</strong></span> <span class='ocrx_word' id='word_1_210' title='bbox 1037 2850 1175 2921; x_wconf 74' lang='grc' dir='ltr'>πρὸς</span> <span class='ocrx_word' id='word_1_211' title='bbox 1219 2852 1386 2903; x_wconf 64' lang='grc' dir='ltr'>αὐτὸν</span> <span class='ocrx_word' id='word_1_212' title='bbox 1427 2852 1673 2922; x_wconf 80' lang='grc' dir='ltr'>φίλτρον,</span> <span class='ocrx_word' id='word_1_213' title='bbox 1701 2853 1844 2908; x_wconf 79' lang='grc' dir='ltr'>οὕτω</span> <span class='ocrx_word' id='word_1_214' title='bbox 1871 2857 1930 2908; x_wconf 80' lang='grc' dir='ltr'>δὲ</span> 
     </span>
    </p>
   </div>
   <div class='ocr_carea' id='block_1_31' title="bbox 358 2934 1932 3010">
    <p class='ocr_par' dir='ltr' id='par_1_31' title="bbox 358 2934 1932 3010">
     <span class='ocr_line' id='line_1_31' title="bbox 358 2934 1932 3010; baseline 0.01 -25"><span class='ocrx_word' id='word_1_215' title='bbox 358 2934 468 2986; x_wconf 71' lang='grc' dir='ltr'>καῖ’</span> <span class='ocrx_word' id='word_1_216' title='bbox 485 2936 552 2988; x_wconf 80' lang='grc' dir='ltr'>τά</span> <span class='ocrx_word' id='word_1_217' title='bbox 576 2939 919 3008; x_wconf 83' lang='grc' dir='ltr'>χρηστότερα</span> <span class='ocrx_word' id='word_1_218' title='bbox 947 2941 1147 3005; x_wconf 80' lang='grc' dir='ltr'>πάντα,</span> <span class='ocrx_word' id='word_1_219' title='bbox 1177 2942 1354 3010; x_wconf 85' lang='grc' dir='ltr'>λέγων</span> <span class='ocrx_word' id='word_1_220' title='bbox 1384 2945 1478 2997; x_wconf 81' lang='grc' dir='ltr'>καὶ</span> <span class='ocrx_word' id='word_1_221' title='bbox 1505 2945 1829 3009; x_wconf 79' lang='grc' dir='ltr'>ὑποδεικνὺς</span> <span class='ocrx_word' id='word_1_222' title='bbox 1864 2950 1932 3001; x_wconf 79' lang='grc' dir='ltr'><strong>τά</strong></span> 
     </span>
    </p>
   </div>
   <div class='ocr_carea' id='block_1_32' title="bbox 360 3029 1930 3108">
    <p class='ocr_par' dir='ltr' id='par_1_32' title="bbox 360 3029 1930 3108">
     <span class='ocr_line' id='line_1_32' title="bbox 360 3029 1930 3108; baseline 0.01 -31"><span class='ocrx_word' id='word_1_223' title='bbox 360 3029 634 3094; x_wconf 72' lang='grc' dir='ltr'>πρακτέα.</span> <span class='ocrx_word' id='word_1_224' title='bbox 673 3030 783 3083; x_wconf 73' lang='grc' dir='ltr'><strong>Καὶ</strong></span> <span class='ocrx_word' id='word_1_225' title='bbox 808 3030 962 3101; x_wconf 88' lang='grc' dir='ltr'>δηλοῖ</span> <span class='ocrx_word' id='word_1_226' title='bbox 1010 3035 1079 3086; x_wconf 81' lang='grc' dir='ltr'>τὰ</span> <span class='ocrx_word' id='word_1_227' title='bbox 1112 3033 1178 3086; x_wconf 81' lang='grc' dir='ltr'>δι’</span> <span class='ocrx_word' id='word_1_228' title='bbox 1213 3036 1394 3088; x_wconf 85' lang='grc' dir='ltr'>αὐτῶν</span> <span class='ocrx_word' id='word_1_229' title='bbox 1442 3036 1638 3108; x_wconf 85' lang='grc' dir='ltr'>ἐκείνῳ</span> <span class='ocrx_word' id='word_1_230' title='bbox 1677 3056 1930 3108; x_wconf 84' lang='grc' dir='ltr'>πεπραγ-</span> 
     </span>
    </p>
   </div>
   <div class='ocr_carea' id='block_1_33' title="bbox 2035 556 3611 625">
    <p class='ocr_par' dir='ltr' id='par_1_33' title="bbox 2035 556 3611 625">
     <span class='ocr_line' id='line_1_33' title="bbox 2035 556 3611 625; baseline 0.003 -16"><span class='ocrx_word' id='word_1_231' title='bbox 2035 557 2178 625; x_wconf 88' lang='lat' dir='ltr'><strong>quod</strong></span> <span class='ocrx_word' id='word_1_232' title='bbox 2212 556 2336 610; x_wconf 81' lang='lat' dir='ltr'><strong>aliis</strong></span> <span class='ocrx_word' id='word_1_233' title='bbox 2370 557 2614 612; x_wconf 86' lang='lat' dir='ltr'><strong>moribus</strong></span> <span class='ocrx_word' id='word_1_234' title='bbox 2643 559 2910 616; x_wconf 77' lang='lat' dir='ltr'><strong>viverent.</strong></span> <span class='ocrx_word' id='word_1_235' title='bbox 2951 558 3219 615; x_wconf 76' lang='lat' dir='ltr'><strong>Caeterum</strong></span> <span class='ocrx_word' id='word_1_236' title='bbox 3253 560 3343 614; x_wconf 91' lang='lat' dir='ltr'><strong>ille</strong></span> <span class='ocrx_word' id='word_1_237' title='bbox 3365 575 3611 614; x_wconf 80' lang='lat' dir='ltr'><strong>commo-</strong></span> 
     </span>
    </p>
   </div>
   <div class='ocr_carea' id='block_1_34' title="bbox 2033 647 3611 720">
    <p class='ocr_par' dir='ltr' id='par_1_34' title="bbox 2033 647 3611 720">
     <span class='ocr_line' id='line_1_34' title="bbox 2033 647 3611 720; baseline 0.002 -20"><span class='ocrx_word' id='word_1_238' title='bbox 2033 648 2128 702; x_wconf 78' lang='lat' dir='ltr'><strong>dat</strong></span> <span class='ocrx_word' id='word_1_239' title='bbox 2150 647 2371 716; x_wconf 88' lang='lat' dir='ltr'><strong>quidem</strong></span> <span class='ocrx_word' id='word_1_240' title='bbox 2398 648 2576 712; x_wconf 85' lang='lat' dir='ltr'><strong>fidem,</strong></span> <span class='ocrx_word' id='word_1_241' title='bbox 2601 649 2694 718; x_wconf 91' lang='lat' dir='ltr'><strong>qui</strong></span> <span class='ocrx_word' id='word_1_242' title='bbox 2721 666 2752 705; x_wconf 94' lang='lat' dir='ltr'><strong>a</strong></span> <span class='ocrx_word' id='word_1_243' title='bbox 2778 666 2836 704; x_wconf 92' lang='lat' dir='ltr'><strong>se</strong></span> <span class='ocrx_word' id='word_1_244' title='bbox 2855 653 2970 720; x_wconf 88' lang='lat' dir='ltr'><strong>ipse</strong></span> <span class='ocrx_word' id='word_1_245' title='bbox 2996 651 3154 705; x_wconf 78' lang='lat' dir='ltr'><strong>fidem</strong></span> <span class='ocrx_word' id='word_1_246' title='bbox 3188 651 3428 707; x_wconf 76' lang='lat' dir='ltr'><strong>haberet.</strong></span> <span class='ocrx_word' id='word_1_247' title='bbox 3455 649 3611 714; x_wconf 90' lang='lat' dir='ltr'><strong>Quod</strong></span> 
     </span>
    </p>
   </div>
   <div class='ocr_carea' id='block_1_35' title="bbox 2034 738 3614 808">
    <p class='ocr_par' dir='ltr' id='par_1_35' title="bbox 2034 738 3614 808">
     <span class='ocr_line' id='line_1_35' title="bbox 2034 738 3614 808; baseline 0.002 -18"><span class='ocrx_word' id='word_1_248' title='bbox 2034 738 2160 807; x_wconf 91' lang='lat' dir='ltr'><strong>quis</strong></span> <span class='ocrx_word' id='word_1_249' title='bbox 2189 738 2335 792; x_wconf 88' lang='lat' dir='ltr'><strong>enim</strong></span> <span class='ocrx_word' id='word_1_250' title='bbox 2369 739 2548 804; x_wconf 90' lang='lat' dir='ltr'><strong>habet,</strong></span> <span class='ocrx_word' id='word_1_251' title='bbox 2580 740 2741 793; x_wconf 90' lang='lat' dir='ltr'><strong>etiam</strong></span> <span class='ocrx_word' id='word_1_252' title='bbox 2770 741 2885 804; x_wconf 88' lang='lat' dir='ltr'><strong>dat,</strong></span> <span class='ocrx_word' id='word_1_253' title='bbox 2937 756 3004 795; x_wconf 89' lang='lat' dir='ltr'><strong>ac</strong></span> <span class='ocrx_word' id='word_1_254' title='bbox 3031 741 3174 808; x_wconf 88' lang='lat' dir='ltr'><strong>quod</strong></span> <span class='ocrx_word' id='word_1_255' title='bbox 3213 746 3296 794; x_wconf 89' lang='lat' dir='ltr'><strong>est</strong></span> <span class='ocrx_word' id='word_1_256' title='bbox 3330 741 3466 807; x_wconf 85' lang='lat' dir='ltr'><strong>ipse,</strong></span> <span class='ocrx_word' id='word_1_257' title='bbox 3510 740 3614 793; x_wconf 92' lang='lat' dir='ltr'><strong>hoc</strong></span> 
     </span>
    </p>
   </div>
   <div class='ocr_carea' id='block_1_36' title="bbox 2034 831 3614 901">
    <p class='ocr_par' dir='ltr' id='par_1_36' title="bbox 2034 831 3614 901">
     <span class='ocr_line' id='line_1_36' title="bbox 2034 831 3614 901; baseline -0.002 -15"><span class='ocrx_word' id='word_1_258' title='bbox 2034 831 2176 886; x_wconf 87' lang='lat' dir='ltr'><strong>alios</strong></span> <span class='ocrx_word' id='word_1_259' title='bbox 2204 847 2421 901; x_wconf 87' lang='lat' dir='ltr'><strong>quoque</strong></span> <span class='ocrx_word' id='word_1_260' title='bbox 2447 831 2761 886; x_wconf 82' lang='lat' dir='ltr'><strong>existimat:</strong></span> <span class='ocrx_word' id='word_1_261' title='bbox 2819 847 2942 885; x_wconf 93' lang='lat' dir='ltr'><strong>cum</strong></span> <span class='ocrx_word' id='word_1_262' title='bbox 2985 847 3113 886; x_wconf 86' lang='lat' dir='ltr'><strong>vero</strong></span> <span class='ocrx_word' id='word_1_263' title='bbox 3137 832 3263 895; x_wconf 84' lang='lat' dir='ltr'><strong>sibi,</strong></span> <span class='ocrx_word' id='word_1_264' title='bbox 3319 841 3433 886; x_wconf 89' lang='lat' dir='ltr'><strong>tum</strong></span> <span class='ocrx_word' id='word_1_265' title='bbox 3491 831 3614 884; x_wconf 88' lang='lat' dir='ltr'><strong>aliis</strong></span> 
     </span>
    </p>
   </div>
   <div class='ocr_carea' id='block_1_37' title="bbox 2035 922 3615 987">
    <p class='ocr_par' dir='ltr' id='par_1_37' title="bbox 2035 922 3615 987">
     <span class='ocr_line' id='line_1_37' title="bbox 2035 922 3615 987; baseline 0 -11"><span class='ocrx_word' id='word_1_266' title='bbox 2035 922 2251 982; x_wconf 87' lang='lat' dir='ltr'><strong>suadet,</strong></span> <span class='ocrx_word' id='word_1_267' title='bbox 2283 922 2616 976; x_wconf 80' lang='lat' dir='ltr'><strong>ﬁrmissimis</strong></span> <span class='ocrx_word' id='word_1_268' title='bbox 2647 923 2923 975; x_wconf 89' lang='lat' dir='ltr'><strong>rationum</strong></span> <span class='ocrx_word' id='word_1_269' title='bbox 2955 923 3274 987; x_wconf 84' lang='lat' dir='ltr'><strong>momentis,</strong></span> <span class='ocrx_word' id='word_1_270' title='bbox 3305 938 3372 975; x_wconf 92' lang='lat' dir='ltr'><strong>ne</strong></span> <span class='ocrx_word' id='word_1_271' title='bbox 3423 923 3468 977; x_wconf 89' lang='lat' dir='ltr'><strong>si</strong></span> <span class='ocrx_word' id='word_1_272' title='bbox 3525 936 3615 976; x_wconf 74' lang='lat' dir='ltr'><strong>ve-</strong></span> 
     </span>
    </p>
   </div>
   <div class='ocr_carea' id='block_1_38' title="bbox 2036 1011 3616 1081">
    <p class='ocr_par' dir='ltr' id='par_1_38' title="bbox 2036 1011 3616 1081">
     <span class='ocr_line' id='line_1_38' title="bbox 2036 1011 3616 1081; baseline -0.002 -15"><span class='ocrx_word' id='word_1_273' title='bbox 2036 1013 2156 1076; x_wconf 85' lang='lat' dir='ltr'><strong>lint,</strong></span> <span class='ocrx_word' id='word_1_274' title='bbox 2193 1027 2354 1080; x_wconf 86' lang='lat' dir='ltr'><strong>posse</strong></span> <span class='ocrx_word' id='word_1_275' title='bbox 2375 1026 2470 1066; x_wconf 90' lang='lat' dir='ltr'><strong>eos</strong></span> <span class='ocrx_word' id='word_1_276' title='bbox 2498 1011 2629 1080; x_wconf 90' lang='lat' dir='ltr'><strong>quid</strong></span> <span class='ocrx_word' id='word_1_277' title='bbox 2668 1012 2791 1065; x_wconf 89' lang='lat' dir='ltr'><strong>mali</strong></span> <span class='ocrx_word' id='word_1_278' title='bbox 2830 1011 3048 1074; x_wconf 88' lang='lat' dir='ltr'><strong>facere;</strong></span> <span class='ocrx_word' id='word_1_279' title='bbox 3089 1026 3263 1081; x_wconf 89' lang='lat' dir='ltr'><strong>eoque</strong></span> <span class='ocrx_word' id='word_1_280' title='bbox 3297 1011 3412 1064; x_wconf 84' lang='lat' dir='ltr'><strong>fore</strong></span> <span class='ocrx_word' id='word_1_281' title='bbox 3447 1019 3504 1063; x_wconf 91' lang='lat' dir='ltr'><strong>ut</strong></span> <span class='ocrx_word' id='word_1_282' title='bbox 3559 1018 3616 1063; x_wconf 80' lang='lat' dir='ltr'><strong>rt</strong></span> 
     </span>
    </p>
   </div>
   <div class='ocr_carea' id='block_1_39' title="bbox 2036 1102 3611 1173">
    <p class='ocr_par' dir='ltr' id='par_1_39' title="bbox 2036 1102 3611 1173">
     <span class='ocr_line' id='line_1_39' title="bbox 2036 1102 3611 1173; baseline -0.002 -14"><span class='ocrx_word' id='word_1_283' title='bbox 2036 1105 2209 1159; x_wconf 89' lang='lat' dir='ltr'><strong>nolint</strong></span> <span class='ocrx_word' id='word_1_284' title='bbox 2235 1144 2250 1168; x_wconf 91' lang='lat'><strong>,</strong></span> <span class='ocrx_word' id='word_1_285' title='bbox 2286 1105 2579 1173; x_wconf 86' lang='lat' dir='ltr'><strong>evenitquc</strong></span> <span class='ocrx_word' id='word_1_286' title='bbox 2600 1103 3008 1168; x_wconf 59' lang='lat' dir='ltr'><strong>uti‘3ensuerat</strong></span> <span class='ocrx_word' id='word_1_287' title='bbox 3032 1103 3147 1173; x_wconf 87' lang='lat' dir='ltr'><strong>ipse</strong></span> <span class='ocrx_word' id='word_1_288' title='bbox 3181 1117 3246 1156; x_wconf 89' lang='lat' dir='ltr'><strong>ac</strong></span> <span class='ocrx_word' id='word_1_289' title='bbox 3273 1102 3571 1157; x_wconf 74' lang='lat' dir='ltr'><strong>allirmarat</strong></span> <span class='ocrx_word' id='word_1_290' title='bbox 3598 1120 3611 1168; x_wconf 92' lang='lat'><strong>;</strong></span> 
     </span>
    </p>
   </div>
   <div class='ocr_carea' id='block_1_40' title="bbox 2034 1195 3610 1266">
    <p class='ocr_par' dir='ltr' id='par_1_40' title="bbox 2034 1195 3610 1266">
     <span class='ocr_line' id='line_1_40' title="bbox 2034 1195 3610 1266; baseline -0.001 -17"><span class='ocrx_word' id='word_1_291' title='bbox 2034 1211 2155 1266; x_wconf 75' lang='lat' dir='ltr'><strong>quae</strong></span> <span class='ocrx_word' id='word_1_292' title='bbox 2188 1211 2318 1251; x_wconf 87' lang='lat' dir='ltr'><strong>sane</strong></span> <span class='ocrx_word' id='word_1_293' title='bbox 2354 1211 2444 1251; x_wconf 89' lang='lat' dir='ltr'><strong>res</strong></span> <span class='ocrx_word' id='word_1_294' title='bbox 2499 1196 2598 1250; x_wconf 87' lang='lat' dir='ltr'><strong>tria</strong></span> <span class='ocrx_word' id='word_1_295' title='bbox 2630 1197 2744 1249; x_wconf 80' lang='lat' dir='ltr'><strong>haec</strong></span> <span class='ocrx_word' id='word_1_296' title='bbox 2776 1195 2851 1248; x_wconf 85' lang='lat' dir='ltr'><strong>illi</strong></span> <span class='ocrx_word' id='word_1_297' title='bbox 2885 1195 3103 1249; x_wconf 89' lang='lat' dir='ltr'><strong>abunde</strong></span> <span class='ocrx_word' id='word_1_298' title='bbox 3131 1195 3364 1260; x_wconf 82' lang='lat' dir='ltr'><strong>astruit;</strong></span> <span class='ocrx_word' id='word_1_299' title='bbox 3417 1203 3610 1248; x_wconf 84' lang='lat' dir='ltr'><strong>aucto—</strong></span> 
     </span>
    </p>
   </div>
   <div class='ocr_carea' id='block_1_41' title="bbox 2036 1281 3609 1356">
    <p class='ocr_par' dir='ltr' id='par_1_41' title="bbox 2036 1281 3609 1356">
     <span class='ocr_line' id='line_1_41' title="bbox 2036 1281 3609 1356; baseline -0.003 -13"><span class='ocrx_word' id='word_1_300' title='bbox 2036 1292 2247 1343; x_wconf 89' lang='lat' dir='ltr'><strong>ritatem</strong></span> <span class='ocrx_word' id='word_1_301' title='bbox 2277 1289 2341 1341; x_wconf 90' lang='lat' dir='ltr'><strong>ad</strong></span> <span class='ocrx_word' id='word_1_302' title='bbox 2371 1281 2558 1351; x_wconf 81' lang='lat' dir='ltr'><strong>fidem,</strong></span> <span class='ocrx_word' id='word_1_303' title='bbox 2591 1287 2990 1353; x_wconf 88' lang='lat' dir='ltr'><strong>fortitudinem,</strong></span> <span class='ocrx_word' id='word_1_304' title='bbox 3053 1287 3419 1356; x_wconf 86' lang='lat' dir='ltr'><strong>prudentiam,</strong></span> <span class='ocrx_word' id='word_1_305' title='bbox 3458 1286 3609 1356; x_wconf 86' lang='lat' dir='ltr'><strong>quod</strong></span> 
     </span>
    </p>
   </div>
   <div class='ocr_carea' id='block_1_42' title="bbox 2026 1379 3618 1449">
    <p class='ocr_par' dir='ltr' id='par_1_42' title="bbox 2026 1379 3618 1449">
     <span class='ocr_line' id='line_1_42' title="bbox 2026 1379 3618 1449; baseline -0.001 -14"><span class='ocrx_word' id='word_1_306' title='bbox 2026 1380 2288 1435; x_wconf 84' lang='lat' dir='ltr'><strong>habuerit</strong></span> <span class='ocrx_word' id='word_1_307' title='bbox 2323 1380 2505 1445; x_wconf 84' lang='lat' dir='ltr'><strong>fidem,</strong></span> <span class='ocrx_word' id='word_1_308' title='bbox 2548 1380 2690 1448; x_wconf 88' lang='lat' dir='ltr'><strong>quod</strong></span> <span class='ocrx_word' id='word_1_309' title='bbox 2729 1379 3006 1443; x_wconf 88' lang='lat' dir='ltr'><strong>liduciam,</strong></span> <span class='ocrx_word' id='word_1_310' title='bbox 3079 1381 3223 1449; x_wconf 90' lang='lat' dir='ltr'><strong>quod</strong></span> <span class='ocrx_word' id='word_1_311' title='bbox 3262 1381 3394 1434; x_wconf 84' lang='lat' dir='ltr'><strong>bene</strong></span> <span class='ocrx_word' id='word_1_312' title='bbox 3432 1380 3618 1447; x_wconf 82' lang='lat' dir='ltr'><strong>conje-</strong></span> 
     </span>
    </p>
   </div>
   <div class='ocr_carea' id='block_1_43' title="bbox 2035 1471 3618 1542">
    <p class='ocr_par' dir='ltr' id='par_1_43' title="bbox 2035 1471 3618 1542">
     <span class='ocr_line' id='line_1_43' title="bbox 2035 1471 3618 1542; baseline -0.001 -15"><span class='ocrx_word' id='word_1_313' title='bbox 2035 1472 2222 1528; x_wconf 85' lang='lat' dir='ltr'><strong>ctarit.</strong></span> <span class='ocrx_word' id='word_1_314' title='bbox 2253 1473 2404 1527; x_wconf 86' lang='lat' dir='ltr'><strong>Adeo</strong></span> <span class='ocrx_word' id='word_1_315' title='bbox 2423 1487 2553 1541; x_wconf 81' lang='lat' dir='ltr'><strong>ergo</strong></span> <span class='ocrx_word' id='word_1_316' title='bbox 2577 1471 3177 1528; x_wconf 69' lang='lat' dir='ltr'><strong>numerosum’militem</strong></span> <span class='ocrx_word' id='word_1_317' title='bbox 3198 1483 3502 1542; x_wconf 85' lang='lat' dir='ltr'><strong>comparat,</strong></span> <span class='ocrx_word' id='word_1_318' title='bbox 3531 1473 3618 1526; x_wconf 90' lang='lat' dir='ltr'><strong>ni-</strong></span> 
     </span>
    </p>
   </div>
   <div class='ocr_carea' id='block_1_44' title="bbox 2032 1556 3614 1632">
    <p class='ocr_par' dir='ltr' id='par_1_44' title="bbox 2032 1556 3614 1632">
     <span class='ocr_line' id='line_1_44' title="bbox 2032 1556 3614 1632; baseline 0 -14"><span class='ocrx_word' id='word_1_319' title='bbox 2032 1564 2111 1619; x_wconf 88' lang='lat' dir='ltr'><strong>hil</strong></span> <span class='ocrx_word' id='word_1_320' title='bbox 2141 1564 2292 1618; x_wconf 92' lang='lat' dir='ltr'><strong>illum</strong></span> <span class='ocrx_word' id='word_1_321' title='bbox 2325 1565 2607 1619; x_wconf 79' lang='lat' dir='ltr'><strong>vulnerum</strong></span> <span class='ocrx_word' id='word_1_322' title='bbox 2636 1564 2823 1619; x_wconf 90' lang='lat' dir='ltr'><strong>rudem</strong></span> <span class='ocrx_word' id='word_1_323' title='bbox 2847 1604 2862 1626; x_wconf 89' lang='lat'><strong>,</strong></span> <span class='ocrx_word' id='word_1_324' title='bbox 2891 1564 3032 1618; x_wconf 89' lang='lat' dir='ltr'><strong>bello</strong></span> <span class='ocrx_word' id='word_1_325' title='bbox 3051 1556 3252 1618; x_wconf 48' lang='lat' dir='ltr'><strong>‘autem</strong></span> <span class='ocrx_word' id='word_1_326' title='bbox 3293 1565 3614 1632; x_wconf 86' lang='lat' dir='ltr'><strong>cumprimis</strong></span> 
     </span>
    </p>
   </div>
   <div class='ocr_carea' id='block_1_45' title="bbox 2033 1650 3618 1724">
    <p class='ocr_par' dir='ltr' id='par_1_45' title="bbox 2033 1650 3618 1724">
     <span class='ocr_line' id='line_1_45' title="bbox 2033 1650 3618 1724; baseline -0.003 -16"><span class='ocrx_word' id='word_1_327' title='bbox 2033 1664 2429 1724; x_wconf 88' lang='lat' dir='ltr'><strong>opportunum,</strong></span> <span class='ocrx_word' id='word_1_328' title='bbox 2461 1669 2582 1706; x_wconf 88' lang='lat' dir='ltr'><strong>cum</strong></span> <span class='ocrx_word' id='word_1_329' title='bbox 2618 1663 2810 1720; x_wconf 71' lang='lat' dir='ltr'><strong>prmtcr</strong></span> <span class='ocrx_word' id='word_1_330' title='bbox 2848 1653 2962 1706; x_wconf 77' lang='lat' dir='ltr'><strong>haec</strong></span> <span class='ocrx_word' id='word_1_331' title='bbox 2992 1652 3095 1706; x_wconf 86' lang='lat' dir='ltr'><strong>tria</strong></span> <span class='ocrx_word' id='word_1_332' title='bbox 3120 1690 3134 1714; x_wconf 87' lang='lat'><strong>,</strong></span> <span class='ocrx_word' id='word_1_333' title='bbox 3190 1651 3365 1704; x_wconf 90' lang='lat' dir='ltr'><strong>nullos</strong></span> <span class='ocrx_word' id='word_1_334' title='bbox 3403 1650 3618 1718; x_wconf 79' lang='lat' dir='ltr'><strong>posuis-</strong></span> 
     </span>
    </p>
   </div>
   <div class='ocr_carea' id='block_1_46' title="bbox 2034 1743 3612 1815">
    <p class='ocr_par' dir='ltr' id='par_1_46' title="bbox 2034 1743 3612 1815">
     <span class='ocr_line' id='line_1_46' title="bbox 2034 1743 3612 1815; baseline -0.006 -14"><span class='ocrx_word' id='word_1_335' title='bbox 2034 1757 2115 1800; x_wconf 86' lang='lat' dir='ltr'><strong>set</strong></span> <span class='ocrx_word' id='word_1_336' title='bbox 2143 1755 2415 1815; x_wconf 87' lang='lat' dir='ltr'><strong>sumptus,</strong></span> <span class='ocrx_word' id='word_1_337' title='bbox 2454 1761 2704 1811; x_wconf 77' lang='lat' dir='ltr'><strong>sagacem</strong></span> <span class='ocrx_word' id='word_1_338' title='bbox 2737 1745 3005 1804; x_wconf 87' lang='lat' dir='ltr'><strong>animum,</strong></span> <span class='ocrx_word' id='word_1_339' title='bbox 3043 1745 3236 1812; x_wconf 63' lang='lat' dir='ltr'><strong>lingua:</strong></span> <span class='ocrx_word' id='word_1_340' title='bbox 3277 1743 3386 1794; x_wconf 90' lang='lat' dir='ltr'><strong>vim</strong></span> <span class='ocrx_word' id='word_1_341' title='bbox 3425 1780 3438 1803; x_wconf 87' lang='lat'><strong>,</strong></span> <span class='ocrx_word' id='word_1_342' title='bbox 3491 1755 3612 1793; x_wconf 85' lang='lat' dir='ltr'><strong>mo—</strong></span> 
     </span>
    </p>
   </div>
   <div class='ocr_carea' id='block_1_47' title="bbox 2035 1833 3616 1906">
    <p class='ocr_par' dir='ltr' id='par_1_47' title="bbox 2035 1833 3616 1906">
     <span class='ocr_line' id='line_1_47' title="bbox 2035 1833 3616 1906; baseline -0.005 -14"><span class='ocrx_word' id='word_1_343' title='bbox 2035 1854 2154 1898; x_wconf 89' lang='lat' dir='ltr'><strong>rum</strong></span> <span class='ocrx_word' id='word_1_344' title='bbox 2191 1839 2512 1902; x_wconf 82' lang='lat' dir='ltr'><strong>bonitatem,</strong></span> <span class='ocrx_word' id='word_1_345' title='bbox 2544 1837 2860 1891; x_wconf 79' lang='lat' dir='ltr'><strong>thesaurum</strong></span> <span class='ocrx_word' id='word_1_346' title='bbox 2893 1836 3050 1906; x_wconf 87' lang='lat' dir='ltr'><strong>plane</strong></span> <span class='ocrx_word' id='word_1_347' title='bbox 3095 1835 3307 1906; x_wconf 76' lang='lat' dir='ltr'><strong>singula</strong></span> <span class='ocrx_word' id='word_1_348' title='bbox 3344 1833 3616 1888; x_wconf 76' lang='lat' dir='ltr'><strong>inexhau-</strong></span> 
     </span>
    </p>
   </div>
   <div class='ocr_carea' id='block_1_48' title="bbox 2034 1937 2206 1982">
    <p class='ocr_par' dir='ltr' id='par_1_48' title="bbox 2034 1937 2206 1982">
     <span class='ocr_line' id='line_1_48' title="bbox 2034 1937 2206 1982; baseline -0.012 0"><span class='ocrx_word' id='word_1_349' title='bbox 2034 1937 2206 1982; x_wconf 89' lang='lat' dir='ltr'><strong>stum.</strong></span> 
     </span>
    </p>
   </div>
   <div class='ocr_carea' id='block_1_49' title="bbox 2097 2019 3618 2091">
    <p class='ocr_par' dir='ltr' id='par_1_49' title="bbox 2097 2019 3618 2091">
     <span class='ocr_line' id='line_1_49' title="bbox 2097 2019 3618 2091; baseline -0.005 -17"><span class='ocrx_word' id='word_1_350' title='bbox 2097 2020 2235 2076; x_wconf 78' lang='lat' dir='ltr'><strong>Cum</strong></span> <span class='ocrx_word' id='word_1_351' title='bbox 2263 2021 2446 2089; x_wconf 87' lang='lat' dir='ltr'><strong>itaque</strong></span> <span class='ocrx_word' id='word_1_352' title='bbox 2477 2025 2701 2091; x_wconf 71' lang='lat' dir='ltr'><strong>excepta</strong></span> <span class='ocrx_word' id='word_1_353' title='bbox 2765 2020 3128 2091; x_wconf 72' lang='lat' dir='ltr'><strong>Peloponnesi</strong></span> <span class='ocrx_word' id='word_1_354' title='bbox 3157 2019 3376 2082; x_wconf 82' lang='lat' dir='ltr'><strong>virtute,</strong></span> <span class='ocrx_word' id='word_1_355' title='bbox 3411 2031 3531 2086; x_wconf 68' lang='lat' dir='ltr'><strong>qua:</strong></span> <span class='ocrx_word' id='word_1_356' title='bbox 3565 2026 3618 2070; x_wconf 89' lang='lat' dir='ltr'><strong>et</strong></span> 
     </span>
    </p>
   </div>
   <div class='ocr_carea' id='block_1_50' title="bbox 2035 2108 3618 2184">
    <p class='ocr_par' dir='ltr' id='par_1_50' title="bbox 2035 2108 3618 2184">
     <span class='ocr_line' id='line_1_50' title="bbox 2035 2108 3618 2184; baseline -0.005 -15"><span class='ocrx_word' id='word_1_357' title='bbox 2035 2114 2154 2184; x_wconf 84' lang='lat' dir='ltr'><strong>ipsa</strong></span> <span class='ocrx_word' id='word_1_358' title='bbox 2185 2129 2278 2184; x_wconf 84' lang='lat' dir='ltr'><strong>per</strong></span> <span class='ocrx_word' id='word_1_359' title='bbox 2299 2129 2358 2170; x_wconf 90' lang='lat' dir='ltr'><strong>se</strong></span> <span class='ocrx_word' id='word_1_360' title='bbox 2383 2128 2490 2168; x_wconf 84' lang='lat' dir='ltr'><strong>non</strong></span> <span class='ocrx_word' id='word_1_361' title='bbox 2521 2115 2734 2168; x_wconf 86' lang='lat' dir='ltr'><strong>molica</strong></span> <span class='ocrx_word' id='word_1_362' title='bbox 2763 2123 2930 2179; x_wconf 80' lang='lat' dir='ltr'><strong>esset,</strong></span> <span class='ocrx_word' id='word_1_363' title='bbox 2963 2111 3217 2166; x_wconf 72' lang='lat' dir='ltr'><strong>maxima:</strong></span> <span class='ocrx_word' id='word_1_364' title='bbox 3241 2124 3337 2163; x_wconf 87' lang='lat' dir='ltr'><strong>eos</strong></span> <span class='ocrx_word' id='word_1_365' title='bbox 3393 2108 3618 2162; x_wconf 74' lang='lat' dir='ltr'><strong>haberet</strong></span> 
     </span>
    </p>
   </div>
   <div class='ocr_carea' id='block_1_51' title="bbox 2036 2198 3617 2274">
    <p class='ocr_par' dir='ltr' id='par_1_51' title="bbox 2036 2198 3617 2274">
     <span class='ocr_line' id='line_1_51' title="bbox 2036 2198 3617 2274; baseline -0.006 -16"><span class='ocrx_word' id='word_1_366' title='bbox 2036 2203 2369 2259; x_wconf 84' lang='lat' dir='ltr'><strong>accessionis</strong></span> <span class='ocrx_word' id='word_1_367' title='bbox 2400 2205 2540 2270; x_wconf 87' lang='lat' dir='ltr'><strong>loco,</strong></span> <span class='ocrx_word' id='word_1_368' title='bbox 2578 2203 2769 2274; x_wconf 84' lang='lat' dir='ltr'><strong>majori</strong></span> <span class='ocrx_word' id='word_1_369' title='bbox 2793 2218 2958 2272; x_wconf 86' lang='lat' dir='ltr'><strong>supra</strong></span> <span class='ocrx_word' id='word_1_370' title='bbox 2999 2217 3218 2256; x_wconf 91' lang='lat' dir='ltr'><strong>omnem</strong></span> <span class='ocrx_word' id='word_1_371' title='bbox 3243 2198 3617 2254; x_wconf 47' lang='lat' dir='ltr'><strong>existimatio.</strong></span> 
     </span>
    </p>
   </div>
   <div class='ocr_carea' id='block_1_52' title="bbox 2035 2288 3617 2361">
    <p class='ocr_par' dir='ltr' id='par_1_52' title="bbox 2035 2288 3617 2361">
     <span class='ocr_line' id='line_1_52' title="bbox 2035 2288 3617 2361; baseline -0.006 -13"><span class='ocrx_word' id='word_1_372' title='bbox 2035 2309 2160 2348; x_wconf 85' lang='lat' dir='ltr'><strong>nem</strong></span> <span class='ocrx_word' id='word_1_373' title='bbox 2201 2294 2481 2361; x_wconf 79' lang='lat' dir='ltr'><strong>facilitate,</strong></span> <span class='ocrx_word' id='word_1_374' title='bbox 2513 2296 2648 2349; x_wconf 89' lang='lat' dir='ltr'><strong>bene</strong></span> <span class='ocrx_word' id='word_1_375' title='bbox 2673 2310 2738 2348; x_wconf 82' lang='lat' dir='ltr'><strong>ex</strong></span> <span class='ocrx_word' id='word_1_376' title='bbox 2767 2295 2948 2348; x_wconf 90' lang='lat' dir='ltr'><strong>animo</strong></span> <span class='ocrx_word' id='word_1_377' title='bbox 3002 2293 3186 2347; x_wconf 90' lang='lat' dir='ltr'><strong>omnia</strong></span> <span class='ocrx_word' id='word_1_378' title='bbox 3220 2288 3617 2346; x_wconf 85' lang='lat' dir='ltr'><strong>constituebat.</strong></span> 
     </span>
    </p>
   </div>
   <div class='ocr_carea' id='block_1_53' title="bbox 2036 2385 3617 2456">
    <p class='ocr_par' dir='ltr' id='par_1_53' title="bbox 2036 2385 3617 2456">
     <span class='ocr_line' id='line_1_53' title="bbox 2036 2385 3617 2456; baseline -0.008 -13"><span class='ocrx_word' id='word_1_379' title='bbox 2036 2385 2269 2453; x_wconf 87' lang='lat' dir='ltr'><strong>Quando</strong></span> <span class='ocrx_word' id='word_1_380' title='bbox 2301 2387 2448 2441; x_wconf 86' lang='lat' dir='ltr'><strong>enim</strong></span> <span class='ocrx_word' id='word_1_381' title='bbox 2478 2386 2688 2441; x_wconf 79' lang='lat' dir='ltr'><strong>modica</strong></span> <span class='ocrx_word' id='word_1_382' title='bbox 2721 2397 2941 2456; x_wconf 87' lang='lat' dir='ltr'><strong>quoque</strong></span> <span class='ocrx_word' id='word_1_383' title='bbox 2965 2386 3210 2442; x_wconf 81' lang='lat' dir='ltr'><strong>accessio</strong></span> <span class='ocrx_word' id='word_1_384' title='bbox 3240 2398 3350 2437; x_wconf 90' lang='lat' dir='ltr'><strong>non</strong></span> <span class='ocrx_word' id='word_1_385' title='bbox 3381 2397 3506 2436; x_wconf 90' lang='lat' dir='ltr'><strong>raro</strong></span> <span class='ocrx_word' id='word_1_386' title='bbox 3531 2387 3617 2432; x_wconf 87' lang='lat' dir='ltr'><strong>to-</strong></span> 
     </span>
    </p>
   </div>
   <div class='ocr_carea' id='block_1_54' title="bbox 2037 2472 3620 2550">
    <p class='ocr_par' dir='ltr' id='par_1_54' title="bbox 2037 2472 3620 2550">
     <span class='ocr_line' id='line_1_54' title="bbox 2037 2472 3620 2550; baseline -0.006 -16"><span class='ocrx_word' id='word_1_387' title='bbox 2037 2489 2150 2534; x_wconf 90' lang='lat' dir='ltr'><strong>tum</strong></span> <span class='ocrx_word' id='word_1_388' title='bbox 2180 2490 2422 2550; x_wconf 62' lang='lat' dir='ltr'><strong>praestat,</strong></span> <span class='ocrx_word' id='word_1_389' title='bbox 2449 2479 2578 2547; x_wconf 87' lang='lat' dir='ltr'><strong>quid</strong></span> <span class='ocrx_word' id='word_1_390' title='bbox 2607 2494 2713 2533; x_wconf 91' lang='lat' dir='ltr'><strong>non</strong></span> <span class='ocrx_word' id='word_1_391' title='bbox 2748 2487 2896 2532; x_wconf 87' lang='lat' dir='ltr'><strong>tanta</strong></span> <span class='ocrx_word' id='word_1_392' title='bbox 2924 2479 3034 2542; x_wconf 90' lang='lat' dir='ltr'><strong>illa,</strong></span> <span class='ocrx_word' id='word_1_393' title='bbox 3071 2477 3262 2546; x_wconf 83' lang='lat' dir='ltr'><strong>reique</strong></span> <span class='ocrx_word' id='word_1_394' title='bbox 3303 2474 3440 2528; x_wconf 87' lang='lat' dir='ltr'><strong>adeo</strong></span> <span class='ocrx_word' id='word_1_395' title='bbox 3467 2472 3620 2526; x_wconf 88' lang='lat' dir='ltr'><strong>belli-</strong></span> 
     </span>
    </p>
   </div>
   <div class='ocr_carea' id='block_1_55' title="bbox 2037 2565 3728 2643">
    <p class='ocr_par' dir='ltr' id='par_1_55' title="bbox 2037 2565 3728 2643">
     <span class='ocr_line' id='line_1_55' title="bbox 2037 2565 3728 2643; baseline -0.008 -17"><span class='ocrx_word' id='word_1_396' title='bbox 2037 2587 2115 2628; x_wconf 70' lang='lat' dir='ltr'><strong>cae</strong></span> <span class='ocrx_word' id='word_1_397' title='bbox 2146 2575 2336 2641; x_wconf 88' lang='lat' dir='ltr'><strong>peritia</strong></span> <span class='ocrx_word' id='word_1_398' title='bbox 2367 2583 2650 2643; x_wconf 73' lang='lat' dir='ltr'><strong>praestans,</strong></span> <span class='ocrx_word' id='word_1_399' title='bbox 2688 2570 3006 2627; x_wconf 87' lang='lat' dir='ltr'><strong>confectura</strong></span> <span class='ocrx_word' id='word_1_400' title='bbox 3049 2569 3207 2624; x_wconf 79' lang='lat' dir='ltr'><strong>erat?</strong></span> <span class='ocrx_word' id='word_1_401' title='bbox 3236 2565 3424 2634; x_wconf 82' lang='lat' dir='ltr'><strong>Neque</strong></span> <span class='ocrx_word' id='word_1_402' title='bbox 3473 2565 3620 2617; x_wconf 75' lang='lat' dir='ltr'><strong>enim</strong></span> <span class='ocrx_word' id='word_1_403' title='bbox 3717 2614 3728 2625; x_wconf 77' lang='grc'><strong>,</strong></span> 
     </span>
    </p>
   </div>
   <div class='ocr_carea' id='block_1_56' title="bbox 2037 2654 3619 2734">
    <p class='ocr_par' dir='ltr' id='par_1_56' title="bbox 2037 2654 3619 2734">
     <span class='ocr_line' id='line_1_56' title="bbox 2037 2654 3619 2734; baseline -0.005 -20"><span class='ocrx_word' id='word_1_404' title='bbox 2037 2681 2346 2734; x_wconf 83' lang='lat' dir='ltr'><strong>quanquam</strong></span> <span class='ocrx_word' id='word_1_405' title='bbox 2401 2679 2496 2734; x_wconf 90' lang='lat' dir='ltr'><strong>per</strong></span> <span class='ocrx_word' id='word_1_406' title='bbox 2517 2679 2576 2717; x_wconf 88' lang='lat' dir='ltr'><strong>se</strong></span> <span class='ocrx_word' id='word_1_407' title='bbox 2634 2664 2846 2718; x_wconf 70' lang='lat' dir='ltr'><strong>alat-res</strong></span> <span class='ocrx_word' id='word_1_408' title='bbox 2900 2678 2963 2716; x_wconf 88' lang='lat' dir='ltr'><strong>ac</strong></span> <span class='ocrx_word' id='word_1_409' title='bbox 3025 2659 3234 2716; x_wconf 89' lang='lat' dir='ltr'><strong>strenui</strong></span> <span class='ocrx_word' id='word_1_410' title='bbox 3271 2654 3619 2722; x_wconf 85' lang='lat' dir='ltr'><strong>erant,omi-—</strong></span> 
     </span>
    </p>
   </div>
   <div class='ocr_carea' id='block_1_57' title="bbox 2037 2749 3622 2824">
    <p class='ocr_par' dir='ltr' id='par_1_57' title="bbox 2037 2749 3622 2824">
     <span class='ocr_line' id='line_1_57' title="bbox 2037 2749 3622 2824; baseline -0.007 -13"><span class='ocrx_word' id='word_1_411' title='bbox 2037 2760 2204 2820; x_wconf 83' lang='lat' dir='ltr'><strong>sit,ut</strong></span> <span class='ocrx_word' id='word_1_412' title='bbox 2237 2757 2487 2812; x_wconf 87' lang='lat' dir='ltr'><strong>meliores</strong></span> <span class='ocrx_word' id='word_1_413' title='bbox 2519 2756 2752 2811; x_wconf 79' lang='lat' dir='ltr'><strong>efﬁceret</strong></span> <span class='ocrx_word' id='word_1_414' title='bbox 2776 2757 2939 2824; x_wconf 91' lang='lat' dir='ltr'><strong>;quin</strong></span> <span class='ocrx_word' id='word_1_415' title='bbox 2969 2755 3100 2820; x_wconf 90' lang='lat' dir='ltr'><strong>imo,</strong></span> <span class='ocrx_word' id='word_1_416' title='bbox 3131 2755 3205 2808; x_wconf 92' lang='lat' dir='ltr'><strong>uti</strong></span> <span class='ocrx_word' id='word_1_417' title='bbox 3241 2765 3430 2806; x_wconf 89' lang='lat' dir='ltr'><strong>eorum</strong></span> <span class='ocrx_word' id='word_1_418' title='bbox 3469 2749 3522 2802; x_wconf 88' lang='lat' dir='ltr'><strong>itt</strong></span> <span class='ocrx_word' id='word_1_419' title='bbox 3564 2761 3622 2801; x_wconf 88' lang='lat' dir='ltr'><strong>se</strong></span> 
     </span>
    </p>
   </div>
   <div class='ocr_carea' id='block_1_58' title="bbox 2039 2845 3624 2913">
    <p class='ocr_par' dir='ltr' id='par_1_58' title="bbox 2039 2845 3624 2913">
     <span class='ocr_line' id='line_1_58' title="bbox 2039 2845 3624 2913; baseline -0.007 -11"><span class='ocrx_word' id='word_1_420' title='bbox 2039 2864 2302 2913; x_wconf 91' lang='lat' dir='ltr'><strong>amorem,</strong></span> <span class='ocrx_word' id='word_1_421' title='bbox 2337 2849 2416 2902; x_wconf 90' lang='lat' dir='ltr'><strong>sic</strong></span> <span class='ocrx_word' id='word_1_422' title='bbox 2439 2857 2491 2903; x_wconf 92' lang='lat' dir='ltr'><strong>et</strong></span> <span class='ocrx_word' id='word_1_423' title='bbox 2515 2848 2736 2901; x_wconf 86' lang='lat' dir='ltr'><strong>meliora</strong></span> <span class='ocrx_word' id='word_1_424' title='bbox 2765 2848 2949 2902; x_wconf 89' lang='lat' dir='ltr'><strong>omnia</strong></span> <span class='ocrx_word' id='word_1_425' title='bbox 2974 2847 3053 2900; x_wconf 83' lang='lat' dir='ltr'><strong>eis</strong></span> <span class='ocrx_word' id='word_1_426' title='bbox 3079 2845 3299 2899; x_wconf 75' lang='lat' dir='ltr'><strong>adauxit</strong></span> <span class='ocrx_word' id='word_1_427' title='bbox 3325 2883 3339 2905; x_wconf 91' lang='lat'><strong>,</strong></span> <span class='ocrx_word' id='word_1_428' title='bbox 3369 2855 3476 2910; x_wconf 85' lang='lat' dir='ltr'><strong>qua</strong></span> <span class='ocrx_word' id='word_1_429' title='bbox 3503 2853 3624 2893; x_wconf 50' lang='lat' dir='ltr'><strong>ver-v</strong></span> 
     </span>
    </p>
   </div>
   <div class='ocr_carea' id='block_1_59' title="bbox 2041 2922 3617 3011">
    <p class='ocr_par' dir='ltr' id='par_1_59' title="bbox 2041 2922 3617 3011">
     <span class='ocr_line' id='line_1_59' title="bbox 2041 2922 3617 3011; baseline -0.01 -15"><span class='ocrx_word' id='word_1_430' title='bbox 2041 2943 2145 3005; x_wconf 87' lang='lat' dir='ltr'><strong>bis,</strong></span> <span class='ocrx_word' id='word_1_431' title='bbox 2175 2955 2281 3011; x_wconf 86' lang='lat' dir='ltr'><strong>qua</strong></span> <span class='ocrx_word' id='word_1_432' title='bbox 2326 2941 2492 2995; x_wconf 89' lang='lat' dir='ltr'><strong>rebus</strong></span> <span class='ocrx_word' id='word_1_433' title='bbox 2523 2951 2866 3000; x_wconf 89' lang='lat' dir='ltr'><strong>monstrans,</strong></span> <span class='ocrx_word' id='word_1_434' title='bbox 2899 2953 3021 3007; x_wconf 73' lang='lat' dir='ltr'><strong>qua:</strong></span> <span class='ocrx_word' id='word_1_435' title='bbox 3051 2935 3193 2989; x_wconf 85' lang='lat' dir='ltr'><strong>facto</strong></span> <span class='ocrx_word' id='word_1_436' title='bbox 3226 2950 3365 3003; x_wconf 90' lang='lat' dir='ltr'><strong>opus</strong></span> <span class='ocrx_word' id='word_1_437' title='bbox 3392 2922 3617 2990; x_wconf 77' lang='lat' dir='ltr'><strong>essent:</strong></span> 
     </span>
    </p>
   </div>
   <div class='ocr_carea' id='block_1_60' title="bbox 2043 3023 3618 3102">
    <p class='ocr_par' dir='ltr' id='par_1_60' title="bbox 2043 3023 3618 3102">
     <span class='ocr_line' id='line_1_60' title="bbox 2043 3023 3618 3102; baseline -0.009 -15"><span class='ocrx_word' id='word_1_438' title='bbox 2043 3035 2389 3102; x_wconf 86' lang='lat' dir='ltr'><strong>produntque</strong></span> <span class='ocrx_word' id='word_1_439' title='bbox 2409 3047 2506 3102; x_wconf 88' lang='lat' dir='ltr'><strong>per</strong></span> <span class='ocrx_word' id='word_1_440' title='bbox 2522 3047 2617 3088; x_wconf 90' lang='lat' dir='ltr'><strong>eos</strong></span> <span class='ocrx_word' id='word_1_441' title='bbox 2652 3033 2717 3085; x_wconf 90' lang='lat' dir='ltr'><strong>ab</strong></span> <span class='ocrx_word' id='word_1_442' title='bbox 2739 3031 2830 3085; x_wconf 88' lang='lat' dir='ltr'><strong>illo</strong></span> <span class='ocrx_word' id='word_1_443' title='bbox 2858 3039 3006 3101; x_wconf 79' lang='lat' dir='ltr'><strong>gesta</strong></span> <span class='ocrx_word' id='word_1_444' title='bbox 3030 3047 3044 3095; x_wconf 90' lang='lat'><strong>;</strong></span> <span class='ocrx_word' id='word_1_445' title='bbox 3076 3041 3386 3098; x_wconf 85' lang='lat' dir='ltr'><strong>quanquam</strong></span> <span class='ocrx_word' id='word_1_446' title='bbox 3408 3023 3488 3078; x_wconf 88' lang='lat' dir='ltr'><strong>eis</strong></span> <span class='ocrx_word' id='word_1_447' title='bbox 3512 3035 3618 3075; x_wconf 77' lang='lat' dir='ltr'><strong>non</strong></span> 
     </span>
    </p>
   </div>
   <div class='ocr_carea' id='block_1_61' title="bbox 363 3113 1937 3206">
    <p class='ocr_par' dir='ltr' id='par_1_61' title="bbox 363 3119 1929 3201">
     <span class='ocr_line' id='line_1_61' title="bbox 363 3119 1929 3201; baseline 0.009 -30"><span class='ocrx_word' id='word_1_448' title='bbox 363 3119 526 3187; x_wconf 87' lang='grc' dir='ltr'>μένα,</span> <span class='ocrx_word' id='word_1_449' title='bbox 555 3122 605 3174; x_wconf 88' lang='grc' dir='ltr'><strong>εί</strong></span> <span class='ocrx_word' id='word_1_450' title='bbox 635 3124 730 3174; x_wconf 75' lang='grc' dir='ltr'>καὶ</span> <span class='ocrx_word' id='word_1_451' title='bbox 761 3123 836 3193; x_wconf 75' lang='grc' dir='ltr'>μὴ</span> <span class='ocrx_word' id='word_1_452' title='bbox 862 3125 922 3177; x_wconf 76' lang='grc' dir='ltr'>τὸ</span> <span class='ocrx_word' id='word_1_453' title='bbox 946 3127 1056 3178; x_wconf 78' lang='grc' dir='ltr'><strong>πᾶν</strong></span> <span class='ocrx_word' id='word_1_454' title='bbox 1087 3128 1268 3191; x_wconf 80' lang='grc' dir='ltr'>αὐτοῖς</span> <span class='ocrx_word' id='word_1_455' title='bbox 1295 3128 1616 3197; x_wconf 82' lang='grc' dir='ltr'>ἀνατίθημι.</span> <span class='ocrx_word' id='word_1_456' title='bbox 1643 3131 1764 3193; x_wconf 86' lang='grc' dir='ltr'>Πῶς</span> <span class='ocrx_word' id='word_1_457' title='bbox 1786 3134 1929 3201; x_wconf 85' lang='grc' dir='ltr'><strong>γάρ;</strong></span> 
     </span>
    </p>
   </div>
   <div class='ocr_carea' id='block_1_62' title="bbox 2042 3113 3623 3206">
    <p class='ocr_par' dir='ltr' id='par_1_62' title="bbox 2042 3113 3623 3196">
     <span class='ocr_line' id='line_1_62' title="bbox 2042 3113 3623 3196; baseline -0.011 -12"><span class='ocrx_word' id='word_1_458' title='bbox 2042 3129 2222 3184; x_wconf 87' lang='lat' dir='ltr'><strong>omnia</strong></span> <span class='ocrx_word' id='word_1_459' title='bbox 2257 3136 2480 3196; x_wconf 88' lang='lat' dir='ltr'><strong>accepta</strong></span> <span class='ocrx_word' id='word_1_460' title='bbox 2516 3124 2715 3180; x_wconf 84' lang='lat' dir='ltr'><strong>refero.</strong></span> <span class='ocrx_word' id='word_1_461' title='bbox 2760 3125 2862 3190; x_wconf 80' lang='lat' dir='ltr'><strong>Qui</strong></span> <span class='ocrx_word' id='word_1_462' title='bbox 2888 3123 3072 3176; x_wconf 88' lang='lat' dir='ltr'><strong>enim?</strong></span> <span class='ocrx_word' id='word_1_463' title='bbox 3105 3121 3297 3175; x_wconf 81' lang='lat' dir='ltr'><strong>Nonne</strong></span> <span class='ocrx_word' id='word_1_464' title='bbox 3344 3119 3489 3172; x_wconf 89' lang='lat' dir='ltr'><strong>enim</strong></span> <span class='ocrx_word' id='word_1_465' title='bbox 3523 3113 3623 3168; x_wconf 88' lang='lat' dir='ltr'><strong>ho-</strong></span> 
     </span>
    </p>
   </div>
   <div class='ocr_carea' id='block_1_63' title="bbox 358 3211 1935 3294">
    <p class='ocr_par' dir='ltr' id='par_1_63' title="bbox 358 3211 1935 3294">
     <span class='ocr_line' id='line_1_63' title="bbox 358 3211 1935 3294; baseline 0.009 -31"><span class='ocrx_word' id='word_1_466' title='bbox 358 3214 432 3264; x_wconf 69' lang='grc' dir='ltr'><strong>Οὔ</strong></span> <span class='ocrx_word' id='word_1_467' title='bbox 462 3215 572 3282; x_wconf 75' lang='grc' dir='ltr'><strong>γάρ</strong></span> <span class='ocrx_word' id='word_1_468' title='bbox 599 3213 880 3282; x_wconf 82' lang='grc' dir='ltr'>δυσμενῶν</span> <span class='ocrx_word' id='word_1_469' title='bbox 909 3211 1022 3270; x_wconf 77' lang='grc' dir='ltr'>εἷλε</span> <span class='ocrx_word' id='word_1_470' title='bbox 1052 3218 1256 3281; x_wconf 86' lang='grc' dir='ltr'>πόλεις,</span> <span class='ocrx_word' id='word_1_471' title='bbox 1285 3220 1386 3284; x_wconf 79' lang='grc' dir='ltr'><strong>τὰς</strong></span> <span class='ocrx_word' id='word_1_472' title='bbox 1418 3223 1518 3290; x_wconf 83' lang='grc' dir='ltr'>μὲν</span> <span class='ocrx_word' id='word_1_473' title='bbox 1572 3223 1935 3294; x_wconf 75' lang='grc' dir='ltr'>πολιορκήσας</span> 
     </span>
    </p>
   </div>
   <div class='ocr_carea' id='block_1_64' title="bbox 356 3307 1930 3384">
    <p class='ocr_par' dir='ltr' id='par_1_64' title="bbox 356 3307 1930 3384">
     <span class='ocr_line' id='line_1_64' title="bbox 356 3307 1930 3384; baseline 0.008 -28"><span class='ocrx_word' id='word_1_474' title='bbox 356 3322 416 3358; x_wconf 89' lang='grc' dir='ltr'>τε</span> <span class='ocrx_word' id='word_1_475' title='bbox 454 3307 552 3359; x_wconf 68' lang='grc' dir='ltr'>καὶ</span> <span class='ocrx_word' id='word_1_476' title='bbox 604 3308 1130 3376; x_wconf 76' lang='grc' dir='ltr'>παραστησάμενος.</span> <span class='ocrx_word' id='word_1_477' title='bbox 1179 3311 1279 3372; x_wconf 74' lang='grc' dir='ltr'>τὰς</span> <span class='ocrx_word' id='word_1_478' title='bbox 1334 3312 1378 3364; x_wconf 82' lang='grc' dir='ltr'>δ’</span> <span class='ocrx_word' id='word_1_479' title='bbox 1410 3313 1661 3368; x_wconf 77' lang='grc' dir='ltr'>αὐτοϐοεὶ</span> <span class='ocrx_word' id='word_1_480' title='bbox 1707 3314 1786 3384; x_wconf 86' lang='grc' dir='ltr'>τῷ</span> <span class='ocrx_word' id='word_1_481' title='bbox 1834 3333 1930 3369; x_wconf 65' lang='grc' dir='ltr'>που</span> 
     </span>
    </p>
   </div>
   <div class='ocr_carea' id='block_1_65' title="bbox 356 3398 1938 3478">
    <p class='ocr_par' dir='ltr' id='par_1_65' title="bbox 356 3398 1938 3478">
     <span class='ocr_line' id='line_1_65' title="bbox 356 3398 1938 3478; baseline 0.008 -30"><span class='ocrx_word' id='word_1_482' title='bbox 356 3398 534 3466; x_wconf 69' lang='grc' dir='ltr'>λέμῳ,</span> <span class='ocrx_word' id='word_1_483' title='bbox 567 3400 664 3461; x_wconf 65' lang='grc' dir='ltr'><strong>τὰς</strong></span> <span class='ocrx_word' id='word_1_484' title='bbox 696 3399 920 3464; x_wconf 82' lang='grc' dir='ltr'>πλείους</span> <span class='ocrx_word' id='word_1_485' title='bbox 949 3401 1005 3454; x_wconf 86' lang='grc' dir='ltr'>δὲ</span> <span class='ocrx_word' id='word_1_486' title='bbox 1040 3403 1134 3454; x_wconf 70' lang='grc' dir='ltr'>καὶ</span> <span class='ocrx_word' id='word_1_487' title='bbox 1177 3405 1468 3470; x_wconf 82' lang='grc' dir='ltr'>φθασάσας</span> <span class='ocrx_word' id='word_1_488' title='bbox 1500 3406 1601 3472; x_wconf 80' lang='grc' dir='ltr'>τὴν</span> <span class='ocrx_word' id='word_1_489' title='bbox 1635 3410 1734 3476; x_wconf 80' lang='grc' dir='ltr'><strong>τῆς</strong></span> <span class='ocrx_word' id='word_1_490' title='bbox 1775 3425 1938 3478; x_wconf 78' lang='grc' dir='ltr'>στραο</span> 
     </span>
    </p>
   </div>
   <div class='ocr_carea' id='block_1_66' title="bbox 358 3489 1936 3566">
    <p class='ocr_par' dir='ltr' id='par_1_66' title="bbox 358 3489 1936 3566">
     <span class='ocr_line' id='line_1_66' title="bbox 358 3489 1936 3566; baseline 0.012 -31"><span class='ocrx_word' id='word_1_491' title='bbox 358 3491 484 3552; x_wconf 82' lang='grc' dir='ltr'>τιᾶς</span> <span class='ocrx_word' id='word_1_492' title='bbox 509 3489 721 3555; x_wconf 64' lang='grc' dir='ltr'>ἔφοδον,</span> <span class='ocrx_word' id='word_1_493' title='bbox 777 3492 873 3543; x_wconf 73' lang='grc' dir='ltr'><strong>καὶ</strong></span> <span class='ocrx_word' id='word_1_494' title='bbox 918 3494 1048 3560; x_wconf 70' lang='grc' dir='ltr'>πρὶν</span> <span class='ocrx_word' id='word_1_495' title='bbox 1092 3493 1185 3546; x_wconf 79' lang='grc' dir='ltr'><strong>τοῦ</strong></span> <span class='ocrx_word' id='word_1_496' title='bbox 1217 3495 1428 3566; x_wconf 87' lang='grc' dir='ltr'>ταύτην</span> <span class='ocrx_word' id='word_1_497' title='bbox 1475 3497 1643 3565; x_wconf 78' lang='grc' dir='ltr'>ἐγγὺς</span> <span class='ocrx_word' id='word_1_498' title='bbox 1685 3499 1936 3566; x_wconf 83' lang='grc' dir='ltr'>γενέσθαι</span> 
     </span>
    </p>
   </div>
   <div class='ocr_carea' id='block_1_67' title="bbox 363 3583 1941 3661">
    <p class='ocr_par' dir='ltr' id='par_1_67' title="bbox 363 3583 1941 3661">
     <span class='ocr_line' id='line_1_67' title="bbox 363 3583 1941 3661; baseline 0.008 -27"><span class='ocrx_word' id='word_1_499' title='bbox 363 3583 806 3651; x_wconf 69' lang='grc' dir='ltr'>παραδοθείσας;</span> <span class='ocrx_word' id='word_1_500' title='bbox 853 3584 927 3636; x_wconf 85' lang='grc' dir='ltr'><strong>Οὐ</strong></span> <span class='ocrx_word' id='word_1_501' title='bbox 963 3584 1204 3650; x_wconf 76' lang='grc' dir='ltr'>δεδιότας</span> <span class='ocrx_word' id='word_1_502' title='bbox 1254 3587 1425 3655; x_wconf 76' lang='grc' dir='ltr'>ἔδειξε</span> <span class='ocrx_word' id='word_1_503' title='bbox 1457 3591 1584 3654; x_wconf 84' lang='grc' dir='ltr'>τοὺς</span> <span class='ocrx_word' id='word_1_504' title='bbox 1629 3592 1941 3661; x_wconf 87' lang='grc' dir='ltr'>δεδιττομέ-</span> 
     </span>
    </p>
   </div>
   <div class='ocr_carea' id='block_1_68' title="bbox 360 3675 1940 3754">
    <p class='ocr_par' dir='ltr' id='par_1_68' title="bbox 360 3675 1940 3754">
     <span class='ocr_line' id='line_1_68' title="bbox 360 3675 1940 3754; baseline 0.007 -28"><span class='ocrx_word' id='word_1_505' title='bbox 360 3693 522 3742; x_wconf 85' lang='grc' dir='ltr'>νους;</span> <span class='ocrx_word' id='word_1_506' title='bbox 556 3676 631 3727; x_wconf 79' lang='grc' dir='ltr'>Ού</span> <span class='ocrx_word' id='word_1_507' title='bbox 660 3675 840 3728; x_wconf 83' lang='grc' dir='ltr'>πάντα</span> <span class='ocrx_word' id='word_1_508' title='bbox 871 3677 1024 3729; x_wconf 83' lang='grc' dir='ltr'>ταῦτ’</span> <span class='ocrx_word' id='word_1_509' title='bbox 1054 3679 1231 3732; x_wconf 76' lang='grc' dir='ltr'>ἐποίει</span> <span class='ocrx_word' id='word_1_510' title='bbox 1267 3683 1398 3744; x_wconf 76' lang='grc' dir='ltr'>τοὺς</span> <span class='ocrx_word' id='word_1_511' title='bbox 1425 3682 1714 3751; x_wconf 82' lang='grc' dir='ltr'>δυσμενεῖς</span> <span class='ocrx_word' id='word_1_512' title='bbox 1741 3683 1940 3754; x_wconf 83' lang='grc' dir='ltr'>θρασυ-</span> 
     </span>
    </p>
   </div>
   <div class='ocr_carea' id='block_1_69' title="bbox 361 3766 1939 3841">
    <p class='ocr_par' dir='ltr' id='par_1_69' title="bbox 361 3766 1939 3841">
     <span class='ocr_line' id='line_1_69' title="bbox 361 3766 1939 3841; baseline 0.008 -26"><span class='ocrx_word' id='word_1_513' title='bbox 361 3766 625 3833; x_wconf 79' lang='grc' dir='ltr'>νομένους</span> <span class='ocrx_word' id='word_1_514' title='bbox 677 3768 799 3827; x_wconf 88' lang='grc' dir='ltr'>ταῖς</span> <span class='ocrx_word' id='word_1_515' title='bbox 855 3766 960 3836; x_wconf 72' lang='grc' dir='ltr'>πρὸ</span> <span class='ocrx_word' id='word_1_516' title='bbox 1017 3769 1112 3835; x_wconf 78' lang='grc' dir='ltr'>τῆς</span> <span class='ocrx_word' id='word_1_517' title='bbox 1156 3770 1321 3823; x_wconf 81' lang='grc' dir='ltr'>αὑτοῦ</span> <span class='ocrx_word' id='word_1_518' title='bbox 1377 3773 1685 3841; x_wconf 86' lang='grc' dir='ltr'>παρουσίας</span> <span class='ocrx_word' id='word_1_519' title='bbox 1735 3775 1939 3838; x_wconf 65' lang='grc' dir='ltr'>νίκαις,</span> 
     </span>
    </p>
   </div>
   <div class='ocr_carea' id='block_1_70' title="bbox 362 3859 1940 3936">
    <p class='ocr_par' dir='ltr' id='par_1_70' title="bbox 362 3859 1940 3936">
     <span class='ocr_line' id='line_1_70' title="bbox 362 3859 1940 3936; baseline 0.006 -27"><span class='ocrx_word' id='word_1_520' title='bbox 362 3859 782 3926; x_wconf 78' lang='grc' dir='ltr'>κατεπτηχότας</span> <span class='ocrx_word' id='word_1_521' title='bbox 827 3859 1115 3926; x_wconf 78' lang='grc' dir='ltr'>φαίνεσθαι</span> <span class='ocrx_word' id='word_1_522' title='bbox 1172 3863 1268 3915; x_wconf 78' lang='grc' dir='ltr'>καὶ</span> <span class='ocrx_word' id='word_1_523' title='bbox 1313 3867 1940 3936; x_wconf 76' lang='grc' dir='ltr'>κατῃσχυμμένους,ἆτε</span> 
     </span>
    </p>
   </div>
   <div class='ocr_carea' id='block_1_71' title="bbox 360 3950 1944 4027">
    <p class='ocr_par' dir='ltr' id='par_1_71' title="bbox 360 3950 1944 4027">
     <span class='ocr_line' id='line_1_71' title="bbox 360 3950 1944 4027; baseline 0.007 -26"><span class='ocrx_word' id='word_1_524' title='bbox 360 3950 430 4017; x_wconf 74' lang='grc' dir='ltr'>δὴ</span> <span class='ocrx_word' id='word_1_525' title='bbox 465 3951 557 4002; x_wconf 81' lang='grc' dir='ltr'>τοῦ</span> <span class='ocrx_word' id='word_1_526' title='bbox 588 3952 825 4019; x_wconf 81' lang='grc' dir='ltr'>θράσους</span> <span class='ocrx_word' id='word_1_527' title='bbox 859 3955 1068 4018; x_wconf 69' lang='grc' dir='ltr'>αὐτοῖς,</span> <span class='ocrx_word' id='word_1_528' title='bbox 1102 3956 1197 4006; x_wconf 85' lang='grc' dir='ltr'>καὶ</span> <span class='ocrx_word' id='word_1_529' title='bbox 1227 3956 1338 4008; x_wconf 89' lang='grc' dir='ltr'><strong>τῶν</strong></span> <span class='ocrx_word' id='word_1_530' title='bbox 1367 3955 1454 4024; x_wconf 72' lang='grc' dir='ltr'><strong>ἐφ’</strong></span> <span class='ocrx_word' id='word_1_531' title='bbox 1491 3951 1574 4020; x_wconf 81' lang='grc' dir='ltr'>οἷς</span> <span class='ocrx_word' id='word_1_532' title='bbox 1615 3958 1755 4026; x_wconf 88' lang='grc' dir='ltr'>μέγα</span> <span class='ocrx_word' id='word_1_533' title='bbox 1785 3959 1944 4027; x_wconf 77' lang='grc' dir='ltr'>ἐφρό-</span> 
     </span>
    </p>
   </div>
   <div class='ocr_carea' id='block_1_72' title="bbox 359 4045 1940 4123">
    <p class='ocr_par' dir='ltr' id='par_1_72' title="bbox 359 4045 1940 4123">
     <span class='ocr_line' id='line_1_72' title="bbox 359 4045 1940 4123; baseline 0.006 -29"><span class='ocrx_word' id='word_1_534' title='bbox 359 4061 512 4105; x_wconf 78' lang='grc' dir='ltr'>νουν,</span> <span class='ocrx_word' id='word_1_535' title='bbox 543 4045 677 4112; x_wconf 68' lang='grc' dir='ltr'>πρὸς</span> <span class='ocrx_word' id='word_1_536' title='bbox 707 4047 1026 4098; x_wconf 64' lang='grc' dir='ltr'>τούναντίον</span> <span class='ocrx_word' id='word_1_537' title='bbox 1056 4049 1381 4118; x_wconf 79' lang='grc' dir='ltr'>τραπέντων</span> <span class='ocrx_word' id='word_1_538' title='bbox 1407 4065 1423 4114; x_wconf 87' lang='lat'><strong>;</strong></span> <span class='ocrx_word' id='word_1_539' title='bbox 1448 4050 1524 4103; x_wconf 86' lang='grc' dir='ltr'><strong>Οὐ</strong></span> <span class='ocrx_word' id='word_1_540' title='bbox 1555 4050 1902 4123; x_wconf 78' lang='grc' dir='ltr'>παρῃτοῦντο</span> <span class='ocrx_word' id='word_1_541' title='bbox 1927 4069 1940 4116; x_wconf 88' lang='lat'><strong>;</strong></span> 
     </span>
    </p>
   </div>
   <div class='ocr_carea' id='block_1_73' title="bbox 363 4136 1944 4212">
    <p class='ocr_par' dir='ltr' id='par_1_73' title="bbox 363 4136 1944 4212">
     <span class='ocr_line' id='line_1_73' title="bbox 363 4136 1944 4212; baseline 0.007 -26"><span class='ocrx_word' id='word_1_542' title='bbox 363 4136 444 4188; x_wconf 78' lang='grc' dir='ltr'><strong>(ιύ</strong></span> <span class='ocrx_word' id='word_1_543' title='bbox 501 4138 914 4206; x_wconf 63' lang='grc' dir='ltr'>προσεκύνουνς</span> <span class='ocrx_word' id='word_1_544' title='bbox 969 4141 1084 4192; x_wconf 75' lang='grc' dir='ltr'>υύκ</span> <span class='ocrx_word' id='word_1_545' title='bbox 1138 4141 1464 4194; x_wconf 76' lang='grc' dir='ltr'>ἀπεδίδοσαν</span> <span class='ocrx_word' id='word_1_546' title='bbox 1518 4141 1740 4196; x_wconf 77' lang='grc' dir='ltr'>ἅπαντα</span> <span class='ocrx_word' id='word_1_547' title='bbox 1775 4143 1944 4212; x_wconf 62' lang='lat' dir='ltr'><strong>mea</strong></span> 
     </span>
    </p>
   </div>
   <div class='ocr_carea' id='block_1_74' title="bbox 359 4229 1944 4304">
    <p class='ocr_par' dir='ltr' id='par_1_74' title="bbox 359 4229 1944 4304">
     <span class='ocr_line' id='line_1_74' title="bbox 359 4229 1944 4304; baseline 0.006 -25"><span class='ocrx_word' id='word_1_548' title='bbox 359 4229 690 4299; x_wconf 79' lang='grc' dir='ltr'>προσθήκης</span> <span class='ocrx_word' id='word_1_549' title='bbox 733 4232 801 4284; x_wconf 66' lang='grc' dir='ltr'><strong>τὰ</strong></span> <span class='ocrx_word' id='word_1_550' title='bbox 835 4233 1168 4301; x_wconf 79' lang='grc' dir='ltr'>ἡρπαγμένσ</span> <span class='ocrx_word' id='word_1_551' title='bbox 1199 4252 1212 4294; x_wconf 85' lang='grc'>;</span> <span class='ocrx_word' id='word_1_552' title='bbox 1245 4235 1319 4287; x_wconf 80' lang='grc' dir='ltr'><strong>Οὐ</strong></span> <span class='ocrx_word' id='word_1_553' title='bbox 1374 4237 1575 4303; x_wconf 85' lang='grc' dir='ltr'>φόρους</span> <span class='ocrx_word' id='word_1_554' title='bbox 1629 4237 1944 4304; x_wconf 83' lang='grc' dir='ltr'>προσεδίδο-</span> 
     </span>
    </p>
   </div>
   <div class='ocr_carea' id='block_1_75' title="bbox 361 4315 1946 4397">
    <p class='ocr_par' dir='ltr' id='par_1_75' title="bbox 361 4315 1946 4397">
     <span class='ocr_line' id='line_1_75' title="bbox 361 4315 1946 4397; baseline 0.004 -24"><span class='ocrx_word' id='word_1_555' title='bbox 361 4339 487 4382; x_wconf 87' lang='grc' dir='ltr'>σαν,</span> <span class='ocrx_word' id='word_1_556' title='bbox 525 4323 574 4374; x_wconf 82' lang='grc' dir='ltr'>οἳ</span> <span class='ocrx_word' id='word_1_557' title='bbox 621 4323 715 4374; x_wconf 67' lang='grc' dir='ltr'>καὶ</span> <span class='ocrx_word' id='word_1_558' title='bbox 770 4323 904 4393; x_wconf 79' lang='grc' dir='ltr'>ὄναρ</span> <span class='ocrx_word' id='word_1_559' title='bbox 929 4324 1076 4376; x_wconf 82' lang='grc' dir='ltr'>τοῦτ’</span> <span class='ocrx_word' id='word_1_560' title='bbox 1127 4325 1350 4388; x_wconf 80' lang='grc' dir='ltr'>ἰδόντες,</span> <span class='ocrx_word' id='word_1_561' title='bbox 1392 4315 1699 4397; x_wconf 68' lang='grc' dir='ltr'>’ἀπεπήδων</span> <span class='ocrx_word' id='word_1_562' title='bbox 1733 4329 1802 4382; x_wconf 84' lang='grc' dir='ltr'>ἂν</span> <span class='ocrx_word' id='word_1_563' title='bbox 1846 4332 1946 4396; x_wconf 80' lang='grc' dir='ltr'><strong>τῆς</strong></span> 
     </span>
    </p>
   </div>
   <div class='ocr_carea' id='block_1_76' title="bbox 360 4413 1946 4498">
    <p class='ocr_par' dir='ltr' id='par_1_76' title="bbox 360 4413 1946 4498">
     <span class='ocr_line' id='line_1_76' title="bbox 360 4413 1946 4498; baseline 0.006 -34"><span class='ocrx_word' id='word_1_564' title='bbox 360 4413 575 4478; x_wconf 81' lang='grc' dir='ltr'>κλίνης,</span> <span class='ocrx_word' id='word_1_565' title='bbox 611 4413 686 4481; x_wconf 83' lang='grc' dir='ltr'><strong>τῷ</strong></span> <span class='ocrx_word' id='word_1_566' title='bbox 718 4417 1111 4498; x_wconf 55' lang='grc' dir='ltr'>ςπροσδοκήτορ</span> <span class='ocrx_word' id='word_1_567' title='bbox 1148 4417 1437 4486; x_wconf 80' lang='grc' dir='ltr'>βληθέντες</span> <span class='ocrx_word' id='word_1_568' title='bbox 1463 4419 1574 4484; x_wconf 82' lang='grc' dir='ltr'><strong>;Ού</strong></span> <span class='ocrx_word' id='word_1_569' title='bbox 1605 4419 1765 4474; x_wconf 83' lang='grc' dir='ltr'>τοῦτο</span> <span class='ocrx_word' id='word_1_570' title='bbox 1796 4421 1946 4491; x_wconf 75' lang='grc' dir='ltr'>ἥδιον</span> 
     </span>
    </p>
   </div>
   <div class='ocr_carea' id='block_1_77' title="bbox 2037 3213 3620 3290">
    <p class='ocr_par' dir='ltr' id='par_1_77' title="bbox 2037 3213 3620 3290">
     <span class='ocr_line' id='line_1_77' title="bbox 2037 3213 3620 3290; baseline -0.009 -12"><span class='ocrx_word' id='word_1_571' title='bbox 2037 3219 2962 3290; x_wconf 64' lang='lat' dir='ltr'><strong>aliumet-piturbes?aliasqui;lem</strong></span> <span class='ocrx_word' id='word_1_572' title='bbox 3001 3213 3362 3284; x_wconf 78' lang='lat' dir='ltr'><strong>expugnando</strong></span> <span class='ocrx_word' id='word_1_573' title='bbox 3391 3227 3456 3266; x_wconf 88' lang='lat' dir='ltr'><strong>ac</strong></span> <span class='ocrx_word' id='word_1_574' title='bbox 3495 3226 3620 3266; x_wconf 88' lang='lat' dir='ltr'><strong>cum</strong></span> 
     </span>
    </p>
   </div>
   <div class='ocr_carea' id='block_1_78' title="bbox 2037 3305 3622 3380">
    <p class='ocr_par' dir='ltr' id='par_1_78' title="bbox 2037 3305 3622 3380">
     <span class='ocr_line' id='line_1_78' title="bbox 2037 3305 3622 3380; baseline -0.01 -9"><span class='ocrx_word' id='word_1_575' title='bbox 2037 3315 2342 3371; x_wconf 86' lang='lat' dir='ltr'><strong>obsedisset</strong></span> <span class='ocrx_word' id='word_1_576' title='bbox 2367 3331 2382 3380; x_wconf 89' lang='lat'><strong>;</strong></span> <span class='ocrx_word' id='word_1_577' title='bbox 2408 3313 2544 3367; x_wconf 91' lang='lat' dir='ltr'><strong>alias</strong></span> <span class='ocrx_word' id='word_1_578' title='bbox 2569 3312 2690 3380; x_wconf 89' lang='lat' dir='ltr'><strong>ipso</strong></span> <span class='ocrx_word' id='word_1_579' title='bbox 2720 3311 2840 3365; x_wconf 87' lang='lat' dir='ltr'><strong>belli</strong></span> <span class='ocrx_word' id='word_1_580' title='bbox 2864 3314 3126 3372; x_wconf 85' lang='lat' dir='ltr'><strong>clamore,</strong></span> <span class='ocrx_word' id='word_1_581' title='bbox 3149 3322 3212 3362; x_wconf 90' lang='lat' dir='ltr'><strong>ac</strong></span> <span class='ocrx_word' id='word_1_582' title='bbox 3233 3307 3408 3376; x_wconf 88' lang='lat' dir='ltr'><strong>prima</strong></span> <span class='ocrx_word' id='word_1_583' title='bbox 3441 3305 3622 3358; x_wconf 81' lang='lat' dir='ltr'><strong>statim</strong></span> 
     </span>
    </p>
   </div>
   <div class='ocr_carea' id='block_1_79' title="bbox 2041 3397 3692 3476">
    <p class='ocr_par' dir='ltr' id='par_1_79' title="bbox 2041 3397 3692 3476">
     <span class='ocr_line' id='line_1_79' title="bbox 2041 3397 3692 3476; baseline -0.01 -14"><span class='ocrx_word' id='word_1_584' title='bbox 2041 3407 2377 3476; x_wconf 88' lang='lat' dir='ltr'><strong>irruptione;</strong></span> <span class='ocrx_word' id='word_1_585' title='bbox 2421 3406 2602 3474; x_wconf 82' lang='lat' dir='ltr'><strong>plures</strong></span> <span class='ocrx_word' id='word_1_586' title='bbox 2635 3418 2853 3473; x_wconf 78' lang='lat' dir='ltr'><strong>qumque</strong></span> <span class='ocrx_word' id='word_1_587' title='bbox 2883 3418 3007 3457; x_wconf 90' lang='lat' dir='ltr'><strong>cum</strong></span> <span class='ocrx_word' id='word_1_588' title='bbox 3029 3400 3328 3457; x_wconf 81' lang='lat' dir='ltr'><strong>exercitum</strong></span> <span class='ocrx_word' id='word_1_589' title='bbox 3363 3397 3626 3452; x_wconf 78' lang='lat' dir='ltr'><strong>lnvaden-</strong></span> <span class='ocrx_word' id='word_1_590' title='bbox 3689 3427 3692 3433; x_wconf 71' lang='grc' dir='ltr'><strong>ι</strong></span> 
     </span>
    </p>
   </div>
   <div class='ocr_carea' id='block_1_80' title="bbox 2041 3492 3643 3562">
    <p class='ocr_par' dir='ltr' id='par_1_80' title="bbox 2041 3492 3643 3562">
     <span class='ocr_line' id='line_1_80' title="bbox 2041 3492 3643 3562; baseline -0.01 -10"><span class='ocrx_word' id='word_1_591' title='bbox 2041 3507 2147 3554; x_wconf 88' lang='lat' dir='ltr'><strong>tem</strong></span> <span class='ocrx_word' id='word_1_592' title='bbox 2178 3505 2560 3562; x_wconf 86' lang='lat' dir='ltr'><strong>occupassent.</strong></span> <span class='ocrx_word' id='word_1_593' title='bbox 2590 3511 2653 3549; x_wconf 87' lang='lat' dir='ltr'><strong>ac</strong></span> <span class='ocrx_word' id='word_1_594' title='bbox 2689 3494 2918 3550; x_wconf 88' lang='lat' dir='ltr'><strong>necdum</strong></span> <span class='ocrx_word' id='word_1_595' title='bbox 2967 3492 3192 3562; x_wconf 83' lang='lat' dir='ltr'><strong>prOpius</strong></span> <span class='ocrx_word' id='word_1_596' title='bbox 3216 3494 3458 3555; x_wconf 86' lang='lat' dir='ltr'><strong>admoto,</strong></span> <span class='ocrx_word' id='word_1_597' title='bbox 3502 3503 3643 3553; x_wconf 46' lang='lat' dir='ltr'><strong>sese.</strong></span> 
     </span>
    </p>
   </div>
   <div class='ocr_carea' id='block_1_81' title="bbox 2040 3578 3628 3654">
    <p class='ocr_par' dir='ltr' id='par_1_81' title="bbox 2040 3578 3628 3654">
     <span class='ocr_line' id='line_1_81' title="bbox 2040 3578 3628 3654; baseline -0.008 -11"><span class='ocrx_word' id='word_1_598' title='bbox 2040 3590 2394 3654; x_wconf 76' lang='lat' dir='ltr'><strong>dedidissent,</strong></span> <span class='ocrx_word' id='word_1_599' title='bbox 2417 3589 2440 3641; x_wconf 77' lang='grc' dir='ltr'>’ί</span> <span class='ocrx_word' id='word_1_600' title='bbox 2469 3587 2659 3642; x_wconf 84' lang='lat' dir='ltr'><strong>Nonne</strong></span> <span class='ocrx_word' id='word_1_601' title='bbox 2681 3589 2874 3642; x_wconf 88' lang='lat' dir='ltr'><strong>solitos</strong></span> <span class='ocrx_word' id='word_1_602' title='bbox 2893 3597 3100 3641; x_wconf 86' lang='lat' dir='ltr'><strong>terrere</strong></span> <span class='ocrx_word' id='word_1_603' title='bbox 3129 3587 3180 3638; x_wconf 90' lang='lat' dir='ltr'><strong>in</strong></span> <span class='ocrx_word' id='word_1_604' title='bbox 3205 3595 3470 3638; x_wconf 88' lang='lat' dir='ltr'><strong>terrorem</strong></span> <span class='ocrx_word' id='word_1_605' title='bbox 3495 3578 3628 3648; x_wconf 71' lang='lat' dir='ltr'><strong>egit?</strong></span> 
     </span>
    </p>
   </div>
   <div class='ocr_carea' id='block_1_82' title="bbox 2042 3674 3625 3745">
    <p class='ocr_par' dir='ltr' id='par_1_82' title="bbox 2042 3674 3625 3745">
     <span class='ocr_line' id='line_1_82' title="bbox 2042 3674 3625 3745; baseline -0.008 -10"><span class='ocrx_word' id='word_1_606' title='bbox 2042 3681 2230 3736; x_wconf 88' lang='lat' dir='ltr'><strong>Nonne</strong></span> <span class='ocrx_word' id='word_1_607' title='bbox 2256 3681 2323 3734; x_wconf 89' lang='lat' dir='ltr'><strong>iis</strong></span> <span class='ocrx_word' id='word_1_608' title='bbox 2354 3681 2612 3734; x_wconf 86' lang='lat' dir='ltr'><strong>omnibus</strong></span> <span class='ocrx_word' id='word_1_609' title='bbox 2653 3679 2832 3742; x_wconf 81' lang='lat' dir='ltr'><strong>flebat,</strong></span> <span class='ocrx_word' id='word_1_610' title='bbox 2867 3686 2926 3732; x_wconf 90' lang='lat' dir='ltr'><strong>ut</strong></span> <span class='ocrx_word' id='word_1_611' title='bbox 2953 3679 3044 3745; x_wconf 89' lang='lat' dir='ltr'><strong>qui</strong></span> <span class='ocrx_word' id='word_1_612' title='bbox 3077 3686 3204 3730; x_wconf 89' lang='lat' dir='ltr'><strong>ante</strong></span> <span class='ocrx_word' id='word_1_613' title='bbox 3259 3675 3378 3743; x_wconf 81' lang='lat' dir='ltr'><strong>ejus</strong></span> <span class='ocrx_word' id='word_1_614' title='bbox 3409 3674 3470 3727; x_wconf 78' lang='lat' dir='ltr'><strong>in</strong></span> <span class='ocrx_word' id='word_1_615' title='bbox 3492 3683 3625 3740; x_wconf 85' lang='lat' dir='ltr'><strong>pro-</strong></span> 
     </span>
    </p>
   </div>
   <div class='ocr_carea' id='block_1_83' title="bbox 2045 3767 3626 3839">
    <p class='ocr_par' dir='ltr' id='par_1_83' title="bbox 2045 3767 3626 3839">
     <span class='ocr_line' id='line_1_83' title="bbox 2045 3767 3626 3839; baseline 0 -19"><span class='ocrx_word' id='word_1_616' title='bbox 2045 3770 2276 3825; x_wconf 82' lang='lat' dir='ltr'><strong>vinciam</strong></span> <span class='ocrx_word' id='word_1_617' title='bbox 2323 3769 2638 3833; x_wconf 81' lang='lat' dir='ltr'><strong>adventum,</strong></span> <span class='ocrx_word' id='word_1_618' title='bbox 2670 3786 2734 3823; x_wconf 80' lang='lat' dir='ltr'><strong>ex</strong></span> <span class='ocrx_word' id='word_1_619' title='bbox 2779 3769 3059 3839; x_wconf 90' lang='lat' dir='ltr'><strong>prioribus</strong></span> <span class='ocrx_word' id='word_1_620' title='bbox 3087 3767 3334 3821; x_wconf 83' lang='lat' dir='ltr'><strong>victoriis</strong></span> <span class='ocrx_word' id='word_1_621' title='bbox 3387 3767 3626 3821; x_wconf 85' lang='lat' dir='ltr'><strong>insolen-</strong></span> 
     </span>
    </p>
   </div>
   <div class='ocr_carea' id='block_1_84' title="bbox 2045 3857 3629 3928">
    <p class='ocr_par' dir='ltr' id='par_1_84' title="bbox 2045 3857 3629 3928">
     <span class='ocr_line' id='line_1_84' title="bbox 2045 3857 3629 3928; baseline -0.004 -14"><span class='ocrx_word' id='word_1_622' title='bbox 2045 3862 2215 3916; x_wconf 90' lang='lat' dir='ltr'><strong>tiores</strong></span> <span class='ocrx_word' id='word_1_623' title='bbox 2243 3861 2570 3924; x_wconf 87' lang='lat' dir='ltr'><strong>evasissent,</strong></span> <span class='ocrx_word' id='word_1_624' title='bbox 2617 3861 2831 3913; x_wconf 88' lang='lat' dir='ltr'><strong>attoniti</strong></span> <span class='ocrx_word' id='word_1_625' title='bbox 2877 3861 3137 3928; x_wconf 85' lang='lat' dir='ltr'><strong>deinceps</strong></span> <span class='ocrx_word' id='word_1_626' title='bbox 3171 3857 3498 3927; x_wconf 87' lang='lat' dir='ltr'><strong>confusique</strong></span> <span class='ocrx_word' id='word_1_627' title='bbox 3552 3860 3629 3910; x_wconf 84' lang='lat' dir='ltr'><strong>vi-</strong></span> 
     </span>
    </p>
   </div>
   <div class='ocr_carea' id='block_1_85' title="bbox 2044 3951 3630 4020">
    <p class='ocr_par' dir='ltr' id='par_1_85' title="bbox 2044 3951 3630 4020">
     <span class='ocr_line' id='line_1_85' title="bbox 2044 3951 3630 4020; baseline -0.002 -15"><span class='ocrx_word' id='word_1_628' title='bbox 2044 3953 2326 4016; x_wconf 90' lang='lat' dir='ltr'><strong>derentur,</strong></span> <span class='ocrx_word' id='word_1_629' title='bbox 2353 3953 2555 4020; x_wconf 90' lang='lat' dir='ltr'><strong>quibus</strong></span> <span class='ocrx_word' id='word_1_630' title='bbox 2583 3951 2806 4006; x_wconf 85' lang='lat' dir='ltr'><strong>audacia</strong></span> <span class='ocrx_word' id='word_1_631' title='bbox 2837 3951 2950 4015; x_wconf 86' lang='lat' dir='ltr'><strong>illa,</strong></span> <span class='ocrx_word' id='word_1_632' title='bbox 2982 3967 3044 4006; x_wconf 88' lang='lat' dir='ltr'><strong>ac</strong></span> <span class='ocrx_word' id='word_1_633' title='bbox 3077 3951 3282 4020; x_wconf 89' lang='lat' dir='ltr'><strong>quibus</strong></span> <span class='ocrx_word' id='word_1_634' title='bbox 3309 3951 3630 4003; x_wconf 87' lang='lat' dir='ltr'><strong>attollebant</strong></span> 
     </span>
    </p>
   </div>
   <div class='ocr_carea' id='block_1_86' title="bbox 2046 4040 3631 4109">
    <p class='ocr_par' dir='ltr' id='par_1_86' title="bbox 2046 4040 3631 4109">
     <span class='ocr_line' id='line_1_86' title="bbox 2046 4040 3631 4109; baseline -0.003 -12"><span class='ocrx_word' id='word_1_635' title='bbox 2046 4045 2282 4105; x_wconf 87' lang='lat' dir='ltr'><strong>animos,</strong></span> <span class='ocrx_word' id='word_1_636' title='bbox 2309 4043 2366 4096; x_wconf 92' lang='lat' dir='ltr'><strong>in</strong></span> <span class='ocrx_word' id='word_1_637' title='bbox 2401 4043 2739 4097; x_wconf 78' lang='lat' dir='ltr'><strong>contrarium</strong></span> <span class='ocrx_word' id='word_1_638' title='bbox 2767 4041 3071 4096; x_wconf 78' lang='lat' dir='ltr'><strong>cederent?</strong></span> <span class='ocrx_word' id='word_1_639' title='bbox 3121 4040 3314 4094; x_wconf 85' lang='lat' dir='ltr'><strong>Nonne</strong></span> <span class='ocrx_word' id='word_1_640' title='bbox 3365 4041 3631 4109; x_wconf 83' lang='lat' dir='ltr'><strong>depreca-</strong></span> 
     </span>
    </p>
   </div>
   <div class='ocr_carea' id='block_1_87' title="bbox 2048 4131 3628 4200">
    <p class='ocr_par' dir='ltr' id='par_1_87' title="bbox 2048 4131 3628 4200">
     <span class='ocr_line' id='line_1_87' title="bbox 2048 4131 3628 4200; baseline -0.005 -11"><span class='ocrx_word' id='word_1_641' title='bbox 2048 4135 2250 4189; x_wconf 86' lang='lat' dir='ltr'><strong>bantur</strong></span> <span class='ocrx_word' id='word_1_642' title='bbox 2273 4135 2296 4187; x_wconf 91' lang='lat'><strong>?</strong></span> <span class='ocrx_word' id='word_1_643' title='bbox 2327 4133 2520 4188; x_wconf 90' lang='lat' dir='ltr'><strong>Nonne</strong></span> <span class='ocrx_word' id='word_1_644' title='bbox 2545 4133 2948 4186; x_wconf 85' lang='lat' dir='ltr'><strong>venerabantur</strong></span> <span class='ocrx_word' id='word_1_645' title='bbox 2977 4132 3216 4186; x_wconf 89' lang='lat' dir='ltr'><strong>?Nonne</strong></span> <span class='ocrx_word' id='word_1_646' title='bbox 3239 4141 3391 4200; x_wconf 85' lang='lat' dir='ltr'><strong>rapta</strong></span> <span class='ocrx_word' id='word_1_647' title='bbox 3445 4131 3628 4186; x_wconf 90' lang='lat' dir='ltr'><strong>omnia</strong></span> 
     </span>
    </p>
   </div>
   <div class='ocr_carea' id='block_1_88' title="bbox 2047 4222 3629 4292">
    <p class='ocr_par' dir='ltr' id='par_1_88' title="bbox 2047 4222 3629 4292">
     <span class='ocr_line' id='line_1_88' title="bbox 2047 4222 3629 4292; baseline -0.004 -12"><span class='ocrx_word' id='word_1_648' title='bbox 2047 4241 2169 4280; x_wconf 89' lang='lat' dir='ltr'><strong>cum</strong></span> <span class='ocrx_word' id='word_1_649' title='bbox 2208 4225 2522 4280; x_wconf 86' lang='lat' dir='ltr'><strong>accessione</strong></span> <span class='ocrx_word' id='word_1_650' title='bbox 2552 4223 2893 4279; x_wconf 88' lang='lat' dir='ltr'><strong>reddebant?</strong></span> <span class='ocrx_word' id='word_1_651' title='bbox 2937 4222 3129 4277; x_wconf 87' lang='lat' dir='ltr'><strong>Nonne</strong></span> <span class='ocrx_word' id='word_1_652' title='bbox 3167 4224 3394 4291; x_wconf 77' lang='lat' dir='ltr'><strong>insuper</strong></span> <span class='ocrx_word' id='word_1_653' title='bbox 3423 4222 3629 4292; x_wconf 86' lang='lat' dir='ltr'><strong>pende-</strong></span> 
     </span>
    </p>
   </div>
   <div class='ocr_carea' id='block_1_89' title="bbox 2049 4317 3633 4389">
    <p class='ocr_par' dir='ltr' id='par_1_89' title="bbox 2049 4317 3633 4389">
     <span class='ocr_line' id='line_1_89' title="bbox 2049 4317 3633 4389; baseline -0.003 -16"><span class='ocrx_word' id='word_1_654' title='bbox 2049 4319 2180 4374; x_wconf 91' lang='lat' dir='ltr'><strong>bant</strong></span> <span class='ocrx_word' id='word_1_655' title='bbox 2207 4319 2429 4383; x_wconf 84' lang='lat' dir='ltr'><strong>tributa,</strong></span> <span class='ocrx_word' id='word_1_656' title='bbox 2495 4319 2589 4389; x_wconf 92' lang='lat' dir='ltr'><strong>qui</strong></span> <span class='ocrx_word' id='word_1_657' title='bbox 2617 4328 2674 4372; x_wconf 88' lang='lat' dir='ltr'><strong>ut</strong></span> <span class='ocrx_word' id='word_1_658' title='bbox 2704 4317 2757 4373; x_wconf 90' lang='lat' dir='ltr'><strong>in</strong></span> <span class='ocrx_word' id='word_1_659' title='bbox 2789 4318 3002 4382; x_wconf 74' lang='lat' dir='ltr'><strong>somnis</strong></span> <span class='ocrx_word' id='word_1_660' title='bbox 3037 4318 3324 4384; x_wconf 84' lang='lat' dir='ltr'><strong>vidissent,</strong></span> <span class='ocrx_word' id='word_1_661' title='bbox 3379 4318 3633 4385; x_wconf 72' lang='lat' dir='ltr'><strong>inexspe-</strong></span> 
     </span>
    </p>
   </div>
   <div class='ocr_carea' id='block_1_90' title="bbox 2047 4406 3634 4477">
    <p class='ocr_par' dir='ltr' id='par_1_90' title="bbox 2047 4406 3634 4477">
     <span class='ocr_line' id='line_1_90' title="bbox 2047 4406 3634 4477; baseline -0.004 -12"><span class='ocrx_word' id='word_1_662' title='bbox 2047 4418 2196 4465; x_wconf 91' lang='lat' dir='ltr'><strong>etato</strong></span> <span class='ocrx_word' id='word_1_663' title='bbox 2221 4409 2339 4463; x_wconf 83' lang='lat' dir='ltr'><strong>visu</strong></span> <span class='ocrx_word' id='word_1_664' title='bbox 2368 4409 2564 4472; x_wconf 88' lang='lat' dir='ltr'><strong>territi,</strong></span> <span class='ocrx_word' id='word_1_665' title='bbox 2582 4424 2612 4464; x_wconf 92' lang='lat' dir='ltr'><strong>e</strong></span> <span class='ocrx_word' id='word_1_666' title='bbox 2637 4416 2810 4462; x_wconf 89' lang='lat' dir='ltr'><strong>strato</strong></span> <span class='ocrx_word' id='word_1_667' title='bbox 2837 4407 3180 4477; x_wconf 87' lang='lat' dir='ltr'><strong>prosilissent</strong></span> <span class='ocrx_word' id='word_1_668' title='bbox 3201 4407 3224 4460; x_wconf 83' lang='lat'><strong>?</strong></span> <span class='ocrx_word' id='word_1_669' title='bbox 3248 4407 3439 4461; x_wconf 82' lang='lat' dir='ltr'><strong>Nonne</strong></span> <span class='ocrx_word' id='word_1_670' title='bbox 3457 4406 3634 4461; x_wconf 88' lang='lat' dir='ltr'><strong>dulei-</strong></span> 
     </span>
    </p>
   </div>
   <div class='ocr_carea' id='block_1_91' title="bbox 362 4499 1937 4582">
    <p class='ocr_par' dir='ltr' id='par_1_91' title="bbox 362 4505 1937 4582">
     <span class='ocr_line' id='line_1_91' title="bbox 362 4505 1937 4582; baseline 0.005 -24"><span class='ocrx_word' id='word_1_671' title='bbox 362 4506 553 4562; x_wconf 78' lang='grc' dir='ltr'>αὐτοῖς</span> <span class='ocrx_word' id='word_1_672' title='bbox 604 4505 679 4568; x_wconf 91' lang='grc' dir='ltr'><strong>ώς</strong></span> <span class='ocrx_word' id='word_1_673' title='bbox 736 4506 1003 4560; x_wconf 83' lang='grc' dir='ltr'>κινδύνων</span> <span class='ocrx_word' id='word_1_674' title='bbox 1057 4510 1407 4564; x_wconf 82' lang='grc' dir='ltr'>ἀπαλλάττον</span> <span class='ocrx_word' id='word_1_675' title='bbox 1455 4511 1489 4582; x_wconf 74' lang='grc' dir='ltr'>ἢ</span> <span class='ocrx_word' id='word_1_676' title='bbox 1549 4511 1612 4565; x_wconf 79' lang='grc' dir='ltr'>τὸ</span> <span class='ocrx_word' id='word_1_677' title='bbox 1662 4513 1937 4581; x_wconf 47' lang='grc' dir='ltr'>εἰληςςὲναι</span> 
     </span>
    </p>
   </div>
   <div class='ocr_carea' id='block_1_92' title="bbox 2042 4499 3631 4582">
    <p class='ocr_par' dir='ltr' id='par_1_92' title="bbox 2053 4499 3631 4572">
     <span class='ocr_line' id='line_1_92' title="bbox 2053 4499 3631 4572; baseline -0.002 -17"><span class='ocrx_word' id='word_1_678' title='bbox 2053 4517 2118 4558; x_wconf 91' lang='lat' dir='ltr'><strong>us</strong></span> <span class='ocrx_word' id='word_1_679' title='bbox 2146 4503 2251 4556; x_wconf 89' lang='lat' dir='ltr'><strong>hoc</strong></span> <span class='ocrx_word' id='word_1_680' title='bbox 2281 4502 2576 4569; x_wconf 86' lang='lat' dir='ltr'><strong>habebant,</strong></span> <span class='ocrx_word' id='word_1_681' title='bbox 2611 4517 2722 4572; x_wconf 90' lang='lat' dir='ltr'><strong>quo</strong></span> <span class='ocrx_word' id='word_1_682' title='bbox 2746 4509 2930 4555; x_wconf 76' lang='lat' dir='ltr'><strong>essent</strong></span> <span class='ocrx_word' id='word_1_683' title='bbox 2969 4514 2999 4553; x_wconf 88' lang='lat' dir='ltr'><strong>a</strong></span> <span class='ocrx_word' id='word_1_684' title='bbox 3049 4499 3306 4570; x_wconf 89' lang='lat' dir='ltr'><strong>periculis</strong></span> <span class='ocrx_word' id='word_1_685' title='bbox 3333 4499 3631 4561; x_wconf 87' lang='lat' dir='ltr'><strong>immunes.</strong></span> 
     </span>
    </p>
   </div>
   <div class='ocr_carea' id='block_1_93' title="bbox 362 4595 1944 4671">
    <p class='ocr_par' dir='ltr' id='par_1_93' title="bbox 362 4595 1944 4671">
     <span class='ocr_line' id='line_1_93' title="bbox 362 4595 1944 4671; baseline 0.005 -25"><span class='ocrx_word' id='word_1_686' title='bbox 362 4595 640 4663; x_wconf 77' lang='grc' dir='ltr'>πρόσθεν;</span> <span class='ocrx_word' id='word_1_687' title='bbox 669 4597 786 4650; x_wconf 75' lang='grc' dir='ltr'><strong>Οὐκ</strong></span> <span class='ocrx_word' id='word_1_688' title='bbox 816 4597 1095 4651; x_wconf 76' lang='grc' dir='ltr'>ἐδούλευον</span> <span class='ocrx_word' id='word_1_689' title='bbox 1131 4600 1252 4669; x_wconf 83' lang='grc' dir='ltr'>μεθ’</span> <span class='ocrx_word' id='word_1_690' title='bbox 1311 4601 1512 4666; x_wconf 75' lang='grc' dir='ltr'>ὅπλων,</span> <span class='ocrx_word' id='word_1_691' title='bbox 1543 4595 1626 4663; x_wconf 73' lang='grc' dir='ltr'><strong>οἷς</strong></span> <span class='ocrx_word' id='word_1_692' title='bbox 1673 4617 1733 4669; x_wconf 86' lang='grc' dir='ltr'><strong>γε</strong></span> <span class='ocrx_word' id='word_1_693' title='bbox 1762 4600 1944 4671; x_wconf 76' lang='grc' dir='ltr'>ληίζε-</span> 
     </span>
    </p>
   </div>
   <div class='ocr_carea' id='block_1_94' title="bbox 362 4686 1942 4763">
    <p class='ocr_par' dir='ltr' id='par_1_94' title="bbox 362 4686 1942 4763">
     <span class='ocr_line' id='line_1_94' title="bbox 362 4686 1942 4763; baseline 0.005 -24"><span class='ocrx_word' id='word_1_694' title='bbox 362 4686 493 4740; x_wconf 84' lang='grc' dir='ltr'>σθαι</span> <span class='ocrx_word' id='word_1_695' title='bbox 528 4687 629 4759; x_wconf 77' lang='grc' dir='ltr'>τὴν</span> <span class='ocrx_word' id='word_1_696' title='bbox 666 4688 948 4759; x_wconf 79' lang='grc' dir='ltr'>ἡμετέραν</span> <span class='ocrx_word' id='word_1_697' title='bbox 992 4693 1083 4743; x_wconf 73' lang='grc' dir='ltr'>καὶ</span> <span class='ocrx_word' id='word_1_698' title='bbox 1127 4691 1256 4744; x_wconf 81' lang='grc' dir='ltr'>ἄνευ</span> <span class='ocrx_word' id='word_1_699' title='bbox 1287 4693 1469 4746; x_wconf 84' lang='grc' dir='ltr'>ὅπλων</span> <span class='ocrx_word' id='word_1_700' title='bbox 1497 4693 1808 4763; x_wconf 85' lang='grc' dir='ltr'>πανήγυρίς</span> <span class='ocrx_word' id='word_1_701' title='bbox 1857 4710 1942 4756; x_wconf 87' lang='grc' dir='ltr'><strong>τις</strong></span> 
     </span>
    </p>
   </div>
   <div class='ocr_carea' id='block_1_95' title="bbox 365 4779 1944 4854">
    <p class='ocr_par' dir='ltr' id='par_1_95' title="bbox 365 4779 1944 4854">
     <span class='ocr_line' id='line_1_95' title="bbox 365 4779 1944 4854; baseline 0.005 -24"><span class='ocrx_word' id='word_1_702' title='bbox 365 4779 580 4841; x_wconf 68' lang='grc' dir='ltr'>ἐδόκεις</span> <span class='ocrx_word' id='word_1_703' title='bbox 638 4780 750 4834; x_wconf 81' lang='grc' dir='ltr'><strong>Καὶ</strong></span> <span class='ocrx_word' id='word_1_704' title='bbox 783 4781 976 4833; x_wconf 85' lang='grc' dir='ltr'>σιωπῶ</span> <span class='ocrx_word' id='word_1_705' title='bbox 1018 4783 1117 4851; x_wconf 77' lang='grc' dir='ltr'>τὴν</span> <span class='ocrx_word' id='word_1_706' title='bbox 1171 4782 1474 4853; x_wconf 81' lang='grc' dir='ltr'>πρίγγιπος</span> <span class='ocrx_word' id='word_1_707' title='bbox 1525 4785 1944 4854; x_wconf 84' lang='grc' dir='ltr'>ύπερηφανείαν</span> 
     </span>
    </p>
   </div>
   <div class='ocr_carea' id='block_1_96' title="bbox 366 4869 1940 4947">
    <p class='ocr_par' dir='ltr' id='par_1_96' title="bbox 366 4869 1940 4947">
     <span class='ocr_line' id='line_1_96' title="bbox 366 4869 1940 4947; baseline 0.004 -25"><span class='ocrx_word' id='word_1_708' title='bbox 366 4869 472 4940; x_wconf 80' lang='grc' dir='ltr'><strong>τὴν</strong></span> <span class='ocrx_word' id='word_1_709' title='bbox 502 4871 730 4941; x_wconf 82' lang='grc' dir='ltr'>πολλὴν,</span> <span class='ocrx_word' id='word_1_710' title='bbox 785 4873 968 4936; x_wconf 74' lang='grc' dir='ltr'>αὐτοῖς</span> <span class='ocrx_word' id='word_1_711' title='bbox 1016 4875 1130 4936; x_wconf 85' lang='grc' dir='ltr'>τοῖς</span> <span class='ocrx_word' id='word_1_712' title='bbox 1190 4875 1516 4944; x_wconf 87' lang='grc' dir='ltr'>πράγμασιν</span> <span class='ocrx_word' id='word_1_713' title='bbox 1569 4876 1940 4947; x_wconf 72' lang='grc' dir='ltr'>ἐλεγχθεῖσα-ι.</span> 
     </span>
    </p>
   </div>
   <div class='ocr_carea' id='block_1_97' title="bbox 362 4959 1944 5036">
    <p class='ocr_par' dir='ltr' id='par_1_97' title="bbox 362 4959 1944 5036">
     <span class='ocr_line' id='line_1_97' title="bbox 362 4959 1944 5036; baseline 0.004 -24"><span class='ocrx_word' id='word_1_714' title='bbox 362 4961 443 5012; x_wconf 72' lang='grc' dir='ltr'><strong>Οὐ</strong></span> <span class='ocrx_word' id='word_1_715' title='bbox 475 4963 583 5033; x_wconf 84' lang='grc' dir='ltr'><strong>γάρ</strong></span> <span class='ocrx_word' id='word_1_716' title='bbox 612 4959 679 5033; x_wconf 77' lang='grc' dir='ltr'>ἦν</span> <span class='ocrx_word' id='word_1_717' title='bbox 730 4964 1056 5032; x_wconf 77' lang='grc' dir='ltr'>ἀκροϐατῶν</span> <span class='ocrx_word' id='word_1_718' title='bbox 1085 4981 1101 5030; x_wconf 87' lang='lat'><strong>;</strong></span> <span class='ocrx_word' id='word_1_719' title='bbox 1135 4967 1234 5036; x_wconf 85' lang='grc' dir='ltr'><strong>οὐχ</strong></span> <span class='ocrx_word' id='word_1_720' title='bbox 1266 4967 1406 5036; x_wconf 76' lang='grc' dir='ltr'>ὑπὲρ</span> <span class='ocrx_word' id='word_1_721' title='bbox 1461 4968 1638 5036; x_wconf 78' lang='grc' dir='ltr'>νεφῶν</span> <span class='ocrx_word' id='word_1_722' title='bbox 1665 4986 1679 5031; x_wconf 92' lang='lat'><strong>;</strong></span> <span class='ocrx_word' id='word_1_723' title='bbox 1719 4969 1832 5021; x_wconf 84' lang='grc' dir='ltr'><strong>Ούκ</strong></span> <span class='ocrx_word' id='word_1_724' title='bbox 1865 4968 1944 5030; x_wconf 87' lang='grc' dir='ltr'><strong>εἰς</strong></span> 
     </span>
    </p>
   </div>
   <div class='ocr_carea' id='block_1_98' title="bbox 361 5052 1945 5127">
    <p class='ocr_par' dir='ltr' id='par_1_98' title="bbox 361 5052 1945 5127">
     <span class='ocr_line' id='line_1_98' title="bbox 361 5052 1945 5127; baseline 0.001 -19"><span class='ocrx_word' id='word_1_725' title='bbox 361 5052 667 5124; x_wconf 79' lang='grc' dir='ltr'>τοῦσχατον</span> <span class='ocrx_word' id='word_1_726' title='bbox 694 5058 898 5123; x_wconf 78' lang='grc' dir='ltr'>ἀφῖκτο</span> <span class='ocrx_word' id='word_1_727' title='bbox 935 5055 1259 5120; x_wconf 78' lang='grc' dir='ltr'>ἀλαζονείας</span> <span class='ocrx_word' id='word_1_728' title='bbox 1287 5059 1502 5127; x_wconf 84' lang='grc' dir='ltr'>ἁπάσης</span> <span class='ocrx_word' id='word_1_729' title='bbox 1532 5076 1546 5123; x_wconf 90' lang='lat'><strong>;</strong></span> <span class='ocrx_word' id='word_1_730' title='bbox 1597 5059 1735 5113; x_wconf 87' lang='grc' dir='ltr'>Ἀλλ’</span> <span class='ocrx_word' id='word_1_731' title='bbox 1764 5061 1793 5113; x_wconf 81' lang='grc' dir='ltr'><strong>ὁ</strong></span> <span class='ocrx_word' id='word_1_732' title='bbox 1834 5076 1945 5112; x_wconf 83' lang='grc' dir='ltr'>τοι-</span> 
     </span>
    </p>
   </div>
   <div class='ocr_carea' id='block_1_99' title="bbox 362 5144 1945 5218">
    <p class='ocr_par' dir='ltr' id='par_1_99' title="bbox 362 5144 1945 5218">
     <span class='ocr_line' id='line_1_99' title="bbox 362 5144 1945 5218; baseline 0.006 -22"><span class='ocrx_word' id='word_1_733' title='bbox 362 5144 526 5206; x_wconf 82' lang='grc' dir='ltr'>οῦτος</span> <span class='ocrx_word' id='word_1_734' title='bbox 559 5145 660 5215; x_wconf 83' lang='grc' dir='ltr'>μὲν</span> <span class='ocrx_word' id='word_1_735' title='bbox 702 5148 819 5208; x_wconf 89' lang='grc' dir='ltr'>τοῖς</span> <span class='ocrx_word' id='word_1_736' title='bbox 851 5147 1134 5216; x_wconf 80' lang='grc' dir='ltr'>λογισμοῖς</span> <span class='ocrx_word' id='word_1_737' title='bbox 1160 5151 1256 5202; x_wconf 70' lang='grc' dir='ltr'>καὶ</span> <span class='ocrx_word' id='word_1_738' title='bbox 1302 5153 1415 5214; x_wconf 83' lang='grc' dir='ltr'>τοῖς</span> <span class='ocrx_word' id='word_1_739' title='bbox 1457 5151 1661 5218; x_wconf 87' lang='grc' dir='ltr'>λόγοις,</span> <span class='ocrx_word' id='word_1_740' title='bbox 1701 5151 1945 5214; x_wconf 80' lang='grc' dir='ltr'>τοιοῦτος</span> 
     </span>
    </p>
   </div>
   <div class='ocr_carea' id='block_1_100' title="bbox 361 5236 1946 5312">
    <p class='ocr_par' dir='ltr' id='par_1_100' title="bbox 361 5236 1946 5312">
     <span class='ocr_line' id='line_1_100' title="bbox 361 5236 1946 5312; baseline 0.005 -24"><span class='ocrx_word' id='word_1_741' title='bbox 361 5236 425 5288; x_wconf 76' lang='grc' dir='ltr'>δὲ</span> <span class='ocrx_word' id='word_1_742' title='bbox 453 5239 570 5298; x_wconf 81' lang='grc' dir='ltr'>τοῖς</span> <span class='ocrx_word' id='word_1_743' title='bbox 613 5240 878 5308; x_wconf 78' lang='grc' dir='ltr'>σχήμασι,</span> <span class='ocrx_word' id='word_1_744' title='bbox 918 5241 1014 5293; x_wconf 66' lang='grc' dir='ltr'><strong>καὶ⁵</strong></span> <span class='ocrx_word' id='word_1_745' title='bbox 1054 5243 1222 5294; x_wconf 84' lang='grc' dir='ltr'>πᾶσιν</span> <span class='ocrx_word' id='word_1_746' title='bbox 1273 5239 1355 5305; x_wconf 78' lang='grc' dir='ltr'>οἷς</span> <span class='ocrx_word' id='word_1_747' title='bbox 1397 5243 1464 5295; x_wconf 84' lang='grc' dir='ltr'>ἂν</span> <span class='ocrx_word' id='word_1_748' title='bbox 1509 5244 1753 5311; x_wconf 86' lang='grc' dir='ltr'>φαίνοιτο</span> <span class='ocrx_word' id='word_1_749' title='bbox 1801 5243 1946 5312; x_wconf 83' lang='grc' dir='ltr'>μέγα</span> 
     </span>
    </p>
   </div>
   <div class='ocr_carea' id='block_1_101' title="bbox 367 5330 1947 5403">
    <p class='ocr_par' dir='ltr' id='par_1_101' title="bbox 367 5330 1947 5403">
     <span class='ocr_line' id='line_1_101' title="bbox 367 5330 1947 5403; baseline 0.004 -22"><span class='ocrx_word' id='word_1_750' title='bbox 367 5331 590 5398; x_wconf 70' lang='grc' dir='ltr'>φρονῶν</span> <span class='ocrx_word' id='word_1_751' title='bbox 641 5330 954 5400; x_wconf 86' lang='grc' dir='ltr'>ἄνθρωπος,</span> <span class='ocrx_word' id='word_1_752' title='bbox 1010 5336 1126 5395; x_wconf 87' lang='grc' dir='ltr'>τοῖς</span> <span class='ocrx_word' id='word_1_753' title='bbox 1180 5333 1366 5403; x_wconf 75' lang='grc' dir='ltr'>ἔργοις</span> <span class='ocrx_word' id='word_1_754' title='bbox 1414 5335 1598 5396; x_wconf 83' lang='grc' dir='ltr'>ἄλλοις</span> <span class='ocrx_word' id='word_1_755' title='bbox 1653 5333 1947 5400; x_wconf 85' lang='grc' dir='ltr'>δέδεικται,</span> 
     </span>
    </p>
   </div>
   <div class='ocr_carea' id='block_1_102' title="bbox 363 5423 1948 5500">
    <p class='ocr_par' dir='ltr' id='par_1_102' title="bbox 363 5423 1948 5500">
     <span class='ocr_line' id='line_1_102' title="bbox 363 5423 1948 5500; baseline 0.013 -26"><span class='ocrx_word' id='word_1_756' title='bbox 363 5423 490 5475; x_wconf 64' lang='grc' dir='ltr'>οὐδὲ</span> <span class='ocrx_word' id='word_1_757' title='bbox 524 5423 725 5478; x_wconf 80' lang='grc' dir='ltr'>πολλοῦ</span> <span class='ocrx_word' id='word_1_758' title='bbox 779 5425 1125 5494; x_wconf 77' lang='grc' dir='ltr'>τοῦ.μεταξὺ</span> <span class='ocrx_word' id='word_1_759' title='bbox 1179 5427 1488 5493; x_wconf 75' lang='grc' dir='ltr'>γεγονότος·</span> <span class='ocrx_word' id='word_1_760' title='bbox 1552 5427 1786 5496; x_wconf 77' lang='grc' dir='ltr'>ὀλιγοις</span> <span class='ocrx_word' id='word_1_761' title='bbox 1836 5430 1948 5500; x_wconf 82' lang='grc' dir='ltr'>γὰρ</span> 
     </span>
    </p>
   </div>
   <div class='ocr_carea' id='block_1_103' title="bbox 365 5510 1947 5590">
    <p class='ocr_par' dir='ltr' id='par_1_103' title="bbox 365 5510 1947 5590">
     <span class='ocr_line' id='line_1_103' title="bbox 365 5510 1947 5590; baseline 0.004 -24"><span class='ocrx_word' id='word_1_762' title='bbox 365 5512 638 5583; x_wconf 77' lang='grc' dir='ltr'>ἐντυχὼν,</span> <span class='ocrx_word' id='word_1_763' title='bbox 695 5510 771 5566; x_wconf 82' lang='grc' dir='ltr'>ὧν</span> <span class='ocrx_word' id='word_1_764' title='bbox 823 5532 968 5580; x_wconf 85' lang='grc' dir='ltr'>τινες</span> <span class='ocrx_word' id='word_1_765' title='bbox 1022 5517 1108 5586; x_wconf 79' lang='grc' dir='ltr'><strong>ἐφ’</strong></span> <span class='ocrx_word' id='word_1_766' title='bbox 1164 5517 1444 5588; x_wconf 81' lang='grc' dir='ltr'>ἱππαρίων</span> <span class='ocrx_word' id='word_1_767' title='bbox 1497 5521 1774 5590; x_wconf 85' lang='grc' dir='ltr'>πονηρῶν,</span> <span class='ocrx_word' id='word_1_768' title='bbox 1823 5521 1947 5573; x_wconf 86' lang='grc' dir='ltr'>τότε</span> 
     </span>
    </p>
   </div>
   <div class='ocr_carea' id='block_1_104' title="bbox 366 5603 1949 5680">
    <p class='ocr_par' dir='ltr' id='par_1_104' title="bbox 366 5603 1949 5680">
     <span class='ocr_line' id='line_1_104' title="bbox 366 5603 1949 5680; baseline 0.006 -25"><span class='ocrx_word' id='word_1_769' title='bbox 366 5605 607 5673; x_wconf 83' lang='grc' dir='ltr'>πρώτως</span> <span class='ocrx_word' id='word_1_770' title='bbox 655 5603 814 5675; x_wconf 70' lang='grc' dir='ltr'>οἶμαι</span> <span class='ocrx_word' id='word_1_771' title='bbox 867 5609 1265 5678; x_wconf 81' lang='grc' dir='ltr'>γυμνώσαντες</span> <span class='ocrx_word' id='word_1_772' title='bbox 1314 5613 1406 5662; x_wconf 74' lang='grc' dir='ltr'><strong>ἐπὶ</strong></span> <span class='ocrx_word' id='word_1_773' title='bbox 1436 5612 1562 5676; x_wconf 74' lang='grc' dir='ltr'>τοὺς</span> <span class='ocrx_word' id='word_1_774' title='bbox 1605 5613 1834 5680; x_wconf 81' lang='grc' dir='ltr'>ἐχθροὺς</span> <span class='ocrx_word' id='word_1_775' title='bbox 1877 5612 1949 5665; x_wconf 66' lang='grc' dir='ltr'><strong>’τὸ</strong></span> 
     </span>
    </p>
   </div>
   <div class='ocr_carea' id='block_1_105' title="bbox 367 5695 1950 5772">
    <p class='ocr_par' dir='ltr' id='par_1_105' title="bbox 367 5695 1950 5772">
     <span class='ocr_line' id='line_1_105' title="bbox 367 5695 1950 5772; baseline 0.008 -27"><span class='ocrx_word' id='word_1_776' title='bbox 367 5695 550 5764; x_wconf 60' lang='grc' dir='ltr'>ξίφος,</span> <span class='ocrx_word' id='word_1_777' title='bbox 586 5699 615 5750; x_wconf 81' lang='grc' dir='ltr'>ὁ</span> <span class='ocrx_word' id='word_1_778' title='bbox 639 5699 871 5769; x_wconf 70' lang='grc' dir='ltr'>θρασὺς,</span> <span class='ocrx_word' id='word_1_779' title='bbox 925 5701 954 5753; x_wconf 85' lang='grc' dir='ltr'><strong>ό</strong></span> <span class='ocrx_word' id='word_1_780' title='bbox 994 5701 1220 5770; x_wconf 85' lang='grc' dir='ltr'>γαῦρος,</span> <span class='ocrx_word' id='word_1_781' title='bbox 1263 5705 1290 5755; x_wconf 86' lang='grc' dir='ltr'><strong>ὁ</strong></span> <span class='ocrx_word' id='word_1_782' title='bbox 1321 5704 1509 5768; x_wconf 84' lang='grc' dir='ltr'>πολὺς,</span> <span class='ocrx_word' id='word_1_783' title='bbox 1561 5705 1702 5772; x_wconf 86' lang='grc' dir='ltr'>μετὰ</span> <span class='ocrx_word' id='word_1_784' title='bbox 1735 5705 1950 5758; x_wconf 85' lang='grc' dir='ltr'>πολλῶν</span> 
     </span>
    </p>
   </div>
   <div class='ocr_carea' id='block_1_106' title="bbox 370 5791 1950 5866">
    <p class='ocr_par' dir='ltr' id='par_1_106' title="bbox 370 5791 1950 5866">
     <span class='ocr_line' id='line_1_106' title="bbox 370 5791 1950 5866; baseline 0.003 -26"><span class='ocrx_word' id='word_1_785' title='bbox 370 5791 588 5844; x_wconf 71' lang='grc' dir='ltr'>ἱππέων</span> <span class='ocrx_word' id='word_1_786' title='bbox 617 5793 814 5858; x_wconf 68' lang='grc' dir='ltr'>ὲπιιῖιν,</span> <span class='ocrx_word' id='word_1_787' title='bbox 849 5795 943 5847; x_wconf 73' lang='grc' dir='ltr'>καὶ</span> <span class='ocrx_word' id='word_1_788' title='bbox 975 5793 1190 5859; x_wconf 85' lang='grc' dir='ltr'>πολλοῖς</span> <span class='ocrx_word' id='word_1_789' title='bbox 1221 5795 1469 5858; x_wconf 75' lang='grc' dir='ltr'>ὁπλίταις</span> <span class='ocrx_word' id='word_1_790' title='bbox 1507 5812 1572 5848; x_wconf 84' lang='grc' dir='ltr'><strong>πε</strong></span> <span class='ocrx_word' id='word_1_791' title='bbox 1585 5796 1950 5866; x_wconf 72' lang='grc' dir='ltr'>ρικυκλούμῖ-</span> 
     </span>
    </p>
   </div>
   <div class='ocr_carea' id='block_1_107' title="bbox 2045 4592 3634 4667">
    <p class='ocr_par' dir='ltr' id='par_1_107' title="bbox 2045 4592 3634 4667">
     <span class='ocr_line' id='line_1_107' title="bbox 2045 4592 3634 4667; baseline -0.006 -15"><span class='ocrx_word' id='word_1_792' title='bbox 2045 4614 2207 4667; x_wconf 92' lang='lat' dir='ltr'><strong>quam</strong></span> <span class='ocrx_word' id='word_1_793' title='bbox 2234 4597 2378 4667; x_wconf 90' lang='lat' dir='ltr'><strong>quod</strong></span> <span class='ocrx_word' id='word_1_794' title='bbox 2405 4597 2555 4667; x_wconf 88' lang='lat' dir='ltr'><strong>prius</strong></span> <span class='ocrx_word' id='word_1_795' title='bbox 2577 4595 2945 4664; x_wconf 87' lang='lat' dir='ltr'><strong>acceperant?</strong></span> <span class='ocrx_word' id='word_1_796' title='bbox 2971 4593 3165 4648; x_wconf 81' lang='lat' dir='ltr'><strong>Nonne</strong></span> <span class='ocrx_word' id='word_1_797' title='bbox 3196 4592 3507 4647; x_wconf 78' lang='lat' dir='ltr'><strong>serviebant</strong></span> <span class='ocrx_word' id='word_1_798' title='bbox 3531 4594 3634 4646; x_wconf 89' lang='lat' dir='ltr'><strong>suh</strong></span> 
     </span>
    </p>
   </div>
   <div class='ocr_carea' id='block_1_108' title="bbox 2046 4685 3632 4758">
    <p class='ocr_par' dir='ltr' id='par_1_108' title="bbox 2046 4685 3632 4758">
     <span class='ocr_line' id='line_1_108' title="bbox 2046 4685 3632 4758; baseline -0.005 -14"><span class='ocrx_word' id='word_1_799' title='bbox 2046 4690 2234 4754; x_wconf 86' lang='lat' dir='ltr'><strong>armis,</strong></span> <span class='ocrx_word' id='word_1_800' title='bbox 2268 4689 2470 4758; x_wconf 90' lang='lat' dir='ltr'><strong>quibus</strong></span> <span class='ocrx_word' id='word_1_801' title='bbox 2495 4689 2673 4743; x_wconf 89' lang='lat' dir='ltr'><strong>fuerat</strong></span> <span class='ocrx_word' id='word_1_802' title='bbox 2701 4686 2838 4742; x_wconf 89' lang='lat' dir='ltr'><strong>festa</strong></span> <span class='ocrx_word' id='word_1_803' title='bbox 2862 4688 2978 4742; x_wconf 89' lang='lat' dir='ltr'><strong>dies</strong></span> <span class='ocrx_word' id='word_1_804' title='bbox 2998 4695 3056 4740; x_wconf 91' lang='lat' dir='ltr'><strong>ut</strong></span> <span class='ocrx_word' id='word_1_805' title='bbox 3076 4685 3158 4740; x_wconf 92' lang='lat' dir='ltr'><strong>vel</strong></span> <span class='ocrx_word' id='word_1_806' title='bbox 3176 4686 3414 4739; x_wconf 88' lang='lat' dir='ltr'><strong>inermes</strong></span> <span class='ocrx_word' id='word_1_807' title='bbox 3429 4692 3632 4738; x_wconf 89' lang='lat' dir='ltr'><strong>terram</strong></span> 
     </span>
    </p>
   </div>
   <div class='ocr_carea' id='block_1_109' title="bbox 2049 4778 3632 4851">
    <p class='ocr_par' dir='ltr' id='par_1_109' title="bbox 2049 4778 3632 4851">
     <span class='ocr_line' id='line_1_109' title="bbox 2049 4778 3632 4851; baseline -0.003 -17"><span class='ocrx_word' id='word_1_808' title='bbox 2049 4793 2290 4837; x_wconf 91' lang='lat' dir='ltr'><strong>nostram</strong></span> <span class='ocrx_word' id='word_1_809' title='bbox 2327 4781 2665 4850; x_wconf 81' lang='lat' dir='ltr'><strong>diriperent?</strong></span> <span class='ocrx_word' id='word_1_810' title='bbox 2710 4781 2878 4835; x_wconf 83' lang='lat' dir='ltr'><strong>Porro</strong></span> <span class='ocrx_word' id='word_1_811' title='bbox 2922 4781 3060 4836; x_wconf 82' lang='lat' dir='ltr'><strong>sileo</strong></span> <span class='ocrx_word' id='word_1_812' title='bbox 3091 4780 3352 4851; x_wconf 90' lang='lat' dir='ltr'><strong>principis</strong></span> <span class='ocrx_word' id='word_1_813' title='bbox 3405 4778 3632 4832; x_wconf 89' lang='lat' dir='ltr'><strong>multam</strong></span> 
     </span>
    </p>
   </div>
   <div class='ocr_carea' id='block_1_110' title="bbox 2047 4872 3636 4942">
    <p class='ocr_par' dir='ltr' id='par_1_110' title="bbox 2047 4872 3636 4942">
     <span class='ocr_line' id='line_1_110' title="bbox 2047 4872 3636 4942; baseline -0.004 -13"><span class='ocrx_word' id='word_1_814' title='bbox 2047 4875 2613 4942; x_wconf 85' lang='lat' dir='ltr'><strong>superbiam,ahunde</strong></span> <span class='ocrx_word' id='word_1_815' title='bbox 2663 4891 2727 4928; x_wconf 70' lang='lat' dir='ltr'><strong>ex</strong></span> <span class='ocrx_word' id='word_1_816' title='bbox 2792 4875 2956 4928; x_wconf 79' lang='lat' dir='ltr'><strong>rebus</strong></span> <span class='ocrx_word' id='word_1_817' title='bbox 3001 4883 3344 4942; x_wconf 52' lang='lat' dir='ltr'><strong>coargutam;</strong></span> <span class='ocrx_word' id='word_1_818' title='bbox 3365 4872 3555 4926; x_wconf 89' lang='lat' dir='ltr'><strong>Nonne</strong></span> <span class='ocrx_word' id='word_1_819' title='bbox 3591 4873 3636 4923; x_wconf 91' lang='lat' dir='ltr'><strong>is</strong></span> 
     </span>
    </p>
   </div>
   <div class='ocr_carea' id='block_1_111' title="bbox 2047 4963 3634 5035">
    <p class='ocr_par' dir='ltr' id='par_1_111' title="bbox 2047 4963 3634 5035">
     <span class='ocr_line' id='line_1_111' title="bbox 2047 4963 3634 5035; baseline -0.004 -15"><span class='ocrx_word' id='word_1_820' title='bbox 2047 4967 2305 5020; x_wconf 79' lang='lat' dir='ltr'><strong>extremis</strong></span> <span class='ocrx_word' id='word_1_821' title='bbox 2327 4966 2508 5035; x_wconf 77' lang='lat' dir='ltr'><strong>digitis</strong></span> <span class='ocrx_word' id='word_1_822' title='bbox 2535 4981 2598 5020; x_wconf 89' lang='lat' dir='ltr'><strong>ac</strong></span> <span class='ocrx_word' id='word_1_823' title='bbox 2624 4965 2762 5019; x_wconf 84' lang='lat' dir='ltr'><strong>fastu</strong></span> <span class='ocrx_word' id='word_1_824' title='bbox 2786 4965 3110 5019; x_wconf 74' lang='lat' dir='ltr'><strong>incedebat?</strong></span> <span class='ocrx_word' id='word_1_825' title='bbox 3133 4963 3324 5035; x_wconf 83' lang='lat' dir='ltr'><strong>Nonne</strong></span> <span class='ocrx_word' id='word_1_826' title='bbox 3344 4978 3509 5032; x_wconf 86' lang='lat' dir='ltr'><strong>supra</strong></span> <span class='ocrx_word' id='word_1_827' title='bbox 3535 4977 3634 5015; x_wconf 85' lang='lat' dir='ltr'><strong>nu-</strong></span> 
     </span>
    </p>
   </div>
   <div class='ocr_carea' id='block_1_112' title="bbox 2048 5033 3634 5128">
    <p class='ocr_par' dir='ltr' id='par_1_112' title="bbox 2048 5033 3634 5128">
     <span class='ocr_line' id='line_1_112' title="bbox 2048 5033 3634 5128; baseline -0.004 -15"><span class='ocrx_word' id='word_1_828' title='bbox 2048 5060 2143 5114; x_wconf 87' lang='lat' dir='ltr'><strong>bes</strong></span> <span class='ocrx_word' id='word_1_829' title='bbox 2166 5061 2190 5112; x_wconf 82' lang='lat'><strong>?</strong></span> <span class='ocrx_word' id='word_1_830' title='bbox 2213 5058 2406 5112; x_wconf 89' lang='lat' dir='ltr'><strong>Nonne</strong></span> <span class='ocrx_word' id='word_1_831' title='bbox 2441 5068 2788 5128; x_wconf 86' lang='lat' dir='ltr'><strong>promoverat</strong></span> <span class='ocrx_word' id='word_1_832' title='bbox 2815 5058 2883 5111; x_wconf 89' lang='lat' dir='ltr'><strong>ad</strong></span> <span class='ocrx_word' id='word_1_833' title='bbox 2909 5033 3180 5111; x_wconf 67' lang='lat' dir='ltr'><strong>summain</strong></span> <span class='ocrx_word' id='word_1_834' title='bbox 3213 5053 3634 5125; x_wconf 77' lang='lat' dir='ltr'><strong>arrogantiam?</strong></span> 
     </span>
    </p>
   </div>
   <div class='ocr_carea' id='block_1_113' title="bbox 2049 5150 3627 5209">
    <p class='ocr_par' dir='ltr' id='par_1_113' title="bbox 2049 5150 3627 5209">
     <span class='ocr_line' id='line_1_113' title="bbox 2049 5150 3627 5209; baseline -0.004 -1"><span class='ocrx_word' id='word_1_835' title='bbox 2049 5154 2144 5209; x_wconf 88' lang='lat' dir='ltr'><strong>llle</strong></span> <span class='ocrx_word' id='word_1_836' title='bbox 2167 5153 2524 5207; x_wconf 87' lang='lat' dir='ltr'><strong>nihilominus</strong></span> <span class='ocrx_word' id='word_1_837' title='bbox 2547 5154 2628 5208; x_wconf 91' lang='lat' dir='ltr'><strong>sic</strong></span> <span class='ocrx_word' id='word_1_838' title='bbox 2659 5152 2826 5206; x_wconf 90' lang='lat' dir='ltr'><strong>animi</strong></span> <span class='ocrx_word' id='word_1_839' title='bbox 2856 5152 3035 5206; x_wconf 89' lang='lat' dir='ltr'><strong>sensis</strong></span> <span class='ocrx_word' id='word_1_840' title='bbox 3059 5166 3126 5205; x_wconf 90' lang='lat' dir='ltr'><strong>ac</strong></span> <span class='ocrx_word' id='word_1_841' title='bbox 3174 5150 3356 5205; x_wconf 89' lang='lat' dir='ltr'><strong>verbis</strong></span> <span class='ocrx_word' id='word_1_842' title='bbox 3385 5150 3592 5202; x_wconf 85' lang='lat' dir='ltr'><strong>habens</strong></span> <span class='ocrx_word' id='word_1_843' title='bbox 3612 5188 3627 5209; x_wconf 87' lang='lat'><strong>,</strong></span> 
     </span>
    </p>
   </div>
   <div class='ocr_carea' id='block_1_114' title="bbox 2051 5242 3628 5307">
    <p class='ocr_par' dir='ltr' id='par_1_114' title="bbox 2051 5242 3628 5307">
     <span class='ocr_line' id='line_1_114' title="bbox 2051 5242 3628 5307; baseline -0.006 -7"><span class='ocrx_word' id='word_1_844' title='bbox 2051 5245 2132 5300; x_wconf 88' lang='lat' dir='ltr'><strong>sic</strong></span> <span class='ocrx_word' id='word_1_845' title='bbox 2156 5260 2286 5299; x_wconf 85' lang='lat' dir='ltr'><strong>vero</strong></span> <span class='ocrx_word' id='word_1_846' title='bbox 2313 5245 2518 5305; x_wconf 83' lang='lat' dir='ltr'><strong>verbis,</strong></span> <span class='ocrx_word' id='word_1_847' title='bbox 2555 5243 2846 5297; x_wconf 78' lang='lat' dir='ltr'><strong>inflexione</strong></span> <span class='ocrx_word' id='word_1_848' title='bbox 2881 5258 2946 5297; x_wconf 91' lang='lat' dir='ltr'><strong>ac</strong></span> <span class='ocrx_word' id='word_1_849' title='bbox 2975 5242 3190 5304; x_wconf 90' lang='lat' dir='ltr'><strong>habitu,</strong></span> <span class='ocrx_word' id='word_1_850' title='bbox 3245 5242 3628 5307; x_wconf 88' lang='lat' dir='ltr'><strong>omnibusque,</strong></span> 
     </span>
    </p>
   </div>
   <div class='ocr_carea' id='block_1_115' title="bbox 2053 5332 3629 5404">
    <p class='ocr_par' dir='ltr' id='par_1_115' title="bbox 2053 5332 3629 5404">
     <span class='ocr_line' id='line_1_115' title="bbox 2053 5332 3629 5404; baseline -0.004 -17"><span class='ocrx_word' id='word_1_851' title='bbox 2053 5336 2252 5404; x_wconf 89' lang='lat' dir='ltr'><strong>quibus</strong></span> <span class='ocrx_word' id='word_1_852' title='bbox 2287 5337 2408 5403; x_wconf 89' lang='lat' dir='ltr'><strong>quis</strong></span> <span class='ocrx_word' id='word_1_853' title='bbox 2468 5337 2708 5389; x_wconf 90' lang='lat' dir='ltr'><strong>animum</strong></span> <span class='ocrx_word' id='word_1_854' title='bbox 2760 5343 3057 5389; x_wconf 88' lang='lat' dir='ltr'><strong>tumentem</strong></span> <span class='ocrx_word' id='word_1_855' title='bbox 3109 5333 3323 5402; x_wconf 90' lang='lat' dir='ltr'><strong>prodat,</strong></span> <span class='ocrx_word' id='word_1_856' title='bbox 3360 5332 3502 5385; x_wconf 85' lang='lat' dir='ltr'><strong>alius</strong></span> <span class='ocrx_word' id='word_1_857' title='bbox 3564 5344 3629 5382; x_wconf 79' lang='lat' dir='ltr'><strong>ex</strong></span> 
     </span>
    </p>
   </div>
   <div class='ocr_carea' id='block_1_116' title="bbox 2053 5421 3635 5500">
    <p class='ocr_par' dir='ltr' id='par_1_116' title="bbox 2053 5421 3635 5500">
     <span class='ocr_line' id='line_1_116' title="bbox 2053 5421 3635 5500; baseline -0.003 -20"><span class='ocrx_word' id='word_1_858' title='bbox 2053 5427 2216 5480; x_wconf 83' lang='lat' dir='ltr'><strong>rebus</strong></span> <span class='ocrx_word' id='word_1_859' title='bbox 2259 5426 2506 5500; x_wconf 74' lang='lat' dir='ltr'><strong>proditth</strong></span> <span class='ocrx_word' id='word_1_860' title='bbox 2529 5435 2631 5488; x_wconf 81' lang='lat' dir='ltr'><strong>est,</strong></span> <span class='ocrx_word' id='word_1_861' title='bbox 2663 5440 2766 5479; x_wconf 86' lang='lat' dir='ltr'><strong>nec</strong></span> <span class='ocrx_word' id='word_1_862' title='bbox 2804 5427 2857 5478; x_wconf 90' lang='lat' dir='ltr'><strong>id</strong></span> <span class='ocrx_word' id='word_1_863' title='bbox 2919 5424 3092 5478; x_wconf 90' lang='lat' dir='ltr'><strong>multo</strong></span> <span class='ocrx_word' id='word_1_864' title='bbox 3137 5424 3397 5491; x_wconf 80' lang='lat' dir='ltr'><strong>deinceps</strong></span> <span class='ocrx_word' id='word_1_865' title='bbox 3447 5421 3635 5492; x_wconf 70' lang='lat' dir='ltr'><strong>elapso</strong></span> 
     </span>
    </p>
   </div>
   <div class='ocr_carea' id='block_1_117' title="bbox 2055 5511 3631 5585">
    <p class='ocr_par' dir='ltr' id='par_1_117' title="bbox 2055 5511 3631 5585">
     <span class='ocr_line' id='line_1_117' title="bbox 2055 5511 3631 5585; baseline -0.001 -17"><span class='ocrx_word' id='word_1_866' title='bbox 2055 5527 2319 5585; x_wconf 84' lang='lat' dir='ltr'><strong>tempore.</strong></span> <span class='ocrx_word' id='word_1_867' title='bbox 2354 5515 2550 5569; x_wconf 86' lang='lat' dir='ltr'><strong>Paucis</strong></span> <span class='ocrx_word' id='word_1_868' title='bbox 2577 5515 2845 5583; x_wconf 89' lang='lat' dir='ltr'><strong>siquidem</strong></span> <span class='ocrx_word' id='word_1_869' title='bbox 2879 5513 3104 5568; x_wconf 88' lang='lat' dir='ltr'><strong>obviam</strong></span> <span class='ocrx_word' id='word_1_870' title='bbox 3161 5511 3363 5577; x_wconf 86' lang='lat' dir='ltr'><strong>factus,</strong></span> <span class='ocrx_word' id='word_1_871' title='bbox 3396 5527 3631 5582; x_wconf 87' lang='lat' dir='ltr'><strong>quorum</strong></span> 
     </span>
    </p>
   </div>
   <div class='ocr_carea' id='block_1_118' title="bbox 2052 5606 3636 5676">
    <p class='ocr_par' dir='ltr' id='par_1_118' title="bbox 2052 5606 3636 5676">
     <span class='ocr_line' id='line_1_118' title="bbox 2052 5606 3636 5676; baseline -0.003 -14"><span class='ocrx_word' id='word_1_872' title='bbox 2052 5618 2168 5662; x_wconf 85' lang='lat' dir='ltr'><strong>erat</strong></span> <span class='ocrx_word' id='word_1_873' title='bbox 2197 5610 2519 5676; x_wconf 84' lang='lat' dir='ltr'><strong>equisonum</strong></span> <span class='ocrx_word' id='word_1_874' title='bbox 2549 5607 2726 5674; x_wconf 81' lang='lat' dir='ltr'><strong>aliqua</strong></span> <span class='ocrx_word' id='word_1_875' title='bbox 2779 5622 2996 5671; x_wconf 87' lang='lat' dir='ltr'><strong>manus,</strong></span> <span class='ocrx_word' id='word_1_876' title='bbox 3030 5621 3096 5660; x_wconf 89' lang='lat' dir='ltr'><strong>ac</strong></span> <span class='ocrx_word' id='word_1_877' title='bbox 3139 5620 3328 5660; x_wconf 88' lang='lat' dir='ltr'><strong>eorum</strong></span> <span class='ocrx_word' id='word_1_878' title='bbox 3350 5606 3440 5675; x_wconf 89' lang='lat' dir='ltr'><strong>qui</strong></span> <span class='ocrx_word' id='word_1_879' title='bbox 3491 5620 3636 5658; x_wconf 65' lang='lat' dir='ltr'><strong>nunc</strong></span> 
     </span>
    </p>
   </div>
   <div class='ocr_carea' id='block_1_119' title="bbox 2054 5699 3635 5770">
    <p class='ocr_par' dir='ltr' id='par_1_119' title="bbox 2054 5699 3635 5770">
     <span class='ocr_line' id='line_1_119' title="bbox 2054 5699 3635 5770; baseline -0.001 -15"><span class='ocrx_word' id='word_1_880' title='bbox 2054 5717 2217 5770; x_wconf 86' lang='lat' dir='ltr'><strong>quam</strong></span> <span class='ocrx_word' id='word_1_881' title='bbox 2251 5701 2387 5755; x_wconf 84' lang='lat' dir='ltr'><strong>forte</strong></span> <span class='ocrx_word' id='word_1_882' title='bbox 2412 5699 2650 5768; x_wconf 79' lang='lat' dir='ltr'><strong>gladium</strong></span> <span class='ocrx_word' id='word_1_883' title='bbox 2684 5701 2735 5754; x_wconf 92' lang='lat' dir='ltr'><strong>in</strong></span> <span class='ocrx_word' id='word_1_884' title='bbox 2767 5701 2950 5756; x_wconf 86' lang='lat' dir='ltr'><strong>hostes</strong></span> <span class='ocrx_word' id='word_1_885' title='bbox 3007 5700 3361 5756; x_wconf 70' lang='lat' dir='ltr'><strong>strinxissent</strong></span> <span class='ocrx_word' id='word_1_886' title='bbox 3390 5740 3403 5766; x_wconf 91' lang='lat'><strong>,</strong></span> <span class='ocrx_word' id='word_1_887' title='bbox 3456 5700 3635 5754; x_wconf 78' lang='lat' dir='ltr'><strong>audax</strong></span> 
     </span>
    </p>
   </div>
   <div class='ocr_carea' id='block_1_120' title="bbox 2057 5793 3635 5867">
    <p class='ocr_par' dir='ltr' id='par_1_120' title="bbox 2057 5793 3635 5867">
     <span class='ocr_line' id='line_1_120' title="bbox 2057 5793 3635 5867; baseline 0 -19"><span class='ocrx_word' id='word_1_888' title='bbox 2057 5797 2165 5860; x_wconf 91' lang='lat' dir='ltr'><strong>ille,</strong></span> <span class='ocrx_word' id='word_1_889' title='bbox 2199 5795 2286 5850; x_wconf 92' lang='lat' dir='ltr'><strong>illc</strong></span> <span class='ocrx_word' id='word_1_890' title='bbox 2322 5809 2604 5865; x_wconf 76' lang='lat' dir='ltr'><strong>arrogans,</strong></span> <span class='ocrx_word' id='word_1_891' title='bbox 2639 5793 3133 5866; x_wconf 82' lang='lat' dir='ltr'><strong>illejactabuudus,</strong></span> <span class='ocrx_word' id='word_1_892' title='bbox 3159 5796 3248 5867; x_wconf 85' lang='lat' dir='ltr'><strong>qui</strong></span> <span class='ocrx_word' id='word_1_893' title='bbox 3277 5794 3445 5849; x_wconf 85' lang='lat' dir='ltr'><strong>multo</strong></span> <span class='ocrx_word' id='word_1_894' title='bbox 3485 5796 3635 5862; x_wconf 85' lang='lat' dir='ltr'><strong>equi-</strong></span> 
     </span>
    </p>
   </div>
  </div>
