4024 6210
439 350 545 413 Ξ15

1598 342 2009 424 MANUELIS‘
2045 363 2489 427 PALIEOLOGI

3587 370 3693 434 216

443 478 494 522 te
534 467 836 524 instructus
870 469 1168 535 invaderet,
1204 472 1499 543 multisque
1528 476 1771 546 undique
1793 478 2023 531 armatis

2138 480 2226 541 νὸς
2275 498 2333 531 τε
2376 481 2469 534 καὶ
2522 481 3083 551 περιστοιχιζόμενος,
3142 481 3236 533 καὶ
3284 480 3504 553 0αρρὧ
3548 484 3713 537 πολυ-

410 568 411 571 ‘
441 561 813 614 circumfusus
835 574 899 614 ac
921 561 1158 619 vallatus
1188 575 1356 630 esset,
1390 582 1791 637 numerosaqus
1826 568 1916 622 illa
1944 583 2038 621 ca-

440 650 707 717 taphraeti
732 649 923 705 militis
978 652 1212 708 cohorte
1268 667 1652 724 prmsumeret,
1706 675 1805 713 nec
1840 672 2036 714 manus

437 742 654 809 quidem
687 743 949 798 sustinuit
980 759 1293 813 conserere,
1321 749 1413 804 sed
1442 759 1494 805 et
1514 759 1645 820 puto
1672 752 1823 821 prior
1853 752 2037 805 omni-

439 829 542 884 bus
630 831 867 897 arripuit
931 834 1141 902 fugam,
1201 852 1327 891 cum
1392 840 1622 894 necdum
1702 857 2036 912 congressus

436 932 616 987 esset,
678 933 1044 993 opportunum
1106 928 1405 994 arbitrans,
1439 940 1495 983 ut
1580 930 1782 985 lanceae
1844 947 1907 987 ac
1935 949 2035 987 cn-

438 1015 517 1069 sis
579 1014 696 1068 loco
760 1017 1016 1073 stimulos
1088 1032 1153 1074 ac
1207 1021 1477 1075 scutieam
1530 1023 1835 1076 adhiberet.
1892 1024 2035 1077 Sane

440 1108 530 1163 ubi
556 1124 755 1178 equum
778 1109 1007 1165 habenis
1032 1121 1179 1166 retro
1209 1112 1527 1183 inﬂqisset,
1557 1123 1780 1184 tergaqu
1800 1116 2035 1169 evertis-

441 1204 525 1249 set
560 1196 864 1251 volentibus
921 1199 1154 1267 insequi,
1190 1201 1331 1255 haud
1391 1202 1542 1269 prius
1573 1217 1601 1255 a
1630 1203 1755 1272 fuga
1802 1206 2030 1259 destitit.

441 1302 603 1356 quam
638 1303 760 1342 cum
798 1304 941 1343 unus
974 1302 1246 1355 nostrum,
1282 1308 1390 1346 non
1441 1295 1609 1348 hasta:
1647 1296 1891 1364 cuspide,
1939 1300 2033 1352 sed

445 1379 703 1433 trionibus
747 1383 1006 1448 cepisset.
1051 1380 1151 1436 Hic
1206 1398 1335 1437 vero
1367 1385 1531 1451 quis?
1562 1384 1700 1439 Num
1742 1386 1847 1440 dux
1879 1402 2034 1443 exer-

440 1472 627 1526 citus?
656 1472 1113 1543 Haudquaquam.
1141 1475 1423 1545 Siquidem
1453 1478 1596 1533 enim
1627 1479 1846 1535 Achaia:
1875 1482 2024 1550 prin-

436 1578 566 1631 ceps
624 1580 689 1619 eo
729 1566 914 1634 praelia
971 1568 1226 1623 manibus
1290 1585 1425 1623 usus
1477 1580 1646 1633 esset,
1680 1573 1755 1626 uti
1786 1574 2032 1628 etarmis

438 1654 670 1710 habebat
704 1657 965 1723 nti,haud
999 1661 1067 1714 ab
1094 1660 1224 1723 alio,
1261 1671 1416 1730 puto,
1448 1678 1612 1732 quam
1647 1665 1715 1718 ab
1757 1666 2031 1731 exercitus

438 1748 597 1809 duce,
623 1749 920 1817 capiendus
949 1750 1163 1806 fuisset.
1192 1750 1322 1807 Erat
1375 1756 1578 1823 quippe
1608 1755 1686 1808 vir
1711 1756 1869 1824 plane
1892 1766 2029 1811 stre-

436 1853 580 1892 nuus
613 1855 676 1894 ac
709 1839 905 1906 fortis;
956 1857 1148 1912 nempe
1210 1843 1439 1899 Raoum.
1478 1846 1528 1901 Is
1557 1846 1702 1900 enim
1736 1862 1859 1901 cum
1887 1850 2027 1917 apud

439 1945 529 1984 me
561 1948 798 1997 merens,
825 1942 936 1987 tum
972 1934 1065 1987 ubi
1090 1933 1520 2004 Peloponnesum
1540 1938 1787 2007 petisset,
1817 1940 2026 1993 clarum

438 2022 698 2076 omnibus
756 2024 858 2078 viri
887 2024 1077 2091 optimi
1101 2024 1375 2093 specimen
1399 2028 1651 2094 praebuit.
1680 2026 1816 2091 Quia
1847 2036 2027 2081 tamen

439 2109 529 2164 ille
563 2111 697 2164 nihil
760 2123 907 2167 retro
938 2113 1242 2181 aspiciens,
1288 2125 1431 2168 totus
1465 2116 1517 2168 in
1583 2115 1761 2185 fugam
1823 2116 2029 2169 eﬂusus

444 2213 579 2263 erat,
622 2204 763 2258 haud
791 2206 1093 2261 licuitduci
1158 2208 1453 2269 exercitus,
1498 2209 1793 2262 utdeserto
1840 2210 2029 2262 ordine

443 2294 660 2365 longius
713 2297 1111 2366 insequeretur.
1174 2297 1315 2352 Num
1354 2314 1483 2353 vero
1513 2301 1633 2367 quis
1669 2313 1914 2354 nosmnn
1948 2302 2030 2353 vir

439 2386 659 2450 nobilis,
690 2395 782 2441 aut
810 2389 1035 2442 omnino
1070 2387 1225 2443 fortis
1256 2390 1564 2444 dedititiurn
1617 2391 1850 2459 accepit?
1878 2388 1955 2442 Ne
1978 2390 2027 2442 id

440 2477 691 2541 quidem:
722 2494 880 2532 nemo
934 2480 1161 2543 talium;
1208 2494 1272 2533 ac
1327 2495 1503 2547 neque
1552 2496 1776 2550 prorsus
1833 2482 2030 2549 aliquis

442 2567 666 2636 spiritus
699 2571 929 2633 habens,
960 2573 1053 2627 sed
1084 2574 1176 2643 qui
1216 2574 1343 2627 tuba
1374 2573 1601 2627 haberet
1634 2572 1840 2641 agenda
1893 2588 2028 2642 prte-

441 2678 682 2727 monere,
711 2679 774 2718 ac
802 2666 1148 2728 caduceator,
1177 2681 1300 2721 cum
1337 2667 1570 2736 turpiter
1628 2666 1914 2721 dedititius
1941 2666 2031 2721 ille

448 2756 584 2808 nihil
619 2765 813 2825 prmter
847 2758 1010 2811 vitam
1046 2768 1284 2827 rogaret.

511 2847 779 2904 Czeterum
807 2850 1025 2921 ingenui
1057 2867 1277 2921 quoque
1293 2868 1357 2906 ac
1390 2852 1603 2907 nobiles
1621 2853 1867 2921 quinam,
1902 2868 2026 2908 cum

441 2950 637 3006 praeter
671 2942 933 2997 decorum
966 2959 1127 3000 omne
1162 2946 1212 2999 in
1253 2946 1492 3001 hostium
1531 2956 1661 3002 tunc
1696 2948 1893 3002 castris
1922 2948 2028 3001 mi—

440 3033 701 3097 litarent,
740 3036 883 3104 quod
931 3044 985 3091 et
1016 3037 1211 3092 habeat
1245 3038 1683 3098 admirationem,
1721 3049 1775 3094 et
1805 3040 1905 3109 ipsi
1940 3055 2033 3094 ca-

2140 571 2327 641 χειρὶᾳ
2358 573 2453 625 καὶ
2494 572 2694 641 σιδηρᾷ
2721 572 2987 640 φάλαγγι,
3016 571 3135 624 οὕᾶ
3166 572 3296 639 γοῦν
3326 572 3716 642 συμπλακῆναι

2139 659 2260 711 τότε
2311 661 2553 733 ὑπέστη’
2607 664 2723 715 ἀλλ’
2771 660 2928 733 οἶμαι
2974 664 3069 716 καὶ
3124 665 3232 716 τῶν
3282 664 3457 718 ἄλλων
3499 667 3717 734 πρῶτος

2139 752 2410 818 ἐτράπετο
2453 753 2561 824 πρὸ
2592 755 2691 825 τῆς
2718 756 3068 825 συμπλοκῆς,
3099 755 3248 826 ὥραν
3297 738 3437 808 εἶναι
3480 757 3530 811 οἱ
3566 759 3719 824 νομε-

2141 859 2241 907 σας
2270 846 2642 915 ἀντὶηδόρατος
2696 850 2789 901 καὶ
2816 847 3003 916 ξίφους
3030 849 3276 918 κέντροις
3297 864 3354 900 τε
3378 847 3472 899 καὶ
3494 848 3717 915 μάστιγι

2139 936 2614 1006 καταχρήσασθαι.
2662 939 2773 991 Καὶ
2802 946 2984 993 τοίνυν
3011 941 3073 992 ἐκ
3114 938 3358 990 τούπίσω
3388 940 3507 998 ταῖς
3537 937 3715 999 ἡνίαις

2139 1030 2230 1083 τὸν
2285 1032 2450 1083 ἵππον
2509 1032 2768 1101 στρέψας,
2830 1032 2952 1096 δοὺς
3010 1035 3079 1084 τὰ
3126 1032 3269 1083 νῶτα
3322 1033 3432 1092 τοῖς
3496 1030 3716 1083 διώκειν

2140 1120 2510 1191 βουλομένοις,
2541 1124 2569 1174 6
2598 1123 2653 1176 δὲ
2691 1124 2939 1192 ἔφευγεν,
2968 1124 3073 1185 ἕως
3115 1118 3225 1176 εἷλε
3254 1122 3442 1175 τοῦτόν
3469 1139 3554 1183 τις
3596 1126 3718 1174 ταῖν

2138 1216 2341 1282 χεροῖν.
2372 1214 2488 1266 ἀλλ’
2537 1216 2637 1267 οὐκ
2679 1218 2873 1285 αἰχμῇ.
2920 1215 3089 1276 Οὗτος
3136 1214 3192 1267 δὲ
3222 1214 3342 1278 τίςς
3377 1213 3440 1265 '0
3476 1229 3715 1281 στρατη»

2136 1310 2273 1376 γός;
2320 1308 2590 1378 Οὐδαμῶς
2615 1325 2629 1338 ’
2656 1310 2705 1360 εἰ
2738 1312 2848 1377 γὰρ
2898 1309 3102 1377 ἐχρῆτο
3142 1309 3260 1359 ταῖν
3284 1306 3489 1375 χεροῖν,
3523 1304 3714 1373 ὥσπερ

2135 1400 2305 1469 ἐχρῆν
2342 1401 2437 1453 καὶ
2466 1403 2578 1463 τοῖς
2623 1400 2832 1463 ὅπλοις,
2867 1402 2894 1452 6
2928 1401 3025 1467 τῆς
3072 1399 3298 1467 Ἀχαΐας
3354 1399 3461 1450 τότ’
3506 1397 3712 1468 ἄρχων.

2137 1493 2212 1560 μὴ
2241 1493 2306 1546 ἂν
2358 1492 2521 1546 αὐτὸν
2556 1489 2709 1561 οἶμαι
2739 1493 2880 1545 ἑλεῖν
2914 1492 3122 1561 μηδένα
3171 1492 3360 1558 ἕτερον
3395 1490 3505 1541 τῶν
3544 1490 3717 1541 ἀπάν-

2133 1602 2242 1637 των
2265 1587 2372 1656 πρὸ
2395 1584 2489 1639 τοῦ
2518 1585 2620 1653 τῆς
2643 1587 2912 1653 στρατιᾶς
2939 1587 3231 1654 ἡγεμόνος.
3253 1579 3365 1636 Ἦν
3396 1583 3505 1652 γὰρ
3533 1584 3711 1636 πάντα

2134 1676 2340 1741 ἀγαθὶς
2372 1679 2467 1729 καὶ
2498 1679 2747 1747 ἀνδρεῖος
2774 1693 2788 1708 °
2826 1675 3024 1728 Ῥαοῦν
3052 1675 3160 1742 γὰρ
3193 1669 3260 1743 ἦν
3294 1675 3321 1724 6
3353 1673 3586 1741 χρηστός
3611 1688 3628 1704 ο
3655 1672 3715 1736 ὃς

2135 1766 2233 1817 καὶ
2266 1767 2396 1835 παρ’
2428 1768 2550 1835 ἐμοὶ¹
2606 1767 2784 1834 μένων
2823 1766 2927 1828 ἔτι,
2960 1766 3054 1816 καὶ
3091 1765 3343 1816 ἐνταυθοῖ
3396 1779 3707 1833 παραγεγοα

2136 1858 2241 1920 νὼς
2271 1859 2462 1911 οὐδένα
2493 1859 2708 1929 λέληθε,
2759 1858 3034 1928 βέλτιστος
3083 1855 3178 1911 ὢν.
3229 1856 3380 1909 Ἐπεὶ
3411 1855 3456 1907 δ’
3507 1857 3715 1918 ἐκεῖνος

2138 1953 2357 2022 πτερῶν
2384 1953 2575 2018 ἐδεῖτο,
2612 1954 3024 2022 ἀμεταστρεπτὶ
3061 1951 3302 2021 φεύγων,
3353 1952 3453 2004 οὐκ
3479 1950 3605 2019 ἐξῆν
3636 1950 3714 2019 τῷ

2139 2045 2435 2111 στρατηγῷ
2500 2046 2720 2113 μακρὰν
2762 2045 3039 2098 ποιεῖσθαι
3080 2050 3179 2111 τὴν
3229 2043 3434 2106 δῖωξιν,
3491 2041 3715 2095 καταλιν

2139 2139 2293 2189 πόντι
2320 2136 2418 2207 τὴν
2449 2137 2625 2201 τάξιν.
2661 2136 2799 2190 Ἀλλ’
2838 2136 3189 2205 αἰχμάλωτος
3219 2137 3424 2197 ἐκεῖνος
3446 2132 3714 2201 γεγονὼς.

2137 2231 2245 2281 τινὶ⁵
2270 2231 2380 2281 τῶν
2421 2229 2555 2299 παρ’
2598 2232 2732 2301 ἡμῖν
2769 2231 3029 2297 εὐγενῶν,
3060 2229 3092 2300 ἦ
3123 2228 3233 2281 τῶν
3264 2228 3528 2297 ἀνδρείων
3576 2226 3715 2288 ὅλως

2137 2322 2353 2388 ἐγένετο
2379 2340 2393 2386 ;
2430 2321 2700 2389 Οὐδαμῶς
2721 2338 2734 2352 ο
2771 2323 2949 2375 οὐδενὶ
2979 2321 3102 2374 οὔτε
3145 2320 3252 2374 τῶν
3278 2318 3558 2391 τοιούτων,
3590 2316 3714 2369 οὔτε

2137 2412 2246 2464 τῶν
2276 2412 2413 2474 ὅλως
2444 2412 2782 2481 μετεχόντων
2807 2411 3159 2481 φρονήματος
3180 2422 3194 2437 ·
3229 2408 3368 2462 ἀλλὰ
3391 2409 3467 2477 τῷ
3496 2410 3561 2477 τῇ
3591 2406 3718 2460 σάλ-

2140 2521 2297 2572 πιγγι
2328 2508 2396 2574 τῇ
2426 2506 2660 2576 στρατιᾷ
2699 2504 2768 2557 τὰ
2817 2503 3069 2574 πρακτέα
3102 2504 3424 2573 σημαίνοντι
3472 2497 3715 2569 αἰσχρῶς

2138 2597 2303 2650 αὐτὸν
2336 2596 2560 2663 ἔδωκεν,
2601 2597 2867 2650 ἱκετεύων
2906 2595 3046 2666 ὑπὲρ
3084 2596 3184 2665 τῆς
3211 2596 3356 2665 ζωῆς
3390 2594 3581 2665 μόνης.

2212 2868 2284 2921 Οὔ
2323 2867 2428 2936 μὴν
2459 2866 2594 2920 ἀλλὰ
2625 2866 2719 2921 καὶ
2765 2866 3005 2933 εὐγενεῖς
3036 2882 3181 2929 τινες
3226 2865 3441 2936 ἄνδρες,
3472 2863 3623 2935 παρὰ
3654 2864 3714 2916 τὸ

2139 2960 2420 3028 προσῆκον
2454 2960 2599 3013 ἆπαν
2629 2958 2779 3021 ὄντες
2820 2960 2941 3011 τότε
2992 2958 3117 3011 καθ’
3155 2959 3332 3026 ἡμῶν,
3368 2957 3656 3021 ἑάλωσανς·
3687 2956 3717 3008 δ

2140 3052 2203 3121 δὴ
2237 3052 2332 3104 καὶ
2382 3052 2611 3120 παρεῖχε
2644 3049 2972 3117 θαυμάζειν.
3030 3050 3353 3102 Τοῦναντὶον
3396 3048 3504 3117 γὰρ
3546 3048 3716 3116 ἐχρῆν

440 3127 516 3195 pti
542 3138 693 3184 sunt.
729 3130 897 3184 Plane
924 3146 1048 3184 vero
1075 3146 1234 3186 secus
1260 3131 1570 3200 oportebat,
1602 3133 1789 3186 multis
1813 3134 1876 3187 de
1903 3150 2030 3188 eau-

2139 3142 2353 3195 πολλῶν
2379 3141 2565 3193 ἕνεκα.
2600 3140 2807 3204 Τίνων;
2842 3140 3221 3209 Προσήκοντες
3248 3133 3390 3208 ἦσαν
3421 3139 3556 3206 ἡμῖν
3589 3135 3714 3188 καθ’

443 3218 541 3273 sis.
567 3216 701 3272 Nam
740 3234 839 3274 nos
892 3220 1155 3289 sanguine
1195 3223 1619 3290 contingebant;
1663 3226 2031 3279 eosdemeru-

442 3328 691 3377 eramus,
718 3328 842 3367 eum
901 3314 979 3368 illi
1007 3316 1219 3384 priores
1253 3316 1388 3368 nihil
1432 3316 1840 3381 contulissent;
1874 3333 2033 3372 acce—

443 3415 636 3471 perant
670 3420 777 3460 non
812 3406 1061 3461 modicos
1096 3406 1338 3461 honores
1370 3423 1383 3471 ;
1411 3408 1555 3462 ultro
1591 3424 1650 3463 se
1686 3418 2029 3465 sacremento

430 3496 877 3575 .obstrinxerant,
906 3499 1069 3569 cujus
1098 3499 1418 3569 religionem
1455 3502 1625 3554 etiam
1662 3501 1829 3555 homo
1881 3501 2029 3556 ferus

445 3598 757 3645 revereatur
795 3605 859 3645 ac
886 3591 1012 3644 velit
1039 3591 1303 3660 integrant
1327 3610 1339 3647 :
1370 3590 1727 3657 oll‘enderant,
1748 3608 1870 3647 cum
1898 3593 2030 3647 nihil

443 3678 679 3735 fuissent
706 3681 855 3748 laesi;
888 3698 986 3751 pro
1011 3697 1077 3737 eo
1108 3692 1167 3737 ut
1200 3684 1396 3737 darent
1454 3699 1671 3752 puellas,
1705 3700 1829 3737 curn
1868 3684 2029 3738 nobis

444 3781 589 3827 esset
620 3773 675 3827 in
703 3782 955 3843 promptu
998 3774 1222 3841 ulcisci,
1268 3775 1533 3828 auxilium
1571 3776 1754 3841 potius
1783 3776 2030 3832 secundo

448 3875 834 3935 impetrarant,
867 3882 935 3922 eo
967 3868 1047 3925 eis
1087 3867 1227 3923 bello
1276 3867 1500 3934 infesto,
1567 3883 1677 3937 quo
1715 3884 1838 3923 cum
1870 3868 2032 3938 paulo

446 3966 592 4029 post,
632 3957 778 4014 bello
819 3959 873 4014 in
911 3976 1015 4016 nos
1044 3960 1307 4025 conﬂato,
1335 3960 1560 4028 turpeid
1585 3962 1730 4016 factu
1759 3976 1823 4015 ac
1850 3970 2027 4027 atrox,

443 4063 641 4125 manus
699 4051 903 4106 auxilio
946 4051 1272 4122 junxerunt.
1324 4050 1491 4107 Plane
1560 4067 1740 4122 operae
1792 4053 2029 4122 pretium

443 4149 585 4206 erat,
616 4151 750 4199 utet
782 4143 950 4198 vitam
982 4144 1154 4201 nostri
1213 4158 1380 4199 causa
1415 4154 1775 4213 spernerent;
1811 4144 1848 4199 ii
1878 4160 2045 4213 vero,-

443 4252 569 4292 eum
594 4237 667 4292 ita
695 4251 879 4307 operae
910 4238 1144 4307 pretium
1173 4247 1338 4301 esset,
1371 4237 1510 4292 nihil
1536 4237 1805 4304 ejusmodi
1836 4239 1889 4290 in
1915 4237 2034 4290 ani-

447 4344 597 4383 unum
624 4328 966 4391 inducentes,
986 4329 1123 4401 nihil
1152 4328 1257 4383 nisi
1282 4345 1458 4397 nugas
1478 4331 1664 4382 omnia
1689 4330 2026 4397 cogitabant,

450 4434 576 4473 eum
609 4420 692 4471 vir
719 4420 957 4488 quisque
995 4422 1239 4489 sapiens,
1277 4437 1345 4474 ne
1382 4422 1667 4474 minimum
1698 4421 1828 4488 quid
1864 4421 2033 4490 negli-

2134 3232 2276 3305 αἷμα
2300 3251 2315 3265 ·
2349 3231 2408 3286 εὖ
2443 3232 2748 3285 πεπόνθασι
2780 3234 2910 3303 παρ’
2943 3232 3123 3303 ἡμῶν,
3158 3231 3331 3301 μηδὲν
3361 3234 3715 3299 προεισενεγ-

2133 3331 2326 3389 κόντες
2352 3342 2366 3356 ·
2393 3327 2560 3395 τιμῆς
2587 3325 2907 3378 ἀπέλαυσαν
2936 3326 2995 3376 οὐ
3028 3325 3268 3393 σμικρᾶς
3291 3339 3304 3352 °
3335 3322 3531 3392 ὅρκους
3562 3322 3719 3373 ἐκου-

2136 3421 2284 3482 σίους
2326 3419 2625 3488 παρέσχον,
2658 3417 2752 3481 οὒς
2778 3418 2884 3471 κᾶν
2910 3416 3050 3486 ἀνὴρ
3079 3418 3338 3485 ἀγροῖκος
3374 3412 3721 3483 ὀμωμοκὼς,

2131 3511 2334 3583 ᾐδέσθη
2358 3527 2415 3563 τε
2436 3509 2753 3573 διαπαντὸς,
2776 3508 2870 3560 καὶ
2894 3507 3217 3578 διετήρησεν
3242 3505 3485 3574 ἀκριϐῶς
3509 3521 3525 3537 ο
3544 3522 3727 3573 προσ-

2132 3606 2522 3674 κεκρούκασιν,
2561 3603 2889 3675 ἠδικημένοι
2917 3603 3040 3673 μηδ’
3070 3600 3273 3654 ὁτιοῦν.
3311 3602 3458 3653 Ἀντὶ
3509 3599 3606 3651 τοῦ
3640 3599 3724 3651 δι-

2132 3717 2237 3770 κην
2268 3698 2475 3762 δοῦναι,
2518 3697 2716 3766 παρὸν,
2768 3698 2816 3749 οἱ
2846 3695 2902 3747 δὲ
2929 3698 3023 3748 καὶ
3072 3694 3327 3764 βοηθεέας
3359 3688 3517 3755 αὖθις
3542 3686 3726 3759 ίέτύγο

2132 3806 2297 3860 χανον
2324 3787 2455 3857 παρ’
2499 3788 2680 3858 ἡμῶν,
2724 3787 2816 3839 ὑπ’
2844 3784 3054 3840 ἐκείνου
3109 3783 3532 3853 πολεμούμενοι,
3576 3773 3621 3849 ᾧ
3649 3798 3719 3848 γε

2137 3882 2333 3954 μικρὸν
2368 3881 2595 3950 ὕστερον
2627 3878 2754 3934 καθ’
2783 3878 2940 3948 ἡμῶν
2979 3879 3348 3947 συνεμάχουν,
3399 3875 3626 3944 αἰσχρόν
3657 3891 3717 3927 τι

2132 3974 2228 4027 καὶ
2255 3972 2469 4025 ἀνόσιον
2516 3971 2663 4041 μάλα
2702 3968 2964 4040 δρῶντες.
3010 3969 3160 4021 Ἔδει
3194 3967 3292 4032 μιν
3322 3966 3432 4037 γὰρ
3482 3965 3577 4017 καὶ
3611 3963 3714 4033 τῆς

2134 4066 2278 4136 ζωῆς
2311 4065 2454 4133 ὑπὲρ
2482 4064 2640 4134 ἡμῶν
2671 4063 2873 4125 αὐτοὺς
2902 4062 3195 4130 ἀλογῆσαι,
3245 4060 3439 4113 τούτου
3470 4059 3672 4127 δεῆσαν
3699 4073 3716 4089 θ

2133 4160 2183 4211 οἱ
2213 4159 2294 4224 δὲ,
2329 4159 2521 4227 μηδὲν,
2552 4157 2628 4219 ὡς
2658 4156 2824 4219 ἔοικε,
2860 4154 3141 4224 προσῆκον
3172 4152 3597 4221 ἐνθυμηθέντες,
3626 4149 3722 4202 οὐ·

2133 4252 2222 4305 δὲν
2262 4252 2296 4322 ἢ
2328 4250 2494 4320 λῆρον
2539 4250 2719 4304 πάντα
2764 4247 3059 4316 ἐνόμισαν·
3095 4240 3170 4299 ὧν
3212 4246 3308 4297 καὶ
3345 4243 3719 4312 σμικρότατον

2133 4343 2235 4396 οὐκ
2268 4341 2335 4394 ἂν
2370 4339 2710 4409 ὐπεροπτέον
2760 4339 2937 4391 ἐδόκει
2966 4338 3074 4391 οὐδ’
3104 4336 3310 4407 ὁτῳοῦν
3355 4336 3484 4389 νοῦν
3512 4335 3717 4405 ἔχοντι.

2147 4432 2288 4485 Ἀλλ’
2321 4426 2365 4501 ᾧ
2396 4432 2491 4485 καλ⁵
2521 4431 2681 4484 τοῦτο
2715 4435 2775 4484 τὸ
2805 4431 3060 4500 λαμπρὸν
3107 4430 3233 4499 ἔστη
3260 4429 3543 4497 τρόπαιον
3576 4428 3718 4495 πρὸς

450 4513 686 4581 gendum
740 4518 1031 4580 potaturus
1080 4518 1246 4567 esset.
1307 4510 1604 4574 Ca-terum,
1656 4514 1744 4565 cui
1785 4513 2025 4581 plurium
2062 4503 2104 4554 Ῑ)
2133 4525 2351 4587 πολλοῖς
2395 4525 2487 4578 καὶ
2518 4524 2734 4593 μείζοσι
2761 4526 2856 4576 καὶ
2895 4523 3175 4576 καλλίοσιν
3214 4522 3441 4587 ἑτέροις,
3476 4519 3718 4588 εὐγενῶς

449 4602 706 4667 aliorum,
740 4617 1044 4673 eorumque
1075 4602 1342 4672 majorum
1378 4616 1441 4656 ac
1469 4602 1768 4657 clariorum
1798 4613 2031 4674 trepteo-

450 4710 571 4750 rum
596 4696 938 4760 accessione,
963 4695 1067 4750 hoc
1093 4709 1333 4765 quoque,
1353 4695 1698 4764 splendidum
1724 4695 1855 4749 illud
1886 4697 2033 4751 exci-

452 4800 623 4843 tatum
684 4798 855 4848 esset.
891 4787 1128 4855 ingenue
1153 4800 1219 4841 ac
1249 4786 1538 4840 clementia
1576 4787 1685 4842 illis
1706 4796 1888 4855 utens,
1924 4788 2024 4843 do-

453 4897 602 4936 mum
627 4881 777 4936 abire
807 4880 1092 4951 permisit;
1153 4895 1467 4949 quanquam
1526 4880 1659 4935 nihil
1691 4883 1828 4951 grati
1861 4882 2025 4935 animi

454 4982 810 5029 momnnento
849 4973 919 5027 ab
947 4974 1027 5029 eis
1076 4982 1431 5043 accepturum
1469 4983 1733 5043 speraret.
1769 4974 2034 5040 Quamvis

452 5067 598 5121 enim
626 5084 691 5122 ex
716 5066 786 5122 iis
817 5080 939 5135 quae
965 5067 1355 5135 praecesissent
1385 5066 1528 5119 haud
1555 5068 1783 5121 obscura
1812 5066 2030 5120 futuro-

453 5174 575 5212 rum
627 5159 780 5213 notio
842 5157 1165 5221 haberetur,
1229 5157 1318 5212 ille
1370 5157 1728 5213 nihilominus
1776 5174 1804 5209 a
1836 5169 2027 5211 natura

451 5264 828 5323 eoinparatum
859 5252 1089 5315 habens,
1124 5261 1185 5306 ut
1219 5252 1399 5306 bonus
1428 5260 1608 5316 esset,
1640 5252 1782 5305 haud
1820 5250 1921 5304 sibi
1951 5250 2030 5304 fa-

404 5385 413 5409 ;
451 5348 634 5401 eivhat
668 5346 826 5412 satis,
855 5345 961 5400 nisi
987 5346 1138 5416 ipsos
1169 5360 1386 5415 quoque
1417 5344 1604 5399 hostes
1632 5345 2025 5398 demereretur.

453 5440 846 5506 Quamobrem,
883 5440 986 5494 etsi
1033 5440 1309 5494 anteriora
1341 5438 1553 5508 liquido
1593 5438 1779 5514 cutura
1824 5438 2029 5492 indica-

457 5543 597 5599 rent,
625 5535 743 5603 ipse
773 5542 952 5611 tamen
1016 5532 1069 5587 id
1117 5532 1295 5586 solum
1345 5532 1629 5601 spectabat
1677 5531 1821 5601 quod
1862 5531 2029 5584 hone-

456 5633 600 5677 stum
631 5632 800 5689 esset,
827 5639 892 5677 ac
932 5639 1001 5678 ne
1050 5638 1109 5679 re
1150 5624 1257 5679 ulla
1287 5638 1318 5677 a
1346 5624 1549 5678 decoro
1580 5621 1885 5677 decederet.
1920 5621 2028 5675 Eos

453 5728 621 5782 porro
671 5717 764 5785 qui
817 5715 943 5770 boni
996 5730 1121 5770 esse
1162 5727 1474 5781 retinerent,
1535 5716 1759 5770 timebat
1804 5715 2022 5782 quidem

457 5820 620 5876 quam
655 5807 965 5869 minimum,
987 5820 1149 5877 quam
1178 5808 1413 5864 maxime
1436 5818 1613 5864 autem
1640 5807 2024 5865 miscrabatur.

2131 4615 2226 4668 καὶ
2258 4614 2663 4684 φιλανθρώπως
2712 4616 2899 4678 αὐτοῖς
2946 4614 3320 4685 χρησάμενος,
3373 4611 3557 4664 οἴκαδε
3587 4610 3719 4664 τού-

2130 4724 2257 4770 τους
2287 4708 2471 4760 εἴασεν
2522 4707 2804 4773 ἀπελθεῖν,
2838 4708 3018 4761 καίτοι
3073 4706 3243 4777 μηδὲν
3293 4703 3533 4767 ἐλπίζων
3582 4705 3717 4774 παρ’

2133 4798 2321 4850 αὐτῶν
2346 4796 2636 4866 εὔγνωμον
2684 4797 3092 4868 ἀπολήψεσθαι.
3125 4797 3185 4849 Εἰ
3214 4795 3323 4867 γὰρ
3368 4794 3552 4847 καὶτὸ
3586 4793 3719 4863 μέλ-

2129 4890 2223 4943 λον
2255 4888 2421 4957 σαφὲς
2465 4889 2682 4959 ὑπῆρχε
2730 4892 2843 4952 τοῖς
2882 4889 2983 4958 ἥδη
3028 4888 3469 4958 πεπραγμένοις,
3517 4884 3656 4937 ἀλλὰ
3688 4887 3716 4936 6

2130 4982 2389 5049 πεφυκὼς
2424 4982 2627 5049 ἀγαθὸς
2678 4977 2820 5035 εἶναι
2866 4982 2967 5034 οὐκ
2999 4982 3211 5051 ἠγάπα,
3243 4982 3290 5031 εἰ
3332 4980 3406 5048 μὴ
3458 4978 3553 5029 καὶ
3585 4978 3713 5039 τοὺς

2131 5075 2361 5146 ἐχθροὺς
2388 5073 2446 5127 εὖ
2484 5075 2752 5144 ποιήσειε.
2785 5074 2895 5127 Καὶ
2922 5074 3009 5127 διὰ
3039 5071 3222 5135 τοῦτο,
3255 5071 3364 5124 τῶν
3412 5070 3717 5138 προλαϐόν-

2132 5186 2240 5220 των
2276 5167 2465 5237 σαφῶς
2510 5166 2817 5234 δηλούντων
2843 5166 2991 5228 ὅπως
3021 5165 3177 5216 ἔσται
3227 5163 3293 5216 τὰ
3342 5161 3462 5231 μετ’
3506 5164 3711 5224 ἐκεῖνα,

2132 5259 2341 5321 ἐκεῖνός
2395 5274 2458 5325 γε
2493 5259 2629 5326 πρὸς
2660 5257 2822 5325 μόνον
2860 5256 3055 5308 ἔδλεπε
3084 5254 3147 5306 τὸ
3199 5253 3385 5320 καλὸν,
3421 5254 3516 5306 καὶ
3566 5252 3618 5303 τί
3648 5252 3715 5304 ἂν

2134 5352 2372 5419 πράξας,
2405 5351 2481 5420 μὴ
2513 5349 2841 5418 παρεξέλοοι
2874 5347 2969 5401 τοῦ
3001 5363 3063 5410 γε
3094 5346 3456 5417 καθήκοντος.
3487 5344 3625 5405 Teii;
3652 5360 3713 5396 τε

2131 5444 2230 5493 οὐκ
2259 5440 2543 5502 ἐθέλοντας
2579 5440 2819 5511 ἀγαθοὺς
2852 5434 2995 5492 εἶναι
3022 5438 3213 5490 ἐδεδίει
3245 5439 3342 5505 μὲν
3365 5436 3440 5500 ὡς
3479 5436 3710 5506 ἥκιστα,

2128 5533 2277 5601 ἠλέει
2309 5532 2365 5585 δὲ
2398 5533 2475 5595 ὡς
2524 5533 2785 5601 μάλιστα.
2832 5531 3019 5585 Βίαιον
3064 5531 3174 5599 γάρ
3217 5547 3270 5582 τι
3323 5530 3384 5582 τὸ
3420 5528 3667 5597 πεφυκός
3694 5544 3711 5561 ’

2133 5626 2238 5678 κᾶν
2265 5627 2444 5678 ἐκεῖνο
2478 5626 2613 5695 πρός
2641 5642 2692 5677 τι
2728 5623 2996 5696 καθέλκῃ,
3026 5624 3086 5675 οὐ
3124 5623 3351 5676 δύναται
3380 5639 3466 5685 τις
3509 5621 3711 5693 ῥᾳδίως
3754 5634 3765 5641 ‘

2135 5717 2515 5770 ἀνθίστασθαι.
2556 5717 2792 5769 Ἐκεῖνον
2843 5716 2899 5768 δὲ
2951 5715 3011 5769 τὸ
3066 5715 3313 5782 πεφυκὸς
3359 5715 3441 5777 εἰς
3504 5713 3711 5781 ἀγαθὸν

2134 5802 2302 5875 εἷλκε,
2338 5808 2432 5863 καὶ
2488 5811 2698 5881 προσῆν
2742 5810 2774 5879 ἡ
2810 5808 2904 5862 τοῦ
2942 5807 3213 5881 βελτίονος
3251 5805 3386 5872 ἕξις.
3420 5805 3623 5876 ’Λμφω
3652 5805 3711 5860 δέ
