4024 6210
286 343 397 412 217
1083 346 1483 406 TIIEDDORI
1509 346 1890 409 DESPOTIB
1934 349 2325 412 LAUDATIO
2355 355 2767 416 FUNEBRIS.
3451 353 3568 421 918

286 456 451 510 ταυτὶ
497 453 1003 525 συνδεδρ-αμτκότα,
1039 460 1291 528 κατεῖχεν
1321 458 1568 527 ἀκριϐῶς
1617 461 1674 511 ἐν
1703 458 1781 530 τῷ
1818 454 1880 512 εὖ

2009 460 2114 516 iam
2175 474 2371 520 natura
2411 468 2542 536 quid
2606 467 2907 522 violentum
2949 477 3067 534 est;
3101 483 3199 522 nec
3226 477 3284 522 ιιι
3316 470 3440 537 quis
3465 470 3570 523 alt-

295 551 479 601 ποιεῖν
514 549 724 608 πάντας
766 546 1075 616 βούλεσθαι.

2009 571 2100 623 luo
2123 559 2251 610 velit
2277 560 2514 620 trahere,
2537 559 2593 612 in
2621 558 2906 614 adversam
2932 571 3138 630 partem
3170 561 3327 615 facile
3347 559 3571 616 inﬂexe-

291 646 386 699 rit.
431 645 708 698 Trabebat
761 643 851 697 illa
887 645 939 698 in
969 647 1192 709 bonum,
1239 647 1429 716 illique
1469 646 1591 716 ejus
1613 649 1860 720 ponderi,
1891 653 2134 707 melioris
2166 655 2385 709 habitus
2416 656 2640 710 cumulo
2721 657 3038 723 accedebat,
3093 672 3216 726 qua:
3276 658 3436 711 ambo
3490 661 3569 718 sic

292 748 576 800 conserta,
629 738 682 792 in
715 740 996 808 proposito
1053 740 1370 795 demerendi
1420 757 1612 798 omnes
1640 742 1878 812 perfecte
1919 746 2198 802 tenebant.

367 835 507 903 Περὶ
541 833 596 886 δὲ
629 815 741 886 τῶν
778 834 1278 906 αὐτομολησάντων
1329 837 1406 900 είς
1449 839 1578 900 τοὺς
1623 839 1874 910 ἐχθροὺς,

2047 841 2188 909 Quid
2220 844 2500 900 enimvero
2562 846 2629 899 de
2659 845 2726 901 iis
2759 846 2942 900 dicere
2982 856 3214 915 spectat.
3245 847 3332 915 qui
3368 848 3431 902 al
3469 847 3568 900 ho-

293 928 393 980 καὶ
430 926 570 996 μετὰ
597 925 708 979 τῶν
737 925 921 980 λύκων
949 928 1026 990 ὡς
1056 930 1234 980 είπεῖν
1263 930 1594 998 γενομένων,
1636 932 1730 983 καὶ
1759 933 1880 984 ἐπι-

2010 940 2141 991 tittm
2205 948 2383 992 castra
2438 940 2832 1010 perfugissent.
2896 955 2958 993 ac
3001 957 3120 993 cum
3177 941 3344 1007 lupis,
3402 951 3458 995 ttt
3492 952 3565 995 tta

294 1017 620 1087 θυμούντων
653 1017 756 1086 μὲν
802 1019 1012 1071 ἐσθίειν
1042 1019 1142 1082 τὰς
1182 1021 1290 1072 τῶν
1320 1020 1612 1089 ὁμοφύλων
1644 1023 1876 1091 σάρκας,

2009 1032 2180 1095 licam,
2204 1045 2579 1098 versarentur,
2620 1033 2712 1102 qui
2779 1035 2998 1100 quidem
3036 1033 3318 1102 gentilium
3346 1049 3568 1095 suorum

297 1109 593 1162 ἐσθιόντων
645 1110 705 1163 δὲ
734 1111 833 1172 τὰς
872 1110 1035 1177 ἰδίας,
1069 1111 1121 1164 τί
1162 1113 1227 1166 ἄν
1275 1131 1364 1176 τις
1408 1114 1599 1181 λέγοις
1660 1114 1886 1185 Μακρὸν

2009 1136 2185 1174 :arnes
2225 1122 2516 1177 comedere
2567 1133 2854 1192 cuperent.
2907 1139 3144 1191 suasque.
3177 1125 3278 1191 ipsi
3315 1127 3570 1176 comede.-

301 1202 573 1257 τάκείνων
624 1202 956 1269 διεξελθεῖν·
992 1203 1090 1257 καὶ
1135 1203 1347 1274 βέλτιον
1391 1205 1568 1258 ταῦτα
1603 1207 1884 1276 παραδρα-

2009 1214 2147 1266 -ent?
2169 1213 2446 1268 Prolixum
2479 1225 2622 1269 esset
2654 1217 2720 1269 ab
2739 1217 2820 1269 eis
2844 1226 3150 1284 perpetrata
3185 1217 3408 1276 referre,
3434 1231 3573 1282 prae-

301 1299 430 1364 μεῖν
452 1297 600 1366 ἥπερ
626 1296 966 1350 ἐπιτίθεσθαι
993 1299 1332 1371 μελαγχολίᾳ
1358 1302 1654 1371 νοσήσασιν
1679 1302 1773 1354 ἀνθ
1786 1301 1889 1370 ρῶ-

2009 1314 2210 1374 ;tatque
2264 1306 2538 1371 omittere,
2567 1321 2734 1374 quam
2790 1308 2870 1362 sic
2915 1307 3032 1360 atra
3071 1307 3175 1360 bile
3200 1307 3574 1360 laborantibus

298 1402 454 1449 ποις.
491 1385 671 1449 Ὀλως
711 1388 790 1450 δὲ,
822 1388 980 1457 εῐπερ
1010 1388 1071 1440 ού
1115 1389 1282 1442 καλὸν
1325 1385 1392 1460 ἦν
1423 1391 1658 1450 ἐκείνοις
1691 1391 1758 1443 τὰ
1785 1389 1887 1442 κά-

2017 1395 2532 1452 nsnltare.Prorsus
2554 1413 2683 1452 vero
2718 1406 2776 1452 ut
2803 1414 2978 1468 neque
3012 1401 3088 1453 illi
3119 1415 3299 1468 operae
3335 1401 3570 1468 pretium

301 1493 468 1530 κιστα
497 1478 846 1547 δεδρακέναι,
896 1479 1018 1533 οὐδέ
1053 1481 1180 1548 ἐμοὶ
1219 1481 1396 1551 δήπου
1431 1482 1699 1553 φέρεσθαι
1745 1483 1890 1537 κατὰ

2009 1489 2268 1543 habebant
2295 1489 2530 1558 pessima
2571 1499 2814 1560 patrare,
2855 1493 2936 1545 sic
2979 1508 3076 1548 nec
3099 1508 3206 1559 ego
3253 1493 3481 1546 habeam
3517 1500 3576 1545 ut

303 1569 413 1621 τῶν
442 1569 774 1638 ἀνθρώπων.
823 1570 964 1640 Ἐρῶ
1008 1571 1089 1636 δὲ,
1124 1573 1178 1624 τί
1205 1572 1266 1624 τὸ
1297 1575 1492 1625 πεῖσαν
1527 1573 1728 1636 αὐτοὺς
1762 1572 1888 1626 καθ’

2009 1585 2053 1636 in
2087 1584 2210 1639 illos
2233 1583 2403 1639 ferar.
2464 1583 2650 1639 Dicam
2706 1600 2858 1649 vero,
2919 1585 3065 1638 unde
3115 1585 3204 1638 ille
3251 1585 3332 1638 eis
3357 1585 3575 1637 animus

301 1663 467 1731 ἡμῶν
497 1661 893 1731 θρασύνεσθαι,
945 1663 1114 1732 μηδὲν
1146 1665 1402 1732 ἐγκαλεῖν
1442 1665 1669 1735 ἔχοντας
1696 1703 1712 1728 ,
1759 1665 1793 1734 ἢ
1829 1664 1891 1717 τὺ

2009 1676 2315 1739 coaluisset,
2365 1685 2424 1731 ttt
2474 1677 2528 1730 in
2591 1690 2691 1730 nos
2742 1676 2816 1729 ita
2866 1676 3284 1737 insolescerent,
3322 1676 3413 1744 qui
3440 1675 3574 1728 nihil

308 1755 386 1824 μὴ
417 1755 598 1807 θέλειν
627 1753 897 1824 ἄρχεσθαι
930 1755 1020 1823 ὑφ’
1051 1751 1112 1809 οὐ
1143 1771 1208 1823 γι
1235 1755 1448 1810 δίκαιον
1481 1751 1573 1828 ἦν.

2009 1767 2404 1821 criminandum
2461 1768 2750 1831 haberent,
2810 1783 2972 1836 quam
3014 1767 3159 1836 quod
3197 1767 3416 1820 nollent.
3454 1767 3577 1835 eius

1911 1855 1952 1910 Β
1981 1861 2139 1914 subdi
2168 1861 2416 1930 imperio,
2451 1862 2538 1914 cui
2574 1861 2704 1930 jure
2730 1860 2928 1914 subditi
2957 1868 3160 1914 essent.

2071 1951 2236 2006 Scitis
2258 1953 2414 2020 plane
2441 1951 2662 2005 Persam
2697 1951 2846 2004 illum
2870 1993 2882 2013 ,
2923 1951 3229 2015 Bajazetem
3261 1949 3412 2010 dico,
3436 1947 3578 2002 Asi:e

2000 2043 2381 2110 imperantem,
2445 2057 2509 2096 ac
2549 2041 2780 2110 Europae
2833 2043 3116 2096 dominum
3146 2081 3160 2104 ,
3216 2049 3276 2094 ut
3301 2039 3483 2109 gravis
3514 2054 3580 2094 ac

1998 2135 2362 2190 intolerabilis
2385 2135 2677 2199 cxsistens,
2697 2149 2764 2189 ne
2793 2135 3072 2188 ferendum
3097 2131 3320 2200 quidem
3348 2131 3399 2183 in
3422 2130 3582 2186 Chri-

384 1944 536 1996 ’ῐστε
582 1957 688 1994 που
735 1941 827 1994 τὸν
867 1940 1086 2010 Πέρσην
1139 1943 1372 2006 ἐκεῖνον,
1403 1943 1496 1996 τδν
1546 1944 1889 2016 Παγιαζίτην

307 2037 480 2104 λέγω,
511 2035 602 2089 τὸν
643 2036 838 2098 Ἀσίας
870 2034 1132 2105 ἄρχοντα,
1165 2037 1256 2090 τὸν
1284 2038 1554 2108 Εὐρώπης
1591 2041 1804 2108 κύριον,
1833 2041 1892 2105 ὃς

309 2129 592 2198 ἀφόρητός
611 2145 696 2192 τις
717 2127 815 2193 ῶν,
844 2129 967 2180 οὐδέ
995 2129 1233 2198 φορητὸν
1262 2131 1472 2200 ἠγεῖτο,
1505 2131 1744 2200 ἄρχοντά
1769 2150 1892 2186 τινα

312 2219 644 2291 Χριστιανῖν
687 2218 1078 2290 ὀνομάζεσθαι.
1121 2219 1295 2282 Οὗτος
1330 2219 1400 2292 ἦν
1443 2225 1476 2292 ἡ
1517 2222 1724 2276 τούτων
1758 2223 1894 2293 θρα-

313 2313 483 2382 σύτης
505 2328 519 2343 ·
553 2312 750 2366 τούτου
775 2315 842 2384 τῇ
875 2313 1100 2381 δυνάμει
1130 2294 1484 2384 Θαρροῦντες,
1520 2316 1617 2370 καὶ
1659 2319 1796 2387 πρός
1829 2333 1894 2386 γε

312 2403 392 2458 [τι
421 2407 488 2474 τῇ
519 2403 824 2477 δυσμενείᾳ
861 2406 973 2458 τῶν
1019 2405 1412 2472 γειτονούντων
1441 2411 1576 2479 ἡμῖν
1622 2411 1892 2478 Λατίνων,

314 2500 425 2560 τοῖς
476 2497 601 2552 καθ’
639 2497 800 2567 ἡμῶν
853 2501 1175 2570 ἐπεχείρουν
1201 2515 1220 2532 δ
1251 2501 1386 2555 ἀλλὰ
1427 2502 1534 2572 μὴν
1586 2505 1684 2559 καὶ
1732 2500 1892 2568 οὗτος

316 2589 481 2651 αὐτὸς
529 2592 558 2642 ό
609 2589 1047 2658 δυσμενέστατος
1103 2593 1229 2664 θὴρ,
1264 2594 1605 2668 ἀμφοτέροις
1651 2597 1892 2668 θαρρῶν,

313 2681 429 2742 τοῖς
460 2681 623 2750 ἡμῶν
668 2681 898 2734 ἐπέθετο
929 2681 1222 2752 πράγμασι
1244 2700 1258 2716 ·
1293 2686 1387 2739 καὶ
1419 2685 1636 2758 θατέρῳ
1667 2688 1898 2756 θάτερον

320 2772 486 2840 μέρος
517 2772 610 2824 καὶ
651 2773 913 2841 ἡκονᾶτο,
945 2768 1422 2847 καῖ’παρωξύνετο
1467 2781 1606 2833 κατὰ
1631 2780 1759 2843 τοὺς
1788 2779 1899 2832 τῶν

314 2865 518 2933 χοίρων
550 2865 798 2928 ὀδόντας.

388 2949 516 3007 Εἶεν
536 2957 549 2970 ⁸
574 2955 837 3024 βούλομαι
855 2955 912 3008 δὲ
937 2956 1167 3011 καθόλου
1193 2959 1349 3028 λόγον
1370 2961 1563 3025 εἰπεῖν,
1629 2962 1722 3015 τὸν
1751 2963 1900 3016 δεῖνα

317 3047 416 3100 καὶ
435 3045 528 3099 τὺν
557 3047 710 3100 δεῖνα
739 3049 1118 3120 παραδραμών
1139 3066 1154 3082 ·
1189 3052 1332 3121 φημὶ
1365 3051 1449 3123 δὴ,
1491 3053 1618 3116 τοὺς
1667 3055 1902 3124 αὐτομο-

314 3138 551 3200 λοῦντας
601 3139 968 3209 Χριστιανοὺς
1012 3144 1255 3196 τουτοισὶ
1280 3145 1399 3206 τοῖς
1431 3145 1557 3198 καθ’
1587 3147 1746 3215 ἡμῶν
1771 3147 1901 3200 ἀσε·

313 3231 442 3284 ὕέσι
478 3204 800 3298 περιφανῶς
863 3233 1191 3301 μαίνεσθαι·
1227 3204 1431 3304 μᾶλλον
1479 3237 1536 3291 δὲ
1587 3204 1680 3292 καὶ
1727 3204 1974 3309 χείρωϐ

323 3325 500 3377 ποιεῖν
531 3322 642 3375 τῶν
687 3323 1083 3394 βεϐλαμμένων
1127 3326 1227 3391 τὰς
1260 3329 1488 3397 φρένας.
1535 3329 1768 3389 Ἐκεῖνοι
1806 3330 1904 3401 μὲν

321 3419 459 3488 γὰρ,
486 3418 582 3470 ἐὰν
609 3416 704 3470 καλ⁵
737 3414 887 3486 ξίφος
928 3416 1114 3472 ὦσωσι
1145 3420 1268 3473 καθ’
1296 3421 1498 3487 αὐτῶν,
1530 3421 1656 3475 οὐτε
1685 3424 1784 3487 τὰς
1809 3424 1906 3475 αὐο

235 3511 238 3514 ’
319 3511 435 3562 τῶν
465 3509 645 3581 ψυχὰς
674 3509 940 3579 ἔϐλαψαν,
968 3511 1061 3565 καὶ
1092 3511 1286 3582 μίσους
1312 3514 1411 3582 μὲν
1431 3515 1702 3585 οὐδαμῶς,
1721 3515 1906 3578 ἐλέους

319 3603 382 3654 δὲ
408 3603 562 3672 παρὰ
591 3603 702 3655 τῶν
730 3601 988 3672 ὁρώντων
1015 3603 1235 3675 τύχοιεν
1262 3606 1330 3660 ἄν
1353 3621 1367 3636 ο
1397 3605 1624 3670 τούτους
1653 3606 1710 3660 δὲ
1737 3607 1906 3678 πολλὴ

321 3697 546 3766 ἀνάγκη
593 3697 750 3766 μῖσος
798 3695 945 3765 ἔχειν
994 3695 1052 3750 ἐν
1098 3695 1494 3768 σωφρονοῦσιν,
1543 3699 1780 3754 ἐθελοντὶ
1808 3701 1909 3764 τὰς

320 3788 539 3842 ἑαυτῶν
559 3787 887 3856 μολύνοντας
903 3787 1085 3858 ψυχὰς
1113 3789 1204 3842 διὰ
1231 3789 1423 3842 πασῶν
1444 3790 1553 3844 τῶν
1579 3792 1903 3863 αἰσθήσεων.

337 3881 705 3952 Ἐπιθυμοῦσι
727 3881 843 3952 γὰρ
867 3882 1068 3953 εὑρεῖν,
1101 3877 1175 3936 ῶν
1203 3881 1346 3954 ἕνεχ’
1373 3877 1509 3954 ἧκον
1531 3883 1593 3936 τὺ
1623 3883 1905 3954 καταρχὰς

323 3978 411 4037 ei;
449 3973 574 4036 τοὺς
623 3975 725 4042 τῆς
761 3973 1000 4036 πίστεως
1051 3973 1318 4044 ἐχθρούς·
1351 3974 1584 4028 πλοῦτόν
1627 3992 1687 4028 τε
1741 3976 1906 4044 λέγω,

324 4067 636 4132 καὶδόξαν,
665 4067 760 4121 καὶ
795 4067 896 4120 ὅσα
922 4084 986 4136 γε
1035 4066 1114 4138 τῷ
1165 4069 1289 4138 τῇδε
1321 4067 1423 4139 βίῳ
1469 4068 1714 4138 τερπνάο
1762 4068 1910 4136 ἀμή-

321 4178 492 4231 χανον
537 4159 597 4212 δέ
647 4158 858 4213 τούτων
913 4162 1138 4230 τυχεῖν,
1201 4161 1277 4230 μὴ
1335 4161 1486 4232 ἡδεῖς
1541 4163 1908 4232 φαινομένους

271 4289 275 4292 -
321 4253 582 4317 ἐκείνοις,
619 4254 757 4322 πρὸς
779 4249 871 4314 οὓς
897 4269 960 4320 γε
995 4253 1384 4323 ηὐτομόλησαν
1404 4270 1418 4284 ·
1450 4254 1595 4324 ἡδεῖς
1615 4253 1669 4308 δὲ
1699 4255 1909 4319 τούτοις

323 4344 618 4412 φαίνεσθαι
667 4345 728 4398 οὐ
777 4343 885 4398 τῶν
916 4343 1289 4414 ἐνδεχομένων
1339 4345 1476 4410 ἐστὶ,
1527 4345 1601 4416 μὴ
1639 4346 1909 4416 πρότερον

325 4441 544 4493 ἅπαντα
566 4435 1098 4506 διαπραττομένους,
1128 4429 1209 4498 οἷς
1226 4437 1425 4488 ἐκεῖνοι
1450 4437 1728 4505 χαίρουσι·
1753 4435 1911 4489 τοῦτο

2000 2228 2192 2283 stianis
2259 2228 2518 2296 principis
2563 2243 2760 2280 nomen
2804 2234 3043 2295 putaret.
3082 2223 3178 2278 llic
3204 2225 3312 2279 illis
3341 2223 3578 2279 addebat

2002 2318 2234 2374 animos.
2272 2318 2400 2386 Ejus
2432 2318 2551 2372 freti
2589 2318 2848 2388 potentia.
2869 2333 2967 2370 nec
2995 2332 3106 2371 non
3135 2316 3440 2369 vicinorum
3475 2330 3580 2368 no-

2001 2410 2088 2465 bis
2115 2410 2434 2465 Latinorum
2471 2411 2655 2466 hostili
2691 2410 2910 2464 feritate
2935 2452 2949 2472 ,
2986 2410 3189 2466 nostris
3217 2410 3581 2464 imminebant

2003 2504 2168 2559 rebus
2201 2523 2216 2560 :
2252 2505 2342 2559 sed
2384 2515 2437 2558 et
2469 2503 2742 2558 ferissima
2779 2503 2955 2558 bellua
2983 2503 3234 2572 utrisque
3295 2501 3490 2562 fidens.
3521 2500 3577 2553 in

2007 2613 2110 2652 nos
2148 2598 2478 2662 invadehat;
2537 2598 2820 2666 ambzrquc
2850 2605 3056 2666 partes,
3089 2604 3296 2664 partem
3327 2595 3579 2658 alteram,

2008 2687 2350 2756 ringentium
2380 2702 2669 2757 porcorum
2705 2702 2876 2751 more,
2912 2685 3151 2741 vicissim
3212 2685 3487 2739 acuebant
3516 2697 3580 2736 ac

2006 2778 2320 2832 irritabaut.

2079 2959 2171 3015 Sic
2201 2973 2330 3013 vero
2370 2957 2534 3012 habet
2563 2957 2757 3026 (porro
2813 2958 2960 3012 lubet
3015 2958 3266 3012 universe
3294 2958 3496 3020 dicere,
3522 2967 3582 3012 ut

2007 3061 2327 3123 prmteream
2352 3049 2654 3119 singulos);
2692 3049 2881 3115 habet,
2913 3049 3161 3118 inquam,
3189 3056 3246 3101 ut
3279 3045 3580 3102 Christiani

2011 3147 2064 3199 in
2098 3142 2400 3198 infidelium
2444 3139 2604 3194 nobis
2636 3140 2870 3194 hostium
2903 3139 3100 3193 castris
3135 3137 3374 3208 perfugae
3419 3134 3584 3207 liqui-

2006 3238 2077 3292 do
2109 3237 2288 3290 insani
2323 3235 2454 3297 sint,
2491 3244 2655 3298 atque
2693 3231 2831 3285 adeo
2860 3232 2929 3285 iis
2954 3231 3227 3285 deteriora
3284 3239 3467 3300 agant,
3488 3229 3581 3298 qui

2008 3329 2138 3383 laeso
2166 3326 2397 3382 cerebro
2458 3332 2590 3380 sunt
2628 3323 2830 3377 insani.
2877 3323 2954 3377 illi
2988 3323 3227 3391 {quippe,
3270 3323 3356 3376 vel
3390 3321 3434 3376 si
3468 3320 3584 3389 gla-

2007 3422 2158 3475 dium
2191 3420 2245 3472 in
2275 3433 2334 3472 se
2363 3417 2606 3486 adigant,
2640 3415 2780 3469 nihil
2828 3424 3007 3469 tamen
3050 3414 3289 3469 lazserint
3333 3412 3581 3468 animas:

2007 3513 2322 3581 nullumque
2345 3511 2467 3565 inde
2493 3509 2820 3564 contrahant
2855 3509 3068 3573 odium,
3096 3507 3188 3560 sed
3223 3507 3450 3560 multam
3484 3520 3586 3575 po-

2010 3607 2116 3660 tius
2174 3605 2586 3661 miserationcm
2641 3603 2952 3657 videntibus
3005 3600 3247 3655 faciant:
3281 3615 3407 3654 cum
3444 3599 3578 3653 illos

2009 3697 2235 3752 omnino
2311 3712 2534 3752 necesse
2595 3695 2668 3750 sit
2725 3695 2865 3763 apud
2925 3694 3141 3748 sobrios
3177 3705 3427 3762 quosque
3477 3689 3584 3746 sibi

2009 3791 2195 3846 odium
2224 3790 2482 3853 conflare,
2518 3789 2609 3858 qui
2638 3797 2836 3857 sponte
2891 3804 2990 3859 per
3017 3803 3210 3842 sensus
3248 3800 3439 3840 omnes
3471 3785 3589 3838 ani-

2012 3896 2130 3936 mas
2169 3896 2299 3936 suas
2330 3881 2600 3950 polluant.
2636 3878 2709 3932 Ea
2751 3879 2895 3933 enim
2921 3878 3124 3946 oppido
3160 3879 3396 3946 cupiunt
3425 3879 3581 3930 inve-

2011 3977 2151 4040 nire,
2178 3989 2412 4045 quorum
2447 3989 2613 4029 causa
2644 3987 2672 4026 a
2707 3971 2982 4042 principio
3015 3971 3083 4023 ad
3115 3969 3238 4024 fidei
3274 3971 3460 4023 hostes
3493 3969 3589 4022 de-

2010 4067 2188 4122 fecere
2217 4084 2231 4132 ;
2266 4080 2460 4133 nempe
2507 4065 2750 4126 divitias,
2790 4071 2840 4116 et
2868 4063 3122 4130 gloriam,
3157 4075 3218 4114 ac
3245 4061 3290 4114 si
3321 4075 3426 4126 qua
3457 4068 3588 4112 sunt

2010 4158 2352 4214 delectabilia
2390 4157 2555 4226 huius
2594 4155 2719 4208 vita:
2753 4173 2767 4208 ε
2802 4154 2915 4207 fieri
2948 4162 3128 4204 autem
3157 4166 3260 4203 non
3290 4156 3489 4218 potest,
3527 4158 3588 4202 ut

2013 4253 2126 4307 hazc
2204 4251 2273 4304 ab
2331 4249 2438 4303 illis
2483 4258 2918 4316 consequantur,
2977 4245 3082 4301 nisi
3137 4260 3195 4300 se
3248 4245 3318 4298 iis
3401 4252 3589 4314 gratos

2011 4358 2342 4412 componere
2411 4342 2694 4404 studeant,
2756 4341 2862 4396 nisi
2898 4340 3358 4410 prmslentomnia
3383 4339 3586 4409 quibus

2011 4435 2087 4489 illi
2143 4433 2407 4503 gaudent;
2478 4432 2529 4485 id
2579 4441 2758 4486 autem
2833 4431 2979 4484 baud
3037 4431 3266 4484 omnino
3314 4429 3459 4483 aliud
3492 4429 3585 4488 sit.

322 4529 382 4582 δέ
422 4531 544 4604 ἐστι
576 4528 796 4589 πάντως
844 4525 1199 4598 βαρϐαρικῶς
1229 4545 1286 4580 τε
1333 4527 1457 4598 ζῇν,
1490 4529 1586 4582 καὶ
1630 4528 1906 4598 ἀθεμίτοις

2017 4541 2181 4596 quam
2217 4540 2372 4580 more
2411 4525 2626 4579 barbari
2677 4525 2880 4586 vivere,
2946 4539 3010 4579 ac
3041 4532 3238 4592 sponte
3270 4539 3330 4577 se
3360 4521 3587 4577 nefariis

323 4619 595 4687 πράξεσιν
629 4619 813 4672 ἑκοντὶ
864 4619 964 4681 τὰς
1012 4618 1224 4672 ἑαυτῶν
1274 4619 1527 4687 μολύνειν
1575 4621 1776 4690 ψυχάς.
1809 4619 1906 4687 ιΤὰ

2017 4619 2330 4674 actionibus
2388 4617 2792 4672 contaminare.
2827 4615 2958 4682 Qua:
2991 4631 3122 4686 ergo
3153 4615 3258 4670 illis
3307 4615 3584 4679 accidunt,

319 4710 534 4773 τούτοις
565 4709 675 4777 ἄρα
697 4711 1067 4778 συμϐαίνοντα
1096 4713 1164 4765 τὰ
1213 4713 1325 4775 τοῖς
1359 4715 1708 4784 μαινομένοις
1733 4716 1909 4786 ὐπερ-

321 4805 620 4870 ηκόντισε·
675 4806 772 4858 καὶ
845 4803 1043 4873 μίσους
1085 4807 1186 4872 μὶν
1237 4805 1320 4858 ὅτι
1369 4805 1591 4871 πολλοῦ,
1637 4807 1825 4870 ἐλέους
1855 4807 1912 4860 δέ

322 4896 536 4958 οὐδενὸς
569 4895 711 4959 ἄξιοι
761 4896 900 4949 πᾶσι
933 4897 1314 4966 κριθήσονται,
1348 4897 1425 4969 τῷ
1459 4915 1519 4952 τε
1560 4897 1754 4971 γνώμῃ
1796 4900 1912 4962 τοῖς

324 4989 519 5048 κακοῖς
567 4989 796 5048 έαυτοῦς
862 4989 1154 5050 ἐκδιδόναι,
1207 4987 1286 5059 τῷ
1335 5007 1395 5042 τε
1427 4992 1527 5062 τὴν
1573 4991 1754 5062 ψυχὴν
1788 4989 1912 5044 ἀντὶ

325 5079 421 5155 τοῦ
455 5081 710 5149 σώματος
739 5080 1032 5149 βλάπτειν*
1065 5081 1126 5134 τὺ
1153 5082 1208 5134 δὲ
1245 5084 1464 5136 πάντων
1491 5084 1909 5155 σχετλιώτατον,

318 5145 408 5224 ιὄτι
459 5145 656 5241 τὸνμὲν
699 5145 797 5234 τας
835 5173 1016 5242 ψυχὰς
1062 5173 1391 5243 προδιδόναι,
1441 5145 1679 5245 καίτὴν
1732 5145 1912 5228 αὐτῶν

338 5264 495 5332 τιμὴν
525 5265 883 5334 καθυϐρίσαι,
915 5267 1008 5319 καὶ
1037 5269 1146 5320 πᾶν
1171 5269 1234 5321 τὸ
1265 5269 1446 5336 γένος,
1476 5270 1624 5322 πᾶσα
1655 5268 1870 5336 ἀνάγκη
1892 5283 1908 5300 ο

321 5349 448 5433 '{zve'
480 5349 556 5408 ὦν
589 5357 646 5408 δέ
675 5355 850 5411 ταῦτα
879 5359 1148 5428 πράττειν
1189 5360 1550 5430 προάγονται,
1597 5359 1632 5428 ἦ
1659 5359 1782 5412 οὐδὲ
1812 5359 1912 5430 τὴν

327 5446 557 5518 πρώτην
591 5447 777 5511 αὐτοῖς
803 5450 1222 5518 παραγίγνεται,
1254 5451 1286 5522 ἢ
1317 5451 1416 5504 οὐκ
1456 5451 1547 5502 ἐπὶ
1582 5449 1777 5521 μακρῷ
1807 5467 1909 5502 πα-

331 5540 584 5606 ραμένει,
611 5541 818 5594 ὁπόταν
866 5544 962 5596 καὶ
1000 5544 1400 5613 παραγένηται.
1438 5543 1602 5596 Ὅθεν
1634 5545 1726 5596 καὶ
1755 5543 1912 5614 δίκην

329 5630 689 5698 πομφόλυγος
741 5631 908 5695 ὀξέως
962 5634 1108 5703 ἄγαν
1141 5633 1619 5704 ὑπερφυσώμενοι,
1659 5635 1806 5701 λέγω
1853 5633 1912 5687 δὲ

329 5722 458 5784 τούς
488 5739 554 5791 γε
584 5723 878 5787 ὼκοῦντας
923 5726 1076 5796 παρὰ
1113 5729 1226 5790 τοῖς
1262 5727 1484 5781 ἀσεϐέσι
1524 5728 1709 5799 χώραν
1744 5729 1911 5797 εὑρη-

329 5813 488 5870 κέναι
545 5817 863 5890 καλλίστην,
920 5818 1090 5886 ὁξέως
1139 5821 1281 5889 ἄγαν
1324 5820 1418 5875 καὶ
1460 5820 1908 5893 διαῤῥήγνυνται,

2013 4712 2174 4782 longe
2209 4711 2276 4766 iis
2315 4721 2442 4766 sunt
2483 4710 2779 4776 deteriora,
2809 4726 2930 4779 quze
2966 4709 3216 4772 furiosis,
3258 4722 3588 4776 summoque

2012 4805 2267 4859 omnibus
2287 4805 2434 4866 odio,
2459 4804 2604 4857 nulla
2632 4812 2812 4858 autem
2845 4803 3194 4857 miseratione
3212 4814 3521 4869 prosequen
3533 4798 3584 4852 di

2012 4897 2317 4956 videantur.
2348 4906 2461 4950 tum
2489 4898 2616 4965 quia
2646 4912 2744 4951 sua
2776 4911 2836 4950 se
2869 4897 3150 4950 voluntate
3173 4891 3333 4947 malis
3363 4891 3586 4954 dedant,

2015 4998 2130 5042 tum
2171 4989 2296 5057 quia
2343 4988 2589 5057 corporis
2630 4989 2753 5042 loco
2784 4988 2987 5041 laedant
3036 4988 3314 5040 animam:
3350 4999 3412 5036 ac
3444 4984 3588 5050 quod

2013 5081 2265 5136 omnibus
2307 5080 2834 5135 miserabilissimum
2887 5079 3156 5141 videatur,
3193 5079 3336 5146 quod
3361 5075 3588 5128 omnino

2013 5189 2297 5230 necessum
2323 5172 2554 5228 habeant
2579 5183 2636 5227 ιιι
2656 5173 2883 5242 perdant
2901 5173 3117 5240 quidem
3144 5170 3376 5229 animas,
3400 5181 3586 5219 suum-

2013 5285 2120 5339 que
2155 5270 2393 5338 ipsorum
2447 5269 2747 5329 houorem,‘
2768 5281 2832 5320 ac
2877 5278 3048 5332 genus
3115 5261 3430 5315 universum
3461 5273 3590 5326 pro-

2015 5364 2114 5418 bro
2142 5363 2396 5417 allii-iant.
2423 5360 2720 5423 Caeterum,
2753 5373 2872 5428 qua:
2899 5355 2964 5408 ad
2995 5355 3109 5408 haec
3128 5354 3371 5422 impellat
3396 5366 3584 5417 causa,

2015 5455 2164 5506 vela
2221 5452 2493 5520 principio
2547 5451 2692 5504 nulla
2751 5451 3002 5510 exsistat,
3055 5441 3136 5499 vel
3181 5454 3239 5498 ut
3291 5445 3588 5512 aliquando

2015 5543 2308 5606 exstiterit,
2335 5542 2478 5595 haud
2529 5541 2824 5595 admodum
2865 5540 2940 5595 sit
2980 5539 3262 5593 duratura.
3303 5536 3591 5604 Quamob-

2014 5651 2127 5690 rem
2196 5634 2356 5688 etiam
2405 5632 2471 5686 ad
2522 5632 2695 5686 instar
2733 5631 2890 5686 bullze
2923 5631 3032 5686 cito
3065 5629 3234 5684 inﬂati
3277 5643 3342 5684 ac
3372 5639 3589 5682 tumen-

2016 5736 2133 5790 tes;
2161 5723 2277 5793 qui,
2309 5722 2534 5792 inquam
2557 5762 2571 5785 ,
2604 5721 2782 5777 locum
2815 5706 3090 5792 optimum
3123 5735 3188 5776 ac
3205 5718 3406 5776 fortem
3440 5721 3582 5786 apud

2016 5817 2260 5876 infideles
2285 5815 2431 5873 nacti
2459 5814 2708 5873 videntur
2735 5832 2750 5874 :
2778 5816 2887 5872 cito
2916 5815 3331 5888 dirumpuntur,
3363 5811 3582 5868 inanes-
