4024 6210
457 333 568 396 (ιιι)

1625 337 1674 395 Μ
1690 342 1729 394 Α
1747 337 1788 393 Ν
1808 335 1853 394 U
1868 333 2039 394 ELlS
2082 335 2552 408 PALAEOLQGL

3602 334 3700 396 920

459 466 567 514 que
635 449 744 502 illis
786 447 952 500 animi
982 461 1044 500 ac
1078 445 1242 500 ﬂatus
1272 445 1326 500 in
1383 447 1613 501 nihilum
1651 449 1872 504 cadunt.
1911 447 2036 501 Jure

2141 449 2232 500 καὶ
2262 448 2343 508 είς
2371 447 2525 499 οὐδὲν
2564 447 2746 510 αὐτοῖς
2768 445 2994 517 τελευτᾷ
3022 447 3082 499 τὸ
3111 447 3264 499 κενὸν
3301 447 3577 517 φρόνημα.
3609 452 3696 502 Εὖ·

461 543 512 594 ιιι
546 541 788 610 quidem.
821 537 890 593 Ut
940 537 1083 590 enim
1119 554 1307 590 eorum
1345 539 1566 608 segnius
1593 540 1905 594 voluntates
1941 554 2030 593 se-

459 640 717 698 quantur,
755 629 1123 695 suspectiores
1163 629 1365 692 elfeeti,
1421 645 1545 683 mox
1579 641 2026 694 contemnuntur,

459 734 720 788 tanquam
740 736 926 774 eorum
945 721 1142 776 studiis
1167 722 1346 774 minus
1373 732 1678 791 congruant
1705 740 1718 777 :
1745 738 1808 776 ae
1822 732 2029 791 quanto

460 825 617 882 putas
646 813 921 867 habentur
937 814 1236 881 despicatui
1263 814 1286 867 ?
1321 813 1415 868 Sin
1440 825 1622 868 autem
1649 809 2026 872 facilesltcce-

457 911 608 967 dant,
635 907 702 958 iis
726 922 845 974 qua:
877 908 990 960 visa
1024 907 1134 959 sint
1181 906 1457 971 Bai-buris,
1520 909 1686 962 velim
1726 909 1802 962 illi
1836 925 2028 965 eorum

457 999 671 1067 legibus
703 1016 765 1052 ac
788 1000 1030 1052 moribus
1072 1001 1170 1060 uti,
1217 1009 1382 1070 utque
1423 1002 1541 1055 dira
1569 1001 1906 1057 immanitate
1935 1019 2029 1073 ge-

459 1107 562 1144 nus
600 1091 825 1158 perdere
865 1101 1156 1157 Satagaut;
1197 1094 1298 1146 hac
1329 1111 1549 1162 qtr-que
1612 1110 1717 1148 non
1753 1096 2028 1151 immerito

454 1182 641 1234 odium
695 1182 957 1244 referunt,
1014 1195 1232 1252 preptt-r
1292 1185 1441 1238 illam
1486 1186 1538 1239 in
1574 1203 1848 1256 gOIIU&ZIC
1898 1205 2030 1244 suos

458 1276 830 1329 «rut-telitatem
858 1292 872 1328 :
905 1293 1003 1329 nec
1050 1288 1273 1345 propter
1299 1289 1540 1332 tnutatos
1565 1297 1769 1343 mores,
1792 1297 1854 1334 ac
1884 1285 2030 1350 quod

457 1364 522 1416 ad
573 1365 884 1417 institutum
921 1364 1065 1417 aliud
1119 1365 1556 1433 commigrarint,
1596 1367 1815 1422 laudem
1855 1371 1922 1423 ab
1952 1372 2032 1424 eis

461 1453 679 1514 habent.
754 1465 1009 1523 tanquam
1071 1455 1174 1508 visi
1225 1457 1412 1510 faciles
1471 1460 1535 1511 ad
1569 1477 1688 1527 qua!
1721 1462 1846 1528 quis
1879 1465 2028 1518 velit.

457 1551 818 1614 Quamobrem
871 1553 1034 1606 etiam
1097 1567 1198 1603 non
1223 1552 1304 1605 eis
1342 1553 1601 1629 credunt,
1641 1565 1698 1609 ut
1726 1558 1836 1610 sint
1863 1558 1914 1610 En
1949 1573 2066 1610 ser

457 1643 652 1697 cuudis
680 1645 1102 1712 perseveraturi.
1139 1645 1269 1699 Jure
1318 1648 1590 1716 equidem.
1629 1649 1730 1714 Qui
1767 1649 1912 1703 enim
1955 1648 2036 1703 fa—

456 1738 563 1790 cile
591 1738 725 1791 adeo
763 1754 940 1794 mores
995 1743 1342 1796 conculcavit
1375 1743 1576 1808 quibus
1631 1743 2030 1809 consuevisset,

457 1844 565 1894 qua
625 1831 694 1883 sit
751 1832 962 1885 ratione
1021 1843 1278 1888 accurate
1320 1845 1663 1897 servaturus,
1692 1851 1830 1903 quos
1861 1852 2032 1905 nuper

458 1920 739 1984 amplexus
762 1923 886 1974 est?
920 1921 1048 1975 ltem
1080 1923 1173 1990 qui
1199 1924 1370 1976 malus
1391 1933 1475 1976 est
1505 1925 1556 1976 in
1582 1939 1753 1990 genus
1785 1939 1848 1977 ac
1878 1939 2030 1986 suos,

461 2008 646 2077 utique
675 2017 727 2061 et
762 2011 812 2062 in
846 2015 1108 2078 seipsum.
1143 2009 1276 2062 Nam
1313 2028 1438 2079 pars
1469 2014 1782 2066 continetur
1807 2013 1859 2066 in
1894 2021 2031 2067 toto.

436 2105 526 2166 ,Λι
551 2103 641 2170 qui
670 2103 845 2156 malus
879 2113 965 2156 σμι
1001 2105 1052 2155 iu
1086 2103 1423 2172 seip-‘um,in
1464 2119 1626 2172 quem
1658 2103 1824 2157 alium
1867 2104 2036 2172 possit

461 2195 638 2248 bonus
673 2195 826 2258 esse?
881 2194 1022 2260 Quin
1074 2196 1182 2248 imo
1217 2204 1275 2248 nt
1304 2196 1620 2263 diligentius
1665 2198 2034 2261 attendamus,

369 2314 379 2326 ι
461 2289 549 2343 hic
584 2289 706 2342 talis
760 2305 872 2343 suae
927 2289 1098 2358 ipsius
1135 2289 1485 2344 consciean
1543 2290 1760 2343 odibilis
1795 2291 2032 2360 estzqui

460 2396 592 2435 vero
616 2395 723 2435 non
750 2381 1055 2436 universis?
1079 2379 1277 2434 Verum
1311 2381 1440 2450 quid
1471 2381 1584 2436 haze
1614 2383 1757 2442 dico,
1792 2382 1884 2451 qui
1914 2399 2038 2450 pos-

461 2477 566 2530 sim
603 2477 746 2546 quod
771 2486 848 2530 est
886 2475 1063 2543 majus
1099 2474 1437 2529 ostendere?
1467 2474 1653 2542 Neque
1675 2474 1822 2528 enim
1851 2475 2032 2528 since-

463 2584 580 2623 ram
633 2569 689 2623 in
748 2567 1026 2624 Christum
1084 2567 1243 2620 {idem
1295 2583 1358 2618 ac
1390 2565 1791 2620 confessionem
1819 2580 2037 2620 servare

462 2673 713 2732 possunt.
756 2660 970 2730 thuid
1017 2676 1142 2735 vero
1164 2660 1187 2713 ?
1210 2659 1313 2725 Qui
1348 2660 1491 2712 enim
1528 2661 1703 2726 pactis
1731 2673 1856 2712 cum
1881 2658 2039 2713 Chri-

463 2767 548 2810 sto
574 2755 793 2824 iuratis,
815 2770 1126 2823 supremam
1156 2755 1209 2807 in
1237 2767 1360 2807 eum
1413 2753 1710 2806 amicitiam
1744 2752 2037 2818 odiumque

464 2849 517 2902 in
552 2850 827 2902 (immunes
878 2845 1108 2916 polliciti
1145 2856 1327 2909 -sunt;
1363 2859 1521 2898 secus
1562 2855 1743 2897 tamen
1773 2845 2035 2914 deinceps

464 2949 740 3005 praastzmt.
772 2939 884 2993 lino
916 2937 987 2991 sit
1019 2934 1265 3004 apertius
1297 2935 1592 2990 dicendum
1627 2952 1690 2991 ac
1725 2936 1852 2989 mali
1891 2935 2036 2990 indi-

460 3032 634 3086 cauda
653 3031 915 3100 gravitas,
944 3039 1148 3100 quanta
1166 3031 1236 3084 sit
1261 3045 1274 3081 :
1300 3027 1392 3096 qui
1423 3027 1672 3082 iubentes
1695 3043 1820 3082 cum
1855 3027 2041 3082 Mallo-

463 3126 739 3180 methanis
768 3135 958 3194 agunt,
983 3126 1355 3192 eisque..cum
1391 3120 1514 3174 lldei
1541 3122 1725 3174 hostes
1750 3123 2034 3184 exsistant,

461 3229 656 3270 contra
688 3231 788 3269 nos
819 3215 1086 3268 auxilium
1123 3214 1326 3273 ferunt,
1354 3211 1574 3265 inimica
1627 3211 1744 3265 acie
1773 3212 2036 3266 adversus

465 3305 804 3360 Salvatorem
857 3317 923 3357 ac
961 3302 1244 3355 Dominum
1277 3298 1492 3364 .lesum,
1523 3299 1616 3368 qui
1652 3301 1880 3354 exsismt
1914 3299 2033 3354 ﬁdei

464 3408 658 3451 auctor
681 3435 696 3456 .
751 3395 1092 3458 consistunt,
1117 3393 1410 3463 palamque
1464 3392 1516 3444 in
1549 3407 1673 3446 eum
1709 3391 1906 3446 bellum
1941 3408 2034 3461 ge-

465 3498 612 3546 runt.
1796 3525 1808 3536 ._

538 3582 643 3636 Sed
678 3580 894 3636 etaliud
928 3595 1032 3634 non
1055 3578 1258 3633 bonum
1277 3577 1556 3646 sequitur,
1588 3575 1699 3631 nisi
1730 3575 1862 3629 velis
1880 3574 2036 3630 valde

377 3705 388 3714 ι
467 3675 694 3733 malum.
732 3671 857 3727 Suis
879 3672 1081 3741 quippe
1108 3670 1184 3724 illi
1223 3670 1386 3724 rebus
1427 3684 1490 3722 ac
1522 3669 1689 3737 gestis
1745 3666 2025 3722 Mahome-

471 3769 616 3821 them
665 3763 984 3834 prophetam
1031 3762 1348 3816 ostendunt.
1389 3759 1521 3814 Nam
1556 3758 2032 3822 scelestusbomo,

469 3857 719 3926 gentibus
757 3873 786 3910 a
819 3871 877 3908 se
938 3852 1202 3922 deceptis,
1235 3867 1298 3906 ac
1343 3851 1642 3920 compulsis
1696 3851 1750 3904 in
1768 3863 2032 3915 errorem,

467 3950 751 4006 victoriam
779 3948 843 4002 de
893 3957 1078 4000 nostra
1108 3960 1172 3999 ac
1207 3943 1645 3998 Christianorum
1718 3951 1876 4011 gente
1905 3956 2032 4011 pro-

467 4045 633 4100 misit.
684 4041 786 4108 Qui
823 4055 955 4108 ergo
991 4039 1096 4094 illis
1145 4037 1213 4091 ad
1267 4037 1552 4090 victoriam
1622 4051 1782 4104 opem
1829 4032 2032 4097 ferunt,

468 4135 752 4193 uie-mlacio
783 4135 971 4204 utique
1014 4131 1173 4186 Iidem
1225 4137 1500 4184 astruuut.
1533 4128 1923 4194 Quamobrem,
1954 4126 2031 4180 uti

465 4231 712 4284 dicebam
778 4227 962 4290 modo,
1021 4223 1194 4301 nostri
1243 4223 1318 4276 illi
1370 4222 1556 4276 hostes
1621 4222 1672 4273 in
1736 4219 2032 4273 inlidclium

467 4322 662 4377 castris
708 4318 969 4387 perfugze.
1000 4315 1194 4368 insano
1229 4314 1405 4380 palam
1443 4312 1623 4365 furore
1658 4311 1928 4374 teruntur,
1970 4323 2034 4362 ac

469 4415 536 4467 is
596 4410 687 4479 qui
716 4409 873 4462 Lesos
899 4405 1102 4458 habent
1132 4419 1316 4463 ru-nes.
1372 4402 1639 4454 deteriora
1693 4399 1896 4452 faciunt
1923 4417 1935 4451 :
1973 4413 2037 4453 ac

471 4506 648 4573 plane,
698 4514 820 4552 cum
876 4495 930 4549 in
983 4510 1041 4549 se
1093 4494 1194 4562 ipsi
1249 4493 1487 4558 gladium
1544 4491 1845 4558 impellant,
1906 4505 2034 4545 suas

471 4596 643 4666 magis
668 4595 906 4662 ipsorum
929 4590 1140 4644 animas
1167 4603 1328 4656 quam
1367 4600 1463 4638 nos
1495 4584 1786 4651 impetuut.

543 4709 840 4776 llestnupto
892 4713 1075 4759 autem
1131 4715 1405 4764 sermone,
1464 4713 1583 4764 qua:
1610 4705 1740 4751 sunt
1785 4696 2040 4765 deinceps

471 4812 894 4871 prosequamur.
957 4793 1190 4848 Invicem
1247 4807 1306 4846 se
1355 4791 1420 4845 ad
1455 4791 1594 4846 mala
1647 4787 2040 4858 provocabaut,

471 4905 688 4958 satrapa
723 4889 962 4959 pariter.
997 4887 1196 4955 quique
1231 4886 1372 4948 apud
1408 4898 1533 4936 eum
1571 4881 1810 4952 perlugw
1840 4889 2040 4934 erant:

475 4999 537 5038 ac
560 4982 891 5052 quaratione
918 4988 1102 5033 vector
1119 4977 1364 5032 actuario
1379 4980 1544 5030 remis
1575 4985 1752 5035 utens,
1783 4973 2041 5040 scapham

471 5071 688 5147 quidem
710 5073 968 5147 premigio
1000 5074 1141 5141 agit.
1189 5072 1414 5140 ipseque
1455 5068 1708 5123 .vicissim
1741 5066 1808 5119 ab
1841 5064 2043 5130 scapha

473 5145 820 5240 rapitur?si¢
850 5168 924 5222 illi
952 5181 1190 5236 quoque,
1229 5179 1352 5218 cum
1386 5163 1437 5214 in
1492 5176 1614 5222 nos,
1657 5175 1749 5228 per
1771 5172 2044 5212 summam

476 5259 729 5324 injuriam
805 5257 1060 5311 inﬁdeles
1105 5255 1228 5307 illos
1278 5259 1543 5321 agerent;
1577 5249 1680 5319 ipsi
1725 5250 1792 5300 ab
1844 5248 1923 5302 eis
1969 5247 2047 5300 vi.

477 5353 662 5406 cissim
723 5347 1366 5419 raptabantur.Invicem
1427 5343 1611 5413 itaque
1661 5351 2046 5412 provocantes,

479 5443 709 5498 invicem
794 5443 1113 5506 irritanles,
1172 5457 1236 5496 ac
1299 5439 1403 5494 sibi
1473 5446 1666 5491 mutuo
1745 5437 2049 5494 stimulus.

481 5533 561 5586 uti
593 5532 646 5586 in
695 5548 892 5602 pueros
920 5533 973 5586 in
1011 5549 1108 5587 vos
1158 5533 1490 5592 invaserant,
1528 5545 1590 5583 ac
1633 5529 1800 5582 multa
1857 5528 1928 5590 vi,
1963 5542 2053 5580 ve-

483 5637 598 5682 stra
641 5614 826 5680 omnia
905 5636 1279 5680 transversum
1336 5636 1593 5693 agentes,
1630 5621 2052 5674 labefactatur-os

483 5717 783 5786 puubant,
845 5715 1062 5768 tametsi
1118 5716 1255 5767 nihil
1325 5713 1737 5772 conﬁciebant,
1791 5709 1910 5776 ejus
1971 5707 2050 5760 si-

486 5806 706 5877 quidem
743 5807 922 5862 virtns
951 5806 1276 5876 obsistebat,
1309 5823 1468 5876 quem
1505 5805 1584 5862 illi
1617 5798 2003 5872 expugnabant
2033 5816 2049 5867 ;

2134 540 2329 607 λόγως.
2375 543 2436 594 Εἰ
2469 541 2570 610 μὲν
2605 542 2714 610 γὰρ
2744 540 2941 610 νωθροί
2971 557 3114 602 τινες
3165 536 3277 592 εἷεν
3304 541 3446 611 πρὸς
3477 541 3538 594 τὸ
3566 542 3700 596 ἑκεί-

2133 649 2240 684 νων
2272 630 2770 700 θέλημα,,ὓποπτοι
2807 634 3112 700 γενόμενοι.
3146 630 3308 693 εὐθὺς
3347 634 3703 702 καταπεφρό-

2133 741 2344 792 νηνται,
2375 724 2451 786 ὡς
2480 724 2556 795 μὴ
2591 724 2981 792 συμϐαίνοντες
3033 723 3218 785 αύτθιις
3239 737 3253 754 ⁸
3292 723 3384 776 καὶ
3415 724 3704 794 παρορῶν--

2131 832 2243 878 ται,
2273 815 2389 876 πῶς
2417 815 2518 867 οίει
2543 831 2558 847 ο
2591 817 2639 868 εί
2669 815 2726 868 δὲ
2768 816 2966 886 ῥᾳδίως
3008 816 3466 886 προστρέχοντες,
3515 813 3595 877 οἷς
3642 819 3706 870 ἂν

2131 907 2181 958 οί
2217 905 2482 982 βάρϐδροι
2541 907 2821 978 βούλοιντο
2847 926 2860 939 ·
2910 908 3187 977 βούλοιντο
3225 909 3273 961 δ’
3305 905 3371 961 ἂν
3424 910 3516 961 καὶ
3561 909 3708 962 ἔθεσι

2133 999 2228 1052 καὶ
2260 1001 2448 1066 νόμοις
2486 1003 2597 1063 τοῖς
2649 1001 2828 1052 αὐτῶν
2868 1001 3095 1063 τούτους
3125 1000 3382 1072 χρῆσθαι,
3417 1003 3508 1054 καλ⁵
3535 1004 3596 1054 τὸ
3620 1004 3694 1070 γέσ

2133 1109 2221 1154 νος
2263 1092 2498 1160 ἀφειδῶς
2545 1092 2923 1162 διαφθείρειν·
2975 1092 3265 1160 μισοῦνται
3315 1094 3414 1159 μὲν
3465 1092 3608 1161 μάλα
3634 1094 3712 1144 δι·

2134 1187 2299 1247 καίως
2352 1185 2514 1238 ἓνεκα
2561 1189 2660 1254 τῆς
2723 1187 2800 1246 είς
2851 1185 2910 1237 τὸ
2948 1185 3102 1251 γένος
3141 1184 3458 1254 ὠμότητος·
3505 1186 3603 1254 τῆς
3649 1187 3709 1238 δὲ

2132 1277 2225 1330 τοῦ
2271 1277 2436 1348 ἤθους
2475 1276 2805 1346 μεταϐολῆς,
2855 1279 2948 1328 καὶ
2992 1278 3086 1340 τῆς
3120 1277 3212 1329 τπιῦ
3257 1277 3373 1346 βίου
3419 1278 3712 1346 μεταπτώ-

2135 1387 2295 1439 σεως,
2329 1371 2571 1423 ἐπαίνων
2606 1370 2666 1423 ού
2716 1371 3046 1438 τυγχάνουσι
3082 1369 3213 1440 παρ’
3263 1372 3469 1436 αὐτοῖς,
3507 1370 3590 1422 ἆτ’
3617 1373 3710 1423 εύ-

2133 1465 2314 1532 χερεῖς
2349 1465 2663 1531 φαινόμενοι
2694 1463 2834 1532 πρὸς
2869 1463 2895 1514 ὃ
2927 1479 2977 1514 τι
3014 1463 3080 1514 ἄν
3106 1479 3189 1524 τις
3219 1461 3486 1531 βούλοιτο.
3517 1463 3615 1514 Διὰ
3642 1463 3710 1531 δὴ

2132 1555 2292 1607 τοῦτο
2319 1555 2441 1607 οὐδὲ
2472 1554 2842 1620 πιστεύονται,
2879 1555 2952 1617 ὡς
2985 1557 3092 1624 ἄρα
3118 1572 3181 1622 γε
3215 1554 3472 1622 μενοῦσιν
3504 1559 3561 1608 ἐν
3593 1558 3710 1618 τοῖς

2133 1647 2432 1716 δευτέροις.
2495 1649 2753 1709 Εἰκότως.
2795 1648 2859 1701 ’0
2908 1648 3016 1716 γὰρ
3048 1647 3284 1709 εύκόλως
3321 1647 3417 1715 ἔθη
3461 1663 3711 1700 καταπα-

2137 1741 2331 1808 τήσας,
2361 1733 2442 1802 οἷς
2473 1734 2848 1808 συμϐεϐίωκε,
2880 1739 2992 1800 πῶς
3027 1740 3092 1792 ἂν
3119 1739 3412 1808 τηρήσειεν
3438 1738 3710 1808 ἀκριϐῶς,

2138 1829 2280 1899 ἅπερ
2327 1831 2385 1895 ἐξ
2426 1831 2688 1896 ύπογυὶου
2738 1829 2991 1894 ἐδέξατο;
3029 1830 3134 1880 Καὶ
3187 1827 3396 1891 αὖθιςό
3431 1828 3506 1897 τῷ
3560 1831 3713 1894 γένει

2138 1925 2305 1986 κακὸς
2324 1925 2414 1975 καὶ
2442 1923 2620 1992 ἑαυτῴ
2651 1923 2894 1992 δηλονότι
2918 1923 3004 1973 ’ὲν
3035 1924 3140 1990 γὰρ
3163 1921 3240 1991 τῷ
3265 1921 3493 1974 καθόλου
3528 1923 3588 1975 τὸ
3619 1923 3714 1989 μέ-

2139 2033 2254 2086 ρος.
2305 2016 2366 2070 Ὀ
2388 2018 2443 2070 δὲ
2475 2014 2654 2085 ἑαυτῷ
2685 2015 2854 2078 κακὸς
2879 2015 2994 2077 πῶς
3019 2013 3084 2066 ἂν
3114 2013 3288 2083 ἑτέρῳ
3329 2014 3563 2083 χρηστός
3591 2032 3605 2078 ;
3635 2014 3710 2066 ού

2142 2109 2245 2179 μὴν
2285 2109 2398 2161 ἀλλ’
2433 2110 2484 2160 εί
2515 2109 2610 2162 καὶ
2640 2106 2800 2160 τοῦτο
2840 2106 3220 2175 θεωρήσαιμεν
3249 2106 3664 2174 ἀκριϐέστερον,
3684 2107 3713 2158 6

2137 2199 2378 2262 τοιοῦτος
2416 2201 2511 2253 καὶ
2564 2198 2644 2266 τῷ
2708 2200 2823 2269 ἰδίῳ
2873 2197 3138 2250 συνειδότι
3191 2197 3422 2267 μισητδς
3454 2197 3714 2250 καθίστα-

2138 2310 2246 2345 ται.
2276 2293 2384 2346 Καὶ⁵
2424 2293 2539 2353 πῶς
2564 2293 2664 2344 οὐκ
2695 2291 2762 2344 ἂν
2796 2292 3002 2345 ἅπασιν
3027 2309 3041 2353 ;
3083 2290 3243 2343 Ἀλλὰ
3267 2289 3317 2340 τί
3348 2289 3518 2342 ταῦτά
3547 2307 3714 2358 φημι,

2137 2385 2272 2437 ὅπου
2305 2400 2368 2450 γε
2401 2384 2461 2434 τὸ
2495 2383 2680 2452 μεῖζον
2710 2382 2818 2452 ἔχω
2850 2382 3120 2434 δεικνύναι
3147 2397 3162 2445 ;
3197 2380 3328 2434 Οὐδὲ
3366 2380 3474 2448 γὰρ
3507 2380 3605 2448 τὴν
3634 2382 3716 2442 είς

2142 2474 2378 2544 Χριστὸν
2403 2475 2698 2545 ὁμολογίαν
2729 2477 2820 2528 καὶ
2848 2475 3033 2526 πίστιν
3060 2468 3173 2526 οἷόν
3212 2489 3273 2525 τε
3303 2475 3491 2542 τηρεῖν
3517 2473 3717 2535 αὐτοὺς

2140 2569 2438 2638 ἀκραιφνῆ.
2481 2569 2634 2621 Διατί
2663 2586 2678 2634 ;
2711 2569 2835 2621 Ὀτι
2883 2568 2960 2634 τῷ
2997 2565 3218 2636 Χριστῷ
3268 2566 3718 2634 συνταττόμενοι,

2143 2661 2328 2728 φιλίαν
2365 2660 2464 2728 μὲν
2495 2659 2645 2728 αύτῷ
2688 2658 2788 2728 τὴν
2823 2659 3082 2728 ἐσχάτην,
3119 2657 3318 2727 ἔχθραν
3344 2656 3404 2707 δὲ
3435 2656 3534 2725 τὴν
3581 2656 3717 2726 πρὸς

2139 2754 2265 2813 τοὶς
2287 2751 2543 2821 δαίμονας
2565 2749 2959 2818 ὑπισχνοῦνται
2983 2767 2997 2779 ·
3013 2745 3132 2801 εἶτα
3149 2749 3460 2805 τούναντίον
3482 2746 3716 2801 ποιοῦσι.

2141 2843 2362 2896 Μᾶλλον
2393 2843 2450 2895 δὲ
2483 2844 2820 2912 σαφέστερον
2870 2845 3045 2895 εἰπεῖν
3077 2843 3205 2912 χρὴ,
3251 2843 3344 2894 καὶ
3373 2841 3614 2908 δηλῶσαι
3657 2843 3717 2895 τὸ
3771 2866 3774 2869 ·

2141 2934 2329 2999 κακὸν,
2367 2935 2492 2987 ὅσον
2518 2952 2530 2964 ·
2559 2939 2674 2996 τοῖς
2721 2939 2829 3004 γὰρ
2853 2934 2947 2988 τοῦ
2996 2935 3244 3003 Μωάμεθ
3301 2935 3452 2986 οὗτοι
3499 2935 3689 2986 συνδια

2141 3032 2352 3101 τρίϐειν
2391 3032 2694 3095 ἐθέλοντες,
2744 3031 2976 3085 καὶτῶν
3019 3031 3135 3083 καθ’
3171 3033 3329 3101 ήμῶν
3373 3018 3719 3100 συνεφαπτό-

2145 3139 2300 3192 μενοι
2333 3123 2545 3185 τούτοις
2575 3124 2778 3194 ἔργων,
2812 3125 3029 3194 ἐχθροῖς
3060 3125 3158 3189 τῆς
3199 3123 3437 3184 πίστεως
3472 3121 3612 3188 οὖσι,
3639 3122 3718 3191 τῷ

2145 3216 2362 3286 Σωτῆρι
2413 3218 2794 3286 διαμάχονται,
2845 3218 2922 3287 τῷ
2962 3217 3220 3270 δεδωκότι
3255 3217 3354 3282 τὴν
3389 3216 3594 3280 πίστιν,
3627 3217 3718 3269 καὶ

2146 3309 2394 3378 φανερῶς
2431 3309 2581 3380 αὑτῷ
2619 3309 2974 3381 πολεμοῦσιν.

2214 3537 2449 3588 Ἐπετσιι
2501 3535 2555 3588 δέ
2602 3554 2652 3590 τι
2707 3535 2800 3588 καὶ
2835 3536 3025 3604 ἕτερον
3069 3535 3361 3604 οὖ“καλδν,
3407 3539 3487 3590 ὅτι
3524 3539 3598 3608 μὴ
3625 3539 3724 3592 καὶ

2135 3630 2259 3683 λίαν
2287 3630 2477 3682 xxxiv.
2528 3627 2614 3692 ἘΞ
2648 3624 2722 3680 ὧν
2761 3629 2869 3697 γὰρ
2906 3620 3056 3679 οὗτοι
3098 3627 3549 3700 διαπράττονται,
3586 3648 3724 3700 προ-

2140 3723 2320 3790 φήτην
2346 3719 2439 3772 τὸν
2493 3719 2738 3788 Μωάμεθ
2795 3720 3212 3786 ἀποφαίνουσιν.
3260 3720 3501 3783 Ἐκεῖνος
3551 3722 3660 3792 γὰρ
3695 3723 3726 3774 ὁ

2141 3812 2334 3882 μιαρὸς
2367 3815 2479 3874 τοῖς
2509 3811 2953 3881 ἐξηπατημένοις
2985 3830 3042 3864 τε
3072 3815 3165 3865 καὶ
3204 3813 3588 3882 βεϐιασμένως
3622 3817 3723 3868 ὑπ’

2135 3905 2346 3957 ἐκείνου
2414 3903 2602 3970 γένεσι
2667 3904 2826 3973 νίκην
2883 3904 3007 3956 xxO‘
3080 3907 3238 3975 ἡμῶν
3311 3908 3722 3975 ἐπηγγείλατοσ

2141 4000 2292 4053 αὐτοὶ
2324 3999 2403 4060 δὲ,
2438 3993 2518 4060 οἷς
2565 3996 3041 4066 συλλαμϐάνουσιν
3094 4000 3324 4061 ἐκείνοις
3356 4001 3435 4062 εἰς
3475 4001 3531 4052 τδ
3581 4018 3726 4054 νενι-

2137 4096 2391 4160 κηκέναι,
2427 4091 2684 4160 ἀφορμὰς
2718 4091 3051 4159 παρέχουσιν
3087 4090 3168 4152 είς
3213 4092 3272 4144 τὸ
3327 4091 3611 4143 πιστεύειν
3641 4093 3724 4162 τῷ

2135 4183 2350 4252 ψεύδει’
2380 4181 2511 4235 ὥσθ’
2540 4183 2679 4250 ὅπερ
2722 4181 2894 4251 ἔφθην
2931 4179 3120 4247 εἰπὼν,
3156 4182 3207 4234 οῖ
3266 4183 3391 4236 καθ’
3422 4184 3578 4252 ἡμῶν
3623 4186 3726 4238 αὖ·

2140 4272 2500 4341 τομολυῦντες
2562 4273 2698 4342 πρὸς
2750 4273 2967 4335 ἀσεϐεῖς
3027 4275 3347 4342 περιφανῶς
3409 4277 3722 4345 μαὶνονται,

2141 4366 2236 4415 καὶ
2286 4365 2395 4416 τῶν
2429 4363 2828 4434 βεϐλαμμένων
2878 4367 2980 4427 τὰς
3027 4367 3230 4432 φρένας
3267 4366 3436 4436 χείρω
3470 4368 3682 4421 ποιοῦσι
3705 4387 3722 4402 ο

2138 4456 2232 4508 καὶ
2287 4457 2349 4527 δὴ
2409 4459 2528 4509 καθ’
2585 4458 2795 4510 ἑαυτῶν
2850 4459 2910 4511 τ’)
2975 4459 3130 4526 ξῗφος
3185 4458 3374 4529 ὥσπερ
3428 4459 3722 4527 ὠθοῦντες,

2061 4533 2113 4592 D
2147 4547 2348 4616 μᾶλλον
2377 4552 2498 4613 ταῖς
2533 4551 2713 4604 αὐτῶν
2737 4551 2936 4622 ψυχαῖς
2983 4552 3126 4622 ἢπερ
3164 4553 3298 4622 ἡμῖν
3333 4552 3727 4622 διαμάχονται.

2229 4680 2389 4736 Ἀλλὰ
2446 4685 2555 4752 γὰρ
2609 4681 2862 4753 ἐχώμεθα
2918 4681 3028 4735 τῶν
3082 4681 3231 4750 ἑξῆς,
3283 4684 3727 4746 ἐπαναλαϐόντες

2147 4773 2240 4827 τὸν
2273 4775 2458 4842 λόγον.
2499 4775 2829 4841 Παρώξυνον
2873 4776 3144 4844 ἀλλήλους
3177 4776 3311 4844 πρὸς
3340 4778 3407 4830 τὰ
3439 4779 3584 4830 κακὰ
3610 4779 3639 4830 ὃ
3669 4797 3731 4833 τε

2153 4869 2463 4939 σατράπης,
2499 4871 2551 4920 οῖ
2583 4886 2642 4921 τε
2672 4870 2808 4938 πρὸς
2839 4871 3050 4923 ἐκεῖνον
3073 4869 3557 4940 αὐτομολήσαντες
3581 4889 3593 4902 °
3637 4875 3732 4927 καὶ

2151 4960 2341 5030 ὥσπερ
2391 4980 2470 5024 τις
2524 4960 2809 5032 χρώμενος
2840 4963 2900 5012 ἐν
2940 4961 3156 5032 ἀκατίῳ
3195 4963 3432 5026 κώπαις,
3471 4963 3596 5030 ἄγει
3633 4966 3733 5034 μὲν

2152 5055 2216 5123 τῇ
2259 5053 2468 5124 εἰρεσίᾳ
2525 5053 2584 5106 τὸ
2635 5052 2863 5119 σκάφος,
2896 5053 3122 5121 φέρεται
3171 5052 3215 5105 δ’
3268 5047 3425 5112 αὖθις
3474 5051 3579 5104 ὑπὸ
3634 5054 3730 5105 τού

2157 5147 2398 5214 σκάφους
2419 5161 2431 5173 ·
2464 5145 2636 5208 οὕτως
2672 5146 2868 5197 ἐκεῖνοι
2901 5147 3026 5206 τοὺς
3067 5145 3283 5206 ἀσεϐεῖς
3317 5145 3442 5198 καθ’
3474 5144 3637 5215 ἡμῶν
3673 5162 3731 5197 τε

2153 5237 2288 5311 ἦγον
2318 5241 2392 5302 ὡς
2442 5240 2541 5293 οὐκ
2575 5237 2788 5307 -ὦφελε,
2821 5239 2914 5291 καὶ
2965 5239 3058 5291 ὑπ’
3109 5238 3334 5291 ἐκείνων
3387 5235 3545 5300 αὖθις
3608 5239 3734 5305 tapi-

2159 5351 2336 5404 ροντο.
2387 5335 2494 5386 Καὶ
2539 5331 2719 5384 τοίνυν
2775 5331 2868 5383 ὑπ’
2923 5330 3172 5400 ἀλλήλων
3221 5331 3733 5400 παρακαλούμενοι,

2159 5432 2252 5480 καὶ
2279 5425 2542 5494 ἀλλήλους
2576 5424 3034 5494 παροτρύνοντες,
3079 5424 3175 5476 καὶ⁵
3214 5423 3377 5474 οίονεί
3420 5440 3473 5474 τι
3504 5422 3735 5489 κέντρον

2161 5522 2436 5587 γινόμενοι
2493 5517 2816 5585 ἑκατέροις,
2878 5515 2954 5571 ὡς
3026 5515 3119 5566 ἐπὶ
3181 5513 3376 5576 παῖδας
3431 5511 3518 5580 ἐφ’
3589 5511 3735 5578 ὑμᾶς

2161 5612 2332 5682 ᾔεσαν
2352 5625 2366 5640 ο
2409 5611 2503 5660 καὶ
2531 5607 2699 5678 ᾤοντό
2730 5623 2793 5674 γε
2831 5605 3337 5673 καταστρέψεσθαι,
3371 5604 3731 5673 παρασύρου-

2161 5721 2252 5765 τες
2284 5702 2452 5772 πολλῇ
2479 5705 2545 5770 τῇ
2579 5700 2728 5772 ῥύμῃ
2759 5701 2823 5752 τά
2861 5699 2985 5752 καθ’
3012 5699 3156 5764 ὑμᾶς
3190 5697 3407 5750 ἅπαντα
3432 5713 3446 5726 ·
3485 5695 3648 5765 ῆνυον
3687 5693 3734 5746 δ’

2164 5797 2314 5868 ὅμως
2339 5795 2512 5849 οὐδέν.
2553 5793 2788 5863 ’Δντείχε
2840 5791 2942 5859 γὰρ
2979 5791 3009 5859 ἡ
3047 5791 3212 5856 ἁρετὴ
3255 5789 3349 5843 τοῦ
3384 5785 3733 5853 mimanta:-
