4024 6210
532 315 639 380 223

1652 314 2053 375 MANUELIS
2088 316 2226 376 PAL
2240 317 2528 379 £01.06!

3661 320 3760 384 221

532 433 619 485 ille
647 430 788 500 apud
840 444 937 482 vos
970 442 1183 498 agens;
1231 441 1356 480 cum
1402 427 1628 492 medici,
1683 439 1794 481 tum
1842 430 2096 497 pastoris,

2209 451 2308 486 πον
2339 432 2584 505 ἀκριϐῶς
2613 432 2917 498 διασώζων,
2951 433 3113 503 ἡνίκα
3148 432 3244 485 σὺν
3280 432 3407 501 ὑμῖν
3440 428 3528 503 ἦν,
3559 432 3667 486 τῶν
3702 452 3757 488 τε

528 521 1035 592 guhernatorisque.
1088 534 1151 573 ac
1187 519 1430 572 omnium
1480 519 1736 587 deinceps
1765 519 2089 574 salutarium

529 628 709 665 rerum
738 612 941 677 pariter
975 624 1039 663 ac
1070 608 1371 673 nominum,
1403 609 1643 678 perfecte
1666 610 1845 663 locum
1880 618 2091 677 tenens,

527 718 819 769 quemque,
857 712 914 753 ut
952 703 1134 754 omnia
1168 702 1329 756 verbo
1363 702 1719 769 complectar,
1754 702 1960 754 nullum
1993 703 2091 755 de-

530 796 714 847 fir-eret
755 782 957 845 bonum
987 810 1001 846 :
1038 808 1098 846 se
1158 793 1274 861 ipse
1306 808 1404 861 pro
1433 793 1573 853 suis,
1606 802 1773 860 atque
1806 793 1941 845 adeo
1973 792 2091 858 plu-

528 888 683 940 rimis
716 886 857 946 aliis.
907 901 1193 954 spernens,
1227 897 1499 955 satrapam
1539 885 1673 948 adit,
1730 901 1853 939 cum
1888 887 2091 940 nullam

532 982 682 1045 prius
713 980 946 1029 adeundi
987 978 1207 1032 fecisset
1236 993 1410 1046 spem.
1444 981 1554 1031 imo
1586 988 1835 1049 negasset
1866 978 2089 1041 iturum,

533 1084 672 1122 utex
708 1072 978 1137 insperata
1034 1073 1319 1137 praesentia
1349 1071 1562 1125 dulcius
1598 1072 1857 1132 alliceret,
1888 1087 2094 1141 proque

530 1162 604 1211 rei
664 1162 1127 1228 inexwectatione
1184 1163 1390 1230 gratior
1448 1172 1681 1231 tyranno
1736 1174 2090 1231 occnrreret,

530 1251 798 1319 simulque
856 1254 1166 1307 ostenderet
1198 1254 1498 1321 profectum
1548 1270 1606 1307 se
1640 1257 1946 1319 voluntate,
1984 1273 2092 1313 non

529 1345 653 1411 quia
694 1345 781 1398 ille
841 1347 1117 1400 blanditiis
1176 1357 1269 1400 aut
1327 1349 1490 1403 minis
1536 1349 1859 1417 decepisset.
1925 1350 2086 1406 Illum

533 1438 735 1506 itaque.
770 1455 975 1507 nosque
1032 1439 1080 1493 ei
1116 1440 1317 1502 socios,
1351 1443 1441 1507 qui
1484 1442 1701 1509 priores
1730 1443 2090 1509 venissemus,

530 1528 748 1584 Phcrris
802 1532 931 1585 urbe
957 1532 1183 1586 invenit.
1240 1531 1451 1586 Etenim
1486 1534 1587 1601 ipsi
1626 1550 1866 1604 quoque,
1902 1550 2095 1590 accer-

531 1630 690 1676 sente
724 1623 836 1688 illo,
865 1639 1211 1685 veneramus.
1247 1642 1370 1679 cum
1414 1629 1593 1695 gravis
1617 1629 1868 1696 quaedam
1903 1644 2095 1687 neces-

514 1713 684 1779 sitas.
717 1730 814 1783 pro
843 1718 1181 1772 subditorum
1211 1718 1546 1789 depellendis
1611 1722 1889 1789 periculis.
1920 1736 1985 1775 eo
2008 1737 2093 1777 me

530 1811 657 1858 tunc
691 1808 1060 1880 pugnisisset.
1091 1810 1201 1863 lloc
1233 1826 1395 1879 porro
1418 1812 1765 1866 interdictum
1796 1814 1955 1869 nobis
1997 1830 2093 1868 vo-

528 1896 829 1959 lueramus,
862 1906 917 1950 ut
960 1914 1046 1960 ne,
1083 1899 1329 1967 inquam,
1354 1901 1627 1956 adiremus
1676 1903 1857 1956 simul.
1885 1904 2095 1971 Quippe

529 1986 813 2040 videbatur
856 1988 995 2040 haud
1042 1989 1113 2042 ita
1168 1998 1280 2042 tuta
1333 2000 1519 2044 nostra
1554 1992 1617 2044 ad
1652 2008 1774 2046 eum
1807 1992 2093 2060 profectio.

531 2094 652 2130 eum
690 2080 779 2131 ille
811 2080 1019 2147 pridem
1056 2083 1296 2149 iniquam
1336 2084 1388 2135 in
1415 2100 1514 2138 nos
1544 2100 1731 2139 necem
1770 2087 2091 2154 parturiret.

530 2167 739 2221 Accidit
767 2178 941 2222 tamen
975 2170 1190 2237 plenum
1227 2172 1357 2225 illud
1384 2174 1598 2235 timore,
1634 2189 1757 2227 cum
1786 2190 1886 2244 ego
1911 2176 2094 2231 adhuc

531 2273 654 2310 eum
688 2259 830 2311 domi
866 2270 1137 2327 putarem,
1173 2262 1330 2329 isque
1360 2263 1603 2317 vicissim
1644 2264 1881 2333 idipsum
1910 2266 1977 2319 de
2008 2282 2092 2319 me

533 2350 818 2417 cogitaret,
869 2366 930 2404 ac
966 2352 1114 2405 velut
1140 2369 1202 2406 ex
1231 2355 1483 2407 condicto
1538 2370 1786 2410 essemus
1829 2357 2091 2424 profecti,

532 2442 719 2495 eadem
753 2442 861 2505 die,
900 2454 956 2497 ut
990 2444 1125 2497 bene
1185 2448 1527 2499 meminerim
1568 2487 1582 2511 ,
1612 2464 1675 2501 ac
1704 2450 1747 2502 si
1774 2450 1876 2515 vis,
1906 2452 2092 2504 eadem

534 2536 648 2602 ipsa
678 2535 830 2590 hora.
867 2536 968 2591 Sed
1001 2546 1053 2590 et
1083 2538 1279 2592 accidit
1306 2540 1435 2607 quid
1461 2541 1635 2609 pejus,
1664 2549 1723 2595 ut
1756 2558 1948 2611 nempe
1978 2559 2097 2597 om-

535 2642 631 2681 nes
658 2627 764 2680 ullo
795 2629 955 2681 modo
972 2628 1407 2684 Christianorum
1443 2634 1611 2687 duces
1638 2633 1845 2687 circum
1870 2634 2093 2689 Persam

533 2719 837 2786 stiparent;
872 2720 962 2787 qui
1001 2720 1258 2775 nimirum
1292 2723 1357 2776 ad
1378 2736 1503 2776 eum
1530 2723 1688 2785 itare,
1715 2727 1875 2793 eique
1902 2725 2096 2781 adesse

534 2810 674 2863 soliti
720 2821 893 2864 erant.
929 2811 1097 2867 Multo
1171 2814 1376 2883 quippe
1430 2796 1611 2868 studio
1644 2825 2095 2884 congregaverat,

533 2918 875 2956 rommunem
911 2904 1152 2958 omnium
1186 2904 1465 2958 interitttm
1490 2907 1777 2962 meditans.
1814 2906 1985 2963 Porro
2018 2908 2092 2963 illi

534 3010 713 3061 opera:
737 2997 909 3056 magis
938 2997 1170 3066 pretium
1195 3008 1536 3064 putaverant,
1563 3006 1621 3051 ut
1652 2999 1771 3068 ejus
1795 3008 2096 3054 conventns

2122 1762 2169 1822 B

2202 525 2422 593 ἰατρῶν,
2462 525 2570 577 τῶν
2602 542 2658 577 τε
2688 526 2984 593 ποιμένων,
3018 524 3126 576 τῶν
3152 541 3209 576 τε
3241 523 3619 593 κυϐερνητῶν,
3652 525 3755 577 τῶν

2198 632 2254 666 τε
2280 616 2563 684 σωτηρίων
2618 615 2745 683 ἐξῆς
2801 616 3059 668 ἁπάντων
3118 617 3213 668 καὶ
3271 615 3615 685 πραγμάτων
3666 617 3760 667 καὶ

2198 710 2576 777 προσρήσεων,
2609 711 2705 761 καὶ
2745 709 2830 762 ἵνα
2860 708 2921 761 τὸ
2965 711 3074 762 πᾶν
3108 708 3343 775 εἴποιμι.
3373 700 3417 774 ᾧ
3456 708 3624 775 μηδὲν
3652 709 3760 759 τῶν

2198 799 2416 865 ἀγαθῶν
2476 800 2536 853 ού
2602 801 2803 869 παρῆν,
2834 800 3133 868 ἀφειδήσας
3187 798 3384 852 ἑαυτοῦ
3435 799 3606 851 ἕνεκα
3653 800 3762 849 τῶν

2198 889 2415 948 ἐαυτοῦ,
2450 890 2543 941 καὶ
2573 889 2636 957 δὴ
2666 891 2760 942 καὶ
2796 871 3066 944 πλείστων
3101 891 3329 956 ἑτέρων,
3369 890 3588 959 ἔρχεται
3624 892 3761 957 πρὸς

2197 981 2287 1034 τὸν
2321 982 2625 1049 σατράπην,
2664 982 2739 1050 μὴ
2773 983 2898 1044 δοὺς
2931 982 3080 1051 αύτῷ
3110 983 3377 1049 πρότερον
3418 982 3644 1049 θσρῤεἶν
3685 981 3764 1043 ὡς

2196 1072 2485 1138 ἀφίξεται·
2519 1072 2653 1125 ἀ).λά
2684 1074 3019 1134 τούναντίον,
3052 1072 3439 1140 ἀπαγορεύσας
3471 1073 3569 1142 τὴν
3614 1074 3767 1123 ἕλευ-

2199 1181 2302 1228 σιν,
2338 1161 2456 1238 ἵν”ᾗ
2483 1167 2578 1219 καὶ
2628 1165 2794 1217 πλέον
2837 1164 2969 1233 ἡδὺς
3014 1166 3223 1233 φανεὶς,
3257 1164 3503 1233 μηδόλως
3546 1164 3762 1227 ἐλπιζό-

2199 1276 2382 1327 μενος,
2414 1258 2509 1310 καὶ
2534 1256 2610 1326 τῷ
2636 1257 3030 1326 ἀπροσδοκήτῳ
3075 1255 3169 1309 τοῦ
3202 1257 3533 1324 πράγματος
3564 1255 3763 1324 ἐκείνῳ

2200 1352 2398 1421 μᾶλλον
2446 1351 2776 1421 χαρίσηται·
2833 1348 2980 1421 δείξῃ
3035 1349 3091 1401 δὲ
3145 1347 3340 1418 γνώμῃ
3406 1348 3544 1415 πρὸς
3599 1348 3768 1400 αὑτὸν

2196 1443 2605 1514 παραγεγονὼς,
2631 1444 2726 1495 καὶ
2771 1443 2832 1494 ού
2861 1444 2981 1501 ταῖς
3017 1440 3279 1501 θωπείαις
3325 1439 3490 1492 αὐτοῦ
3523 1440 3618 1492 καὶ
3644 1442 3768 1501 ταῖς

2196 1534 2449 1596 ἀπειλαῖς
2505 1532 2891 1601 ἐξαπατηθείς.
2934 1532 3195 1600 Εὖρίσκει
3238 1531 3420 1583 τοίνυν
3466 1529 3654 1583 τοῦτον
3706 1532 3769 1581 ἐν

2197 1628 2313 1688 ταῖς
2364 1627 2622 1697 Φερῥαῖς,
2679 1627 2773 1678 καὶ
2824 1626 2995 1693 ἡμᾶς,
3033 1626 3240 1676 ἐκεῖνον
3284 1622 3619 1689 φθάσαντας,
3665 1623 3772 1674 σὺν

2200 1720 2368 1788 αύτῷ.
2397 1720 2707 1788 Πεμπταῖοι
2743 1718 2851 1787 γὰρ
2893 1711 3037 1785 ἦμεν
3091 1715 3359 1776 ἐλθόντες.
3407 1716 3652 1783 ἀνάγκης
3698 1714 3769 1783 δή

2199 1826 2342 1870 τινος
2375 1810 2602 1878 ίσχυρᾶς
2636 1809 2777 1877 ὑπὲρ
2808 1806 2902 1860 τοῦ
2938 1806 3203 1877 ρυσθῆναι
3235 1806 3494 1858 κινδύνων
3520 1805 3646 1866 τοὺς
3674 1806 3773 1872 ὑφ’

2196 1898 2345 1966 ἡμᾶς
2375 1897 2551 1949 ἐκεῖσέ
2589 1913 2656 1965 με
2693 1896 2815 1948 τότε
2864 1895 3341 1965 παραπεμψάσης.
3374 1894 3568 1947 Καίτοι
3602 1894 3775 1947 τοῦτο

2195 1991 2326 2057 ἡμῖν
2360 1987 2640 2049 παντελῶς
2689 1988 2764 2049 ὼς
2812 1987 3084 2056 ἀπείρητο
3107 2003 3120 2016 ·
3148 1986 3293 2052 λέγω
3327 1986 3389 2055 δὴ
3419 1986 3476 2037 τὸ
3520 1987 3772 2055 ἀμφοτέ-

2198 2097 2323 2151 ρους
2368 2080 2508 2151 πρὸς
2549 2081 2760 2133 ἐκεῖνον
2794 2078 2911 2148 ἅμα
2941 2079 3378 2148 παραγενέσθαι.
3423 2078 3625 2131 Ἐδόκει
3655 2080 3773 2145 γάρ

2195 2174 2296 2226 οὐκ
2339 2172 2579 2241 ἀσφαλὲς
2613 2170 2788 2242 ταύτῃ
2821 2170 3080 2238 γενέσθαι
3130 2169 3230 2240 τὴν
3268 2170 3544 2239 ἡμετέραν
3577 2170 3772 2237 ἐπιδη-

2201 2264 2330 2333 μίαν
2364 2266 2517 2332 παρά
2564 2264 2657 2317 τὸν
2715 2263 2882 2315 πάλαι
2933 2262 3055 2315 καθ’
3096 2262 3253 2329 ἡμῶν
3293 2261 3477 2314 ἄδικον
3506 2260 3772 2312 ὠδίνοντα

2196 2356 2375 2422 φόνον.
2410 2354 2613 2424 Συνέϐη
2654 2353 2697 2407 δ’
2742 2355 2892 2423 ὅμως
2939 2355 3000 2407 τὸ
3033 2354 3281 2425 φοϐερὸν,
3314 2353 3450 2423 ἐμοῦ
3490 2353 3589 2419 μὲν
3617 2355 3766 2406 οἴκοι

2200 2447 2382 2516 μένειν
2409 2448 2615 2499 ἐκεῖνον
2643 2448 2726 2500 ἐτι
2765 2446 3100 2515 νομίζοντος,
3137 2447 3391 2499 κάκείνου
3421 2446 3464 2498 δ’
3496 2445 3563 2497 αὖ
3598 2445 3770 2497 πάλιν

2198 2539 2325 2609 περὶ
2358 2539 2493 2607 ἐμοῦ
2528 2539 2593 2591 τά
2641 2541 2730 2591 ἴσα
2770 2537 3158 2608 λογιζομένουο
3195 2537 3288 2590 καὶ
3317 2537 3506 2607 ὥσπερ
3534 2540 3596 2590 ἐκ
3641 2555 3776 2591 συν-

2198 2630 2439 2701 θήματος
2490 2630 2703 2685 οἴκοθεν
2752 2630 3081 2694 ἐξελθόντων
3114 2630 3350 2701 ἡμέραν,
3393 2630 3442 2681 εί
3478 2631 3776 2699 μέμνημαι

2198 2725 2400 2787 καλῶς,
2458 2724 2555 2795 τὴν
2620 2724 2905 2792 αὐτήνοεί
2965 2721 3244 2789 βούλειδὲ
3301 2738 3387 2786 γε,
3440 2722 3530 2774 καὶ
3590 2719 3774 2788 ὥραν.

2198 2816 2467 2868 Συνέπεσε
2524 2814 2580 2868 δέ
2638 2832 2692 2867 τι
2745 2815 2839 2866 καὶ
2895 2815 3095 2883 χεῖρον.
3135 2808 3287 2865 Εἶναι
3336 2812 3443 2880 7&9
3486 2813 3627 2879 ἀμφὶ
3670 2812 3772 2863 τὸν

2198 2910 2415 2976 Πέρσην
2453 2909 2579 2971 τοὺς
2613 2906 2709 2960 καὶ
2760 2905 3012 2960 ὁπωσοῦν
3063 2905 3466 2973 ἐξηγουμένους
3506 2905 3777 2971 Χριστια-

2198 2999 2303 3053 νῶν
2327 3017 2342 3032 ’
2377 3000 2519 3067 λέγω
2548 2999 2604 3051 δὲ
2648 2999 2774 3062 τοὺς
2800 2998 3059 3060 εἰωθότας
3087 2997 3163 3059 ὡς
3193 2996 3354 3049 αὐτὸν
3391 2995 3770 3067 ἀφικνεῖσθαι.

533 3088 703 3139 aleam
741 3087 1011 3150 subirent,
1041 3104 1204 3157 quam
1242 3096 1300 3142 ut
1324 3088 1538 3157 jubenti
1569 3104 1773 3142 morem
1802 3104 1909 3143 non
1944 3105 2096 3158 gere-

2210 3093 2447 3154 Ἐκεῖνός
2500 3111 2559 3146 τε
2602 3093 2714 3163 γάρ
2751 3091 2948 3154 αὐτοὺς
2980 3090 3256 3159 ἐπιμελῶς
3292 3088 3566 3159 ἥθροιζεν,
3597 3088 3773 3156 ἄρδην

532 3192 671 3231 rent.
702 3177 806 3232 Res
837 3193 967 3233 sane
993 3179 1144 3245 plena
1178 3179 1420 3245 periculo
1444 3181 1698 3233 omnibus
1719 3180 1911 3235 mcrito
1945 3180 2097 3236 vide-

534 3272 715 3335 batur,
742 3280 797 3323 ut
822 3272 887 3325 ad
911 3286 1033 3325 eum
1060 3272 1298 3325 universi
1322 3272 1485 3325 simul
1514 3271 1875 3328 confluerent.
1912 3274 2097 3345 Neque

533 3361 677 3414 enim
735 3373 889 3416 erant
928 3364 1019 3433 qui
1062 3366 1236 3419 virum
1275 3364 1600 3428 'nescircnt,
1653 3365 1881 3434 ejusque
1910 3367 1965 3420 in
2001 3381 2097 3421 eos

533 3451 906 3507 voluntatem:
969 3455 1089 3524 ejus
1152 3467 1331 3510 tamen
1389 3458 1662 3512 mandatis
1713 3458 1857 3512 nolle
1889 3472 2096 3514 morem

534 3560 743 3611 gerere,
774 3546 824 3600 id
864 3562 992 3601 vero
1035 3548 1302 3615 gravioris
1334 3547 1493 3615 longe
1547 3548 1774 3617 periculi
1802 3549 2095 3605 ducebant.

533 3636 719 3704 Neque
750 3638 892 3692 enim
914 3654 1053 3701 esse,
1076 3640 1169 3707 qui
1196 3648 1517 3708 contemptre
1545 3639 1811 3709 jussionis
1838 3641 2096 3710 injuriam

536 3730 721 3793 ferret,
764 3739 859 3784 aut
888 3732 991 3786 sibi
1043 3732 1158 3801 ipse
1186 3732 1423 3802 quietem
1466 3734 1836 3794 imperaturus
1899 3741 2092 3791 esset:

537 3820 653 3875 fore
679 3831 878 3890 autem,
931 3833 1203 3879 ntomnes
1234 3824 1393 3878 vellet
1456 3825 1659 3893 perire,
1722 3836 1889 3892 utque
1913 3825 2098 3879 volens

537 3914 763 3981 perdere
794 3925 994 3982 posset.
1060 3913 1258 3968 Malum
1303 3916 1487 3985 itaque
1534 3915 1676 3969 malo
1713 3924 2094 3984 praeoptantes,

536 4019 801 4076 Suamque
886 4006 993 4061 Deo
1060 4008 1506 4062 commendantes
1586 4016 1833 4073 sortem;
1908 4020 1974 4059 ac
2043 4004 2096 4059 in

535 4110 630 4159 spe
682 4108 999 4167 peragentes
1063 4098 1187 4160 iter,
1214 4098 1315 4152 vize
1341 4114 1399 4153 se
1439 4100 1650 4155 incerto
1683 4098 2096 4152 commiserant.

536 4190 706 4243 κακοῦ
757 4192 926 4245 κακὸν
972 4192 1353 4262 προελόμενοι,
1383 4193 1620 4264 ἥπτοντο
1666 4192 1767 4263 τῆς
1802 4190 1946 4258 ὀδοῦ,
2011 4187 2131 4257 Θεῷ

533 4283 832 4346 ὁδεύοντες.

2196 3184 2454 3253 ἀφανίσαι
2491 3185 2697 3245 πάντας
2730 3182 3083 3253 βουλόμενος·
3118 3181 3301 3242 αὐτοῖς
3331 3198 3391 3234 τε
3437 3179 3545 3231 δεῖν
3589 3178 3775 3230 ἐδόκει

2198 3277 2634 3345 παραγενέσθαι,
2666 3276 2761 3329 καὶ
2802 3276 2893 3329 τὸν
2938 3276 3046 3328 ἀπὸ
3081 3275 3235 3328 τοῦδε
3284 3274 3487 3339 μᾶλλον
3516 3270 3780 3335 δέξασθαι

2198 3368 2441 3420 κίνδυνον
2471 3367 2503 3435 ἦ
2537 3368 2627 3418 τὸν
2666 3368 2730 3419 ἐκ
2764 3366 2860 3419 τοῦ
2920 3364 3270 3434 παρακοῦσαι
3303 3364 3395 3416 τοῦ
3447 3362 3777 3415 ἐπιτάττον-

2196 3476 2308 3524 τος.
2340 3456 2491 3513 Εἷναι
2522 3460 2622 3528 μὲν
2673 3458 2780 3528 7&9
2815 3458 3065 3511 κινδύνου
3125 3458 3326 3525 μεστὸν
3384 3456 3479 3509 καὶ
3526 3455 3585 3507 τὺ
3636 3454 3780 3521 πρὸς

2200 3553 2357 3606 αὑτὸν
2387 3552 2503 3622 ἅμα
2527 3550 2965 3621 παραγεγονέναι
2992 3550 3193 3608 πάντες
3224 3548 3461 3615 εὐλόγως
3493 3545 3773 3615 ἐνόμιζον.

2200 3642 2336 3696 Οὐδὲ
2387 3642 2497 3710 γὰρ
2542 3641 2773 3710 ἠγνόουν
2824 3642 2918 3692 τὶν
2950 3640 3139 3710 ἄνδρα,
3174 3639 3270 3692 καὶ
3300 3638 3400 3707 τὴν
3431 3637 3555 3706 περὶ
3586 3636 3775 3687 αὐτῶν

2203 3732 2410 3785 ἐκείνου
2435 3731 2698 3785 διάνοιαν.
2730 3731 2802 3783 Τὸ
2826 3731 2882 3783 δὲ
2914 3731 2989 3800 μὴ
3030 3732 3146 3792 τοῖς
3178 3728 3371 3781 τούτου
3402 3727 3773 3796 προστάγμα-

2204 3838 2288 3874 σιν
2320 3820 2490 3874 εἴκειν
2522 3820 2703 3888 πολλῷ
2740 3820 3122 3891 χαλεπωτέρου
3155 3818 3427 3873 κινδύνου.
3462 3820 3612 3886 Μήτε
3660 3817 3778 3884 γὰρ

2200 3911 2369 3964 οίσειν
2397 3912 2560 3964 αὐτὸν
2594 3914 2690 3982 τὴν
2721 3914 2783 3963 ἐκ
2815 3910 2913 3977 τῆς
2964 3910 3251 3979 παρακοῆς
3293 3908 3474 3977 ὕϐριν,
3512 3906 3636 3976 μήτ’
3663 3905 3769 3956 οὐκ

2200 4004 2571 4073 ἀνασχόμενον
2604 4002 2927 4072 ἡσυχάζειν,
2962 4001 3097 4054 ἀλλὰ
3133 4002 3386 4068 θελήσειν
3420 4001 3519 4068 μὲν
3571 3998 3774 4059 αὐτοῦς

2202 4095 2528 4164 διαφθεῖραι,
2546 4094 2851 4163 θελήσαντα
2876 4093 2954 4155 δὲ,
2982 4091 3331 4161 δυνήσεσθαι.
3360 4090 3466 4143 Καὶ
3493 4089 3577 4141 διὰ
3598 4088 3775 4140 ταῦτα

2195 4186 2255 4241 τὸ
2318 4188 2437 4241 κατ’
2500 4188 2699 4249 αὐτοὺς
2757 4184 3182 4257 ἐπιτρέποντες,
3236 4184 3332 4236 καὶ
3395 4180 3496 4235 σὺν
3550 4179 3771 4232 ἐλπίσιν

609 4458 1075 4530 Enimvero,quod
1105 4461 1169 4514 de
1205 4478 1289 4515 me
1322 4477 1539 4531 quoque
1566 4477 1628 4516 ac
1658 4460 1826 4516 fratre
1862 4475 2095 4530 persua-

2272 4457 2344 4510 Οὐ
2376 4455 2484 4525 μὴν
2517 4454 2648 4506 ἀλλὰ
2677 4453 2770 4507 καὶ
2800 4450 2860 4504 τδ
2894 4448 3173 4505 πιστεύειν
3204 4449 3441 4510 ἐκείνους
3470 4450 3594 4517 περὶ
3628 4447 3773 4514 suos

537 4534 665 4603 sum
690 4551 969 4615 haberent,
1021 4552 1159 4606 haud
1214 4552 1329 4608 fore
1365 4552 1526 4606 simul
1564 4562 1689 4607 tunc
1719 4552 1966 4607 adituros
1996 4553 2099 4607 im-

538 4648 911 4701 manissimam
971 4647 1244 4701 belluam:
1282 4648 1375 4717 qui
1430 4647 1686 4701 nimirum
1732 4647 1957 4710 scirent,
1988 4663 2097 4702 non

539 4736 680 4804 quod
707 4738 988 4791 accidisset
1025 4738 1265 4800 fortuna,
1308 4739 1397 4791 sed
1429 4739 1571 4807 quod
1604 4748 1752 4793 esset
1785 4738 1942 4793 nobis
1970 4754 2101 4792 con-

536 4829 803 4895 stitutum,
862 4844 1109 4897 magnam
1201 4838 1405 4898 partem
1458 4830 1706 4884 timorem
1755 4828 2098 4898 dispellebat,

532 4916 848 4985 justamqne
900 4918 1230 4972 submot'ens
1268 4918 1658 4983 ςυςιιὶοἰοιιθηι,
1685 4920 1873 4971 venire
1907 4918 2103 4971 invita-

540 5008 650 5060 bat.
683 5006 959 5061 Noveram
1013 5008 1156 5060 enim
1187 5007 1320 5073 fore,
1350 5020 1406 5062 ut
1438 5008 1636 5063 inferni
1672 5009 1847 5063 instar
1878 5010 2101 5063 univer-

485 5155 490 5160 ,
538 5100 613 5152 sis
674 5099 1027 5153 absorliendis
1081 5098 1241 5153 hians
1294 5110 1580 5170 tyrannus,
1631 5103 1751 5171 jure
1810 5102 2003 5155 merito
2035 5101 2103 5154 ti-

538 5192 792 5245 mendum
849 5194 1093 5255 haberet,
1145 5209 1212 5246 ne
1237 5194 1283 5247 ei
1340 5196 1389 5248 in
1422 5194 1756 5253 contrarium
1809 5194 2101 5247 consilium

538 5295 860 5346 verteretur,
892 5294 948 5339 ut
975 5286 1027 5339 in
1058 5301 1244 5339 omnes
1268 5285 1614 5352 impudenter
1636 5293 1849 5354 putaret
1870 5284 2105 5338 saevit-n-

538 5377 687 5437 dum,
754 5392 877 5431 cum
914 5392 1014 5431 nos
1054 5378 1106 5431 in
1144 5385 1413 5445 potestate
1470 5378 1679 5445 positos
1718 5392 1823 5429 non
1858 5378 2102 5431 haberet.

543 5469 644 5521 l'bi
676 5480 854 5524 autem
892 5470 1197 5530 venientes.
1231 5485 1314 5523 me
1353 5484 1474 5523 cum
1507 5468 1673 5522 fratre
1703 5471 1845 5539 apud
1883 5469 2103 5523 Persam

546 5558 819 5622 viJerunt,
864 5574 925 5610 ac
968 5560 1200 5614 scientes
1249 5575 1359 5612 rem
1392 5559 1657 5613 accidisse
1690 5569 1884 5628 praeter
1913 5574 2103 5614 eorum

544 5658 805 5719 mentem,
850 5649 1030 5718 lingua
1060 5651 1124 5704 ad
1170 5652 1388 5721 longum
1447 5660 1660 5720 tempus
1687 5652 1937 5710 hmrente.
1971 5650 2107 5704 nihil

547 5739 719 5794 mutui
754 5742 1023 5796 sermonis
1061 5740 1307 5796 conferre
1342 5749 1655 5812 potuerunt.
1684 5739 1751 5794 Ut
1808 5751 1987 5795 autent
2023 5757 2107 5797 rc-

2200 4550 2293 4604 καὶ
2318 4549 2409 4602 τοῦ
2447 4546 2698 4615 ἀδελφοῦ,
2730 4546 2804 4607 ὡς
2836 4544 2934 4614 ούχ
2970 4545 3086 4614 ᾶμα
3121 4543 3424 4631 τηνικαῦτα
3453 4541 3769 4607 ἀφιξόμεθα

2200 4642 2337 4711 πρδς
2370 4640 2460 4693 τὸν
2494 4640 2801 4692 δεινότατον
2834 4637 3001 4705 θῆρα,
3033 4636 3092 4688 οὐ
3122 4634 3231 4704 7&9
3269 4636 3329 4686 τὸ
3380 4632 3594 4700 συμϐὰν
3624 4632 3770 4683 κατὰ

2199 4735 2388 4804 τύχην,
2421 4731 2556 4785 ἀλλὰ
2582 4732 2679 4800 τὴν
2707 4728 3104 4800 κεκυρωμένην
3132 4729 3265 4798 ἡμῖν
3291 4726 3595 4796 ἠπίσταντο
3628 4723 3773 4791 7‘16:—

2206 4840 2332 4891 μην,
2358 4823 2419 4875 τὸ
2453 4820 2586 4874 πολὺ
2625 4820 2720 4872 τοῦ
2754 4819 2921 4887 φόϐου
2961 4818 3301 4877 διεσκέδασε.
3337 4816 3433 4868 καὶ
3469 4814 3773 4884 παρεκάλει

2203 4913 2640 4982 παραγίνεσθαι,
2704 4911 2919 4964 δικαίαν
2994 4909 3231 4978 ὑποψίαν
3303 4908 3771 4976 ἀποκρουόμενον.

2207 5006 2443 5077 ’ῌδεσαν
2478 5004 2585 5074 γὰρ
2639 5004 2716 5065 ὠς
2767 5005 2795 5056 ὁ
2828 5004 2985 5072 δίκην
3017 5004 3144 5073 ᾅδου
3182 4998 3448 5070 κεχηνὼς,
3485 5001 3774 5052 καταπιεῖν

2202 5098 2325 5159 τοὺς
2376 5098 2583 5160 πάντας
2637 5098 2948 5167 ἐφιέμενος,
2981 5095 3168 5157 δεδιὼς
3206 5095 3432 5156 εἰκότως
3484 5091 3657 5157 ἔσται,
3695 5091 3772 5161 μὴ

2206 5190 2342 5260 πρὸς
2388 5190 2697 5243 τούναντίον
2743 5189 2890 5257 αὐτῷ
2940 5188 2998 5241 τὸ
3052 5187 3304 5258 βούλημα
3361 5184 3680 5255 περισταίη,
3712 5179 3777 5235 ἵν

2207 5283 2350 5335 κατὶι
2405 5284 2625 5335 πάντων
2677 5282 3106 5353 ἀναισχυντήσῃ,
3154 5281 3253 5333 οὐκ
3311 5280 3369 5332 ἐν
3416 5279 3537 5331 ταῖν
3593 5277 3779 5345 χεροῖν

2207 5373 2357 5441 ἡμᾶς
2400 5371 2559 5441 ἔχων.
2610 5371 2752 5423 Ἀλλ’
2805 5370 3071 5435 ἐλθόντες,
3111 5371 3204 5424 καὶ
3248 5371 3341 5423 τὸν
3391 5368 3624 5435 ἀδελφὸν
3680 5366 3781 5419 σὺν

2210 5464 2332 5531 ἐμοὶ
2360 5464 2507 5532 παρά
2529 5464 2605 5533 τῷ
2630 5463 2812 5533 Πέρσῃ
2843 5462 3189 5531 θεασάμενοι,
3209 5460 3429 5529 γνόντες
3453 5458 3515 5510 τδ
3539 5458 3779 5527 πρᾶγμα

2211 5556 2509 5625 ἐκϐεϐηκὸς
2539 5556 2687 5625 παρὰ
2724 5539 2823 5625 τὴν
2855 5555 3079 5607 ἐκείνων
3118 5554 3298 5619 δόξαν,
3335 5550 3552 5621 ἀφωνία
3581 5568 3780 5619 συσχε-

2214 5647 2394 5709 θέντες
2430 5648 2520 5700 ἐπὶ
2556 5648 2775 5718 μακρῷ,
2806 5649 2959 5702 οὐδέν
2988 5665 3040 5701 τι
3092 5648 3227 5713 πρὸς
3264 5646 3531 5715 ἀλλήλους
3582 5644 3782 5711 ἐφθέγ-

2211 5756 2391 5809 γοντο.
2436 5737 2524 5802 Ὠς
2574 5738 2621 5792 δ’
2671 5740 3079 5808 ἀνενεγκόντες,
3115 5737 3211 5806 ὀψὲ
3254 5736 3345 5792 καὶ
3402 5736 3563 5806 μόγις
3613 5732 3775 5805 ῥῆξαι
