4024 6210
265 347 355 409 225

1014 341 1417 404 THEODORI
1459 341 1817 403 DESPOT/E
1863 343 2252 405 LAUDATIO
2276 347 2688 411 FUNEBRIS.

3286 336 3291 342 ’
3373 357 3478 423 226

263 458 426 528 φωνὴν
463 453 828 528 ἐδυνήθησαν.
888 441 1096 524 ταύτην
1145 455 1210 525 δὴ
1270 451 1496 526 πρώτην
1543 453 1796 524 ἀφέντες,

1911 456 2146 520 sumptis
2185 456 2414 522 animis,
2439 471 2565 512 sero
2594 459 2810 513 tandem
2835 460 3204 530 vixquelicuit
3231 483 3480 538 rumpere

260 545 793 617 Διακεφωνήκαμεν,
828 545 1064 616 ἐϐόησαν
1099 547 1360 609 ἅπαντες.

311 727 518 780 τούτων
563 725 628 794 δὴ
705 725 1209 796 συναθροισθέντων
1290 724 1597 797 τηνικαῦτα
1677 730 1799 797 μεθ’

260 821 394 889 ἡμῶν
421 819 484 891 (ὣ
524 819 643 882 πῶς
685 820 864 875 πάντα
907 819 1182 889 συνέρρει,
1217 823 1314 873 καὶ
1358 823 1493 889 πρὸς
1524 823 1696 893 αὐτὴν
1725 823 1801 888 ὡς

263 914 313 966 ἄν
339 930 410 974 τις
439 911 577 964 είποι
614 911 717 981 τὴν
752 911 999 982 κορυφὴν
1024 912 1124 980 τῆς
1154 915 1339 983 ἀκμῆς
1354 916 1643 968 ἀνεϐίϐασε
1675 919 1800 978 τοὺς

262 1005 487 1074 φόϐουςῐ)
550 1005 744 1074 νέηλυς
804 1006 868 1058 ἐκ
923 1005 1228 1076 Σηλυϐρίας
1285 1009 1645 1076 παραγίνεται
1703 1011 1801 1064 καὶ

247 1096 485 1164 ,βασιλεὺς
520 1097 547 1148 6
579 1096 917 1166 ἀδελφιδοῦς.
954 1096 1128 1149 Τοῦτο
1172 1099 1229 1150 δὲ
1285 1096 1355 1170 ab
1401 1101 1548 1170 ἡμᾶς
1577 1100 1673 1153 ἐπὶ
1703 1118 1794 1154 το-

263 1188 422 1239 σοῦτον
452 1189 726 1258 συνέχεεν,
757 1190 882 1243 ὅσον
924 1191 1020 1244 καὶ
1050 1191 1416 1260 ἀπειρηκέναι
1451 1193 1795 1259 παντάπασι,

261 1281 341 1332 καὶ
369 1280 618 1350 δεηθῆναι
643 1281 941 1349 διαθηκῶν,
961 1282 998 1338 δ,
1029 1284 1206 1336 ποιεῖν
1229 1286 1445 1354 ἀνάγκη
1487 1287 1639 1339 πᾶσα
1671 1289 1799 1350 τοὺς

258 1373 339 1442 τὴν
386 1374 572 1427 ἐλπίδα
623 1375 724 1442 τῆς
777 1376 923 1446 ζωῆς
977 1375 1445 1445 ἀποϐεϐληκότας.
1502 1377 1614 1431 Καὶ
1654 1374 1798 1450 ἦμεν

256 1467 394 1534 ἄρνες
421 1469 476 1518 ἐν
507 1467 661 1536 μέσῳ
688 1467 889 1530 λύκων,
924 1466 1082 1520 τοῦτο
1107 1467 1172 1536 δὴ
1201 1467 1263 1520 τὸ
1298 1469 1376 1536 τῷ
1404 1471 1618 1540 Σωτῆρι
1658 1490 1798 1542 χρη-

258 1561 489 1628 ματισθέν
542 1561 682 1630 πρὸς
734 1563 859 1624 τοὺς
912 1561 1195 1630 μαθητὰς,
1224 1561 1524 1626 πατοῦντες
1563 1565 1662 1632 μὲν
1699 1567 1799 1629 τάς

254 1649 346 1701 τῶν
372 1650 578 1718 ἐχθρῶν
614 1651 880 1718 κεφαλὰς,
911 1651 1088 1720 δφεών
1115 1670 1174 1704 τε
1208 1654 1303 1706 καὶ⁵
1332 1637 1611 1724 σκορπίων
1645 1658 1797 1711 ἄντι-

255 1759 367 1810 κρυς
394 1743 560 1795 τόπον
591 1743 986 1824 διασωζόντων.
1018 1747 1114 1800 καὶ
1147 1747 1424 1817 μηδεμίαν
1454 1750 1585 1816 παρ’
1615 1750 1798 1803 αὐτῶν

1911 555 2125 608 vocem,
2155 546 2296 599 hanc
2330 549 2563 615 primam
2603 549 2882 607 mittentes
2908 594 2922 617 ,
2953 555 3328 614 clamaverunt
3360 576 3478 615 om-

1910 647 2010 688 nes
2034 649 2049 685 :
2081 635 2502 704 Desperavt'mus.

1981 722 2116 777 Cum
2178 742 2310 795 ergo
2376 727 2412 780 ii
2451 729 2504 782 in
2569 730 2715 786 hunc
2766 735 2989 789 modum
3041 753 3147 791 una
3194 742 3476 796 nobiscum

1907 817 2221 884 congregati
2250 827 2458 885 essent,
2509 823 2566 889 (o
2605 827 2881 892 quomodo
2905 826 3244 886 conﬂuebant
3269 839 3475 894 omnia,

1908 905 2074 976 inque
2105 924 2379 964 summum
2413 913 2552 967 aciei
2610 915 2912 985 cuspidem,
2943 931 2999 972 ut
3047 921 3126 973 sic
3157 922 3371 990 loquar,
3408 929 3475 977 ti-

1909 1013 2088 1055 mores
2108 999 2356 1057 ferebant
2389 1004 2428 1072 ι)
2464 1007 2609 1059 venit
2631 1022 2822 1062 recens
2841 1026 2902 1063 ex
2931 1009 3478 1082 Sclyhriaitnperatur

1909 1106 2100 1159 nepos.
2129 1091 2240 1148 Hoc
2273 1109 2442 1164 perro
2473 1098 2690 1153 abunde
2712 1101 2792 1154 sic
2829 1103 3094 1165 ceul'udit.
3131 1107 3256 1159 utin
3288 1108 3478 1175 despe-

1841 1204 1843 1206 ·
1909 1185 2175 1237 rationem
2217 1188 2444 1242 omnino
2503 1200 2744 1258 cogeret,
2791 1207 2854 1246 ac
2903 1209 3002 1248 ceu
3056 1198 3335 1264 deslierata
3372 1203 3480 1253 vita

1907 1277 1974 1328 ad
2013 1285 2465 1335 testamentorum
2515 1294 2734 1352 cogeret
2781 1288 3018 1344 tabulas.
3081 1289 3310 1348 Eramus
3356 1297 3477 1364 agni

1907 1365 1962 1420 in
1994 1369 2172 1422 medio
2196 1371 2466 1440 luporum.
2496 1379 2683 1442 quales
2720 1378 2934 1433 Donini
2981 1387 3268 1437 oraculum
3303 1385 3472 1439 dlsei-

1909 1458 2065 1526 pulos
2087 1460 2272 1526 habet,
2308 1463 2657 1536 hostiumque
2689 1471 2864 1535 capita
2903 1472 3078 1524 instar
3129 1477 3376 1541 aspiduz'n
3417 1493 3478 1530 ac

1909 1551 2258 1616 scorpionum
2306 1555 2604 1620 calcantes,
2639 1557 2773 1612 nihil
2819 1562 3003 1614 damni
3053 1562 3122 1614 ab
3149 1563 3228 1616 eis
3265 1564 3479 1616 fereba-

1911 1657 2054 1705 unus,
2085 1645 2201 1710 ejus
2246 1645 2586 1703 ambulantes
2639 1650 2760 1716 lide,
2820 1653 2975 1718 cujus
3031 1662 3116 1706 est
3180 1659 3474 1722 potestatis

1909 1734 2140 1789 salvare.
2172 1734 2350 1790 Meum
2393 1754 2556 1806 porro
2594 1740 2818 1796 fratrem
2853 1745 2993 1797 haud
3037 1745 3192 1799 hctus
3244 1747 3477 1816 SUSt'ipll

256 1809 596 1899 ὑπομένοντες
629 1819 1067 1902 βλάϐηνξπίστει
1113 1809 1476 1908 πορευδμενοι
1513 1809 1608 1895 ⁶τοῦ
1641 1843 1802 1896 δύνα-

1909 1824 2073 1876 ιιυηιυ
2106 1825 2281 1880 bellua
2315 1846 2328 1881 :
2356 1831 2444 1882 cui
2482 1831 2740 1886 niuurum
2781 1833 2889 1907 alte
2915 1846 3056 1889 esset
3094 1838 3279 1904 auﬁuo
3311 1855 3471 1908 repu-

254 1940 334 1990 μιν
361 1925 571 1994 ἔχοντος
605 1925 826 1989 σώζειν.
882 1927 1246 2000 Ὑποδέχεται
1289 1932 1355 2001 δή
1407 1950 1498 2000 μοι
1529 1936 1621 1988 τὸν
1653 1937 1807 1990 ἀδελ-

252 2012 337 2078 φὸν
371 2016 398 2067 6
429 2014 532 2083 θήρ
588 2015 800 2079 ἐκεῖνος
856 2017 968 2070 οὔτ’
1007 2019 1281 2088 ἀσμένως.
1319 2019 1432 2094 εἶχε
1477 2024 1586 2094 γὰρ
1649 2026 1808 2094 μετό-

249 2105 397 2158 πισθε
445 2106 598 2160 κότον
644 2107 787 2178 ὄφρα
843 2109 1040 2182 τελέσῃ
1083 2113 1142 2165 ἐν
1206 2114 1464 2184 στήθεσιν
1504 2110 1805 2180 οἷσιν,οῦτ⁹

249 2195 414 2266 ἀηδῶς
445 2197 500 2250 τό
531 2215 596 2264 γε
633 2198 814 2252 δοκεῖν
838 2215 854 2232 ο
893 2200 1164 2272 ᾐσχύνετο
1191 2203 1322 2274 γὰρ,
1356 2205 1405 2258 et
1455 2208 1549 2259 καὶ
1602 2209 1679 2278 μὴ
1707 2211 1807 2273 τὰς

249 2286 371 2352 πρὸς
398 2285 484 2339 τὸν
516 2287 753 2358 ἀδελφὺν
797 2291 1151 2361 ὑποσχέσεις,
1178 2295 1297 2348 ἀλλ’
1329 2298 1480 2367 ἡμᾶς
1509 2316 1593 2366 τε,
1619 2302 1715 2354 καὶ
1743 2302 1806 2355 τὸ

247 2375 376 2442 δόξαι
416 2379 552 2448 μηδὲ
609 2380 741 2449 γοῦν
772 2382 912 2452 πρὸς
941 2383 1090 2454 ῶραν
1132 2385 1352 2456 ίσχύσαι
1388 2388 1482 2443 τὸν
1530 2391 1608 2444 ίδν
1656 2391 1808 2448 ἔνδον

247 2475 542 2540 κατασχεῖν,
581 2473 700 2526 ἀλλ’
735 2476 937 2531 αὐτίκα
967 2479 1162 2532 τοῦτον
1189 2481 1416 2550 ἐμέσαι.

307 2561 456 2616 Οῦτω
484 2564 784 2634 τοιγαροῦν
831 2566 1202 2637 διακείμενος,
1235 2571 1509 2644 βούλευμα
1550 2576 1806 2648 δέχεται·

243 2649 332 2703 οὐκ
362 2650 468 2720 ἐρῶ
495 2669 560 2719 γε
599 2652 707 2706 ὑπὸ
739 2655 906 2708 τίνων
929 2672 942 2686 ⁸
985 2657 1126 2711 ἔστω
1169 2659 1226 2712 δὲ
1259 2661 1362 2714 ὑπὸ
1396 2663 1492 2717 τοῦ
1525 2665 1806 2735 δαίμονος,

244 2739 293 2791 ὃν
328 2743 415 2794 ἐπὶ
446 2743 545 2812 τῆς
597 2743 762 2797 αὑτοῦ
811 2745 994 2817 ψυχῆς
1041 2749 1279 2821 ἔφερενο
1328 2754 1659 2814 ἀποκτεῖναι
1707 2761 1808 2830 μὲν

243 2831 393 2900 ἡμᾶς,
426 2835 520 2888 καὶ
560 2835 666 2907 τὴν
700 2838 977 2908 ἡμετέραν
1009 2844 1193 2897 πᾶσαν
1221 2845 1402 2900 οἰκίαν
1425 2888 1440 2914 ,
1484 2851 1807 2907 ἀποκτεῖναι

242 2923 290 2974 δὲ
311 2926 430 2987 τοὺς
475 2927 590 2980 τῶν
628 2929 872 2982 εὐσεϐῶν
911 2932 1199 3002 ἄρχοντας.
1249 2937 1424 2991 Τοῦτο
1455 2941 1576 3010 ’γάρ
1618 2941 1807 3010 βουλό-

244 3032 387 3082 μενος
438 3019 754 3090 πόρρωθεν.
789 3023 909 3076 τότε
950 3025 1060 3077 δεῖν
1106 3025 1262 3098 ᾠήθη
1306 3029 1716 3098 διαπράξασθαι
1745 3036 1806 3088 τὸ

241 3106 394 3174 ἄγος·
436 3110 502 3162 ἵν’
531 3112 612 3174 ὼς
648 3113 876 3181 ἔφασκε,
921 3115 1013 3169 τὸν
1050 3118 1228 3187 χῶρον
1257 3121 1423 3174 αὑτοῦ
1465 3124 1808 3195 καθάραντος
1834 3142 1878 3202 c

241 3193 296 3243 ίκ
345 3195 450 3247 τῶν
505 3197 786 3264 ἀκανθῶν,
817 3203 967 3270 ἡμᾶς
1006 3203 1070 3275 δὴ
1119 3205 1315 3274 λέγων,
1347 3209 1440 3281 ἐξῇ
1489 3193 1622 3277 τοῖς-
1647 3215 1804 3270 τοῦδε

240 3285 382 3335 παισὶ
429 3285 504 3356 μὴ
550 3290 682 3351 τοὺς
721 3290 887 3354 πόδας
924 3294 1106 3348 αὐτῶν
1141 3299 1458 3367 αἱμάττειν,
1493 3305 1551 3357 ἐν
1577 3305 1654 3375 τῷ
1693 3308 1803 3361 τῶν

240 3369 576 3442 Χριστιανῶν
634 3383 1048 3450 κατορχείσοαι.
1115 3387 1357 3454 Ἐκεῖνος
1415 3393 1514 3462 μὲν
1574 3369 1805 3452 τοιαῦτα

239 3465 539 3523 ἐϐουλεύετο
559 3486 576 3502 ο
605 3471 682 3540 τῷ
715 3471 760 3524 δ’
791 3474 1028 3544 ἀληθινῷ
1063 3478 1295 3550 δεσπότῃ
1327 3485 1419 3534 καὶ
1448 3485 1510 3537 ού
1546 3487 1805 3558 μισθωτῷ

241 3560 444 3628 ποιμένι
478 3564 540 3614 οὐ
585 3565 757 3618 ταῦτα
791 3570 1050 3636 περὶτῶν
1083 3573 1374 3642 προϐάτων
1399 3579 1598 3636 ἐδόκει.
1627 3582 1804 3636 Ἐκεῖ-

241 3667 320 3712 νος
367 3654 464 3720 μὲν
504 3658 620 3746 γὰρ
657 3657 735 3728 τῷ
779 3663 1092 3732 στρατηγῷ,
1124 3667 1381 3737 εὐνοῦχος
1423 3671 1468 3722 δ’
1507 3665 1661 3736 οὗτος
1713 3671 1801 3746 ἦν,

243 3739 614 3809 προσέταττε-«Ι
647 3747 797 3818 ἡμᾶς
843 3753 1054 3806 ἀνελεῖν
1099 3755 1353 3828 νύκτωρ,
1403 3767 1496 3814 καὶ
1541 3739 1805 3835 μηδαμῶς

239 3832 397 3898 ἄλλως
425 3839 682 3906 πρᾶξαι·
727 3843 776 3894 εί
805 3842 863 3896 δὲ
911 3845 1012 3914 μὴ,
1039 3847 1342 3920 ἠπείλησεν
1373 3853 1524 3926 αύτῷ
1570 3832 1804 3912 θανάτου

239 3928 495 4018 τιμήσειν.
544 3933 692 3985 Ἀλλ’
730 3936 757 3987 6
799 3936 932 3999 Θεὸς
985 3940 1282 3996 ἐπέταττεν
1333 3944 1483 4016 αὐτῷ
1537 3949 1806 4018 μηδαμῶς

238 4017 383 4072 τοῦτο
435 4023 671 4093 πρᾶξαι.
723 4025 832 4078 Καὶ
882 4027 1130 4096 γέγονεν,
1185 4028 1361 4102 οἶμαι,
1416 4039 1805 4106 παραπλήσιον

238 4109 303 4178 τῷ
341 4128 469 4166 ποτε
523 4115 665 4185 ὑπὲρ
695 4118 792 4186 τῆς
843 4119 1061 4190 Σαῤῥας
1091 4124 1464 4196 γεγενημένῳ.
1501 4129 1566 4180 Ὀ
1599 4129 1663 4199 δὴ
1696 4147 1804 4198 μα-

239 4200 334 4256 θὼν
361 4209 387 4258 6
424 4212 652 4275 φονεὺς,
687 4211 808 4263 ἀντὶ
841 4212 936 4264 τοῦ
969 4214 1158 4276 κακῶς
1212 4218 1438 4286 ποιῆσαι
1485 4220 1574 4273 τὸν
1625 4225 1807 4292 παρή-

240 4307 372 4357 κοον,
407 4298 435 4348 6
463 4297 522 4351 δὲ
573 4299 724 4369 αὑτῷ
759 4302 851 4351 καὶ
883 4301 1112 4372 χάριτας
1142 4302 1415 4373 ὡμολόγει
1458 4307 1555 4376 τῆς
1591 4308 1807 4377 ἀγαθῆς

243 4386 569 4454 μελλήσεως,
605 4389 853 4457 φάσκων,
887 4389 961 4453 ὡς
995 4391 1157 4454 εὐθὺς
1197 4393 1390 4459 εἰπὼν,
1437 4397 1650 4466 σφοδρῷ
1695 4416 1804 4451 τινι

1907 1914 2074 1969 situm
2109 1930 2162 1970 ut
2190 1932 2426 1974 veterem
2445 1922 2702 1992 deinceps
2725 1925 2860 1978 iram
2891 1927 3246 1981 ulcisceretur
3271 1947 3294 1988 ,ε
3319 1939 3373 1982 at
3392 1948 3482 1983 ue-

1908 2022 2016 2076 que
2041 2010 2337 2073 morosius.
2368 2019 2429 2066 ut
2457 2014 2766 2071 videbatur.
2795 2017 3166 2073 Rererebatur
3201 2022 3370 2084 enim,
3393 2021 3478 2074 sin

1910 2097 2083 2154 factas
2133 2100 2288 2157 fratri
2343 2106 2764 2172 promissiones,
2813 2118 2868 2163 at
2891 2124 2976 2164 me
3027 2111 3243 2175 saltem,
3293 2128 3356 2166 ac
3412 2129 3480 2167 ne

1910 2190 2280 2248 videreturne
2308 2193 2375 2247 ad
2402 2194 2610 2261 ,horam
2639 2179 2804 2266 posse
2862 2198 3016 2253 intus
3058 2215 3326 2255 venenum
3349 2216 3481 2255 cou-

1910 2281 2062 2348 dere,
2098 2283 2192 2338 sed
2215 2284 2345 2340 illud
2382 2285 2569 2342 statim
2599 2290 2719 2359 cogi
2755 2304 3031 2346 evomere.

1983 2552 2120 2608 Cum
2170 2555 2250 2612 sic
2301 2557 2481 2626 itaque
2519 2559 2686 2613 animi
2739 2558 2983 2623 haberet.
3025 2561 3312 2614 consilium
3359 2562 3479 2616 iuit.

1913 2645 2094 2703 Nolim
2131 2649 2315 2704 dicere
2346 2666 2454 2719 quo
2493 2661 2736 2706 auctore.
2771 2651 2898 2705 Esto
2931 2661 2983 2705 ut
3004 2653 3124 2720 ejus
3145 2665 3342 2707 auctor
3361 2655 3480 2707 diu-

1911 2740 2070 2795 bolus
2120 2739 2303 2804 fuerit,
2338 2756 2499 2810 quem
2558 2741 2763 2796 ferebat
2805 2752 3020 2812 pectore
3057 2760 3070 2797 :
3109 2754 3165 2798 ut
3223 2745 3481 2798 nimiruzn

1912 2845 2012 2885 nos
2078 2839 2358 2900 totamque
2387 2841 2627 2886 nostram
2669 2834 2891 2902 stirpem
2941 2835 3166 2896 deleret,
3213 2836 3482 2903 simulque

1911 2930 2129 2988 Oxartes,
2183 2924 2276 2992 qui
2309 2922 2552 2975 ﬁdelium
2607 2926 2769 2978 rebus
2812 2935 3134 2994 praeessent,
3180 2925 3478 2979 occideret.

1911 3012 2028 3068 Jam
2059 3015 2205 3068 enim
2241 3015 2368 3067 olim
2403 3015 2473 3067 ita
2503 3013 2686 3068 animo
2721 3016 2944 3078 habens,
2982 3016 3302 3085 patrandum
3350 3025 3480 3069 tunc

1913 3106 2126 3180 [acinus
2175 3108 2408 3176 putavit;
2465 3117 2522 3162 ut
2567 3108 2855 3171 nimirum,
2901 3106 3165 3161 mundata
3185 3109 3252 3160 ab
3303 3109 3481 3180 spinis

1911 3179 2132 3265 regione
2153 3198 2275 3264 (nos
2303 3199 2492 3268 spinas
2516 3199 2868 3267 intelligens).
2899 3199 3019 3268 ejus
3049 3199 3480 3254 tiliisincruento

1910 3289 2049 3358 pede
2101 3288 2544 3343 Christianorum
2598 3288 2716 3342 solo
2767 3289 2969 3341 saltare
3017 3289 3220 3343 liceret.
3283 3291 3358 3342 Ae
3392 3291 3480 3344 ille

1907 3378 2125 3448 quidem
2182 3379 2470 3433 consilium
2544 3379 2645 3431 hoc
2725 3379 3028 3446 agitabat;

1909 3469 2196 3532 Dominus,
2241 3471 2482 3538 nilulmte
2542 3473 2915 3526 mercenarius
2970 3479 3174 3538 pastor,
3228 3488 3385 3533 secus
3416 3475 3483 3524 de

1909 3562 2068 3617 nobis
2100 3563 2448 3616 decernebat.
2483 3560 2657 3616 Jussit
2694 3577 2857 3630 porro
2884 3562 3008 3616 duci
3048 3564 3338 3628 exercitus,
3387 3567 3482 3632 qui

1908 3654 2198 3708 eunuchus
2227 3663 2370 3717 erat,
2409 3665 2466 3707 ut
2497 3669 2600 3706 nos
2624 3662 2785 3707 noctu
2832 3655 3182 3719 interﬁceret,
3217 3671 3317 3710 nec
3374 3657 3485 3710 ullo
3571 3681 3578 3692 ι

1909 3745 2073 3800 modo
2102 3760 2214 3799 rem
2253 3745 2531 3800 omitteret
2561 3765 2574 3798 :
2603 3747 2690 3800 sin
2724 3756 2928 3808 autem,
2981 3746 3347 3802 comminatus
3398 3762 3482 3802 est

1909 3839 2044 3900 fore,
2074 3847 2130 3892 ut
2163 3838 2281 3906 ejus
2306 3838 2467 3908 capiti
2517 3847 2712 3892 staret.
2773 3835 2974 3892 Verum
3011 3842 3268 3908 prter-epit
3317 3839 3477 3896 Deus.

1909 3945 1966 3988 ut
1997 3949 2066 3987 ne
2094 3931 2321 3994 faceret,
2348 3932 2654 4001 acciditque
2707 3946 2814 3986 non
2857 3932 3109 3986 absimile
3141 3934 3212 3996 ci,
3241 3936 3381 4001 quod
3427 3937 3481 3988 iu

1909 4024 2112 4078 Sarrha
2141 4025 2269 4078 olim
2298 4023 2696 4078 accidisset”.
2721 4024 2789 4078 Ut
2814 4034 2996 4077 autem
3021 4025 3289 4077 homicida
3311 4027 3482 4079 resci—

1908 4114 2226 4180 vil,ncdum
2263 4115 2572 4168 ministrum
2613 4113 2915 4167 nonall'ecit
2941 4129 3096 4181 praua
3125 4117 3216 4182 qui
3255 4132 3358 4168 non
3384 4118 3480 4170 οὺς

1909 4214 2130 4262 secutus
2160 4213 2324 4266 esset,
2362 4214 2419 4256 ιιι
2445 4204 2606 4257 etiam
2638 4204 2894 4257 habuerit
2932 4205 3156 4272 gratias,
3177 4206 3321 4275 quod
3343 4207 3481 4262 bene

1908 4298 2213 4352 distulisset
2242 4313 2256 4350 :
2283 4295 2553 4350 allit'tuaus
2582 4311 2707 4348 mox
2737 4295 2863 4350 data
2897 4299 3189 4359 sententia.
3244 4299 3386 4352 haud
3417 4318 3476 4354 se

1910 4392 2100 4446 leviter
2129 4391 2202 4444 rei
2229 4388 2580 4457 paenituisse;
2615 4404 2734 4457 qua:
2751 4388 2910 4458 plane
2945 4391 3179 4444 mutatio
3210 4390 3352 4458 haud
3374 4391 3480 4445 alio

241 4472 438 4537 βίλοιτο
478 4480 786 4553 μεταμέλῳ
811 4497 825 4511 ο
855 4482 913 4545 ὃς
947 4499 1010 4552 γε
1044 4484 1144 4555 οὐχ
1183 4485 1454 4554 ἑτέρωθεν
1485 4484 1551 4560 ἦν
1580 4490 1611 4560 ἢ
1649 4493 1802 4560 παρὰ

1909 4483 2088 4538 evenit
2108 4498 2269 4552 quam
2303 4479 2411 4534 Deo
2443 4492 2684 4536 auctore.

238 4566 358 4621 Θεοῦ
398 4572 666 4634 πάντως..

298 4656 398 4714 Ἷῖν
426 4665 592 4718 ταυτί
623 4679 638 4695 ⁸
669 4665 766 4717 καὶ
795 4666 822 4718 ὁ
855 4665 1048 4736 Αἰθίοψ
1076 4667 1174 4736 τὴν
1223 4667 1403 4740 ψυχὴν
1432 4671 1532 4724 οὐκ
1579 4673 1802 4728 ἐδύνατο

237 4751 322 4818 τὴν
356 4754 627 4822 μελανίαν
656 4755 1025 4824 ἀπονίψασθαι
1052 4763 1067 4777 ⁸
1107 4758 1242 4812 ἀλλά
1282 4759 1500 4829 πρῶτον
1535 4763 1802 4831 ἐξεμέσοις

243 4844 323 4913 τὴν
365 4845 562 4916 ὀργὴν,
595 4848 664 4900 δι’
697 4841 773 4901 ὧν
821 4850 901 4911 εις
957 4849 1084 4913 τοὺς
1142 4853 1449 4922 ἡμετέρους
1502 4852 1808 4926 ἐξύϐρισεν,

241 4935 460 5005 ἐκκόψας
496 4941 600 5010 μὲν
625 4939 940 5009 ὀφθαλμοὺς
972 4943 1035 4995 ἐκ
1067 4944 1162 4996 τοῦ
1200 4945 1486 5012 ναυτικοῦ,
1522 4949 1812 5019 ἀποκόψας

241 5025 287 5077 δὲ
316 5032 523 5098 χεῖρας,
579 5032 675 5084 καὶ
720 5032 890 5084 πολλά
939 5051 1052 5086 τισι
1093 5036 1202 5086 τῶν
1238 5038 1294 5088 ὲν
1336 5037 1482 5090 τέλει
1515 5039 1814 5110 ἐπαγαγὼν

240 5119 307 5181 εἰς
357 5123 644 5192 αἰσχύνην,
682 5127 778 5179 καὶ
831 5125 1006 5200 ταύτῃ
1056 5127 1147 5180 τὸν
1204 5129 1306 5182 οὐκ
1359 5129 1585 5199 εῦλογον
1638 5132 1812 5202 θυμὸν

238 5209 576 5278 ἀναπαύσας,
619 5208 816 5270 ἔπειτά
859 5234 928 5290 με
976 5219 1095 5271 λίαν
1143 5221 1379 5289 εὐήθως,
1407 5221 1467 5273 ὃν
1495 5223 1672 5292 ἠδίκει
1716 5226 1810 5280 καὶ

237 5302 535 5374 κατῄσχυνε
591 5308 806 5377 μυρίοις
853 5309 1214 5380 ἀδικήμασιν,
1247 5313 1512 5383 ἐπειρᾶτο
1555 5315 1808 5370 διαλλάτ-

238 5407 364 5457 τειν,
390 5396 593 5466 δώροις
641 5398 985 5470 δεξιούμενος
1039 5419 1099 5454 τε
1158 5403 1256 5455 κοιλ⁵
1311 5405 1548 5473 πέμπων
1599 5408 1805 5474 οἴκαδε,

237 5480 414 5557 ὥσπερ
465 5491 518 5542 oi
573 5492 638 5546 τὰ
686 5495 875 5547 παιδία
923 5495 1249 5564 τρωγαλίοις
1300 5497 1638 5568 ἡμεροῦντες
1671 5501 1809 5570 μετά

236 5578 325 5638 τὰς
371 5582 597 5650 πληγὰς
644 5584 928 5644 κλαίοντα.
973 5587 1033 5642 'U
1082 5588 1351 5659 λογισμὸς
1411 5591 1644 5660 φανερός
1671 5607 1688 5623 ο
1717 5592 1806 5647 ἵνα

302 5762 365 5791 ’³⁸
400 5764 519 5818 (ἶνιι
587 5783 667 5831 λλ,
705 5769 756 5822 Ξ.

1983 4660 2082 4716 llis
2109 4649 2184 4715 ita
2210 4664 2402 4728 gestis,
2458 4657 2592 4711 nihil
2633 4666 2815 4712 tamen
2855 4659 3040 4712 animo
3081 4659 3334 4730 Aithiops
3397 4663 3482 4716 ni-

1915 4754 2192 4824 gredinem
2228 4751 2411 4806 eluere
2451 4755 2629 4819 putuit
2656 4768 2668 4802 :
2698 4767 2883 4805 verum
2922 4752 3013 4806 ubi
3059 4755 3293 4821 primum
3347 4757 3480 4809 iram

1911 4847 2267 4911 evomuisset,
2299 4845 2662 4914 gravibusque
2691 4846 2906 4914 injuriis
2934 4846 3206 4914 pulsasset
3235 4860 3477 4911 nostros.

1915 4939 2193 4994 nonnullis
2217 4937 2629 4992 classiariorum
2668 4936 2943 4992 eﬂodisset
2971 4941 3184 5000 oculos,
3205 4954 3266 4992 ac
3285 4956 3480 4994 manus

1911 5039 2272 5100 amputasset,
2297 5030 2554 5098 virisque
2587 5030 2945 5097 optimatibus
2976 5032 3147 5083 multa
3179 5032 3482 5100 irrogasset

1913 5122 2134 5193 probra,
2156 5123 2304 5180 velut
2325 5137 2387 5177 ea
2419 5121 2658 5176 vindicta
2685 5123 2926 5182 alienum
2955 5125 3214 5176 aratione
3235 5124 3478 5176 furorem

1917 5217 2188 5282 sedasset,
2218 5216 2389 5270 stulte
2439 5215 2734 5269 admodum
2776 5222 2960 5282 postea
2984 5251 2998 5274 ,
3025 5228 3186 5280 quem
3248 5224 3328 5268 tot
3362 5231 3481 5268 mo-

1916 5309 2004 5364 dis
2035 5310 2267 5363 laasisset
2292 5323 2356 5362 ac
2393 5306 2754 5367 contudisset,
2804 5303 3098 5358 conciliare
3149 5306 3478 5368 enitebatur,

1917 5401 2242 5455 muneribus
2273 5398 2560 5453 delinitnin
2608 5411 2673 5449 ac
2704 5395 2987 5462 donatum,
3007 5396 3228 5450 domum
3289 5398 3478 5450 remit—

1917 5507 2037 5550 tens
2074 5513 2087 5549 :
2121 5502 2380 5562 tauquam
2412 5491 2602 5544 ﬂexiles
2631 5489 2756 5558 quis
2793 5502 2992 5558 pueros
3021 5503 3050 5542 a
3086 5488 3275 5559 virgis,
3311 5488 3480 5544 bella-

1916 5589 2012 5644 riis
2042 5588 2238 5658 placet.
2261 5583 2392 5654 Ejus
2414 5597 2584 5654 porro
2616 5581 2836 5635 animus
2863 5580 3011 5636 haud
3043 5582 3315 5638 obscurus
3336 5595 3476 5641 erat.

3079 3396 3243 3433 VCI'IIS
3302 3390 3478 3434 autem
3539 3427 3547 3442 ,
