3976 6206
476 274 582 344 2η

1609 254 1830 318 MANU
1845 253 1961 314 ΕΗ
1975 252 2014 310 S
2055 245 2469 310 PALAEOLOG
2484 244 2506 303 Ι

3640 229 3753 293 232

476 395 695 450 xerant,
728 399 851 440 cum
881 392 1077 452 praeter
1103 378 1349 434 omnium
1388 388 1567 447 spem,
1601 376 1830 440 excepta
1856 376 2039 421 tamen
2074 384 2083 419 Α

2190 357 2507 428 εταγμένον,
2563 354 2664 409 οὒκ
2709 351 2957 423 ἔφ’]απαν
3016 349 3241 417 ἰδόντες,
3277 341 3457 417 οἶμαι,
3496 342 3598 415 τὴν
3650 344 3755 396 Κό-

478 481 668 536 matris
698 493 761 532 ac
796 490 937 539 mea,
996 474 1175 526 virum
1236 478 1523 524 strenuum
1591 464 1802 519 vident.
1864 457 2051 527 Neque

476 572 620 627 enim
651 581 975 638 generosum
1012 564 1113 618 viri
1154 564 1400 617 animum
1431 557 1834 617 nesciebamus,
1878 552 2052 605 hono-

480 666 660 731 risque
687 669 961 716 amantem
1018 673 1083 711 ac
1114 654 1378 724 periculi:
1412 652 1506 708 sed
1533 665 1711 718 neque
1741 664 1829 701 res
1861 657 2055 715 praeter

479 750 876 806 conscientiam
915 754 1192 801 evenerat.
1228 742 1462 797 Eramus
1489 756 1616 808 ergo
1642 737 1789 793 velut
1823 748 2056 802 suspen-

478 860 537 900 sa
575 850 792 905 aura,nt
821 840 903 893 vel
941 836 1341 906 deprecabilem
1401 848 1465 888 ac
1521 832 1732 885 tristem
1801 825 2055 881 nuntimn

480 935 821 995 audiremus,
859 929 940 983 vel
991 927 1135 997 quod
1185 940 1372 991 nemo,
1417 931 1541 983 ante
1599 919 1678 975 rei
1711 925 1963 973 eventum
1995 926 2061 967 ac

480 1028 652 1095 ipsam
678 1040 792 1078 rem
821 1024 1017 1085 visam,
1058 1006 1363 1073 crediturus
1400 1015 1715 1069 videbatur.

1142 1104 1161 1125 κ

552 1202 751 1254 Multos
796 1197 1049 1268 equidem
1082 1206 1297 1264 tempus
1331 1190 1602 1253 exhibuit,
1648 1188 1773 1258 fuga
1822 1185 2005 1257 lapsos
2034 1200 2063 1237 a

2159 452 2364 522 ρινθον,
2424 450 2521 502 καὶ
2572 446 2739 515 ὁρῶσι
2806 443 2898 497 τὸν
2964 444 3213 510 γενναῖον
3273 437 3429 509 παρά
3488 436 3589 498 τὰς
3645 437 3754 488 τῶν

2158 546 2386 599 πάντων
2420 540 2669 601 ἐλπίδαςο
2709 538 2769 591 οὔ
2826 537 2933 607 μὴν
2968 535 3116 606 παρὰ
3145 533 3243 595 τάς
3277 532 3378 600 τῆς
3417 527 3625 599 μητρὸς
3662 532 3755 584 καὶ

2160 639 2258 701 τάς
2308 637 2606 708 ἡμετέρας.
2642 631 2779 685 Οΰτε
2832 633 2942 700 γάρ
2984 628 3080 697 τὴν
3134 626 3227 680 τοῦ
3278 626 3471 695 ἀνδρὸς
3509 608 3752 689 γενναιό-

2161 747 2324 798 τητα,
2356 728 2451 781 κα)⁵
2477 727 2537 779 τὸ
2568 723 2855 795 φιλότιμόν
2884 741 2940 775 τε
2978 722 3071 775 καὶ
3111 719 3485 790 φιλοκίνδυνον
3518 712 3757 785 ἠγνοοῦ-

2167 838 2308 893 μεν’
2359 821 2455 874 καὶ
2514 818 2573 870 τὺ
2628 818 2864 887 πρᾶγμα
2917 815 3016 867 οὐκ
3068 813 3173 879 ἔξω
3211 810 3309 880 τῆς
3358 808 3501 878 ἐμῆς
3538 806 3756 873 ἐγένετο

2166 912 2418 983 γνώμης.
2457 910 2674 978 ’Ὥσπερ
2713 907 2809 961 οὖν
2859 906 3135 978 μετέωρον
3164 903 3264 973 τὴν
3314 899 3482 971 ἀκοὴν
3512 899 3756 968 εἴχομεν,

2166 1003 2568 1079 ἢὰπευκταίαν
2620 1000 2883 1070 ἀγγελίαν
2933 997 3292 1055 ἀκούσεσθαι.
3341 995 3375 1066 ἦ
3432 992 3495 1046 τὸ
3559 990 3758 1062 μηδενὶ

2170 1099 2564 1168 πιστευόμενον
2589 1096 2721 1164 πρὶν
2759 1092 3013 1163 γενέσθαι
3050 1093 3143 1146 καὶ
3169 1089 3451 1160 θεαθῆναι.

2242 1189 2479 1255 Πολλοὺς
2517 1190 2614 1255 μὲν
2646 1182 2739 1241 οὖν
2767 1188 2795 1238 δ
2837 1187 3033 1256 χρόνος
3070 1185 3187 1248 ’τάς
3218 1184 3410 1255 χεῖρας
3446 1179 3557 1233 τῶν
3594 1196 3762 1233 κατε-

482 1294 782 1348 tenentium
821 1290 1093 1350 manibus,
1142 1285 1564 1354 compedesque,
1612 1296 1676 1337 ac
1726 1289 1971 1342 catenas,
2014 1286 2071 1331 et

2190 1287 2375 1357 (όντων
2390 1283 2840 1353 διολισθήσαντας
2858 1277 3051 1343 ἔδειξε,
3075 1276 3171 1330 καὶ
3188 1276 3377 1340 πέδας,
3396 1273 3494 1327 καὶ
3513 1258 3758 1339 ἀλύσεις,

483 1400 755 1449 carceres,
791 1381 922 1435 nihil
954 1394 1145 1433 eorum
1176 1375 1460 1430 industria:
1491 1388 1553 1427 ac
1590 1370 1811 1440 ingenio
1842 1384 2068 1437 compa-

486 1487 624 1539 rata,
676 1473 930 1529 ostendit.
971 1470 1075 1523 Sed
1121 1477 1175 1523 et
1219 1468 1441 1539 quidam
1499 1465 1645 1519 hunc
1693 1463 1910 1518 modum
1944 1460 2070 1529 fuga

486 1569 642 1639 lapsi,
674 1569 825 1637 ipsos
850 1580 1067 1635 quoque
1092 1561 1484 1616 miraculm-um
1509 1567 1784 1621 auctores,
1815 1568 1912 1625 pro
1935 1569 2073 1625 prae-

486 1664 608 1717 sitlii
659 1661 893 1722 ratione,
928 1671 1037 1727 quo
1080 1657 1429 1719 tenebantur,
1466 1653 1566 1709 visi
1611 1660 1743 1708 sunt
1786 1661 2070 1720 superare.

2177 1380 2267 1431 καὶ
2286 1375 2670 1446 δεσμωτήρια,
2692 1371 2846 1424 οὐδὲν
2869 1369 2999 1422 ὄντα
3027 1368 3166 1437 πρὸς
3186 1364 3287 1435 τήν
3315 1364 3545 1417 ἐκείνων
3582 1362 3762 1429 εὐμη-

2175 1470 2406 1539 χανίαν·
2462 1466 2608 1529 τινὲς
2664 1464 2722 1517 δὲ
2771 1461 3118 1529 διαδράντες,
3171 1455 3425 1517 καὶτοὺς
3477 1454 3758 1522 θαύματος

2179 1561 2369 1622 ποιοὺς
2401 1558 2767 1629 παρενεγκεῖν
2797 1554 2991 1621 ἔδοξαν
3017 1570 3031 1585 ο
3066 1552 3240 1615 οὓτως
3277 1548 3515 1621 ἰσχυρῶς
3549 1551 3756 1619 ἐφρου-

2186 1649 2545 1723 ροῦντο.Ἀλλ⁹
2576 1649 2734 1711 εἴτις
2760 1649 2861 1719 τὴν
2891 1645 3179 1717 παροῦσαν
3216 1644 3472 1715 μηχανὴν
3500 1641 3762 1711 παραϐά-

486 1753 558 1810 Ut
587 1753 712 1822 quis
746 1760 926 1804 tamen
960 1745 1236 1802 Theodori
1271 1751 1555 1808 conatum,
1586 1757 1710 1797 cum
1737 1749 1898 1796 (etate
1932 1740 2079 1810 prio-

2190 1722 2260 1799 λοι
2288 1746 2409 1822 ταῖς
2438 1742 2547 1798 τῶν
2570 1741 2878 1813 προτέρων,
2910 1739 3167 1810 οὐδαμῶς
3202 1738 3569 1808 ἀγενεστέραν
3596 1736 3766 1805 eam-

486 1848 642 1905 ribus
670 1842 799 1897 velit
833 1839 1108 1903 conferre,
1156 1837 1291 1891 nihil
1320 1837 1501 1890 minus
1532 1834 1611 1888 eis
1640 1847 1965 1903 generosum
1992 1846 2081 1884 ex-

491 1936 733 1992 hibuisse
767 1934 1057 1995 invenerit,
1101 1939 1162 1984 ut
1202 1927 1492 1998 diligenter
1525 1924 1792 1989 attendat,
1831 1939 1956 1978 cum
1996 1932 2080 1976 tc-

496 2040 715 2085 uentem
740 2043 843 2097 qua
872 2025 1100 2097 polleret
1123 2021 1353 2087 malitia,
1386 2030 1499 2075 tum
1530 2018 1753 2073 modum
1792 2031 1901 2087 quo
1932 2025 2081 2071 tene-

494 2134 597 2189 ret;
632 2132 800 2193 utque
836 2128 1039 2183 tentus,
1074 2114 1313 2172 tenentis
1366 2123 1600 2168 conatus
1652 2125 1844 2165 omnes
1891 2109 2082 2164 inanes

493 2214 815 2271 ostenderit.
848 2212 940 2265 Sic
971 2224 1138 2280 porro
1171 2208 1455 2262 tenebant.
1489 2204 1621 2259 Erat
1652 2203 1725 2256 illi
1748 2200 1973 2271 jubente
2007 2209 2083 2269 ty-

496 2323 667 2362 ranno
702 2310 865 2360 lixum
900 2302 1306 2357 tabernaculum
1338 2299 1407 2353 ad
1450 2300 1619 2368 ripam
1670 2296 1953 2365 cujusdam
1980 2294 2083 2347 ilu-

499 2401 661 2455 minis
695 2418 707 2452 :
738 2411 935 2451 nomen
968 2394 1214 2449 ﬂuminis
1241 2391 1560 2461 Sperchius,
1589 2387 1860 2457 profundo
1884 2387 2085 2455 ubique

497 2494 712 2562 gurgite
743 2488 1004 2542 deﬂuens.
1043 2488 1173 2555 Ejus
1212 2484 1329 2553 ripa
1362 2494 1471 2538 tota
1515 2482 1621 2537 late
1648 2482 1869 2550 regione
1898 2494 2081 2533 assur~

497 2600 654 2655 gens,
691 2584 836 2653 quod
872 2590 982 2634 tota
1032 2578 1237 2632 ﬂuento
1273 2576 1595 2638 ambiretur,
1631 2572 1718 2627 vix
1754 2587 1859 2625 non
1893 2571 2085 2626 insula:

499 2678 731 2732 formam
755 2673 1052 2729 exhibebat
1084 2690 1097 2723 :
1127 2678 1397 2726 nocturna
1428 2683 1555 2722 vero
1589 2665 1860 2729 custodia,
1891 2677 2083 2717 nurne-

500 2786 625 2825 rosa
647 2769 874 2823 cohorte
898 2775 1182 2828 constans,
1239 2762 1481 2830 undique
1506 2758 1859 2815 tabernaculo
1883 2764 2089 2810 turma-

459 2877 466 2884 '
501 2863 595 2915 tim
620 2860 814 2922 aﬂusa,
855 2866 1079 2924 totaque
1127 2854 1409 2925 angustias
1447 2853 1566 2905 illas
1591 2850 1871 2918 diligentia
1898 2846 2087 2917 praesi-

498 2955 590 3009 dio
618 2962 854 3013 tenente,
894 2952 1115 3018 ignique
1155 2963 1219 3003 ac
1259 2945 1554 3002 cantilenis
1600 2943 1816 3014 vigilias
1848 2942 2082 3001 solante.

2184 1827 2304 1899 est,
2340 1838 2631 1909 θεωρήσας
2683 1834 2930 1906 ἀκριϐῶς
2955 1835 3044 1890 τόν
3069 1851 3127 1887 τε
3180 1834 3481 1904 κατέχοντα
3512 1832 3661 1895 ὅστις
3694 1827 3765 1902 ἦν

2185 1930 2277 1982 ἐπὶ
2309 1928 2568 1999 πονηρίᾳ,
2614 1928 2707 1981 τόν
2741 1944 2801 1980 τε
2843 1926 3046 1997 τρόπον
3096 1919 3140 1995 ᾧ
3192 1927 3435 1994 κατεῖχε,
3490 1926 3583 1976 καὶ
3615 1924 3764 1985 ὅπως

2184 2021 2375 2077 τοῦτον
2407 2020 2575 2074 ἕωλον
2624 2021 2653 2073 ό
2683 2021 3052 2090 κατεχόμενος
3078 2020 3303 2084 ἔδειξεν.
3327 2018 3518 2086 Εἴχετο
3550 2017 3606 2070 δὲ
3641 2016 3760 2070 ὡδί.

2186 2116 2365 2184 Σκηνή
2385 2132 2468 2177 τις
2495 2109 2564 2183 ἦν
2594 2113 2742 2184 αὐτῷ
2768 2114 3054 2183 πεπηγυῖα
3080 2112 3209 2181 περί
3235 2127 3358 2166 τινα
3387 2108 3481 2163 τοῦ
3511 2108 3761 2177 ποταμοῦ

2186 2208 2352 2279 ὄχθην
2388 2208 2512 2261 κατ’
2549 2206 2818 2277 ἐπιταγὴν
2867 2206 2963 2259 τοῦ
3000 2207 3291 2275 τυράννου.
3325 2205 3386 2259 '0
3417 2203 3475 2256 δὲ
3519 2204 3765 2272 ποταμὸς

2186 2301 2277 2354 τὸν
2308 2299 2603 2371 Σπερχειὸς
2644 2299 2744 2372 (ί),
2778 2298 2950 2371 βαθύν
2983 2316 3104 2352 τινα
3138 2298 3232 2351 τὸν
3267 2296 3398 2366 ῥοῦν
3441 2292 3607 2349 αὑτοῦ
3646 2294 3767 2347 δια·

2189 2395 2392 2455 παντὸς
2444 2393 2772 2462 ποιούμενος
2799 2408 2814 2423 ο
2865 2394 2899 2463 ή
2945 2392 3079 2464 δχθη
3112 2392 3168 2445 δὲ
3207 2391 3345 2460 πρὸς
3379 2390 3513 2460 ὕψος
3547 2390 3765 2460 ἠρμένη

2186 2487 2275 2539 διὰ
2317 2486 2518 2548 παντὸς
2550 2485 2641 2539 τοῦ
2674 2486 2878 2555 χωρίου
2906 2502 2919 2517 ο
2952 2485 3003 2550 δ,
3051 2484 3128 2553 τῷ
3160 2483 3542 2538 κεκλυκῶσθαι
3576 2484 3765 2554 ῥοθίῳ,

2187 2577 2373 2646 ὀλίγου
2401 2578 2629 2632 ἀποδέον
2659 2574 2728 2650 ἦν
2762 2576 2857 2630 τοῦ
2885 2578 3031 2648 νήσῳ
3068 2577 3327 2630 ἐοικέναι.
3372 2577 3439 2629 Ἡ
3467 2576 3522 2630 δὲ
3546 2575 3768 2644 νύκτωρ

2191 2673 2444 2742 φυλακὴ,
2481 2668 2550 2744 ἦν
2601 2672 2658 2725 δὲ
2713 2672 2931 2741 φάλαγξ
2980 2670 3427 2740 πολυάνθρωπος,
3488 2670 3769 2738 στοιχηδζν

2193 2765 2665 2834 περικυκλοῦντες
2694 2763 2793 2833 τὴν
2834 2764 3063 2832 σκηνὴν,
3098 2760 3193 2815 καὶ
3230 2761 3320 2814 τὸν
3349 2760 3528 2831 ὀλίγον
3578 2759 3769 2828 ἰσθμὸν

2191 2858 2402 2908 ἐκεῖνον
2443 2851 2863 2925 διακατέχοντες
2897 2855 3165 2925 ἀκριϐῶς,
3210 2855 3343 2926 πυρί
3383 2873 3441 2908 τε
3492 2853 3768 2924 χρώμενοι

2192 2950 2287 3003 καὶ
2326 2948 2525 3019 ᾠδαῖς,
2584 2949 2706 3001 οὐδὲ
2763 2948 2895 3015 γοῦν
2935 2949 3073 3017 πρὸς
3121 2948 3273 3017 ὥραν
3325 2948 3637 3001 ἐκάθευδον,
3693 2949 3768 2997 03

501 3062 569 3099 ne
585 3043 650 3098 ad
677 3044 862 3096 horam
887 3040 1105 3109 quidem
1133 3052 1327 3094 somno
1352 3034 1684 3106 indulgebat.
1712 3031 1917 3087 Nedum
1942 3030 2083 3085 enim

2192 3043 2300 3111 γάρ
2330 3041 2575 3110 φυλακὰς
2601 3040 2936 3112 ήγρύπνουν,
2978 3040 3113 3094 ἀλλά
3134 3040 3235 3111 τὴν
3261 3039 3417 3094 νύχθ’
3447 3041 3599 3111 ὅλην,
3626 3038 3771 3093 οὕτω

501 3135 801 3204 vigilabant
836 3131 1070 3200 vigilias,
1112 3145 1300 3183 verum
1353 3136 1407 3183 et
1457 3135 1643 3180 noctes
1676 3133 1838 3187 totas,
1874 3122 1948 3176 ita
1991 3122 2084 3190 ju-

505 3229 665 3280 bcnte
710 3235 955 3293 szitrapa,
994 3221 1272 3277 ducebant
1316 3221 1609 3273 insomnes.
1647 3216 1723 3269 Ac
1764 3232 1829 3269 ne
1870 3216 1920 3267 ili
1968 3215 2087 3267 lon-

503 3334 630 3388 gum
662 3332 969 3372 sermonem
1005 3313 1343 3384 protraham,
1380 3318 1537 3365 erant
1567 3318 1619 3363 ct
1660 3308 1869 3376 reliqua
1903 3308 2087 3361 omnia

507 3425 769 3480 perquam
810 3409 895 3462 his
924 3407 1149 3467 similia,
1187 3405 1229 3459 si
1259 3419 1365 3474 qua
1399 3402 1598 3456 nedum
1633 3401 1867 3454 aliorum
1903 3413 2088 3452 acces-

507 3504 685 3565 sione,
711 3502 803 3554 sed
837 3509 890 3554 et
921 3500 1035 3569 ipsa
1065 3514 1158 3567 per
1186 3512 1244 3550 se
1270 3494 1507 3564 singula,
1533 3493 1665 3548 satis
1687 3492 1753 3546 ad
1782 3491 2088 3546 custodiam

508 3594 834 3669 videbantur
868 3610 882 3645 :
921 3604 1041 3659 qua:
1072 3588 1258 3641 omnia
1292 3587 1391 3638 viri
1428 3569 1590 3638 unius
1627 3584 1828 3637 virtute
1870 3582 2089 3636 fuerunt

506 3682 811 3737 exsumata.
840 3679 1163 3747 Quanquam
1196 3693 1370 3745 neque
1392 3675 1642 3729 hostibus
1668 3673 1964 3743 probabilis
2012 3672 2092 3726 ul-

510 3777 593 3829 lus
623 3775 821 3827 inesset
857 3772 1043 3834 timor,
1085 3779 1143 3823 ut
1177 3769 1265 3822 ille
1296 3784 1536 3836 unquam
1575 3776 1656 3821 tot
1691 3766 2092 3834 impedimentis

511 3869 821 3939 prohibitus
843 3875 1027 3934 posset
1048 3862 1327 3932 aufugcre,
1359 3878 1458 3915 nec
1484 3860 1690 3915 uestris
1721 3859 1944 3912 omnino
1977 3869 2094 3911 ten-

513 3962 672 4014 tanda
710 3959 831 4029 fuga
867 3965 1175 4027 putaretur.
1214 3953 1349 4009 lilud
1397 3968 1614 4022 quoque
1643 3951 1766 4021 jure
1798 3949 2091 4004 admodum

511 4054 928 4107 admirationem
973 4051 1208 4113 haheat;
1247 4045 1378 4099 nulli
1411 4044 1556 4099 enim
1606 4044 1674 4097 ab
1707 4058 1773 4096 eo
1817 4052 2094 4111 gestorum

511 4138 705 4202 cedere
740 4145 1011 4206 videatur,
1047 4150 1252 4195 utcum
1302 4132 1445 4205 saepe
1477 4136 1648 4201 solus,
1677 4134 1941 4189 veletiam
1966 4148 2097 4203 pau-

513 4239 593 4293 cis
630 4236 798 4291 soeiis
835 4236 1021 4303 iugere
1058 4232 1326 4292 licuisset,
1363 4227 1509 4281 haud
1559 4238 1738 4278 tamen
1774 4224 2097 4277 sustinuerit

515 4328 879 4392 malueritquc
908 4362 922 4387 ,
953 4332 1046 4376 aut
1074 4322 1251 4376 redire
1277 4320 1499 4373 domum
1528 4332 1652 4369 cum
1682 4316 1883 4384 quibus
1906 4316 2093 4380 exivit,

515 4432 750 4475 autcum
777 4418 857 4471 eis
882 4414 1045 4468 mori.

585 4511 797 4564 Not-unt
842 4522 979 4561 sane
1022 4504 1265 4559 universi
1313 4512 1373 4558 ut
1421 4500 1714 4572 aufugerit,
1765 4516 1870 4571 qua
1929 4516 2090 4557 nemo

515 4606 658 4659 alius
693 4602 926 4662 ratione,
958 4598 1108 4652 nullo
1141 4596 1345 4650 amisso
1375 4597 1459 4649 vel
1490 4611 1682 4649 eorum
1711 4594 1801 4664 qui
1831 4595 1899 4649 ab
1923 4596 2092 4664 impe-

513 4694 773 4751 dimentis
825 4702 1213 4761 sequerentur,
1260 4704 1325 4743 ac
1358 4702 1457 4741 nec
1494 4689 1606 4741 ullo
1635 4689 1973 4751 desiderato,
2005 4688 2093 4741 cui

514 4802 753 4856 genuum
794 4784 979 4838 robur
1017 4783 1201 4836 minus
1250 4791 1559 4851 suppeteret
1613 4782 1679 4835 ad
1727 4781 2097 4835 necessarium

2189 3131 2381 3185 δοκοῦν
2420 3133 2499 3199 τῷ
2534 3131 2813 3201 σατράπῃ.
2845 3132 2956 3184 Καὶ
3005 3131 3091 3183 ἵνα
3127 3130 3203 3201 μὴ
3242 3130 3453 3202 μακρὸν
3500 3131 3774 3184 ἀποτείνω

2189 3224 2368 3292 λόγον,
2412 3223 2507 3276 καὶ
2560 3222 2729 3276 τᾶλλα
2763 3222 2981 3276 ἅπαντα
3011 3221 3227 3286 τούτοις
3268 3219 3334 3292 ἦν
3383 3222 3630 3290 ἀκριϐῶς
3680 3223 3774 3289 ἑφ-

2191 3316 2416 3385 ἀμιλλα,
2451 3316 2552 3370 ὅσα
2593 3315 2879 3385 ἐνομίζετο
2930 3316 3070 3385 πρὸς
3117 3315 3365 3386 φυλακὴν
3415 3315 3770 3386 ἐξαρκέσειν·

2191 3411 2290 3481 οὐχ
2344 3411 2494 3473 ὅπως
2538 3408 2653 3478 ἅμα
2693 3410 3133 3478 συντεταγμένα,
3168 3407 3308 3461 ἀλλά
3340 3411 3434 3462 καὶ
3467 3394 3777 3478 διῃρημένᾷ

2194 3502 2559 3554 καθέκαστον.
2597 3501 2663 3552 Ἀ
2704 3500 2767 3568 δὴ
2803 3500 2986 3553 πάντα
3029 3501 3238 3570 μάταια
3272 3501 3391 3564 ἑνὸς
3424 3501 3619 3570 ἀνδρὸς
3667 3502 3777 3553 ἀπ-

2194 3590 2393 3658 έφηνεν
2424 3590 2617 3658 ἀρετή.
2651 3588 2843 3641 Καίτοι
2872 3586 2994 3641 οὔτε
3030 3592 3145 3651 τοῖς
3176 3589 3393 3658 ἐχθροῖς
3421 3588 3480 3641 τὸ
3519 3589 3664 3651 εἰκὸς
3687 3588 3776 3643 λο-

2194 3683 2509 3752 γιζομένοις
2535 3681 2801 3750 φοϐητέον
2828 3677 2972 3734 εῖναι
3005 3682 3185 3734 ἐδόκει
3226 3682 3287 3734 τὸ
3323 3681 3617 3752 δυνηθῆναι
3650 3700 3779 3735 τουο

2193 3778 2304 3831 τονί
2342 3794 2471 3829 ποτε
2502 3775 2807 3845 διαδρᾶναι,
2837 3776 3111 3828 τοσούτων
3148 3776 3319 3829 ὄντων
3370 3776 3480 3827 τῶν
3518 3776 3781 3846 κωλυμάο

2194 3888 2321 3933 των,
2356 3866 2479 3920 οὔτε
2504 3870 2615 3930 τοῖς
2643 3870 2936 3937 ἡμετέροις
2967 3870 3323 3937 έγχειρητέος
3353 3870 3380 3920 ό
3411 3868 3653 3938 δρασμὸς
3686 3886 3779 3921 το-

2195 3958 2462 4029 παράπαν
2510 3958 2809 4027 ἐνομίζετο,
2858 3958 3175 4027 Θαυμάσειε
3215 3959 3260 4010 δ’
3308 3960 3373 4013 ἄν
3422 3977 3506 4021 τις
3551 3962 3781 4013 κάκεῖνο

2199 4052 2345 4121 μάλα
2383 4052 2607 4112 δικαίως
2629 4066 2642 4080 ο
2693 4050 2904 4111 οὐδενὸς
2933 4052 3043 4120 γάρ
3093 4052 3314 4104 ἔλαττον
3340 4052 3455 4120 ἔχει
3487 4052 3593 4102 τῶν
3627 4053 3781 4122 αύτῴ

2196 4143 2696 4213 διαπεπραγμένων
2723 4156 2736 4169 ’
2793 4142 3057 4206 πολλάκις
3106 4144 3214 4211 γὰρ
3249 4143 3548 4212 δυνάμενος
3590 4145 3780 4212 μόιος,

2197 4237 2230 4308 ἢ
2274 4239 2369 4290 καὶ
2421 4238 2537 4307 μετ’
2582 4236 2779 4303 ὀλίγων
2807 4236 3115 4304 διαφυγεῖν,
3172 4239 3271 4289 οὐκ
3311 4240 3573 4308 ἠνέσχετο
3601 4254 3614 4267 ·
3659 4237 3782 4291 ἀλλ’

2202 4331 2398 4391 εἵλετο,
2430 4329 2462 4399 ἦ
2499 4329 2619 4398 μεθ’
2655 4322 2730 4382 ὦν
2769 4327 2994 4399 ἐξῆλθεν
3021 4331 3325 4394 ἐπανιέναι,
3358 4331 3389 4401 ἢ
3419 4332 3515 4383 σὺν
3546 4331 3784 4394 ἐκείνοις

2132 4408 2175 4464 D
2206 4420 2515 4474 ἀποθανεῖν.

2271 4511 2397 4564 Ὀτι
2454 4514 2550 4579 μὲν
2583 4506 2676 4564 οὖν
2708 4490 3003 4581 εἰργάσατο
3051 4513 3143 4564 τὶν
3181 4512 3423 4582 δρασμὸν
3455 4512 3528 4573 ὼς
3576 4512 3679 4565 οὐκ
3715 4513 3787 4565 ἂν

2201 4604 2412 4671 ἕτερος,
2454 4604 2660 4672 μηδένα
2704 4605 2841 4673 μήτε
2871 4606 2977 4656 τῶν
3008 4606 3098 4657 ἐπὶ
3131 4606 3193 4657 τὸ
3247 4609 3603 4675 σκευοφορεῖν
3650 4606 3789 4656 ἑπο-

2208 4693 2385 4763 μένων
2424 4691 2735 4757 ἀποϐαλὼν,
2781 4695 2920 4763 μήτε
2958 4695 3194 4765 γέροντά
3228 4714 3372 4756 τινα,
3406 4688 3449 4762 ᾧ
3490 4696 3558 4746 τά
3598 4694 3790 4761 γόνατ’

2204 4783 2269 4837 ἂν
2302 4785 2587 4851 ἡπιστεῖτο
2620 4784 2759 4852 προς
2798 4784 2897 4854 τὴν
2930 4785 3236 4851 ἀναγκαίαν
3276 4785 3511 4854 βάδισιν,
3544 4785 3639 4836 καὶ
3666 4785 3790 4837 δια-

514 4881 795 4934 incessum
835 4896 848 4931 :
889 4888 1061 4945 utque
1119 4874 1244 4945 fuga
1298 4876 1484 4944 lapsus
1529 4889 1630 4928 ceu
1670 4873 1908 4928 volucris
1953 4888 2083 4940 qua:-

2199 4876 2354 4943 δράς,
2378 4874 2570 4944 ῶσπερ
2596 4876 2903 4945 ὑπόπτερος
2925 4874 3129 4944 ἔφθασε
3148 4877 3275 4938 τοὺς
3306 4875 3784 4944 προαπελθόντας,

513 4974 661 5036 dam,
685 4970 801 5039 jam
840 4978 965 5022 ante
993 4968 1272 5037 profectos
1297 4968 1369 5021 sit
1401 4976 1708 5027 assecutus,
1738 4976 1900 5035 atque
1932 4981 1997 5017 ea
2045 4980 2083 5017 τι

2204 4966 2486 5019 καὶτοῦτο
2536 4968 2775 5035 πράξας,
2823 4969 3072 5037 ἀπέφηνε
3121 4971 3243 5032 τοὺς
3273 4970 3573 5031 διώκοντας
3618 4970 3819 5021 αὐτὸ-ι’

514 5065 665 5118 inani
698 5078 864 5117 cursu
917 5060 1175 5131 fatigatos
1218 5069 1609 5129 persequentes
1644 5055 1971 5122 ostenderit,
2003 5071 2099 5111 eo-

515 5169 749 5225 rumque
780 5152 1093 5207 molitiones
1126 5167 1190 5206 ac
1218 5150 1471 5213 consilia,
1502 5148 1646 5203 haud
1678 5163 1840 5203 secus
1867 5162 1932 5202 ac
1991 5161 2101 5201 eo-

516 5262 634 5301 rum
695 5246 894 5315 capitis
975 5243 1281 5313 pridianam
1344 5241 1714 5297 temulentiam
1770 5238 2102 5294 confuderit:

516 5339 722 5395 subtile
770 5352 904 5394 vero
939 5337 1072 5391 illud
1125 5336 1268 5405 fugae
1316 5334 1572 5391 molimen
1620 5348 1686 5387 ac
1719 5332 1935 5394 modus,
1974 5345 2103 5399 quo,

2201 5063 2328 5131 είκῆ
2358 5062 2449 5114 τὸν
2480 5064 2681 5133 δρόμον
2714 5065 3144 5133 πεποιημένους,
3175 5064 3269 5116 καὶ
3306 5064 3404 5126 τάς
3432 5063 3541 5118 τῶν
3572 5063 3787 5133 ἐχθρῶν

2204 5154 2695 5229 μηχανάςῄὦσπερ
2745 5155 3120 5225 ἑωλοκρασίαν
3172 5156 3401 5225 κατέχεε
3452 5156 3555 5224 τῆς
3602 5155 3790 5207 αὐτῶν

2204 5249 2472 5319 κορυφῆς,
2501 5248 2676 5302 ἅπασι
2702 5248 2860 5318 δῆλον
2882 5264 2895 5279 ·
2926 5248 3295 5319 διηγήσασθαι
3320 5249 3377 5302 δὲ
3407 5250 3501 5316 τὴν
3532 5249 3787 5316 μηχανὴν

2204 5340 2298 5393 τοῦ
2356 5339 2599 5409 δρασμοῦ
2642 5342 2734 5393 καὶ
2792 5342 2881 5393 τὸν
2925 5343 3151 5413 τρόπον,
3183 5341 3251 5394 δι’
3294 5336 3355 5393 οὗ
3404 5336 3819 5394 κατάπτυστον

514 5446 680 5502 quem
718 5445 814 5499 par
830 5428 1282 5497 erat,desputum
1307 5425 1587 5480 ostendit:
1624 5434 1791 5493 utque
1826 5434 2002 5477 totum
2048 5424 2083 5477 il

2208 5431 2430 5494 ἔδειξεν,
2459 5432 2518 5484 ὃν
2548 5433 2734 5502 ἐχρῆν,
2770 5435 2864 5486 καὶ
2892 5432 2967 5496 ὡς
2996 5434 3212 5487 ἐπίνοιά
3242 5450 3301 5486 τε
3334 5435 3483 5487 πᾶσα
3517 5435 3610 5486 καὶ
3647 5434 3796 5503 πρᾶ-

519 5525 609 5581 ιυιι
639 5523 943 5587 inventum,
967 5536 1165 5589 resque
1194 5519 1410 5573 interim
1445 5527 1615 5588 gesta,
1644 5517 1925 5584 sapicntix
1953 5518 2109 5585 plena

2214 5520 2293 5583 ξις
2346 5522 2377 5588 ἡ
2433 5521 2562 5591 περὶ
2607 5520 2779 5575 ταῦτα
2824 5523 3043 5593 πλήρης
3094 5525 3194 5593 μὲν
3226 5524 3442 5591 σοφίας,
3470 5523 3686 5593 πλήρης
3733 5524 3792 5576 δὲ

592 5709 672 5782 (ι)
706 5709 891 5766 Schol.
929 5708 1055 5765 inSti
1095 5727 1109 5766 :
1151 5699 1319 5771 Οὗτός
1345 5709 1507 5775 ἐστιν,
1544 5709 1571 5760 ό
1602 5706 1694 5762 νῦν
1730 5706 2083 5778 ecula-39.3w;

2190 5708 2346 5775 ξλλάς.
2379 5706 2474 5766 Est
2499 5710 2594 5764 hoc
2622 5714 2818 5781 flumen
2852 5715 2991 5784 quod
3016 5716 3467 5784 nuncappcllulur
3502 5711 3709 5767 Ilellas.
