4024 6210
553 330 582 387 Ξ
591 334 621 386 .‘l
632 333 657 385 ἰ

1742 336 2139 395 MANUELlS
2181 336 2626 396 PALXEOLOGI
2987 348 3016 354 “

3681 336 3778 398 236

551 451 883 510 aeriperrnt,
921 444 1009 512 qui
1057 445 1200 497 nulla
1233 445 1402 512 gratia
1437 457 1619 500 essent
1659 447 1830 518 digni,
1864 465 1962 503 nec
1999 465 2086 503 om

2222 447 2316 500 τοῦ
2372 450 2675 517 δεδομένον,
2726 449 2995 518 μηδεμιᾶς
3056 449 3233 502 αὐτῶν
3293 448 3651 516 ὑπαρξάντων
3683 451 3774 517 χά-

546 538 678 589 niuo
713 540 764 590 in
803 552 920 590 eam
959 551 1068 590 rem
1099 537 1302 604 aliquid
1334 537 1711 594 contulissent.

613 720 717 773 Sed
749 730 801 774 et
831 720 1105 776 voluntate
1136 728 1342 790 martyr
1386 722 1616 781 exstitit,
1651 724 1742 792 qui
1773 740 1830 787 se
1879 725 1990 793 ipse
2023 741 2119 794 pro

539 812 724 864 multis
771 812 1078 871 tradiderit,
1135 813 1489 882 proximeque
1540 815 1736 868 adierit
1785 816 2022 884 pericula
2057 832 2119 872 ac

539 906 714 957 tristia
781 915 1037 972 expertus
1083 906 1154 960 sit
1207 906 1642 976 sustinueritque
1705 908 2006 974 infamiam,
2057 926 2117 964 ac

535 997 638 1048 alia
660 996 856 1064 quibus
879 996 1094 1082 animus
1123 997 1457 1059 mordeatur,
1514 998 1795 1068 possitque
1834 1015 1938 1052 non
1967 1016 2117 1068 sprco

537 1094 620 1136 tor
657 1085 837 1142 saeculi
879 1084 1039 1152 dejici
1086 1101 1100 1137 :
1150 1095 1311 1153 atque
1358 1087 1493 1138 adeo
1544 1087 1713 1156 liquet
1741 1104 1803 1142 ex
1835 1090 2114 1149 omnibus,

534 1185 591 1229 ut
638 1176 754 1243 ejus
783 1177 1034 1244 sospitas,
1070 1176 1439 1231 universitatis
1474 1178 1752 1232 hominum
1791 1181 1942 1233 salus
1969 1190 2118 1248 esset

531 1285 593 1322 ac
629 1267 864 1322 felicitas
897 1287 908 1320 :
941 1270 1135 1321 nedum
1179 1269 1426 1321 omnium
1480 1270 1557 1322 illi
1609 1271 1974 1332 subditorum,
2023 1272 2115 1324 sed

530 1369 583 1412 ei.
629 1375 816 1413 eorum
868 1361 961 1429 qui
1010 1375 1114 1413 non
1168 1369 1354 1415 essent
1404 1361 1521 1430 ejus
1570 1361 1820 1416 ditionis.
1859 1361 1950 1416 Sic
1998 1371 2116 1416 erat

531 1454 763 1507 maxime
782 1453 1158 1516 admirabilis;
1186 1455 1263 1507 sic
1292 1454 1482 1508 multis
1501 1455 1672 1518 utilis,
1691 1470 1789 1507 nec
1815 1455 2110 1524 quidquam

521 1548 642 1601 suis
670 1563 830 1614 quam
859 1548 1082 1616 spiritus
1115 1549 1297 1602 minus
1332 1548 1700 1611 necessarius,
1742 1548 1990 1603 hostibus
2019 1564 2117 1603 au-

529 1650 630 1692 [om
665 1640 1071 1709 insuperabilis,
1100 1654 1161 1693 ac
1191 1655 1382 1694 eorum
1409 1650 1658 1694 avertens
1696 1641 1952 1716 impetus.
1978 1641 2110 1696 Rem

531 1744 714 1788 autem
750 1735 966 1802 probat,
998 1734 1140 1802 quod
1172 1734 1290 1787 solo
1317 1734 1430 1803 ipse
1457 1736 1509 1787 in
1535 1734 1868 1804 provinciam
1893 1750 1955 1789 ac
1984 1751 2108 1790 suos

524 1827 785 1890 adventu,
836 1827 1236 1881 formidabilem
1274 1821 1425 1880 illum
1480 1829 1824 1881 submoverit
1880 1842 1943 1880 ac
1976 1843 2106 1882 avo-

523 1919 680 1970 caril.
714 1917 832 1971 Mox
862 1919 1009 1972 enim
1038 1927 1096 1971 ut
1126 1921 1396 1986 superbus
1427 1919 1591 1972 homo
1622 1935 1736 1972 rem
1772 1921 2103 1982 resrivisset,

521 2010 821 2075 desperans
851 2024 909 2062 se
941 2009 1235 2075 quidquam
1263 2009 1640 2062 confecturum
1677 2009 1751 2077 (ι)
1773 2050 1785 2070 .
1811 2010 1948 2063 elata
1991 2009 2103 2075 jam

520 2101 649 2154 olim
678 2101 920 2169 undique
955 2099 1247 2168 supercilia
1278 2101 1537 2165 demittit,
1571 2103 1845 2170 multaque
1868 2102 2100 2172 ignavia,

520 2210 584 2246 ex
633 2193 822 2248 multis
886 2195 1127 2262 tropaeis,
1159 2194 1275 2261 ipsi
1327 2192 1530 2262 pariter
1558 2209 1620 2246 ac
1667 2194 1986 2261 majoribus,
2033 2193 2104 2246 ob

522 2284 715 2338 uanitas
747 2299 808 2337 ac
842 2299 1061 2353 magnas
1090 2293 1278 2352 gentes
1309 2284 1549 2336 devictas
1573 2282 1889 2336 constitutis
1937 2282 2101 2335 colle-

519 2386 636 2427 rios
686 2376 736 2427 ei
765 2377 1011 2444 spiritus,
1060 2375 1286 2441 abjicit;
1322 2377 1587 2442 traditque
1623 2374 1878 2428 oblivioni
1915 2390 2100 2428 sacra-

519 2475 696 2520 menta
735 2466 841 2529 illa,
878 2467 1078 2534 quibus
1113 2480 1192 2526 se,
1228 2466 1428 2518 collmn
1481 2465 1801 2529 extendens,
1843 2479 1904 2517 ac
1939 2465 2099 2518 imic-

514 2573 642 2611 rore
676 2567 836 2625 caput
865 2557 1131 2626 cogitans,
1165 2557 1353 2625 grandi
1385 2556 1642 2618 clamore,
1681 2571 1741 2607 ac
1769 2571 1931 2624 supra
1959 2571 2097 2623 prae-

515 2649 668 2701 cunis
703 2664 910 2709 vocem,
949 2647 1372 2709 obstrinxisset;
1445 2647 1608 2713 fitque
1655 2647 1798 2700 mitis
1828 2661 1890 2699 ex
1923 2645 2099 2700 feroce

515 2758 577 2794 ac
611 2743 699 2793 vix
732 2756 836 2793 non
869 2740 1058 2794 balans
1087 2740 1205 2794 ovis
1238 2740 1431 2792 instar.
1471 2737 1605 2790 Eum
1639 2739 1729 2807 qui
1778 2738 1984 2804 pridem
2016 2739 2099 2789 lu-

513 2835 594 2892 pis
618 2833 974 2886 truculentiOr
1008 2833 1210 2895 hiabat,
1232 2832 1464 2885 dixisses
1492 2831 1789 2884 cicuratam
1829 2830 2090 2892 belluam,

511 2926 564 2978 in
593 2940 714 2977 eum
751 2933 972 2991 repente
996 2924 1281 2977 devectum
1308 2931 1532 2986 Statum,
1559 2938 1682 2974 cum
1731 2936 1905 2989 nuper
1941 2935 2097 2988 aspe-

510 3029 598 3072 ctu
634 3017 930 3071 terribiliin
965 3019 1257 3071 humanum
1287 3012 2095 3085 rugiretgenus.(lnpiebater-

2227 556 2396 609 ριτος,
2456 542 2488 610 ἦ
2539 559 2592 593 τι.
2641 542 2967 611 τοπαράπαν
3024 541 3447 611 είσενηνοχότων
3480 541 3559 603 είς
3601 539 3772 594 τοῦτο.

2292 719 2368 770 Οὐ
2417 719 2525 788 μὴν
2573 718 2706 771 ἀλλά
2746 722 2839 773 καὶ
2875 719 3087 790 μάρτυς
3136 717 3291 780 οὗτος
3330 720 3394 786 τῇ
3447 717 3778 786 προαιρέσει.

2220 807 2336 862 ἀνθ’
2361 801 2435 861 ὧν
2464 809 2559 860 καὶ
2596 808 2915 879 προῦδωκεν
2947 808 3109 860 αὐτὸν
3141 807 3281 877 ὑπὲρ
3303 806 3410 858 τῶν
3435 805 3663 868 πολλῶν,
3694 809 3784 856 καὶ

2221 899 2330 951 τῶν
2361 897 2622 951 κινδύνων
2651 901 2819 967 ἐγγὺς
2849 899 3087 965 ἐγένετο,
3121 901 3210 950 κού⁸
3243 897 3501 966 λυπηρῶν
3530 895 3785 965 πεπείρα-

2219 1007 2332 1055 ται,
2380 992 2474 1043 καὶ
2520 990 2736 1054 ἀδοξίαν
2781 991 3013 1061 ὑπέστη,
3052 989 3146 1042 καὶ
3173 989 3317 1058 ἕτερ’
3359 991 3493 1042 ἄττα
3525 988 3784 1042 δάκνοντα

2219 1081 2318 1148 τὴν
2364 1081 2558 1150 ψυχὴν,
2611 1084 2706 1134 καὶ
2757 1084 3103 1150 κατενεγκεῖν
3161 1079 3249 1135 οἷά
3296 1098 3355 1132 τε
3399 1081 3521 1142 τοὺς
3561 1079 3635 1150 μὴ
3681 1081 3784 1131 τῶν

2221 1173 2503 1240 παρόντων
2537 1173 2976 1240 καταγελῶντας.
3021 1173 3116 1225 Ἐκ
3150 1171 3214 1241 δὴ
3247 1172 3465 1225 πάντων
3501 1171 3783 1238 πρόδηλον,

2217 1261 2293 1321 ὠς
2325 1262 2385 1312 τὸ
2413 1265 2681 1330 περιεῖναι
2711 1262 2900 1314 τοῦτον
2931 1264 3024 1315 καὶ
3057 1263 3118 1318 εὖ
3144 1263 3290 1332 ἔχειν
3311 1258 3379 1331 ἦν
3411 1262 3680 1330 δήπουθεν
3699 1263 3785 1312 καὶ

2221 1353 2511 1417 σώζεσθαι,
2547 1356 2638 1406 καὶ
2677 1355 2736 1407 εὗ
2777 1353 2914 1407 εἶναι
2951 1356 3154 1424 πλῆθος
3185 1356 3489 1426 ἀνθρώπων
3526 1357 3586 1408 οὐ
3626 1353 3784 1422 μόνον

2218 1462 2281 1511 γε
2311 1446 2416 1497 τῶν
2452 1447 2544 1498 ὑπ’
2585 1446 2750 1498 αὐτοῦ
2785 1447 3198 1515 δεσποζομένων
3232 1447 3509 1510 ἁπάντων,
3549 1445 3688 1498 ἀλλά
3725 1444 3785 1511 δὴ

2218 1541 2310 1592 καὶ
2344 1541 2450 1592 τῶν
2485 1541 2571 1608 ὑφ’
2609 1542 2816 1611 ἑτέροις
2854 1541 3218 1608 ταττομένων.
3251 1540 3440 1601 Οὕτως
3481 1535 3548 1609 ἦν
3579 1539 3784 1597 ἐκεῖνος

2219 1633 2701 1701 θαυμασιώτατος·
2755 1633 2897 1687 οὕτω
2938 1634 3154 1695 πολλοῖς
3197 1631 3496 1700 ὠφέλιμος,
3547 1630 3634 1681 ἴσα
3697 1628 3783 1678 καὶ

2220 1729 2352 1794 πνοῇ
2397 1729 2506 1789 τοῖς
2553 1726 2729 1793 φίλοις
2786 1726 3253 1793 ἀναγκαιότατοςο
3300 1726 3414 1785 τοῖς
3456 1722 3511 1776 δέ
3565 1720 3783 1790 ἐχθροῖς

2213 1818 2530 1885 ἀχείρωτος,
2562 1819 2654 1870 καὶ
2679 1817 2776 1879 τὰς
2802 1817 3026 1870 ἐκείνων
3043 1816 3372 1886 ἀποτρέπων
3397 1814 3646 1882 ἐφόδους.
3676 1811 3781 1864 Kal

2207 1909 2356 1978 δηλοῖ
2387 1910 2446 1962 τὺ
2476 1909 2564 1961 τὸν
2596 1910 2762 1962 πολὺν
2796 1913 3000 1963 ἐκεῖνον
3030 1908 3373 1977 ἀποσοϐῆσαι
3408 1908 3501 1959 καὶ
3541 1906 3780 1972 ἀποτρέ-

2206 2000 2327 2068 ψαι,
2361 2001 2505 2069 μόνῳ
2537 2001 2614 2070 τῷ
2634 2001 2961 2054 καταλαϐεῖν
2986 2003 3081 2072 τὴν
3105 2001 3288 2054 αὑτοῦ.
3307 2000 3479 2062 Εὐθὺς
3497 1999 3603 2067 γάρ
3621 1997 3783 2049 τοῦτο

2209 2091 2396 2160 μαθὼν
2427 2094 2630 2152 ἐκεῖνος
2665 2095 2690 2145 ό
2741 2093 2990 2162 σοϐαρός,
3031 2092 3304 2160 ἀπογνοὺς
3337 2089 3429 2142 τοῦ
3472 2088 3682 2159 πρᾶξαί
3709 2105 3776 2150 τι,

2206 2183 2528 2237 καταϐάλλει
2564 2184 2660 2250 μὲν
2682 2185 2853 2253 ὀφρὺν
2876 2185 3156 2254 πόρρωθεν
3186 2184 3435 2252 ἠρμένην
3466 2180 3615 2248 αὐτῷ
3646 2179 3777 2231 πολ-

2203 2274 2462 2344 λαχόθεν·
2513 2277 2691 2344 ῥίπτει
2744 2276 2800 2328 δὲ
2848 2279 3103 2346 φρόνημα
3161 2275 3401 2343 ἀγεννῶς
3451 2273 3610 2340 ἄγαν,
3640 2274 3778 2338 ὅπερ

2202 2367 2394 2436 ἐκείνῳ
2439 2368 2781 2438 συνεφορήθη
2825 2371 3040 2437 συχνοῖς
3084 2369 3385 2438 τροπαίοις,
3437 2367 3578 2434 ἅπερ
3623 2363 3778 2430 αὐτῷ

2200 2475 2257 2510 τε
2282 2460 2373 2509 ml
2405 2461 2514 2519 τοῖς
2543 2459 2774 2526 φύσασιν
2810 2459 3042 2529 ἔστηκεν
3079 2460 3182 2511 ἀπὸ
3218 2459 3428 2512 πολλῶν
3458 2477 3511 2511 τε
3543 2458 3637 2509 καὶ
3677 2474 3776 2526 με·

2203 2549 2382 2617 γάλων
2415 2548 2585 2601 ἐθνῶν
2611 2567 2626 2581 ο
2669 2551 2981 2620 ἀμνημονεῖ
3009 2549 3064 2603 δὲ
3099 2551 3282 2620 ὅρκων
3309 2550 3549 2614 ἐκείνων,
3583 2549 3686 2611 οὓς
3717 2565 3775 2616 γε

2200 2641 2494 2692 ἀνατείνων
2544 2639 2764 2710 αὐχένα,
2797 2641 2891 2694 καὶ
2937 2643 3104 2694 κινῶν
3147 2644 3246 2713 τὴν
3293 2642 3534 2710 κεφαλὴν
3565 2643 3622 2693 οὺ
3683 2643 3777 2693 σὺν

2199 2733 2406 2802 κόσμῳ,
2441 2732 2580 2801 βοῶν
2611 2733 2750 2804 ὑπὲρ
2781 2735 2904 2796 τοὺς
2933 2735 3201 2804 κήρυκας,
3236 2734 3412 2804 ὤμνυ.
3445 2736 3553 2788 Kal
3579 2731 3650 2806 ἦν
3696 2751 3798 2797 τις’

2197 2821 2405 2890 ἥμερος
2433 2823 2549 2874 τότε
2577 2821 2896 2891 μεταῦαλὼν
2931 2822 2985 2887 ἐξ
3009 2825 3220 2893 ἀγρίου,
3253 2825 3347 2876 καὶ
3383 2826 3604 2893 μονονοὺ
3635 2825 3771 2894 βλησ

2196 2912 2458 2981 χώμενος.
2494 2913 2548 2966 '0
2575 2913 2838 2984 πρότερον
2868 2914 3007 2983 ὑπὲρ
3035 2917 3162 2978 τοὺς
3191 2916 3388 2978 λύκους
3410 2916 3579 2969 δεινὸν
3603 2934 3773 2987 251n-

2196 3003 2301 3065 νὼς
2349 3003 2510 3072 ἐῴκει
2551 3007 2860 3075 χειροήθεσι
2893 3006 3124 3076 θηρίοις,
3178 3009 3259 3070 εἰς
3315 3008 3458 3061 τοῦτ’
3506 3009 3769 3079 ἐξαίφνης

510 3129 577 3176 go
614 3113 776 3166 citius
806 3111 1137 3178 demigrare,
1167 3110 1256 3175 qui
1297 3108 1430 3161 nihil
1482 3123 1541 3160 se
1576 3107 1960 3159 confecturum
1995 3105 2086 3157 sci-

2206 3094 2399 3160 ἐλθὼν,
2447 3098 2474 3148 ὀ
2509 3096 2721 3165 βλέπων
2777 3099 2836 3152 τὸ
2872 3100 3148 3171 βλοσυρὸν,
3189 3102 3282 3155 καὶ
3316 3103 3434 3157 κατ’
3462 3105 3773 3176 ἀνθρώπων

510 3213 612 3259 ret.
649 3206 741 3255 sed
778 3201 1012 3270 pudebat
1048 3199 1345 3267 repentina:
1371 3199 1504 3250 adio
1540 3197 1876 3258 mutationis,
1921 3210 1984 3248 ac
2031 3203 2087 3247 ut

509 3295 744 3354 liuripns
775 3307 838 3346 ac
869 3291 1068 3343 stultus
1092 3291 1215 3357 quis
1239 3289 1518 3342 habendus
1543 3298 1706 3350 esset,
1739 3304 1831 3341 eos
1864 3303 2084 3356 pavens,

507 3387 599 3454 qui
664 3385 731 3438 ab
784 3399 848 3436 eo
904 3383 1118 3436 interim
1165 3382 1432 3450 fugissent
1485 3379 1803 3448 fugiensque
1869 3381 2085 3433 nemine

507 3482 889 3543 persequente,
928 3489 990 3527 ac
1017 3471 1397 3539 superioribus
1433 3470 1610 3524 verbis
1643 3471 1930 3536 rebusque,
1958 3484 2086 3523 con-

508 3567 673 3619 trarie
700 3578 829 3620 tunc
861 3564 1126 3617 habentes
1156 3578 1260 3624 res,
1293 3579 1356 3617 ac
1379 3563 1545 3617 verba
1574 3561 2084 3628 ostendens.,Atque
2109 3637 2113 3642 ι

507 3670 562 3711 ut
604 3657 790 3724 paucis
822 3657 1024 3714 dicam,
1056 3655 1186 3708 nihil
1221 3654 1310 3705 ille
1335 3653 1681 3721 postmodum
1711 3652 1983 3721 prioribus
2012 3652 2085 3704 si-

506 3752 654 3810 mile,
675 3749 1041 3816 autcogitare,
1068 3755 1161 3799 aut
1184 3746 1354 3814 loqui,
1380 3745 1714 3798 automuino
1734 3744 1912 3799 facere
1936 3745 2083 3799 vide-

505 3849 681 3896 liainr.
721 3840 902 3910 Fingit
933 3854 1059 3894 vero
1094 3840 1170 3907 (2}
1199 3837 1473 3908 egregium
1501 3846 1820 3904 prmtextum
1865 3837 2079 3904 tegendi

507 3933 790 4002 probrum.
838 3930 924 3984 Ait
949 3930 1189 3999 acceptis
1211 3943 1237 3980 a
1265 3931 1480 3982 sultano
1501 3927 1700 3981 litteris
1726 3927 1778 3979 in
1803 3926 2076 3981 Orientem

501 4024 704 4082 vocari,
729 4023 932 4076 auxilio
965 4022 1180 4075 futurus
1203 4019 1464 4073 adversus
1486 4017 1768 4073 Temerem
1795 4019 2076 4089 Srytham,

499 4118 590 4183 qui
624 4115 763 4170 bello
788 4117 1099 4168 lacesseret.
1123 4111 1268 4178 ,Fnit
1300 4114 1343 4167 is
1369 4097 1646 4176 Temeres,
1675 4111 1762 4166 cui
1790 4111 1935 4166 brevi
1962 4121 2082 4180 post

499 4208 647 4262 dedit
685 4221 875 4276 pcenas
913 4193 1103 4260 eorum
1135 4219 1254 4274 quae
1297 4205 1460 4272 impia
1504 4203 1783 4268 gessisset,
1829 4211 1991 4269 atque
2025 4202 2076 4255 id

494 4301 642 4366 justo
666 4298 955 4350 admodum
989 4296 1216 4350 fcenore.
1237 4294 1379 4360 Quia
1409 4304 1587 4348 tamen
1622 4294 1825 4347 sultaui
1860 4294 1963 4345 illze
1991 4295 2078 4345 lit-

499 4400 626 4442 term
658 4396 950 4454 prmtexms
984 4394 1138 4439 erant
1164 4399 1227 4438 ac
1262 4399 1445 4446 scena,
1470 4384 1684 4437 dicebat
1711 4384 1927 4451 quidem
1953 4399 2078 4452 pro-

2191 3190 2566 3260 βρυχώμενος.
2606 3194 2715 3246 Καὶ
2749 3193 3014 3264 ἐπεθύμει
3049 3197 3148 3264 μὲν
3186 3200 3402 3268 ταχέως
3434 3201 3765 3270 ἀπαλλαγῆς

2188 3299 2296 3345 ναι,
2331 3283 2486 3345 είὸὼς
2515 3284 2729 3337 ἀνύσων
2763 3285 2950 3339 οὐδέν·
2986 3288 3250 3358 ᾐσχύνετο
3281 3290 3336 3343 δὲ
3362 3293 3460 3362 τὴν
3497 3295 3769 3366 ταχίστην

2189 3374 2512 3444 μεταϐολὴν,
2541 3378 2635 3429 καὶ
2670 3379 2718 3428 εἰ
2769 3377 2909 3444 δόξει
2951 3380 3189 3450 Εὔριπος
3233 3386 3327 3436 καὶ
3353 3385 3637 3449 ἀλλόκοτος
3674 3391 3771 3444 ἄν·

2187 3466 2424 3536 θρωπος,
2477 3468 2734 3538 ὀρρωδῶν
2764 3471 2891 3532 τοὺς
2919 3473 3013 3524 ἀπ’
3047 3474 3210 3527 αὐτοῦ
3261 3476 3383 3529 τότε
3429 3478 3764 3547 φεύγοντας,

2186 3560 2278 3610 καὶ
2317 3560 2558 3627 φεύγων,
2605 3560 2694 3613 ὑπ’
2737 3562 2950 3622 οὐδενὸς
2989 3563 3344 3634 διωκόμενος,
3385 3569 3476 3620 καὶ
3509 3572 3620 3633 τοῖς
3653 3577 3767 3640 ττρὸ

2183 3651 2276 3704 τοῦ
2321 3652 2414 3704 καὶ
2460 3653 2638 3720 λόγοις
2699 3656 2811 3720 καὶ,
2841 3655 3159 3725 πράγμασιν
3207 3660 3464 3724 ἐναντίως
3511 3663 3580 3714 τὰ
3637 3667 3764 3718 τότε

2184 3745 2487 3812 πράγματα
2531 3747 2626 3798 καὶ
2677 3747 2803 3809 τοὺς
2839 3747 3032 3814 λόγους
3069 3750 3413 3813 ἀποδεικνύς.
3458 3754 3567 3805 Καὶ
3601 3756 3648 3807 εἰ
3686 3758 3768 3808 δεῖ

2184 3837 2492 3907 συλλήϐδην
2541 3839 2600 3890 τὸ
2633 3841 2740 3893 πᾶν
2773 3840 2968 3902 εἰπεῖν,
2997 3841 3147 3893 οὐδὲν
3179 3843 3578 3912 διανοούμενος,
3609 3847 3637 3914 ἢ
3670 3847 3761 3899 λέ-

2182 3943 2312 3995 γων,
2343 3928 2764 3998 ῆὲργαζόμενος
2793 3929 2988 3991 ἐοικὼς
3027 3936 3136 3994 τοῖς
3168 3933 3500 4002 ἔμπροσθεν,
3531 3937 3763 4008 ὕστερον

2181 4017 2333 4080 οὗτος
2363 4019 2634 4086 ἐφαίνετο.
2655 4019 2886 4074 Πλάττει
2909 4021 2972 4091 δὴ
3003 4022 3284 4090 πρόφασιν
3306 4025 3580 4094 εὐπρεπῆ,
3611 4027 3758 4082 ὥστε

2184 4113 2477 4165 συσκιάσαι
2508 4112 2570 4164 τὸ
2603 4106 2789 4182 αἶσχος
2829 4114 3004 4167 καὶτὸ
3037 4116 3280 4181 πλάσμα.
3320 4116 3598 4184 Ἔφασκεν
3633 4121 3756 4170 ἐπι-

2180 4203 2375 4264 στολὰς
2403 4203 2648 4270 δεδέχθαι
2677 4203 3054 4268 σουλτανικάς,
3075 4208 3558 4276 προσκαλουμένας
3591 4211 3758 4262 αὑτὸν

2179 4295 2232 4356 ἐς
2257 4295 2353 4358 ἐω,
2377 4292 2518 4346 ὥστε
2553 4295 2768 4363 βοηθεῖν
2795 4296 3005 4364 ἐκείνῳ,
3033 4297 3136 4352 ὑπὸ
3163 4298 3256 4351 τοῦ
3287 4299 3494 4352 Σκύθου
3521 4301 3751 4370 Τεμήρη

2181 4385 2573 4455 πολεμουμένῳ
2592 4398 2607 4414 ·
2638 4386 2696 4448 ὃς
2724 4382 2811 4456 ἦν,
2831 4379 2874 4455 ᾧ
2899 4390 3095 4459 μικρὸν
3123 4389 3349 4460 ὕστερον
3369 4391 3536 4455 αὐτὸς
3561 4392 3757 4445 ἐδεδώ-

500 4493 625 4546 pere
651 4477 1097 4530 transmissurum
1124 4475 1556 4541 Hellespontum,
1579 4489 1699 4527 cum
1721 4475 1882 4528 nollet
1905 4484 2080 4528 trans-

2192 4494 2266 4529 κει
2298 4477 2453 4542 δίκην
2489 4471 2563 4529 ὧν
2593 4479 2855 4549 ἠσεϐήκει
2879 4498 2891 4508 ·
2934 4483 3026 4534 καὶ
3057 4459 3267 4552 ταύτην
3292 4486 3389 4538 σὺν
3422 4486 3564 4555 τόκῳ
3605 4487 3750 4556 μάλα

501 4570 738 4620 mittere.
779 4566 948 4620 Lente
979 4566 1164 4632 itaque
1194 4564 1472 4628 incedens,
1504 4564 1734 4617 multum
1771 4573 1976 4633 tempus
2001 4565 2080 4617 in-

498 4659 663 4712 sumit
697 4674 711 4710 :
745 4667 907 4726 atque
955 4665 1014 4708 ut
1064 4656 1218 4720 velis,
1247 4656 1327 4708 sic
1357 4655 1494 4709 clam
1549 4655 1782 4724 fugiens,
1837 4666 2081 4709 moratur

499 4765 626 4800 \ero
658 4750 710 4801 in
754 4747 1008 4810 Thracia,
1039 4747 1259 4816 illicque
1294 4747 1591 4802 exercitum
1624 4749 1786 4816 cogit,
1825 4751 1984 4812 unde,
2017 4763 2079 4802 ac

497 4849 760 4908 quantum
799 4855 895 4908 per
941 4836 1257 4891 facultatem
1299 4849 1507 4906 posset,
1547 4837 1905 4908 ingentesque
1943 4839 2077 4893 adeo

571 4977 648 5044 (lt
683 4976 976 5042 Desperaus
1006 4995 1058 5030 se
1083 4979 1370 5048 quidquam
1396 4976 1779 5043 confecturunt‘.
1812 4975 1925 5030 Sibi
1954 4975 2064 5028 Ma-

496 5050 620 5100 ntrel
655 5062 718 5099 ac
771 5048 922 5100 fratri
953 5049 1285 5110 blandiatur,
1317 5057 1456 5098 utea
1486 5048 1753 5110 Bajazetis
1788 5049 2060 5113 regressio

496 5118 895 5184 desperationis
929 5118 1095 5172 fuerit
1144 5134 1174 5170 a
1220 5116 1493 5171 Theodori
1529 5128 1706 5177 metu,
1733 5133 1837 5169 non
1881 5116 2054 5182 magis

494 5190 798 5256 prudenti-.1.-
829 5187 1054 5248 bellicae,
1093 5203 1198 5256 qua
1230 5187 1486 5254 majorem
1521 5187 1823 5239 exercitum
1858 5200 2055 5256 cogen-

493 5255 621 5309 dum
656 5257 950 5322 putaverit,
972 5273 1035 5312 ac
1063 5255 1186 5312 hélli
1221 5258 1350 5310 moli
1386 5272 1592 5323 parem.
1624 5256 1714 5308 Sic
1745 5257 1880 5307 bene
1907 5255 2050 5307 indi-

492 5338 579 5380 cat
609 5326 878 5394 Laoiiigtts
909 5328 947 5394 ι
982 5344 1041 5394 ιι,
1085 5328 1175 5382 ubi
1209 5328 1372 5379 etiam
1403 5326 1657 5378 Branezis
1712 5327 1863 5378 ducis
1897 5339 2057 5382 excr-

492 5401 637 5450 eitns
685 5383 975 5462 Baﬁheti's,
1027 5383 1120 5466 qui
1153 5397 1315 5466 paulo
1363 5409 1486 5461 post
1530 5398 1774 5460 ponitur,
1815 5409 1900 5447 res
1933 5409 2055 5466 per-

491 5470 713 5534 atringit
752 5483 815 5519 ac.
857 5465 1104 5530 exordia,
1155 5465 1315 5533 quem
1353 5466 1623 5533 Βρενέςην
1667 5466 1898 5533 appellat
1935 5481 1947 5516 :
1985 5465 2052 5516 de

491 5552 599 5596 uno
630 5539 822 5589 itm-um
857 5539 921 5588 ad
955 5541 1159 5592 calcem
1189 5540 1222 5590 l.
1255 5553 1327 5586 tv.
1351 5536 1542 5587 Narrat
1573 5537 1847 5588 Phrauzes
1875 5536 1908 5586 I.
1939 5550 1977 5594 ι,
2002 5549 2052 5585 c.

492 5607 580 5660 ἔξ).
606 5623 724 5670 qua:
755 5610 839 5659 lnc
869 5606 1076 5658 Manuel
1102 5620 1243 5660 taret
1275 5624 1287 5657 :
1316 5610 1573 5658 nimirum
1597 5620 1823 5659 causam
1851 5620 1916 5656 ex
1937 5619 2041 5670 qua

491 5673 765 5736 “uirtutes
798 5676 1083 5728 Theotimo
1122 5679 1382 5729 infensior
1415 5675 1590 5726 factus
1625 5684 1770 5727 Esset
1803 5691 1815 5723 τ
1852 5687 2043 5736 nempe

491 5746 634 5811 quod
682 5745 881 5797 Paulus
917 5746 1255 5799 Mannnonas
1301 5749 1365 5796 de
1400 5762 1444 5797 vi
1482 5753 1708 5812 questus
1744 5742 1884 5810 apud
1915 5759 2039 5794 cum

2176 4569 2388 4634 δικαὶῳ.
2433 4569 2572 4622 Ἀλλ’
2608 4572 2838 4642 ἐπείπερ
2874 4574 3072 4642 σκῆψις
3103 4571 3170 4646 ἦν
3213 4577 3307 4629 καὶ
3341 4578 3513 4646 σκηνὴ
3547 4579 3614 4629 τά
3654 4579 3748 4629 τοῦ

2179 4659 2470 4711 σουλτάνου
2504 4661 2828 4730 γράμματα,
2854 4665 2914 4717 τὸ
2936 4665 3185 4735 διαδῆναι
3223 4667 3474 4721 σπεύδειν
3503 4670 3595 4720 τὸν
3627 4671 3744 4722 Ἐλ-

2176 4747 2474 4816 λὴσποντον
2523 4751 2679 4820 ἔλεγε
2721 4755 2840 4823 μὲν,
2881 4756 2984 4809 οὐκ
3026 4758 3278 4811 ἐϐούλετο
3311 4761 3391 4813 δέ.
3442 4759 3746 4812 Ἀναλίσκει

2177 4842 2234 4894 δέ
2288 4843 2477 4912 χρόνον
2527 4846 2588 4898 ού
2635 4850 2890 4916 σμικρὸν,
2925 4850 3090 4920 βάδην
3129 4854 3497 4923 πορευόμενος
3529 4871 3542 4884 σ
3587 4854 3634 4904 εἰ
3684 4853 3745 4904 δὲ

2176 4977 2398 5058 fuisset,
2437 4995 2500 5032 ac
2527 4991 2710 5058 erepta
2740 4985 3115 5058 Monembasia
3154 4986 3396 5052 civitate,
3431 5003 3597 5058 quam
3652 4989 3745 5042 ille

2172 5047 2468 5120 regendam
2509 5047 2833 5119 accepisst-t,
2874 5070 2936 5108 ac
2969 5056 3206 5120 Bajazeti
3238 5047 3474 5111 deditam
3510 5067 3739 5111 teneret.

2241 5119 2316 5188 (ἓ)
2360 5116 2540 5199 Fingit
2592 5116 2729 5199 vero.
2783 5116 3370 5199 LateAtunc‘sultanus
3407 5126 3644 5199 Egypto
3675 5143 3742 5179 ac

2166 5187 2338 5257 Syrue
2390 5187 2798 5266 domitu-batur.
2852 5195 2938 5266 cu_i
2993 5208 3050 5247 ut
3086 5197 3366 5266 Bajazetes
3401 5187 3743 5265 adj‘u'uxisset

2159 5275 2288 5312 suas
2306 5261 2511 5330 copias,
2548 5261 2693 5330 haud
2724 5261 2864 5314 forte
2899 5261 3176 5330 Tomeres,
3214 5283 3308 5318 seu
3352 5261 3737 5327 Tanierlantts,

2154 5331 2357 5405 auibos
2377 5329 2696 5405 devicisset.
2730 5331 2944 5405 Fortior
2979 5329 3176 5405 quippe
3214 5335 3390 5390 virtus
3427 5337 3595 5387 unita.
3628 5335 3741 5386 Pu-

2156 5400 2286 5473 tavit
2327 5401 2630 5473 llaijazetes,
2680 5403 2824 5467 quod
2878 5400 3126 5473 plerique
3167 5416 3438 5465 nostrum,
3477 5405 3578 5457 sibi
3620 5419 3740 5456 mc-

2155 5469 2262 5543 lius
2299 5471 2633 5543 consultum,
2671 5479 2742 5543 ut_
2776 5469 3095 5528 accessione
3125 5477 3306 5543 aliqua
3350 5473 3563 5542 imperii
3605 5487 3734 5541 pro-

2153 5538 2578 5610 prii_terminos
2617 5540 2909 5604 proferret,
2965 5560 3129 5610 quam
3165 5538 3232 5596 ut'
3276 5538 3513 5598 alienum
3564 5538 3728 5610 apo-

2157 5607 2375 5683 l‘entiot'i
2412 5607 2786 5683 iuvadente,_a
2823 5627 2932 5677 quo
2979 5607 3152 5679 ipsius
3191 5617 3538 5683 postmodum
3576 5607 3732 5669 ίιίνιι-

2153 5677 2388 5728 (tendum
2417 5687 2578 5742 esset,
2610 5681 2813 5732 auxilio
2840 5677 3177 5739 defenderet.
