4024 6210
461 288 566 360 94ῖί
1659 301 2064 362 MANUELiS
2105 291 2548 366 mmemor
3597 312 3702 375 ett

461 416 533 472 Ut
582 421 725 473 enim
768 421 871 473 ulla
924 417 1165 486 suspicio
1203 416 1398 472 fabula:
1449 416 1632 470 hostes
1683 415 2017 470 insedisset:

2128 434 2232 467 νον·
2269 419 2367 470 οὑκ
2400 420 2464 474 ἄν
2499 437 2622 472 ποτε
2655 416 2765 487 εἶχε
2792 420 3168 488 λυσιτελῆσαι.
3205 421 3277 474 To
3318 423 3424 493 γὰρ
3465 425 3702 497 δυνηθῆ-

460 513 635 578 palam
669 512 868 579 quippe
897 525 980 563 res
1008 509 1189 562 fabula
1259 518 1396 571 erat,
1463 510 1670 575 Optima
1739 515 1868 560 tunc
1911 516 2026 560 arte

460 603 738 664 adornata,
780 599 917 653 nihil
947 614 1184 669 unquam
1238 599 1490 669 iuvisset.
1530 597 1666 652 Tota
1696 595 1842 675 enim
1887 597 2024 650 ratio

459 709 508 746 u:
541 693 1005 764 possctohtinere,
1030 695 1098 746 ab
1124 707 1189 746 eo
1213 702 1349 756 erat,
1386 699 1442 744 ut
1465 699 1610 744 esset
1639 691 1799 743 clam.
1824 689 2026 754 Quam-

457 789 642 840 ohrem
699 789 861 840 etiam
925 802 1047 840 cum
1101 784 1249 838 multi
1301 785 1482 852 specie
1525 794 1679 837 tenus
1705 799 1815 836 rem
1879 782 2028 834 ride-

460 888 600 940 rent,
635 892 732 932 nec
755 879 958 931 scirent
993 877 1136 945 quod
1166 876 1439 930 occultum
1464 885 1628 938 esset,
1666 874 1804 928 haud
1840 888 2022 926 verum

460 969 664 1033 aliquid
699 967 1035 1036 cogitabant.
1092 967 1384 1032 Nimirum,
1429 966 1575 1035 quod
1623 982 1730 1019 non
1791 966 2025 1034 amplius

461 1060 623 1114 ferret
651 1060 912 1114 continua
940 1059 1203 1129 pericula.
1232 1058 1520 1112 consilium
1545 1057 1750 1116 iniisse,
1777 1066 1828 1110 ut
1857 1059 2024 1110 hone-

459 1161 543 1203 sto
567 1151 896 1218 postltabens
923 1151 1078 1212 utile,
1101 1149 1167 1203 iis
1187 1166 1246 1204 se
1275 1150 1659 1203 subtraheret-
1688 1150 1780 1202 Sic
1816 1150 1906 1200 ille
1954 1149 2020 1201 ad

461 1249 672 1308 tempus
697 1241 1007 1294 communis
1041 1241 1222 1295 studio
1255 1241 1529 1303 utilitatis,
1566 1240 1800 1307 gloriam
1835 1241 2023 1307 prodi-

457 1333 558 1396 dit,
594 1332 822 1386 celando
858 1333 1170 1396 consilium,
1198 1332 1288 1400 qui
1341 1347 1607 1398 nusquam
1666 1348 1773 1382 non
1839 1332 2025 1400 gloritn

459 1439 625 1478 causa
660 1433 803 1478 esset
830 1423 1068 1492 pericula
1125 1425 1424 1492 amplexus.
1477 1426 1744 1479 Processu
1803 1425 2023 1493 quidem

459 1529 653 1568 sumus
685 1514 984 1582 exposituri
1035 1514 1312 1579 fabulam;
1347 1515 1565 1570 interim
1618 1525 1796 1570 autem
1860 1518 2024 1573 altius

459 1601 766 1656 reducenda
801 1605 1000 1666 oratio,
1034 1621 1144 1674 quo
1170 1606 1358 1658 ordine
1392 1608 1777 1674 procedamus.

529 1695 900 1750 ErantRhodi
935 1699 987 1750 in
1047 1699 1328 1752 communi
1396 1711 1623 1768 agentes
1670 1701 1859 1762 vitam.
1922 1701 2022 1755 viri

458 1787 788 1851 castitatem,
816 1800 1184 1856 paupertatem
1226 1805 1287 1845 ac
1316 1792 1683 1856 obedientiam
1745 1808 1840 1860 pro
1896 1803 2025 1849 voto

457 1894 569 1947 quo
608 1894 667 1934 se
698 1879 966 1935 Salvatori
999 1881 1368 1949 obstringunt,
1425 1884 1678 1950 professi,
1715 1885 2025 1954 bellumque

459 1970 512 2024 in
540 1972 722 2026 crucis
747 1973 967 2035 hostes;
1005 1989 1164 2040 quam
1210 1977 1261 2028 in
1292 1977 1532 2030 vestibus
1550 1979 1828 2045 armisque
1856 1993 1917 2030 ac
1942 1979 2024 2030 itt-

457 2064 927 2134 signihns'ubique
952 2067 1017 2120 ad
1044 2068 1380 2121 honestatem
1402 2084 1470 2123 ac
1498 2068 1755 2123 decorum
1786 2079 2020 2138 gestant.

460 2152 524 2216 li,
558 2156 794 2210 triennio
821 2158 955 2228 jam,
990 2158 1042 2210 ni
1079 2158 1257 2221 fallor,
1297 2160 1538 2213 donante
1591 2160 1777 2227 fratre,
1829 2161 2024 2215 Corin-

458 2247 609 2300 thum
640 2263 753 2302 sua:
781 2249 1004 2304 ditionis
1029 2249 1324 2315 habebant,
1385 2253 1588 2321 illaque
1632 2252 1752 2320 ejus
1798 2253 2024 2308 donatio

460 2337 654 2394 matris
683 2339 889 2408 pariter
918 2354 983 2393 ac
1007 2357 1128 2394 meo
1153 2341 1384 2395 consilio
1444 2351 1692 2398 steterat.
1737 2344 1846 2398 Nec
1892 2360 2023 2398 vero

459 2432 582 2498 quis
613 2432 866 2486 miretur.
906 2432 1056 2484 llaud
1091 2433 1236 2486 enim
1266 2435 1402 2488 adeo
1439 2435 1779 2490 miserabiles
1828 2437 2018 2504 aliqui,

462 2522 761 2591 mollesque
793 2539 856 2577 ac
888 2524 1066 2593 ignavi
1087 2540 1300 2588 sumus,
1328 2535 1388 2580 ut
1421 2541 1514 2580 eos
1556 2527 1714 2580 nobis
1770 2529 2025 2596 pra-latos

460 2613 710 2669 velimus.
750 2614 948 2670 Verum
985 2632 1109 2670 cum
1157 2618 1380 2674 omnino
1427 2634 1713 2673 necessum
1739 2631 1906 2685 esset,
1966 2631 2025 2674 ut

458 2708 542 2760 vc'
569 2708 761 2764 civitas
791 2709 858 2762 ab
884 2710 1325 2780 expugnantibus
1367 2710 1561 2765 Turcis
1589 2721 1896 2780 caperetur,
1929 2722 2024 2766 ant

460 2809 518 2850 ιιι
542 2801 1019 2867 aliistraderetur,
1044 2802 1135 2869 qui
1170 2804 1467 2871 aprazsenti
1519 2818 1637 2857 eam
1682 2805 2023 2871 discrimine,

461 2892 619 2946 nobis
673 2908 778 2947 non
847 2895 1174 2958 valentibus,
1245 2894 1480 2950 liberare
1528 2909 1782 2965 possent;
1844 2900 2021 2953 risum

463 2983 686 3036 omnino
723 2991 805 3039 est
851 2985 1105 3039 omnibus
1136 2985 1258 3040 aliis
1312 2985 1699 3054 praeferendos,
1765 2998 2021 3049 tanquam

2055 1739 2103 1797 Β

2131 528 2218 562 ναι
2268 515 2503 580 περᾶναι
2559 513 2692 575 ὅλως
2726 509 2792 582 ἦν
2844 515 2900 567 ἐν
2949 513 3026 582 τῷ
3059 503 3368 584 λεληθὲναι.
3409 515 3570 569 Ὅθεν
3606 521 3705 571 καὶ

2132 604 2212 667 εἰς
2249 607 2309 656 τὸ
2332 596 2670 672 ἷροιινόμενον
2697 606 2934 674 ὁρῶντες
2962 606 3009 658 οἰ
3057 606 3264 671 πολλοὶ,
3297 609 3392 659 καὶ
3433 607 3494 659 τδ
3545 606 3709 677 βάθος

2132 695 2194 746 οὑ
2227 695 2610 761 γινώσκοντες,
2652 696 2939 762 ὑπενόουν,
2979 697 3118 766 ὅπερ
3150 697 3249 749 οὑκ
3300 698 3497 766 ἐκείνῳ
3547 703 3709 749 συνέ-

2133 786 2309 840 6αινε.
2341 787 2494 854 Μηδὲ
2522 776 2630 857 γὰρ
2653 787 2730 841 ἔτι
2761 789 2948 857 φέρειν
2986 789 3281 856 δυνάμενον
3316 790 3442 850 τοὺς
3469 790 3709 858 ἐπαλλή-

2130 879 2256 940 λους
2283 879 2583 944 κινδύνους,
2611 877 2817 931 τούτων
2844 879 3151 947 ἀφεστάναι
3191 879 3607 947 βουλεύσασθαι,
3643 884 3708 935 τὸ

2131 971 2374 1038 ἀσφαλὲς
2405 971 2510 1040 πρὸ
2535 970 2626 1023 τοῦ
2653 970 2817 1023 καλοῦ
2843 972 3089 1038 Θέμενον.
3115 969 3300 1032 Οὕτως
3327 972 3531 1032 ἐκεῖνος
3565 973 3708 1040 πρὸς

2132 1063 2343 1132 καιρὸν,
2385 1064 2524 1133 ὑπὲρ
2559 1066 2659 1132 τῆς
2693 1065 2881 1132 κοινῆς
2918 1061 3191 1130 ὡφελείας
3225 1062 3325 1132 τὴν
3357 1063 3492 1115 ἰδίαν
3531 1061 3708 1130 προὺ-

2129 1156 2265 1208 δωκε
2299 1155 2462 1220 δόξαν
2512 1158 2570 1209 ὲν
2611 1157 2688 1226 τῷ
2732 1155 2998 1226 κρύπτειν
3045 1154 3143 1223 τὴν
3193 1155 3458 1220 διάνοιαν,
3489 1158 3516 1208 ὁ
3559 1157 3706 1222 ὑπὲρ
3779 1195 3784 1202 ,

2127 1248 2286 1317 δόξης
2321 1249 2409 1300 ἀεὶ
2457 1249 2747 1318 δεχόμενος
2789 1249 2920 1310 τοὺς
2969 1247 3271 1307 κινδύνους.
3327 1249 3399 1299 Τὸ
3461 1247 3559 1316 μὲν
3607 1241 3709 1300 οὖν

2127 1338 2314 1408 δρᾶμα
2351 1331 2632 1407 προϊόντες
2668 1338 3012 1408 δηλώσομεν·
3049 1339 3144 1390 νῦν
3189 1339 3243 1390 δὲ
3299 1339 3560 1408 ἀνωτέρω
3607 1338 3708 1390 τὸν

2127 1429 2287 1497 λόγον
2314 1430 2634 1500 ἀγάγωμεν,
2664 1429 2740 1491 ὡς
2767 1430 2832 1483 ἂν
2863 1430 3144 1491 εὐτάκτως
3171 1428 3506 1498 βαδίσωμεν.

2213 1695 2493 1766 ’Υπῆρχον
2523 1697 2554 1766 ἡ
2591 1697 2650 1750 ὲν
2697 1694 2864 1765 Ῥόδῳ
2896 1698 3163 1768 κοινότης,
3194 1697 3410 1767 ἄνδρες,
3443 1696 3706 1764 ἀζυγίαν.
3745 1715 3754 1726 ι

2131 1787 2438 1858 ὑποταγὴν,
2469 1789 2608 1858 ὰκτη
2622 1787 2862 1858 μοσύνην
2894 1790 3322 1857 ὑπισχνούμενοι
3353 1787 3430 1856 τῷ
3459 1789 3702 1854 Σωτῆρι,

2127 1883 2223 1933 καὶ
2273 1881 2534 1950 πολεμεῖν
2566 1884 2678 1942 τοῖς
2718 1881 2794 1950 τῷ
2830 1880 3052 1951 σταυρῷ
3096 1877 3450 1948 πολεμοῦσιν,
3480 1878 3538 1933 δν
3587 1879 3705 1930 οἵδε

2129 1973 2314 2041 φέρειν
2338 1973 2601 2025 εἰώθεσαν
2626 1975 2761 2026 κάπὶ
2785 1973 2892 2026 τῶν
2923 1974 3165 2042 ἐσθήτων
3194 1975 3330 2026 κάπὶ
3360 1973 3466 2024 τῶν
3491 1972 3704 2032 ὃπλων,

2128 2064 2264 2117 κά.πί
2294 2066 2389 2134 τῆς
2419 2067 2661 2134 σημαίας
2685 2065 3018 2134 ἁπανταχοῦ,
3041 2066 3108 2119 ἵν’
3129 2066 3196 2118 ἂν
3218 2065 3302 2134 εἴη
3329 2063 3703 2126 διασώζεσθαι

2125 2148 2440 2223 τδῗσεμνόν·
2478 2143 2746 2224 Κόρινθον
2797 2158 2856 2208 ἐκ
2902 2154 2997 2208 τοῦ
3051 2153 3278 2221 ἀδελφοῦ
3327 2155 3496 2221 τριῶν
3534 2154 3702 2217 ἐτῶν,

2125 2245 2299 2318 οἴμαι,
2332 2247 2756 2317 προεσχηκότες,
2802 2249 2909 2300 οὐδ’
2941 2249 3046 2301 ἀπὸ
3099 2245 3328 2317 γνώμης
3358 2247 3456 2313 τῆς
3491 2247 3704 2315 μητρὸς

2127 2343 2219 2394 καὶ
2250 2342 2348 2411 τῆς
2387 2343 2688 2410 ἡμετέρας.
2731 2341 2902 2394 Τοῦτο
2931 2342 2989 2394 δὲ
3027 2342 3218 2409 μηδεὶς
3245 2341 3595 2409 θαυμαζέτω.
3619 2340 3703 2394 0'5

2126 2433 2233 2500 γὰρ
2269 2432 2446 2494 οὑτως
2479 2435 2642 2502 ἡμεῖς
2689 2433 2885 2494 ἄθλιοι,
2936 2432 3057 2485 οὐδὲ
3112 2433 3344 2501 μαλακοί
3397 2449 3540 2493 τινες
3601 2431 3706 2483 καὶ

2125 2523 2429 2593 ἁὸἐλτεροι,
2461 2524 2602 2577 ὥστε
2649 2525 2742 2577 καὶ
2775 2524 2934 2594 ἡμῶν
2963 2523 3144 2577 αὐτῶν
3184 2524 3430 2585 ἐκείνους
3464 2523 3706 2590 trpepo-

2125 2635 2236 2670 ναι.
2261 2616 2439 2684 Οὔσης
2464 2618 2520 2670 δὲ
2545 2616 2724 2687 πάσης
2749 2615 3017 2686 ἀνάγκης,
3044 2617 3162 2686 ἦτοι
3189 2617 3316 2678 τοὺς
3348 2612 3708 2683 πολιορκοῦν-

2123 2728 2226 2774 τας
2276 2712 2416 2764 ἑλεῖν
2460 2711 2562 2780 τὴν
2607 2710 2784 2763 πόλινο
2814 2711 2942 2770 τοὺς
2988 2709 3266 2780 Τούρκους
3302 2708 3542 2778 λέγωθῆ
3581 2724 3705 2758 τισι

2127 2803 2334 2872 ταύτην
2367 2804 2588 2872 δοθῆναι
2627 2802 2735 2855 τῶν
2769 2802 3086 2867 δυναμένων
3120 2802 3337 2870 ἐκείνην
3379 2801 3551 2852 σῶσαι
3596 2800 3701 2852 τοῦ

2129 2899 2495 2966 προκειμένου
2517 2898 2785 2960 κινδύνου,
2809 2895 2961 2965 ἡμῶν
2985 2912 3046 2962 γε
3073 2893 3228 2948 τοῦτο
3257 2894 3330 2964 μὴ
3353 2893 3703 2960 δυναμένων,

2127 2991 2324 3052 αὐτοὺς
2349 2991 2411 3059 δὴ
2441 2991 2664 3051 τούτους
2704 2990 2919 3044 πάντων
2950 2989 3057 3040 τῶν
3085 2987 3262 3040 ἄλλων
3291 2988 3516 3053 ἄμεινον
3546 2985 3703 3048 εδοξε

460 3077 552 3144 qui
589 3077 743 3132 nobis
774 3078 947 3132 amice
1003 3087 1281 3132 uterentur
1315 3079 1413 3149 (ι),
1465 3095 1716 3148 quosque
1773 3082 1910 3135 fama
1942 3100 2022 3135 es-

2132 3083 2520 3153 προκριθῆνσιι,
2547 3084 2641 3137 ἅτε
2677 3084 2740 3154 δὴ
2786 3086 2881 3136 καὶ
2909 3081 3042 3150 πρὸς
3091 3081 3237 3148 ἡμᾶς
3270 3079 3462 3148 φιλίως
3493 3078 3518 3130 δ
3544 3094 3707 3129 axe:-

463 3181 547 3225 ιρι
582 3170 857 3238 religionis
882 3170 1207 3223 sacramenti
1240 3169 1598 3224 observantes
1643 3185 1786 3231 esse,
1838 3187 2014 3239 eaque

462 3263 665 3328 pollere
707 3261 1110 3326 potentia,nua:
1141 3262 1342 3327 Oppido
1368 3262 1675 3315 necessaria
1707 3264 2006 3330 vider-tur,

460 3369 682 3422 excepta
705 3373 716 3403 ι
737 3369 892 3406 orum
917 3353 969 3405 iu
1003 3367 1114 3406 rem
1149 3353 1335 3420 majori
1366 3355 1667 3417 alacritate,
1691 3371 1852 3421 quam
1885 3357 2024 3408 alio.-

464 3464 582 3500 rum
617 3449 709 3516 qui
745 3446 1080 3516 potentiores
1113 3456 1314 3500 essent.
1347 3445 1453 3500 Res
1505 3461 1672 3514 porro
1703 3457 1872 3516 gesta,
1907 3460 2024 3503 tan-

535 3648 644 3718 (10)
686 3641 1040 3718 Atobis‘arnt'ce
1077 3651 1366 3718 uterentur.
1401 3640 1562 3718 Multa
1607 3639 1763 3718 habet
1785 3637 2027 3718 Rhodio-

462 3709 582 3775 rum
628 3709 876 3768 'milituni
926 3713 1177 3775 historia,
1249 3713 1445 3771 quibus
1480 3709 1774 3780 impensior
1826 3715 1913 3766 illa
1971 3713 2021 3766 itt

464 3783 1095 3848 Constantinopolitanos
1127 3800 1190 3838 ac
1222 3782 1553 3838 Manuelem,
1590 3796 1779 3835 eorum
1831 3783 2024 3836 amici-

464 3865 533 3915 tia
569 3861 702 3913 satis
730 3855 961 3915 clueant,
995 3853 1248 3906 nimirum
1281 3853 1319 3906 Ι.
1360 3869 1412 3906 tv
1457 3852 1548 3904 ubi
1584 3853 1848 3906 retexitur
1897 3869 2019 3906 cum

463 3931 614 3985 urbis
645 3923 1258 3987 Constantinoitolilaute
1288 3923 1499 3975 obsidio
1552 3937 1646 3988 per
1694 3923 2020 3990 Bajazetem,

465 4017 576 4057 tum
609 3995 852 4052 Corinthi
904 4009 966 4047 ac
1018 3993 1226 4060 Sparta?
1256 4011 1350 4062 per
1397 3991 1740 4047 Theodorum
1777 4004 2024 4047 nostrum

463 4071 723 4129 venditio,
773 4074 939 4134 utque
973 4063 1180 4130 Spartae
1209 4065 1496 4134 θρίςίιοβιιε
1531 4063 1850 4117 Latinorum
1899 4065 2025 4116 odio

461 4143 732 4198 obstiterit
759 4175 771 4192 .
812 4133 1207 4204 cummotisque
1241 4133 1544 4204 Spartanis,
1593 4136 1658 4187 ad
1714 4136 2028 4204 rescinden-

463 4219 584 4266 dam
625 4207 988 4262 venditionem
1019 4203 1361 4256 Theodorum
1395 4202 1655 4267 adegerit,
1683 4220 1804 4258 cum
1835 4202 2029 4269 Coi-in:

463 4283 590 4336 thus
625 4279 767 4332 haud
819 4283 1038 4341 gravate
1095 4271 1335 4325 Rhodios
1370 4273 1701 4326 admitteret.
1741 4272 1868 4325 Eam
1928 4288 2025 4331 ego

463 4363 642 4416 putem
700 4361 918 4416 causam
958 4343 1137 4416 necati
1178 4341 1474 4416 _ltian_ur_li_._.
1507 4343 1865 4416 interdicente
1920 4341 2030 4416 lio-

463 4407 621 4470 iuano
645 4415 915 4479 pnntilice.
954 4427 982 4464 a
1015 4411 1221 4465 Latinis
1251 4407 1474 4479 subsidii
1507 4410 1730 4479 (utejns
1757 4410 1936 4475 negati
1960 4411 2030 4464 sit

460 4489 562 4539 alia
597 4476 757 4538 causa
789 4488 984 4550 praeter
1021 4480 1347 4534 discordiam
1404 4476 1571 4542 ipsain
1604 4478 1942 4543 Latinorum,
1970 4495 2034 4536 ac

462 4572 564 4612 qua
618 4553 901 4606 laborabat
946 4551 1119 4610 Itali»,
1168 4558 1389 4614 excepta
1417 4551 1578 4601 etiam
1628 4564 1816 4601 eorum
1867 4552 2025 4604 solita

463 4625 738 4687 tarditate,
770 4637 832 4674 ac
869 4636 1029 4687 quam
1057 4618 1262 4671 Manut-.l
1297 4618 1628 4687 perstringit,
1667 4618 1730 4670 ad
1765 4617 1897 4672 bella
1937 4635 2027 4687 pe-

464 4693 712 4757 regrina;
774 4697 908 4744 ut'et
959 4689 1100 4756 regis
1133 4687 1320 4742 Galliae
1380 4688 1629 4740 morbum
1668 4698 1894 4748 taceam,
1934 4689 2024 4752 qui

465 4764 667 4820 primus
702 4761 842 4814 foret
879 4774 942 4814 ac
993 4768 1154 4819 caput
1199 4757 1632 4820 auxiliariorum,
1672 4773 1768 4821 pro
1803 4759 2022 4820 antiqua

464 4836 516 4884 in
547 4830 818 4900 ejusmodi
844 4829 1298 4900 ettpeditiobihus,
1327 4828 1502 4900 gentis
1542 4828 1723 4900 laude)
1747 4843 1844 4900 nec
1878 4828 2024 4900 aliud

465 4897 599 4952 velle
633 4900 776 4969 quod
813 4898 983 4969 refert
1027 4899 1257 4952 Bzovius
1289 4915 1419 4953 ann.
1466 4897 1620 4969 1591,
1673 4897 1737 4951 ex
1795 4899 2022 4951 historia

465 4967 679 5033 politica
708 4967 1123 5032 Constantinop.
1160 4969 1197 5021 Ι.
1230 4985 1268 5031 t,
1301 4969 1374 5022 ita
1404 4970 1506 5022 sub
1547 4967 1687 5020 diris
1713 4969 2025 5022 interdixis-

462 5055 520 5092 με
582 5039 916 5108 pontiﬁcem,
951 5039 1096 5108 quod
1143 5039 1188 5091 is
1232 5039 1496 5093 noluisset
1526 5039 1761 5091 osculari
1805 5053 2020 5108 crucem

463 5108 516 5162 in
562 5108 845 5178 cujusdam
881 5107 1260 5176 chorepiscOpi
1291 5108 1843 5178 manicadcpictam.
1882 5107 2024 5160 Nus-

458 5177 639 5245 quam
667 5177 813 5232 euim
848 5179 968 5246 ejus
1015 5179 1240 5233 baresis
1274 5193 1461 5232 rumor
1496 5177 1794 5230 Manuelem
1829 5179 2020 5230 saltem

460 5248 727 5316 aspersit:
755 5257 810 5302 ut
854 5257 1034 5301 autem
1066 5249 1181 5302 [tali
1211 5263 1273 5301 ac
1299 5247 1541 5300 Pontifex
1569 5247 1612 5299 ei
1641 5247 1751 5301 sint
1777 5247 2022 5314 indigna-

463 5321 520 5382 ti,
549 5318 939 5387 indignumque
964 5318 1271 5386 putaverint
1293 5320 1534 5387 ipsorum
1557 5319 1781 5378 auxilio,
1807 5317 1858 5368 in
1884 5333 2021 5384 quos

463 5386 793 5442 l'u-aterlitsis
844 5386 1070 5441 Rhodiis
1119 5403 1290 5456 nuper
1321 5388 1660 5456 offendisset.
1713 5401 1842 5440 vero
1885 5387 2019 5447 satis

463 5474 761 5525 rongruunt
799 5457 968 5511 \‘ideri
1004 5455 1546 5524 possithuanquam
1600 5455 1813 5510 Manuel
1851 5472 1917 5509 ne
1943 5458 2021 5521 ip—

459 5541 552 5596 sos
584 5528 802 5592 quidem
839 5527 1081 5582 Rhodios
1109 5531 1324 5596 gravius
1349 5528 1585 5581 otTensos
1620 5536 1906 5586 monstrat,
1940 5529 2020 5578 sic

459 5592 779 5666 Theodorus
815 5613 925 5650 rctn
952 5592 1172 5651 dextere
1198 5599 1327 5666 egit.
1358 5597 1591 5666 Historia
1619 5612 1836 5663 quoque
1876 5598 2019 5666 Iunio

458 5665 674 5733 diorunt
711 5667 966 5729 militum,
998 5667 1201 5719 reddita
1232 5653 1407 5721 hibet
1442 5683 1469 5719 a
1519 5653 1774 5733 Magistro
1803 5653 2016 5719 citneiia

458 5745 582 5801 quae
613 5732 929 5803 lmperatrix
962 5736 1242 5790 obsidione
1281 5752 1464 5805 pressa
1510 5732 1651 5804 apud
1686 5753 1807 5787 cum
1858 5736 1957 5801 dep
1981 5760 2018 5783 ,-

2127 3181 2344 3249 μὲνους,
2371 3182 2462 3230 καὶ
2496 3179 2686 3248 φήμης
2724 3176 2890 3245 οὑσης
2931 3176 3059 3242 περὶ
3091 3174 3271 3227 αὐτῶν
3305 3175 3380 3241 μὴ
3413 3169 3702 3240 παραϐαί-

2123 3289 2234 3323 νειν
2271 3271 2400 3332 τοὺς
2428 3272 2645 3338 ὅρκους,
2683 3269 2776 3320 καὶ
2812 3269 3041 3332 δύναμιν
3077 3267 3300 3334 ἔχοντας
3332 3265 3524 3331 ἱκανὴν
3557 3262 3704 3330 πρδς

2122 3367 2181 3416 τὸ
2215 3365 2544 3433 ζητούμενον
2575 3361 2904 3427 τηνικαῦτα,
2933 3361 3024 3413 καὶ
3054 3359 3189 3426 πρδς
3218 3358 3284 3409 τὰ
3308 3356 3535 3408 τοιαῦτα
3560 3370 3703 3421 προ-

2125 3458 2329 3525 θύμους
2388 3456 2548 3517 ὂντας
2611 3455 2749 3524 ὑπὲρ
2809 3455 2933 3514 τοὺς
2991 3451 3214 3505 ἐκείνων
3284 3448 3696 3520 ἰσχυροτέρους.

2134 3639 2353 3700 suisset.
2388 3649 2676 3708 antequam
2721 3639 2882 3696 etiam
2913 3647 3312 3706 repeterentur,
3351 3658 3414 3696 ac
3461 3656 3581 3692 mox
3627 3637 3702 3692 ab

2134 3712 2284 3766 ttrhis
2315 3713 2598 3767 obsidione
2633 3713 2808 3766 soluta
2835 3728 2851 3773 ;
2888 3713 3053 3766 sedet
3078 3726 3298 3778 operam
3330 3726 3484 3766 suam
3517 3711 3695 3762 eidem

2132 3783 2503 3836 instaurandm
2549 3783 2899 3848 impendisse.
2947 3790 3263 3848 tantumque
3293 3791 3520 3835 conatos
3558 3779 3702 3832 Fra-

2131 3861 2260 3916 tres,
2293 3853 2446 3905 datas
2478 3851 2768 3904 Theodoro
2802 3852 3058 3915 pecunias
3085 3865 3146 3903 ac
3193 3853 3431 3916 pretiosa
3465 3851 3567 3904 alia
3607 3865 3700 3900 re-

2128 3922 2329 3990 cipere.
2360 3923 2531 3984 Onam
2568 3921 2776 3974 Manuel
2811 3929 2917 3973 tam
2949 3921 3132 3974 multis
3161 3921 3485 3987 deprtedicat
3535 3921 3698 3973 fabu-

2129 3991 2259 4054 lam,
2302 4002 2360 4045 ut
2389 3991 2713 4046 Theodorus
2745 4005 2849 4043 non
2886 3992 3108 4044 omnino
3140 3991 3354 4044 sincere
3381 3991 3693 4059 egeritgnm

2128 4059 2374 4126 Rhodiis,
2410 4062 2752 4126 rolucritque
2784 4068 2990 4112 tantum
3025 4077 3119 4128 per
3145 4075 3239 4113 eos
3271 4057 3530 4113 terrorem
3559 4057 3698 4112 Tur—

2128 4131 2208 4183 cis
2244 4131 2486 4199 injicere,
2523 4147 2630 4185 non
2669 4144 2812 4190 vere,
2843 4131 2984 4196 quod
3023 4137 3138 4181 erat
3171 4129 3223 4181 in
3257 4129 3400 4196 ipso,
3428 4130 3699 4191 Pel0pon-

2131 4215 2265 4253 neso
2304 4203 2528 4263 donare,
2563 4209 2618 4252 ιιι
2666 4207 2922 4267 tanquam
2958 4199 3118 4252 amici
3155 4213 3216 4250 ac
3249 4199 3383 4252 socii
3437 4199 3696 4265 deinceps

2133 4279 2377 4322 tenerent
2409 4286 2470 4324 ac
2507 4277 2832 4328 tutarentur,
2877 4269 3019 4321 haud
3055 4267 3256 4331 passim
3310 4269 3535 4320 omnino
3571 4283 3698 4333 pro-

2136 4337 2282 4406 bare,
2311 4350 2404 4392 aut
2427 4341 2560 4394 satis
2591 4354 2620 4391 e
2653 4336 2946 4390 Christiani
2980 4339 3183 4406 politici
3223 4337 3695 4406 (ideiexistimare.

2138 4405 2326 4461 Fuerit
2377 4419 2523 4462 certe
2573 4408 2661 4461 illa
2726 4408 2878 4468 lides,
2936 4405 3044 4461 nen
3105 4422 3267 4475 qttam
3314 4405 3554 4460 Graecam
3614 4408 3699 4459 vir

2065 4456 2110 4511 Ῐ)
2137 4477 2345 4532 amicus
2372 4493 2433 4530 ae
2464 4477 2684 4533 Grtecus
2715 4477 2781 4528 ab
2807 4456 3084 4544 Areopago
3118 4456 3501 4531 sincerissime
3535 4475 3698 4527 homo

2131 4545 2252 4598 ﬁdei
2287 4562 2349 4600 ac
2381 4548 2602 4601 Graecia:
2635 4545 2780 4599 velut
2813 4545 3100 4601 morientis
3133 4562 3240 4599 nou
3297 4546 3572 4600 modicum
3601 4544 3695 4596 de-

2129 4629 2250 4678 cus,
2289 4617 2465 4670 lihello
2496 4618 2641 4670 edito
2673 4629 2844 4682 nuper
2866 4616 3076 4684 egregie
3097 4618 3361 4678 ostendit,
3390 4616 3481 4668 sed
3531 4629 3691 4684 quam

2129 4685 2296 4752 aliqui
2330 4685 2530 4741 Grecis
2561 4689 2949 4753 improperant,
2995 4683 3056 4740 ac
3089 4687 3248 4753 cujus
3274 4699 3540 4752 nusquam
3601 4683 3694 4733 dc-

2129 4753 2239 4809 sint
2269 4757 2512 4810 nonnulli
2550 4757 2649 4815 rei,
2688 4765 2742 4807 ttt
2780 4754 3199 4822 nullaﬁomnino
3231 4770 3383 4822 gens,
3433 4769 3496 4806 ac
3543 4753 3690 4822 omni

2128 4839 2191 4877 ex
2234 4834 2404 4892 parte,
2441 4835 2598 4880 vacat
2642 4824 2890 4878 crimine.
2921 4821 2992 4878 Ut
3029 4827 3075 4877 vi
3117 4820 3371 4892 quatiam,
3431 4833 3593 4888 atque
3621 4820 3690 4872 ad

2127 4896 2400 4950 sedandos
2437 4897 2851 4963 Spartianorum
2911 4897 3176 4949 tumultus
3232 4893 3512 4946 resciderit
3565 4906 3696 4963 con-

2130 4973 2386 5031 tractum,
2427 4961 2533 5018 non
2565 4968 2751 5018 valens
2779 4964 3085 5027 continere,
3134 4977 3294 5017 nemo
3343 4964 3468 5030 jure
3505 4961 3694 5026 culpa-

2107 5036 2285 5090 ’νει-ιι.
2320 5030 2556 5103 Gerrigit
2590 5036 2705 5102 ipse
2761 5033 2992 5099 illanuel,
3033 5042 3090 5086 ut
3153 5033 3401 5103 nonnihil
3438 5031 3583 5084 serio
3620 5030 3693 5082 sit

2124 5115 2358 5171 gestum,
2397 5101 2589 5174 agente
2615 5101 2922 5174 Theodoro,
2961 5115 3019 5157 ut
3049 5104 3224 5172 reipsa
3277 5101 3690 5174 [{eloponnesus

2125 5181 2348 5229 cesSura
2380 5171 2522 5231 esset
2551 5174 2797 5236 Rhodiis,
2830 5171 2931 5242 nisi
2964 5171 3198 5242 seipsam
3241 5171 3555 5242 aWBajazete
3607 5178 3692 5220 tu-

2123 5245 2226 5296 tari
2281 5256 2482 5314 posset,
2518 5247 2596 5298 vel
2625 5240 2950 5314 superando,
2977 5238 3454 5314 yelcompellendo
3482 5238 3548 5290 ad
3597 5251 3692 5302 pa-

2123 5325 2238 5382 cem
2267 5311 2614 5382 {Latinorum
2640 5311 2700 5367 ac
2724 5313 2948 5366 fratrum
2978 5311 3310 5382 Rhodiorum
3334 5313 3463 5378 jngo
3499 5317 3690 5382 utpote

2124 5377 2585 5444 ChriStianorntn,
2626 5385 2810 5438 multis
2845 5383 3090 5448 partibus
3143 5377 3376 5434 Turcico
3405 5377 3467 5431 ac
3499 5377 3689 5448 inlide-

2123 5449 2256 5503 linm
2301 5457 2520 5523 prazlato
2549 5471 2564 5517 ;
2597 5453 2741 5518 quod
2800 5447 3012 5506 utinam
3061 5452 3137 5503 sic
3174 5449 3376 5503 Graecis
3427 5447 3688 5523 omnibus

2120 5534 2258 5592 esset
2300 5517 2494 5588 risum,
2524 5517 2622 5577 nec
2662 5522 3018 5592 quorumdam
3053 5532 3296 5574 nostrum
3331 5518 3497 5592 multa
3542 5517 3691 5592 inso—

2122 5589 2286 5646 lentia
2323 5611 2381 5648 ac
2417 5587 2699 5648 sacrorum
2754 5596 2956 5659 illusio,
2991 5592 3270 5648 nonnullis
3327 5589 3552 5642 fecisset
3607 5587 3690 5636 in-

2120 5679 2315 5716 VISUIII.
