4024 6210
316 289 408 353 235

1048 292 1451 354 TllEODORI
1499 296 1859 356 esseom
1904 298 2292 361 LAUD.\'l‘10
2320 301 2725 362 sensurus.
3024 259 3037 271 ’
3417 300 3526 362 245

319 401 472 457 Τοῦτο
493 399 640 462 τέλος
678 397 924 467 εἰληφὸς,
952 399 1193 471 τοσούτῳ
1232 404 1552 457 συνετέλεσε
1591 408 1657 475 τῇ
1692 406 1859 457 Πελο-

1969 420 2080 464 ιυιιι
2116 410 2473 481 Pelopomtesi
2490 410 2793 466 commodis
2821 408 3050 472 addidit,
3084 416 3354 478 quantum
3382 418 3522 461 tem-

319 497 568 567 ποννήσιρ,
592 497 701 566 ὅσῳ
732 512 799 562 γε
827 495 1015 563 σαφῶς
1045 499 1073 549 ό
1108 500 1299 567 καιρὸς
1334 499 1526 564 ἔδειξε.
1563 500 1737 555 Τοῦτο
1760 501 1858 565 τὰς

315 589 517 657 ἐφῖδους
546 588 653 640 τῶν
684 585 896 658 ἐχθρῶν
926 586 1022 641 καὶ
1043 590 1140 650 τὰς
1166 590 1435 654 είσόολὶς,
1464 592 1588 643 ὅσον
1618 593 1650 660 ἡ
1692 594 1856 660 πεῖρα

315 680 659 749 παρέστησεν,
690 677 1060 748 ἀπεσόὃησεν.
1091 677 1163 730 Οὖ
1179 696 1227 732 τε
1261 680 1368 749 γὰρ
1419 682 1680 749 στρατιὰν
1707 682 1859 749 ἀγεί-

315 786 416 838 ρειν
439 767 662 837 ίσχυράν
686 766 897 820 οἴκοθεν
925 763 1071 838 εῐχον
1092 769 1141 821 οί
1163 768 1537 836 γειτονοῦντες
1566 770 1854 841 βὰρϐαροι,

312 860 419 913 οὔτε
445 860 515 927 μη
546 859 817 929 πρότερον
847 858 927 920 εἰς
952 859 1089 912 πολὺ
1124 861 1595 930 συναθροισθεῖσιν
1626 863 1858 926 ἐκείνοις

315 950 519 1020 πλῆθος,
550 951 652 1021 τὴν
702 949 980 1020 ἡμετέραν
1012 952 1373 1021 κατατρέχειν
1406 952 1550 1022 ἐξῆν.
1579 952 1687 1006 δέει
1731 953 1855 1015 τοὺς

312 1044 562 1102 τοιούτους
617 1040 981 1112 στρατιώτας·
1019 1043 1079 1096 τὸ
1127 1042 1183 1095 δέ
1232 1044 1437 1113 πολλήν
1483 1061 1609 1097 τινα
1649 1046 1857 1113 ταύτην

246 1153 256 1165 ο
315 1130 758 1199 συγκροτηθῆναι,
811 1133 905 1185 καὶ
958 1132 1049 1186 διὰ
1094 1132 1313 1204 χρόνου,
1357 1136 1449 1187 καὶ
1500 1134 1853 1205 πολλαχόθεν

312 1224 454 1278 τοῦτο
500 1222 615 1293 γάρ
664 1222 1073 1277 ὕπολέλειπται·
1112 1230 1207 1278 καὶ
1246 1226 1347 1289 τὰς
1395 1228 1630 1298 ὁμόρους
1674 1226 1856 1287 πόλεις

312 1317 498 1380 λαθεῖν,
525 1316 596 1369 δι’
625 1308 701 1368 ὧν
729 1316 762 1384 ή
807 1317 880 1386 φή
892 1335 965 1386 μη
1003 1318 1314 1386 μετεδίδοτο
1346 1319 1484 1388 πρὸς
1522 1318 1621 1379 τὰς
1655 1316 1856 1387 ήμετέ-

311 1424 418 1477 ρας,
454 1404 655 1477 μικροῦ
686 1406 798 1459 δεῖν
831 1403 983 1477 οἶμαι
1006 1407 1291 1463 ἀδύνατον.
1322 1407 1622 1462 Γνωσθεῖσι
1653 1407 1709 1460 δὲ
1744 1410 1856 1469 τοῖς

311 1499 506 1569 ἐχθροῖς
537 1499 739 1552 παθεῖν
767 1515 819 1551 τι
853 1500 1054 1569 μᾶλλον
1083 1500 1423 1562 συνέϐαινεν,
1454 1499 1486 1570 ἢ
1519 1499 1719 1569 δρᾶσαί
1750 1517 1853 1553 που

310 1590 553 1660 λυπηρόν.
587 1590 766 1644 Τοῦτο
796 1590 972 1661 πολλῷ
1016 1590 1228 1660 βέλτιον
1256 1593 1367 1654 τοῖς
1396 1591 1517 1644 τότε
1553 1593 1852 1660 συνήνεγκε

310 1684 637 1750 πράγμασιν,
660 1681 692 1751 ἢ
717 1682 807 1735 ὅτε
832 1681 1035 1751 ταύτην
1064 1683 1473 1750 ἐπανεκτήσατο
1496 1683 1524 1734 ό
1551 1681 1853 1750 Θαυμάσιος

208 1772 221 1781 ’
308 1775 499 1839 οὐτοσὶ,
533 1773 704 1828 πολύν
744 1789 867 1829 τινα
915 1774 1106 1845 χρόνον
1141 1775 1243 1844 ἤδη
1288 1772 1857 1842 προαποσπασθεῖσαν

306 1865 397 1935 τῆς
414 1868 524 1921 τῶν
551 1867 841 1936 Ῥωμαίων
862 1867 1058 1936 ἀρχῆς.
1080 1864 1251 1919 Τοῦτο
1271 1864 1374 1936 τὴν
1398 1865 1609 1919 ἐκείνου
1638 1881 1736 1932 σσφ
1746 1862 1852 1928 ίαν,

306 1957 392 2010 καὶ
418 1957 515 2028 τὴν
544 1958 676 2027 περὶ
702 1958 771 2011 τά
796 1958 955 2011 κοινά
982 1957 1319 2027 ἐπιστήμην,
1352 1955 1691 2026 ὑψηλοτέραν
1719 1956 1856 2009 ἀπέ-

303 2047 463 2112 δειξεν
489 2049 645 2102 οὐδὲν
668 2043 853 2120 ἦττον,
886 2050 918 2118 ἢ
948 2048 1036 2102 ὅτε
1063 2048 1480 2117 θαυμαζόμενος
1509 2040 1663 2111 οὗτος
1685 2043 1753 2118 ἦν
1778 2047 1857 2117 τῷ

304 2138 527 2194 κτᾶσθαι
563 2140 753 2204 πόλεις
786 2138 1001 2210 ἐτέρας.
1037 2139 1211 2194 Ἔστι
1245 2141 1354 2209 γὰρ
1387 2141 1593 2208 καιρὸς
1623 2138 1851 2202 λαϐεῖν,

301 2231 392 2284 καί
419 2232 631 2299 καιρὸς
657 2232 897 2297 πάντως
922 2227 1235 2298 προέσθαι.
1259 2232 1369 2284 Καὶ
1391 2230 1550 2284 τοῦτο
1576 2229 1856 2300 Σολομῶν·-

301 2338 433 2385 τειος
480 2323 632 2389 δόξα·
678 2325 727 2377 εί
786 2321 1058 2391 μέμνηται
1106 2340 1190 2385 τις
1245 2322 1482 2388 ἐκείνου,
1537 2322 1613 2392 τῷ
1676 2320 1855 2391 καιρῷ

300 2413 466 2466 πάντα
494 2413 781 2483 νέμοντος.
809 2412 1048 2484 Θάτερον
1075 2413 1176 2484 μέν
1209 2415 1321 2466 τοῖν
1356 2409 1692 2482 ε’ίρημένοινο
1711 2411 1855 2477 λέγω

297 2503 354 2571 δὴ
387 2505 447 2556 τὸ
495 2504 597 2557 σὺν
644 2504 721 2574 τῷ
767 2504 942 2576 καιρῷ
991 2503 1201 2558 δοῦναι*
1246 2502 1472 2574 ὑψηλὸν,
1508 2504 1602 2557 καὶ
1636 2504 1695 2556 οὐ
1747 2504 1855 2559 τῶν

294 2596 519 2650 πολλῶν.

369 2690 525 2744 ἐπεὶ
566 2687 675 2758 γάρ
710 2687 930 2752 πάντως
956 2687 1038 2750 είς
1073 2687 1135 2742 τδ
1166 2688 1340 2757 παρὸν
1370 2688 1420 2742 οἱ
1461 2688 1702 2742 πλεῖστοι
1735 2688 1855 2758 βλέ-

289 2797 445 2835 πουσι
481 2781 601 2836 τῶν
630 2780 955 2852 ἀνθρώπων,
988 2780 1382 2852 ὀλιγωροῦντες
1414 2781 1508 2833 τοῦ
1543 2781 1853 2850 μέλλοντος,

287 2874 360 2937 ὡς
390 2875 449 2928 ἐν
466 2868 671 2944 ’ἀδήλῳ
697 2874 909 2937 τούτοις
938 2873 1213 2942 κειμένου,
1239 2873 1491 2943 δηλονότι
1522 2872 1633 2925 τῶν
1655 2873 1855 2940 ὀλίγων

287 2968 398 3020 ἐστὶ
445 2966 660 3036 μικρὰν
697 2966 989 3035 ἀφαίρεσιν
1034 2966 1293 3032 δέξασθαι
1342 2966 1451 3019 τῶν
1500 2966 1853 3034 ὑπαρχόντων

1961 516 2064 569 pus
2095 501 2440 569 postmodum
2465 503 2672 571 liquido
2704 500 2962 555 ostendit.
3003 498 3074 551 Ea
3110 513 3218 563 res,
3279 498 3516 551 hostium

1960 588 2305 647 incursiones
2324 604 2387 643 ac
2420 590 2754 653 invasiones,
2783 596 3045 658 quantum
3084 585 3330 653 probavit
3354 602 3523 653 expe-

1959 680 2179 744 rientia,
2203 681 2497 734 submovit.
2523 679 2710 749 Neque
2738 679 2879 733 enim
2928 676 3095 730 vicini
3132 674 3353 728 Barbari
3416 676 3524 729 for-

1961 782 2066 825 tem
2094 773 2225 827 satis
2258 789 2288 828 a
2314 775 2690 829 seexercitnm
2743 780 2997 843 poterant
3017 785 3236 838 cogere,
3266 786 3365 824 nec
3392 788 3524 824 vero

1962 863 2297 918 Rhodiorum
2320 874 2465 919 metu
2487 864 2707 927 licebat,
2728 875 2785 919 ut
2800 865 2898 918 nisi
2921 881 3115 934 magno
3128 864 3277 934 prius
3297 880 3526 918 numero

1961 953 2198 1017 collecti,
2251 954 2476 1008 ditimtis
2507 964 2706 1009 nostra:
2760 964 2934 1010 terras
2996 956 3343 1011 incursarent
3408 975 3420 1007 :
3468 966 3526 1005 ιιι

1960 1056 2139 1100 autem
2165 1060 2259 1114 per
2281 1052 2515 1110 tempus,
2538 1061 2599 1098 ac
2633 1060 2697 1099 ex
2728 1046 2914 1101 multis
2963 1046 3117 1111 locis,
3158 1047 3303 1116 quod
3357 1061 3525 1098 unum

1962 1136 2230 1204 reliquum
2247 1136 2632 1205 eratgrandem
2653 1136 2917 1205 ejusmodi
2933 1138 3232 1192 exercitum
3250 1144 3525 1206 cogerent,

1961 1243 2155 1296 resque
2186 1227 2375 1281 lateret
2407 1226 2648 1281 contines
2677 1229 2949 1295 civitates,
2988 1245 3086 1301 per
3111 1244 3248 1299 quas
3309 1228 3452 1282 farina
3475 1227 3526 1278 in

1961 1330 2177 1373 nostras
2205 1317 2498 1371 derivanda
2537 1327 2704 1383 esset,
2732 1319 2783 1371 id
2815 1334 2943 1373 vero
2976 1320 3189 1387 opinor,
3224 1318 3366 1371 factu
3428 1316 3530 1369 im-

1959 1409 2222 1479 possibile
2252 1418 2390 1465 erat.
2425 1407 2492 1463 Ut
2522 1419 2702 1463 autem
2730 1411 2913 1464 hostes
2968 1410 3169 1465 detecti
3204 1410 3334 1472 sint,
3372 1408 3529 1462 triste

1957 1502 2139 1571 potius
2167 1500 2370 1569 aliquid
2400 1498 2597 1565 ferant,
2632 1515 2796 1569 quam
2837 1498 3091 1556 fecerint.
3128 1500 3200 1554 Ea
3225 1516 3314 1554 res
3345 1500 3524 1566 majus

1958 1594 2086 1662 quid
2113 1600 2242 1646 tunc
2274 1593 2339 1646 ad
2366 1601 2697 1645 momentum
2731 1593 2894 1646 rebus
2922 1592 3175 1655 contulit,
3202 1606 3364 1660 quam
3397 1607 3527 1644 Cttttt

1957 1688 2040 1740 vir
2061 1684 2350 1746 mirabilis.
2382 1700 2410 1738 a
2438 1684 2665 1739 Romani
2686 1685 2892 1754 pridem
2914 1682 3127 1753 imperii
3148 1683 3354 1736 ditione
3372 1682 3526 1734 avul-

1965 1794 2080 1834 sam
2112 1778 2413 1844 civit-item,
2441 1777 2618 1832 eidem
2652 1775 2870 1842 adjecit.
2898 1773 2971 1828 Ea
3014 1789 3121 1840 res,
3157 1773 3295 1828 nihil
3348 1773 3530 1825 minus

1962 1871 2255 1927 sublimem
2283 1868 2711 1923 admirandiviri
2750 1866 3100 1935 sapientiam,
3133 1864 3359 1933 ejusque
3408 1862 3531 1915 uni-

1961 1965 2226 2019 versalem
2250 1962 2533 2018 scientiam
2565 1960 2821 2021 ostendit,
2850 1974 3015 2029 quam
3051 1972 3177 2014 cum
3198 1958 3360 2012 urbes
3386 1956 3523 2009 alias

1962 2070 2075 2110 suae
2102 2054 2331 2109 ditionis
2356 2052 2503 2107 fecit.
2536 2051 2700 2104 Plane
2735 2065 2882 2110 vero.
2934 2047 3161 2118 Tempus
3212 2058 3290 2101 est
3346 2046 3530 2115 acqui-

1962 2148 2127 2208 rendi.
2155 2158 2357 2214 tempus
2381 2144 2792 2215 perdendi,quze
2805 2140 3116 2199 Salomonis
3134 2138 3399 2195 sententia
3423 2147 3527 2195 est,

1964 2250 2023 2295 ut
2046 2240 2171 2310 quis
2197 2239 2525 2299 meminerit,
2544 2251 2670 2290 cum
2701 2234 2786 2287 ille
2806 2232 3076 2289 universis
3100 2240 3313 2300 tempus
3336 2229 3529 2311 distri-

1960 2335 2076 2390 buit
2105 2348 2470 2403 :quamquam
2492 2330 2723 2384 duorum
2742 2328 2998 2392 alterum,
3026 2324 3157 2378 dare
3178 2322 3529 2379 scilicetcum

1962 2425 2033 2480 sit
2081 2433 2471 2494 opportunum,
2526 2430 2613 2476 res
2664 2416 2915 2474 sublimis
2959 2414 3124 2471 animi
3179 2414 3249 2468 sit
3287 2426 3349 2466 ac
3401 2425 3535 2480 pau-

1962 2531 2088 2573 001³11
2097 2533 2144 2569 ιιι
2154 2555 2168 2568 .

2035 2698 2171 2752 Cum
2216 2695 2361 2750 enim
2402 2693 2650 2765 plerique
2701 2690 2928 2745 omnino
2978 2686 3279 2758 respiciant
3321 2686 3390 2741 ad
3445 2699 3532 2739 res

1966 2797 2277 2860 praesentes.
2312 2785 2634 2852 futurasquc
2672 2781 2949 2852 negligant
2978 2789 3238 2848 tanquam
3267 2778 3528 2837 incertas,

1914 2952 1933 2968 ο
1967 2883 2153 2950 utique
2185 2892 2479 2950 paucorum
2512 2876 2603 2940 sit,
2632 2883 2690 2928 ut
2724 2888 2912 2942 parum
2934 2872 3066 2941 quid
3120 2871 3221 2925 sibi
3279 2866 3528 2924 subtrahi

1971 2974 2263 3044 patiantur,
2296 2984 2405 3039 quo
2438 2967 2738 3021 maximum
2763 2963 2894 3034 quid
2925 2963 3154 3017 necdum
3184 2976 3422 3030 praesens
3443 2975 3532 3012 ac.

284 3059 463 3121 αὐτοῖς
497 3059 630 3112 ἀντὶ
663 3059 925 3127 μεγίστης
970 3058 1136 3127 μήπω
1181 3058 1485 3127 παρούσης.
1521 3057 1659 3111 Ἀλλ’
1699 3048 1851 3120 οὗτός

1967 3066 2211 3124 cesserit.
2245 3062 2395 3119 Haud
2424 3063 2705 3117 enimvero
2738 3058 2805 3114 iis
2831 3058 2919 3112 ille
2936 3054 3407 3115 similishabebat,
3430 3053 3522 3119 qui

283 3167 343 3216 γε
362 3151 424 3202 οὐ
439 3148 575 3203 κατ’
594 3147 835 3213 ἐκείνους
862 3149 989 3213 τοῦς
1011 3151 1078 3202 τά
1102 3151 1159 3202 ἐν
1186 3150 1311 3202 ποσὶ
1338 3152 1502 3219 μόνον
1529 3149 1853 3219 βλέποντας.

283 3241 416 3295 ἁ).λά
445 3243 551 3296 καὶ
582 3242 645 3294 τὸ
676 3240 867 3312 μέλλον
897 3244 1224 3313 προεωρᾶτο
1255 3241 1415 3311 εῐπερ
1448 3259 1529 3303 τις
1560 3242 1740 3304 ἄλλος,
1765 3240 1857 3293 καὶ

284 3335 413 3404 περὶ
440 3334 674 3388 πάντων
697 3333 819 3400 ἑξῆς
847 3334 1128 3403 ἐφρόντιζε
1164 3333 1273 3386 τῶν
1297 3336 1660 3401 πραγμάτων.
1692 3333 1858 3385 Ὅθεν

284 3425 723 3496 ἐξησθενηκυῖαν
774 3425 917 3494 δρῶν
967 3424 1065 3495 τὴν
1114 3424 1271 3497 πόλιν
1319 3423 1397 3494 τῷ
1446 3422 1856 3494 πολιορκεῖσθαι

288 3519 485 3587 μακρῷ
521 3516 604 3585 τῷ
637 3515 838 3586 χρόνῳ,
866 3517 959 3569 καὶ
1003 3517 1063 3568 τὸ
1106 3515 1364 3585 ἐσόμενον
1417 3515 1635 3577 πάντως
1670 3514 1858 3583 ὥσπερ

288 3612 376 3664 ὑπ’
401 3610 533 3679 ὄψιν
561 3610 725 3680 ἔχων,
754 3608 830 3671 ὡς
852 3609 902 3661 oi
930 3608 1345 3677 πολιορκοῦντες
1381 3607 1650 3678 βάρϐαροι
1679 3622 1859 3674 παρα-

287 3708 585 3772 στήσονται
633 3704 732 3774 μὲν
767 3703 937 3773 αὐτὴν
988 3703 1050 3757 οὐ
1088 3703 1227 3773 μετὰ
1275 3702 1444 3756 πολύν
1477 3719 1599 3754 τινα
1646 3703 1855 3771 χρόνον,

289 3797 741 3865 παραστήσονται
770 3794 826 3848 δέ
853 3794 1070 3858 πλείους
1102 3793 1265 3855 εὐθὺς
1300 3792 1518 3863 ἐκείνης
1548 3792 1862 3863 κρατήσαν-
1904 3806 1909 3809 ‘

285 3903 398 3953 τες,
438 3887 536 3939 καὶ
569 3885 818 3955 χωρήσει
862 3884 923 3937 τδ
955 3881 1129 3936 δεινὸν
1169 3883 1259 3935 ἐπὶ
1296 3881 1571 3934 πλεῖστον⁸
1615 3880 1861 3949 ἡγήσατο

285 3977 345 4028 τὸ
382 3977 596 4045 ταύτην
626 3972 917 4044 προέσθαι,
962 3972 1105 4040 ὑπὲρ
1132 3970 1225 4024 τοῦ
1262 3970 1337 4041 μὴ
1372 3970 1596 4031 πλείους
1641 3970 1860 4037 σύναμα

284 4072 482 4140 ταύτῃ,
530 4066 832 4137 κέρδοςοὺ
891 4063 1088 4135 μικρὸν
1144 4059 1427 4116 εἶναισκαὶ
1478 4060 1639 4131 ἐῴκει
1690 4059 1861 4111 ταῦτα

285 4160 548 4229 πράττων
573 4158 685 4218 τοῖς
717 4154 934 4227 σφοδρῷ
965 4152 1217 4224 ληφθεῖσι
1242 4153 1492 4217 κλύδωνι,
1513 4151 1561 4204 οἳ
1590 4151 1709 4213 ταῖς
1734 4151 1860 4202 ἐαυο

285 4252 392 4306 τῶν
443 4250 611 4320 χερσὶ
660 4248 834 4301 πολλά
880 4247 991 4300 τῶν
1046 4247 1347 4316 ἀγωγίμων
1402 4242 1857 4310 ἀποϐαλλόμενοι,

289 4344 479 4412 κέρδος
510 4341 615 4413 τὴν
653 4340 858 4411 ζημίαν
902 4336 1302 4410 ἡγοῦνταιόὐχ
1336 4335 1525 4397 ἀπλῶς
1562 4334 1638 4403 τῷ
1684 4333 1863 4404 πράγ-

286 4526 381 4578 τοῦ
422 4522 631 4592 καιροῦ
688 4522 827 4591 πρὸς
877 4519 1189 4574 τούναντίον
1242 4516 1589 4586 βιαζομένου,
1646 4515 1707 4567 τὸ
1756 4515 1865 4567 πᾶν

290 4611 478 4675 κακῶς
512 4611 886 4666 ἀπολέσωσιν.
908 4608 1092 4671 Ὥστε,
1120 4606 1373 4676 καθάπερ
1405 4605 1597 4673 τοπρὶν
1626 4601 1864 4674 εἰληφὼς

288 4703 523 4773 ταυτηνὶ
574 4703 677 4771 τὴν
730 4699 1111 4771 πολυύμνητον
1159 4697 1338 4761 πόλιν,
1393 4695 1718 4765 ἀναλώμασι
1765 4695 1867 4765 μέν

292 4794 534 4857 πολλοῖς,
560 4794 774 4846 πλείοσι
795 4791 851 4844 δὲ
877 4792 1082 4856 πόνοις,
1100 4790 1364 4851 κινδύνοις
1384 4787 1439 4842 δέ
1456 4789 1538 4841 ὅτι
1564 4786 1868 4850 πλείστοις,

294 4886 469 4956 μέγας
503 4884 605 4950 ὣν,
643 4885 739 4938 καὶ
770 4883 1064 4937 δέδεικται·
1094 4882 1236 4934 οὕτω
1273 4880 1368 4933 καὶ
1412 4878 1558 4942 τότε,
1594 4875 1864 4939 δεδωκὼς,

289 4979 459 5045 ἡνίκα
508 4993 596 5041 τε,
637 4976 730 5029 καὶ
777 4969 858 5038 οἷς
891 4975 1081 5044 ἐχρῆν,
1123 4974 1216 5026 καὶ
1247 4972 1322 5034 ὡς
1355 4972 1455 5024 οὐκ
1492 4970 1559 5023 ἂν
1586 4965 1654 5040 ἦν
1692 4969 1867 5037 ἄλλως

291 5072 507 5140 βέλτιον
540 5069 858 5124 δεδωκέναι.
883 5068 1012 5121 Ὅτε
1040 5071 1151 5136 γὰρ
1181 5066 1281 5119 οὐκ
1305 5059 1373 5134 ἦν
1400 5062 1614 5132 ἐκείνην
1642 5060 1721 5113 ἐτι
1751 5059 1868 5113 δια-

291 5160 595 5225 σώζεσθαι,
627 5162 726 5214 καὶ
775 5160 890 5220 τοῖς
938 5158 1209 5226 Φρερίοις.
1256 5159 1349 5211 καὶ
1408 5154 1548 5222 μετὰ
1598 5150 1865 5222 λαμπρῶν

289 5254 674 5323 ὕποσχόσεων,
711 5250 927 5321 βοηθεῖν
970 5250 1101 5320 ἡμῖν
1132 5248 1375 5310 ἐκείνους
1415 5245 1589 5299 ἅπασι
1618 5244 1862 5313 τρόποις.

360 5347 549 5399 Πόσον
590 5343 682 5397 οὖν
717 5339 1096 5411 θαυμάζεσθαι
1139 5339 1370 5402 δίκαιος,
1405 5337 1453 5388 εί
1483 5336 1621 5404 ὅπερ
1648 5336 1869 5394 πάντως

287 5438 526 5507 ἔμελλεν
556 5437 615 5489 ἐν
640 5437 762 5496 ταῖς
806 5434 914 5486 τῶν
949 5430 1161 5501 ἐχθρῶν
1201 5427 1391 5499 χερσὶν
1428 5426 1671 5479 ἀπίστων
1697 5422 1868 5476 όντων

288 5528 547 5589 ἔσεσθαι,
584 5524 743 5579 τοῦτο
791 5524 966 5593 φίλοις
1001 5522 1096 5576 καὶ
1145 5518 1493 5588 Χριστιανοῖς
1539 5515 1864 5583 ἐκεχείριστ,

290 5620 388 5672 καὶ
418 5615 605 5685 ταύτῃ
628 5631 694 5682 γε
727 5614 1052 5684 συμμάχους
1086 5610 1289 5674 αὐτοὺς
1313 5607 1584 5675 ἐκτήσατο
1608 5604 1701 5656 τοῦ
1729 5604 1867 5673 πρὸς

290 5709 551 5769 ἐκείνους
581 5706 853 5777 πολέμου;
883 5706 992 5761 Καὶ
1032 5706 1198 5759 πάὶαι
1229 5705 1336 5772 γὰρ
1362 5701 1487 5761 τοὺς
1522 5696 1718 5766 ἄνδρας
1746 5695 1867 5749 το)-

1959 3169 2171 3216 tautum
2205 3157 2388 3211 vident
2417 3155 2470 3207 in
2503 3153 2731 3223 pedibus
2756 3148 3098 3220 posita.quiu
3127 3146 3294 3200 futuri
3322 3144 3531 3212 ttanis

1956 3251 2096 3307 alius
2124 3247 2446 3318 praevidens,
2471 3244 2748 3301 universis
2770 3240 3029 3311 deinceps
3059 3253 3249 3294 curam
3283 3236 3518 3291 adhibe-

1959 3347 2068 3400 lat.
2100 3342 2305 3398 Videns
2332 3342 2514 3410 itaque
2546 3339 2778 3393 fractam
2803 3335 3018 3391 viribus
3051 3333 3240 3388 urbem
3297 3346 3326 3383 a
3373 3329 3530 3394 longa

1954 3436 2261 3498 obsidione,
2282 3449 2344 3488 ac
2374 3432 2518 3503 quod
2546 3430 2790 3485 futurum
2816 3429 3047 3482 essetob
3068 3424 3257 3478 oculos
3281 3422 3488 3474 habens
3514 3437 3528 3483 ;

1957 3528 2076 3584 fore
2106 3528 2362 3581 nimirum
2396 3534 2455 3579 ut
2483 3522 2806 3579 obsidentes
2829 3518 3056 3574 Barbari
3086 3531 3148 3571 ea
3176 3514 3324 3570 brevi
3391 3512 3526 3580 poti-

1957 3627 2169 3683 rentur,
2195 3627 2359 3685 utque
2375 3615 2552 3670 statim
2572 3628 2638 3668 ea
2676 3620 3007 3681 expugnata,
3029 3606 3224 3662 mirum
3264 3612 3530 3674 quantum

1960 3718 2313 3782 promovente
2376 3708 2557 3769 malo.
2604 3705 2787 3774 plures
2842 3702 2978 3757 alias
3030 3698 3243 3769 capturi
3291 3703 3473 3750 essent
3515 3709 3530 3757 ;

1960 3801 2100 3857 lucri
2130 3814 2237 3854 non
2263 3798 2460 3854 modici
2485 3796 2860 3851 accessionem
2879 3793 2996 3863 ejus
3028 3788 3547 3859 Imlmitjacturam,

1961 3904 2021 3949 ut
2051 3909 2118 3947 ne
2146 3891 2360 3958 majori,
2394 3892 2582 3959 plures
2612 3903 2717 3942 una
2749 3887 3045 3942 amitteret.
3076 3883 3149 3935 Ea
3173 3897 3338 3951 porro
3371 3879 3531 3933 moli-

1963 3987 2107 4040 tione
2135 3983 2200 4039 iis
2222 3980 2420 4038 similis
2444 3978 2751 4041 videbatur,
2781 3975 2874 4046 qui
2905 3970 3359 4043 magnaicorrepti
3398 3980 3533 4023 tem-

1962 4082 2195 4146 pestate,
2228 4086 2440 4126 merces
2475 4069 2677 4124 multas
2714 4062 3530 4131 manibusipsisalojactantes,

1958 4167 2229 4235 jacturam
2258 4161 2396 4216 lucri
2420 4159 2631 4213 ducunt
2661 4173 2674 4209 :
2706 4170 2813 4209 non
2833 4153 2956 4221 quia
2977 4166 3035 4204 re
3059 4150 3420 4211 delectentur,
3439 4147 3534 4201 sed

1964 4263 2024 4310 ut
2051 4270 2116 4309 ne
2138 4266 2349 4307 merces
2381 4258 2520 4305 totas
2551 4246 2785 4302 retinere
2828 4244 3095 4305 volentes,
3143 4252 3267 4293 cum
3321 4246 3534 4302 tempus

1968 4342 2312 4405 adversetur,
2344 4338 2484 4393 male
2516 4344 2659 4391 totas
2704 4334 2980 4389 amittant.
3030 4327 3400 4397 Quamobrem
3457 4326 3532 4378 uti

182 4450 188 4455 ‘
288 4408 417 4503 ματε
444 4408 763 4504 χαίροντες,
790 4408 1025 4483 ἀλλ’ήῖνα
1062 4428 1138 4498 μὴ
1160 4427 1222 4481 τὸ
1252 4428 1358 4480 πᾶν
1391 4426 1665 4487 ἐθέλοντες
1694 4422 1859 4492 ἔχειν,

1970 4446 2127 4493 antea
2161 4434 2321 4501 longe
2343 4428 2752 4486 celeberrimam
2776 4423 2965 4479 urbem
2996 4421 3187 4477 multis
3206 4420 3532 4488 sumptibus,

1975 4520 2403 4591 impensiorique
2437 4518 2643 4581 labore,
2670 4530 2733 4570 ac
2764 4512 3020 4585 plurimis
3055 4510 3345 4567 defunctus
3387 4511 3534 4578 peri-

1969 4616 2110 4671 culis
2159 4614 2213 4667 in
2238 4611 2497 4667 ditionem
2524 4607 2819 4677 recipiens,
2837 4620 2959 4659 cum
2979 4611 3124 4658 esset
3149 4617 3396 4671 magnus,
3414 4615 3535 4652 sese

1970 4720 2226 4773 magnum
2258 4700 2499 4757 ostendit
2535 4717 2548 4752 :
2575 4699 2654 4754 sic
2670 4712 2891 4768 quoque
2917 4712 3011 4765 per
3042 4695 3095 4748 id
3127 4702 3365 4761 tempus.
3409 4705 3533 4745 cum

1970 4797 2232 4858 dedisset,
2258 4792 2476 4863 quando
2506 4806 2570 4845 ac
2593 4790 2794 4859 quibus
2819 4802 2914 4857 par
2940 4795 3105 4851 esset,
3137 4795 3299 4854 atque
3328 4793 3388 4837 ut
3418 4800 3533 4836 mr-

1966 4888 2073 4942 lius
2104 4885 2307 4954 alioqui
2332 4899 2436 4938 non
2456 4889 2634 4953 posset
2664 4880 2837 4933 trahi:
2863 4877 3255 4932 tum'nimirum
3288 4888 3533 4929 cumnon

1974 4987 2119 5031 esset
2145 4975 2450 5031 servando:
2477 4981 2642 5041 atque
2664 4973 2799 5025 adeo
2827 4969 3110 5043 fratribus,
3133 4968 3226 5038 qui
3248 4974 3302 5021 et
3322 4966 3535 5020 abunde

1970 5067 2273 5135 magniﬁcis
2299 5062 2811 5134 pollicitationibus,
2842 5060 3019 5114 modis
3051 5075 3110 5114 se
3135 5058 3394 5113 omnibus
3435 5073 3535 5109 no-

1974 5161 2056 5215 bis
2084 5159 2341 5229 deinceps
2369 5154 2730 5212 auxiliaturos
2764 5156 3090 5223 reciperent.

2040 5336 2215 5403 Quam
2242 5348 2371 5404 ergo
2405 5334 2530 5405 jure
2573 5329 2954 5393 admirandus,
3017 5337 3077 5382 ut
3120 5330 3263 5397 quod
3310 5326 3535 5381 omnino

1973 5441 2255 5481 cessurum
2278 5432 2397 5478 erat
2420 5427 2471 5477 in
2504 5420 2738 5477 hostium
2762 5426 3108 5489 potestatem,
3143 5418 3304 5485 idque
3349 5415 3537 5471 inﬁde-

1971 5518 2127 5582 lium,
2158 5519 2260 5571 hoc
2291 5516 2381 5568 ille
2401 5514 2596 5569 amicis
2646 5526 2707 5566 ac
2733 5507 3063 5565 Christianis
3091 5508 3408 5572 crediderit,
3451 5519 3535 5561 at-

1974 5623 2078 5678 que
2109 5622 2170 5661 ea
2190 5622 2247 5661 re
2269 5605 2394 5661 belli
2420 5605 2472 5659 in
2487 5618 2579 5659 eos
2597 5603 2774 5658 socios
2792 5600 3231 5670 comparaverit?
3253 5597 3369 5653 Jam
3392 5600 3533 5651 enim

1972 5701 2102 5755 olim
2134 5698 2291 5754 nobis
2317 5712 2437 5751 cum
2462 5695 2541 5749 eis
2564 5691 2917 5750 necessitudo
2945 5703 3080 5747 erat.
3109 5687 3265 5747 Unde
3294 5708 3415 5745 cum
3438 5690 3533 5776 ab:
