  <div class='ocr_page' id='page_1' title='image "/cluster/home/n/w/nwhite01/storage/ocr_20150623/156/hvd.32044073502650/129.png"; bbox 0 0 3976 6206; ppageno 0'>
   <div class='ocr_carea' id='block_1_1' title="bbox 498 254 696 315">
    <p class='ocr_par' dir='ltr' id='par_1_1' title="bbox 498 254 696 315">
     <span class='ocr_line' id='line_1_1' title="bbox 498 254 696 315; baseline 0 0"><span class='ocrx_word' id='word_1_1' title='bbox 498 254 604 315; x_wconf 71' lang='grc' dir='ltr'><strong>24Ἱ</strong></span> <span class='ocrx_word' id='word_1_2' title='bbox 694 285 696 287; x_wconf 90' lang='grc'><strong>·</strong></span> 
     </span>
    </p>
   </div>
   <div class='ocr_carea' id='block_1_2' title="bbox 1679 266 2562 337">
    <p class='ocr_par' dir='ltr' id='par_1_2' title="bbox 1679 266 2562 337">
     <span class='ocr_line' id='line_1_2' title="bbox 1679 266 2562 337; baseline 0.014 -11"><span class='ocrx_word' id='word_1_3' title='bbox 1679 267 1728 326; x_wconf 87' lang='grc' dir='ltr'><strong>Μ</strong></span> <span class='ocrx_word' id='word_1_4' title='bbox 1746 268 1838 327; x_wconf 83' lang='lat' dir='ltr'><strong>AN</strong></span> <span class='ocrx_word' id='word_1_5' title='bbox 1850 266 2076 327; x_wconf 88' lang='lat' dir='ltr'>UELIS</span> <span class='ocrx_word' id='word_1_6' title='bbox 2117 271 2373 332; x_wconf 67' lang='lat' dir='ltr'><strong>PALAZO</strong></span> <span class='ocrx_word' id='word_1_7' title='bbox 2385 277 2562 337; x_wconf 75' lang='lat' dir='ltr'>LOGI</span> 
     </span>
    </p>
   </div>
   <div class='ocr_carea' id='block_1_3' title="bbox 3627 270 3738 338">
    <p class='ocr_par' dir='ltr' id='par_1_3' title="bbox 3627 270 3738 338">
     <span class='ocr_line' id='line_1_3' title="bbox 3627 270 3738 338; baseline 0.036 -4"><span class='ocrx_word' id='word_1_8' title='bbox 3627 270 3738 338; x_wconf 65' lang='grc'><strong>243</strong></span> 
     </span>
    </p>
   </div>
   <div class='ocr_carea' id='block_1_4' title="bbox 498 366 2028 462">
    <p class='ocr_par' dir='ltr' id='par_1_4' title="bbox 498 366 2028 447">
     <span class='ocr_line' id='line_1_4' title="bbox 498 366 2028 447; baseline 0.009 -31"><span class='ocrx_word' id='word_1_9' title='bbox 498 366 717 433; x_wconf 83' lang='lat' dir='ltr'><strong>quando</strong></span> <span class='ocrx_word' id='word_1_10' title='bbox 741 367 1106 434; x_wconf 83' lang='lat' dir='ltr'><strong>necessarium</strong></span> <span class='ocrx_word' id='word_1_11' title='bbox 1123 371 1449 429; x_wconf 80' lang='lat' dir='ltr'><strong>haberemus</strong></span> <span class='ocrx_word' id='word_1_12' title='bbox 1475 376 1539 428; x_wconf 83' lang='lat' dir='ltr'><strong>ah</strong></span> <span class='ocrx_word' id='word_1_13' title='bbox 1562 377 1753 432; x_wconf 81' lang='lat' dir='ltr'><strong>amicis</strong></span> <span class='ocrx_word' id='word_1_14' title='bbox 1770 379 2028 447; x_wconf 77' lang='lat' dir='ltr'><strong>auxilium</strong></span> 
     </span>
    </p>
   </div>
   <div class='ocr_carea' id='block_1_5' title="bbox 2134 366 3734 462">
    <p class='ocr_par' dir='ltr' id='par_1_5' title="bbox 2134 386 3734 462">
     <span class='ocr_line' id='line_1_5' title="bbox 2134 386 3734 462; baseline -0.008 -11"><span class='ocrx_word' id='word_1_15' title='bbox 2134 401 2310 450; x_wconf 75' lang='grc' dir='ltr'><strong>ιτους,</strong></span> <span class='ocrx_word' id='word_1_16' title='bbox 2361 390 2422 441; x_wconf 75' lang='grc' dir='ltr'><strong>ἐν</strong></span> <span class='ocrx_word' id='word_1_17' title='bbox 2469 389 2728 461; x_wconf 76' lang='grc' dir='ltr'><strong>συνηθείᾳ</strong></span> <span class='ocrx_word' id='word_1_18' title='bbox 2791 408 2906 454; x_wconf 86' lang='grc' dir='ltr'><strong>πως</strong></span> <span class='ocrx_word' id='word_1_19' title='bbox 2957 392 3196 462; x_wconf 75' lang='grc' dir='ltr'>εἴχομεν.</span> <span class='ocrx_word' id='word_1_20' title='bbox 3224 389 3388 444; x_wconf 86' lang='grc' dir='ltr'>Ὅθεν</span> <span class='ocrx_word' id='word_1_21' title='bbox 3450 386 3544 440; x_wconf 88' lang='grc' dir='ltr'><strong>καί</strong></span> <span class='ocrx_word' id='word_1_22' title='bbox 3607 401 3734 438; x_wconf 79' lang='grc' dir='ltr'>ποτε</span> 
     </span>
    </p>
   </div>
   <div class='ocr_carea' id='block_1_6' title="bbox 499 459 2063 531">
    <p class='ocr_par' dir='ltr' id='par_1_6' title="bbox 499 459 2063 531">
     <span class='ocr_line' id='line_1_6' title="bbox 499 459 2063 531; baseline 0.009 -21"><span class='ocrx_word' id='word_1_23' title='bbox 499 459 662 512; x_wconf 85' lang='lat' dir='ltr'><strong>saluti</strong></span> <span class='ocrx_word' id='word_1_24' title='bbox 692 461 1020 525; x_wconf 46' lang='lat' dir='ltr'><strong>consulturi,</strong></span> <span class='ocrx_word' id='word_1_25' title='bbox 1070 465 1414 531; x_wconf 71' lang='lat' dir='ltr'><strong>przebuerunt</strong></span> <span class='ocrx_word' id='word_1_26' title='bbox 1457 468 1531 521; x_wconf 79' lang='lat' dir='ltr'><strong>illi</strong></span> <span class='ocrx_word' id='word_1_27' title='bbox 1583 469 1727 523; x_wconf 84' lang='lat' dir='ltr'><strong>haud</strong></span> <span class='ocrx_word' id='word_1_28' title='bbox 1786 470 2063 524; x_wconf 89' lang='lat' dir='ltr'><strong>modicum</strong></span> 
     </span>
    </p>
   </div>
   <div class='ocr_carea' id='block_1_7' title="bbox 495 551 2065 632">
    <p class='ocr_par' dir='ltr' id='par_1_7' title="bbox 495 551 2065 632">
     <span class='ocr_line' id='line_1_7' title="bbox 495 551 2065 632; baseline 0.01 -31"><span class='ocrx_word' id='word_1_29' title='bbox 495 551 774 605; x_wconf 78' lang='lat' dir='ltr'><strong>sulnniss-o</strong></span> <span class='ocrx_word' id='word_1_30' title='bbox 805 553 1088 609; x_wconf 80' lang='lat' dir='ltr'><strong>classiario</strong></span> <span class='ocrx_word' id='word_1_31' title='bbox 1119 557 1308 622; x_wconf 82' lang='lat' dir='ltr'><strong>milite,</strong></span> <span class='ocrx_word' id='word_1_32' title='bbox 1341 575 1463 611; x_wconf 89' lang='lat' dir='ltr'><strong>cum</strong></span> <span class='ocrx_word' id='word_1_33' title='bbox 1496 561 1608 614; x_wconf 84' lang='lat' dir='ltr'><strong>sola</strong></span> <span class='ocrx_word' id='word_1_34' title='bbox 1665 564 2065 632; x_wconf 76' lang='lat' dir='ltr'><strong>magnificentia</strong></span> 
     </span>
    </p>
   </div>
   <div class='ocr_carea' id='block_1_8' title="bbox 494 642 2064 712">
    <p class='ocr_par' dir='ltr' id='par_1_8' title="bbox 494 642 2064 712">
     <span class='ocr_line' id='line_1_8' title="bbox 494 642 2064 712; baseline 0.011 -21"><span class='ocrx_word' id='word_1_35' title='bbox 494 655 556 693; x_wconf 86' lang='lat' dir='ltr'><strong>ac</strong></span> <span class='ocrx_word' id='word_1_36' title='bbox 577 642 804 705; x_wconf 69' lang='lat' dir='ltr'><strong>iuvandi</strong></span> <span class='ocrx_word' id='word_1_37' title='bbox 834 645 1014 698; x_wconf 69' lang='lat' dir='ltr'><strong>studio</strong></span> <span class='ocrx_word' id='word_1_38' title='bbox 1041 657 1352 712; x_wconf 78' lang='lat' dir='ltr'><strong>agerentur.</strong></span> <span class='ocrx_word' id='word_1_39' title='bbox 1381 649 1538 704; x_wconf 86' lang='lat' dir='ltr'><strong>Nulla</strong></span> <span class='ocrx_word' id='word_1_40' title='bbox 1553 654 1697 706; x_wconf 88' lang='lat' dir='ltr'><strong>enim</strong></span> <span class='ocrx_word' id='word_1_41' title='bbox 1740 655 1880 708; x_wconf 90' lang='lat' dir='ltr'><strong>ratio</strong></span> <span class='ocrx_word' id='word_1_42' title='bbox 1901 654 2064 708; x_wconf 85' lang='lat' dir='ltr'><strong>debiti</strong></span> 
     </span>
    </p>
   </div>
   <div class='ocr_carea' id='block_1_9' title="bbox 489 733 2064 813">
    <p class='ocr_par' dir='ltr' id='par_1_9' title="bbox 489 733 2064 813">
     <span class='ocr_line' id='line_1_9' title="bbox 489 733 2064 813; baseline 0.012 -30"><span class='ocrx_word' id='word_1_43' title='bbox 489 733 709 784; x_wconf 78' lang='lat' dir='ltr'><strong>suberat</strong></span> <span class='ocrx_word' id='word_1_44' title='bbox 741 743 798 785; x_wconf 94' lang='lat' dir='ltr'><strong>nt</strong></span> <span class='ocrx_word' id='word_1_45' title='bbox 823 749 977 803; x_wconf 90' lang='lat' dir='ltr'><strong>opem</strong></span> <span class='ocrx_word' id='word_1_46' title='bbox 1019 735 1242 801; x_wconf 74' lang='lat' dir='ltr'><strong>ferrent,</strong></span> <span class='ocrx_word' id='word_1_47' title='bbox 1276 755 1452 807; x_wconf 85' lang='lat' dir='ltr'><strong>neque</strong></span> <span class='ocrx_word' id='word_1_48' title='bbox 1482 741 1685 797; x_wconf 83' lang='lat' dir='ltr'><strong>ferendi</strong></span> <span class='ocrx_word' id='word_1_49' title='bbox 1709 746 1828 813; x_wconf 83' lang='lat' dir='ltr'><strong>ejus</strong></span> <span class='ocrx_word' id='word_1_50' title='bbox 1874 761 2064 801; x_wconf 87' lang='lat' dir='ltr'><strong>sacra-</strong></span> 
     </span>
    </p>
   </div>
   <div class='ocr_carea' id='block_1_10' title="bbox 492 826 2068 905">
    <p class='ocr_par' dir='ltr' id='par_1_10' title="bbox 492 826 2068 905">
     <span class='ocr_line' id='line_1_10' title="bbox 492 826 2068 905; baseline 0.013 -33"><span class='ocrx_word' id='word_1_51' title='bbox 492 837 730 876; x_wconf 86' lang='lat' dir='ltr'><strong>mentum</strong></span> <span class='ocrx_word' id='word_1_52' title='bbox 756 826 923 879; x_wconf 90' lang='lat' dir='ltr'><strong>ullum</strong></span> <span class='ocrx_word' id='word_1_53' title='bbox 945 828 1264 893; x_wconf 76' lang='lat' dir='ltr'><strong>emiserant,</strong></span> <span class='ocrx_word' id='word_1_54' title='bbox 1291 845 1348 884; x_wconf 88' lang='lat' dir='ltr'><strong>ut</strong></span> <span class='ocrx_word' id='word_1_55' title='bbox 1373 833 1426 884; x_wconf 89' lang='lat' dir='ltr'><strong>in</strong></span> <span class='ocrx_word' id='word_1_56' title='bbox 1451 844 1735 890; x_wconf 78' lang='lat' dir='ltr'><strong>contractu</strong></span> <span class='ocrx_word' id='word_1_57' title='bbox 1760 853 1856 905; x_wconf 88' lang='lat' dir='ltr'><strong>pro</strong></span> <span class='ocrx_word' id='word_1_58' title='bbox 1873 838 2068 892; x_wconf 89' lang='lat' dir='ltr'><strong>Corin-</strong></span> 
     </span>
    </p>
   </div>
   <div class='ocr_carea' id='block_1_11' title="bbox 491 913 2067 988">
    <p class='ocr_par' dir='ltr' id='par_1_11' title="bbox 491 913 2067 988">
     <span class='ocr_line' id='line_1_11' title="bbox 491 913 2067 988; baseline 0.011 -23"><span class='ocrx_word' id='word_1_59' title='bbox 491 913 585 966; x_wconf 90' lang='lat' dir='ltr'><strong>tho</strong></span> <span class='ocrx_word' id='word_1_60' title='bbox 606 915 901 970; x_wconf 89' lang='lat' dir='ltr'><strong>celebrato.</strong></span> <span class='ocrx_word' id='word_1_61' title='bbox 925 918 1124 988; x_wconf 88' lang='lat' dir='ltr'><strong>Liquet</strong></span> <span class='ocrx_word' id='word_1_62' title='bbox 1155 930 1334 976; x_wconf 91' lang='lat' dir='ltr'><strong>autem</strong></span> <span class='ocrx_word' id='word_1_63' title='bbox 1365 933 1418 976; x_wconf 92' lang='lat' dir='ltr'><strong>ut</strong></span> <span class='ocrx_word' id='word_1_64' title='bbox 1437 925 1548 979; x_wconf 64' lang='lat' dir='ltr'><strong>haec</strong></span> <span class='ocrx_word' id='word_1_65' title='bbox 1568 927 1709 980; x_wconf 87' lang='lat' dir='ltr'><strong>inter</strong></span> <span class='ocrx_word' id='word_1_66' title='bbox 1736 929 1962 982; x_wconf 88' lang='lat' dir='ltr'><strong>multum</strong></span> <span class='ocrx_word' id='word_1_67' title='bbox 1989 945 2067 983; x_wconf 89' lang='lat' dir='ltr'><strong>re-</strong></span> 
     </span>
    </p>
   </div>
   <div class='ocr_carea' id='block_1_12' title="bbox 488 999 2061 1092">
    <p class='ocr_par' dir='ltr' id='par_1_12' title="bbox 488 999 2061 1092">
     <span class='ocr_line' id='line_1_12' title="bbox 488 999 2061 1092; baseline 0.013 -36"><span class='ocrx_word' id='word_1_68' title='bbox 488 1005 649 1057; x_wconf 75' lang='lat' dir='ltr'><strong>ferat.</strong></span> <span class='ocrx_word' id='word_1_69' title='bbox 674 1005 886 1075; x_wconf 84' lang='lat' dir='ltr'><strong>Quippe</strong></span> <span class='ocrx_word' id='word_1_70' title='bbox 908 999 1137 1066; x_wconf 76' lang='lat' dir='ltr'><strong>multum</strong></span> <span class='ocrx_word' id='word_1_71' title='bbox 1175 1023 1397 1082; x_wconf 57' lang='lat' dir='ltr'><strong>prastat</strong></span> <span class='ocrx_word' id='word_1_72' title='bbox 1447 1017 1514 1070; x_wconf 86' lang='lat' dir='ltr'><strong>ab</strong></span> <span class='ocrx_word' id='word_1_73' title='bbox 1555 1017 1636 1071; x_wconf 89' lang='lat' dir='ltr'><strong>eis</strong></span> <span class='ocrx_word' id='word_1_74' title='bbox 1675 1023 1918 1090; x_wconf 77' lang='lat' dir='ltr'><strong>accipere</strong></span> <span class='ocrx_word' id='word_1_75' title='bbox 1965 1021 2061 1092; x_wconf 87' lang='lat' dir='ltr'><strong>qui</strong></span> 
     </span>
    </p>
   </div>
   <div class='ocr_carea' id='block_1_13' title="bbox 488 1100 2061 1179">
    <p class='ocr_par' dir='ltr' id='par_1_13' title="bbox 488 1100 2061 1179">
     <span class='ocr_line' id='line_1_13' title="bbox 488 1100 2061 1179; baseline 0.014 -33"><span class='ocrx_word' id='word_1_76' title='bbox 488 1107 746 1160; x_wconf 63' lang='lat' dir='ltr'><strong>praesunt</strong></span> <span class='ocrx_word' id='word_1_77' title='bbox 775 1112 839 1151; x_wconf 84' lang='lat' dir='ltr'><strong>ex</strong></span> <span class='ocrx_word' id='word_1_78' title='bbox 880 1100 1082 1166; x_wconf 88' lang='lat' dir='ltr'><strong>debito,</strong></span> <span class='ocrx_word' id='word_1_79' title='bbox 1119 1117 1282 1171; x_wconf 88' lang='lat' dir='ltr'><strong>quam</strong></span> <span class='ocrx_word' id='word_1_80' title='bbox 1317 1105 1386 1158; x_wconf 92' lang='lat' dir='ltr'><strong>ab</strong></span> <span class='ocrx_word' id='word_1_81' title='bbox 1413 1105 1496 1168; x_wconf 82' lang='lat' dir='ltr'><strong>iis,</strong></span> <span class='ocrx_word' id='word_1_82' title='bbox 1535 1110 1710 1176; x_wconf 60' lang='lat' dir='ltr'><strong>quiiex</strong></span> <span class='ocrx_word' id='word_1_83' title='bbox 1728 1114 1918 1179; x_wconf 83' lang='lat' dir='ltr'><strong>gratia.</strong></span> <span class='ocrx_word' id='word_1_84' title='bbox 1946 1113 2061 1168; x_wconf 79' lang='lat' dir='ltr'><strong>Non</strong></span> 
     </span>
    </p>
   </div>
   <div class='ocr_carea' id='block_1_14' title="bbox 487 1189 2062 1272">
    <p class='ocr_par' dir='ltr' id='par_1_14' title="bbox 487 1189 2062 1272">
     <span class='ocr_line' id='line_1_14' title="bbox 487 1189 2062 1272; baseline 0.016 -36"><span class='ocrx_word' id='word_1_85' title='bbox 487 1194 594 1238; x_wconf 89' lang='lat' dir='ltr'><strong>tam</strong></span> <span class='ocrx_word' id='word_1_86' title='bbox 630 1202 759 1257; x_wconf 82' lang='lat' dir='ltr'><strong>ergo</strong></span> <span class='ocrx_word' id='word_1_87' title='bbox 794 1189 924 1246; x_wconf 83' lang='lat' dir='ltr'><strong>viris</strong></span> <span class='ocrx_word' id='word_1_88' title='bbox 955 1192 1230 1249; x_wconf 84' lang='lat' dir='ltr'><strong>civitatem</strong></span> <span class='ocrx_word' id='word_1_89' title='bbox 1264 1195 1431 1261; x_wconf 80' lang='lat' dir='ltr'><strong>dedit,</strong></span> <span class='ocrx_word' id='word_1_90' title='bbox 1462 1212 1624 1266; x_wconf 83' lang='lat' dir='ltr'><strong>qnam</strong></span> <span class='ocrx_word' id='word_1_91' title='bbox 1658 1216 1752 1272; x_wconf 87' lang='lat' dir='ltr'><strong>per</strong></span> <span class='ocrx_word' id='word_1_92' title='bbox 1784 1219 1903 1258; x_wconf 82' lang='lat' dir='ltr'><strong>eam</strong></span> <span class='ocrx_word' id='word_1_93' title='bbox 1939 1207 2062 1261; x_wconf 76' lang='lat' dir='ltr'><strong>illos</strong></span> 
     </span>
    </p>
   </div>
   <div class='ocr_carea' id='block_1_15' title="bbox 483 1279 718 1346">
    <p class='ocr_par' dir='ltr' id='par_1_15' title="bbox 483 1279 718 1346">
     <span class='ocr_line' id='line_1_15' title="bbox 483 1279 718 1346; baseline 0.017 -18"><span class='ocrx_word' id='word_1_94' title='bbox 483 1279 718 1346; x_wconf 75' lang='lat' dir='ltr'><strong>accepit.</strong></span> 
     </span>
    </p>
   </div>
   <div class='ocr_carea' id='block_1_16' title="bbox 554 1362 2060 1454">
    <p class='ocr_par' dir='ltr' id='par_1_16' title="bbox 554 1362 2060 1454">
     <span class='ocr_line' id='line_1_16' title="bbox 554 1362 2060 1454; baseline 0.016 -34"><span class='ocrx_word' id='word_1_95' title='bbox 554 1362 846 1426; x_wconf 82' lang='lat' dir='ltr'><strong>Enimvero</strong></span> <span class='ocrx_word' id='word_1_96' title='bbox 902 1377 1299 1433; x_wconf 82' lang='lat' dir='ltr'><strong>ostendendum</strong></span> <span class='ocrx_word' id='word_1_97' title='bbox 1338 1395 1465 1450; x_wconf 87' lang='lat' dir='ltr'><strong>puto</strong></span> <span class='ocrx_word' id='word_1_98' title='bbox 1499 1388 1766 1454; x_wconf 84' lang='lat' dir='ltr'><strong>apertius,</strong></span> <span class='ocrx_word' id='word_1_99' title='bbox 1802 1399 1860 1441; x_wconf 86' lang='lat' dir='ltr'><strong>ut</strong></span> <span class='ocrx_word' id='word_1_100' title='bbox 1917 1391 2060 1446; x_wconf 74' lang='lat' dir='ltr'><strong>foret</strong></span> 
     </span>
    </p>
   </div>
   <div class='ocr_carea' id='block_1_17' title="bbox 484 1459 2055 1546">
    <p class='ocr_par' dir='ltr' id='par_1_17' title="bbox 484 1459 2055 1546">
     <span class='ocr_line' id='line_1_17' title="bbox 484 1459 2055 1546; baseline 0.017 -36"><span class='ocrx_word' id='word_1_101' title='bbox 484 1459 685 1512; x_wconf 91' lang='lat' dir='ltr'><strong>malum</strong></span> <span class='ocrx_word' id='word_1_102' title='bbox 707 1477 817 1515; x_wconf 88' lang='lat' dir='ltr'><strong>rem</strong></span> <span class='ocrx_word' id='word_1_103' title='bbox 839 1478 996 1520; x_wconf 88' lang='lat' dir='ltr'><strong>secus</strong></span> <span class='ocrx_word' id='word_1_104' title='bbox 1018 1467 1366 1527; x_wconf 88' lang='lat' dir='ltr'><strong>babuisse.Ut</strong></span> <span class='ocrx_word' id='word_1_105' title='bbox 1385 1477 1528 1529; x_wconf 91' lang='lat' dir='ltr'><strong>enim</strong></span> <span class='ocrx_word' id='word_1_106' title='bbox 1554 1478 1721 1546; x_wconf 86' lang='lat' dir='ltr'><strong>probe</strong></span> <span class='ocrx_word' id='word_1_107' title='bbox 1747 1491 2055 1546; x_wconf 52' lang='lat' dir='ltr'><strong>ten-morum</strong></span> 
     </span>
    </p>
   </div>
   <div class='ocr_carea' id='block_1_18' title="bbox 486 1556 2058 1628">
    <p class='ocr_par' dir='ltr' id='par_1_18' title="bbox 486 1556 2058 1628">
     <span class='ocr_line' id='line_1_18' title="bbox 486 1556 2058 1628; baseline 0.019 -31"><span class='ocrx_word' id='word_1_108' title='bbox 486 1562 782 1618; x_wconf 86' lang='lat' dir='ltr'><strong>rerumque</strong></span> <span class='ocrx_word' id='word_1_109' title='bbox 807 1556 1186 1621; x_wconf 90' lang='lat' dir='ltr'><strong>memineritis,</strong></span> <span class='ocrx_word' id='word_1_110' title='bbox 1234 1572 1350 1616; x_wconf 83' lang='lat' dir='ltr'><strong>erat</strong></span> <span class='ocrx_word' id='word_1_111' title='bbox 1405 1567 1631 1620; x_wconf 85' lang='lat' dir='ltr'><strong>Omnino</strong></span> <span class='ocrx_word' id='word_1_112' title='bbox 1675 1571 1860 1623; x_wconf 78' lang='lat' dir='ltr'><strong>statim</strong></span> <span class='ocrx_word' id='word_1_113' title='bbox 1925 1573 2058 1628; x_wconf 83' lang='lat' dir='ltr'><strong>urbs</strong></span> 
     </span>
    </p>
   </div>
   <div class='ocr_carea' id='block_1_19' title="bbox 485 1638 2051 1723">
    <p class='ocr_par' dir='ltr' id='par_1_19' title="bbox 485 1638 2051 1723">
     <span class='ocr_line' id='line_1_19' title="bbox 485 1638 2051 1723; baseline 0.019 -34"><span class='ocrx_word' id='word_1_114' title='bbox 485 1638 850 1696; x_wconf 85' lang='lat' dir='ltr'><strong>Barbarorum</strong></span> <span class='ocrx_word' id='word_1_115' title='bbox 876 1647 1128 1703; x_wconf 91' lang='lat' dir='ltr'><strong>manibus</strong></span> <span class='ocrx_word' id='word_1_116' title='bbox 1159 1651 1485 1721; x_wconf 83' lang='lat' dir='ltr'><strong>diripienda.</strong></span> <span class='ocrx_word' id='word_1_117' title='bbox 1518 1656 1670 1723; x_wconf 88' lang='lat' dir='ltr'><strong>Quod</strong></span> <span class='ocrx_word' id='word_1_118' title='bbox 1733 1661 1779 1714; x_wconf 89' lang='lat' dir='ltr'><strong>si</strong></span> <span class='ocrx_word' id='word_1_119' title='bbox 1835 1679 2051 1719; x_wconf 79' lang='lat' dir='ltr'><strong>menses</strong></span> 
     </span>
    </p>
   </div>
   <div class='ocr_carea' id='block_1_20' title="bbox 478 1729 2053 1818">
    <p class='ocr_par' dir='ltr' id='par_1_20' title="bbox 478 1729 2053 1818">
     <span class='ocr_line' id='line_1_20' title="bbox 478 1729 2053 1818; baseline 0.018 -36"><span class='ocrx_word' id='word_1_120' title='bbox 478 1729 689 1799; x_wconf 79' lang='lat' dir='ltr'><strong>aliquot</strong></span> <span class='ocrx_word' id='word_1_121' title='bbox 719 1735 867 1790; x_wconf 83' lang='lat' dir='ltr'><strong>(dolo</strong></span> <span class='ocrx_word' id='word_1_122' title='bbox 901 1739 1108 1808; x_wconf 89' lang='lat' dir='ltr'><strong>utique)</strong></span> <span class='ocrx_word' id='word_1_123' title='bbox 1143 1743 1276 1796; x_wconf 84' lang='lat' dir='ltr'><strong>nihil</strong></span> <span class='ocrx_word' id='word_1_124' title='bbox 1307 1757 1400 1798; x_wconf 89' lang='lat' dir='ltr'><strong>aut</strong></span> <span class='ocrx_word' id='word_1_125' title='bbox 1428 1747 1534 1818; x_wconf 90' lang='lat' dir='ltr'><strong>igni</strong></span> <span class='ocrx_word' id='word_1_126' title='bbox 1560 1760 1654 1804; x_wconf 91' lang='lat' dir='ltr'><strong>aut</strong></span> <span class='ocrx_word' id='word_1_127' title='bbox 1686 1751 1834 1806; x_wconf 78' lang='lat' dir='ltr'><strong>ferro</strong></span> <span class='ocrx_word' id='word_1_128' title='bbox 1867 1754 2053 1810; x_wconf 79' lang='lat' dir='ltr'><strong>defor-</strong></span> 
     </span>
    </p>
   </div>
   <div class='ocr_carea' id='block_1_21' title="bbox 480 1821 2049 1900">
    <p class='ocr_par' dir='ltr' id='par_1_21' title="bbox 480 1821 2049 1900">
     <span class='ocr_line' id='line_1_21' title="bbox 480 1821 2049 1900; baseline 0.02 -32"><span class='ocrx_word' id='word_1_129' title='bbox 480 1829 678 1872; x_wconf 87' lang='lat' dir='ltr'><strong>matam</strong></span> <span class='ocrx_word' id='word_1_130' title='bbox 716 1821 904 1878; x_wconf 86' lang='lat' dir='ltr'><strong>hostes</strong></span> <span class='ocrx_word' id='word_1_131' title='bbox 927 1833 1194 1883; x_wconf 85' lang='lat' dir='ltr'><strong>servaturi</strong></span> <span class='ocrx_word' id='word_1_132' title='bbox 1245 1845 1452 1900; x_wconf 87' lang='lat' dir='ltr'><strong>essent,</strong></span> <span class='ocrx_word' id='word_1_133' title='bbox 1506 1837 1692 1894; x_wconf 78' lang='lat' dir='ltr'><strong>fuisset</strong></span> <span class='ocrx_word' id='word_1_134' title='bbox 1746 1856 1808 1894; x_wconf 90' lang='lat' dir='ltr'><strong>ea</strong></span> <span class='ocrx_word' id='word_1_135' title='bbox 1865 1845 2049 1898; x_wconf 79' lang='lat' dir='ltr'><strong>sratim</strong></span> 
     </span>
    </p>
   </div>
   <div class='ocr_carea' id='block_1_22' title="bbox 476 1913 2052 1996">
    <p class='ocr_par' dir='ltr' id='par_1_22' title="bbox 476 1913 2052 1996">
     <span class='ocr_line' id='line_1_22' title="bbox 476 1913 2052 1996; baseline 0.022 -40"><span class='ocrx_word' id='word_1_136' title='bbox 476 1923 745 1976; x_wconf 78' lang='lat' dir='ltr'><strong>apparens</strong></span> <span class='ocrx_word' id='word_1_137' title='bbox 775 1913 1070 1970; x_wconf 89' lang='lat' dir='ltr'><strong>clementia</strong></span> <span class='ocrx_word' id='word_1_138' title='bbox 1108 1922 1371 1987; x_wconf 83' lang='lat' dir='ltr'><strong>proximis</strong></span> <span class='ocrx_word' id='word_1_139' title='bbox 1400 1925 1626 1981; x_wconf 84' lang='lat' dir='ltr'><strong>urbibus</strong></span> <span class='ocrx_word' id='word_1_140' title='bbox 1674 1944 1915 1996; x_wconf 48' lang='lat' dir='ltr'><strong>presens</strong></span> <span class='ocrx_word' id='word_1_141' title='bbox 1957 1949 2052 1989; x_wconf 77' lang='lat' dir='ltr'><strong>oc-</strong></span> 
     </span>
    </p>
   </div>
   <div class='ocr_carea' id='block_1_23' title="bbox 478 2001 2044 2090">
    <p class='ocr_par' dir='ltr' id='par_1_23' title="bbox 478 2001 2044 2090">
     <span class='ocr_line' id='line_1_23' title="bbox 478 2001 2044 2090; baseline 0.018 -39"><span class='ocrx_word' id='word_1_142' title='bbox 478 2001 652 2064; x_wconf 85' lang='lat' dir='ltr'><strong>casio,</strong></span> <span class='ocrx_word' id='word_1_143' title='bbox 674 2011 731 2055; x_wconf 91' lang='lat' dir='ltr'><strong>ut</strong></span> <span class='ocrx_word' id='word_1_144' title='bbox 755 2005 953 2073; x_wconf 74' lang='lat' dir='ltr'><strong>etipsae</strong></span> <span class='ocrx_word' id='word_1_145' title='bbox 971 2007 1300 2066; x_wconf 79' lang='lat' dir='ltr'><strong>deditionem</strong></span> <span class='ocrx_word' id='word_1_146' title='bbox 1328 2014 1592 2072; x_wconf 75' lang='lat' dir='ltr'><strong>facerent.</strong></span> <span class='ocrx_word' id='word_1_147' title='bbox 1612 2019 1712 2073; x_wconf 82' lang='lat' dir='ltr'><strong>Par</strong></span> <span class='ocrx_word' id='word_1_148' title='bbox 1740 2023 1886 2077; x_wconf 90' lang='lat' dir='ltr'><strong>enim</strong></span> <span class='ocrx_word' id='word_1_149' title='bbox 1905 2034 2044 2090; x_wconf 88' lang='lat' dir='ltr'><strong>erat,</strong></span> 
     </span>
    </p>
   </div>
   <div class='ocr_carea' id='block_1_24' title="bbox 474 2092 2045 2187">
    <p class='ocr_par' dir='ltr' id='par_1_24' title="bbox 474 2092 2045 2187">
     <span class='ocr_line' id='line_1_24' title="bbox 474 2092 2045 2187; baseline 0.019 -45"><span class='ocrx_word' id='word_1_150' title='bbox 474 2099 536 2143; x_wconf 81' lang='lat' dir='ltr'><strong>ut</strong></span> <span class='ocrx_word' id='word_1_151' title='bbox 563 2093 635 2145; x_wconf 89' lang='lat' dir='ltr'><strong>ita</strong></span> <span class='ocrx_word' id='word_1_152' title='bbox 668 2092 1035 2153; x_wconf 82' lang='lat' dir='ltr'><strong>Barbarorum</strong></span> <span class='ocrx_word' id='word_1_153' title='bbox 1068 2112 1188 2156; x_wconf 88' lang='lat' dir='ltr'><strong>astu</strong></span> <span class='ocrx_word' id='word_1_154' title='bbox 1221 2104 1480 2175; x_wconf 81' lang='lat' dir='ltr'><strong>deceptae,</strong></span> <span class='ocrx_word' id='word_1_155' title='bbox 1517 2110 1582 2164; x_wconf 80' lang='lat' dir='ltr'><strong>iis</strong></span> <span class='ocrx_word' id='word_1_156' title='bbox 1633 2114 1840 2168; x_wconf 81' lang='lat' dir='ltr'><strong>servire</strong></span> <span class='ocrx_word' id='word_1_157' title='bbox 1881 2132 2045 2187; x_wconf 88' lang='lat' dir='ltr'><strong>quam</strong></span> 
     </span>
    </p>
   </div>
   <div class='ocr_carea' id='block_1_25' title="bbox 473 2190 2045 2273">
    <p class='ocr_par' dir='ltr' id='par_1_25' title="bbox 473 2190 2045 2273">
     <span class='ocr_line' id='line_1_25' title="bbox 473 2190 2045 2273; baseline 0.019 -39"><span class='ocrx_word' id='word_1_158' title='bbox 473 2192 644 2251; x_wconf 69' lang='lat' dir='ltr'><strong>captaa</strong></span> <span class='ocrx_word' id='word_1_159' title='bbox 676 2190 878 2242; x_wconf 83' lang='lat' dir='ltr'><strong>vastari</strong></span> <span class='ocrx_word' id='word_1_160' title='bbox 903 2191 1148 2248; x_wconf 86' lang='lat' dir='ltr'><strong>mallent.</strong></span> <span class='ocrx_word' id='word_1_161' title='bbox 1182 2195 1336 2262; x_wconf 86' lang='lat' dir='ltr'><strong>Quod</strong></span> <span class='ocrx_word' id='word_1_162' title='bbox 1370 2201 1512 2255; x_wconf 90' lang='lat' dir='ltr'><strong>enim</strong></span> <span class='ocrx_word' id='word_1_163' title='bbox 1543 2216 1702 2273; x_wconf 88' lang='lat' dir='ltr'><strong>capta</strong></span> <span class='ocrx_word' id='word_1_164' title='bbox 1739 2204 2045 2264; x_wconf 85' lang='lat' dir='ltr'><strong>Corinthus</strong></span> 
     </span>
    </p>
   </div>
   <div class='ocr_carea' id='block_1_26' title="bbox 473 2284 2041 2365">
    <p class='ocr_par' dir='ltr' id='par_1_26' title="bbox 473 2284 2041 2365">
     <span class='ocr_line' id='line_1_26' title="bbox 473 2284 2041 2365; baseline 0.018 -37"><span class='ocrx_word' id='word_1_165' title='bbox 473 2291 660 2332; x_wconf 79' lang='lat' dir='ltr'><strong>carum</strong></span> <span class='ocrx_word' id='word_1_166' title='bbox 688 2284 1029 2351; x_wconf 87' lang='lat' dir='ltr'><strong>metropolis.</strong></span> <span class='ocrx_word' id='word_1_167' title='bbox 1060 2288 1195 2341; x_wconf 91' lang='lat' dir='ltr'><strong>nihil</strong></span> <span class='ocrx_word' id='word_1_168' title='bbox 1224 2292 1445 2358; x_wconf 84' lang='lat' dir='ltr'><strong>gravius</strong></span> <span class='ocrx_word' id='word_1_169' title='bbox 1497 2310 1653 2362; x_wconf 81' lang='lat' dir='ltr'><strong>passa</strong></span> <span class='ocrx_word' id='word_1_170' title='bbox 1707 2310 1871 2365; x_wconf 83' lang='lat' dir='ltr'><strong>esset,</strong></span> <span class='ocrx_word' id='word_1_171' title='bbox 1915 2317 2041 2356; x_wconf 91' lang='lat' dir='ltr'><strong>cum</strong></span> 
     </span>
    </p>
   </div>
   <div class='ocr_carea' id='block_1_27' title="bbox 473 2367 2037 2460">
    <p class='ocr_par' dir='ltr' id='par_1_27' title="bbox 473 2367 2037 2460">
     <span class='ocr_line' id='line_1_27' title="bbox 473 2367 2037 2460; baseline 0.019 -41"><span class='ocrx_word' id='word_1_172' title='bbox 473 2367 689 2424; x_wconf 88' lang='lat' dir='ltr'><strong>illarum</strong></span> <span class='ocrx_word' id='word_1_173' title='bbox 722 2374 919 2429; x_wconf 88' lang='lat' dir='ltr'><strong>merito</strong></span> <span class='ocrx_word' id='word_1_174' title='bbox 952 2376 1274 2435; x_wconf 86' lang='lat' dir='ltr'><strong>detrahebat</strong></span> <span class='ocrx_word' id='word_1_175' title='bbox 1301 2384 1547 2452; x_wconf 87' lang='lat' dir='ltr'><strong>spiritus,</strong></span> <span class='ocrx_word' id='word_1_176' title='bbox 1568 2397 1679 2443; x_wconf 89' lang='lat' dir='ltr'><strong>tum</strong></span> <span class='ocrx_word' id='word_1_177' title='bbox 1715 2407 1866 2460; x_wconf 83' lang='lat' dir='ltr'><strong>spem</strong></span> <span class='ocrx_word' id='word_1_178' title='bbox 1895 2396 2037 2448; x_wconf 84' lang='lat' dir='ltr'><strong>mul-</strong></span> 
     </span>
    </p>
   </div>
   <div class='ocr_carea' id='block_1_28' title="bbox 466 2463 2042 2542">
    <p class='ocr_par' dir='ltr' id='par_1_28' title="bbox 466 2463 2042 2542">
     <span class='ocr_line' id='line_1_28' title="bbox 466 2463 2042 2542; baseline 0.019 -30"><span class='ocrx_word' id='word_1_179' title='bbox 466 2467 578 2514; x_wconf 88' lang='lat' dir='ltr'><strong>tam</strong></span> <span class='ocrx_word' id='word_1_180' title='bbox 597 2463 849 2532; x_wconf 85' lang='lat' dir='ltr'><strong>addebat,</strong></span> <span class='ocrx_word' id='word_1_181' title='bbox 868 2477 923 2522; x_wconf 91' lang='lat' dir='ltr'><strong>ut</strong></span> <span class='ocrx_word' id='word_1_182' title='bbox 948 2484 1124 2540; x_wconf 91' lang='lat' dir='ltr'><strong>neque</strong></span> <span class='ocrx_word' id='word_1_183' title='bbox 1150 2473 1254 2528; x_wconf 74' lang='lat' dir='ltr'><strong>illae</strong></span> <span class='ocrx_word' id='word_1_184' title='bbox 1283 2491 1526 2542; x_wconf 71' lang='lat' dir='ltr'><strong>passurae</strong></span> <span class='ocrx_word' id='word_1_185' title='bbox 1555 2492 1758 2536; x_wconf 78' lang='lat' dir='ltr'><strong>essent.</strong></span> <span class='ocrx_word' id='word_1_186' title='bbox 1791 2483 1923 2538; x_wconf 84' lang='lat' dir='ltr'><strong>Nam</strong></span> <span class='ocrx_word' id='word_1_187' title='bbox 1948 2501 2042 2541; x_wconf 81' lang='lat' dir='ltr'><strong>ne-</strong></span> 
     </span>
    </p>
   </div>
   <div class='ocr_carea' id='block_1_29' title="bbox 463 2554 2039 2637">
    <p class='ocr_par' dir='ltr' id='par_1_29' title="bbox 463 2554 2039 2637">
     <span class='ocr_line' id='line_1_29' title="bbox 463 2554 2039 2637; baseline 0.02 -34"><span class='ocrx_word' id='word_1_188' title='bbox 463 2566 571 2616; x_wconf 88' lang='lat' dir='ltr'><strong>que</strong></span> <span class='ocrx_word' id='word_1_189' title='bbox 605 2554 813 2612; x_wconf 84' lang='lat' dir='ltr'><strong>ratione</strong></span> <span class='ocrx_word' id='word_1_190' title='bbox 833 2557 979 2624; x_wconf 93' lang='lat' dir='ltr'><strong>duci,</strong></span> <span class='ocrx_word' id='word_1_191' title='bbox 1005 2562 1272 2634; x_wconf 89' lang='lat' dir='ltr'><strong>cujusque</strong></span> <span class='ocrx_word' id='word_1_192' title='bbox 1298 2570 1524 2637; x_wconf 84' lang='lat' dir='ltr'><strong>passim,</strong></span> <span class='ocrx_word' id='word_1_193' title='bbox 1551 2588 1651 2628; x_wconf 88' lang='lat' dir='ltr'><strong>nec</strong></span> <span class='ocrx_word' id='word_1_194' title='bbox 1679 2590 1806 2630; x_wconf 88' lang='lat' dir='ltr'><strong>vero</strong></span> <span class='ocrx_word' id='word_1_195' title='bbox 1854 2592 2039 2632; x_wconf 79' lang='lat' dir='ltr'><strong>exem-</strong></span> 
     </span>
    </p>
   </div>
   <div class='ocr_carea' id='block_1_30' title="bbox 464 2641 2034 2732">
    <p class='ocr_par' dir='ltr' id='par_1_30' title="bbox 464 2641 2034 2732">
     <span class='ocr_line' id='line_1_30' title="bbox 464 2641 2034 2732; baseline 0.02 -37"><span class='ocrx_word' id='word_1_196' title='bbox 464 2641 553 2710; x_wconf 90' lang='lat' dir='ltr'><strong>plo</strong></span> <span class='ocrx_word' id='word_1_197' title='bbox 580 2648 853 2716; x_wconf 88' lang='lat' dir='ltr'><strong>componi,</strong></span> <span class='ocrx_word' id='word_1_198' title='bbox 877 2652 1266 2721; x_wconf 87' lang='lat' dir='ltr'><strong>sapientiorum</strong></span> <span class='ocrx_word' id='word_1_199' title='bbox 1299 2660 1592 2720; x_wconf 82' lang='lat' dir='ltr'><strong>inveneris.</strong></span> <span class='ocrx_word' id='word_1_200' title='bbox 1639 2667 1792 2732; x_wconf 71' lang='lat' dir='ltr'><strong>Quod</strong></span> <span class='ocrx_word' id='word_1_201' title='bbox 1851 2671 1895 2724; x_wconf 94' lang='lat' dir='ltr'><strong>si</strong></span> <span class='ocrx_word' id='word_1_202' title='bbox 1948 2686 2034 2726; x_wconf 89' lang='lat' dir='ltr'><strong>res</strong></span> 
     </span>
    </p>
   </div>
   <div class='ocr_carea' id='block_1_31' title="bbox 465 2739 2036 2824">
    <p class='ocr_par' dir='ltr' id='par_1_31' title="bbox 465 2739 2036 2824">
     <span class='ocr_line' id='line_1_31' title="bbox 465 2739 2036 2824; baseline 0.02 -36"><span class='ocrx_word' id='word_1_203' title='bbox 465 2739 856 2807; x_wconf 76' lang='lat' dir='ltr'><strong>successisset,</strong></span> <span class='ocrx_word' id='word_1_204' title='bbox 873 2746 1026 2811; x_wconf 88' lang='lat' dir='ltr'><strong>plane</strong></span> <span class='ocrx_word' id='word_1_205' title='bbox 1039 2757 1216 2803; x_wconf 87' lang='lat' dir='ltr'><strong>autem</strong></span> <span class='ocrx_word' id='word_1_206' title='bbox 1236 2761 1352 2807; x_wconf 89' lang='lat' dir='ltr'><strong>erat</strong></span> <span class='ocrx_word' id='word_1_207' title='bbox 1368 2769 1713 2824; x_wconf 83' lang='lat' dir='ltr'><strong>successura,</strong></span> <span class='ocrx_word' id='word_1_208' title='bbox 1737 2760 1788 2815; x_wconf 93' lang='lat' dir='ltr'><strong>in</strong></span> <span class='ocrx_word' id='word_1_209' title='bbox 1809 2761 2036 2818; x_wconf 86' lang='lat' dir='ltr'><strong>immen-</strong></span> 
     </span>
    </p>
   </div>
   <div class='ocr_carea' id='block_1_32' title="bbox 462 2826 2081 2919">
    <p class='ocr_par' dir='ltr' id='par_1_32' title="bbox 462 2826 2081 2919">
     <span class='ocr_line' id='line_1_32' title="bbox 462 2826 2081 2919; baseline 0.024 -45"><span class='ocrx_word' id='word_1_210' title='bbox 462 2837 583 2877; x_wconf 91' lang='lat' dir='ltr'><strong>sum</strong></span> <span class='ocrx_word' id='word_1_211' title='bbox 604 2826 762 2895; x_wconf 86' lang='lat' dir='ltr'><strong>plane</strong></span> <span class='ocrx_word' id='word_1_212' title='bbox 779 2832 976 2886; x_wconf 88' lang='lat' dir='ltr'><strong>malum</strong></span> <span class='ocrx_word' id='word_1_213' title='bbox 1003 2839 1461 2904; x_wconf 87' lang='lat' dir='ltr'><strong>processisset.lis</strong></span> <span class='ocrx_word' id='word_1_214' title='bbox 1487 2844 1670 2914; x_wconf 89' lang='lat' dir='ltr'><strong>itaque</strong></span> <span class='ocrx_word' id='word_1_215' title='bbox 1688 2851 1946 2906; x_wconf 89' lang='lat' dir='ltr'><strong>omnibus</strong></span> <span class='ocrx_word' id='word_1_216' title='bbox 1963 2856 2033 2912; x_wconf 88' lang='lat' dir='ltr'><strong>de</strong></span> <span class='ocrx_word' id='word_1_217' title='bbox 2063 2901 2081 2919; x_wconf 92' lang='lat'><strong>.</strong></span> 
     </span>
    </p>
   </div>
   <div class='ocr_carea' id='block_1_33' title="bbox 460 2917 2028 3012">
    <p class='ocr_par' dir='ltr' id='par_1_33' title="bbox 460 2917 2028 3012">
     <span class='ocr_line' id='line_1_33' title="bbox 460 2917 2028 3012; baseline 0.022 -45"><span class='ocrx_word' id='word_1_218' title='bbox 460 2917 799 2977; x_wconf 85' lang='lat' dir='ltr'><strong>causis.eam</strong></span> <span class='ocrx_word' id='word_1_219' title='bbox 824 2924 1012 2980; x_wconf 88' lang='lat' dir='ltr'><strong>urbem</strong></span> <span class='ocrx_word' id='word_1_220' title='bbox 1049 2930 1270 2987; x_wconf 82' lang='lat' dir='ltr'><strong>ditionis</strong></span> <span class='ocrx_word' id='word_1_221' title='bbox 1313 2934 1561 2991; x_wconf 86' lang='lat' dir='ltr'><strong>Fratrum</strong></span> <span class='ocrx_word' id='word_1_222' title='bbox 1584 2939 1700 2994; x_wconf 79' lang='lat' dir='ltr'><strong>fieri</strong></span> <span class='ocrx_word' id='word_1_223' title='bbox 1737 2946 2028 3012; x_wconf 83' lang='lat' dir='ltr'><strong>concessit,</strong></span> 
     </span>
    </p>
   </div>
   <div class='ocr_carea' id='block_1_34' title="bbox 2168 475 3739 563">
    <p class='ocr_par' dir='ltr' id='par_1_34' title="bbox 2168 475 3739 563">
     <span class='ocr_line' id='line_1_34' title="bbox 2168 475 3739 563; baseline 0.003 -33"><span class='ocrx_word' id='word_1_224' title='bbox 2168 478 2366 548; x_wconf 85' lang='grc' dir='ltr'><strong>δεῆσαν</strong></span> <span class='ocrx_word' id='word_1_225' title='bbox 2423 484 2769 555; x_wconf 75' lang='grc' dir='ltr'><strong>παντοδαπὴν</strong></span> <span class='ocrx_word' id='word_1_226' title='bbox 2824 483 3081 554; x_wconf 81' lang='grc' dir='ltr'>βοήθειαν</span> <span class='ocrx_word' id='word_1_227' title='bbox 3138 483 3284 553; x_wconf 79' lang='grc' dir='ltr'>ἡμᾶς</span> <span class='ocrx_word' id='word_1_228' title='bbox 3341 483 3529 552; x_wconf 79' lang='grc' dir='ltr'><strong>ζητεῖν</strong></span> <span class='ocrx_word' id='word_1_229' title='bbox 3596 475 3739 563; x_wconf 63' lang='grc' dir='ltr'>ύπὲρ</span> 
     </span>
    </p>
   </div>
   <div class='ocr_carea' id='block_1_35' title="bbox 2171 572 3732 644">
    <p class='ocr_par' dir='ltr' id='par_1_35' title="bbox 2171 572 3732 644">
     <span class='ocr_line' id='line_1_35' title="bbox 2171 572 3732 644; baseline 0.001 -23"><span class='ocrx_word' id='word_1_230' title='bbox 2171 573 2442 638; x_wconf 78' lang='grc' dir='ltr'><strong>σωτηρίας</strong></span> <span class='ocrx_word' id='word_1_231' title='bbox 2473 577 2626 641; x_wconf 74' lang='grc' dir='ltr'>παρὰ</span> <span class='ocrx_word' id='word_1_232' title='bbox 2653 576 2762 628; x_wconf 83' lang='grc' dir='ltr'><strong>τῶν</strong></span> <span class='ocrx_word' id='word_1_233' title='bbox 2789 577 2981 644; x_wconf 75' lang='grc' dir='ltr'>φίλων,</span> <span class='ocrx_word' id='word_1_234' title='bbox 3010 577 3070 629; x_wconf 85' lang='grc' dir='ltr'>οὐ</span> <span class='ocrx_word' id='word_1_235' title='bbox 3101 575 3344 644; x_wconf 74' lang='grc' dir='ltr'>σμικρὰν</span> <span class='ocrx_word' id='word_1_236' title='bbox 3375 575 3509 644; x_wconf 79' lang='grc' dir='ltr'>ἡμῖν</span> <span class='ocrx_word' id='word_1_237' title='bbox 3535 572 3732 624; x_wconf 82' lang='grc' dir='ltr'>ἐκεῖνοι</span> 
     </span>
    </p>
   </div>
   <div class='ocr_carea' id='block_1_36' title="bbox 2167 661 3730 737">
    <p class='ocr_par' dir='ltr' id='par_1_36' title="bbox 2167 661 3730 737">
     <span class='ocr_line' id='line_1_36' title="bbox 2167 661 3730 737; baseline -0.001 -24"><span class='ocrx_word' id='word_1_238' title='bbox 2167 661 2254 714; x_wconf 86' lang='grc' dir='ltr'>διὰ</span> <span class='ocrx_word' id='word_1_239' title='bbox 2287 663 2557 734; x_wconf 79' lang='grc' dir='ltr'><strong>Θαλάττης</strong></span> <span class='ocrx_word' id='word_1_240' title='bbox 2588 667 2928 737; x_wconf 79' lang='grc' dir='ltr'>παρέσχοντο</span> <span class='ocrx_word' id='word_1_241' title='bbox 2965 667 3278 735; x_wconf 78' lang='grc' dir='ltr'><strong>φιλοτιμίας</strong></span> <span class='ocrx_word' id='word_1_242' title='bbox 3308 666 3474 718; x_wconf 75' lang='grc' dir='ltr'>ἓνεκα</span> <span class='ocrx_word' id='word_1_243' title='bbox 3506 664 3602 716; x_wconf 72' lang='grc' dir='ltr'><strong>καὶ</strong></span> <span class='ocrx_word' id='word_1_244' title='bbox 3633 662 3730 713; x_wconf 83' lang='grc' dir='ltr'>τοῦ</span> 
     </span>
    </p>
   </div>
   <div class='ocr_carea' id='block_1_37' title="bbox 2168 754 3733 828">
    <p class='ocr_par' dir='ltr' id='par_1_37' title="bbox 2168 754 3733 828">
     <span class='ocr_line' id='line_1_37' title="bbox 2168 754 3733 828; baseline -0.01 -8"><span class='ocrx_word' id='word_1_245' title='bbox 2168 757 2516 824; x_wconf 80' lang='grc' dir='ltr'><strong>γιγνομένου.</strong></span> <span class='ocrx_word' id='word_1_246' title='bbox 2543 759 2615 810; x_wconf 83' lang='grc' dir='ltr'><strong>Οὐ</strong></span> <span class='ocrx_word' id='word_1_247' title='bbox 2661 759 2768 827; x_wconf 82' lang='grc' dir='ltr'><strong>γὰρ</strong></span> <span class='ocrx_word' id='word_1_248' title='bbox 2800 759 2940 812; x_wconf 85' lang='grc' dir='ltr'>κατὰ</span> <span class='ocrx_word' id='word_1_249' title='bbox 2968 759 3128 828; x_wconf 77' lang='grc' dir='ltr'>χρέος</span> <span class='ocrx_word' id='word_1_250' title='bbox 3162 758 3376 826; x_wconf 83' lang='grc' dir='ltr'><strong>βοηθεῖν</strong></span> <span class='ocrx_word' id='word_1_251' title='bbox 3415 758 3547 824; x_wconf 86' lang='grc' dir='ltr'>ἡμῖν</span> <span class='ocrx_word' id='word_1_252' title='bbox 3580 754 3733 822; x_wconf 85' lang='grc' dir='ltr'>όφεί-</span> 
     </span>
    </p>
   </div>
   <div class='ocr_carea' id='block_1_38' title="bbox 2167 841 3733 916">
    <p class='ocr_par' dir='ltr' id='par_1_38' title="bbox 2167 841 3733 916">
     <span class='ocr_line' id='line_1_38' title="bbox 2167 841 3733 916; baseline 0.006 -22"><span class='ocrx_word' id='word_1_253' title='bbox 2167 843 2350 907; x_wconf 88' lang='grc' dir='ltr'>λοντες</span> <span class='ocrx_word' id='word_1_254' title='bbox 2379 841 2540 914; x_wconf 79' lang='grc' dir='ltr'>ἦσαν,</span> <span class='ocrx_word' id='word_1_255' title='bbox 2567 847 2688 900; x_wconf 85' lang='grc' dir='ltr'><strong>ούδέ</strong></span> <span class='ocrx_word' id='word_1_256' title='bbox 2720 846 3107 916; x_wconf 69' lang='grc' dir='ltr'><strong>ὠμωμόκεσαν</strong></span> <span class='ocrx_word' id='word_1_257' title='bbox 3142 846 3284 914; x_wconf 74' lang='grc' dir='ltr'>ὑπὲρ</span> <span class='ocrx_word' id='word_1_258' title='bbox 3317 843 3531 913; x_wconf 81' lang='grc' dir='ltr'>τούτου,</span> <span class='ocrx_word' id='word_1_259' title='bbox 3560 842 3635 902; x_wconf 83' lang='grc' dir='ltr'><strong>ὡς</strong></span> <span class='ocrx_word' id='word_1_260' title='bbox 3673 841 3733 890; x_wconf 62' lang='grc' dir='ltr'><strong>ἐν</strong></span> 
     </span>
    </p>
   </div>
   <div class='ocr_carea' id='block_1_39' title="bbox 2164 933 3732 1009">
    <p class='ocr_par' dir='ltr' id='par_1_39' title="bbox 2164 933 3732 1009">
     <span class='ocr_line' id='line_1_39' title="bbox 2164 933 3732 1009; baseline -0.002 -23"><span class='ocrx_word' id='word_1_261' title='bbox 2164 937 2286 997; x_wconf 87' lang='grc' dir='ltr'>ταῖς</span> <span class='ocrx_word' id='word_1_262' title='bbox 2317 937 2624 1006; x_wconf 92' lang='grc' dir='ltr'>συμϐάσεσι</span> <span class='ocrx_word' id='word_1_263' title='bbox 2667 941 2789 1002; x_wconf 90' lang='grc' dir='ltr'>ταῖς</span> <span class='ocrx_word' id='word_1_264' title='bbox 2818 939 2958 1008; x_wconf 82' lang='grc' dir='ltr'>ὑπὲρ</span> <span class='ocrx_word' id='word_1_265' title='bbox 2999 937 3291 1009; x_wconf 79' lang='grc' dir='ltr'>Κορίνθου’</span> <span class='ocrx_word' id='word_1_266' title='bbox 3322 936 3418 989; x_wconf 66' lang='grc' dir='ltr'><strong>καὶ⁷</strong></span> <span class='ocrx_word' id='word_1_267' title='bbox 3465 933 3638 987; x_wconf 83' lang='grc' dir='ltr'>τοῖνδε</span> <span class='ocrx_word' id='word_1_268' title='bbox 3671 933 3732 984; x_wconf 75' lang='grc' dir='ltr'><strong>τὸ</strong></span> 
     </span>
    </p>
   </div>
   <div class='ocr_carea' id='block_1_40' title="bbox 2164 1025 3730 1100">
    <p class='ocr_par' dir='ltr' id='par_1_40' title="bbox 2164 1025 3730 1100">
     <span class='ocr_line' id='line_1_40' title="bbox 2164 1025 3730 1100; baseline -0.001 -23"><span class='ocrx_word' id='word_1_269' title='bbox 2164 1026 2422 1096; x_wconf 82' lang='grc' dir='ltr'>διάφορον</span> <span class='ocrx_word' id='word_1_270' title='bbox 2469 1029 2612 1092; x_wconf 83' lang='grc' dir='ltr'>ὅσον,</span> <span class='ocrx_word' id='word_1_271' title='bbox 2641 1029 2815 1100; x_wconf 84' lang='grc' dir='ltr'>δῆλον.</span> <span class='ocrx_word' id='word_1_272' title='bbox 2853 1029 2926 1082; x_wconf 82' lang='grc' dir='ltr'>Τδ</span> <span class='ocrx_word' id='word_1_273' title='bbox 2971 1029 3080 1099; x_wconf 78' lang='grc' dir='ltr'><strong>γάρ</strong></span> <span class='ocrx_word' id='word_1_274' title='bbox 3131 1031 3193 1081; x_wconf 79' lang='grc' dir='ltr'><strong>ἐκ</strong></span> <span class='ocrx_word' id='word_1_275' title='bbox 3241 1027 3349 1080; x_wconf 79' lang='grc' dir='ltr'><strong>τῶν</strong></span> <span class='ocrx_word' id='word_1_276' title='bbox 3399 1026 3539 1079; x_wconf 78' lang='grc' dir='ltr'>κατὰ</span> <span class='ocrx_word' id='word_1_277' title='bbox 3571 1025 3730 1093; x_wconf 73' lang='grc' dir='ltr'>χρέος</span> 
     </span>
    </p>
   </div>
   <div class='ocr_carea' id='block_1_41' title="bbox 2165 1114 3824 1190">
    <p class='ocr_par' dir='ltr' id='par_1_41' title="bbox 2165 1114 3824 1190">
     <span class='ocr_line' id='line_1_41' title="bbox 2165 1114 3824 1190; baseline -0.002 -20"><span class='ocrx_word' id='word_1_278' title='bbox 2165 1118 2417 1172; x_wconf 78' lang='grc' dir='ltr'>διδόντων</span> <span class='ocrx_word' id='word_1_279' title='bbox 2467 1124 2587 1174; x_wconf 65' lang='grc' dir='ltr'>τινὰ</span> <span class='ocrx_word' id='word_1_280' title='bbox 2642 1121 2944 1190; x_wconf 83' lang='grc' dir='ltr'>λαμϐάνειν</span> <span class='ocrx_word' id='word_1_281' title='bbox 2997 1121 3093 1174; x_wconf 75' lang='grc' dir='ltr'><strong>τοῦ</strong></span> <span class='ocrx_word' id='word_1_282' title='bbox 3149 1120 3293 1173; x_wconf 77' lang='grc' dir='ltr'>κατὰ</span> <span class='ocrx_word' id='word_1_283' title='bbox 3346 1116 3509 1188; x_wconf 82' lang='grc' dir='ltr'>χάριν</span> <span class='ocrx_word' id='word_1_284' title='bbox 3548 1114 3731 1183; x_wconf 87' lang='grc' dir='ltr'>πολλῷ</span> <span class='ocrx_word' id='word_1_285' title='bbox 3817 1133 3824 1138; x_wconf 79' lang='lat'><strong>&#39;</strong></span> 
     </span>
    </p>
   </div>
   <div class='ocr_carea' id='block_1_42' title="bbox 2165 1209 3731 1284">
    <p class='ocr_par' dir='ltr' id='par_1_42' title="bbox 2165 1209 3731 1284">
     <span class='ocr_line' id='line_1_42' title="bbox 2165 1209 3731 1284; baseline 0.001 -23"><span class='ocrx_word' id='word_1_286' title='bbox 2165 1211 2410 1281; x_wconf 71' lang='grc' dir='ltr'>προέχει.</span> <span class='ocrx_word' id='word_1_287' title='bbox 2433 1214 2506 1265; x_wconf 83' lang='grc' dir='ltr'><strong>Οὐ</strong></span> <span class='ocrx_word' id='word_1_288' title='bbox 2539 1213 2738 1284; x_wconf 81' lang='grc' dir='ltr'>μᾶλλον</span> <span class='ocrx_word' id='word_1_289' title='bbox 2765 1214 2948 1266; x_wconf 78' lang='grc' dir='ltr'>τοίνυν</span> <span class='ocrx_word' id='word_1_290' title='bbox 2975 1215 3146 1283; x_wconf 73' lang='grc' dir='ltr'>αὐτὴν</span> <span class='ocrx_word' id='word_1_291' title='bbox 3168 1213 3369 1266; x_wconf 80' lang='grc' dir='ltr'>δέδωκε</span> <span class='ocrx_word' id='word_1_292' title='bbox 3390 1213 3505 1274; x_wconf 86' lang='grc' dir='ltr'>τοῖς</span> <span class='ocrx_word' id='word_1_293' title='bbox 3536 1209 3731 1278; x_wconf 79' lang='grc' dir='ltr'>ἀνδρά-</span> 
     </span>
    </p>
   </div>
   <div class='ocr_carea' id='block_1_43' title="bbox 2166 1305 3355 1376">
    <p class='ocr_par' dir='ltr' id='par_1_43' title="bbox 2166 1305 3355 1376">
     <span class='ocr_line' id='line_1_43' title="bbox 2166 1305 3355 1376; baseline 0.005 -23"><span class='ocrx_word' id='word_1_294' title='bbox 2166 1321 2250 1355; x_wconf 85' lang='grc' dir='ltr'><strong>σιν</strong></span> <span class='ocrx_word' id='word_1_295' title='bbox 2284 1306 2530 1368; x_wconf 75' lang='grc' dir='ltr'>ἐκείνοις,</span> <span class='ocrx_word' id='word_1_296' title='bbox 2565 1305 2596 1375; x_wconf 82' lang='grc' dir='ltr'>ἢ</span> <span class='ocrx_word' id='word_1_297' title='bbox 2621 1305 2687 1358; x_wconf 81' lang='grc' dir='ltr'><strong>δι’</strong></span> <span class='ocrx_word' id='word_1_298' title='bbox 2719 1307 2889 1376; x_wconf 78' lang='grc' dir='ltr'>αὐτῆς</span> <span class='ocrx_word' id='word_1_299' title='bbox 2916 1307 3114 1368; x_wconf 78' lang='grc' dir='ltr'>αὐτοὺς</span> <span class='ocrx_word' id='word_1_300' title='bbox 3142 1305 3355 1360; x_wconf 75' lang='grc' dir='ltr'>ἐλαϐεν.</span> 
     </span>
    </p>
   </div>
   <div class='ocr_carea' id='block_1_44' title="bbox 2233 1393 3726 1466">
    <p class='ocr_par' dir='ltr' id='par_1_44' title="bbox 2233 1393 3726 1466">
     <span class='ocr_line' id='line_1_44' title="bbox 2233 1393 3726 1466; baseline -0.003 -19"><span class='ocrx_word' id='word_1_301' title='bbox 2233 1396 2304 1448; x_wconf 84' lang='grc' dir='ltr'><strong>Οὐ</strong></span> <span class='ocrx_word' id='word_1_302' title='bbox 2343 1397 2450 1464; x_wconf 83' lang='grc' dir='ltr'>μὴν</span> <span class='ocrx_word' id='word_1_303' title='bbox 2483 1397 2596 1449; x_wconf 84' lang='grc' dir='ltr'>ἀλλ’</span> <span class='ocrx_word' id='word_1_304' title='bbox 2622 1393 2775 1466; x_wconf 74' lang='grc' dir='ltr'>οἶμαι</span> <span class='ocrx_word' id='word_1_305' title='bbox 2811 1399 3111 1466; x_wconf 77' lang='grc' dir='ltr'>προσήκειν</span> <span class='ocrx_word' id='word_1_306' title='bbox 3148 1397 3321 1460; x_wconf 76' lang='grc' dir='ltr'>δεῖξαι</span> <span class='ocrx_word' id='word_1_307' title='bbox 3367 1397 3726 1463; x_wconf 77' lang='grc' dir='ltr'>σαφέστερον,</span> 
     </span>
    </p>
   </div>
   <div class='ocr_carea' id='block_1_45' title="bbox 2161 1481 3728 1560">
    <p class='ocr_par' dir='ltr' id='par_1_45' title="bbox 2161 1481 3728 1560">
     <span class='ocr_line' id='line_1_45' title="bbox 2161 1481 3728 1560; baseline -0.001 -21"><span class='ocrx_word' id='word_1_308' title='bbox 2161 1487 2285 1540; x_wconf 80' lang='grc' dir='ltr'>ὅσον</span> <span class='ocrx_word' id='word_1_309' title='bbox 2311 1486 2375 1539; x_wconf 82' lang='grc' dir='ltr'>ἂν</span> <span class='ocrx_word' id='word_1_310' title='bbox 2402 1481 2470 1556; x_wconf 78' lang='grc' dir='ltr'>ἦν</span> <span class='ocrx_word' id='word_1_311' title='bbox 2495 1488 2555 1540; x_wconf 79' lang='grc' dir='ltr'><strong>τὸ</strong></span> <span class='ocrx_word' id='word_1_312' title='bbox 2587 1489 2778 1549; x_wconf 70' lang='grc' dir='ltr'>κακὸν,</span> <span class='ocrx_word' id='word_1_313' title='bbox 2805 1489 2879 1557; x_wconf 83' lang='grc' dir='ltr'>μὴ</span> <span class='ocrx_word' id='word_1_314' title='bbox 2907 1489 3080 1560; x_wconf 77' lang='grc' dir='ltr'>ταύτῃ</span> <span class='ocrx_word' id='word_1_315' title='bbox 3105 1489 3394 1554; x_wconf 78' lang='grc' dir='ltr'>γεγονότος</span> <span class='ocrx_word' id='word_1_316' title='bbox 3421 1486 3514 1538; x_wconf 85' lang='grc' dir='ltr'>τοῦ</span> <span class='ocrx_word' id='word_1_317' title='bbox 3547 1487 3728 1552; x_wconf 60' lang='grc' dir='ltr'>πράγ-</span> 
     </span>
    </p>
   </div>
   <div class='ocr_carea' id='block_1_46' title="bbox 2165 1577 3724 1648">
    <p class='ocr_par' dir='ltr' id='par_1_46' title="bbox 2165 1577 3724 1648">
     <span class='ocr_line' id='line_1_46' title="bbox 2165 1577 3724 1648; baseline 0 -20"><span class='ocrx_word' id='word_1_318' title='bbox 2165 1593 2357 1645; x_wconf 74' lang='grc' dir='ltr'>ματος.</span> <span class='ocrx_word' id='word_1_319' title='bbox 2393 1579 2454 1630; x_wconf 84' lang='lat' dir='ltr'><strong>El</strong></span> <span class='ocrx_word' id='word_1_320' title='bbox 2478 1578 2584 1647; x_wconf 82' lang='grc' dir='ltr'><strong>γὰρ</strong></span> <span class='ocrx_word' id='word_1_321' title='bbox 2618 1578 2862 1648; x_wconf 82' lang='grc' dir='ltr'>ἀκριϐῶς</span> <span class='ocrx_word' id='word_1_322' title='bbox 2895 1579 3002 1630; x_wconf 81' lang='grc' dir='ltr'>τῶν</span> <span class='ocrx_word' id='word_1_323' title='bbox 3035 1578 3245 1646; x_wconf 81' lang='grc' dir='ltr'>καιρῶν</span> <span class='ocrx_word' id='word_1_324' title='bbox 3279 1579 3374 1630; x_wconf 69' lang='grc' dir='ltr'>καὶ</span> <span class='ocrx_word' id='word_1_325' title='bbox 3401 1577 3508 1629; x_wconf 86' lang='grc' dir='ltr'><strong>τῶν</strong></span> <span class='ocrx_word' id='word_1_326' title='bbox 3543 1594 3724 1646; x_wconf 77' lang='grc' dir='ltr'>πραγ-</span> 
     </span>
    </p>
   </div>
   <div class='ocr_carea' id='block_1_47' title="bbox 2164 1669 3721 1740">
    <p class='ocr_par' dir='ltr' id='par_1_47' title="bbox 2164 1669 3721 1740">
     <span class='ocr_line' id='line_1_47' title="bbox 2164 1669 3721 1740; baseline 0 -18"><span class='ocrx_word' id='word_1_327' title='bbox 2164 1669 2351 1736; x_wconf 86' lang='grc' dir='ltr'>μάτων</span> <span class='ocrx_word' id='word_1_328' title='bbox 2399 1670 2747 1740; x_wconf 85' lang='grc' dir='ltr'>μεμνήμεθα,</span> <span class='ocrx_word' id='word_1_329' title='bbox 2794 1671 2990 1722; x_wconf 84' lang='grc' dir='ltr'>αὐτίκα</span> <span class='ocrx_word' id='word_1_330' title='bbox 3027 1671 3244 1728; x_wconf 79' lang='grc' dir='ltr'>πάντως</span> <span class='ocrx_word' id='word_1_331' title='bbox 3276 1670 3498 1738; x_wconf 74' lang='grc' dir='ltr'>ἔμελλεν</span> <span class='ocrx_word' id='word_1_332' title='bbox 3546 1671 3639 1738; x_wconf 72' lang='grc' dir='ltr'>ἥδε</span> <span class='ocrx_word' id='word_1_333' title='bbox 3687 1671 3721 1739; x_wconf 76' lang='grc' dir='ltr'><strong>ἡ</strong></span> 
     </span>
    </p>
   </div>
   <div class='ocr_carea' id='block_1_48' title="bbox 2155 1759 3720 1831">
    <p class='ocr_par' dir='ltr' id='par_1_48' title="bbox 2155 1759 3720 1831">
     <span class='ocr_line' id='line_1_48' title="bbox 2155 1759 3720 1831; baseline 0.001 -21"><span class='ocrx_word' id='word_1_334' title='bbox 2155 1759 2308 1821; x_wconf 84' lang='grc' dir='ltr'>πόλις</span> <span class='ocrx_word' id='word_1_335' title='bbox 2347 1759 2569 1813; x_wconf 74' lang='grc' dir='ltr'>ἔσεσθαι</span> <span class='ocrx_word' id='word_1_336' title='bbox 2610 1760 2972 1830; x_wconf 87' lang='grc' dir='ltr'>βαρϐαρικαῖς</span> <span class='ocrx_word' id='word_1_337' title='bbox 3010 1763 3170 1831; x_wconf 77' lang='grc' dir='ltr'>χερσὶ</span> <span class='ocrx_word' id='word_1_338' title='bbox 3220 1763 3622 1831; x_wconf 69' lang='grc' dir='ltr'>παρανάλωμα.</span> <span class='ocrx_word' id='word_1_339' title='bbox 3658 1763 3720 1813; x_wconf 84' lang='grc' dir='ltr'><strong>Εἰ</strong></span> 
     </span>
    </p>
   </div>
   <div class='ocr_carea' id='block_1_49' title="bbox 2151 1849 3720 1920">
    <p class='ocr_par' dir='ltr' id='par_1_49' title="bbox 2151 1849 3720 1920">
     <span class='ocr_line' id='line_1_49' title="bbox 2151 1849 3720 1920; baseline 0.001 -19"><span class='ocrx_word' id='word_1_340' title='bbox 2151 1849 2207 1902; x_wconf 88' lang='grc' dir='ltr'>δὲ</span> <span class='ocrx_word' id='word_1_341' title='bbox 2241 1849 2305 1918; x_wconf 77' lang='grc' dir='ltr'>δὴ</span> <span class='ocrx_word' id='word_1_342' title='bbox 2352 1851 2448 1903; x_wconf 74' lang='grc' dir='ltr'>καὶ</span> <span class='ocrx_word' id='word_1_343' title='bbox 2501 1850 2637 1920; x_wconf 76' lang='grc' dir='ltr'>πρὸς</span> <span class='ocrx_word' id='word_1_344' title='bbox 2683 1852 2894 1919; x_wconf 69' lang='grc' dir='ltr'>καιρὸν,</span> <span class='ocrx_word' id='word_1_345' title='bbox 2943 1854 3162 1917; x_wconf 82' lang='grc' dir='ltr'>πάντως</span> <span class='ocrx_word' id='word_1_346' title='bbox 3213 1854 3269 1906; x_wconf 81' lang='grc' dir='ltr'>δὲ</span> <span class='ocrx_word' id='word_1_347' title='bbox 3327 1853 3467 1906; x_wconf 72' lang='grc' dir='ltr'>κατὰ</span> <span class='ocrx_word' id='word_1_348' title='bbox 3501 1855 3720 1918; x_wconf 77' lang='grc' dir='ltr'>ἀπάτην</span> 
     </span>
    </p>
   </div>
   <div class='ocr_carea' id='block_1_50' title="bbox 2152 1943 3719 2017">
    <p class='ocr_par' dir='ltr' id='par_1_50' title="bbox 2152 1943 3719 2017">
     <span class='ocr_line' id='line_1_50' title="bbox 2152 1943 3719 2017; baseline 0.001 -23"><span class='ocrx_word' id='word_1_349' title='bbox 2152 1944 2406 2012; x_wconf 86' lang='grc' dir='ltr'>κατεῖχον</span> <span class='ocrx_word' id='word_1_350' title='bbox 2440 1943 2612 2011; x_wconf 80' lang='grc' dir='ltr'>αὐτὴν</span> <span class='ocrx_word' id='word_1_351' title='bbox 2633 1943 2891 2007; x_wconf 88' lang='grc' dir='ltr'>λαϐόντες</span> <span class='ocrx_word' id='word_1_352' title='bbox 2923 1946 2974 1997; x_wconf 85' lang='grc' dir='ltr'><strong>οί</strong></span> <span class='ocrx_word' id='word_1_353' title='bbox 3005 1947 3310 2014; x_wconf 84' lang='grc' dir='ltr'>δυσμενεῖς,</span> <span class='ocrx_word' id='word_1_354' title='bbox 3340 1948 3476 2017; x_wconf 76' lang='grc' dir='ltr'>μήτε</span> <span class='ocrx_word' id='word_1_355' title='bbox 3517 1947 3719 2014; x_wconf 79' lang='grc' dir='ltr'>σιδήρῳ</span> 
     </span>
    </p>
   </div>
   <div class='ocr_carea' id='block_1_51' title="bbox 2149 2033 3716 2107">
    <p class='ocr_par' dir='ltr' id='par_1_51' title="bbox 2149 2033 3716 2107">
     <span class='ocr_line' id='line_1_51' title="bbox 2149 2033 3716 2107; baseline 0.001 -20"><span class='ocrx_word' id='word_1_356' title='bbox 2149 2033 2589 2104; x_wconf 79' lang='grc' dir='ltr'>διαφθείραντες,</span> <span class='ocrx_word' id='word_1_357' title='bbox 2625 2034 2774 2088; x_wconf 81' lang='grc' dir='ltr'>τοῦτ’</span> <span class='ocrx_word' id='word_1_358' title='bbox 2813 2035 2879 2089; x_wconf 81' lang='grc' dir='ltr'>ἂν</span> <span class='ocrx_word' id='word_1_359' title='bbox 2923 2037 3124 2089; x_wconf 73' lang='grc' dir='ltr'>αὐτίκα</span> <span class='ocrx_word' id='word_1_360' title='bbox 3157 2037 3433 2107; x_wconf 87' lang='grc' dir='ltr'>πρόφασις</span> <span class='ocrx_word' id='word_1_361' title='bbox 3472 2038 3716 2104; x_wconf 83' lang='grc' dir='ltr'>ἐγεγόνει</span> 
     </span>
    </p>
   </div>
   <div class='ocr_carea' id='block_1_52' title="bbox 2146 2126 3716 2198">
    <p class='ocr_par' dir='ltr' id='par_1_52' title="bbox 2146 2126 3716 2198">
     <span class='ocr_line' id='line_1_52' title="bbox 2146 2126 3716 2198; baseline 0.003 -21"><span class='ocrx_word' id='word_1_362' title='bbox 2146 2127 2266 2188; x_wconf 89' lang='grc' dir='ltr'>ταῖς</span> <span class='ocrx_word' id='word_1_363' title='bbox 2319 2126 2543 2196; x_wconf 80' lang='grc' dir='ltr'>ὁμόροις</span> <span class='ocrx_word' id='word_1_364' title='bbox 2599 2127 2735 2196; x_wconf 79' lang='grc' dir='ltr'>αὐτῇ</span> <span class='ocrx_word' id='word_1_365' title='bbox 2793 2126 3013 2179; x_wconf 87' lang='grc' dir='ltr'>πόλεσιν</span> <span class='ocrx_word' id='word_1_366' title='bbox 3071 2127 3176 2179; x_wconf 83' lang='grc' dir='ltr'><strong>ὑπὸ</strong></span> <span class='ocrx_word' id='word_1_367' title='bbox 3223 2128 3349 2191; x_wconf 79' lang='grc' dir='ltr'>τοὺς</span> <span class='ocrx_word' id='word_1_368' title='bbox 3402 2127 3716 2198; x_wconf 72' lang='grc' dir='ltr'>βαρϐάρους</span> 
     </span>
    </p>
   </div>
   <div class='ocr_carea' id='block_1_53' title="bbox 2148 2213 3712 2288">
    <p class='ocr_par' dir='ltr' id='par_1_53' title="bbox 2148 2213 3712 2288">
     <span class='ocr_line' id='line_1_53' title="bbox 2148 2213 3712 2288; baseline 0 -19"><span class='ocrx_word' id='word_1_369' title='bbox 2148 2215 2428 2284; x_wconf 82' lang='grc' dir='ltr'>γενέσθαι.</span> <span class='ocrx_word' id='word_1_370' title='bbox 2488 2217 2650 2280; x_wconf 72' lang='grc' dir='ltr'>Εἰκὸς</span> <span class='ocrx_word' id='word_1_371' title='bbox 2696 2217 2805 2286; x_wconf 86' lang='grc' dir='ltr'><strong>γάρ</strong></span> <span class='ocrx_word' id='word_1_372' title='bbox 2851 2213 2918 2288; x_wconf 80' lang='grc' dir='ltr'>ἧν</span> <span class='ocrx_word' id='word_1_373' title='bbox 2963 2217 3129 2280; x_wconf 82' lang='grc' dir='ltr'>αὑτὰς</span> <span class='ocrx_word' id='word_1_374' title='bbox 3177 2217 3614 2285; x_wconf 78' lang='grc' dir='ltr'>ὲξαπατηθείσας</span> <span class='ocrx_word' id='word_1_375' title='bbox 3646 2223 3712 2287; x_wconf 82' lang='grc' dir='ltr'>τῇ</span> 
     </span>
    </p>
   </div>
   <div class='ocr_carea' id='block_1_54' title="bbox 2143 2307 3713 2380">
    <p class='ocr_par' dir='ltr' id='par_1_54' title="bbox 2143 2307 3713 2380">
     <span class='ocr_line' id='line_1_54' title="bbox 2143 2307 3713 2380; baseline 0.001 -20"><span class='ocrx_word' id='word_1_376' title='bbox 2143 2307 2254 2361; x_wconf 86' lang='grc' dir='ltr'><strong>τῶν</strong></span> <span class='ocrx_word' id='word_1_377' title='bbox 2288 2307 2584 2378; x_wconf 85' lang='grc' dir='ltr'>βαρϐάρων</span> <span class='ocrx_word' id='word_1_378' title='bbox 2614 2309 2849 2380; x_wconf 83' lang='grc' dir='ltr'>δοκούσῃ</span> <span class='ocrx_word' id='word_1_379' title='bbox 2885 2307 3265 2378; x_wconf 66' lang='grc' dir='ltr'>φιλανθρωπίᾳ</span> <span class='ocrx_word' id='word_1_380' title='bbox 3299 2311 3391 2362; x_wconf 76' lang='grc' dir='ltr'>καὶ</span> <span class='ocrx_word' id='word_1_381' title='bbox 3426 2309 3713 2362; x_wconf 79' lang='grc' dir='ltr'>δουλεῦσαι</span> 
     </span>
    </p>
   </div>
   <div class='ocr_carea' id='block_1_55' title="bbox 2141 2391 3709 2470">
    <p class='ocr_par' dir='ltr' id='par_1_55' title="bbox 2141 2391 3709 2470">
     <span class='ocr_line' id='line_1_55' title="bbox 2141 2391 3709 2470; baseline 0.004 -20"><span class='ocrx_word' id='word_1_382' title='bbox 2141 2400 2354 2462; x_wconf 79' lang='grc' dir='ltr'>τούτοις</span> <span class='ocrx_word' id='word_1_383' title='bbox 2381 2399 2779 2467; x_wconf 82' lang='grc' dir='ltr'>βουλεύσασθαι</span> <span class='ocrx_word' id='word_1_384' title='bbox 2817 2401 2922 2468; x_wconf 81' lang='grc' dir='ltr'>πρὸ</span> <span class='ocrx_word' id='word_1_385' title='bbox 2965 2391 3064 2453; x_wconf 81' lang='grc' dir='ltr'><strong>τοῦ¹</strong></span> <span class='ocrx_word' id='word_1_386' title='bbox 3093 2400 3433 2470; x_wconf 82' lang='grc' dir='ltr'>πορθηθῆναι</span> <span class='ocrx_word' id='word_1_387' title='bbox 3463 2401 3709 2470; x_wconf 76' lang='grc' dir='ltr'>πολέμῳ.</span> 
     </span>
    </p>
   </div>
   <div class='ocr_carea' id='block_1_56' title="bbox 2143 2491 3712 2562">
    <p class='ocr_par' dir='ltr' id='par_1_56' title="bbox 2143 2491 3712 2562">
     <span class='ocr_line' id='line_1_56' title="bbox 2143 2491 3712 2562; baseline 0.001 -18"><span class='ocrx_word' id='word_1_388' title='bbox 2143 2491 2218 2544; x_wconf 76' lang='grc' dir='ltr'>Τό</span> <span class='ocrx_word' id='word_1_389' title='bbox 2251 2492 2362 2561; x_wconf 71' lang='grc' dir='ltr'>γὰρ</span> <span class='ocrx_word' id='word_1_390' title='bbox 2407 2491 2642 2545; x_wconf 80' lang='grc' dir='ltr'>ἁλοῦσαν</span> <span class='ocrx_word' id='word_1_391' title='bbox 2669 2493 2767 2562; x_wconf 84' lang='grc' dir='ltr'>τὴν</span> <span class='ocrx_word' id='word_1_392' title='bbox 2803 2491 3088 2561; x_wconf 85' lang='grc' dir='ltr'>Κόρινθον,</span> <span class='ocrx_word' id='word_1_393' title='bbox 3147 2492 3484 2562; x_wconf 68' lang='grc' dir='ltr'>μητρόπολιν</span> <span class='ocrx_word' id='word_1_394' title='bbox 3529 2493 3712 2547; x_wconf 80' lang='grc' dir='ltr'>αὐτῶν</span> 
     </span>
    </p>
   </div>
   <div class='ocr_carea' id='block_1_57' title="bbox 2139 2576 3711 2652">
    <p class='ocr_par' dir='ltr' id='par_1_57' title="bbox 2139 2576 3711 2652">
     <span class='ocr_line' id='line_1_57' title="bbox 2139 2576 3711 2652; baseline 0.001 -17"><span class='ocrx_word' id='word_1_395' title='bbox 2139 2576 2328 2646; x_wconf 76' lang='grc' dir='ltr'>οὖσαν,</span> <span class='ocrx_word' id='word_1_396' title='bbox 2379 2581 2545 2652; x_wconf 83' lang='grc' dir='ltr'>μηδέν</span> <span class='ocrx_word' id='word_1_397' title='bbox 2591 2601 2644 2635; x_wconf 88' lang='grc' dir='ltr'><strong>τι</strong></span> <span class='ocrx_word' id='word_1_398' title='bbox 2700 2583 3025 2636; x_wconf 78' lang='grc' dir='ltr'>πεπονθέναι</span> <span class='ocrx_word' id='word_1_399' title='bbox 3070 2583 3259 2648; x_wconf 85' lang='grc' dir='ltr'>δεινὸν,</span> <span class='ocrx_word' id='word_1_400' title='bbox 3309 2582 3370 2635; x_wconf 89' lang='grc' dir='ltr'><strong>τό</strong></span> <span class='ocrx_word' id='word_1_401' title='bbox 3412 2601 3471 2647; x_wconf 79' lang='grc' dir='ltr'><strong>τε</strong></span> <span class='ocrx_word' id='word_1_402' title='bbox 3503 2584 3711 2640; x_wconf 78' lang='grc' dir='ltr'>τούτων</span> 
     </span>
    </p>
   </div>
   <div class='ocr_carea' id='block_1_58' title="bbox 2139 2672 3709 2744">
    <p class='ocr_par' dir='ltr' id='par_1_58' title="bbox 2139 2672 3709 2744">
     <span class='ocr_line' id='line_1_58' title="bbox 2139 2672 3709 2744; baseline 0.001 -20"><span class='ocrx_word' id='word_1_403' title='bbox 2139 2672 2394 2742; x_wconf 80' lang='grc' dir='ltr'>φρόνημα</span> <span class='ocrx_word' id='word_1_404' title='bbox 2427 2672 2727 2726; x_wconf 77' lang='grc' dir='ltr'>κατέϐαλεν</span> <span class='ocrx_word' id='word_1_405' title='bbox 2779 2673 2845 2727; x_wconf 85' lang='grc' dir='ltr'>ἂν</span> <span class='ocrx_word' id='word_1_406' title='bbox 2893 2674 3140 2736; x_wconf 77' lang='grc' dir='ltr'>εἰκότως,</span> <span class='ocrx_word' id='word_1_407' title='bbox 3174 2674 3268 2726; x_wconf 80' lang='grc' dir='ltr'>καὶ</span> <span class='ocrx_word' id='word_1_408' title='bbox 3300 2674 3497 2743; x_wconf 84' lang='grc' dir='ltr'>κομιδῆ</span> <span class='ocrx_word' id='word_1_409' title='bbox 3534 2676 3709 2744; x_wconf 77' lang='grc' dir='ltr'>πα.ρὲ-</span> 
     </span>
    </p>
   </div>
   <div class='ocr_carea' id='block_1_59' title="bbox 2139 2757 3709 2834">
    <p class='ocr_par' dir='ltr' id='par_1_59' title="bbox 2139 2757 3709 2834">
     <span class='ocr_line' id='line_1_59' title="bbox 2139 2757 3709 2834; baseline 0.001 -18"><span class='ocrx_word' id='word_1_410' title='bbox 2139 2781 2267 2834; x_wconf 84' lang='grc' dir='ltr'>σχεν</span> <span class='ocrx_word' id='word_1_411' title='bbox 2308 2763 2572 2830; x_wconf 81' lang='grc' dir='ltr'>ἐλπίζειν,</span> <span class='ocrx_word' id='word_1_412' title='bbox 2609 2763 2684 2826; x_wconf 85' lang='grc' dir='ltr'>ὡς</span> <span class='ocrx_word' id='word_1_413' title='bbox 2733 2763 2822 2832; x_wconf 81' lang='grc' dir='ltr'><strong>ἄρ’</strong></span> <span class='ocrx_word' id='word_1_414' title='bbox 2865 2764 2973 2816; x_wconf 82' lang='grc' dir='ltr'>οὐδ’</span> <span class='ocrx_word' id='word_1_415' title='bbox 3010 2757 3168 2818; x_wconf 72' lang='grc' dir='ltr'>αὗται</span> <span class='ocrx_word' id='word_1_416' title='bbox 3208 2765 3514 2818; x_wconf 85' lang='grc' dir='ltr'>πείσονται.</span> <span class='ocrx_word' id='word_1_417' title='bbox 3557 2764 3709 2817; x_wconf 74' lang='grc' dir='ltr'>Ἐπεί</span> 
     </span>
    </p>
   </div>
   <div class='ocr_carea' id='block_1_60' title="bbox 2133 2853 3705 2925">
    <p class='ocr_par' dir='ltr' id='par_1_60' title="bbox 2133 2853 3705 2925">
     <span class='ocr_line' id='line_1_60' title="bbox 2133 2853 3705 2925; baseline 0 -17"><span class='ocrx_word' id='word_1_418' title='bbox 2133 2872 2215 2908; x_wconf 88' lang='grc' dir='ltr'><strong>τοι</strong></span> <span class='ocrx_word' id='word_1_419' title='bbox 2243 2855 2302 2908; x_wconf 86' lang='grc' dir='ltr'>τὸ</span> <span class='ocrx_word' id='word_1_420' title='bbox 2330 2854 2428 2922; x_wconf 81' lang='grc' dir='ltr'>μὲν</span> <span class='ocrx_word' id='word_1_421' title='bbox 2457 2853 2688 2922; x_wconf 83' lang='grc' dir='ltr'>ἄγεσθαι</span> <span class='ocrx_word' id='word_1_422' title='bbox 2719 2854 2864 2922; x_wconf 87' lang='grc' dir='ltr'>λόγῳ</span> <span class='ocrx_word' id='word_1_423' title='bbox 2885 2855 2946 2908; x_wconf 72' lang='grc' dir='ltr'>οὐ</span> <span class='ocrx_word' id='word_1_424' title='bbox 2973 2854 3079 2906; x_wconf 79' lang='grc' dir='ltr'><strong>τῶν</strong></span> <span class='ocrx_word' id='word_1_425' title='bbox 3106 2855 3382 2924; x_wconf 79' lang='grc' dir='ltr'>τυχόντων</span> <span class='ocrx_word' id='word_1_426' title='bbox 3406 2855 3471 2908; x_wconf 78' lang='grc' dir='ltr'>ἂν</span> <span class='ocrx_word' id='word_1_427' title='bbox 3497 2855 3705 2925; x_wconf 71' lang='grc' dir='ltr'>εὕροις·</span> 
     </span>
    </p>
   </div>
   <div class='ocr_carea' id='block_1_61' title="bbox 2133 2946 3701 3017">
    <p class='ocr_par' dir='ltr' id='par_1_61' title="bbox 2133 2946 3701 3017">
     <span class='ocr_line' id='line_1_61' title="bbox 2133 2946 3701 3017; baseline 0.001 -17"><span class='ocrx_word' id='word_1_428' title='bbox 2133 2948 2193 3000; x_wconf 83' lang='grc' dir='ltr'>τὸ</span> <span class='ocrx_word' id='word_1_429' title='bbox 2221 2947 2276 3000; x_wconf 82' lang='grc' dir='ltr'>δὲ</span> <span class='ocrx_word' id='word_1_430' title='bbox 2303 2946 2666 3016; x_wconf 80' lang='grc' dir='ltr'>ῥυθμίζεσθαι</span> <span class='ocrx_word' id='word_1_431' title='bbox 2695 2947 3102 3016; x_wconf 80' lang='grc' dir='ltr'>παραδείγματι</span> <span class='ocrx_word' id='word_1_432' title='bbox 3129 2947 3237 3000; x_wconf 84' lang='grc' dir='ltr'><strong>τῶν</strong></span> <span class='ocrx_word' id='word_1_433' title='bbox 3263 2948 3321 2999; x_wconf 87' lang='grc' dir='ltr'>οὑ</span> <span class='ocrx_word' id='word_1_434' title='bbox 3350 2950 3701 3017; x_wconf 77' lang='grc' dir='ltr'>σοφωτέρων.</span> 
     </span>
    </p>
   </div>
   <div class='ocr_carea' id='block_1_62' title="bbox 460 3011 2028 3106">
    <p class='ocr_par' dir='ltr' id='par_1_62' title="bbox 460 3011 2028 3106">
     <span class='ocr_line' id='line_1_62' title="bbox 460 3011 2028 3106; baseline 0.021 -46"><span class='ocrx_word' id='word_1_435' title='bbox 460 3023 567 3075; x_wconf 77' lang='lat' dir='ltr'><strong>quo</strong></span> <span class='ocrx_word' id='word_1_436' title='bbox 587 3011 859 3073; x_wconf 85' lang='lat' dir='ltr'><strong>minorum</strong></span> <span class='ocrx_word' id='word_1_437' title='bbox 883 3023 1202 3090; x_wconf 90' lang='lat' dir='ltr'><strong>cumprimis</strong></span> <span class='ocrx_word' id='word_1_438' title='bbox 1224 3025 1455 3082; x_wconf 87' lang='lat' dir='ltr'><strong>aliorum</strong></span> <span class='ocrx_word' id='word_1_439' title='bbox 1481 3029 1758 3086; x_wconf 68' lang='lat' dir='ltr'><strong>civitatum</strong></span> <span class='ocrx_word' id='word_1_440' title='bbox 1781 3051 1845 3090; x_wconf 89' lang='lat' dir='ltr'><strong>ac</strong></span> <span class='ocrx_word' id='word_1_441' title='bbox 1867 3038 2028 3106; x_wconf 90' lang='lat' dir='ltr'><strong>oppi-</strong></span> 
     </span>
    </p>
   </div>
   <div class='ocr_carea' id='block_1_63' title="bbox 2134 3011 3701 3106">
    <p class='ocr_par' dir='ltr' id='par_1_63' title="bbox 2134 3011 3701 3106">
     <span class='ocr_line' id='line_1_63' title="bbox 2134 3011 3701 3106; baseline 0 -18"><span class='ocrx_word' id='word_1_442' title='bbox 2134 3037 2246 3088; x_wconf 77' lang='grc' dir='ltr'><strong>Καὶ</strong></span> <span class='ocrx_word' id='word_1_443' title='bbox 2296 3011 2348 3089; x_wconf 69' lang='grc' dir='ltr'><strong>ἐι</strong></span> <span class='ocrx_word' id='word_1_444' title='bbox 2391 3011 2455 3104; x_wconf 81' lang='grc' dir='ltr'><strong>γε</strong></span> <span class='ocrx_word' id='word_1_445' title='bbox 2504 3036 2664 3090; x_wconf 84' lang='grc' dir='ltr'>τοῦτο</span> <span class='ocrx_word' id='word_1_446' title='bbox 2702 3011 3071 3106; x_wconf 29' lang='grc' dir='ltr'>προύϐεϐή-κει</span> <span class='ocrx_word' id='word_1_447' title='bbox 3115 3035 3160 3087; x_wconf 85' lang='grc' dir='ltr'>δ’</span> <span class='ocrx_word' id='word_1_448' title='bbox 3207 3036 3275 3089; x_wconf 82' lang='grc' dir='ltr'>ἂν</span> <span class='ocrx_word' id='word_1_449' title='bbox 3322 3011 3572 3099; x_wconf 36' lang='grc' dir='ltr'><strong>πάιν-τως,⁷</strong></span> <span class='ocrx_word' id='word_1_450' title='bbox 3613 3039 3701 3089; x_wconf 78' lang='grc' dir='ltr'>ἐπ’</span> 
     </span>
    </p>
   </div>
   <div class='ocr_carea' id='block_1_64' title="bbox 458 3099 2032 3187">
    <p class='ocr_par' dir='ltr' id='par_1_64' title="bbox 458 3099 2032 3187">
     <span class='ocr_line' id='line_1_64' title="bbox 458 3099 2032 3187; baseline 0.022 -37"><span class='ocrx_word' id='word_1_451' title='bbox 458 3099 674 3163; x_wconf 81' lang='lat' dir='ltr'><strong>dorum,</strong></span> <span class='ocrx_word' id='word_1_452' title='bbox 700 3107 929 3176; x_wconf 80' lang='lat' dir='ltr'><strong>ejusque</strong></span> <span class='ocrx_word' id='word_1_453' title='bbox 947 3111 1082 3165; x_wconf 87' lang='lat' dir='ltr'><strong>adeo</strong></span> <span class='ocrx_word' id='word_1_454' title='bbox 1118 3114 1286 3182; x_wconf 86' lang='lat' dir='ltr'><strong>ipsius</strong></span> <span class='ocrx_word' id='word_1_455' title='bbox 1308 3131 1542 3187; x_wconf 70' lang='lat' dir='ltr'><strong>quaa‘pro</strong></span> <span class='ocrx_word' id='word_1_456' title='bbox 1565 3123 1684 3177; x_wconf 88' lang='lat' dir='ltr'><strong>aliis</strong></span> <span class='ocrx_word' id='word_1_457' title='bbox 1709 3099 2032 3184; x_wconf 68' lang='lat' dir='ltr'><strong>tradebatur</strong></span> 
     </span>
    </p>
   </div>
   <div class='ocr_carea' id='block_1_65' title="bbox 457 3191 2031 3286">
    <p class='ocr_par' dir='ltr' id='par_1_65' title="bbox 457 3191 2031 3286">
     <span class='ocr_line' id='line_1_65' title="bbox 457 3191 2031 3286; baseline 0.021 -43"><span class='ocrx_word' id='word_1_458' title='bbox 457 3191 620 3244; x_wconf 73' lang='lat' dir='ltr'><strong>saluti</strong></span> <span class='ocrx_word' id='word_1_459' title='bbox 649 3205 792 3249; x_wconf 90' lang='lat' dir='ltr'><strong>esset</strong></span> <span class='ocrx_word' id='word_1_460' title='bbox 833 3201 1163 3280; x_wconf 89' lang='lat' dir='ltr'><strong>consultum.</strong></span> <span class='ocrx_word' id='word_1_461' title='bbox 1192 3203 1352 3259; x_wconf 84' lang='lat' dir='ltr'><strong>Velut</strong></span> <span class='ocrx_word' id='word_1_462' title='bbox 1383 3202 1564 3278; x_wconf 72' lang='lat' dir='ltr'><strong>itaque</strong></span> <span class='ocrx_word' id='word_1_463' title='bbox 1586 3212 1696 3279; x_wconf 89' lang='lat' dir='ltr'><strong>jam</strong></span> <span class='ocrx_word' id='word_1_464' title='bbox 1731 3227 1941 3286; x_wconf 82' lang='lat' dir='ltr'><strong>eaptam</strong></span> <span class='ocrx_word' id='word_1_465' title='bbox 1963 3222 2031 3276; x_wconf 88' lang='lat' dir='ltr'><strong>ab</strong></span> 
     </span>
    </p>
   </div>
   <div class='ocr_carea' id='block_1_66' title="bbox 458 3282 2029 3366">
    <p class='ocr_par' dir='ltr' id='par_1_66' title="bbox 458 3282 2029 3366">
     <span class='ocr_line' id='line_1_66' title="bbox 458 3282 2029 3366; baseline 0.021 -33"><span class='ocrx_word' id='word_1_466' title='bbox 458 3282 728 3350; x_wconf 83' lang='lat' dir='ltr'><strong>hostibus,</strong></span> <span class='ocrx_word' id='word_1_467' title='bbox 781 3288 849 3340; x_wconf 91' lang='lat' dir='ltr'><strong>ab</strong></span> <span class='ocrx_word' id='word_1_468' title='bbox 895 3303 1084 3346; x_wconf 90' lang='lat' dir='ltr'><strong>eorum</strong></span> <span class='ocrx_word' id='word_1_469' title='bbox 1120 3299 1590 3366; x_wconf 69' lang='lat' dir='ltr'><strong>abstraxitmann,</strong></span> <span class='ocrx_word' id='word_1_470' title='bbox 1616 3320 1733 3360; x_wconf 86' lang='lat' dir='ltr'><strong>eam</strong></span> <span class='ocrx_word' id='word_1_471' title='bbox 1756 3309 2029 3366; x_wconf 90' lang='lat' dir='ltr'><strong>credendo</strong></span> 
     </span>
    </p>
   </div>
   <div class='ocr_carea' id='block_1_67' title="bbox 455 3371 2028 3464">
    <p class='ocr_par' dir='ltr' id='par_1_67' title="bbox 455 3371 2028 3464">
     <span class='ocr_line' id='line_1_67' title="bbox 455 3371 2028 3464; baseline 0.022 -39"><span class='ocrx_word' id='word_1_472' title='bbox 455 3371 764 3433; x_wconf 84' lang='lat' dir='ltr'><strong>Fratribus.</strong></span> <span class='ocrx_word' id='word_1_473' title='bbox 788 3379 923 3434; x_wconf 90' lang='lat' dir='ltr'><strong>Cum</strong></span> <span class='ocrx_word' id='word_1_474' title='bbox 949 3399 1077 3451; x_wconf 78' lang='lat' dir='ltr'><strong>ergo</strong></span> <span class='ocrx_word' id='word_1_475' title='bbox 1101 3386 1275 3455; x_wconf 89' lang='lat' dir='ltr'><strong>ipsum</strong></span> <span class='ocrx_word' id='word_1_476' title='bbox 1309 3391 1407 3446; x_wconf 90' lang='lat' dir='ltr'><strong>hoc</strong></span> <span class='ocrx_word' id='word_1_477' title='bbox 1427 3394 1494 3448; x_wconf 89' lang='lat' dir='ltr'><strong>sit</strong></span> <span class='ocrx_word' id='word_1_478' title='bbox 1519 3398 1863 3464; x_wconf 78' lang='lat' dir='ltr'><strong>przeclarum,</strong></span> <span class='ocrx_word' id='word_1_479' title='bbox 1882 3413 1937 3456; x_wconf 92' lang='lat' dir='ltr'><strong>ut</strong></span> <span class='ocrx_word' id='word_1_480' title='bbox 1952 3405 2028 3458; x_wconf 82' lang='lat' dir='ltr'><strong>si-</strong></span> 
     </span>
    </p>
   </div>
   <div class='ocr_carea' id='block_1_68' title="bbox 455 3465 2018 3560">
    <p class='ocr_par' dir='ltr' id='par_1_68' title="bbox 455 3465 2018 3560">
     <span class='ocr_line' id='line_1_68' title="bbox 455 3465 2018 3560; baseline 0.024 -47"><span class='ocrx_word' id='word_1_481' title='bbox 455 3465 564 3518; x_wconf 88' lang='lat' dir='ltr'><strong>mni</strong></span> <span class='ocrx_word' id='word_1_482' title='bbox 590 3467 724 3524; x_wconf 86' lang='lat' dir='ltr'><strong>alias</strong></span> <span class='ocrx_word' id='word_1_483' title='bbox 771 3474 1079 3542; x_wconf 80' lang='lat' dir='ltr'><strong>complures</strong></span> <span class='ocrx_word' id='word_1_484' title='bbox 1134 3479 1296 3535; x_wconf 85' lang='lat' dir='ltr'><strong>urbes</strong></span> <span class='ocrx_word' id='word_1_485' title='bbox 1349 3499 1376 3536; x_wconf 89' lang='lat' dir='ltr'><strong>a</strong></span> <span class='ocrx_word' id='word_1_486' title='bbox 1423 3487 2018 3560; x_wconf 83' lang='lat' dir='ltr'><strong>perleululiheraverit,</strong></span> 
     </span>
    </p>
   </div>
   <div class='ocr_carea' id='block_1_69' title="bbox 451 3561 1660 3632">
    <p class='ocr_par' dir='ltr' id='par_1_69' title="bbox 451 3561 1660 3632">
     <span class='ocr_line' id='line_1_69' title="bbox 451 3561 1660 3632; baseline 0.022 -26"><span class='ocrx_word' id='word_1_487' title='bbox 451 3561 721 3623; x_wconf 83' lang='lat' dir='ltr'><strong>quomodo</strong></span> <span class='ocrx_word' id='word_1_488' title='bbox 763 3577 870 3616; x_wconf 90' lang='lat' dir='ltr'><strong>non</strong></span> <span class='ocrx_word' id='word_1_489' title='bbox 915 3565 1119 3620; x_wconf 88' lang='lat' dir='ltr'><strong>clarum</strong></span> <span class='ocrx_word' id='word_1_490' title='bbox 1174 3573 1406 3629; x_wconf 82' lang='lat' dir='ltr'><strong>maxime</strong></span> <span class='ocrx_word' id='word_1_491' title='bbox 1461 3576 1660 3632; x_wconf 81' lang='lat' dir='ltr'><strong>fuerit?</strong></span> 
     </span>
    </p>
   </div>
   <div class='ocr_carea' id='block_1_70' title="bbox 2133 3124 3699 3197">
    <p class='ocr_par' dir='ltr' id='par_1_70' title="bbox 2133 3124 3699 3197">
     <span class='ocr_line' id='line_1_70' title="bbox 2133 3124 3699 3197; baseline -0.001 -18"><span class='ocrx_word' id='word_1_492' title='bbox 2133 3126 2361 3194; x_wconf 79' lang='grc' dir='ltr'>ἄπειρον</span> <span class='ocrx_word' id='word_1_493' title='bbox 2396 3124 2460 3177; x_wconf 85' lang='grc' dir='ltr'>ἂν</span> <span class='ocrx_word' id='word_1_494' title='bbox 2497 3125 2697 3195; x_wconf 79' lang='grc' dir='ltr'>ἐχώρει</span> <span class='ocrx_word' id='word_1_495' title='bbox 2726 3127 2786 3177; x_wconf 77' lang='grc' dir='ltr'><strong>τὸ</strong></span> <span class='ocrx_word' id='word_1_496' title='bbox 2809 3125 3000 3179; x_wconf 84' lang='grc' dir='ltr'>δεινόν.</span> <span class='ocrx_word' id='word_1_497' title='bbox 3038 3126 3142 3177; x_wconf 81' lang='grc' dir='ltr'><strong>Καὶ</strong></span> <span class='ocrx_word' id='word_1_498' title='bbox 3169 3126 3232 3196; x_wconf 78' lang='grc' dir='ltr'>δὴ</span> <span class='ocrx_word' id='word_1_499' title='bbox 3255 3127 3364 3178; x_wconf 82' lang='grc' dir='ltr'>τῶν</span> <span class='ocrx_word' id='word_1_500' title='bbox 3388 3126 3699 3197; x_wconf 73' lang='grc' dir='ltr'>εἰρημένων</span> 
     </span>
    </p>
   </div>
   <div class='ocr_carea' id='block_1_71' title="bbox 2133 3215 3698 3289">
    <p class='ocr_par' dir='ltr' id='par_1_71' title="bbox 2133 3215 3698 3289">
     <span class='ocr_line' id='line_1_71' title="bbox 2133 3215 3698 3289; baseline 0.003 -22"><span class='ocrx_word' id='word_1_501' title='bbox 2133 3215 2294 3268; x_wconf 78' lang='grc' dir='ltr'>ἕνεκα</span> <span class='ocrx_word' id='word_1_502' title='bbox 2349 3215 2569 3268; x_wconf 86' lang='grc' dir='ltr'>πάντων</span> <span class='ocrx_word' id='word_1_503' title='bbox 2627 3217 2975 3287; x_wconf 82' lang='grc' dir='ltr'>συνεχώρησε</span> <span class='ocrx_word' id='word_1_504' title='bbox 3029 3215 3216 3270; x_wconf 84' lang='grc' dir='ltr'>λαϐεῖν</span> <span class='ocrx_word' id='word_1_505' title='bbox 3266 3219 3392 3281; x_wconf 80' lang='grc' dir='ltr'>τοὺς</span> <span class='ocrx_word' id='word_1_506' title='bbox 3435 3219 3698 3289; x_wconf 83' lang='grc' dir='ltr'>Φρερίους</span> 
     </span>
    </p>
   </div>
   <div class='ocr_carea' id='block_1_72' title="bbox 2131 3307 3697 3380">
    <p class='ocr_par' dir='ltr' id='par_1_72' title="bbox 2131 3307 3697 3380">
     <span class='ocr_line' id='line_1_72' title="bbox 2131 3307 3697 3380; baseline 0.002 -19"><span class='ocrx_word' id='word_1_507' title='bbox 2131 3308 2284 3368; x_wconf 88' lang='grc' dir='ltr'>τήνδε</span> <span class='ocrx_word' id='word_1_508' title='bbox 2316 3307 2414 3378; x_wconf 81' lang='grc' dir='ltr'>τὴν</span> <span class='ocrx_word' id='word_1_509' title='bbox 2443 3308 2600 3361; x_wconf 83' lang='grc' dir='ltr'>πόλιν</span> <span class='ocrx_word' id='word_1_510' title='bbox 2621 3309 2713 3362; x_wconf 75' lang='grc' dir='ltr'><strong>ἐπὶ</strong></span> <span class='ocrx_word' id='word_1_511' title='bbox 2743 3309 2988 3380; x_wconf 80' lang='grc' dir='ltr'>σωτηρίᾳ</span> <span class='ocrx_word' id='word_1_512' title='bbox 3014 3309 3251 3378; x_wconf 85' lang='grc' dir='ltr'>μάλιστα</span> <span class='ocrx_word' id='word_1_513' title='bbox 3275 3310 3374 3379; x_wconf 81' lang='grc' dir='ltr'>μὲν</span> <span class='ocrx_word' id='word_1_514' title='bbox 3407 3312 3502 3364; x_wconf 75' lang='grc' dir='ltr'>καὶ</span> <span class='ocrx_word' id='word_1_515' title='bbox 3520 3311 3697 3364; x_wconf 76' lang='grc' dir='ltr'>ἄλλων</span> 
     </span>
    </p>
   </div>
   <div class='ocr_carea' id='block_1_73' title="bbox 2132 3398 3697 3475">
    <p class='ocr_par' dir='ltr' id='par_1_73' title="bbox 2132 3398 3697 3475">
     <span class='ocr_line' id='line_1_73' title="bbox 2132 3398 3697 3475; baseline 0.012 -24"><span class='ocrx_word' id='word_1_516' title='bbox 2132 3400 2422 3472; x_wconf 84' lang='grc' dir='ltr'>πολιχνίων</span> <span class='ocrx_word' id='word_1_517' title='bbox 2455 3417 2514 3453; x_wconf 86' lang='grc' dir='ltr'><strong>τε</strong></span> <span class='ocrx_word' id='word_1_518' title='bbox 2561 3403 2655 3455; x_wconf 81' lang='grc' dir='ltr'>καὶ</span> <span class='ocrx_word' id='word_1_519' title='bbox 2693 3401 2921 3466; x_wconf 87' lang='grc' dir='ltr'>πόλεων,</span> <span class='ocrx_word' id='word_1_520' title='bbox 2957 3403 3053 3472; x_wconf 82' lang='grc' dir='ltr'>οὐχ</span> <span class='ocrx_word' id='word_1_521' title='bbox 3093 3398 3257 3475; x_wconf 81' lang='grc' dir='ltr'>ἦττον</span> <span class='ocrx_word' id='word_1_522' title='bbox 3294 3403 3351 3456; x_wconf 80' lang='grc' dir='ltr'>δὲ</span> <span class='ocrx_word' id='word_1_523' title='bbox 3386 3405 3478 3457; x_wconf 65' lang='grc' dir='ltr'><strong>κειὶ</strong></span> <span class='ocrx_word' id='word_1_524' title='bbox 3523 3407 3697 3474; x_wconf 76' lang='grc' dir='ltr'>αὐτῆς</span> 
     </span>
    </p>
   </div>
   <div class='ocr_carea' id='block_1_74' title="bbox 2131 3495 3694 3570">
    <p class='ocr_par' dir='ltr' id='par_1_74' title="bbox 2131 3495 3694 3570">
     <span class='ocr_line' id='line_1_74' title="bbox 2131 3495 3694 3570; baseline 0.003 -23"><span class='ocrx_word' id='word_1_525' title='bbox 2131 3495 2343 3562; x_wconf 77' lang='grc' dir='ltr'>ἐκείνης</span> <span class='ocrx_word' id='word_1_526' title='bbox 2390 3495 2489 3563; x_wconf 78' lang='grc' dir='ltr'>τῆς</span> <span class='ocrx_word' id='word_1_527' title='bbox 2524 3496 2618 3548; x_wconf 75' lang='grc' dir='ltr'>καὶ</span> <span class='ocrx_word' id='word_1_528' title='bbox 2666 3495 2805 3566; x_wconf 81' lang='grc' dir='ltr'>ὑπὲρ</span> <span class='ocrx_word' id='word_1_529' title='bbox 2846 3497 3023 3550; x_wconf 80' lang='grc' dir='ltr'>ἄλλων</span> <span class='ocrx_word' id='word_1_530' title='bbox 3059 3497 3211 3566; x_wconf 82' lang='grc' dir='ltr'>ὅμως</span> <span class='ocrx_word' id='word_1_531' title='bbox 3247 3497 3517 3570; x_wconf 81' lang='grc' dir='ltr'>δοθείσης.</span> <span class='ocrx_word' id='word_1_532' title='bbox 3538 3500 3694 3553; x_wconf 84' lang='grc' dir='ltr'>Ὠσθ’</span> 
     </span>
    </p>
   </div>
   <div class='ocr_carea' id='block_1_75' title="bbox 2129 3579 3694 3661">
    <p class='ocr_par' dir='ltr' id='par_1_75' title="bbox 2129 3579 3694 3661">
     <span class='ocr_line' id='line_1_75' title="bbox 2129 3579 3694 3661; baseline 0.005 -25"><span class='ocrx_word' id='word_1_533' title='bbox 2129 3584 2202 3646; x_wconf 85' lang='grc' dir='ltr'>ὡς</span> <span class='ocrx_word' id='word_1_534' title='bbox 2237 3585 2366 3645; x_wconf 74' lang='grc' dir='ltr'>ἔπος</span> <span class='ocrx_word' id='word_1_535' title='bbox 2397 3586 2593 3651; x_wconf 86' lang='grc' dir='ltr'>εἰπεῖν,</span> <span class='ocrx_word' id='word_1_536' title='bbox 2628 3585 2703 3649; x_wconf 84' lang='grc' dir='ltr'>ὡς</span> <span class='ocrx_word' id='word_1_537' title='bbox 2732 3585 2837 3639; x_wconf 80' lang='grc' dir='ltr'><strong>ὑπὸ</strong></span> <span class='ocrx_word' id='word_1_538' title='bbox 2865 3587 2974 3639; x_wconf 84' lang='grc' dir='ltr'>τῶν</span> <span class='ocrx_word' id='word_1_539' title='bbox 3005 3579 3278 3658; x_wconf 81' lang='grc' dir='ltr'>πολεμίων</span> <span class='ocrx_word' id='word_1_540' title='bbox 3314 3591 3694 3661; x_wconf 78' lang='grc' dir='ltr'>προειλημμέ-</span> 
     </span>
    </p>
   </div>
   <div class='ocr_carea' id='block_1_76' title="bbox 449 3655 3692 3754">
    <p class='ocr_par' dir='ltr' id='par_1_76' title="bbox 449 3655 3692 3754">
     <span class='ocr_line' id='line_1_76' title="bbox 449 3655 3692 3754; baseline 0.008 -36"><span class='ocrx_word' id='word_1_541' title='bbox 449 3672 548 3725; x_wconf 86' lang='grc' dir='ltr'><strong>νην</strong></span> <span class='ocrx_word' id='word_1_542' title='bbox 592 3655 694 3725; x_wconf 83' lang='grc' dir='ltr'>τῆς</span> <span class='ocrx_word' id='word_1_543' title='bbox 739 3660 919 3714; x_wconf 66' lang='grc' dir='ltr'><strong>αὖτε-’ὗν</strong></span> <span class='ocrx_word' id='word_1_544' title='bbox 962 3666 1145 3733; x_wconf 79' lang='grc' dir='ltr'>χειρὸς</span> <span class='ocrx_word' id='word_1_545' title='bbox 1183 3669 1352 3738; x_wconf 79' lang='grc' dir='ltr'>αὐτὴν</span> <span class='ocrx_word' id='word_1_546' title='bbox 1392 3673 1754 3740; x_wconf 81' lang='grc' dir='ltr'>ἐξανέσπασε,</span> <span class='ocrx_word' id='word_1_547' title='bbox 1789 3679 1865 3749; x_wconf 85' lang='grc' dir='ltr'>τῷ</span> <span class='ocrx_word' id='word_1_548' title='bbox 1905 3683 2014 3744; x_wconf 80' lang='grc' dir='ltr'>τοῖς</span> <span class='ocrx_word' id='word_1_549' title='bbox 2041 3681 2288 3750; x_wconf 80' lang='grc' dir='ltr'>Φρερίοις</span> <span class='ocrx_word' id='word_1_550' title='bbox 2312 3682 2481 3752; x_wconf 82' lang='grc' dir='ltr'>αὐτὴν</span> <span class='ocrx_word' id='word_1_551' title='bbox 2503 3685 2832 3753; x_wconf 75' lang='grc' dir='ltr'>ἐγχειρίσαι.</span> <span class='ocrx_word' id='word_1_552' title='bbox 2867 3684 2976 3738; x_wconf 75' lang='grc' dir='ltr'>Καὶ</span> <span class='ocrx_word' id='word_1_553' title='bbox 3005 3685 3055 3737; x_wconf 80' lang='grc' dir='ltr'><strong>εί</strong></span> <span class='ocrx_word' id='word_1_554' title='bbox 3107 3684 3263 3738; x_wconf 86' lang='grc' dir='ltr'>τοῦτό</span> <span class='ocrx_word' id='word_1_555' title='bbox 3301 3703 3364 3754; x_wconf 86' lang='grc' dir='ltr'><strong>γε</strong></span> <span class='ocrx_word' id='word_1_556' title='bbox 3396 3688 3560 3742; x_wconf 83' lang='grc' dir='ltr'>καλὸν</span> <span class='ocrx_word' id='word_1_557' title='bbox 3598 3691 3692 3744; x_wconf 76' lang='grc' dir='ltr'>καὶ</span> 
     </span>
    </p>
   </div>
   <div class='ocr_carea' id='block_1_77' title="bbox 449 3749 3505 3847">
    <p class='ocr_par' dir='ltr' id='par_1_77' title="bbox 449 3749 3505 3847">
     <span class='ocr_line' id='line_1_77' title="bbox 449 3749 3505 3847; baseline 0.011 -48"><span class='ocrx_word' id='word_1_558' title='bbox 449 3749 577 3802; x_wconf 80' lang='grc' dir='ltr'>καθ’</span> <span class='ocrx_word' id='word_1_559' title='bbox 604 3750 737 3804; x_wconf 79' lang='grc' dir='ltr'>αὐτὸ</span> <span class='ocrx_word' id='word_1_560' title='bbox 761 3752 1157 3825; x_wconf 80' lang='grc' dir='ltr'>θεωρούμενον,</span> <span class='ocrx_word' id='word_1_561' title='bbox 1189 3762 1348 3816; x_wconf 78' lang='grc' dir='ltr'>ὁπότε</span> <span class='ocrx_word' id='word_1_562' title='bbox 1380 3765 1442 3833; x_wconf 80' lang='grc' dir='ltr'>δὴ</span> <span class='ocrx_word' id='word_1_563' title='bbox 1482 3771 1574 3822; x_wconf 70' lang='grc' dir='ltr'><strong>καὶ</strong></span> <span class='ocrx_word' id='word_1_564' title='bbox 1605 3772 1788 3836; x_wconf 81' lang='grc' dir='ltr'>πόλεις</span> <span class='ocrx_word' id='word_1_565' title='bbox 1821 3774 2015 3843; x_wconf 80' lang='grc' dir='ltr'>ἐτέρας</span> <span class='ocrx_word' id='word_1_566' title='bbox 2048 3749 2258 3827; x_wconf 79' lang='grc' dir='ltr'>πολλῶν</span> <span class='ocrx_word' id='word_1_567' title='bbox 2284 3774 2516 3826; x_wconf 81' lang='grc' dir='ltr'>κιδύνων</span> <span class='ocrx_word' id='word_1_568' title='bbox 2546 3775 2835 3846; x_wconf 77' lang='grc' dir='ltr'>ἐρρύσατο,</span> <span class='ocrx_word' id='word_1_569' title='bbox 2864 3778 2980 3839; x_wconf 85' lang='grc' dir='ltr'><strong>πῶς</strong></span> <span class='ocrx_word' id='word_1_570' title='bbox 3007 3769 3066 3828; x_wconf 85' lang='grc' dir='ltr'><strong>ού</strong></span> <span class='ocrx_word' id='word_1_571' title='bbox 3100 3778 3337 3847; x_wconf 85' lang='grc' dir='ltr'>μάλιστα</span> <span class='ocrx_word' id='word_1_572' title='bbox 3368 3777 3505 3847; x_wconf 74' lang='grc' dir='ltr'>εἶενς</span> 
     </span>
    </p>
   </div>
   <div class='ocr_carea' id='block_1_78' title="bbox 517 3840 2012 3934">
    <p class='ocr_par' dir='ltr' id='par_1_78' title="bbox 517 3840 2012 3934">
     <span class='ocr_line' id='line_1_78' title="bbox 517 3840 2012 3934; baseline 0.017 -38"><span class='ocrx_word' id='word_1_573' title='bbox 517 3840 781 3898; x_wconf 67' lang='lat' dir='ltr'><strong>Caeterum</strong></span> <span class='ocrx_word' id='word_1_574' title='bbox 806 3860 1022 3916; x_wconf 86' lang='lat' dir='ltr'><strong>accepta</strong></span> <span class='ocrx_word' id='word_1_575' title='bbox 1043 3852 1305 3909; x_wconf 88' lang='lat' dir='ltr'><strong>Corintho</strong></span> <span class='ocrx_word' id='word_1_576' title='bbox 1327 3859 1533 3914; x_wconf 87' lang='lat' dir='ltr'><strong>munita</strong></span> <span class='ocrx_word' id='word_1_577' title='bbox 1553 3862 1712 3916; x_wconf 61' lang='lat' dir='ltr'><strong>“urbe</strong></span> <span class='ocrx_word' id='word_1_578' title='bbox 1753 3840 2012 3934; x_wconf 77' lang='lat' dir='ltr'><strong>pulchra-</strong></span> 
     </span>
    </p>
   </div>
   <div class='ocr_carea' id='block_1_79' title="bbox 445 3941 2010 4023">
    <p class='ocr_par' dir='ltr' id='par_1_79' title="bbox 445 3941 2010 4023">
     <span class='ocr_line' id='line_1_79' title="bbox 445 3941 2010 4023; baseline 0.017 -39"><span class='ocrx_word' id='word_1_579' title='bbox 445 3949 552 3997; x_wconf 84' lang='lat' dir='ltr'><strong>que</strong></span> <span class='ocrx_word' id='word_1_580' title='bbox 572 3950 634 3988; x_wconf 91' lang='lat' dir='ltr'><strong>ac</strong></span> <span class='ocrx_word' id='word_1_581' title='bbox 661 3952 874 4006; x_wconf 87' lang='lat' dir='ltr'><strong>magna,</strong></span> <span class='ocrx_word' id='word_1_582' title='bbox 904 3941 1277 4014; x_wconf 81' lang='lat' dir='ltr'><strong>lsthmumque</strong></span> <span class='ocrx_word' id='word_1_583' title='bbox 1309 3950 1644 4017; x_wconf 90' lang='lat' dir='ltr'><strong>continente,</strong></span> <span class='ocrx_word' id='word_1_584' title='bbox 1689 3956 1914 4023; x_wconf 89' lang='lat' dir='ltr'><strong>pulchre</strong></span> <span class='ocrx_word' id='word_1_585' title='bbox 1956 3957 2010 4010; x_wconf 91' lang='lat' dir='ltr'><strong>in</strong></span> 
     </span>
    </p>
   </div>
   <div class='ocr_carea' id='block_1_80' title="bbox 444 4023 2008 4117">
    <p class='ocr_par' dir='ltr' id='par_1_80' title="bbox 444 4023 2008 4117">
     <span class='ocr_line' id='line_1_80' title="bbox 444 4023 2008 4117; baseline 0.017 -42"><span class='ocrx_word' id='word_1_586' title='bbox 444 4041 510 4077; x_wconf 76' lang='lat' dir='ltr'><strong>eo</strong></span> <span class='ocrx_word' id='word_1_587' title='bbox 537 4028 820 4096; x_wconf 65' lang='lat' dir='ltr'><strong>aediﬁcata,</strong></span> <span class='ocrx_word' id='word_1_588' title='bbox 843 4023 1226 4093; x_wconf 86' lang='lat' dir='ltr'><strong>incessitviros</strong></span> <span class='ocrx_word' id='word_1_589' title='bbox 1248 4041 1445 4107; x_wconf 88' lang='lat' dir='ltr'><strong>cupido</strong></span> <span class='ocrx_word' id='word_1_590' title='bbox 1471 4053 1527 4097; x_wconf 87' lang='lat' dir='ltr'><strong>ut</strong></span> <span class='ocrx_word' id='word_1_591' title='bbox 1557 4053 1725 4099; x_wconf 89' lang='lat' dir='ltr'><strong>totam</strong></span> <span class='ocrx_word' id='word_1_592' title='bbox 1752 4047 2008 4117; x_wconf 88' lang='lat' dir='ltr'><strong>deinceps</strong></span> 
     </span>
    </p>
   </div>
   <div class='ocr_carea' id='block_1_81' title="bbox 444 4112 2008 4202">
    <p class='ocr_par' dir='ltr' id='par_1_81' title="bbox 444 4112 2008 4202">
     <span class='ocr_line' id='line_1_81' title="bbox 444 4112 2008 4202; baseline 0.016 -38"><span class='ocrx_word' id='word_1_593' title='bbox 444 4112 878 4184; x_wconf 67' lang='lat' dir='ltr'><strong>l‘elolionncsum</strong></span> <span class='ocrx_word' id='word_1_594' title='bbox 914 4122 1203 4180; x_wconf 89' lang='lat' dir='ltr'><strong>haberent.</strong></span> <span class='ocrx_word' id='word_1_595' title='bbox 1237 4127 1383 4182; x_wconf 88' lang='lat' dir='ltr'><strong>Bona</strong></span> <span class='ocrx_word' id='word_1_596' title='bbox 1416 4131 1573 4199; x_wconf 87' lang='lat' dir='ltr'><strong>plane</strong></span> <span class='ocrx_word' id='word_1_597' title='bbox 1616 4134 1898 4202; x_wconf 82' lang='lat' dir='ltr'><strong>cogitatio,</strong></span> <span class='ocrx_word' id='word_1_598' title='bbox 1951 4145 2008 4189; x_wconf 90' lang='lat' dir='ltr'><strong>ut</strong></span> 
     </span>
    </p>
   </div>
   <div class='ocr_carea' id='block_1_82' title="bbox 439 4210 2004 4288">
    <p class='ocr_par' dir='ltr' id='par_1_82' title="bbox 439 4210 2004 4288">
     <span class='ocr_line' id='line_1_82' title="bbox 439 4210 2004 4288; baseline 0.014 -31"><span class='ocrx_word' id='word_1_599' title='bbox 439 4219 627 4260; x_wconf 84' lang='lat' dir='ltr'><strong>eorum</strong></span> <span class='ocrx_word' id='word_1_600' title='bbox 662 4210 786 4277; x_wconf 87' lang='lat' dir='ltr'><strong>quis</strong></span> <span class='ocrx_word' id='word_1_601' title='bbox 809 4215 970 4268; x_wconf 85' lang='lat' dir='ltr'><strong>verba</strong></span> <span class='ocrx_word' id='word_1_602' title='bbox 989 4227 1212 4282; x_wconf 85' lang='lat' dir='ltr'><strong>spectet,</strong></span> <span class='ocrx_word' id='word_1_603' title='bbox 1237 4228 1398 4288; x_wconf 78' lang='lat' dir='ltr'><strong>atque</strong></span> <span class='ocrx_word' id='word_1_604' title='bbox 1413 4231 1470 4275; x_wconf 91' lang='lat' dir='ltr'><strong>ut</strong></span> <span class='ocrx_word' id='word_1_605' title='bbox 1494 4223 1857 4288; x_wconf 79' lang='lat' dir='ltr'><strong>allirmabant,</strong></span> <span class='ocrx_word' id='word_1_606' title='bbox 1881 4242 2004 4280; x_wconf 92' lang='lat' dir='ltr'><strong>cum</strong></span> 
     </span>
    </p>
   </div>
   <div class='ocr_carea' id='block_1_83' title="bbox 439 4297 1998 4386">
    <p class='ocr_par' dir='ltr' id='par_1_83' title="bbox 439 4297 1998 4386">
     <span class='ocr_line' id='line_1_83' title="bbox 439 4297 1998 4386; baseline 0.015 -39"><span class='ocrx_word' id='word_1_607' title='bbox 439 4311 599 4348; x_wconf 85' lang='lat' dir='ltr'><strong>suum</strong></span> <span class='ocrx_word' id='word_1_608' title='bbox 632 4297 708 4352; x_wconf 90' lang='lat' dir='ltr'><strong>illi</strong></span> <span class='ocrx_word' id='word_1_609' title='bbox 735 4303 1024 4357; x_wconf 78' lang='lat' dir='ltr'><strong>consilium</strong></span> <span class='ocrx_word' id='word_1_610' title='bbox 1057 4315 1184 4361; x_wconf 61' lang='lat' dir='ltr'><strong>tutae</strong></span> <span class='ocrx_word' id='word_1_611' title='bbox 1215 4310 1338 4363; x_wconf 88' lang='lat' dir='ltr'><strong>lidei</strong></span> <span class='ocrx_word' id='word_1_612' title='bbox 1371 4313 1684 4369; x_wconf 90' lang='lat' dir='ltr'><strong>hominibus</strong></span> <span class='ocrx_word' id='word_1_613' title='bbox 1706 4318 1998 4386; x_wconf 86' lang='lat' dir='ltr'><strong>aperirent.</strong></span> 
     </span>
    </p>
   </div>
   <div class='ocr_carea' id='block_1_84' title="bbox 439 4384 2000 4469">
    <p class='ocr_par' dir='ltr' id='par_1_84' title="bbox 439 4384 2000 4469">
     <span class='ocr_line' id='line_1_84' title="bbox 439 4384 2000 4469; baseline 0.017 -32"><span class='ocrx_word' id='word_1_614' title='bbox 439 4384 812 4444; x_wconf 73' lang='lat' dir='ltr'><strong>Sacramentis</strong></span> <span class='ocrx_word' id='word_1_615' title='bbox 841 4394 985 4446; x_wconf 91' lang='lat' dir='ltr'><strong>enim</strong></span> <span class='ocrx_word' id='word_1_616' title='bbox 1010 4396 1210 4464; x_wconf 87' lang='lat' dir='ltr'><strong>juratis</strong></span> <span class='ocrx_word' id='word_1_617' title='bbox 1235 4415 1356 4469; x_wconf 84' lang='lat' dir='ltr'><strong>quae</strong></span> <span class='ocrx_word' id='word_1_618' title='bbox 1385 4403 1600 4456; x_wconf 79' lang='lat' dir='ltr'><strong>abunde</strong></span> <span class='ocrx_word' id='word_1_619' title='bbox 1630 4418 1832 4469; x_wconf 88' lang='lat' dir='ltr'><strong>essent,</strong></span> <span class='ocrx_word' id='word_1_620' title='bbox 1877 4423 2000 4463; x_wconf 92' lang='lat' dir='ltr'><strong>cum</strong></span> 
     </span>
    </p>
   </div>
   <div class='ocr_carea' id='block_1_85' title="bbox 407 4475 2002 4559">
    <p class='ocr_par' dir='ltr' id='par_1_85' title="bbox 407 4475 2002 4559">
     <span class='ocr_line' id='line_1_85' title="bbox 407 4475 2002 4559; baseline 0.014 -29"><span class='ocrx_word' id='word_1_621' title='bbox 407 4477 410 4480; x_wconf 84' lang='grc'><em>’</em></span> <span class='ocrx_word' id='word_1_622' title='bbox 437 4475 797 4533; x_wconf 73' lang='lat' dir='ltr'><strong>substantiam</strong></span> <span class='ocrx_word' id='word_1_623' title='bbox 830 4496 1071 4550; x_wconf 92' lang='lat' dir='ltr'><strong>omnem,</strong></span> <span class='ocrx_word' id='word_1_624' title='bbox 1101 4495 1211 4540; x_wconf 91' lang='lat' dir='ltr'><strong>tum</strong></span> <span class='ocrx_word' id='word_1_625' title='bbox 1239 4503 1463 4559; x_wconf 89' lang='lat' dir='ltr'><strong>corpora</strong></span> <span class='ocrx_word' id='word_1_626' title='bbox 1491 4507 1556 4547; x_wconf 89' lang='lat' dir='ltr'><strong>ac</strong></span> <span class='ocrx_word' id='word_1_627' title='bbox 1597 4494 1761 4548; x_wconf 83' lang='lat' dir='ltr'><strong>vitam</strong></span> <span class='ocrx_word' id='word_1_628' title='bbox 1798 4498 2002 4552; x_wconf 82' lang='lat' dir='ltr'><strong>insum-</strong></span> 
     </span>
    </p>
   </div>
   <div class='ocr_carea' id='block_1_86' title="bbox 433 4568 1997 4654">
    <p class='ocr_par' dir='ltr' id='par_1_86' title="bbox 433 4568 1997 4654">
     <span class='ocr_line' id='line_1_86' title="bbox 433 4568 1997 4654; baseline 0.018 -38"><span class='ocrx_word' id='word_1_629' title='bbox 433 4575 626 4634; x_wconf 83' lang='lat' dir='ltr'><strong>pturos</strong></span> <span class='ocrx_word' id='word_1_630' title='bbox 645 4568 918 4636; x_wconf 87' lang='lat' dir='ltr'><strong>dicebant,</strong></span> <span class='ocrx_word' id='word_1_631' title='bbox 937 4584 995 4627; x_wconf 87' lang='lat' dir='ltr'><strong>ut</strong></span> <span class='ocrx_word' id='word_1_632' title='bbox 1015 4586 1155 4631; x_wconf 87' lang='lat' dir='ltr'><strong>esset</strong></span> <span class='ocrx_word' id='word_1_633' title='bbox 1175 4595 1416 4648; x_wconf 86' lang='lat' dir='ltr'><strong>necesse,</strong></span> <span class='ocrx_word' id='word_1_634' title='bbox 1442 4597 1504 4637; x_wconf 90' lang='lat' dir='ltr'><strong>ac</strong></span> <span class='ocrx_word' id='word_1_635' title='bbox 1531 4599 1723 4652; x_wconf 88' lang='lat' dir='ltr'><strong>magna</strong></span> <span class='ocrx_word' id='word_1_636' title='bbox 1750 4589 1997 4654; x_wconf 83' lang='lat' dir='ltr'><strong>quaedam</strong></span> 
     </span>
    </p>
   </div>
   <div class='ocr_carea' id='block_1_87' title="bbox 434 4656 1999 4744">
    <p class='ocr_par' dir='ltr' id='par_1_87' title="bbox 434 4656 1999 4744">
     <span class='ocr_line' id='line_1_87' title="bbox 434 4656 1999 4744; baseline 0.018 -38"><span class='ocrx_word' id='word_1_637' title='bbox 434 4656 814 4725; x_wconf 82' lang='lat' dir='ltr'><strong>designaturos</strong></span> <span class='ocrx_word' id='word_1_638' title='bbox 827 4677 925 4731; x_wconf 92' lang='lat' dir='ltr'><strong>pro</strong></span> <span class='ocrx_word' id='word_1_639' title='bbox 945 4664 1145 4720; x_wconf 85' lang='lat' dir='ltr'><strong>Christi</strong></span> <span class='ocrx_word' id='word_1_640' title='bbox 1163 4669 1352 4737; x_wconf 80' lang='lat' dir='ltr'><strong>gloria,</strong></span> <span class='ocrx_word' id='word_1_641' title='bbox 1369 4681 1425 4724; x_wconf 90' lang='lat' dir='ltr'><strong>ut</strong></span> <span class='ocrx_word' id='word_1_642' title='bbox 1452 4677 1857 4743; x_wconf 68' lang='lat' dir='ltr'><strong>prapugnandze</strong></span> <span class='ocrx_word' id='word_1_643' title='bbox 1875 4679 1999 4744; x_wconf 71' lang='lat' dir='ltr'><strong>{Pe-</strong></span> 
     </span>
    </p>
   </div>
   <div class='ocr_carea' id='block_1_88' title="bbox 433 4748 2034 4833">
    <p class='ocr_par' dir='ltr' id='par_1_88' title="bbox 433 4748 2034 4833">
     <span class='ocr_line' id='line_1_88' title="bbox 433 4748 2034 4833; baseline 0.015 -35"><span class='ocrx_word' id='word_1_644' title='bbox 433 4748 715 4816; x_wconf 75' lang='lat' dir='ltr'><strong>loponnesi</strong></span> <span class='ocrx_word' id='word_1_645' title='bbox 738 4755 1073 4821; x_wconf 84' lang='lat' dir='ltr'><strong>provinciam</strong></span> <span class='ocrx_word' id='word_1_646' title='bbox 1099 4760 1147 4812; x_wconf 91' lang='lat' dir='ltr'><strong>in</strong></span> <span class='ocrx_word' id='word_1_647' title='bbox 1170 4776 1229 4814; x_wconf 89' lang='lat' dir='ltr'><strong>se</strong></span> <span class='ocrx_word' id='word_1_648' title='bbox 1252 4763 1455 4831; x_wconf 92' lang='lat' dir='ltr'><strong>liquido</strong></span> <span class='ocrx_word' id='word_1_649' title='bbox 1475 4767 1802 4833; x_wconf 81' lang='lat' dir='ltr'><strong>reciperent.</strong></span> <span class='ocrx_word' id='word_1_650' title='bbox 1830 4768 1998 4825; x_wconf 85' lang='lat' dir='ltr'><strong>Porro</strong></span> <span class='ocrx_word' id='word_1_651' title='bbox 2031 4819 2034 4822; x_wconf 85' lang='lat'><strong>.</strong></span> 
     </span>
    </p>
   </div>
   <div class='ocr_carea' id='block_1_89' title="bbox 354 4837 2001 4920">
    <p class='ocr_par' dir='ltr' id='par_1_89' title="bbox 354 4837 2001 4920">
     <span class='ocr_line' id='line_1_89' title="bbox 354 4837 2001 4920; baseline 0.016 -35"><span class='ocrx_word' id='word_1_652' title='bbox 354 4895 358 4899; x_wconf 37' lang='grc'><strong>,</strong></span> <span class='ocrx_word' id='word_1_653' title='bbox 431 4837 597 4892; x_wconf 73' lang='lat' dir='ltr'><strong>etiam</strong></span> <span class='ocrx_word' id='word_1_654' title='bbox 625 4845 918 4910; x_wconf 86' lang='lat' dir='ltr'><strong>nonjurati</strong></span> <span class='ocrx_word' id='word_1_655' title='bbox 944 4847 1100 4902; x_wconf 85' lang='lat' dir='ltr'><strong>ﬁdem</strong></span> <span class='ocrx_word' id='word_1_656' title='bbox 1129 4849 1422 4920; x_wconf 85' lang='lat' dir='ltr'><strong>habebant,</strong></span> <span class='ocrx_word' id='word_1_657' title='bbox 1462 4863 1518 4907; x_wconf 93' lang='lat' dir='ltr'><strong>ut</strong></span> <span class='ocrx_word' id='word_1_658' title='bbox 1542 4857 1881 4912; x_wconf 85' lang='lat' dir='ltr'><strong>nihilessent</strong></span> <span class='ocrx_word' id='word_1_659' title='bbox 1915 4860 2001 4913; x_wconf 87' lang='lat' dir='ltr'><strong>di-</strong></span> 
     </span>
    </p>
   </div>
   <div class='ocr_carea' id='block_1_90' title="bbox 429 4930 1995 5011">
    <p class='ocr_par' dir='ltr' id='par_1_90' title="bbox 429 4930 1995 5011">
     <span class='ocr_line' id='line_1_90' title="bbox 429 4930 1995 5011; baseline 0.017 -32"><span class='ocrx_word' id='word_1_660' title='bbox 429 4930 572 4982; x_wconf 90' lang='lat' dir='ltr'><strong>cturi</strong></span> <span class='ocrx_word' id='word_1_661' title='bbox 604 4946 632 4984; x_wconf 89' lang='lat' dir='ltr'><strong>a</strong></span> <span class='ocrx_word' id='word_1_662' title='bbox 668 4947 766 4986; x_wconf 88' lang='lat' dir='ltr'><strong>sua</strong></span> <span class='ocrx_word' id='word_1_663' title='bbox 799 4934 1041 5004; x_wconf 89' lang='lat' dir='ltr'><strong>ipsorum</strong></span> <span class='ocrx_word' id='word_1_664' title='bbox 1075 4941 1270 4996; x_wconf 85' lang='lat' dir='ltr'><strong>virtute</strong></span> <span class='ocrx_word' id='word_1_665' title='bbox 1317 4943 1622 5011; x_wconf 78' lang='lat' dir='ltr'><strong>dissonum,</strong></span> <span class='ocrx_word' id='word_1_666' title='bbox 1649 4949 1730 5002; x_wconf 88' lang='lat' dir='ltr'><strong>vel</strong></span> <span class='ocrx_word' id='word_1_667' title='bbox 1777 4965 1805 5002; x_wconf 91' lang='lat' dir='ltr'><strong>a</strong></span> <span class='ocrx_word' id='word_1_668' title='bbox 1851 4949 1995 5006; x_wconf 72' lang='lat' dir='ltr'><strong>fama</strong></span> 
     </span>
    </p>
   </div>
   <div class='ocr_carea' id='block_1_91' title="bbox 432 5019 1994 5108">
    <p class='ocr_par' dir='ltr' id='par_1_91' title="bbox 432 5019 1994 5108">
     <span class='ocr_line' id='line_1_91' title="bbox 432 5019 1994 5108; baseline 0.017 -38"><span class='ocrx_word' id='word_1_669' title='bbox 432 5019 631 5088; x_wconf 88' lang='lat' dir='ltr'><strong>ubique</strong></span> <span class='ocrx_word' id='word_1_670' title='bbox 657 5023 902 5079; x_wconf 86' lang='lat' dir='ltr'><strong>locorum</strong></span> <span class='ocrx_word' id='word_1_671' title='bbox 931 5028 996 5083; x_wconf 91' lang='lat' dir='ltr'><strong>de</strong></span> <span class='ocrx_word' id='word_1_672' title='bbox 1026 5031 1106 5084; x_wconf 91' lang='lat' dir='ltr'><strong>eis</strong></span> <span class='ocrx_word' id='word_1_673' title='bbox 1134 5046 1479 5102; x_wconf 80' lang='lat' dir='ltr'><strong>pervagante,</strong></span> <span class='ocrx_word' id='word_1_674' title='bbox 1517 5046 1611 5090; x_wconf 90' lang='lat' dir='ltr'><strong>aut</strong></span> <span class='ocrx_word' id='word_1_675' title='bbox 1648 5039 1882 5108; x_wconf 88' lang='lat' dir='ltr'><strong>denique</strong></span> <span class='ocrx_word' id='word_1_676' title='bbox 1925 5043 1994 5096; x_wconf 90' lang='lat' dir='ltr'><strong>ab</strong></span> 
     </span>
    </p>
   </div>
   <div class='ocr_carea' id='block_1_92' title="bbox 425 5109 1993 5196">
    <p class='ocr_par' dir='ltr' id='par_1_92' title="bbox 425 5109 1993 5196">
     <span class='ocr_line' id='line_1_92' title="bbox 425 5109 1993 5196; baseline 0.017 -37"><span class='ocrx_word' id='word_1_677' title='bbox 425 5109 614 5164; x_wconf 84' lang='lat' dir='ltr'><strong>habitu</strong></span> <span class='ocrx_word' id='word_1_678' title='bbox 640 5127 701 5168; x_wconf 91' lang='lat' dir='ltr'><strong>ac</strong></span> <span class='ocrx_word' id='word_1_679' title='bbox 725 5117 938 5196; x_wconf 72' lang='lat' dir='ltr'><strong>ordine,</strong></span> <span class='ocrx_word' id='word_1_680' title='bbox 961 5119 1013 5172; x_wconf 92' lang='lat' dir='ltr'><strong>in</strong></span> <span class='ocrx_word' id='word_1_681' title='bbox 1031 5136 1140 5188; x_wconf 87' lang='lat' dir='ltr'><strong>quo</strong></span> <span class='ocrx_word' id='word_1_682' title='bbox 1159 5130 1213 5176; x_wconf 90' lang='lat' dir='ltr'><strong>et</strong></span> <span class='ocrx_word' id='word_1_683' title='bbox 1241 5124 1426 5178; x_wconf 84' lang='lat' dir='ltr'><strong>vivunt</strong></span> <span class='ocrx_word' id='word_1_684' title='bbox 1446 5134 1498 5180; x_wconf 92' lang='lat' dir='ltr'><strong>et</strong></span> <span class='ocrx_word' id='word_1_685' title='bbox 1525 5127 1764 5196; x_wconf 88' lang='lat' dir='ltr'><strong>sapiunt,</strong></span> <span class='ocrx_word' id='word_1_686' title='bbox 1782 5146 1993 5185; x_wconf 83' lang='lat' dir='ltr'><strong>accou-</strong></span> 
     </span>
    </p>
   </div>
   <div class='ocr_carea' id='block_1_93' title="bbox 425 5187 1992 5292">
    <p class='ocr_par' dir='ltr' id='par_1_93' title="bbox 425 5187 1992 5292">
     <span class='ocr_line' id='line_1_93' title="bbox 425 5187 1992 5292; baseline 0.016 -39"><span class='ocrx_word' id='word_1_687' title='bbox 425 5211 713 5258; x_wconf 86' lang='lat' dir='ltr'><strong>versantur</strong></span> <span class='ocrx_word' id='word_1_688' title='bbox 733 5222 746 5271; x_wconf 92' lang='lat'>;</span> <span class='ocrx_word' id='word_1_689' title='bbox 765 5187 1091 5277; x_wconf 67' lang='lat' dir='ltr'><strong>gloriantur,</strong></span> <span class='ocrx_word' id='word_1_690' title='bbox 1117 5229 1181 5267; x_wconf 89' lang='lat' dir='ltr'><strong>ac</strong></span> <span class='ocrx_word' id='word_1_691' title='bbox 1199 5213 1398 5269; x_wconf 87' lang='lat' dir='ltr'><strong>habent</strong></span> <span class='ocrx_word' id='word_1_692' title='bbox 1421 5217 1702 5285; x_wconf 85' lang='lat' dir='ltr'><strong>honorem,</strong></span> <span class='ocrx_word' id='word_1_693' title='bbox 1735 5224 1992 5292; x_wconf 87' lang='lat' dir='ltr'><strong>omnique</strong></span> 
     </span>
    </p>
   </div>
   <div class='ocr_carea' id='block_1_94' title="bbox 423 5299 1993 5383">
    <p class='ocr_par' dir='ltr' id='par_1_94' title="bbox 423 5299 1993 5383">
     <span class='ocr_line' id='line_1_94' title="bbox 423 5299 1993 5383; baseline 0.015 -36"><span class='ocrx_word' id='word_1_694' title='bbox 423 5305 573 5348; x_wconf 85' lang='lat' dir='ltr'><strong>retro</strong></span> <span class='ocrx_word' id='word_1_695' title='bbox 591 5299 792 5352; x_wconf 70' lang='lat' dir='ltr'><strong>saeculo</strong></span> <span class='ocrx_word' id='word_1_696' title='bbox 813 5299 1098 5359; x_wconf 85' lang='lat' dir='ltr'><strong>habituros</strong></span> <span class='ocrx_word' id='word_1_697' title='bbox 1114 5316 1354 5374; x_wconf 86' lang='lat' dir='ltr'><strong>sperant.</strong></span> <span class='ocrx_word' id='word_1_698' title='bbox 1374 5307 1451 5362; x_wconf 86' lang='lat' dir='ltr'><strong>Ne</strong></span> <span class='ocrx_word' id='word_1_699' title='bbox 1478 5311 1602 5380; x_wconf 87' lang='lat' dir='ltr'><strong>quis</strong></span> <span class='ocrx_word' id='word_1_700' title='bbox 1625 5327 1756 5383; x_wconf 86' lang='lat' dir='ltr'><strong>ergo</strong></span> <span class='ocrx_word' id='word_1_701' title='bbox 1779 5315 1828 5366; x_wconf 91' lang='lat' dir='ltr'><strong>in</strong></span> <span class='ocrx_word' id='word_1_702' title='bbox 1846 5316 1993 5370; x_wconf 78' lang='lat' dir='ltr'><strong>Rho-</strong></span> 
     </span>
    </p>
   </div>
   <div class='ocr_carea' id='block_1_95' title="bbox 419 5386 1986 5473">
    <p class='ocr_par' dir='ltr' id='par_1_95' title="bbox 419 5386 1986 5473">
     <span class='ocr_line' id='line_1_95' title="bbox 419 5386 1986 5473; baseline 0.015 -38"><span class='ocrx_word' id='word_1_703' title='bbox 419 5386 550 5438; x_wconf 81' lang='lat' dir='ltr'><strong>dum</strong></span> <span class='ocrx_word' id='word_1_704' title='bbox 579 5391 870 5459; x_wconf 84' lang='lat' dir='ltr'><strong>aspiciens,</strong></span> <span class='ocrx_word' id='word_1_705' title='bbox 901 5409 964 5448; x_wconf 90' lang='lat' dir='ltr'><strong>ac</strong></span> <span class='ocrx_word' id='word_1_706' title='bbox 994 5410 1195 5464; x_wconf 81' lang='lat' dir='ltr'><strong>paucas</strong></span> <span class='ocrx_word' id='word_1_707' title='bbox 1228 5397 1278 5450; x_wconf 90' lang='lat' dir='ltr'><strong>in</strong></span> <span class='ocrx_word' id='word_1_708' title='bbox 1306 5415 1368 5453; x_wconf 88' lang='lat' dir='ltr'><strong>ea</strong></span> <span class='ocrx_word' id='word_1_709' title='bbox 1419 5402 1691 5468; x_wconf 87' lang='lat' dir='ltr'><strong>triremes,</strong></span> <span class='ocrx_word' id='word_1_710' title='bbox 1737 5405 1986 5473; x_wconf 83' lang='lat' dir='ltr'><strong>exiguam</strong></span> 
     </span>
    </p>
   </div>
   <div class='ocr_carea' id='block_1_96' title="bbox 419 5482 1984 5567">
    <p class='ocr_par' dir='ltr' id='par_1_96' title="bbox 419 5482 1984 5567">
     <span class='ocr_line' id='line_1_96' title="bbox 419 5482 1984 5567; baseline 0.014 -38"><span class='ocrx_word' id='word_1_711' title='bbox 419 5482 714 5544; x_wconf 88' lang='lat' dir='ltr'><strong>quamdam</strong></span> <span class='ocrx_word' id='word_1_712' title='bbox 746 5500 810 5538; x_wconf 89' lang='lat' dir='ltr'><strong>ac</strong></span> <span class='ocrx_word' id='word_1_713' title='bbox 837 5485 1160 5541; x_wconf 77' lang='lat' dir='ltr'><strong>imbecillem</strong></span> <span class='ocrx_word' id='word_1_714' title='bbox 1195 5490 1488 5547; x_wconf 88' lang='lat' dir='ltr'><strong>arbitretur</strong></span> <span class='ocrx_word' id='word_1_715' title='bbox 1515 5494 1766 5550; x_wconf 85' lang='lat' dir='ltr'><strong>Fratrum</strong></span> <span class='ocrx_word' id='word_1_716' title='bbox 1791 5512 1984 5567; x_wconf 84' lang='lat' dir='ltr'><strong>poten-</strong></span> 
     </span>
    </p>
   </div>
   <div class='ocr_carea' id='block_1_97' title="bbox 420 5571 1982 5655">
    <p class='ocr_par' dir='ltr' id='par_1_97' title="bbox 420 5571 1982 5655">
     <span class='ocr_line' id='line_1_97' title="bbox 420 5571 1982 5655; baseline 0.014 -35"><span class='ocrx_word' id='word_1_717' title='bbox 420 5571 573 5622; x_wconf 82' lang='lat' dir='ltr'><strong>tiam.</strong></span> <span class='ocrx_word' id='word_1_718' title='bbox 605 5572 748 5626; x_wconf 81' lang='lat' dir='ltr'><strong>Multi</strong></span> <span class='ocrx_word' id='word_1_719' title='bbox 776 5575 921 5627; x_wconf 77' lang='lat' dir='ltr'><strong>enim</strong></span> <span class='ocrx_word' id='word_1_720' title='bbox 959 5593 1079 5630; x_wconf 90' lang='lat' dir='ltr'><strong>cum</strong></span> <span class='ocrx_word' id='word_1_721' title='bbox 1112 5579 1243 5632; x_wconf 89' lang='lat' dir='ltr'><strong>libet</strong></span> <span class='ocrx_word' id='word_1_722' title='bbox 1286 5583 1352 5634; x_wconf 91' lang='lat' dir='ltr'><strong>ab</strong></span> <span class='ocrx_word' id='word_1_723' title='bbox 1380 5584 1530 5638; x_wconf 91' lang='lat' dir='ltr'><strong>orbis</strong></span> <span class='ocrx_word' id='word_1_724' title='bbox 1555 5587 1821 5652; x_wconf 89' lang='lat' dir='ltr'><strong>partibus,</strong></span> <span class='ocrx_word' id='word_1_725' title='bbox 1846 5603 1982 5655; x_wconf 89' lang='lat' dir='ltr'><strong>quas</strong></span> 
     </span>
    </p>
   </div>
   <div class='ocr_carea' id='block_1_98' title="bbox 417 5661 1981 5748">
    <p class='ocr_par' dir='ltr' id='par_1_98' title="bbox 417 5661 1981 5748">
     <span class='ocr_line' id='line_1_98' title="bbox 417 5661 1981 5748; baseline 0.013 -32"><span class='ocrx_word' id='word_1_726' title='bbox 417 5661 647 5730; x_wconf 85' lang='lat' dir='ltr'><strong>sparsim</strong></span> <span class='ocrx_word' id='word_1_727' title='bbox 676 5664 880 5728; x_wconf 89' lang='lat' dir='ltr'><strong>colunt,</strong></span> <span class='ocrx_word' id='word_1_728' title='bbox 915 5680 1313 5736; x_wconf 70' lang='lat' dir='ltr'><strong>congregantur</strong></span> <span class='ocrx_word' id='word_1_729' title='bbox 1342 5691 1353 5726; x_wconf 91' lang='lat'>:</span> <span class='ocrx_word' id='word_1_730' title='bbox 1391 5673 1490 5727; x_wconf 80' lang='lat' dir='ltr'><strong>viri</strong></span> <span class='ocrx_word' id='word_1_731' title='bbox 1521 5674 1725 5744; x_wconf 81' lang='lat' dir='ltr'><strong>utique,</strong></span> <span class='ocrx_word' id='word_1_732' title='bbox 1782 5679 1981 5748; x_wconf 87' lang='lat' dir='ltr'><strong>quibus</strong></span> 
     </span>
    </p>
   </div>
   <div class='ocr_carea' id='block_1_99' title="bbox 2197 3866 3687 3941">
    <p class='ocr_par' dir='ltr' id='par_1_99' title="bbox 2197 3866 3687 3941">
     <span class='ocr_line' id='line_1_99' title="bbox 2197 3866 3687 3941; baseline 0.002 -21"><span class='ocrx_word' id='word_1_733' title='bbox 2197 3867 2461 3935; x_wconf 87' lang='grc' dir='ltr'>Ἕχοντας</span> <span class='ocrx_word' id='word_1_734' title='bbox 2507 3866 2568 3936; x_wconf 79' lang='grc' dir='ltr'>δὴ</span> <span class='ocrx_word' id='word_1_735' title='bbox 2613 3866 2714 3936; x_wconf 77' lang='grc' dir='ltr'>τὴν</span> <span class='ocrx_word' id='word_1_736' title='bbox 2763 3867 3047 3936; x_wconf 84' lang='grc' dir='ltr'>Κόρινθον,</span> <span class='ocrx_word' id='word_1_737' title='bbox 3099 3869 3252 3923; x_wconf 85' lang='grc' dir='ltr'>πόλιν</span> <span class='ocrx_word' id='word_1_738' title='bbox 3310 3872 3539 3941; x_wconf 77' lang='grc' dir='ltr'>ἰσχυρὰν</span> <span class='ocrx_word' id='word_1_739' title='bbox 3590 3872 3687 3926; x_wconf 77' lang='grc' dir='ltr'>καὶ</span> 
     </span>
    </p>
   </div>
   <div class='ocr_carea' id='block_1_100' title="bbox 2120 3956 3682 4032">
    <p class='ocr_par' dir='ltr' id='par_1_100' title="bbox 2120 3956 3682 4032">
     <span class='ocr_line' id='line_1_100' title="bbox 2120 3956 3682 4032; baseline 0.004 -23"><span class='ocrx_word' id='word_1_740' title='bbox 2120 3956 2292 4027; x_wconf 76' lang='grc' dir='ltr'>καλὴν</span> <span class='ocrx_word' id='word_1_741' title='bbox 2343 3958 2438 4010; x_wconf 78' lang='grc' dir='ltr'><strong>καὶ</strong></span> <span class='ocrx_word' id='word_1_742' title='bbox 2492 3960 2758 4029; x_wconf 81' lang='grc' dir='ltr'>μεγάλην,</span> <span class='ocrx_word' id='word_1_743' title='bbox 2809 3961 3150 4029; x_wconf 85' lang='grc' dir='ltr'>κατέχουσάν</span> <span class='ocrx_word' id='word_1_744' title='bbox 3199 3979 3257 4015; x_wconf 87' lang='grc' dir='ltr'><strong>τε</strong></span> <span class='ocrx_word' id='word_1_745' title='bbox 3310 3964 3401 4016; x_wconf 78' lang='grc' dir='ltr'><strong>τὸν</strong></span> <span class='ocrx_word' id='word_1_746' title='bbox 3447 3965 3682 4032; x_wconf 74' lang='grc' dir='ltr'>Ἰσθμὸν,</span> 
     </span>
    </p>
   </div>
   <div class='ocr_carea' id='block_1_101' title="bbox 2117 4041 3684 4124">
    <p class='ocr_par' dir='ltr' id='par_1_101' title="bbox 2117 4041 3684 4124">
     <span class='ocr_line' id='line_1_101' title="bbox 2117 4041 3684 4124; baseline 0.007 -27"><span class='ocrx_word' id='word_1_747' title='bbox 2117 4047 2254 4114; x_wconf 81' lang='grc' dir='ltr'>πρὸς</span> <span class='ocrx_word' id='word_1_748' title='bbox 2281 4041 2324 4114; x_wconf 82' lang='grc' dir='ltr'><strong>ᾧ</strong></span> <span class='ocrx_word' id='word_1_749' title='bbox 2358 4048 2538 4109; x_wconf 85' lang='grc' dir='ltr'>καλῶς</span> <span class='ocrx_word' id='word_1_750' title='bbox 2567 4048 2908 4120; x_wconf 71' lang='grc' dir='ltr'>ᾠκοδόμητο,</span> <span class='ocrx_word' id='word_1_751' title='bbox 2937 4051 3074 4120; x_wconf 77' lang='grc' dir='ltr'>ἔρως</span> <span class='ocrx_word' id='word_1_752' title='bbox 3109 4055 3249 4122; x_wconf 85' lang='grc' dir='ltr'>σφᾶς</span> <span class='ocrx_word' id='word_1_753' title='bbox 3291 4071 3354 4121; x_wconf 89' lang='grc' dir='ltr'><strong>γε</strong></span> <span class='ocrx_word' id='word_1_754' title='bbox 3396 4056 3684 4124; x_wconf 76' lang='grc' dir='ltr'>εἰσελήλυο</span> 
     </span>
    </p>
   </div>
   <div class='ocr_carea' id='block_1_102' title="bbox 2115 4138 3710 4219">
    <p class='ocr_par' dir='ltr' id='par_1_102' title="bbox 2115 4138 3710 4219">
     <span class='ocr_line' id='line_1_102' title="bbox 2115 4138 3710 4219; baseline 0.004 -29"><span class='ocrx_word' id='word_1_755' title='bbox 2115 4138 2205 4190; x_wconf 86' lang='grc' dir='ltr'><strong>θεν</strong></span> <span class='ocrx_word' id='word_1_756' title='bbox 2234 4140 2452 4191; x_wconf 72' lang='grc' dir='ltr'>ἃπασαν</span> <span class='ocrx_word' id='word_1_757' title='bbox 2483 4141 2610 4210; x_wconf 77' lang='grc' dir='ltr'><strong>ἑξῆς</strong></span> <span class='ocrx_word' id='word_1_758' title='bbox 2634 4145 2930 4211; x_wconf 78' lang='grc' dir='ltr'>κατασχεῖν</span> <span class='ocrx_word' id='word_1_759' title='bbox 2957 4143 3052 4214; x_wconf 79' lang='grc' dir='ltr'>τὴν</span> <span class='ocrx_word' id='word_1_760' title='bbox 3084 4145 3188 4214; x_wconf 76' lang='grc' dir='ltr'>γῆν</span> <span class='ocrx_word' id='word_1_761' title='bbox 3215 4146 3312 4213; x_wconf 78' lang='grc' dir='ltr'>τῆς</span> <span class='ocrx_word' id='word_1_762' title='bbox 3347 4148 3710 4219; x_wconf 71' lang='grc' dir='ltr'>Πελοποννή-.</span> 
     </span>
    </p>
   </div>
   <div class='ocr_carea' id='block_1_103' title="bbox 2114 4228 3684 4303">
    <p class='ocr_par' dir='ltr' id='par_1_103' title="bbox 2114 4228 3684 4303">
     <span class='ocr_line' id='line_1_103' title="bbox 2114 4228 3684 4303; baseline 0.008 -24"><span class='ocrx_word' id='word_1_763' title='bbox 2114 4245 2227 4282; x_wconf 76' lang='grc' dir='ltr'>σου.</span> <span class='ocrx_word' id='word_1_764' title='bbox 2262 4228 2317 4282; x_wconf 82' lang='lat'><strong>&#39;0</strong></span> <span class='ocrx_word' id='word_1_765' title='bbox 2355 4230 2412 4284; x_wconf 67' lang='grc' dir='ltr'>δὲ</span> <span class='ocrx_word' id='word_1_766' title='bbox 2455 4230 2716 4298; x_wconf 83' lang='grc' dir='ltr'>λογισμὸς</span> <span class='ocrx_word' id='word_1_767' title='bbox 2757 4231 2832 4295; x_wconf 83' lang='grc' dir='ltr'>ὡς</span> <span class='ocrx_word' id='word_1_768' title='bbox 2864 4233 3088 4300; x_wconf 75' lang='grc' dir='ltr'>ἀγαθός’</span> <span class='ocrx_word' id='word_1_769' title='bbox 3120 4235 3265 4301; x_wconf 82' lang='grc' dir='ltr'>λέγω</span> <span class='ocrx_word' id='word_1_770' title='bbox 3293 4237 3348 4289; x_wconf 88' lang='grc' dir='ltr'>δὲ</span> <span class='ocrx_word' id='word_1_771' title='bbox 3384 4238 3525 4290; x_wconf 84' lang='grc' dir='ltr'>κατὰ</span> <span class='ocrx_word' id='word_1_772' title='bbox 3557 4240 3684 4303; x_wconf 78' lang='grc' dir='ltr'>τοὺς</span> 
     </span>
    </p>
   </div>
   <div class='ocr_carea' id='block_1_104' title="bbox 2111 4317 3681 4398">
    <p class='ocr_par' dir='ltr' id='par_1_104' title="bbox 2111 4317 3681 4398">
     <span class='ocr_line' id='line_1_104' title="bbox 2111 4317 3681 4398; baseline 0.009 -28"><span class='ocrx_word' id='word_1_773' title='bbox 2111 4317 2300 4387; x_wconf 81' lang='grc' dir='ltr'>λόγους</span> <span class='ocrx_word' id='word_1_774' title='bbox 2327 4322 2576 4388; x_wconf 89' lang='grc' dir='ltr'>ἐκείνων,</span> <span class='ocrx_word' id='word_1_775' title='bbox 2617 4324 2714 4375; x_wconf 82' lang='grc' dir='ltr'>καὶ</span> <span class='ocrx_word' id='word_1_776' title='bbox 2752 4323 2826 4387; x_wconf 85' lang='grc' dir='ltr'>ὡς</span> <span class='ocrx_word' id='word_1_777' title='bbox 2863 4325 3225 4395; x_wconf 74' lang='grc' dir='ltr'>ἰσχυρίζοντο,</span> <span class='ocrx_word' id='word_1_778' title='bbox 3262 4328 3424 4397; x_wconf 80' lang='grc' dir='ltr'>ἡνίκα</span> <span class='ocrx_word' id='word_1_779' title='bbox 3455 4331 3554 4398; x_wconf 80' lang='grc' dir='ltr'>τὴν</span> <span class='ocrx_word' id='word_1_780' title='bbox 3581 4331 3681 4383; x_wconf 83' lang='grc' dir='ltr'><strong>αὖ-</strong></span> 
     </span>
    </p>
   </div>
   <div class='ocr_carea' id='block_1_105' title="bbox 2111 4411 3680 4492">
    <p class='ocr_par' dir='ltr' id='par_1_105' title="bbox 2111 4411 3680 4492">
     <span class='ocr_line' id='line_1_105' title="bbox 2111 4411 3680 4492; baseline 0.008 -30"><span class='ocrx_word' id='word_1_781' title='bbox 2111 4412 2219 4463; x_wconf 85' lang='grc' dir='ltr'>τῶν</span> <span class='ocrx_word' id='word_1_782' title='bbox 2255 4412 2451 4483; x_wconf 76' lang='grc' dir='ltr'>βουλὴν</span> <span class='ocrx_word' id='word_1_783' title='bbox 2482 4414 2870 4468; x_wconf 81' lang='grc' dir='ltr'>ἁπεκάλυπτον</span> <span class='ocrx_word' id='word_1_784' title='bbox 2897 4411 2978 4480; x_wconf 77' lang='grc' dir='ltr'>οἷς</span> <span class='ocrx_word' id='word_1_785' title='bbox 3006 4419 3295 4489; x_wconf 74' lang='grc' dir='ltr'>ἐθάρρουν.</span> <span class='ocrx_word' id='word_1_786' title='bbox 3318 4420 3538 4490; x_wconf 80' lang='grc' dir='ltr'>Ὅρκιον</span> <span class='ocrx_word' id='word_1_787' title='bbox 3575 4424 3680 4492; x_wconf 71' lang='grc' dir='ltr'>γὰρ</span> 
     </span>
    </p>
   </div>
   <div class='ocr_carea' id='block_1_106' title="bbox 2112 4505 3678 4583">
    <p class='ocr_par' dir='ltr' id='par_1_106' title="bbox 2112 4505 3678 4583">
     <span class='ocr_line' id='line_1_106' title="bbox 2112 4505 3678 4583; baseline 0.006 -28"><span class='ocrx_word' id='word_1_788' title='bbox 2112 4506 2559 4573; x_wconf 77' lang='grc' dir='ltr'>προηγουμένων·</span> <span class='ocrx_word' id='word_1_789' title='bbox 2588 4505 2756 4571; x_wconf 80' lang='grc' dir='ltr'>ἀξίων</span> <span class='ocrx_word' id='word_1_790' title='bbox 2793 4510 2978 4560; x_wconf 87' lang='grc' dir='ltr'>πεῖσαι</span> <span class='ocrx_word' id='word_1_791' title='bbox 3013 4511 3314 4576; x_wconf 85' lang='grc' dir='ltr'>πιστεύειν,</span> <span class='ocrx_word' id='word_1_792' title='bbox 3361 4511 3549 4579; x_wconf 78' lang='grc' dir='ltr'>ἔλεγον</span> <span class='ocrx_word' id='word_1_793' title='bbox 3584 4515 3678 4583; x_wconf 82' lang='grc' dir='ltr'>καὶ</span> 
     </span>
    </p>
   </div>
   <div class='ocr_carea' id='block_1_107' title="bbox 2109 4593 3675 4669">
    <p class='ocr_par' dir='ltr' id='par_1_107' title="bbox 2109 4593 3675 4669">
     <span class='ocr_line' id='line_1_107' title="bbox 2109 4593 3675 4669; baseline 0.01 -26"><span class='ocrx_word' id='word_1_794' title='bbox 2109 4593 2209 4662; x_wconf 80' lang='grc' dir='ltr'>τὴν</span> <span class='ocrx_word' id='word_1_795' title='bbox 2230 4595 2418 4648; x_wconf 81' lang='grc' dir='ltr'>οὐσίαν</span> <span class='ocrx_word' id='word_1_796' title='bbox 2445 4596 2681 4659; x_wconf 78' lang='grc' dir='ltr'>ἃπασαν.</span> <span class='ocrx_word' id='word_1_797' title='bbox 2705 4599 2797 4650; x_wconf 81' lang='grc' dir='ltr'>καὶ</span> <span class='ocrx_word' id='word_1_798' title='bbox 2817 4601 3050 4669; x_wconf 89' lang='grc' dir='ltr'>σώματα</span> <span class='ocrx_word' id='word_1_799' title='bbox 3071 4601 3392 4669; x_wconf 79' lang='grc' dir='ltr'>ἀναλώσειν,</span> <span class='ocrx_word' id='word_1_800' title='bbox 3413 4603 3480 4666; x_wconf 72' lang='grc' dir='ltr'>ἂν</span> <span class='ocrx_word' id='word_1_801' title='bbox 3503 4603 3675 4664; x_wconf 72' lang='grc' dir='ltr'>οὕτως</span> 
     </span>
    </p>
   </div>
   <div class='ocr_carea' id='block_1_108' title="bbox 2107 4681 3673 4765">
    <p class='ocr_par' dir='ltr' id='par_1_108' title="bbox 2107 4681 3673 4765">
     <span class='ocr_line' id='line_1_108' title="bbox 2107 4681 3673 4765; baseline 0.01 -31"><span class='ocrx_word' id='word_1_802' title='bbox 2107 4681 2223 4754; x_wconf 83' lang='grc' dir='ltr'>δέῃ,</span> <span class='ocrx_word' id='word_1_803' title='bbox 2258 4684 2353 4735; x_wconf 78' lang='grc' dir='ltr'>καὶ</span> <span class='ocrx_word' id='word_1_804' title='bbox 2389 4685 2572 4748; x_wconf 83' lang='grc' dir='ltr'>ἁπλῶς</span> <span class='ocrx_word' id='word_1_805' title='bbox 2605 4688 2815 4757; x_wconf 89' lang='grc' dir='ltr'>μεγάλα</span> <span class='ocrx_word' id='word_1_806' title='bbox 2853 4691 3085 4761; x_wconf 81' lang='grc' dir='ltr'>πράξειν</span> <span class='ocrx_word' id='word_1_807' title='bbox 3117 4694 3256 4762; x_wconf 81' lang='grc' dir='ltr'>ὑπὲρ</span> <span class='ocrx_word' id='word_1_808' title='bbox 3292 4695 3391 4764; x_wconf 85' lang='grc' dir='ltr'>τῆς</span> <span class='ocrx_word' id='word_1_809' title='bbox 3414 4687 3508 4747; x_wconf 73' lang='grc' dir='ltr'><strong>τοῦ</strong></span> <span class='ocrx_word' id='word_1_810' title='bbox 3537 4696 3673 4765; x_wconf 80' lang='grc' dir='ltr'>Χρι-</span> 
     </span>
    </p>
   </div>
   <div class='ocr_carea' id='block_1_109' title="bbox 2108 4773 3674 4856">
    <p class='ocr_par' dir='ltr' id='par_1_109' title="bbox 2108 4773 3674 4856">
     <span class='ocr_line' id='line_1_109' title="bbox 2108 4773 3674 4856; baseline 0.011 -32"><span class='ocrx_word' id='word_1_811' title='bbox 2108 4773 2234 4825; x_wconf 78' lang='grc' dir='ltr'>στοῦ</span> <span class='ocrx_word' id='word_1_812' title='bbox 2273 4774 2450 4846; x_wconf 82' lang='grc' dir='ltr'>δόξης,</span> <span class='ocrx_word' id='word_1_813' title='bbox 2490 4777 2539 4830; x_wconf 85' lang='grc' dir='ltr'><strong>εί</strong></span> <span class='ocrx_word' id='word_1_814' title='bbox 2569 4778 2659 4831; x_wconf 76' lang='grc' dir='ltr'>τὸν</span> <span class='ocrx_word' id='word_1_815' title='bbox 2687 4780 2827 4851; x_wconf 84' lang='grc' dir='ltr'>ὑπὲρ</span> <span class='ocrx_word' id='word_1_816' title='bbox 2855 4785 2953 4854; x_wconf 82' lang='grc' dir='ltr'>τῆς</span> <span class='ocrx_word' id='word_1_817' title='bbox 2992 4783 3401 4856; x_wconf 79' lang='grc' dir='ltr'>Πελοποννήσου</span> <span class='ocrx_word' id='word_1_818' title='bbox 3435 4785 3674 4856; x_wconf 80' lang='grc' dir='ltr'>πόλεμον</span> 
     </span>
    </p>
   </div>
   <div class='ocr_carea' id='block_1_110' title="bbox 2105 4864 3672 4941">
    <p class='ocr_par' dir='ltr' id='par_1_110' title="bbox 2105 4864 3672 4941">
     <span class='ocr_line' id='line_1_110' title="bbox 2105 4864 3672 4941; baseline 0.011 -26"><span class='ocrx_word' id='word_1_819' title='bbox 2105 4864 2365 4934; x_wconf 77' lang='grc' dir='ltr'>καθαρῶς</span> <span class='ocrx_word' id='word_1_820' title='bbox 2394 4869 2762 4936; x_wconf 77' lang='grc' dir='ltr'>ἀναδέξαιντο.</span> <span class='ocrx_word' id='word_1_821' title='bbox 2801 4873 3186 4928; x_wconf 87' lang='grc' dir='ltr'>Ἐπιστεύοντο</span> <span class='ocrx_word' id='word_1_822' title='bbox 3228 4877 3274 4930; x_wconf 88' lang='grc' dir='ltr'>δ’</span> <span class='ocrx_word' id='word_1_823' title='bbox 3323 4876 3390 4930; x_wconf 82' lang='grc' dir='ltr'>ἂν</span> <span class='ocrx_word' id='word_1_824' title='bbox 3440 4879 3672 4941; x_wconf 71' lang='grc' dir='ltr'>εἰκότως</span> 
     </span>
    </p>
   </div>
   <div class='ocr_carea' id='block_1_111' title="bbox 2105 4956 3668 5040">
    <p class='ocr_par' dir='ltr' id='par_1_111' title="bbox 2105 4956 3668 5040">
     <span class='ocr_line' id='line_1_111' title="bbox 2105 4956 3668 5040; baseline 0.011 -33"><span class='ocrx_word' id='word_1_825' title='bbox 2105 4956 2201 5008; x_wconf 73' lang='grc' dir='ltr'>καὶ</span> <span class='ocrx_word' id='word_1_826' title='bbox 2229 4958 2329 5010; x_wconf 80' lang='grc' dir='ltr'>οὐκ</span> <span class='ocrx_word' id='word_1_827' title='bbox 2355 4959 2615 5028; x_wconf 84' lang='grc' dir='ltr'>ὀμνύντες</span> <span class='ocrx_word' id='word_1_828' title='bbox 2649 4963 2817 5032; x_wconf 79' lang='grc' dir='ltr'>μηδὲν</span> <span class='ocrx_word' id='word_1_829' title='bbox 2845 4966 3055 5036; x_wconf 82' lang='grc' dir='ltr'>ἀπᾷδον</span> <span class='ocrx_word' id='word_1_830' title='bbox 3083 4969 3357 5037; x_wconf 82' lang='grc' dir='ltr'>λέγοντες,</span> <span class='ocrx_word' id='word_1_831' title='bbox 3393 4971 3530 5040; x_wconf 85' lang='grc' dir='ltr'>μήτε</span> <span class='ocrx_word' id='word_1_832' title='bbox 3567 4973 3668 5039; x_wconf 78' lang='grc' dir='ltr'>τῆς</span> 
     </span>
    </p>
   </div>
   <div class='ocr_carea' id='block_1_112' title="bbox 2101 5045 3668 5129">
    <p class='ocr_par' dir='ltr' id='par_1_112' title="bbox 2101 5045 3668 5129">
     <span class='ocr_line' id='line_1_112' title="bbox 2101 5045 3668 5129; baseline 0.008 -30"><span class='ocrx_word' id='word_1_833' title='bbox 2101 5045 2283 5099; x_wconf 76' lang='grc' dir='ltr'>αὐτῶν</span> <span class='ocrx_word' id='word_1_834' title='bbox 2317 5048 2624 5119; x_wconf 84' lang='grc' dir='ltr'>δυνάμεως,</span> <span class='ocrx_word' id='word_1_835' title='bbox 2655 5054 2793 5123; x_wconf 82' lang='grc' dir='ltr'>μήτε</span> <span class='ocrx_word' id='word_1_836' title='bbox 2831 5055 2930 5125; x_wconf 85' lang='grc' dir='ltr'>τῆς</span> <span class='ocrx_word' id='word_1_837' title='bbox 2964 5057 3302 5127; x_wconf 77' lang='grc' dir='ltr'>ἑκασταχόσε</span> <span class='ocrx_word' id='word_1_838' title='bbox 3335 5059 3668 5129; x_wconf 76' lang='grc' dir='ltr'>διακεχυμέ-</span> 
     </span>
    </p>
   </div>
   <div class='ocr_carea' id='block_1_113' title="bbox 2102 5139 3667 5220">
    <p class='ocr_par' dir='ltr' id='par_1_113' title="bbox 2102 5139 3667 5220">
     <span class='ocr_line' id='line_1_113' title="bbox 2102 5139 3667 5220; baseline 0.012 -33"><span class='ocrx_word' id='word_1_839' title='bbox 2102 5151 2198 5206; x_wconf 86' lang='grc' dir='ltr'><strong>νης</strong></span> <span class='ocrx_word' id='word_1_840' title='bbox 2226 5139 2354 5208; x_wconf 74' lang='grc' dir='ltr'>περὶ</span> <span class='ocrx_word' id='word_1_841' title='bbox 2389 5141 2568 5194; x_wconf 82' lang='grc' dir='ltr'>αὐτῶν</span> <span class='ocrx_word' id='word_1_842' title='bbox 2603 5145 2814 5213; x_wconf 85' lang='grc' dir='ltr'>φήμης,</span> <span class='ocrx_word' id='word_1_843' title='bbox 2851 5147 2987 5216; x_wconf 83' lang='grc' dir='ltr'>μήτε</span> <span class='ocrx_word' id='word_1_844' title='bbox 3021 5148 3128 5216; x_wconf 80' lang='grc' dir='ltr'>μὴν</span> <span class='ocrx_word' id='word_1_845' title='bbox 3160 5148 3253 5202; x_wconf 80' lang='grc' dir='ltr'><strong>τοῦ</strong></span> <span class='ocrx_word' id='word_1_846' title='bbox 3284 5151 3580 5220; x_wconf 85' lang='grc' dir='ltr'>σχήματος,</span> <span class='ocrx_word' id='word_1_847' title='bbox 3608 5154 3667 5205; x_wconf 80' lang='grc' dir='ltr'><strong>ἐν</strong></span> 
     </span>
    </p>
   </div>
   <div class='ocr_carea' id='block_1_114' title="bbox 2097 5221 3665 5307">
    <p class='ocr_par' dir='ltr' id='par_1_114' title="bbox 2097 5221 3665 5307">
     <span class='ocr_line' id='line_1_114' title="bbox 2097 5221 3665 5307; baseline 0.009 -25"><span class='ocrx_word' id='word_1_848' title='bbox 2097 5221 2141 5296; x_wconf 81' lang='grc' dir='ltr'>ᾧ</span> <span class='ocrx_word' id='word_1_849' title='bbox 2185 5231 2279 5284; x_wconf 77' lang='grc' dir='ltr'>καὶ</span> <span class='ocrx_word' id='word_1_850' title='bbox 2325 5232 2482 5298; x_wconf 80' lang='grc' dir='ltr'>ζῶσι,</span> <span class='ocrx_word' id='word_1_851' title='bbox 2534 5236 2628 5288; x_wconf 73' lang='grc' dir='ltr'>καὶ</span> <span class='ocrx_word' id='word_1_852' title='bbox 2681 5237 2938 5306; x_wconf 80' lang='grc' dir='ltr'>φρονοῦσι</span> <span class='ocrx_word' id='word_1_853' title='bbox 2985 5239 3080 5293; x_wconf 80' lang='grc' dir='ltr'>καὶ</span> <span class='ocrx_word' id='word_1_854' title='bbox 3134 5241 3531 5307; x_wconf 84' lang='grc' dir='ltr'>πολιτεύονται,</span> <span class='ocrx_word' id='word_1_855' title='bbox 3569 5242 3665 5296; x_wconf 84' lang='grc' dir='ltr'>καὶ</span> 
     </span>
    </p>
   </div>
   <div class='ocr_carea' id='block_1_115' title="bbox 2099 5319 3662 5400">
    <p class='ocr_par' dir='ltr' id='par_1_115' title="bbox 2099 5319 3662 5400">
     <span class='ocr_line' id='line_1_115' title="bbox 2099 5319 3662 5400; baseline 0.01 -30"><span class='ocrx_word' id='word_1_856' title='bbox 2099 5319 2530 5390; x_wconf 81' lang='grc' dir='ltr'>φιλοτιμοῦνται,</span> <span class='ocrx_word' id='word_1_857' title='bbox 2576 5325 2672 5378; x_wconf 74' lang='grc' dir='ltr'>καὶ</span> <span class='ocrx_word' id='word_1_858' title='bbox 2704 5327 2996 5396; x_wconf 84' lang='grc' dir='ltr'>τιμῶνται,</span> <span class='ocrx_word' id='word_1_859' title='bbox 3042 5329 3136 5382; x_wconf 68' lang='grc' dir='ltr'>καὶ</span> <span class='ocrx_word' id='word_1_860' title='bbox 3174 5331 3512 5400; x_wconf 85' lang='grc' dir='ltr'>τετίμηνται,</span> <span class='ocrx_word' id='word_1_861' title='bbox 3565 5334 3662 5386; x_wconf 81' lang='grc' dir='ltr'>καὶ</span> 
     </span>
    </p>
   </div>
   <div class='ocr_carea' id='block_1_116' title="bbox 2096 5413 3659 5491">
    <p class='ocr_par' dir='ltr' id='par_1_116' title="bbox 2096 5413 3659 5491">
     <span class='ocr_line' id='line_1_116' title="bbox 2096 5413 3659 5491; baseline 0.008 -28"><span class='ocrx_word' id='word_1_862' title='bbox 2096 5413 2420 5481; x_wconf 82' lang='grc' dir='ltr'>τιμήσεσθαι</span> <span class='ocrx_word' id='word_1_863' title='bbox 2457 5416 2736 5480; x_wconf 76' lang='grc' dir='ltr'>ἐλπίζουσι</span> <span class='ocrx_word' id='word_1_864' title='bbox 2778 5420 2869 5470; x_wconf 70' lang='grc' dir='ltr'><strong>τὸν</strong></span> <span class='ocrx_word' id='word_1_865' title='bbox 2897 5420 3024 5489; x_wconf 78' lang='grc' dir='ltr'><strong>ἑξῆς</strong></span> <span class='ocrx_word' id='word_1_866' title='bbox 3068 5422 3280 5490; x_wconf 86' lang='grc' dir='ltr'>χρόνον.</span> <span class='ocrx_word' id='word_1_867' title='bbox 3319 5424 3524 5491; x_wconf 78' lang='grc' dir='ltr'>Μηδεὶς</span> <span class='ocrx_word' id='word_1_868' title='bbox 3563 5425 3659 5478; x_wconf 77' lang='grc' dir='ltr'>οὖν</span> 
     </span>
    </p>
   </div>
   <div class='ocr_carea' id='block_1_117' title="bbox 2095 5504 3658 5583">
    <p class='ocr_par' dir='ltr' id='par_1_117' title="bbox 2095 5504 3658 5583">
     <span class='ocr_line' id='line_1_117' title="bbox 2095 5504 3658 5583; baseline 0.008 -30"><span class='ocrx_word' id='word_1_869' title='bbox 2095 5504 2174 5564; x_wconf 80' lang='grc' dir='ltr'><strong>εἰς</strong></span> <span class='ocrx_word' id='word_1_870' title='bbox 2221 5504 2319 5572; x_wconf 73' lang='grc' dir='ltr'>τὴν</span> <span class='ocrx_word' id='word_1_871' title='bbox 2358 5504 2538 5558; x_wconf 87' lang='grc' dir='ltr'>Ῥόδον</span> <span class='ocrx_word' id='word_1_872' title='bbox 2589 5507 2731 5577; x_wconf 85' lang='grc' dir='ltr'><strong>όρῶν</strong></span> <span class='ocrx_word' id='word_1_873' title='bbox 2765 5509 2858 5562; x_wconf 77' lang='grc' dir='ltr'>καὶ</span> <span class='ocrx_word' id='word_1_874' title='bbox 2910 5511 3034 5572; x_wconf 82' lang='grc' dir='ltr'>ταῖς</span> <span class='ocrx_word' id='word_1_875' title='bbox 3087 5512 3484 5583; x_wconf 80' lang='grc' dir='ltr'>εὐαριθμήτοις</span> <span class='ocrx_word' id='word_1_876' title='bbox 3539 5516 3658 5566; x_wconf 87' lang='grc' dir='ltr'>ἐκεῖ</span> 
     </span>
    </p>
   </div>
   <div class='ocr_carea' id='block_1_118' title="bbox 2092 5595 3653 5676">
    <p class='ocr_par' dir='ltr' id='par_1_118' title="bbox 2092 5595 3653 5676">
     <span class='ocr_line' id='line_1_118' title="bbox 2092 5595 3653 5676; baseline 0.008 -31"><span class='ocrx_word' id='word_1_877' title='bbox 2092 5595 2364 5664; x_wconf 75' lang='grc' dir='ltr'>τριήρεις,</span> <span class='ocrx_word' id='word_1_878' title='bbox 2398 5599 2600 5668; x_wconf 81' lang='grc' dir='ltr'>μικράν</span> <span class='ocrx_word' id='word_1_879' title='bbox 2625 5616 2744 5652; x_wconf 91' lang='grc' dir='ltr'>τινα</span> <span class='ocrx_word' id='word_1_880' title='bbox 2777 5603 2870 5654; x_wconf 73' lang='grc' dir='ltr'>καὶ</span> <span class='ocrx_word' id='word_1_881' title='bbox 2903 5602 3111 5671; x_wconf 81' lang='grc' dir='ltr'>ἀδρανῆ</span> <span class='ocrx_word' id='word_1_882' title='bbox 3139 5604 3240 5672; x_wconf 77' lang='grc' dir='ltr'>τὴν</span> <span class='ocrx_word' id='word_1_883' title='bbox 3269 5605 3374 5657; x_wconf 83' lang='grc' dir='ltr'>τῶν</span> <span class='ocrx_word' id='word_1_884' title='bbox 3405 5606 3653 5676; x_wconf 78' lang='grc' dir='ltr'>Φρερίων</span> 
     </span>
    </p>
   </div>
   <div class='ocr_carea' id='block_1_119' title="bbox 2096 5683 3650 5764">
    <p class='ocr_par' dir='ltr' id='par_1_119' title="bbox 2096 5683 3650 5764">
     <span class='ocr_line' id='line_1_119' title="bbox 2096 5683 3650 5764; baseline 0.008 -30"><span class='ocrx_word' id='word_1_885' title='bbox 2096 5683 2247 5752; x_wconf 72' lang='grc' dir='ltr'>ἰσχὺν</span> <span class='ocrx_word' id='word_1_886' title='bbox 2290 5684 2571 5755; x_wconf 79' lang='grc' dir='ltr'>νομιζέτω.</span> <span class='ocrx_word' id='word_1_887' title='bbox 2620 5688 2809 5741; x_wconf 73' lang='grc' dir='ltr'>Πολλοὶ</span> <span class='ocrx_word' id='word_1_888' title='bbox 2859 5691 2964 5761; x_wconf 83' lang='grc' dir='ltr'><strong>γὰρ</strong></span> <span class='ocrx_word' id='word_1_889' title='bbox 3015 5685 3157 5746; x_wconf 71' lang='grc' dir='ltr'>οὗτοι</span> <span class='ocrx_word' id='word_1_890' title='bbox 3206 5692 3650 5764; x_wconf 57' lang='grc' dir='ltr'>συναθρσίζοπαι</span> 
     </span>
    </p>
   </div>
  </div>
