4024 6210
318 365 420 430 Ξίθ

1090 368 1492 431 THEODORI
1536 370 1892 431 DESPOTJE
1930 373 2321 438 LAUDATIO
2351 380 2756 442 FUNEBRIS.

3432 379 3538 447 230

306 479 650 552 βουληθέντες
695 479 760 533 ἐκ
810 480 922 535 τῶν
960 481 1060 550 τῆς
1103 482 1426 552 οἰκουμένης
1481 483 1686 552 μερῶν,
1718 483 1753 537 ἃ
1798 484 1861 555 δὴ

1966 487 2101 542 nihil
2126 505 2307 559 operae
2332 493 2502 561 magis
2530 494 2764 562 pretium
2798 493 3067 553 videatur.
3115 510 3281 566 quam
3331 497 3378 551 si
3431 514 3538 567 qua

305 571 574 642 σποράδην
618 570 884 625 οίκοῦσιψ
918 571 1132 640 ἄνδρες,
1160 568 1241 636 οἷς
1271 573 1422 627 οὐδέν
1456 591 1510 625 τι
1545 574 1865 644 προύργιαί-

302 674 470 738 τερον,
503 667 536 735 ἢ
567 667 670 718 ὅσα
718 656 875 734 φέ⁶ρει
928 669 1064 732 πρὸς
1113 664 1398 736 εὐψυχίαν,
1450 667 1543 718 καὶ
1574 665 1735 726 ὅπλα,
1771 669 1865 719 καὶ

300 755 775 825 γενναιότητα.Τὸ
814 757 924 825 γὰρ
977 755 1042 825 δὴ
1077 756 1330 810 τεθνάναι
1390 758 1486 810 σὺν
1545 756 1675 828 δόξῃ
1730 757 1864 811 πολὺ

302 851 501 920 βέλτιον
550 850 746 916 άγουσι
801 848 896 902 τοῦ
948 849 1255 920 τραπέντες
1315 849 1696 920 παρασχέσθαι
1750 852 1865 913 τοῖς

298 940 504 1009 ἐχθροῖς
529 941 651 1002 ταῖς
696 939 788 992 ἐπὶ
824 940 934 991 τῶν
964 938 1153 992 νώτων
1198 940 1381 992 αὐτῶν
1433 940 1672 1009 πληγαῖς
1722 945 1863 1010 ἐφη-

301 1031 508 1096 σθῆναι.
541 1031 767 1098 Ἔχουσι
809 1030 864 1082 δέ
901 1030 995 1083 καὶ
1031 1030 1241 1093 πόλεις,
1280 1030 1404 1085 οὔτε
1441 1033 1704 1102 σμικρὰς,
1738 1030 1861 1085 οὔτε

300 1123 486 1192 ῥᾳδίως
542 1121 979 1191 ἀριθμουμένας·
1040 1124 1133 1176 καὶ
1186 1123 1433 1193 χρήμαθ’
1485 1125 1568 1177 ὅτι
1623 1125 1859 1178 πλεῖστα

297 1214 624 1276 ἀναλίσκειν,
661 1214 760 1267 τὰς
799 1216 908 1266 ἀπὸ
952 1216 1160 1269 τούτων
1199 1217 1309 1269 τῶν
1345 1217 1552 1271 πόλεων
1578 1219 1857 1287 εἰσφορὰς,

295 1306 327 1360 ά
353 1307 415 1373 δὴ
437 1305 653 1368 τούτοις
683 1306 923 1359 δέδονται
950 1308 1080 1376 παρ’
1103 1309 1316 1379 ἀνδρῶν
1344 1309 1610 1379 θεοφιλῶν
1639 1313 1737 1382 μιᾷ
1764 1312 1861 1365 καὶ⁵

298 1402 425 1473 μόνῃ
447 1402 732 1472 προφάσει
768 1383 1026 1471 θεοφιλεῖο
1065 1401 1209 1470 λέγω
1240 1402 1299 1457 δέ
1332 1404 1432 1471 τὴν
1466 1403 1604 1471 πρὸς
1638 1405 1859 1467 ἀσεϐεῖς

296 1496 491 1561 μάχην.
525 1494 695 1546 Ταυτὶ
738 1492 803 1563 δὴ
845 1494 1218 1564 συνερχόμενα
1250 1496 1591 1567 ἐπιθυμῆσαι
1633 1498 1858 1562 Ῥοδίοις

294 1585 625 1654 προύξένησε
660 1588 758 1653 τῆς
797 1585 1226 1653 Πελοποννήσου.

354 1678 426 1728 Ού
488 1676 598 1747 μὴν
628 1676 765 1729 ἀλλὰ
821 1678 1043 1730 κάκεῖνο
1098 1678 1324 1749 κέντρον
1382 1681 1602 1755 ἐγένετο
1649 1683 1717 1753 τῇ
1749 1683 1856 1735 τῶν

289 1767 528 1839 Φρερίων
577 1769 866 1840 ἐπιθυμία.
910 1772 972 1827 Οἱ
1017 1774 1126 1841 γὰρ
1164 1773 1273 1826 τῶν
1324 1774 1629 1844 Ἐσπερτων
1672 1778 1855 1847 μερῶν

289 1861 549 1925 Γαλάται,
573 1862 665 1915 καὶ
700 1863 963 1929 Ἱσπανοὶ,
983 1867 1076 1917 καὶ
1105 1866 1422 1935 Βρεττανοὶ,
1449 1871 1542 1921 καὶ
1564 1870 1853 1923 συνελόντα

290 1953 479 2018 εἰπεῖν,
514 1953 563 2006 οί
582 1953 691 2006 τῶν
715 1953 961 2009 Λατίνων
991 1956 1252 2026 ἄρχοντες
1287 1960 1510 2022 πάντες,
1540 1964 1635 2014 καὶ
1665 1961 1732 2014 τὰ
1762 1962 1852 2015 ὑπ’

285 2046 525 2108 ἐκείνους
554 2045 707 2116 ἔθνη,
737 2046 1017 2101 κινοῦνται
1057 2048 1158 2117 μὲν
1194 2049 1255 2101 ού
1284 2050 1428 2104 πάνυ
1455 2051 1657 2121 ῥᾳδίως
1681 2053 1757 2116 ὡς
1782 2053 1851 2107 τά

284 2137 468 2191 πολλά·
494 2139 773 2192 κινοῦνται
798 2139 843 2193 δ’
870 2139 968 2194 οὖν
1007 2141 1101 2194 καὶ
1132 2143 1372 2212 εὐχερῶς
1405 2144 1557 2197 ἐστιν
1587 2146 1700 2212 ὅτε,
1725 2161 1849 2214 σμι-

281 2232 418 2299 κρᾶς
444 2246 595 2292 τινος
637 2232 966 2300 προφάσεως
1005 2232 1318 2302 λαϐόμενον
1356 2236 1448 2288 καὶ
1488 2224 1887 2307 δρμηθέντες,’

280 2321 642 2375 δυσκάθεκτοι
695 2322 883 2375 λοιπὸν
935 2322 1197 2391 γίνονται.
1250 2324 1516 2379 Δύνανται
1563 2326 1622 2379 δὲ
1677 2327 1848 2381 πολλὰ

283 2413 659 2483 βουληθέντες*
692 2415 786 2467 καὶ
812 2415 963 2469 τοῦθ’
991 2418 1019 2469 ὀ
1059 2419 1250 2487 χρόνος
1281 2420 1307 2471 ό
1340 2416 1630 2485 παρελθὼν
1661 2420 1849 2489 σαφῶς

281 2505 539 2567 πολλάκις
588 2507 956 2577 παρέστησεν.
997 2508 1190 2580 Ἐπῄει
1223 2509 1407 2563 τοίνυν
1448 2512 1561 2573 τοῖς
1599 2511 1851 2582 Φρερίοις

279 2599 520 2664 ἐλπίζειν
568 2601 636 2669 τῇ
688 2599 822 2668 παρ’
853 2599 1062 2652 ἑαυτῶν
1107 2601 1250 2670 ὁρμῇ
1290 2600 1416 2661 τοὺς
1446 2601 1678 2663 πολλοὺς
1718 2601 1845 2668 ἐφέ-

276 2690 493 2755 πεσθαι,
523 2690 620 2743 καὶ
651 2690 788 2758 μηδέ
814 2690 941 2753 τοὺς
963 2691 1062 2761 τὴν
1092 2690 1338 2760 μεγάλην
1363 2691 1594 2763 δύναμιν
1621 2694 1846 2764 ἔχοντας

274 2782 328 2834 ἐν
358 2782 568 2852 ήτυχίᾳ
608 2780 796 2834 λοιπὸν
830 2782 1200 2845 καθεδεῖσθαι,
1240 2783 1385 2856 θήρᾳ
1416 2788 1509 2839 καὶ
1549 2788 1846 2857 τραπέζαις

273 2872 468 2935 αὖτοὺς
503 2873 787 2935 ἐκδόντας,
817 2873 912 2926 καί
958 2891 1071 2927 τισι
1106 2875 1228 2943 μεθ’
1258 2876 1437 2930 ὃπλων
1478 2877 1756 2944 ἁμίλλαις,
1784 2879 1845 2932 τὸ

274 2963 460 3032 μεῖζόν
506 2979 571 3015 τε
620 2965 700 3024 είς
731 2964 1046 3034 φιλοτιμίαν
1095 2965 1330 3030 ἐκείνοις
1374 2966 1558 3037 ἔργον,
1586 2969 1696 3022 κάκ
1734 2971 1843 3025 τῶν

271 3058 559 3125 προγόνων
588 3054 797 3109 άνιυθεν
830 3057 1256 3127 κατερχόμενον.

339 3143 622 3208 ἸΙλπιζον
677 3144 864 3200 τοίνυν
924 3148 1144 3213 ἐκεῖνοι,
1203 3148 1294 3202 καὶ
1351 3148 1551 3219 κομιδῆ
1612 3148 1915 3238 βεϐαίωςσ

268 3236 545 3311 ἐθάρρουν
578 3238 823 3309 μεγάλην
862 3239 1185 3307 ἐφελκύσειν
1225 3241 1437 3294 ἐκεῖθεν
1467 3241 1720 3311 δύναμιν,
1750 3244 1843 3296 καὶ

269 3329 617 3399 φανήσεσθαι
666 3316 942 3400 σπινθῆρα
991 3331 1052 3384 τδ
1099 3334 1223 3386 κατ’
1248 3334 1449 3398 αὐτοὺς
1493 3336 1550 3388 ἐν
1600 3334 1722 3408 ὕλῃ,
1764 3340 1844 3401 εἰς

268 3422 438 3490 φλόγα
496 3421 775 3492 μεγίστην
830 3422 1139 3491 ἀναφθῆναι
1190 3424 1516 3496 δυναμένην,
1564 3429 1657 3480 καὶ
1702 3427 1844 3481 κατὰ

269 3512 487 3565 πάντων
511 3512 737 3565 ἀσεϐῶν
758 3512 1134 3583 ἀποϐήσεσθαι
1163 3514 1323 3569 τοῦτο
1346 3516 1409 3570 τὸ
1437 3517 1619 3588 ἔργον,
1649 3521 1716 3587 τῇ
1744 3518 1845 3586 τῆς

269 3603 547 3675 Κορίνθου
578 3604 854 3674 προφάσει
893 3607 1279 3678 γεγενημένον.
1311 3608 1546 3671 Τούτους
1587 3605 1680 3663 οὖν
1722 3609 1842 3663 ὠδί-

270 3698 453 3757 vovet;
486 3696 622 3759 τοὺς
648 3697 969 3764 λογισμοὺς,
1005 3699 1107 3751 ούκ
1139 3698 1393 3753 ἐδύναντο
1427 3702 1681 3770 κατέχειν
1715 3702 1844 3754 ἐαυο

270 3785 423 3848 τούς·
458 3786 588 3840 ἀλλ’
639 3786 871 3856 ἐπείπερ
917 3787 1018 3841 οὐκ
1068 3787 1218 3858 ἐξῆν,
1268 3789 1390 3841 οὐδέ
1436 3806 1498 3857 γε
1544 3791 1729 3861 ῥᾴδιον
1778 3785 1845 3860 ἦν

271 3878 452 3941 αὐτοῖς
471 3878 546 3948 τῇ
575 3877 803 3947 δυνάμει
835 3879 1227 3948 χρησαμένοις,
1252 3880 1352 3949 τὴν
1385 3880 1483 3949 τῆς
1508 3881 1848 3950 Πελοποννή-

273 3987 363 4024 σου
407 3972 741 4024 δεσποτείαν
784 3972 1029 4025 ἀκόντων
1058 3972 1218 4040 ημῶν
1256 3973 1462 4033 λαϐεῖν.
1501 3974 1847 4045 βουλεύονται

268 4061 353 4116 διὰ
394 4063 707 4133 χρημάτων
758 4062 932 4132 αὐτὴν
963 4064 1270 4133 κτήσασθαι
1318 4064 1514 4136 γνώμῃ
1549 4083 1607 4117 τε
1650 4068 1715 4135 τῇ
1753 4064 1844 4117 τοῦ

269 4154 560 4225 ἄρχοντος,
593 4155 688 4208 καὶ
718 4158 786 4226 τῇ
816 4156 1077 4224 ὑπηκόων
1107 4156 1375 4227 συνθήκῃ.
1409 4156 1475 4209 Ai
1514 4156 1622 4227 γὰρ
1651 4157 1850 4225 ἡμέτε-

273 4263 358 4313 ραι
409 4245 763 4313 δυσπραγίαι
829 4244 890 4297 τὸ
948 4245 1249 4314 τηνικαῦτα
1317 4247 1590 4315 ἐγχειρεῖν
1651 4246 1849 4308 αὐτοὺς

272 4335 508 4401 ἔπειθον,
545 4330 625 4390 ὧν
669 4336 779 4389 οὐδ’
820 4336 888 4390 ἂν
941 4335 1275 4408 ἐμέμνηντο,
1323 4338 1535 4408 βέλτιον
1569 4339 1701 4407 ἡμῖν
1740 4335 1849 4388 τῶν

274 4426 629 4496 πρᾶγμάτων
674 4427 929 4496 ἐχόντων.
983 4428 1247 4496 Ἡγοῦντο
1295 4429 1396 4497 μὲν
1437 4424 1531 4482 οὖν
1579 4427 1850 4498 τολμηρὸν

1968 582 2035 635 ad
2059 584 2504 651 generositatem,
2526 601 2784 655 armaque
2796 601 2860 640 ac
2880 588 3262 642 strenuitatem
3319 588 3524 644 ferunt.

1967 671 2151 742 Longe
2180 676 2324 729 enim
2353 677 2528 746 pluris
2558 677 2762 734 faciunt
2791 679 3028 747 gloriose
3072 680 3233 745 mori,
3275 697 3437 749 quam
3480 692 3536 735 ut

1966 767 2020 820 ln
2048 765 2228 836 fugam
2256 770 2418 834 versi,
2443 770 2615 839 plagis
2640 772 2847 825 aversis
2874 773 3063 826 hostes
3093 787 3221 824 suos
3241 774 3530 827 delectent.

1966 853 2173 910 Habent
2205 868 2386 911 autem
2418 859 2579 914 etiam
2614 860 2774 920 nrbes
2804 876 2902 915 nec
2929 860 3179 928 exiguas,
3201 877 3298 916 nec
3330 879 3534 928 pauras

1963 962 2212 1015 numero,
2245 959 2410 1020 atque
2438 961 2493 1005 ut
2518 953 2779 1019 pecunias
2808 952 3075 1021 plurimas
3094 952 3309 1020 possint
3329 953 3535 1020 intan-

1961 1042 2089 1095 dere
2115 1059 2129 1095 :
2152 1047 2346 1099 aerario
2370 1045 2599 1099 collecto
2618 1061 2683 1098 ex
2703 1060 2888 1097 earum
2908 1044 3124 1100 urbium
3152 1044 3394 1103 tributis.
3416 1046 3503 1113 pio

1961 1148 2082 1186 rum
2111 1134 2393 1188 hominum
2418 1135 2666 1204 religiosa
2692 1136 3091 1192 munificentia.
3125 1137 3289 1189 unius
3331 1151 3393 1187 ar
3438 1152 3526 1187 so-

1960 1226 2066 1281 lius
2100 1226 2377 1293 reiigionis
2401 1241 2550 1295 ergo,
2574 1226 2775 1281 eisdem
2796 1226 3073 1281 concessis
3097 1226 3223 1279 belli
3276 1226 3530 1279 nimirum

1957 1320 2199 1374 subsidio
2219 1320 2481 1375 adversus
2499 1319 2745 1373 inlideles
2767 1336 2829 1375 ac
2853 1320 3077 1388 impios.
3100 1319 3224 1372 llzec
3256 1335 3385 1373 sane
3409 1337 3529 1373 eum

1957 1419 2378 1477 concurrerent,
2400 1410 2705 1466 ambiandae
2728 1412 3098 1482 Peloponnesi
3119 1427 3281 1465 causa
3301 1410 3533 1466 Rhodiis

1956 1504 2201 1557 fuerunt.

2696 1621 2729 1647 4-

2027 1681 2129 1737 Sed
2157 1693 2209 1738 et
2240 1683 2294 1736 td
2323 1678 2596 1752 praeterea
2616 1682 2692 1737 illi
2748 1682 2998 1737 Fratrum
3030 1684 3313 1752 cupiditati
3353 1685 3531 1739 calces

1955 1776 2187 1830 addebat
2226 1788 2241 1825 :
2289 1790 2485 1845 nempe
2536 1773 2758 1830 Occidui
2803 1774 3028 1841 Galatae,
3076 1774 3408 1846 Hispanique
3469 1792 3533 1831 ac

1960 1867 2225 1929 Britanni,
2253 1876 2438 1936 atque,
2496 1873 2557 1920 ut
2598 1867 2765 1921 verbo
2801 1866 3000 1933 dicam,
3059 1869 3377 1922 Latinorum
3405 1868 3532 1922 uni-

1961 1960 2102 2012 versi
2163 1960 2461 2028 principes.
2514 1958 2705 2026 eisque
2764 1958 3026 2026 subjectae
3079 1960 3351 2021 nationes,
3384 1959 3530 2013 haud

1959 2052 2178 2121 quidem
2215 2051 2374 2105 facile
2424 2050 2743 2119 plerumque
2788 2051 3112 2112 excitantur,
3153 2052 3245 2104 sed
3274 2060 3322 2105 et
3361 2064 3536 2121 quan-

1958 2144 2134 2212 doque
2157 2142 2380 2196 minima
2413 2141 2656 2208 quaedam
2680 2141 2898 2194 occasio
2924 2140 3080 2195 facile
3107 2143 3488 2211 provocaverit
3513 2160 3530 2193 :

1956 2237 2121 2291 semel
2159 2250 2284 2288 vero
2339 2233 2578 2299 exi-itali,
2609 2234 2814 2301 impetu
2862 2232 3116 2299 deinceps
3172 2231 3438 2298 feruntur,
3474 2245 3533 2288 ut

1956 2335 2229 2398 nequeant
2275 2328 2469 2381 teneri.
2503 2325 2670 2381 Porro
2697 2335 2753 2380 ut
2788 2324 2974 2388 velint,
3010 2327 3179 2380 multa
3239 2338 3471 2395 possunt
3510 2344 3528 2392 ;

1954 2421 2120 2489 idque
2151 2421 2349 2488 saepius
2371 2429 2550 2473 actum
2582 2426 2794 2488 tempus
2838 2419 3044 2488 liquido
3074 2419 3334 2473 ostendit.
3362 2418 3531 2473 Subi-

1960 2512 2052 2566 lxat
2099 2512 2280 2580 itaque
2312 2508 2619 2574 Fratribus,
2654 2510 2768 2563 fore
2796 2520 2853 2565 ut
2887 2512 3074 2579 plures
3104 2527 3293 2564 eorum
3326 2513 3531 2566 incita-

1959 2606 2162 2658 tionem
2211 2609 2598 2672 sequerentur,
2635 2617 2735 2655 ncc
2766 2602 2855 2671 qui
2883 2618 3076 2670 magna
3117 2603 3384 2671 pollerent
3415 2604 3529 2655 vir-

1960 2704 2099 2759 tute,
2136 2709 2194 2748 se
2230 2694 2486 2762 deinceps
2518 2695 2791 2747 venationi
2827 2709 2890 2747 ac
2917 2695 3148 2754 mensis,
3194 2693 3530 2763 ludicrisque

1962 2801 2242 2841 armorum
2276 2785 2667 2838 certaminibus
2723 2785 3000 2846 dedentes,
3032 2786 3147 2838 otio
3192 2786 3526 2849 desiderent,

1958 2874 2384 2947 quibuS‘majus
2416 2877 2480 2928 ad
2506 2874 2729 2944 gloriam
2784 2874 3021 2936 facinus,
3052 2875 3120 2926 ab
3142 2875 3276 2945 ipsis
3308 2875 3532 2943 majori-

1956 2971 2061 3025 bus
2099 2985 2160 3023 ac
2190 2969 2317 3023 olim
2350 2967 2616 3031 solemne,
2642 2966 2974 3037 pestliminio
2997 2966 3220 3021 rediret.

2022 3143 2325 3213 Sperabam
2351 3159 2500 3214 ergo.
2529 3160 2590 3198 ac
2627 3144 2791 3197 multa
2827 3142 3022 3197 fiducia
3053 3156 3376 3213 persuasum
3426 3141 3531 3196 hac

1953 3237 2174 3298 hebant,
2216 3251 2464 3304 magnam
2515 3251 2574 3289 se
2624 3236 2770 3291 inde"
2804 3236 3083 3291 excituros
3149 3236 3425 3295 virtutem,
3462 3249 3527 3289 ac

1947 3327 2087 3394 fore,
2127 3335 2186 3381 ut
2225 3330 2368 3397 quol
2411 3328 2671 3397 gerebant
2726 3328 3006 3397 negotium
3048 3326 3298 3381 scintilla:
3347 3324 3527 3379 simile

1945 3420 2227 3475 videretur
2274 3429 2411 3473 naue
2444 3418 2663 3473 accendi
2704 3419 2756 3471 in
2789 3417 3063 3471 ﬂammam
3118 3416 3436 3477 maximam,
3460 3428 3528 3468 ac

1946 3513 2149 3581 sylvam
2193 3512 2499 3573 absumere,
2535 3520 2699 3578 utque
2730 3525 2758 3585 a
2791 3510 3054 3563 Corintho
3084 3517 3260 3574 empta
3291 3506 3528 3569 molitio,

1946 3586 1999 3660 ἰιι
2034 3605 2278 3659 infideles
2304 3616 2492 3657 omnes
2522 3602 2807 3657 recideret.
2847 3601 2955 3655 Hos
2989 3613 3119 3667 ergo
3151 3597 3528 3667 parturientes

1946 3695 2333 3766 cogitationum
2364 3703 2544 3748 motus
2579 3707 2636 3747 se
2659 3694 2756 3752 ipsi
2779 3693 3055 3747 continere
3073 3705 3137 3744 ue
3158 3686 3528 3757 luihanLQnia

1948 3794 2130 3841 tamen
2174 3785 2315 3840 haud
2377 3785 2593 3847 licebat,
2623 3799 2725 3839 nec
2761 3799 2888 3837 vero
2934 3791 3051 3834 erat
3084 3796 3170 3836 res
3229 3779 3427 3844 rarilis,
3465 3789 3529 3834 ut

1950 3880 2186 3948 potentia
2222 3885 2458 3937 utentes,
2490 3875 2673 3928 invitis
2728 3872 2884 3927 nobis
2945 3869 3302 3937 Peloponnesi
3352 3869 3533 3923 domi-

1951 3969 2100 4022 nium
2142 3968 2529 4029 vindicarent,
2561 3964 2847 4021 consilium
2887 3967 3097 4020 ineunt,
3136 3971 3187 4013 ut
3217 3973 3505 4016 numerata
3575 3996 3585 4005 -

1952 4062 2200 4128 pecunia,
2226 4073 2351 4112 cum
2378 4059 2495 4126 ejus
2524 4056 2785 4125 principis
2819 4054 3242 4128 voluntate_tum
3277 4052 3498 4104 subdito
3518 4076 3530 4085 ι

1906 4162 1911 4167 ‘
1951 4162 2068 4201 rum
2096 4162 2344 4208 assensu,
2377 4161 2489 4199 suae
2517 4145 2711 4198 ditioui
2742 4144 3069 4211 adiungant.
3090 4123 3293 4196 Rerum
3322 4140 3526 4207 quippe

1952 4249 2259 4292 nostrarum
2280 4237 2605 4292 miserabilis
2628 4242 2819 4295 status,
2841 4233 2891 4287 id
2911 4247 3000 4287 eos
3020 4242 3153 4287 tunc
3172 4233 3372 4285 audere
3398 4230 3527 4283 fecit

1952 4331 2094 4400 quod
2141 4346 2205 4385 co
2229 4329 2436 4383 meliori
2472 4342 2540 4382 ne
2573 4327 2626 4380 in
2685 4336 2916 4379 mentem
2949 4325 3171 4401 quidem
3230 4332 3519 4376 venturum

1953 4431 2115 4477 esset.
2163 4420 2531 4473 Temerarium
2590 4416 2812 4485 quidem
2847 4416 3156 4476 videbatur,
3190 4424 3248 4467 ut
3295 4413 3396 4480 ipsi
3432 4427 3525 4481 per

273 4522 505 4585 ἐξειπεῖν
545 4519 772 4589 άμέσως
802 4520 864 4573 τὸ
910 4519 1185 4589 βούλημαο
1234 4520 1374 4591 πλὴν
1418 4520 1479 4572 τὸ
1527 4520 1595 4573 δι’
1643 4518 1844 4588 ἐτέρων

1954 4530 2028 4577 se,
2060 4511 2208 4565 nullo
2259 4509 2456 4574 medio,
2484 4508 2769 4562 consilium
2811 4506 3112 4560 edicerent.
3156 4502 3295 4569 Quia
3350 4514 3529 4557 tamen

273 4614 500 4682 φράζειν
528 4611 784 4666 κίνδυνον
814 4610 939 4681 ἔχον
969 4613 1193 4676 εἰδότες,
1228 4606 1363 4682 ἧκον
1398 4610 1555 4663 αὐτοὶ
1582 4608 1734 4679 ποιρὰ
1759 4607 1851 4661 τὸν

271 4704 538 4772 δεσπότην
586 4702 690 4755 οὐκ
737 4701 867 4755 ἄνευ
898 4702 1076 4763 δέους·
1121 4704 1214 4755 καὶ
1259 4696 1338 4771 τῷ
1384 4700 1477 4754 τοῦ
1526 4700 1850 4771 πράγματος

273 4792 446 4863 ἀδήλῳ
485 4791 837 4862 βαλλόμενοι,
877 4793 1040 4860 μόγις
1088 4791 1428 4860 ἐδυνήθησαν
1466 4788 1848 4856 ἐξαγγέλλειν,

275 4877 343 4936 ὧν
371 4882 519 4952 ἔτεχ’
552 4878 714 4955 ἧκον.
750 4879 987 4945 Ἀξιοῦσι
1013 4881 1078 4951 δὴ
1108 4881 1326 4950 πρῶτον
1364 4880 1484 4952 μὲν,
1508 4882 1557 4933 εί
1598 4881 1675 4949 μὴ
1707 4880 1851 4933 κατὰ

278 4978 502 5044 γνώμην
551 4974 769 5040 λέγοιεν
819 4972 987 5042 αὐτῷ,
1040 4973 1224 5026 δοῦναι
1259 4972 1588 5044 συγγνώμην
1640 4972 1846 5037 αὐτοῖς,

275 5066 463 5136 ἀγαθῷ
500 5064 759 5133 λογισμῷ
798 5063 1168 5132 κινουμένοιςο
1206 5063 1400 5114 ἔπειτα
1444 5063 1540 5115 καὶ
1572 5060 1845 5130 δεύτερον,

272 5158 590 5227 ἀπόρρητον
630 5157 769 5223 παρ’
815 5154 993 5222 ἐαυτῷ
1038 5154 1290 5224 κατέχειν
1341 5153 1402 5206 τὸ
1450 5151 1844 5224 ῥηθησόμενον,

271 5251 362 5301 καὶ
413 5250 627 5318 τρίτον,
682 5244 879 5299 θᾶττον
929 5245 1355 5315 ἀποκρίνασθαι,
1417 5246 1527 5299 εἴτε
1587 5243 1847 5313 πράττειν

272 5340 592 5410 βουληθείη,
643 5338 754 5390 εἴτε
792 5339 888 5408 μή.
921 5337 1109 5392 Ταῦτα
1138 5338 1195 5391 δὲ
1237 5338 1447 5392 ἐκείνου
1477 5337 1681 5399 δόντος,
1711 5337 1761 5389 oi
1791 5336 1846 5390 δὲ

272 5433 476 5494 εὐθέως
509 5430 778 5500 ἐχώρουν·
805 5430 867 5483 οὐ
899 5433 1082 5497 μέντοι
1121 5431 1242 5482 κατ’
1271 5425 1488 5482 εὐθεῖαν
1511 5430 1605 5482 καὶ
1638 5428 1842 5491 ἁπλῶς,

271 5523 382 5574 ἁλλ’
414 5522 617 5589 ὥςπερ
662 5522 966 5584 ἐλικοειδῶς
1001 5521 1383 5592 πορευόμενοι,
1413 5519 1713 5589 ἐπειρῶντο
1746 5520 1844 5582 τὴν

273 5610 439 5665 αὐτοῦ
461 5610 714 5664 διάνοιαν
737 5610 1015 5673 κλέπτειν,
1051 5611 1101 5662 εί
1136 5609 1244 5678 ἄρα
1277 5603 1575 5678 κεκμηκώς
1606 5608 1720 5659 ἐστι
1750 5607 1851 5659 καῖ

273 5702 697 5772 ἀπαγορεύσας,
753 5703 847 5755 καὶ
907 5701 1137 5772 βούλοιτ’
1192 5704 1258 5754 ἂν
1305 5699 1685 5769 ἀπαλλαγῆναι
1735 5698 1845 5749 τῶν

277 5794 568 5853 δυσχερῶν
594 5797 685 5848 mi.
711 5794 1089 5851 ἐπικινδύνως).
1119 5797 1227 5850 Καὶ
1258 5793 1414 5846 τοῦτο
1445 5788 1844 5851 προγινώσκειν

1953 4603 2098 4658 haud
2135 4602 2376 4673 periculo
2415 4615 2610 4654 vacare
2644 4606 2917 4669 putarent,
2953 4608 3008 4651 ut
3044 4613 3139 4667 per
3175 4597 3312 4661 alios
3356 4596 3529 4663 expli-

1952 4706 2158 4762 carent,
2209 4694 2423 4763 ipsimet
2469 4693 2750 4761 despotam
2792 4692 3013 4753 adeunt,
3046 4703 3361 4758 quanquam
3417 4703 3526 4740 non

1950 4787 2176 4841 omnino
2224 4795 2366 4837 metu
2391 4782 2557 4837 soluti
2592 4800 2606 4847 ;
2642 4783 2818 4850 deque
2848 4782 2923 4835 rei
2950 4783 3159 4833 incerto
3191 4791 3391 4833 eventu
3433 4767 3534 4830 an-

1952 4879 2141 4941 xii,vix
2173 4877 2389 4930 tandem
2420 4873 2613 4929 εποντο
2668 4882 2918 4943 possunt.
2962 4884 3194 4941 quorum
3244 4888 3411 4927 causa
3437 4887 3531 4925 ve-

1951 4967 2359 5026 nissent.Porro
2381 4969 2616 5038 primum
2643 4975 2832 5036 rogant
2853 4966 3085 5029 veniam,
3110 4974 3172 5018 ut
3194 4964 3325 5033 quid
3348 4963 3531 5015 minus

1949 5078 2016 5117 ex
2049 5062 2233 5117 animo
2264 5060 2524 5127 dixerint,
2558 5069 2815 5127 tanquam
2863 5056 2954 5126 qui
2993 5057 3163 5126 probo
3198 5055 3365 5109 animi
3409 5068 3527 5120 pro-

1950 5155 2135 5224 posito
2190 5161 2468 5223 agantur:
2507 5159 2622 5205 tum
2682 5153 2844 5204 etiam
2904 5146 3170 5210 secundo,
3207 5155 3265 5200 ut
3294 5142 3434 5211 apud
3473 5157 3530 5196 se

1949 5261 2207 5301 arcanum
2229 5254 2429 5309 teneat,
2453 5241 2597 5311 quod
2621 5241 2905 5293 dicendum
2945 5238 3015 5291 sit
3048 5253 3064 5301 ;
3107 5237 3269 5290 tertio
3298 5236 3529 5301 denique

1952 5349 2010 5395 ut
2036 5340 2146 5394 cito
2185 5336 2534 5404 respondeat,
2569 5347 2697 5385 num
2731 5345 2843 5384 rem
2883 5328 3011 5380 velit
3063 5326 3200 5391 ﬁeri,
3232 5339 3424 5379 nerue.
3457 5320 3531 5375 Ut

1949 5440 2129 5483 autem
2168 5426 2252 5479 his
2283 5425 2372 5479 ille
2429 5421 2738 5481 annuisset,
2799 5417 3107 5488 procedunt
3155 5416 3335 5471 statim
3374 5430 3388 5477 ;
3424 5426 3530 5465 ncn

1949 5527 2128 5573 tamen
2166 5525 2312 5570 recta
2355 5528 2420 5567 ac
2468 5511 2809 5580 simpliciter,
2848 5508 2941 5562 sed
2988 5507 3140 5561 velut
3186 5519 3281 5575 per
3318 5516 3523 5557 cuneos

1947 5626 2012 5664 ac
2044 5607 2344 5670 anfractus,
2375 5604 2493 5674 ejus
2522 5603 2663 5658 clam
2705 5600 2947 5655 animum
2982 5598 3168 5654 venari
3205 5594 3520 5673 tentabant:

1948 5716 2073 5754 num
2128 5700 2344 5752 tandem
2396 5694 2640 5750 defectus
2691 5701 2855 5756 esset,
2885 5706 2951 5747 ac
2997 5706 3150 5761 spem
3201 5688 3517 5760 abiecisset,

1946 5780 2213 5849 velletque
2268 5786 2484 5843 liberari
2533 5801 2560 5841 a
2594 5784 2771 5843 malis.
2804 5797 2994 5852 acres
3025 5784 3079 5838 in
3120 5792 3234 5838 tuto
3290 5794 3514 5840 vortere.
