3976 6206
451 314 556 376 ⁸255

452 519 636 586 itaque
657 521 973 589 rogantibus
989 525 1175 580 statim
1211 527 1544 596 indulgebat,
1581 533 1673 602 qui
1720 545 1863 590 esset
1906 537 2018 590 cle-

455 622 630 662 utens.

525 697 666 750 Sane
688 699 908 767 quidem
933 702 1023 755 alii
1045 702 1190 755 aliud
1212 704 1620 774 existimabant,
1657 714 2015 768 nescientium

450 785 687 839 falmlam
727 807 743 855 ;
784 805 848 843 ac
889 791 1137 861 plerique
1169 798 1642 865 promptissimum
1685 805 1790 857 sibi
1826 807 2019 860 interi-

453 886 563 929 tum
595 894 705 931 rem
758 882 1138 938 autumabant.
1201 887 1267 940 At
1313 888 1403 941 ille
1459 890 1601 944 bono
1647 895 1830 947 animo
1899 906 2018 951 erat

455 970 768 1038 malumque
789 987 981 1027 omnes
1012 978 1195 1029 statim
1235 978 1289 1030 in
1323 983 1659 1037 contrarium
1693 989 2012 1043 vertendum

453 1061 709 1126 sperabat
747 1065 1069 1133 :nimirum,
1102 1081 1373 1140 satrapam
1427 1083 1484 1127 ιιι
1516 1091 1635 1129 mox
1672 1089 1816 1133 esset
1858 1084 2015 1134 audi-

451 1158 608 1207 turus
672 1155 972 1222 periculum
1027 1174 1168 1224 esse,
1224 1179 1291 1215 ne
1347 1163 1524 1220 Latini
1577 1167 2011 1238 Peloponnesum

447 1242 588 1308 juris
617 1246 700 1298 sui
742 1246 1004 1314 facerent,
1035 1253 1184 1321 gravi
1217 1256 1490 1321 pulsatum
1549 1269 1720 1324 metu,
1765 1266 1814 1314 in
1867 1269 2015 1332 pacis

452 1336 652 1390 fcetlera
687 1342 867 1393 statim
925 1357 1338 1400 concessurum.
1381 1347 1528 1401 Haud
1575 1353 1793 1419 quidem
1831 1356 1880 1408 id
1920 1375 2014 1410 ve-

453 1443 507 1480 ra
535 1429 810 1485 voluntate
840 1449 854 1484 :
882 1434 1005 1502 quid
1047 1439 1191 1490 enim
1224 1439 1296 1493 illi
1329 1455 1393 1493 ac
1431 1442 1646 1496 veritati
1672 1461 1961 1502 commune
1994 1451 2017 1504 ?

450 1518 542 1569 sed
577 1521 702 1588 quia
741 1524 921 1590 potius
957 1526 1183 1582 haberet
1207 1530 1640 1598 Peloponnesum
1677 1549 1878 1592 nostra}
1931 1541 2015 1594 di-

451 1607 618 1663 tionis
640 1626 782 1676 esse,
815 1631 978 1682 quam
1014 1620 1194 1674 utsibi
1220 1637 1339 1676 eam
1375 1622 1690 1680 Latinorum
1732 1633 2015 1698 capreolus‘

449 1713 512 1751 ac
545 1716 738 1756 manus
774 1705 1098 1774 implicaret.
1165 1710 1336 1767 Porro
1386 1725 1506 1771 erat
1545 1717 1599 1773 in
1662 1734 1831 1775 causa
1902 1739 2011 1778 non

1640 325 2044 386 MANUELIS
2072 319 2519 393 PAL/EOLOGi

451 427 542 492 qui
575 441 669 496 per
693 444 1075 501 quemcunque
1111 435 1332 489 molunt
1361 436 1740 494 oﬂendissvnt.
1779 441 2006 496 Venia-.n

2120 453 2236 503 κόσι
2316 454 2416 522 μὶν
2504 454 2628 506 καθ’
2717 455 3022 523 οἱονδὴτινα
3104 456 3346 525 τρόπον·

3578 343 3680 405 Ξῖιθ

3423 459 3682 524 αἰτήσασι

2119 543 2164 594 δ’
2194 539 2286 597 οὗν
2318 546 2647 616 συγγνώμην
2673 546 2837 608 εὐθὺς
2861 545 3056 608 ἐδίδου.
3098 547 3481 619 φιλάνθρωπος
3511 549 3607 605 ὧν.

2195 716 2388 778 Ἀλλος
2418 718 2518 786 μὲν
2551 713 2645 772 οὖν
2682 719 2811 774 ἄλλο
2857 739 2911 773 τι
2949 721 3168 788 ἐδόξαζε
3194 726 3302 777 τῶν
3332 726 3432 778 οὐκ
3467 727 3688 781 εἰδότων

2118 806 2176 858 τὸ
2204 808 2406 876 δρᾶμα.
2469 812 2563 863 καὶ
2614 810 2781 881 ᾤοντό
2825 830 2888 879 γε
2924 814 3134 878 πολλοὶ,
3188 817 3468 870 ἀπώλειαν
3503 819 3689 886 σφίσιν

2118 898 2338 952 ἔσεσθαι
2386 899 2485 968 τὴν
2540 902 2804 970 ταχίστην
2853 903 2915 956 τδ
2964 907 3345 974 πραττόμενον
3375 926 3390 942 ·
3438 909 3599 972 αὐτὸς
3630 910 3687 962 δὲ

2117 988 2359 1058 ἐθάρῤει,
2399 991 2490 1044 καὶ
2521 993 2661 1044 πάνυ
2688 993 2936 1062 ἡλπιζεν,
2995 994 3072 1057 ὡς
3115 997 3316 1050 αὐτίκα
3364 1001 3474 1052 πᾶν
3517 1002 3689 1055 δεινὸν

2118 1081 2196 1141 εἰς
2247 1081 2559 1134 τούναντίον
2608 1085 3014 1152 τραπήσεσθαι.
3075 1087 3179 1142 Τὸν
3237 1090 3346 1159 γὰρ
3401 1095 3690 1162 σατράπην

2117 1173 2280 1234 εὐθὺς
2325 1173 2569 1240 μαθόντι
2595 1176 2932 1228 κινδυνεύειν
2965 1178 3091 1240 τοὺς
3131 1179 3396 1242 Λατίνους
3447 1183 3544 1248 τῆς
3588 1185 3692 1236 [ls-

2115 1266 2342 1336 λοποννή
2355 1284 2447 1320 σου
2478 1267 2782 1331 δεσπόζειν,
2816 1269 2996 1337 πολλῷ
3021 1271 3226 1338 τῷδέει
3255 1274 3685 1341 κατασχεθέντα,

2119 1357 2252 1424 πρὸς
2279 1357 2572 1425 διαλλαγὰς
2612 1359 2772 1421 εὐθὺς
2805 1361 2978 1428 ἥξειν·
3007 1362 3068 1414 ού
3101 1363 3241 1415 κατὰ
3276 1365 3532 1431 ἀλήθειαν
3565 1368 3686 1434 μέν·

2115 1451 2166 1498 τί
2194 1448 2302 1515 γὰρ
2337 1449 2530 1519 ἐκείνῳ
2557 1451 2649 1502 καὶ
2685 1451 2914 1521 ἀληθείᾳ
2971 1453 3191 1518 κοινόνς
3240 1453 3374 1507 ἀλλὰ
3424 1457 3500 1525 τῷ
3551 1458 3686 1510 πολύ

2116 1556 2168 1592 τι
2200 1539 2402 1608 βέλτιον
2431 1540 2587 1607 ἄγειν
2618 1543 2718 1608 τὴν
2747 1541 2842 1595 τοῦ
2880 1544 3122 1606 Πέλοπος
3153 1545 3243 1612 ὑφ’
3272 1546 3418 1614 ἡμᾶς
3459 1543 3619 1610 εἶναι,
3651 1551 3685 1619 ἢ

2115 1627 2214 1698 τὴν
2244 1629 2352 1680 τῶν
2374 1631 2620 1683 Λατίνων
2649 1631 2804 1684 ἕλικα
2828 1632 3036 1703 ταύτης
3061 1634 3390 1703 δράξασθαι.
3422 1638 3604 1690 Αἴτιον
3631 1639 3690 1692 δὲ

2116 1716 2178 1768 οὐ
2209 1716 2270 1768 τὸ
2299 1717 2502 1786 ῥᾳδίως
2539 1721 2984 1788 μεταϐεϐλῆσθαι
3011 1724 3108 1776 τὸν
3138 1725 3447 1794 ἄνθρωπον,
3482 1732 3573 1780 καὶ
3599 1729 3689 1798 βε.

451 1789 570 1858 eius
607 1792 788 1850 facilis
817 1803 1070 1860 mutatio,
1104 1812 1198 1856 aut
1222 1807 1346 1874 quia
1374 1811 1791 1878 tranquillitatis
1817 1831 2010 1872 amans

2121 1808 2441 1862 ϐουλεύσθαι
2478 1787 2791 1875 πείσασθαι,
2839 1815 3170 1884 ἡγαπηκότα
3197 1787 3256 1869 τό
3284 1787 3535 1888 ἠρεμεῖν·
3575 1787 3688 1890 ε’ρῶ

451 1880 633 1936 induci
683 1898 865 1951 posset
909 1891 972 1942 ad
1007 1894 1266 1946 utemlum
1294 1900 1564 1954 consilio:
1604 1918 1728 1957 mox
1763 1908 1906 1960 enim
1931 1909 2013 1962 di-

451 1985 646 2029 cturus
679 1984 1059 2046 sum,utnulla
1086 1986 1133 2039 ei
1161 1988 1223 2039 ad
1264 1989 1430 2043 ullum
1465 1992 1662 2048 bonum
1693 2009 1836 2054 esset
1865 2016 2021 2056 com-

452 2069 642 2121 munio
664 2087 676 2120 :
697 2070 790 2124 sed
816 2073 942 2141 quia
977 2077 1212 2142 timeret,
1238 2096 1305 2134 ne
1331 2097 1494 2151 quant
1519 2084 1900 2157 Peloponneso
1932 2093 2014 2145 vi-

452 2158 588 2210 cinze
642 2163 805 2216 urbes
859 2180 889 2218 a
957 2165 1262 2234 Fratribus,
1310 2173 1405 2242 qui
1461 2178 1618 2233 nobis
1679 2184 2015 2248 potentiores

450 2259 654 2315 essent,
690 2252 943 2321 injuriam
977 2248 1263 2316 referrent.
1293 2265 1432 2319 Sunt
1461 2269 1607 2322 enim
1642 2270 1716 2325 illi
1753 2290 1852 2326 cett
1895 2275 1998 2330 rivi

455 2341 677 2406 quidam
712 2349 1030 2412 perennium
1069 2366 1130 2405 ac
1171 2357 1530 2412 maximorum
1565 2360 1877 2427 fluminum,
1911 2366 2014 2422 Oc.

454 2431 1008 2507 ciduarutn,inquam,
1028 2445 1269 2511 gentium
1291 2450 1572 2518 exquibus
1595 2469 2011 2522 processerunt.

525 2523 647 2578 Ιίερο
674 2529 839 2594 probe
867 2533 1060 2587 scienti
1108 2535 1262 2590 fratri
1289 2540 1507 2596 subibat
1537 2545 1756 2611 fiducia,
1785 2557 1843 2600 ut
1871 2561 2016 2605 esset

453 2613 505 2666 in
531 2616 731 2672 bonum
764 2637 985 2678 cessura
1021 2625 1224 2682 fabula.
1257 2631 1445 2702 Neque
1471 2637 1614 2690 enim
1685 2640 1797 2694 fieri
1833 2657 2012 2710 posse,

455 2717 512 2760 ut
536 2725 653 2777 qua:
685 2722 814 2768 tunc
843 2730 1155 2787 agerentur,
1195 2709 1774 2792 serpentem'laterent
1823 2750 1838 2796 ;
1875 2752 2012 2792 neve

455 2814 512 2854 ut
537 2805 718 2859 sciens
765 2819 912 2863 esset
943 2813 1324 2878 quieturus,ac
1348 2830 1765 2889 exspectaturus
1791 2829 2014 2883 utacci-

455 2905 642 2959 percnt
675 2898 858 2954 finem.
895 2901 984 2957 Sic
1005 2904 1096 2958 ille
1116 2921 1265 2975 spem
1290 2909 1550 2978 habebat,
1583 2914 1773 2984 sicque
1802 2919 2010 2975 evenit.

455 2984 588 3040 Nam
613 3005 735 3043 cum
771 3008 882 3047 rem
908 2995 1211 3058 didicisset,
1229 3001 1373 3068 quia
1400 3005 1550 3056 vobis
1567 3020 1742 3076 neque
1765 2993 2026 3076 litteras,

2121 1900 2228 1969 γὰρ
2257 1900 2434 1967 αὖθις,
2465 1903 2539 1964 ὡς
2576 1905 2730 1956 οὐδὲν
2772 1905 2952 1958 κοινόν
2981 1907 3118 1974 πρὸς
3145 1907 3322 1960 ὁτιοῦν
3359 1909 3552 1976 ἐκείνῳ
3576 1911 3688 1962 τῶν

2123 1990 2344 2057 ἀγαθῶν
2373 2009 2385 2024 ο
2420 1993 2568 2063 φόϐῳ
2601 1995 2677 2056 δὲ,
2727 1994 2821 2047 τοῦ
2873 1995 2945 2064 μὴ
2995 1996 3093 2056 τὰς
3123 1998 3370 2064 γείτονας
3401 1999 3582 2063 πόλεις
3617 2003 3684 2070 τῇ

2121 2083 2511 2153 Πελοποννήσῳ
2565 2083 2821 2148 δέξασθαί
2867 2101 2988 2138 τινα
3043 2085 3248 2155 βλάϐην
3297 2089 3360 2140 ἐκ
3412 2087 3524 2139 τῶν
3549 2090 3690 2158 Φρε-

2126 2176 2276 2244 ρίων,
2332 2156 2692 2245 ἰσχυροτέρων
2742 2175 2900 2245 ήμῶν
2957 2176 3146 2229 όντων.
3185 2177 3305 2229 Εἰσί
3339 2177 3448 2248 γὰρ
3497 2156 3687 2248 ὥσπερ

2123 2266 2323 2337 ῥύακες
2388 2267 2629 2319 ἀεννάων
2683 2267 2946 2334 ποταμῶν
3000 2267 3092 2320 καὶ
3153 2269 3428 2335 μεγίστων
3463 2288 3476 2301 ·
3541 2271 3687 2337 λέγω

2117 2353 2174 2404 δὲ
2227 2353 2295 2405 τὰ
2346 2353 2538 2407 δυτικα
2610 2356 2790 2408 πάντα
2837 2355 2990 2425 ἔθνη,
3051 2353 3110 2420 ἐξ
3163 2349 3238 2410 ὧν
3299 2357 3406 2410 οἵδε
3459 2359 3688 2430 ὢρμην-

2116 2460 2228 2498 ται.

2193 2534 2375 2587 Ταῦτα
2403 2532 2584 2595 καλῶς
2607 2533 2768 2586 εἰδότι
2794 2533 3042 2604 τάδελφῷ
3072 2534 3294 2606 θαρρεῖν
3324 2536 3479 2606 ἐπῄει
3504 2537 3663 2592 τελευ

2122 2630 2305 2694 τήσειν
2333 2630 2412 2689 είς
2447 2625 2738 2694 ἀγαθὸντδ
2766 2627 2971 2696 δρᾶμα.
3010 2629 3163 2697 Μήτε
3193 2629 3300 2697 γὰρ
3351 2625 3461 2682 οἷόν
3508 2649 3568 2713 τε
3593 2632 3660 2683 λα

2122 2719 2236 2772 θεῖν
2259 2719 2352 2771 τὸν
2401 2719 2524 2786 δφιν
2584 2721 2789 2772 ἐκεῖνον
2831 2721 2898 2773 τὰ
2931 2719 3238 2786 τηνικαῦτα
3287 2723 3638 2792 πραττόμενα
3669 2740 3684 2754 ·

2127 2812 2261 2879 μήτε
2298 2811 2403 2880 μὴν
2433 2809 2631 2877 γνόντα
2679 2811 2862 2876 μένειν
2892 2827 2950 2862 τε
2987 2810 3350 2879 αὖτοτρέμας,
3380 2814 3472 2864 καὶ
3512 2831 3685 2867 κατα·

2118 2902 2370 2970 δέχεσθαι
2427 2902 2602 2955 ταῦτα
2652 2902 2829 2972 πέρας
2869 2903 3074 2955 λαϐεῖν.
3114 2902 3305 2966 Οὕτως
3358 2900 3426 2974 ἦν
3479 2908 3688 2970 ἐκεῖνος

2119 2993 2383 3057 ἐλπίζων,
2414 2993 2508 3046 κα)⁸
2535 2991 2706 3055 οὕτως
2735 2993 2916 3063 ἐξέϐη.
2951 2993 3058 3046 Kal
3086 2995 3194 3064 γὰρ
3228 2995 3288 3047 τὸ
3325 2997 3554 3064 πρᾶγμα
3591 3015 3667 3050 κα

461 3094 636 3148 neque
661 3098 995 3149 sermonem,
1025 3088 1168 3142 velut
1191 3091 1320 3158 quid
1369 3093 1518 3146 aliud
1546 3097 1610 3149 ad
1649 3113 1833 3166 pacem
1887 3115 2013 3168 pro-

2121 3084 2402 3151 ταμαθὼν,
2443 3083 2496 3145 ὃς
2523 3083 2642 3136 οὐδὲ
2676 3083 2981 3153 γράμματα
3021 3084 3232 3153 ἐδέχετο
3265 3087 3393 3155 παρ’
3421 3086 3594 3156 ὑμῶν,
3621 3090 3685 3138 οὕ

456 3185 658 3226 vocans
685 3175 856 3239 dicas,
892 3181 1222 3246 accepisset,
1260 3181 1311 3233 in
1345 3191 1514 3237 totum
1553 3198 1815 3253 mutatus,
1867 3191 2015 3260 lega-

453 3263 655 3314 tionem
693 3265 758 3316 ab
782 3265 902 3319 Asia
925 3267 989 3319 ad
1023 3283 1196 3337 usque
1241 3269 1492 3337 Spartam
1521 3276 1586 3328 ad
1625 3277 1844 3332 fratrem
1889 3281 2019 3334 mit-

460 3352 544 3414 tit,
567 3351 821 3408 fericndae
844 3357 993 3423 pacis
1013 3360 1265 3415 mandata
1297 3362 1683 3430 perferentem,
1704 3384 1769 3424 ac
1798 3369 2016 3439 longam

455 3446 906 3512 supplicationem
937 3453 1265 3508 emendandi
1299 3473 1420 3524 qua:
1451 3459 1802 3517 accidissent.
1853 3462 2012 3530 Quod

458 3539 634 3604 ipsum
670 3541 743 3594 ita
783 3543 1012 3611 contigit
1041 3563 1054 3610 ;
1087 3561 1265 3616 eoque
1288 3561 1510 3622 eventu,
1535 3569 1698 3622 quam
1730 3558 1878 3610 omni
1934 3575 2019 3614 re-

455 3640 539 3686 tro
574 3642 819 3702 tempore
851 3637 1007 3691 vobis
1043 3639 1264 3708 despom
1291 3621 1492 3696 clarior
1543 3645 1764 3710 enituit,
1805 3665 1913 3718 quo
1943 3650 2016 3705 ita

454 3741 568 3778 rem
612 3727 935 3793 providisset
966 3744 1028 3784 ac
1064 3731 1434 3800 dispensasset
1459 3755 1472 3790 :
1501 3739 1775 3806 ccepitqne
1815 3741 2001 3798 fabula

456 3814 742 3878 celebrari,
789 3832 855 3872 ae
892 3818 1012 3888 ejus
1029 3821 1234 3875 auctrix
1263 3823 1522 3892 sapientia
1558 3843 1572 3890 ;
1626 3829 1881 3900 quodque
1932 3832 2020 3886 ille

454 3923 628 3978 neque
655 3923 902 3977 persona:
927 3926 1218 3982 congruam
1249 3915 1566 3982 gravitatem
1595 3921 1890 3984 amisisset,
1934 3937 1999 3977 ac

459 4016 525 4056 ne
555 4002 781 4057 verbum
815 4004 1034 4074 quidem
1064 4007 1407 4074 protulisset,
1433 4025 1540 4080 quo
1573 4013 1654 4066 vel
1685 4013 1788 4067 levi
1814 4015 2016 4072 indicio

456 4092 702 4157 proderet
733 4093 1175 4157 amaritudinem,
1211 4109 1269 4151 ut
1299 4099 1406 4151 ulla
1439 4101 1535 4169 qui
1569 4103 1786 4157 ratione
1842 4105 2014 4158 offen-

359 4220 362 4224 -
453 4186 678 4239 disserit.
711 4184 947 4253 Eratque
979 4188 1220 4252 gaudens
1252 4189 1502 4259 despota,
1549 4193 1603 4246 in
1652 4197 2017 4264 gaudentibus

453 4279 684 4332 subditis
729 4295 742 4342 ;
779 4293 867 4330 res
915 4279 1076 4346 plane
1107 4279 1174 4331 ad
1230 4284 1606 4348 spectaculum
1678 4289 2012 4354 gratissima.

453 4368 588 4424 Cum
622 4368 764 4421 enim
795 4369 924 4422 olim
964 4371 1074 4435 jam
1107 4369 1278 4424 inulto
1311 4387 1434 4425 cum
1465 4391 1646 4428 amore
1671 4391 1734 4430 ac
1778 4377 2014 4434 admira-

2121 3175 2298 3243 λόγον,
2327 3175 2436 3228 οὐδ’
2462 3175 2644 3228 ὁτιοῦν
2669 3175 2728 3227 τδ
2765 3175 2900 3240 πρὸς
2949 3176 3169 3246 εἰρήνην
3220 3177 3590 3247 παρακαλοῦν,
3628 3181 3686 3244 ἐξ

2123 3266 2452 3338 ἁντιρῤόπου
2489 3266 2834 3335 μεταϐαλὼν,
2867 3267 3075 3336 πέμπει
3123 3267 3200 3334 τῷ
3240 3269 3356 3338 ἐμῷ
3389 3271 3686 3339 πρεσϐείαν

2121 3357 2332 3426 ἀδελφῷ
2386 3357 2444 3423 ἐξ
2489 3357 2675 3420 Ἀσίας
2732 3359 2789 3419 ἐς
2851 3358 3019 3427 αὐτὴν
3075 3359 3352 3428 Σπάρτην,
3391 3359 3687 3425 διαλλαγὰς

2122 3449 2472 3518 κομίζουσαν,
2505 3451 2598 3502 καὶ
2633 3449 2848 3519 μακρὰν
2879 3450 3106 3515 ἀξίωσιν
3137 3451 3272 3520 πρὸς
3293 3450 3392 3520 τὴν
3416 3451 3510 3503 τοὺ
3545 3470 3688 3519 συμ-

2123 3539 2313 3602 ϐάντος
2341 3540 2646 3610 διόρθωσιν.
2704 3542 2768 3592 '0
2819 3542 2911 3593 καὶ
2941 3541 3152 3608 γίνεται
3178 3558 3192 3572 ο
3229 3543 3326 3594 καὶ
3373 3544 3684 3610 γεγονότος.

2122 3631 2374 3701 λαμπρὸς
2403 3633 2531 3702 ὑμῖν
2575 3635 2602 3685 ό
2631 3633 2897 3703 δεσπότης
2929 3632 3088 3703 εἴπερ
3123 3634 3252 3686 ποτὲ
3285 3635 3376 3688 καί⁸
3423 3636 3521 3704 τῆς
3557 3654 3689 3705 προ-

2122 3726 2272 3789 νοίας
2303 3725 2488 3788 ἓνεκα,
2524 3727 2617 3780 καὶ
2653 3727 2750 3795 τῆς
2785 3726 3098 3796 οἰκονομίας
3127 3727 3330 3795 ταύτης
3383 3729 3577 3798 scivi}.
3611 3731 3687 3781 Τὸ

2119 3817 2177 3869 δὲ
2203 3818 2388 3886 δρᾶμα
2417 3816 2644 3887 ὒμνητο,
2680 3819 2772 3870 καὶ
2823 3819 2856 3886 ἡ
2889 3817 3049 3885 σοφία
3075 3817 3171 3869 τοῦ
3204 3819 3553 3886 ποιήσαντος·
3590 3826 3687 3873 καὶ

2120 3909 2181 3961 τὸ
2216 3909 2352 3978 μήτε
2405 3909 2590 3978 σχῆμα
2641 3907 2830 3961 τοῦτον
2886 3908 3186 3970 δεικνύναι,
3242 3910 3377 3978 μήτε
3424 3927 3478 3961 τι
3531 3911 3687 3979 ῥῆμα

2122 4001 2404 4071 προέσθαι,
2464 3999 2606 4066 ἴχνος
2661 3999 3004 4068 ύπεμφαῖνον
3059 4000 3305 4068 πικρίας,
3357 4002 3412 4052 εἴ
3436 4019 3578 4063 τινες
3617 4002 3687 4052 δι’

2121 4091 2369 4160 ἡντινοῦν
2421 4089 2598 4143 αἰτίαν
2655 4089 3161 4158 προσκεκρούκασι.
3219 4092 3328 4143 Kal
3379 4087 3447 4161 ἦν
3477 4092 3689 4162 χαίρων

2121 4180 2177 4230 ἐν
2227 4178 2500 4248 χαίρουσι,
2559 4178 2828 4247 δεσπότης
2886 4179 3186 4246 ύπηκόοις’
3255 4179 3472 4249 ἣδιστον
3535 4182 3685 4236 ἰδεῖν.

2124 4270 2261 4323 Πολὺ
2310 4271 2417 4338 γὰρ
2463 4270 2558 4322 καὶ
2607 4269 2930 4338 φιλούμενος
2970 4271 3065 4321 καὶ
3103 4268 3516 4339 θαυμαζόμενος
3546 4273 3691 4325 ἄνω-

2124 4361 2235 4422 θεν,
2263 4359 2565 4428 τηνικαῦτα
2603 4359 2722 4428 μεθ’
2758 4359 3207 4429 ὑπερϐαλλούσης
3246 4361 3559 4431 προσθήκης
3589 4365 3689 4414 καὶ

457 4459 600 4511 tione
656 4467 1143 4527 prosequerentur,
1227 4467 1396 4516 multa
1453 4473 1581 4518 tunc
1629 4472 2013 4536 exsuperantia

2125 4454 2360 4520 ἐφιλεῖτο
2385 4453 2478 4504 καὶ
2509 4451 2874 4529 εθαυμὰζετο.
2907 4452 3014 4504 Καὶ
3043 4451 3104 4503 τὸ
3132 4450 3316 4520 θαῦμα
3349 4451 3504 4520 ᾔδετο
3525 4468 3539 4482 ’
3591 4452 3690 4504 καὶ

457 4559 746 4620 utrmnque
797 4552 1168 4617 prmatabant;
1214 4554 1625 4624 eauebaturque
1664 4558 2012 4627 miraculum,

454 4654 519 4692 ac
566 4638 615 4692 ei
645 4653 833 4692 omnes
881 4639 990 4692 vim
1039 4641 1426 4708 impensior-em
1486 4646 1692 4700 amoris
1753 4649 2016 4716 repende-

461 4734 611 4786 bant.
634 4731 800 4786 Plane
823 4734 1035 4788 merito.
1064 4733 1275 4800 Quibus
1295 4737 1436 4788 enim
1465 4747 1620 4791 antea
1661 4755 1725 4792 ne
1749 4741 1850 4794 vita
1879 4739 2003 4810 ipsa

455 4828 570 4874 tuta
608 4823 743 4875 satis
769 4831 936 4887 esset,
977 4824 1162 4878 felices
1204 4836 1423 4893 repente
1447 4837 1739 4883 evaserant
1793 4846 1808 4882 :
1867 4834 2013 4898 quod

456 4911 742 4989 planeipsa
759 4927 853 4980 per
869 4927 927 4967 se
969 4913 1146 4968 dulcia
1176 4916 1360 4970 multis
1389 4918 1628 4972 dulciora
1653 4919 1824 4974 videri
1861 4921 2014 4979 facit.

460 5001 564 5067 Qui
601 5017 731 5069 ergo
763 5019 869 5057 non
898 5020 1091 5059 omnes
1113 5005 1378 5062 miraculo
1407 5009 1618 5077 plenam
1650 5025 1713 5064 ac
1734 5012 2010 5082 voluptate

456 5107 567 5145 rem
593 5093 947 5156 mstimarent,
985 5094 1036 5146 in
1073 5104 1266 5148 vestrae
1303 5095 1494 5149 salutis
1527 5099 2002 5166 negotio'gestam,

457 5194 579 5232 cum
623 5193 682 5234 ea
751 5181 886 5250 ipsa,
916 5183 1116 5250 quibus
1180 5199 1268 5238 res
1307 5194 1516 5237 vestras
1561 5185 1817 5239 deteriori
1874 5197 2018 5240 statu

459 5272 738 5326 habituras
775 5275 1074 5340 putabatis,
1107 5276 1267 5344 longe
1324 5291 1417 5331 eas
1457 5277 1668 5330 meliori
1693 5277 1887 5332 fecisse
1938 5281 2018 5334 vi-

455 5365 697 5423 deretis?
722 5370 912 5424 Pacem
951 5386 1083 5425 sane
1123 5387 1288 5440 quam
1325 5373 1564 5426 maxime
1594 5374 2014 5440 desiderabatis,

454 5462 511 5508 at
555 5472 718 5524 quam
767 5461 995 5516 minime
1049 5464 1352 5524 sperabatis
1404 5482 1416 5516 :
1469 5463 1781 5518 obtinuistis
1837 5473 2014 5516 autem

456 5541 620 5597 altam
642 5546 933 5603 admodum
964 5568 1025 5605 ac
1045 5553 1274 5622 pristina
1305 5555 1466 5622 longe
1497 5555 1803 5614 meliorem,
1838 5555 2008 5607 multa

460 5631 814 5691 nihilominus
874 5643 1186 5698 accessione
1238 5645 1440 5713 glorite,
1471 5655 1529 5698 ut
1584 5645 1628 5700 is
1671 5645 1736 5697 ad
1786 5660 1882 5698 vos
1923 5646 2015 5698 de-

461 5721 743 5780 stinaverit
767 5726 995 5794 legatos,
1014 5732 1102 5797 qui
1132 5748 1196 5785 uc
1220 5733 1402 5790 videre
1432 5734 1648 5804 quidem
1681 5734 2008 5796 sustinebat,

2115 4543 2174 4596 τὸ
2213 4543 2435 4613 φίλτρον
2467 4543 2644 4612 τούτῳ
2677 4543 2876 4605 πάντες
2901 4541 3240 4595 ἀπεδίδοσαν.
3278 4542 3538 4605 Εἰκότως.
3574 4544 3690 4596 Καὶ

2117 4635 2222 4704 γὰρ
2272 4634 2320 4687 οἳ
2361 4635 2490 4699 πρὶν
2535 4634 2636 4686 οὐκ
2693 4627 2838 4701 εῖχον
2886 4633 3109 4704 θαρρεῖν
3165 4632 3306 4701 ὑπὲρ
3368 4632 3532 4700 μόνου
3587 4632 3688 4685 τοῦ

2117 4723 2238 4795 ζῇν,
2289 4725 2610 4787 εὐδαίμονες
2652 4724 2814 4786 εὐθὺς
2862 4723 3261 4776 ἀνεδείκνυντο·
3297 4721 3458 4776 τοῦτο
3488 4722 3554 4793 δὴ
3588 4724 3689 4776 καὶ

2115 4820 2182 4868 τὰ
2212 4815 2342 4883 ἡδέα
2372 4814 2560 4868 ποιοῦν
2609 4815 2790 4886 πολλῷ
2825 4814 2960 4883 ἡδίω
2985 4813 3295 4881 φαίνεσθαι.
3331 4814 3454 4876 Πῶς
3501 4810 3595 4867 οὖν
3621 4815 3689 4866 οὐ

2116 4908 2250 4960 πᾶσι
2281 4907 2599 4975 κριθήσεται
2621 4907 2683 4959 τὸ
2714 4907 2843 4974 περί
2869 4905 2968 4976 τὴν
2998 4906 3269 4974 ὑμετέραν
3296 4907 3570 4974 σωτηρίαν
3601 4905 3690 4974 Ep-

2117 5014 2212 5065 γον
2252 4999 2430 5050 ἐκεῖνο
2471 4997 2750 5065 θαύματος
2793 4996 2964 5064 γέμον
3011 4998 3104 5049 καί⁵
3153 4996 3369 5065 ἡδονῆς,
3433 4998 3483 5050 εἰ
3526 4995 3686 5048 ταῦθ’

2117 5085 2259 5154 ἅπερ
2296 5086 2572 5152 ἐνομίζετε
2625 5086 2794 5155 χείρω
2826 5087 3194 5154 καταστήσειν
3223 5086 3351 5153 ὑμῖν
3379 5086 3450 5138 τὰ
3505 5085 3690 5156 πράγ-

2120 5195 2284 5247 ματα,
2320 5179 2459 5232 αὐτὰ
2487 5179 2549 5250 δὴ
2575 5179 2751 5232 ταῦτα
2786 5180 3086 5248 πεποίηκεν
3131 5181 3314 5232 εκεῑνα
3350 5180 3528 5247 πολλῷ
3558 5179 3692 5249 βελ-

2116 5273 2249 5335 “tim;
2284 5272 2521 5341 Εἰρήνης
2555 5271 2661 5340 γὰρ
2686 5272 3017 5340 ἐπεθυμεῖτε
3045 5273 3145 5341 μὲν
3173 5271 3248 5335 ὡς
3297 5272 3554 5338 μάλιστα’
3588 5272 3692 5341 ἡλ-

2121 5365 2304 5420 πίζετε
2332 5364 2376 5416 δ’
2403 5364 2478 5426 ὼς
2523 5365 2747 5433 ἥκισταο
2779 5362 2953 5431 αὐτῆς
3001 5363 3057 5416 δὲ
3086 5365 3227 5416 πάνυ
3281 5363 3503 5434 βαθείας
3531 5381 3692 5417 τετυ-

2121 5457 2348 5525 χήκατε,
2397 5454 2576 5524 πολλῷ
2627 5473 2691 5524 γε
2735 5454 2944 5523 βέλτιον
2990 5454 3022 5523 ἢ
3068 5455 3174 5524 πρὸ
3201 5454 3317 5516 τοῦ,
3375 5456 3688 5523 προσούσης

2119 5565 2181 5614 γε
2207 5550 2298 5601 καὶ
2323 5549 2482 5615 δόξης
2515 5549 2575 5600 οὗ
2603 5548 2844 5614 σμικρᾶς
2869 5548 2931 5598 ὲκ
2961 5546 3056 5598 τοῦ
3099 5546 3394 5616 πρεσϐείαν
3442 5547 3688 5612 πέμπειν

2103 5641 2194 5700 ‘tb;
2222 5641 2389 5707 ὑμᾶς,
2417 5639 2508 5690 τὸν
2542 5638 2677 5707 μηδὲ
2712 5638 2840 5690 ἰδεῖν
2867 5633 3190 5705 ἀνεχόμενον
3225 5637 3279 5688 εἴ
3312 5654 3394 5698 τις
3424 5635 3480 5698 ἐξ
3526 5635 3688 5701 ὑμῶν

2123 5733 2199 5795 εἰς
2231 5732 2390 5785 αὑτὸν
2441 5731 2581 5799 ὑπὲρ
2618 5731 2836 5799 εἰρήνης
2859 5729 3208 5799 ἐπρέσϐευεν.
3247 5730 3412 5791 'lstt,
3453 5726 3546 5789 οὓς
3573 5726 3684 5780 τῶν
