4024 6210
326 303 438 365 237

1119 294 1533 364 THEODORI:
1553 299 1913 361 DESPUT/E
1946 299 2351 360 LAUDATIO'
2380 299 2791 361 FUNEISRIS.

3463 297 3572 360 25.8

335 414 626 485 ὑμετέρων
651 414 952 491 ἐξέπεμπε,
994 413 1182 476 κακῶς
1229 415 1323 466 καὶ
1379 414 1554 483 λέγων
1585 413 1681 465 καὶ
1709 411 1903 476 ποιῶν,

2015 419 2068 462 ιιι.
2109 410 2233 477 quis
2265 419 2505 463 vestrum
2531 410 2850 479 legationem
2878 410 2945 465 de
2971 425 3102 480 pace
3129 410 3195 464 ad
3224 424 3350 464 eum
3369 407 3572 463 obiret.

331 505 480 572 ἀνὴρ
511 501 776 574 ὑϐριστὴς
801 501 899 556 ῶν.
929 504 1001 555 Τὸ
1045 504 1147 571 μὲν
1172 499 1265 556 οὗν
1310 502 1473 572 ἔργον
1501 503 1596 554 σὺν
1649 501 1769 571 Θεῷ
1808 502 1906 554 πέ-

332 612 437 665 ρας
456 595 674 665 εἰλήφει
708 594 894 647 καλόν⁸
924 594 1020 648 καὶ
1043 592 1187 662 ᾇπερ
1221 593 1515 665 εὐχόμεθα,
1560 595 1802 661 γέγονεν.
1842 593 1904 646 Ὀ

328 687 389 739 δὲ
426 685 606 746 καλῶς
628 686 1009 756 ἐργασάμενος
1037 684 1217 755 σωτὴρ
1254 685 1327 755 ’ἂν
1351 683 1439 753 εἴη
1468 684 1561 736 καὶ
1583 681 1905 752 ὀνομάζοιτο

332 779 452 840 τοῖς
479 778 576 831 ὑπ’
601 777 771 832 αὑτοῦ
800 778 1191 848 σεσωσμένοις’
1219 777 1311 830 καὶ
1327 776 1535 845 τιμῷτο
1563 772 1695 843 παρ’
1727 773 1907 827 αὐτῶν

336 872 478 939 μετὰ
506 869 569 922 τὸ
618 869 809 929 Θεῖονν
837 869 1085 933 εἰκότως,
1129 869 1225 921 καὶ
1273 869 1373 930 τὰς
1415 869 1653 935 μείζους,
1704 864 1908 926 αἵτινές

334 960 458 1015 ποτ’
482 961 551 1015 ἂν
602 956 711 1015 εἷεν
738 961 772 1031 ἢ
805 960 1107 1031 νομίζοιντο
1144 959 1277 1030 παρ’
1317 959 1649 1029 ἀνθρώποις,
1694 956 1910 1021 δέξαιτο

333 1072 362 1106 τ
373 1071 519 1125 ιμας.

408 1233 566 1302 Ἔχει
614 1249 701 1295 τις
751 1233 884 1301 ἡμῖν
952 1230 1250 1301 προφέρειν
1306 1229 1407 1300 τὴν
1455 1228 1662 1301 σκηνὴν
1699 1230 1796 1284 καὶ
1841 1230 1903 1283 τὸ

334 1323 704 1392 προσωπεῖον.
739 1324 810 1376 0)
841 1324 948 1392 μήν
968 1330 1043 1389 ’γε
1077 1323 1185 1393 ὅτῳ
1221 1322 1440 1392 μέτεστι
1473 1322 1586 1374 νοῦ·
1620 1322 1733 1375 οὐδ’
1759 1323 1815 1386 ὅς
1836 1321 1903 1375 ἂν

330 1410 441 1466 οἶδε
474 1401 685 1483 κρίνειν
709 1414 905 1484 ὀρθῶς,
939 1413 1148 1484 βλέπων
1181 1414 1278 1482 οὐχ
1312 1414 1498 1477 ἁπλῶς
1525 1415 1604 1478 είς
1636 1415 1732 1479 τὰς
1759 1415 1902 1484 πρά-

334 1506 470 1570 ξεις,
509 1505 630 1559 ἀλλ’
683 1508 764 1569 είς
812 1510 911 1575 τὴν
953 1505 1047 1559 τοῦ
1103 1506 1435 1575 πράττοντος
1492 1505 1757 1576 γνώμην·
1808 1507 1904 1561 καὶ

331 1598 472 1659 ὅλως
502 1613 587 1664 γε,
618 1598 688 1650 δι’
710 1590 786 1652 ὧν
820 1596 885 1650 ἂν
914 1598 1001 1666 εῖη
1053 1596 1217 1651 καλὸν
1247 1600 1482 1666 φανῆναι
1540 1597 1600 1649 τὸ
1627 1597 1780 1660 τέλος·
1811 1597 1906 1651 καὶ

336 1687 414 1755 μὴ
441 1685 710 1748 τοιοῦτον,
743 1688 792 1738 εί
833 1685 914 1738 δεῖ
958 1684 1237 1755 συντόμως
1280 1687 1477 1738 εἰπεῖν.
1528 1686 1601 1737 Οὐ
1650 1686 1758 1755 γὰρ
1788 1686 1816 1738 ὅ
1841 1702 1903 1755 γε

336 1775 530 1844 λέληθέ
556 1792 710 1839 τινας
739 1775 1142 1845 πραττόμενον,
1163 1773 1307 1828 τοῦτ’
1338 1775 1501 1838 εὐθὺς
1532 1774 1591 1828 ἐν
1617 1792 1725 1828 τινι
1765 1775 1903 1845 μέμυ

334 1867 453 1936 ψειο
484 1867 598 1920 ἀλλ’
630 1867 743 1920 ἐστι
771 1868 864 1920 καὶ
899 1866 1166 1937 κρυϐῆναι
1196 1868 1380 1931 καλὸν,
1425 1869 1534 1921 κάκ
1561 1867 1669 1921 τῶν
1709 1868 1902 1939 κομιδῆ

338 1961 703 2030 φιλουμένων,
726 1959 846 2013 δέον
867 1959 928 2013 δν
962 1959 1107 2014 οὕτω
1150 1961 1427 2029 γενέσθαι.
1483 1961 1572 2023 Ὠς
1608 1962 1717 2032 γὰρ
1751 1961 1903 2014 οὐδὲν

335 2050 495 2122 οἶμαι
524 2052 709 2116 καλὸν,
739 2055 834 2106 καὶ
867 2053 976 2106 τῶν
1005 2052 1079 2117 ὼς
1128 2055 1365 2124 μάλιστα
1403 2053 1582 2107 καλῶν
1628 2070 1907 2126 μεμαρτυ-

338 2145 617 2214 ρημένων,
645 2143 740 2198 ἐὰν
772 2144 846 2215 μὴ
878 2144 1083 2210 καλῶς,
1115 2146 1142 2198 ὅ
1170 2162 1327 2213 φασι,
1356 2146 1600 2215 γένηταιο
1640 2143 1782 2199 οὕτω
1811 2146 1907 2199 καὶ

332 2237 525 2294 πάντα
548 2234 707 2301 καλὰ,
730 2231 805 2289 ὧν
826 2235 993 2299 ἄν’τις
1011 2237 1148 2306 μετὰ
1170 2237 1339 2306 καλῆς
1360 2238 1596 2301 διανοίας
1611 2237 1905 2308 ἐφάψαιτο,

335 2337 394 2388 εἴ
418 2353 504 2398 τις
528 2337 589 2399 ἐς
615 2331 716 2407 τὴν
735 2330 894 2388 τοῦτο
926 2331 1157 2403 γνώμην
1185 2332 1357 2403 δρῴῖ.
1402 2334 1509 2386 Καὶ
1545 2332 1719 2386 ταῦτα
1762 2333 1906 2401 λέγω

334 2428 471 2498 περὶ
498 2427 604 2480 τῶν
649 2429 818 2494 φίλων
841 2442 855 2456 ·
887 2427 1016 2496 περὶ
1039 2423 1149 2496 γὰρ
1181 2425 1293 2479 τῶν
1314 2422 1543 2496 ἐχθρῶν
1591 2426 1645 2479 τί
1674 2426 1780 2497 χρὴ
1810 2428 1907 2481 καὶ

336 2519 545 2587 λέγειν,
580 2516 676 2582 οὓς
703 2518 769 2586 ῆν
818 2518 1107 2587 ἀπατήσας
1136 2518 1489 2588 τροπώσηταί
1520 2535 1604 2580 τις
1636 2520 1785 2589 νόμῳ
1814 2535 1911 2571 πο-

332 2612 533 2681 λέμου,
598 2610 801 2681 μᾶλλον
855 2613 1184 2676 ἐπαινεῖται,
1236 2612 1268 2681 ἢ
1329 2612 1577 2680 φανερῶς
1627 2615 1909 2679 κρατήσας

332 2702 558 2769 abstini;
614 2703 838 2765 ἐκείνως
874 2703 973 2772 μὲν
1028 2704 1139 2772 γὰρ
1187 2700 1386 2772 ζημίας
1421 2704 1547 2757 ἄνευ
1594 2706 1628 2773 ἠ
1680 2703 1802 2771 νίκη
1832 2702 1910 2771 τῷ

335 2792 657 2863 στρατηγῷσ
686 2793 829 2845 οὕτω
854 2793 911 2846 δέ
947 2792 1178 2855 πολλοὺς
1204 2794 1417 2862 ἀνάγκη
1444 2793 1553 2844 τῶν
1598 2792 1744 2845 ίδίων
1774 2794 1911 2845 ἀπο‹

332 2885 552 2939 ϐαλεῖν.
584 2886 693 2938 Καί
723 2903 813 2955 μοι
842 2887 979 2956 πρὸς
1007 2885 1182 2940 ταῦτα
1224 2888 1614 2956 συμμαρτυρεῖ
1641 2886 1735 2937 καὶ
1767 2885 1909 2938 ίστο-

330 2975 437 3045 ρία
459 2977 553 3030 καὶ
593 2976 831 3046 ποίησις,
869 2978 963 3029 καὶ
994 2978 1156 3046 γέμει
1185 2976 1295 3030 τῶν
1342 2977 1599 3032 τοιούτων
1628 2977 1662 3048 ἥ
1700 2995 1758 3031 τε
1793 2978 1912 3049 ίερά

2010 502 2176 556 Scitis
2206 515 2345 570 quos
2369 513 2634 561 vestrum.
2668 502 2809 555 male
2833 503 3013 555 Verbis
3044 518 3106 555 ac
3142 502 3302 556 Iebus
3335 499 3573 562 habitos,

2009 593 2092 647 vir
2144 593 2576 647 contumeliosus
2636 594 2902 647 emiserit.
2941 593 3048 648 Res
3100 608 3250 663 ergo,
3280 593 3389 646 Deo
3435 593 3576 645 bene

2009 684 2253 752 auspice,
2289 684 2491 737 bonum
2554 679 2772 753 accepit
2824 686 3006 746 finem,
3056 666 3364 748 evenitque,
3429 683 3572 750 quod

2010 772 2389 841 precabamur.
2429 773 2535 841 Qui
2568 792 2732 844 porro
2758 776 2837 830 sic
2866 777 3002 829 bene
3035 790 3145 828 rem
3160 774 3348 844 gessit,
3377 788 3566 828 eorum

2014 867 2208 921 merito
2231 868 2415 922 audiat
2457 871 2716 933 salvator,
2765 868 2966 939 quibus
3000 883 3120 923 eam
3150 869 3379 923 salutem
3411 868 3571 933 ferit;

2011 968 2173 1028 atque
2214 972 2335 1028 post
2370 961 2535 1014 Deum
2571 962 2639 1014 ab
2682 961 2786 1028 eis
2820 962 3139 1024 honoretnr,
3199 962 3566 1027 maioresque.

2016 1060 2075 1102 ut
2106 1050 2199 1102 ιιιΙὶ
2249 1051 2384 1105 tales
2438 1052 2719 1105 hominum
2762 1052 2943 1105 studio
2974 1050 3174 1105 fuerint
3202 1064 3441 1118 unquam
3482 1058 3576 1102 aut

2011 1150 2291 1211 putentur,
2337 1144 2574 1197 honores
2594 1143 2844 1212 accipiat.

2083 1232 2164 1286 Sit
2194 1247 2320 1287 vero
2359 1234 2451 1303 qui
2494 1246 2754 1304 opponat.
2800 1235 3036 1304 quadam
3100 1248 3210 1287 rem
3258 1231 3576 1302 deceptione

2008 1334 2213 1394 gestam
2251 1341 2315 1381 ac
2344 1340 2436 1395 per
2463 1340 2706 1379 srenam.
2728 1326 2887 1387 Haud
2905 1326 3181 1380 enimvero
3207 1327 3403 1394 utqnis
3429 1339 3576 1377 suum

2010 1414 2075 1467 sit
2109 1416 2308 1469 mentis
2347 1430 2411 1469 ac
2471 1426 2617 1470 recte
2651 1418 2979 1470 sententiam
3033 1415 3179 1471 ferre
3237 1416 3379 1471 sciat
3428 1432 3443 1481 ;
3480 1416 3572 1485 qui

2013 1505 2295 1567 nimirum,
2331 1507 2528 1560 nedum
2579 1508 2902 1575 simpliciter
2927 1509 2979 1562 in
3021 1524 3106 1562 res
3147 1523 3268 1577 qua:
3301 1516 3561 1578 aguntur,

2012 1597 2107 1650 sed
2137 1607 2193 1651 et
2222 1598 2436 1652 abunde
2468 1600 2520 1651 in
2556 1600 2794 1652 animum
2837 1600 3072 1669 agentis,
3121 1616 3186 1654 ac
3237 1601 3464 1654 omniu‘o
3515 1608 3574 1652 ut

2011 1691 2176 1743 verbo
2206 1690 2409 1755 dicam,
2463 1690 2517 1744 in
2580 1706 2666 1756 ea,
2717 1692 2918 1762 quilrus
2975 1692 3097 1746 finis
3143 1692 3340 1746 habeat
3401 1691 3570 1746 rideri

2007 1782 2201 1849 boans,
2238 1793 2334 1837 aut
2367 1798 2473 1837 non
2501 1786 2704 1849 bonus,
2759 1785 3137 1854 aspiciendum
3171 1785 3393 1839 sentiat.
3462 1782 3573 1839 Nec

2006 1874 2150 1927 enim
2191 1875 2347 1944 cujus
2375 1876 2596 1943 gerendi
2632 1876 2775 1929 ratio
2808 1882 3071 1947 quosdam
3097 1877 3249 1940 latet,
3276 1878 3329 1931 in
3359 1876 3570 1931 crimen

2007 1965 2187 2020 statim
2240 1969 2542 2023 vocandum
2564 1969 2636 2024 sit
2666 1986 2680 2023 :
2721 1969 2853 2035 quin
2888 1971 2956 2025 iis
2976 1984 3215 2040 quoque,
3253 1984 3392 2040 quos
3419 1968 3576 2024 valde

2006 2056 2210 2112 amicos
2244 2058 2529 2124 habemus,
2554 2074 2950 2130 nonnunquam
2979 2060 3266 2115 consilium
3297 2060 3574 2114 occultare

2008 2155 2251 2217 praestet.
2284 2145 2355 2202 Ut
2397 2148 2543 2203 enim
2583 2149 2718 2204 nihil
2741 2150 2967 2217 bonum,
3027 2151 3110 2205 vel
3146 2150 3192 2205 si
3245 2150 3398 2204 dicas
3452 2162 3575 2219 quas

2008 2238 2244 2293 maxime
2272 2248 2537 2307 putantur
2571 2242 2732 2307 bona.
2759 2241 2862 2295 nisi
2916 2251 2973 2296 ut
3018 2240 3193 2304 aiunt,
3228 2240 3367 2294 bene
3417 2241 3511 2294 liat
3558 2256 3573 2291 :

2009 2334 2090 2388 sic
2131 2343 2187 2388 et
2238 2317 2619 2390 omnia'hona
2677 2336 3010 2399 existimem,
3051 2343 3204 2389 utea
3247 2334 3372 2404 quis
3430 2333 3576 2387 bono

2009 2425 2196 2480 animo
2213 2427 2565 2496 aggrediatur
2606 2444 2621 2492 ;
2654 2429 2823 2497 quod,
2858 2428 3107 2497 inquam,
3130 2428 3197 2481 ad
3254 2429 3373 2495 ejus
3404 2425 3575 2487 animi

2010 2517 2348 2589 propositum
2404 2520 2621 2573 attinet.
2685 2517 2811 2573 llaec
2873 2519 3020 2586 dico,
3074 2519 3219 2589 quod
3271 2528 3479 2588 spectat
3510 2519 3576 2572 ad

2011 2614 2267 2667 amicos:
2314 2613 2442 2681 quid
2507 2612 2651 2665 enim
2700 2612 2769 2667 de
2799 2611 3051 2666 hostibus
3087 2612 3234 2666 dicto
3294 2612 3368 2667 sit
3421 2626 3576 2680 opus,

2010 2720 2149 2773 quos
2180 2704 2378 2773 utquis
2398 2703 2616 2757 licentia
2634 2703 2828 2758 bellica
2851 2703 3206 2773 decipiensin
3240 2690 3423 2772 fugam
3456 2713 3581 2772 agat

2012 2796 2330 2864 fundatque,
2366 2795 2627 2870 majorem
2661 2805 3027 2864 consequatur
3080 2795 3332 2864 gloriam,
3413 2811 3576 2866 quam

2013 2895 2072 2940 ut
2103 2895 2295 2957 aperto
2340 2896 2515 2940 marte
2565 2888 2887 2949 decernens,
2939 2885 3180 2940 obtineat
3230 2889 3374 2956 quod
3433 2890 3581 2956 prior

2016 2976 2234 3045 quidem
2264 2976 2518 3036 Victoria,
2563 2974 2709 3029 nulla
2741 2974 2952 3044 jactura
2974 2975 3292 3044 imperatori
3325 2985 3578 3040 constet;

330 3067 540 3139 Γραφῂ
561 3070 656 3122 καὶ
682 3070 748 3121 τὰ
768 3069 880 3121 τῶν
910 3070 1160 3141 ρητόρων
1186 3070 1279 3122 καὶ
1296 3069 1603 3138 φιλοσόφων
1632 3072 1911 3140 συγγράμ-

2017 3067 2083 3122 ad
2152 3067 2511 3135 posteriorem
2561 3074 2743 3121 autem
2806 3080 3033 3120 necesse
3090 3066 3286 3120 habeat
3351 3082 3618 3130 suorum.

331 3176 517 3230 ματα.
550 3158 672 3213 Ὀτι
700 3158 873 3213 δὲκαὶ
899 3160 1034 3227 πρὸς
1069 3160 1196 3222 τοὺς
1224 3159 1324 3227 οὐκ
1351 3160 1576 3229 ἐχθροὺς
1609 3161 1766 3224 ὄντας
1797 3162 1908 3226 ἔξεο

332 3269 432 3304 στι
460 3251 701 3305 τοιοῦτόν
729 3267 785 3304 τι
826 3251 1110 3320 πράττειν,
1147 3252 1176 3303 ὁ
1219 3249 1333 3320 βίος
1378 3244 1533 3315 οὗτος
1584 3252 1729 3316 ἅπας
1762 3253 1908 3307 συνί-

318 3356 558 3421 στησιν.
582 3337 739 3394 Οὕτω
769 3339 879 3410 γὰρ
901 3339 997 3419 καὶ
1025 3340 1220 3410 ίατροὶ,
1240 3341 1335 3392 καὶ
1358 3340 1556 3403 πάντες
1581 3336 1661 3404 οἷς
1691 3341 1908 3411 βοηθεῖν

330 3415 497 3485 ἐστιν
542 3431 722 3503 ἔργον,
772 3415 1033 3494 πολλάκις
1080 3432 1524 3502 διαπράττονται,
1558 3432 1621 3484 τὸ
1665 3434 1909 3486 συνοῖσον

331 3523 704 3592 ἐργαζόμενοι
738 3523 915 3577 πάντα
945 3525 1182 3595 τρόπον·
1214 3524 1309 3577 καὶ
1340 3522 1523 3593 εὕροις
1553 3524 1619 3577 ἂν
1666 3524 1908 3593 ζητήσας

336 3616 671 3683 προσωπεῖα
701 3614 1095 3685 περιθεμένους
1126 3615 1228 3668 οὐκ
1275 3614 1494 3682 ὀλίγους
1537 3613 1646 3665 τῶν
1675 3614 1912 3684 ἀρίστων

330 3704 576 3774 ἀνδρῶν,
595 3704 741 3758 ῶστέ
767 3705 1040 3775 μεγίστων
1060 3705 1156 3760 καὶ
1179 3698 1465 3777 προδήλων
1493 3705 1679 3759 κακῶν
1714 3705 1848 3775 ρυσθ
1859 3707 1917 3774 ῆ-

332 3811 459 3859 ναι,
496 3796 590 3848 καί
622 3813 725 3849 που
756 3796 852 3849 καὶ
892 3799 1078 3867 τυχεῖν
1108 3797 1352 3865 ἀγαθῶν,
1395 3796 1564 3868 χωρὶς
1597 3796 1691 3849 τοῦ
1723 3813 1917 3865 πειρα-

335 3887 515 3962 οῇναι
561 3887 749 3941 δεινῶν
791 3888 1036 3951 ἐκείνους
1068 3889 1196 3953 τοὺς
1228 3890 1288 3943 οὐ
1343 3888 1529 3952 κακῶς
1561 3888 1917 3960 ἐξηπατημέ-

333 3998 495 4044 νους,
526 3980 711 4049 φίλους
744 3996 809 4049 γε
834 3980 1017 4035 ὄντας.

2015 3159 2199 3229 plures
2230 3159 2500 3213 amittere.
2528 3157 2711 3214 Habeo
2736 3158 2934 3211 asserti
2966 3168 3227 3226 patronos
3260 3173 3382 3212 cum
3403 3158 3582 3214 histo-

2015 3252 2176 3316 riam,
2217 3260 2329 3305 tum
2370 3251 2575 3321 poesim
2601 3266 2617 3316 ;
2644 3260 2880 3319 suntque
2910 3249 3066 3319 plena
3100 3249 3368 3319 ejusmodi
3394 3265 3582 3306 exem-

2017 3342 2119 3410 plis
2139 3356 2262 3394 cum
2297 3341 2581 3410 Scriptura
2608 3356 2787 3403 saeta,
2834 3350 2950 3395 tum
2985 3348 3268 3396 oratorum
3306 3355 3371 3396 ac
3393 3340 3576 3412 philo-

2014 3435 2311 3501 sephorum
2348 3434 2578 3500 scripta.
2631 3429 2698 3486 Ut
2727 3441 2908 3487 autem
2962 3432 3018 3486 in
3075 3447 3169 3487 eos
3213 3446 3428 3500 quoque
3486 3433 3580 3503 qui

2014 3539 2123 3578 non
2156 3534 2283 3592 sunt
2312 3524 2496 3578 hostes
2519 3523 2724 3592 aliquid
2764 3522 3036 3593 ejusmodi
3087 3524 3361 3579 committi
3392 3523 3584 3590 possit,

2012 3616 2302 3668 universus
2335 3613 2518 3669 seculi
2564 3628 2700 3670 usus
2752 3615 3062 3671 confirmat.
3102 3614 3194 3670 Sic
3235 3616 3382 3670 enim
3423 3615 3584 3669 etiam

2012 3705 2233 3768 medici,
2269 3720 2334 3760 ac
2385 3706 2627 3761 universi
2659 3706 2852 3776 juvare
2915 3707 3204 3768 habentes,
3265 3705 3408 3761 haud
3458 3719 3587 3759 raro

2014 3799 2272 3865 habeant,
2308 3800 2443 3853 nihil
2476 3814 2586 3852 non
2620 3809 2865 3868 agentes,
2899 3807 2958 3852 ιιι
2987 3798 3133 3867 quod
3165 3799 3240 3853 sit
3296 3799 3451 3859 utile,
3504 3795 3584 3848 fa—

2017 3892 2166 3947 ciant
2204 3899 2437 3960 ;atque-
2469 3898 2528 3945 ιιι
2576 3890 2803 3958 adjicias
2853 3890 3119 3951 animum.
3176 3890 3423 3963 invenias
3473 3903 3581 3940 nun

2021 3999 2222 4052 paucos
2252 3982 2400 4036 viros
2462 3981 2722 4050 optimos,
2765 3994 3023 4048 personas
3059 3972 3425 4040 assumen'tcs,
3480 3994 3589 4043 qun

333 4075 450 4133 sibi
483 4076 623 4129 bene
650 4077 905 4145 deceptos
924 4074 1130 4129 amicos
1175 4088 1205 4127 a
1233 4072 1485 4127 maximis
1509 4087 1572 4127 ac
1618 4073 1921 4142 perspicuis
1965 4076 2122 4130 malis
2184 4075 2399 4145 possint
2463 4072 2695 4142 eripere.
2750 4079 2914 4140 atque
2971 4083 3031 4125 ut
3109 4070 3185 4124 ilti
3229 4069 3445 4125 tandem
3485 4071 3589 4125 ali-

333 4167 570 4239 quando
598 4169 859 4223 malorum
877 4167 1118 4238 periculo
1133 4168 1394 4237 exempti,
1422 4168 1564 4221 bona
1609 4170 1913 4223 obtineant.

419 4262 497 4317 οὐ
532 4260 640 4330 μὴν
669 4260 804 4313 ἀλλὰ
833 4261 930 4314 καὶ
958 4259 1189 4323 πολλούς
1216 4276 1369 4322 τινας
1398 4260 1640 4329 ἀγαθοὺς
1668 4262 1764 4315 καὶ
1796 4262 1920 4315 νοῦν

2098 4259 2205 4315 Sed
2237 4268 2289 4312 et
2316 4258 2461 4311 viros
2491 4256 2675 4326 plures
2707 4255 2845 4324 frugi
2898 4269 2962 4309 ac
2994 4253 3281 4325 prudentia
3324 4265 3592 4321 praestan-

338 4353 578 4423 ἔχοντας
632 4352 765 4415 [δοις
832 4352 901 4405 ἂν
952 4351 1160 4422 ἑτέροις
1222 4352 1624 4423 παραινοῦντας
1693 4352 1911 4407 τοιαῦτα

2030 4363 2130 4411 tes.
2158 4351 2403 4418 haecipsa
2436 4349 2559 4402 aliis
2574 4348 2863 4402 consulere
2902 4347 3110 4411 videas,
3146 4363 3267 4399 cum
3305 4362 3390 4400 res
3412 4347 3587 4402 ferat:

338 4447 640 4515 πράττειν,
671 4442 814 4496 οὕτω
844 4443 1045 4513 δεῆσαν
1073 4460 1085 4471 ·
1122 4444 1216 4497 καὶ
1244 4442 1310 4497 αὖ
1342 4445 1560 4513 ἐτέρους
1608 4444 1749 4497 οὕτω
1784 4444 1911 4498 02o-

2028 4446 2216 4514 sicque
2249 4442 2387 4497 alios
2434 4440 2690 4494 demirari
2723 4440 2814 4509 qui
2848 4441 2929 4494 sic
2973 4440 3205 4510 egerint,
3248 4450 3385 4493 utet
3440 4455 3589 4509 gesta
3649 4488 3657 4495 .

346 4536 639 4607 μὰζοντας
687 4536 816 4597 τοὺς
864 4536 1316 4604 ἐργασαμένους,
1353 4535 1427 4598 ὡς
1477 4537 1569 4590 καὶ
1624 4538 1911 4605 συγγραφῇ

2027 4538 2080 4591 in
2108 4532 2530 4594 commentarios
2571 4522 2829 4587 referant.
2855 4534 2990 4588 Cum
3024 4531 3104 4585 sic
3131 4538 3260 4600 ergo
3289 4533 3403 4587 haec
3424 4533 3592 4586 halte-

343 4628 697 4697 παραδοῦναι
720 4627 791 4680 τὰ
818 4627 1207 4696 πεπραγμένα.
1253 4626 1384 4681 Ὅτε
1429 4627 1611 4679 τοίνυν
1638 4628 1793 4680 ταῦθ’
1825 4625 1911 4679 οὓ-

2023 4639 2139 4694 aut,
2170 4628 2434 4696 multique
2470 4626 2629 4681 nobis
2669 4640 2793 4680 cum
2818 4612 3167 4687 recentiores,
3207 4633 3321 4677 tum
3355 4626 3589 4692 antiqui,

341 4736 459 4783 τως
489 4720 625 4788 ἔχει,
660 4719 757 4771 καὶ
795 4717 1027 4780 πολλοὺς
1061 4718 1381 4788 κεκτήμεθα
1405 4720 1517 4772 τῶν
1554 4737 1612 4771 τε
1643 4719 1911 4790 νεωτέρωι

2020 4720 2212 4774 multis
2268 4716 2630 4786 astipulentur
2687 4714 2886 4777 modis,
2943 4714 3161 4782 planum
3214 4713 3294 4778 fit,
3346 4723 3589 4767 nostram

346 4811 448 4866 καὶ
474 4809 584 4863 τῶν
629 4808 1004 4881 παλαιοτέρων
1036 4808 1251 4872 πολλοῖς
1292 4826 1404 4863 τισι
1438 4810 1659 4879 τρόποις
1694 4827 1911 4880 συνηγο-

2027 4810 2293 4872 fabulam,
2328 4809 2536 4878 optime
2572 4807 2792 4876 quidem
2842 4805 3216 4867 adiuventam.
3280 4807 3593 4875 optimeque

349 4902 586 4971 ροῦντας
619 4899 701 4969 τῷ
742 4904 1053 4972 πράγματι,
1081 4901 1326 4971 δηλονότι
1360 4902 1419 4953 τὸ
1453 4903 1724 4972 ἡμέτερον
1766 4902 1911 4955 τοῦτι

2026 4902 2223 4965 lusam,
2254 4902 2571 4969 optimoque
2600 4898 2957 4953 nihilominus
2990 4906 3189 4952 eventu
3232 4884 3594 4953 consumma-

343 4995 563 5065 δρᾶμα,
602 4993 802 5063 ἄριστα
848 4992 948 5063 μὲν
988 4991 1290 5061 διανοηθὲν,
1336 4991 1533 5060 ἄριστα
1562 4992 1617 5045 δὲ
1658 4991 1911 5062 πραχθὲν,

2030 4992 2388 5055 tam,uedum
2421 4989 2557 5044 nulli
2579 4989 2776 5042 merito
2826 4987 3244 5056 reprehensioni
3297 4986 3592 5040 obnoxiam

342 5089 551 5155 ἄριστα
574 5085 633 5137 δέ
665 5084 859 5149 ἐκϐὰν,
893 5086 955 5137 οὐ
988 5085 1153 5153 μόνον
1175 5083 1328 5135 οὐδὲν
1362 5082 1430 5136 ἂν
1460 5083 1685 5145 εἰκότως
1714 5083 1911 5147 δέξαιτι

2028 5085 2224 5147 videri,
2248 5084 2337 5137 sed
2356 5092 2409 5137 et
2433 5081 2713 5151 praeclaris
2745 5081 2998 5134 laudibus
3027 5094 3150 5133 esse
3206 5079 3455 5145 dignam.
3482 5076 3590 5131 Vo-

350 5178 585 5248 μέμψιν,
616 5175 752 5228 ἀλλὰ
776 5177 870 5229 καὶ
906 5175 1032 5234 τοὺς
1067 5173 1289 5241 μείζους
1340 5174 1620 5233 ἐπαίνους.
1666 5171 1928 5244 Ὠφέλησε

346 5269 454 5337 μὲν
490 5268 600 5336 γὰρ
629 5266 803 5335 ὑμᾶς,
827 5264 1029 5334 ἐὸλαψε
1059 5264 1115 5318 δὲ
1142 5266 1271 5326 τοὺς
1301 5263 1554 5334 ἐχθροὺς,
1586 5265 1712 5331 τοὺς
1755 5267 1810 5319 δέ
1844 5269 1931 5336 φί-

348 5360 477 5422 λους
507 5359 663 5413 οὐδὲν
693 5358 1026 5427 ἐζημίωσεν.
1083 5356 1260 5409 Ὀκνῶ
1290 5359 1398 5426 γὰρ
1423 5357 1621 5418 εἰπεῖν,
1654 5357 1729 5420 ὡς
1759 5357 1851 5410 καί
1878 5375 1931 5411 τι

353 5452 818 5522 προσεκέρδανον,
837 5451 994 5503 αὐτοὶ
1022 5450 1118 5515 μὲν
1136 5448 1287 5509 ὄντες
1306 5450 1357 5500 oi
1382 5448 1474 5510 τὰ,
1498 5448 1746 5513 δαπάνας
1772 5467 1932 5520 ποιη-

355 5544 590 5611 σαμενοι
612 5541 726 5595 τῶν
769 5540 1028 5603 ὁπλιτῶν,
1074 5539 1183 5591 τῶν
1220 5543 1485 5608 τριὴρων,
1511 5539 1620 5591 τῶν
1650 5540 1826 5593 ἄλλων
1859 5533 1934 5594 ὧν

355 5633 646 5688 ἐϐούλοντο
698 5632 950 5684 πάντων
997 5631 1149 5684 αὐτοὶ
1182 5631 1240 5682 δὲ
1277 5631 1437 5682 πάλιν
1489 5632 1537 5682 οί
1593 5630 1934 5701 λογιζόμενοι

359 5724 588 5789 ταύτας,
633 5725 720 5794 ὡς,
761 5719 829 5793 ἦν
884 5722 1069 5785 αὐτοῖς
1125 5720 1497 5791 βουλομένης,
1533 5719 1712 5791 ἇσπερ
1770 5723 1935 5791 ἡμεῖς

2032 5179 2116 5233 bis
2142 5192 2276 5232 sane
2299 5162 2591 5230 commodo
2613 5173 2740 5239 fuit,
2773 5174 3024 5227 hostibus
3042 5179 3224 5224 autem
3246 5171 3470 5233 damno,
3498 5183 3599 5222 nec

2032 5272 2327 5340 quidquam
2362 5268 2601 5337 denique
2625 5267 2822 5320 amicis
2844 5265 3203 5318 detrimento.
3232 5261 3384 5330 Piget
3416 5259 3589 5319 enim,

2035 5372 2167 5417 utet
2203 5360 2342 5414 lucri
2377 5360 2587 5429 aliquid
2614 5367 2924 5427 reportasse
2946 5356 3127 5408 dicam
3157 5372 3172 5407 :
3210 5358 3304 5422 qui
3332 5353 3434 5421 ipsi
3461 5365 3599 5420 quas

2035 5451 2292 5505 fecissent
2317 5462 2584 5517 expensas
2625 5448 2677 5498 in
2726 5444 2998 5513 stipendia
3034 5444 3289 5505 militum,
3347 5441 3600 5496 triremes

2036 5540 2379 5596 adornandas
2426 5554 2491 5593 ac
2537 5537 2806 5605 reliquum
2873 5536 2997 5590 belli
3041 5545 3386 5604 apparatum,
3439 5548 3601 5604 quem

2036 5633 2365 5697 Voluissenl,
2388 5648 2490 5685 suo
2529 5629 2876 5700 postmodum
2920 5630 3190 5684 arbitratu
3221 5635 3602 5697 romputautes

2044 5723 2365 5794 receperint,
2402 5723 2559 5780 nobis
2596 5725 2801 5789 integre
2826 5720 3199 5784 reddentibus,
3236 5735 3295 5775 ac
3333 5734 3400 5774 ne
3431 5720 3599 5773 missa
3702 5719 3707 5725 '
