4024 6210
465 325 572 388 Εἰεό

1649 303 2046 366 MANUELIS
2093 297 2542 359 ΡΑιμιῑυωιῑι

3600 291 3702 354 Elii

464 443 606 484 trum
648 427 978 485 dominium.
1005 425 1248 478 Duorum
1279 422 1422 478 enim
1456 422 1824 491 ingruentium
1865 418 2032 470 malo-
2063 449 2073 473 ε

2180 412 2386 479 ημένην
2417 408 2602 460 λοιπὶν
2632 405 2908 470 δέξασθαι,
2958 405 3164 456 Ἐὄῧκει
3198 403 3379 456 τοίνυν
3411 398 3549 456 εἶναι
3588 403 3708 472 βελ-

466 539 608 582 rum.
643 522 842 577 melius
875 519 1026 584 illud,
1060 519 1204 586 quod
1243 533 1349 571 non
1377 517 1551 586 pejus,
1574 515 1730 584 juxta
1764 510 1903 581 quod
1940 509 2036 561 ha-

468 621 555 670 bet
597 618 785 670 tritum
834 614 1108 680 adagium.
1159 611 1429 676 Quocirca
1475 615 1838 676 praeoptatum
1891 600 2037 671 quod

469 713 663 773 levius,
699 721 863 778 atque
891 707 941 761 id
972 706 1139 758 multa
1179 692 1540 772 ingenuitate,
1565 699 1852 768 plenisque
1885 693 2038 780 boni-

469 815 576 858 tate
611 803 880 856 tutoribus.
913 799 980 854 Ut
1012 797 1265 850 Fratrum
1307 795 1381 847 illi
1427 791 1793 846 dominationi
1829 789 2040 842 manci-

470 897 582 964 pari
618 897 841 956 vellent,
887 892 1246 945 constitutum
1299 887 1531 940 habebat
1566 886 1870 950 indulgere,
1905 881 2038 935 nihil

472 986 615 1038 facto
641 997 972 1038 succensens
999 998 1013 1044 ;
1047 982 1278 1033 fundens
1300 994 1429 1030 vero
1457 980 1523 1030 ab
1545 979 1722 1030 oculis
1749 977 2040 1045 lacrymas.

473 1091 584 1132 tum
608 1086 830 1146 propter
853 1077 1144 1128 charoruin
1169 1088 1196 1124 a
1223 1088 1281 1124 se.
1304 1071 1726 1136 scparationem,
1758 1077 1869 1121 tum
1897 1066 2044 1134 quod

474 1171 590 1224 suis
623 1185 719 1238 pro
750 1169 814 1219 iis
839 1165 1100 1234 periculis
1129 1165 1402 1232 sospitare
1426 1179 1530 1216 non
1558 1173 1762 1231 posset.
1789 1159 1879 1214 Sic
1897 1160 2044 1213 enim

477 1269 732 1332 parentes
763 1274 983 1327 quoque
1018 1269 1396 1324 comparatum
1426 1256 1651 1316 habent,
1685 1269 1809 1306 cum
1837 1251 2049 1305 charis-

477 1357 614 1410 sima
653 1354 879 1422 pignora
909 1351 1163 1419 ablegant
1195 1350 1246 1401 in
1277 1351 1533 1409 alienam,
1556 1347 1698 1414 quod
1727 1345 1829 1398 nisi
1861 1344 2048 1413 sejun-

478 1450 583 1500 ctis
607 1447 676 1499 ab
711 1444 945 1497 invicem
979 1444 1128 1496 salus
1163 1457 1270 1493 non
1306 1448 1544 1494 constet.
1585 1439 1680 1491 Sin
1707 1446 1891 1491 autem
1941 1452 2048 1490 me-

481 1537 614 1588 liora
639 1535 926 1601 eligerent,
949 1541 1008 1584 ut
1037 1530 1292 1582 nimirum
1320 1545 1468 1592 spem
1498 1529 1689 1581 bonam
1713 1526 2050 1595 praetenden-

482 1641 583 1694 tes,
621 1628 818 1682 bellum
849 1629 1224 1680 instaurarent
1257 1624 1522 1677 adversus
1552 1621 1846 1682 Barbaros,
1875 1635 1940 1673 ac
1970 1619 2052 1673 vel

483 1713 848 1790 Deo'auspice
877 1721 1184 1781 vincerent,
1236 1718 1318 1770 vel
1356 1731 1452 1785 pro
1505 1715 1760 1769 libertate
1794 1729 1858 1768 ac
1882 1712 2051 1783 gloria

484 1825 808 1882 pugnantes,
840 1812 1024 1880 gravia
1051 1825 1284 1879 quaeque
1313 1810 1634 1869 tolerarent,
1673 1806 1895 1859 laudare
1926 1820 2058 1859 con-

486 1908 692 1969 silium,
731 1922 794 1959 ac
828 1921 926 1974 pro
961 1905 1172 1957 viribus
1202 1905 1465 1965 excitare,
1501 1901 1776 1971 simulque
1808 1901 2056 1969 polliceri

489 2016 594 2051 una
640 1998 1142 2060 commoriturum;
1191 2011 1252 2048 ac
1288 2009 1414 2048 vero
1453 1994 1688 2048 alacrem
1735 1993 1890 2047 valde
1920 2007 2060 2062 pra:-

493 2098 664 2153 stare,
704 2089 814 2143 illis
843 2094 1200 2156 prateuntem.

561 2307 663 2373 Qui
699 2307 777 2360 sic
801 2322 930 2373 ergo
961 2305 1130 2359 animi
1163 2306 1406 2369 haberet,
1437 2320 1556 2359 cum
1582 2306 1726 2376 quod
1763 2316 1975 2376 spectat
1998 2308 2064 2360 ad

493 2401 699 2468 ipsum,
731 2408 843 2451 tum
889 2400 1029 2466 quod
1073 2398 1136 2450 ad
1169 2413 1321 2464 suos,
1353 2399 1607 2467 quodque
1642 2400 1706 2452 ad
1738 2401 1965 2460 amicos,
2006 2416 2070 2456 ac

495 2489 638 2556 quod
684 2488 748 2541 ad
780 2501 996 2550 omnes,
1031 2503 1196 2555 quam
1219 2487 1382 2556 justze
1416 2489 1788 2541 accusationis
1821 2489 2073 2542 videatur

499 2579 718 2632 dedisse
751 2591 972 2630 causam
999 2575 1177 2640 ?Quis
1204 2575 1274 2628 ita
1299 2577 1364 2628 ad
1398 2575 1730 2650 calumniam
1765 2586 2071 2643 promptus,

497 2678 556 2721 ut
596 2682 693 2736 pro
735 2681 886 2720 more
916 2666 1243 2718 calumniari
1280 2666 1496 2737 possit?
1521 2663 1694 2730 Quam
1736 2680 2076 2734 exsuperan-

498 2772 604 2812 tem
640 2760 1055 2828 procacitatem,
1100 2773 1263 2827 quem
1310 2759 1446 2812 adeo
1486 2759 1842 2812 temerarium
1880 2775 1942 2813 ac
1975 2760 2078 2812 im—

498 2852 794 2920 pudentem
821 2851 901 2906 sic
921 2851 1141 2905 abunde
1168 2850 1427 2919 przeclara
1456 2857 1606 2920 gesta
1631 2859 1739 2903 non
1771 2850 1932 2905 facile
1954 2867 2106 2907 con-_

497 2942 724 2997 fundant
745 2943 929 3010 ?Quos
957 2943 1096 2997 adeo
1121 2944 1460 3010 prmfractos,
1486 2958 1626 3011 quos
1651 2958 1940 3011 procaces,
1971 2961 2078 2998 non

497 3037 751 3106 elingues
785 3036 1055 3091 reddant?
1086 3035 1241 3100 Quod
1269 3050 1352 3099 os,
1387 3050 1494 3088 non
1522 3036 1668 3090 aliud
1697 3051 1726 3090 c
1754 3051 1812 3090 re
1848 3034 2075 3097 habens,

2137 505 2268 554 τίων
2295 502 2327 571 ἠ
2354 500 2460 552 τῶν
2496 499 2741 568 Φρερίων
2773 498 2945 551 ἅπασι
2980 497 3225 561 τρόποις.
3253 495 3456 548 Κακῶν
3488 495 3596 564 γάρ
3641 493 3704 564 δὴ

2139 593 2544 665 προκειμένων,
2573 593 2633 643 τὸ
2662 591 2737 660 μὴ
2766 594 2946 661 χεῖρον
2983 591 3215 660 βέλτιον,
3249 589 3507 650 κατὰπδν
3545 589 3710 661 θρυλ-

2139 687 2406 754 λούμενον
2461 685 2641 750 λόγον.
2689 684 2856 736 Ὥστε
2898 684 2958 735 τὸ
3001 683 3334 753 κουφότερον
3362 683 3586 752 ᾕρηται,
3619 681 3714 732 καὶ

2141 778 2296 830 τοῦτό
2330 795 2391 844 γε
2431 779 2566 845 μετά
2599 776 2796 840 πολλῆς
2842 777 2940 845 τῆς
2973 774 3421 843 εὐγνωμοσύνης,
3453 775 3542 824 καὶ
3586 773 3714 841 τρὸ·-

2146 885 2246 918 που
2281 868 2544 935 γέμοντος
2579 865 2934 933 ἀγαθότητος,
2975 864 3331 933 Βουλομένοις
3364 863 3464 932 μὲν
3495 865 3602 931 γὰρ
3630 863 3714 914 65'.-

2148 959 2338 1022 ξασθαι
2369 960 2466 1028 τὴν
2499 958 2800 1027 εἰρημένην
2852 957 3048 1025 ἀρχὴν,
3101 959 3403 1026 συγχωρεῖν
3442 954 3717 1014 ἐϐούλετο,

2150 1053 2285 1120 μήτε
2318 1051 2696 1119 ὀργιζόμενος,
2743 1050 2836 1102 καὶ
2883 1050 3118 1118 δάκρυον
3163 1049 3462 1116 ἐκπέμπων
3488 1047 3593 1098 τῶν
3617 1047 3721 1112 ὀφ-

2150 1143 2395 1212 θαλμῶν.
2429 1146 2493 1211 τῇ
2537 1159 2592 1193 τε
2637 1142 2914 1195 διαστάσει
2960 1142 3069 1193 τῶν
3127 1141 3484 1209 φιλουμὲνων,
3515 1139 3610 1189 καὶ
3643 1135 3720 1206 τῷ

2155 1237 2228 1306 μὴ
2277 1235 2535 1288 δύνασθαι
2593 1235 2732 1306 ὑπὲρ
2791 1235 2941 1302 σφῶν
2975 1232 3467 1301 προκινδυνεύοντα
3498 1232 3723 1292 τούτους

2155 1329 2340 1381 σῶσαι.
2374 1327 2544 1380 Τοῦτο
2578 1329 2667 1378 καὶ
2708 1326 2928 1392 γονεῦσι
2961 1326 3273 1394 συμϐαίνει,
3306 1325 3387 1385 είς
3419 1323 3725 1391 ἀλλοδαπὴν

2152 1420 2220 1472 τὰ
2273 1419 2502 1487 φίλτατα
2559 1418 2891 1486 πέμπουσιν,
2923 1416 3143 1469 ἐπειδάν
3177 1415 3276 1468 οὐκ
3309 1413 3402 1484 ἐξῇ
3458 1412 3726 1476 σώζεσθαι

2158 1513 2233 1582 μὴ
2287 1511 2665 1579 διακριθέιτας
2720 1511 2985 1578 ἀλλήλων.
3045 1508 3522 1577 Προαιρουμένους
3555 1505 3609 1556 δὲ
3660 1503 3729 1554 τά

2159 1605 2374 1675 βελτίω,
2402 1603 2602 1671 δηλαδὴ
2629 1603 2689 1655 τὸ
2712 1604 2969 1670 πολεμεῖν
2993 1603 3104 1662 τοῖς
3136 1599 3436 1668 βαρϐάροις
3465 1599 3562 1665 τὴν
3588 1597 3728 1662 ἀγα-

2160 1699 2257 1763 θὴν
2289 1697 2763 1765 προϐαλλομένους
2789 1695 2999 1760 ἐλπίδα,
3029 1694 3124 1746 καὶ.
3151 1694 3181 1762 ἢ
3207 1693 3362 1762 νικᾷν
3388 1693 3452 1760 τῇ
3479 1688 3566 1742 τοῦ
3594 1684 3731 1740 Θεοῦ

2163 1788 2476 1857 συμμαχία,
2505 1788 2538 1854 ἢ
2572 1788 2751 1839 πάντα
2787 1786 2974 1855 φέρειν
3006 1785 3074 1836 τὰ
3122 1783 3383 1852 δυσχερῆ.
3413 1779 3554 1848 ὑπὲρ
3585 1778 3738 1830 ἐλευ-

2163 1882 2348 1951 θερίας
2383 1881 2831 1948 άποδυσαμένους
2885 1879 2975 1930 καὶ
3024 1876 3201 1944 δόξης,
3246 1877 3489 1927 ἐπαινεῖν
3537 1871 3739 1933 αὐτοὺς

2163 1972 2263 2040 τῆς
2283 1973 2527 2040 γνώμης,
2554 1970 2648 2022 καὶ
2677 1967 3000 2037 παροξύνειν
3023 1969 3198 2021 ὁπόσα
3230 1966 3469 2029 δύναιτο,
3488 1965 3579 2017 καὶ
3610 1980 3741 2016 συν-

2165 2063 2458 2115 αποθανεῖν
2512 2061 2694 2124 αὐτοῖς
2741 2059 3098 2128 ὑποσχέσθαι.
3148 2060 3242 2110 καὶ
3271 2058 3532 2126 πράττειν
3579 2054 3741 2107 τοῦτο

2170 2155 2314 2224 μάλα
2345 2153 2668 2224 προθύμως,
2697 2151 3003 2223 ἡγούμενος
3033 2150 3216 2211 αὐτοῖς
3245 2134 3558 2216 ἑπομένοις.

2239 2281 2428 2354 Οΰτως
2476 2287 2570 2345 οὖν
2619 2290 2759 2359 ἔχων
2809 2287 3090 2356 λογισμῶν
3122 2287 3217 2339 καὶ
3252 2285 3382 2355 περὶ
3429 2283 3617 2348 αὐτοῦ,
3650 2284 3748 2336 καὶ

2173 2404 2214 2438 π
2249 2387 2300 2455 pi
2329 2385 2435 2436 τῶν
2469 2383 2638 2447 ἰδίων,
2667 2384 2760 2434 καὶ
2791 2381 2922 2450 περὶ
2946 2380 3058 2432 τῶν
3099 2379 3290 2447 φίλων,
3319 2378 3414 2430 καὶ
3452 2379 3580 2446 περὶ
3609 2378 3752 2429 πάν·-

2172 2495 2303 2543 των,
2343 2477 2463 2528 τίια
2499 2475 2714 2528 δικαίαν
2749 2473 3006 2542 ἀφορμὴν
3051 2469 3350 2540 παρέσχετ⁸
3397 2470 3463 2522 ἂν
3513 2469 3756 2538 κατηγό-

2179 2585 2324 2639 ροις;
2373 2565 2468 2627 Τίς
2521 2565 2586 2618 ἂν
2637 2564 2744 2618 τῶν
2779 2563 3181 2616 διαϐαλλόντων
3213 2561 3450 2623 εὐκόλως
3484 2562 3754 2631 χρήσαιτο

2175 2664 2288 2723 τοῖς
2341 2659 2598 2722 είωθόσι;
2638 2657 2815 2724 Πόσης
2873 2656 3201 2725 ἰταμότητος
3250 2654 3582 2723 ὑπερϐολὴν,
3625 2655 3754 2707 τίνα.

2181 2753 2385 2823 θρασὺν
2421 2754 2517 2805 καὶ
2548 2752 2904 2820 ἀναίσχυντον
2935 2749 3035 2801 ούκ
3067 2749 3307 2818 εὐχερῶς
3342 2747 3650 2818 ἀπέτρεψεν
3681 2745 3757 2800 ἂν

2181 2845 2242 2896 τὸ
2300 2845 2437 2909 μετὰ
2495 2843 2816 2912 περιουσίας
2863 2840 3120 2909 λαμπρὸν
3151 2839 3260 2890 τῶν
3293 2838 3508 2908 ἔργωνς
3556 2839 3759 2900 Ποξους

2184 2937 2455 2997 αὐθάδεις,
2509 2935 2659 2996 τίνας
2710 2934 3006 3005 προπετεῖς
3046 2933 3146 2983 ούκ
3179 2931 3244 2984 ἂν
3281 2930 3532 2998 ἀφώνους
3562 2930 3765 2997 εἰργα-

2188 3045 2356 3092 σατο;
2410 3030 2564 3079 Ποῖον
2621 3027 2719 3078 οὐκ
2773 3024 2840 3078 ἂν
2899 3022 3186 3094 ἀπέρραψε
3247 3021 3441 3089 στόμα.
3497 3022 3663 3090 μηδὲν
3701 3038 3765 3074 τι

498 3143 662 3196 quam
699 3136 758 3179 ut
789 3127 841 3179 in
870 3142 1064 3180 omnes
1092 3127 1352 3193 deinceps
1387 3126 1644 3188 insaniat.
1677 3127 1824 3180 omni
1858 3127 2073 3196 ablega-

2183 3118 2460 3188 προύργου
2499 3103 2846 3181 ποιούμενον,
2897 3115 3011 3168 ἀλλ’
3047 3114 3079 3184 ἢ
3111 3117 3172 3166 τὸ
3206 3115 3346 3165 κατὰ
3376 3114 3594 3164 πάντων
3628 3112 3766 3180 ἑξῆς

502 3227 561 3266 ιο
596 3217 824 3284 pudore,
863 3215 952 3267 illa
979 3229 1084 3266 non
1111 3214 1399 3267 obstruant
1419 3213 1444 3266 ?
1468 3213 1604 3277 Ιιιιο,
1630 3215 1772 3282 quod
1796 3229 1878 3281 os,
1911 3206 2074 3284 qu'am

503 3308 745 3374 linguam
766 3304 1110 3362 maledicam,
1134 3305 1185 3355 in
1218 3303 1648 3357 benedicentiain
1675 3319 1738 3357 ac
1762 3304 1948 3360 Iaudes
1970 3318 2076 3359 non

501 3403 826 3448 convertant
849 3393 871 3446 ’ἔ
892 3391 1088 3446 Nonne
1119 3394 1406 3461 prudentia
1441 3394 1664 3457 comite,
1699 3393 1940 3450 bonitate
1964 3411 2079 3449 mo-

504 3504 649 3548 rum,
682 3503 746 3540 ac
773 3486 998 3539 scientia
1032 3485 1252 3553 politica
1283 3487 1451 3554 gessit
1482 3486 1706 3539 omnia?
1728 3487 1895 3541 Plane
1919 3489 2078 3542 adni-

507 3591 606 3628 xus
630 3585 732 3638 est,
770 3573 1015 3642 quandiu
1050 3573 1206 3626 navis
1235 3573 1411 3642 potuit
1446 3575 1832 3640 gubernaculis
1861 3579 2080 3643 cedere;

508 3683 607 3720 nec
631 3667 700 3719 ab
721 3667 801 3719 eis
825 3665 1128 3733 excipiente
1151 3675 1469 3733 tempestate
1485 3667 1774 3731 abscessit,
1800 3669 1939 3723 nihil
1963 3684 2085 3739 par-

507 3758 644 3810 tium
675 3757 936 3808 omittens
966 3755 1119 3822 probi
1147 3757 1557 3822 gubernatoris,
1590 3757 1842 3827 loquens,
1877 3775 2082 3812 consu-

508 3847 646 3908 lens,
698 3861 952 3906 monens,
1000 3845 1240 3900 defectos
1286 3847 1486 3900 animis
1525 3850 1779 3919 erigens;
1836 3853 2084 3906 excitans

509 3942 869 4001 dormientes,
901 3939 1088 3992 animo
1139 3939 1365 3994 intentis
1390 3941 1592 4008 jubens
1620 3957 1634 4005 ;
1682 3958 1876 3996 omnes
1906 3945 1970 3996 ad
2005 3943 2088 3996 in-

508 4037 766 4084 stantiam
800 4035 982 4100 operis
1009 4043 1282 4100 praecepto
1315 4048 1652 4102 provocans;
1692 4052 1858 4103 agens
1889 4035 2005 4104 ipse
2025 4053 2087 4092 ac

511 4133 799 4190 pra-stans,
825 4141 935 4193 quo
969 4127 1246 4192 navigium
1291 4136 1457 4180 vento
1493 4127 1724 4180 adverso
1757 4144 1820 4182 ac
1849 4130 2085 4197 procella

511 4216 800 4278 iactatum,
830 4225 1013 4285 posset
1042 4218 1328 4285 praesentis
1360 4219 1633 4289 naufragii
1662 4222 1969 4288 periculum
1998 4236 2088 4275 ca-

511 4323 657 4361 γυιύ.

588 4524 680 4578 llis
715 4522 898 4592 itaque
962 4541 1133 4594 supra
1177 4527 1422 4580 omnium
1472 4529 1786 4598 opinionem
1834 4530 2092 4585 continue

516 4615 749 4679 instans,
779 4615 844 4670 ad
882 4618 1113 4671 multum
1149 4620 1281 4672 satis
1315 4627 1533 4690 tempus
1564 4621 1761 4674 avertit
1822 4623 1962 4675 mala
1997 4638 2010 4674 :
2038 4635 2094 4676 at

518 4724 640 4760 cum
675 4709 932 4777 deinec-ps
968 4711 1113 4762 νοηιί
1143 4711 1295 4765 rabie
1322 4711 1592 4775 furerent,
1624 4726 1692 4767 ac
1718 4729 1867 4768 mare
1894 4718 2093 4769 saivius

521 4800 808 4865 ferociret;
847 4816 1084 4870 vasaque
1107 4803 1212 4854 alia
1242 4804 1462 4872 quidem
1487 4805 1827 4869 fatiscerent,
1855 4807 1957 4859 alia
1978 4805 2092 4876 jam

519 4891 756 4944 contrita
782 4902 966 4946 essent
992 4911 1004 4955 ;
1034 4895 1326 4963 navisque,
1361 4907 1418 4949 ut
1439 4897 1611 4950 verbo
1641 4897 1840 4965 dicam,
1879 4897 2092 4954 frenum

520 4993 824 5053 respueret,
855 4984 1055 5053 vixque
1078 5001 1186 5039 non
1217 4987 1556 5056 loqueretur,
1588 5005 1707 5042 mox
1743 4991 1845 5044 nisr
1879 4993 2093 5046 fortuna

523 5088 749 5142 mutata,
786 5093 910 5131 esse
945 5079 1342 5146 mergendam:
1379 5081 1468 5134 ille
1521 5082 1874 5138 nihilominus
1920 5100 2099 5153 quan-

522 5187 687 5241 quam
721 5171 856 5226 illud
895 5173 1277 5239 exasperatius
1331 5173 1493 5238 foret,
1529 5189 1693 5244 seque
1725 5178 1842 5244 ipso
1881 5179 2097 5245 gravius

511 5263 696 5324 .lieret,
733 5263 1074 5332 providendo
1125 5263 1385 5328 instabat,
1435 5281 1701 5334 suamque
1743 5267 1889 5320 illam
1922 5270 2100 5321 omni-

525 5354 742 5408 tnodatn
768 5355 1024 5408 virtutem
1055 5355 1474 5410 dillicultatibus
1497 5373 1805 5426 opponens,
1833 5359 2099 5412 hactenus

528 5447 832 5501 conabatur
864 5448 1139 5515 navigium
1166 5463 1410 5512 servare,
1437 5463 1499 5502 ac
1529 5449 1675 5503 velut
1700 5449 1753 5503 in
1775 5459 2012 5519 portum,
2047 5452 2100 5503 in

529 5540 677 5608 pacis
708 5540 999 5607 tranquilla
1038 5540 1386 5604 subducere;
1420 5556 1737 5610 quanquam
1771 5557 1960 5610 parum
1985 5543 2103 5594 abe-

531 5638 636 5690 rat,
675 5635 733 5682 ut
780 5645 848 5683 ne
902 5633 1051 5698 pacis
1089 5648 1239 5699 spem
1293 5648 1513 5685 omnem
1565 5633 1874 5702 abiecisset.
1914 5631 2103 5700 Neque

532 5726 678 5772 cu'm
715 5730 856 5773 erat'
884 5722 974 5790 qui
1012 5723 1246 5777 nesciret
1305 5724 1496 5788 hostis,
1529 5741 1634 5792 qua
1687 5723 1945 5786 indolem,
1997 5740 2103 5792 qua

2182 3211 2390 3280 ληρεῖν,
2439 3208 2715 3280 ἐρρῶσθαι
2769 3209 2922 3276 πάσῃ
2959 3206 3176 3275 φράσαν
3225 3205 3401 3267 αἰδοῖ;
3447 3203 3669 3257 Μᾶλλον
3705 3203 3766 3257 δὲ

2184 3305 2342 3356 ποῖον
2376 3302 2477 3367 μὲν
2510 3303 2708 3370 στόμα,
2742 3301 2904 3352 ποίαν
2933 3299 2986 3352 δὲ
3016 3297 3261 3366 γλῶτταν
3291 3296 3631 3365 βλάσφημον,
3657 3297 3767 3348 ούκ

2183 3397 2248 3450 ἂν
2281 3398 2416 3465 πρὸς
2450 3394 2726 3463 εὐφημίαν
2759 3393 3092 3462 permulsa;
3133 3392 3205 3442 Οὐ
3239 3392 3347 3457 γὰρ
3390 3393 3716 3456 φρονήσεως
3748 3429 3765 3450 ,

2183 3491 2244 3539 οὐ
2277 3487 2649 3556 χρηστότητος
2678 3527 2690 3549 ,
2745 3485 2846 3536 οὐκ
2900 3486 3214 3551 ἐπιστήμης
3245 3481 3525 3549 πολιτικῆς
3559 3479 3771 3532 ἅπανθ’

2185 3582 2282 3632 ὅσα
2312 3579 2628 3646 πέπρακται
2653 3578 2787 3645 τῷδε
2821 3576 3046 3644 τάνδρίς
3085 3576 3324 3642 Ἀντεῖχε
3355 3575 3476 3642 μὲν,
3499 3573 3601 3633 ἕως
3629 3573 3767 3641 ἐξῆν

2185 3673 2296 3732 τοῖς
2318 3669 2493 3732 οἴαξιν
2525 3672 2694 3721 εἴκειν
2724 3669 2782 3719 τὸ
2816 3668 2998 3718 πλοῖον
3023 3685 3036 3699 ·
3067 3670 3158 3718 καὶ
3186 3667 3417 3736 χειμῶνι
3446 3665 3767 3735 χρώμενος,

2187 3761 2394 3811 τούτων
2423 3759 2521 3810 οὐκ
2551 3759 2838 3826 ἀφίστατο,
2873 3759 2966 3808 καὶ
2997 3757 3146 3810 τᾶλλ’
3196 3757 3320 3824 ἐξῆς
3377 3756 3553 3807 πάντα
3590 3757 3769 3806 ποιῶν

2188 3856 2252 3904 τα
2285 3853 2392 3904 τῶν
2446 3851 2668 3919 ἀγαθὸν
2722 3851 3070 3920 ναυκλήρων,
3117 3851 3312 3916 λέγων,
3350 3847 3768 3916 συμϐουλεύων,

2191 3945 2500 4014 παραινῶν,
2544 3943 2938 4015 ἀναθαρῤύνοω
2971 3943 3098 4003 τοὺς
3134 3943 3600 4004 καταπίπτοντας,
3648 3942 3772 3993 διυ-

2191 4041 2399 4102 πνὶζων
2421 4038 2548 4099 τοὺς
2575 4035 2962 4099 καθεύδοντας,
2991 4034 3438 4100 διακελευόμενος
3461 4036 3572 4094 τοῖς
3597 4050 3774 4086 σπου-

2191 4131 2465 4194 δάζουσιν,
2509 4128 2813 4180 ἐπιτάττων
2845 4128 3100 4194 ἐνεργοὺς
3133 4125 3379 4186 ἅπαντας
3411 4121 3574 4191 εἶναι,
3601 4125 3773 4186 αὐτὸς
3840 4192 3845 4196 _

2193 4223 2400 4282 ἐκεῖνος
2463 4219 2954 4289 διαπραττόμενοξ,
2980 4217 3048 4269 δι’
3088 4212 3161 4268 ὧν
3196 4217 3260 4269 ἂν
3304 4212 3371 4286 ἦν
3412 4217 3484 4286 μὴ
3521 4215 3747 4270 atat-261

2196 4309 2494 4379 πτισθῆναι
2529 4310 2590 4360 τὸ
2629 4309 2857 4378 σκάφος,
2881 4310 3187 4381 δυσηνεμίᾳ
3218 4312 3312 4361 καὶ
3340 4310 3491 4378 σάλῳ
3540 4309 3772 4378 χρώμε-

2126 4438 2166 4490 D
2195 4420 2305 4456 νον.

2269 4535 2461 4590 Ταῦτά
2487 4552 2568 4588 τοι
2594 4534 2886 4598 διαπαντὲς
2914 4535 3280 4605 ἐργαζόμενος
3308 4536 3448 4608 ὑπὲρ
3471 4537 3565 4595 τὰς
3591 4537 3780 4589 ἁπάν-

2194 4645 2305 4680 των
2355 4629 2538 4693 δόξας,
2588 4629 2682 4680 ὲπὶ
2722 4630 2933 4696 μακρόν
2969 4645 3090 4681 τινα
3143 4630 3335 4698 χρόνον
3384 4629 3661 4697 ἀπέτρεπε
3699 4630 3781 4681 τά

2194 4719 2343 4772 δεινά
2365 4735 2378 4750 ⁸
2405 4718 2524 4771 εἶτα
2547 4719 2656 4771 τῶν
2680 4720 2896 4788 ἀνέμων
2923 4717 3111 4783 ὥσπερ
3142 4718 3485 4784 λυσσώντων,
3512 4719 3606 4770 καὶ
3643 4736 3783 4788 μαι-

2198 4811 2432 4880 νομένης
2482 4811 2823 4881 ἀγριώτερον
2875 4810 2971 4879 τῆς
3021 4809 3321 4881 θαλάσσης,
3372 4813 3466 4863 καὶ
3521 4810 3630 4862 τῶν
3672 4812 3783 4877 μὲν

2200 4901 2409 4954 σκευῶν
2443 4901 2592 4969 αύτῷ
2629 4901 3002 4969 πονησάντων,
3031 4901 3196 4954 τινῶν
3226 4902 3282 4953 δέ
3328 4901 3422 4953 καὶ
3455 4900 3785 4967 συντριϐέν-

2199 5010 2326 5056 των,
2364 4993 2464 5061 ἢδη
2496 4993 2593 5060 τῆς
2625 5008 2684 5044 τε
2721 4992 2878 5054 νεὼς,
2921 4991 2996 5054 ὡς
3045 4993 3176 5055 ἔπος
3211 4995 3405 5058 εἰπεῖν,
3438 4992 3788 5060 ἀφηνιαζού-

2202 5100 2322 5152 σης,
2349 5086 2443 5137 καὶ
2490 5086 2718 5152 μονονοὺ
2754 5085 2941 5149 φωνην
2968 5084 3244 5152 ἀφιείσης,
3270 5084 3346 5146 ὡς
3371 5085 3575 5136 αὐτίκα
3608 5100 3789 5135 κατά-

2200 5175 2423 5228 δᾷσεται
2474 5177 2555 5251 ,μὴ
2597 5174 3013 5244 μεταϐαλούσης
3065 5177 3205 5246 αὐτῇ
3240 5175 3340 5244 τῆς
3390 5177 3600 5245 τύχης·
3653 5176 3681 5225 δ
3716 5177 3788 5228 δὲ

2203 5267 2296 5318 καὶ
2349 5265 2550 5334 μᾶλλον
2593 5265 2982 5334 ἁγριαινούσης
3017 5267 3252 5336 ἐκείνης,
3287 5268 3378 5319 καὶ
3409 5269 3495 5319 ἀεὶ
3528 5269 3792 5335 χαλεπω-

2203 5359 2366 5424 τέρας
2413 5356 2582 5423 αύτῆς
2625 5357 2940 5424 γινομένης,
2968 5357 3159 5426 ἔμενεν
3193 5360 3250 5409 ἐν
3289 5357 3366 5426 τῷ
3399 5363 3789 5427 προνοεῖσθαι,

2205 5450 2301 5502 καὶ
2327 5449 2446 5508 ταῖς
2481 5448 2795 5516 δυσχερίαις
2828 5447 3072 5511 ἀντιθεὶς
3105 5451 3205 5518 τὴν
3237 5451 3294 5501 ἐν
3329 5448 3476 5518 αύτῴ
3509 5449 3798 5500 παντοδα-

2206 5539 2313 5609 πὴν
2347 5537 2570 5608 ἀρετὴν,
2605 5539 2864 5607 ἐπειρᾶτο
2891 5539 3180 5602 διασώζειν
3221 5541 3299 5592 ἔτι
3343 5540 3404 5592 τὸ
3448 5541 3651 5605 πλοῖον,
3680 5546 3799 5594 καὶ

2207 5633 2280 5693 ώς
2318 5633 2408 5682 ἐπὶ
2441 5631 2636 5698 λιμένα
2667 5630 2766 5698 τὴν
2813 5631 3037 5699 εἰρήνην
3068 5631 3226 5682 τοῦτο
3260 5632 3544 5697 κατάγειν.
3579 5631 3795 5684 Καίτοι

2207 5721 2412 5788 ταύτης
2472 5720 2668 5789 ἤλπιζε
2726 5720 3031 5786 τεύξῖοθαι,
3081 5722 3275 5791 μικροῦ
3330 5721 3462 5786 δεῖν,
3502 5722 3794 5790 οὐδαμῶς.
