4024 6210
303 294 395 391 297

1064 315 1475 382 THEODORI
1513 309 1877 376 DESPOTIE
1922 305 2313 371 LAUDATIO
2352 304 2762 368 FUNEBBIS.

3420 302 3528 364 298

310 445 493 514 εούσης
526 441 583 496 δὲ
635 440 801 512 μέχρι
837 437 1079 503 παντόςὲ
1121 438 1187 492 Ὠ
1220 437 1451 506 νεφέλης
1486 434 1728 505 ζοφερᾶς
1760 435 1857 487 καὶ

1968 429 2265 486 duratura!
2302 427 2349 484 0
2379 427 2736 498 uliginosam
2777 424 3116 494 densamque
3166 423 3393 490 nubem,
3421 438 3527 495 qua

308 537 545 607 παχείας,
572 533 805 604 ἀφείσης
851 531 1134 602 χάλαζαν,
1168 529 1451 601 βλάψασαν
1497 526 1624 597 ἑξῆς
1675 525 1857 579 πᾶσαν

313 631 556 704 βλάστην,
592 628 691 681 καὶ
728 626 841 681 πᾶν
891 624 1097 695 ὡραῖον
1120 659 1136 688 ,
1185 622 1283 676 καὶ
1321 620 1498 691 λήϊον,
1530 619 1625 672 καὶ
1663 616 1857 687 φυτὸν,

306 724 393 776 καὶ
418 719 555 781 ὅλως
584 718 709 772 ὅσον
734 716 801 769 ὲκ
827 714 932 783 γῆς
956 714 1037 776 εἰς
1073 714 1265 783 χρείαν
1308 711 1341 777 ἦ
1378 709 1713 781 παραψυχήν
1745 710 1858 761 ἐστι

306 815 405 872 τοῖς
422 808 773 881 ἀνθρώποιςί
802 808 867 861 Ὢ
900 806 1134 876 βροντῆς
1159 803 1563 879 ἀποτροπαίου,
1596 794 1861 870 σεισάσης

306 901 418 955 νοῦν
447 896 525 969 τῷ
568 899 833 967 πατάγῳί
880 897 946 951 '0
991 886 1261 963 turpium,
1287 892 1598 964 ὀφθαλμοὺς
1631 892 1860 964 καρδίας

305 988 691 1059 πηρὼσαντοςῑ
728 987 792 1038 Ὢ
824 984 1112 1055 κεραυνῶν
1140 983 1427 1054 φοϐερῶν,
1447 984 1615 1050 ὀξέως
1656 984 1861 1053 φρένας

301 1081 730 1154 λυμηναμένωνί
787 1081 851 1133 Ὦ
898 1081 1227 1152 πρηστῆρος
1291 1079 1561 1150 ὀλεθρίου,
1618 1080 1862 1141 διανοίας

302 1173 764 1245 ἀποτεφροῦντοςι
805 1173 870 1226 Ὠ
923 1173 1161 1243 πληγῆς,
1203 1172 1372 1243 λῆρον
1420 1172 1707 1242 δεικνύσης
1755 1173 1862 1225 πᾶν

299 1267 647 1337 ἀλεξητήριον
679 1266 1013 1337 φάρμακονί
1050 1266 1118 1318 Ὠ
1146 1282 1238 1335 μοι
1272 1264 1527 1327 πένθους,
1561 1264 1731 1333 πέρας
1761 1264 1862 1317 οὐκ

301 1358 536 1429 ἕχοντοςῐ
576 1357 639 1409 Ὢ
670 1356 819 1426 ζωῆς
852 1356 916 1410 οὐ
957 1356 1224 1427 φορητῆς,
1257 1357 1306 1408 εί
1345 1354 1423 1426 μὴ
1458 1355 1528 1409 δι’
1556 1348 1861 1418 εὐσέϐειαν,

299 1451 368 1514 ὡς
416 1452 516 1503 οῦκ
566 1449 644 1503 ἐτ’
674 1449 734 1502 δν
778 1448 974 1518 ἐφετὸν
1029 1449 1089 1503 τὸ
1146 1448 1268 1519 ζῇν,
1317 1448 1443 1520 ἐμοὶ
1489 1446 1591 1517 μὲν
1624 1446 1863 1517 μάλιστα

302 1544 528 1597 πάντων·
586 1540 781 1595 ἔπειτα
833 1541 930 1595 καὶ
974 1541 1143 1595 πᾶσιν
1196 1540 1450 1604 ἐκείνοις,
1502 1538 1700 1601 οἵτινές
1743 1554 1861 1601 σου,

296 1634 406 1704 φίλε
440 1632 603 1698 Θεοῦ,
642 1632 742 1704 τὴν
772 1630 938 1701 φύσιν
974 1630 1051 1695 ὡς
1081 1631 1367 1702 ἐξαίρετος
1409 1630 1648 1701 ᾔδεσανί
1689 1628 1863 1682 Τοῦτο

295 1720 359 1796 ἦν
390 1724 497 1794 ἄρα
548 1723 736 1776 ἐκεῖνα
781 1722 853 1776 τά
900 1719 1184 1792 πόρρωθεν
1225 1720 1508 1790 μηνύοντα
1557 1716 1863 1788 μεταϐολὴν

298 1816 636 1887 πραγμάτων
691 1814 784 1869 ὀπὶ
841 1814 910 1869 τά
968 1813 1156 1885 χείρω.
1222 1812 1417 1883 Ἡμεῖς
1462 1812 1520 1866 δὲ
1568 1809 1861 1881 βλέποντες

297 1908 601 1980 ὲπηδῶμεν,
642 1906 962 1979 νομίζοντες
1010 1905 1233 1960 ἔσεσθαι
1291 1904 1354 1958 τὸ
1401 1904 1575 1957 δεινὸν
1608 1904 1700 1960 ἐπὶ
1734 1900 1863 1965 τοὺς

296 2004 518 2074 ἐχθροὺς
546 2040 563 2066 ,
619 2002 781 2055 ἐνίων
826 2001 985 2055 τοῦτο
1038 2001 1484 2073 μαντευομένων.
1528 1998 1666 2053 Νυνὶ
1695 1997 1739 2051 δ’
1769 1996 1865 2049 ὲκ-

296 2097 480 2158 ϐάντος
513 2093 611 2148 τοῦ
670 2094 845 2149 κακοῦ
894 2094 1019 2149 καθ’
1075 2094 1233 2164 ἡμῶν
1256 2135 1271 2161 ,
1322 2093 1417 2147 καὶ
1465 2091 1861 2162 καθαψαμένου

299 2189 615 2258 περιφανῶς
646 2189 893 2253 πάντων,
929 2187 1006 2251 ὡς
1050 2187 1204 2251 ὀντος
1250 2186 1348 2257 μὲν
1380 2185 1525 2240 οὕτω
1579 2184 1863 2254 μεγίστου,

291 2281 437 2345 δντος
480 2282 543 2335 δὲ
591 2280 738 2335 οῦτω
780 2278 1005 2349 πικροῦ,
1038 2279 1191 2342 ϐντος
1226 2277 1286 2332 δὲ
1311 2276 1671 2349 ἀδιορθὼτου,
1701 2276 1857 2330 οὐδὲν

294 2375 415 2431 ἄλλο
439 2374 700 2427 λείπεται
740 2372 772 2442 ἦ
803 2374 903 2441 ζῇν
933 2373 991 2424 ὲν
1028 2370 1313 2441 ἀθυμίαις,
1338 2369 1777 2440 ὀλοφυρομένους
1801 2384 1863 2421 τε

291 2468 381 2521 καὶ
422 2464 766 2528 πενθοῦντας
798 2465 894 2519 τὸν
940 2464 1121 2519 πάντα
1171 2463 1385 2534 χρόνον.
1420 2464 1495 2517 Οὐ
1550 2462 1659 2533 μήν
1689 2478 1752 2530 γε
1794 2460 1865 2515 δι’

291 2558 497 2611 ἐκεῖνον
561 2555 744 2620 αὐτὸν,
795 2554 852 2618 ὀς
897 2554 1009 2609 τῶν
1061 2554 1344 2626 ἡμετέρων
1369 2553 1576 2607 τούτων
1609 2552 1859 2606 ἀπαλλασ

289 2654 422 2717 γεὶς,
464 2645 759 2716 τελμάτων
788 2662 850 2698 τε
884 2645 980 2700 καὶ
1021 2644 1186 2713 ζόφου
1234 2643 1434 2699 πολλοῦ
1481 2645 1651 2715 μηδὲν
1676 2645 1865 2714 διαφε-

292 2741 514 2811 ρόντων,
552 2737 692 2808 πρὸς
734 2737 835 2808 την
881 2736 1103 2809 αἰθρίαν
1130 2737 1347 2807 ἐκείνην
1375 2737 1475 2807 τὴν
1502 2735 1738 2807 ἄληκτον
1768 2736 1865 2790 καὶ

288 2833 380 2903 τὴν
403 2831 604 2903 ἀγήρω
640 2829 786 2900 ζωὴν
818 2828 1042 2898 μετέϐηο
1078 2828 1195 2892 πῶς
1246 2828 1397 2899 γάρ;
1453 2826 1591 2882 ἀλλά
1615 2826 1682 2879 δι’
1712 2828 1864 2897 ἡμᾶς

288 2922 504 2989 αὐτοὺς,
539 2922 594 2975 οῖ
624 2922 712 2975 διὰ
762 2920 928 2992 μόνον
970 2921 1034 2972 τὸ
1085 2922 1330 2986 πενθεῖν,
1382 2919 1459 2985 ὡς
1509 2918 1678 2984 ἔοικε,
1705 2935 1869 2971 κατε-

287 3015 623 3085 λείφθημεν.
672 3014 786 3068 Καὶ
835 3013 921 3066 ὅτι
966 3011 1124 3067 ταῦθ’
1171 3011 1345 3075 οὕτως
1396 3011 1533 3082 ἔχει,
1568 3011 1865 3083 σκοπῶμεν

290 3108 693 3178 ἀκριϐέστερον
721 3104 920 3177 ταύτῃ.

362 3198 618 3261 Ἐκεῖνος
676 3197 835 3267 ἡμῶν
886 3194 1148 3262 διαστὰς,
1197 3196 1468 3268 τετύχηκε
1538 3199 1637 3268 μὲν
1690 3198 1863 3253 Θεοῦο

288 3291 676 3363 ιγγέγραπται
733 3288 790 3343 δὲ
845 3288 925 3359 τῷ
980 3288 1090 3343 τῶν
1141 3289 1430 3361 μακαρίων
1477 3290 1647 3363 χορῷ,
1682 3290 1740 3344 ἐν
1787 3286 1872 3356 οἷς

289 3383 478 3437 πολλοὶ
508 3382 613 3437 καὶ
647 3379 758 3434 τῶν
788 3379 939 3451 αῦτῷ
970 3381 1378 3450 προσηκόντωνο
1423 3385 1608 3454 πατήρ
1636 3399 1696 3435 τε
1728 3383 1866 3438 πάν·

284 3488 351 3527 τα
404 3473 640 3542 ἀγαθὸς,
696 3472 794 3526 καὶ
846 3472 1032 3542 μήτηρ
1072 3472 1224 3525 οὐδὲν
1250 3472 1448 3542 ῆττων·
1476 3472 1618 3528 οὕτω
1659 3474 1766 3545 γάρ
1798 3491 1868 3546 με

290 3565 470 3620 πείθει
499 3565 737 3638 θαρρεῖν
783 3564 845 3619 τὸ
874 3564 1007 3636 παρ’
1039 3565 1222 3629 αὐτοῖς
1273 3564 1521 3647 εὐσεϐὲς,
1552 3567 1648 3620 καὶ
1672 3568 1732 3621 τὸ
1758 3568 1868 3622 τῶν

291 3656 511 3728 τρόπων
545 3656 727 3721 εῦθέςο
756 3656 959 3728 ἀρίστη
1000 3674 1060 3711 τε
1113 3656 1433 3728 ἀδελφότης,
1462 3659 1559 3712 καὶ
1586 3660 1868 3728 προγόνων

286 3747 502 3820 ὅμιλος,
536 3745 642 3801 καὶ
674 3748 775 3801 οῦκ
804 3746 978 3815 ὀλίγοι
1006 3746 1114 3800 τῶν
1144 3746 1333 3817 φίλων.
1374 3749 1436 3801 Et
1467 3750 1596 3817 γοῦν
1634 3751 1728 3805 καὶ
1759 3751 1869 3805 τῶν

288 3841 588 3911 δρωμένων
626 3838 787 3909 ἡμῶν
818 3837 1181 3910 κεχώρισται,
1237 3834 1321 3902 οἷς
1382 3839 1563 3894 συνὼν
1605 3841 1868 3912 ἡδόμενος

288 3930 541 3999 διετέλει,
576 3930 716 3984 ἀλλά
748 3929 810 3983 τὸ
845 3932 1085 3984 συνεῖναι
1131 3929 1323 3983 τοῦτον
1359 3932 1473 3993 τοῖς
1508 3930 1732 3999 φύσασι,
1766 3933 1865 3985 καὶ

291 4022 511 4086 πολλοῖς
539 4022 658 4076 τῶν
680 4024 965 4091 συγγενῶν
1006 4022 1101 4074 καὶ
1136 4022 1407 4093 συνήθων,
1451 4023 1609 4093 ἡμῶν
1641 4039 1706 4091 γε
1732 4024 1870 4077 πάν⁶

288 4131 396 4180 τως
422 4115 526 4185 οὐχ
575 4115 789 4184 ἥττοσι,
837 4113 931 4167 καὶ
962 4113 1099 4182 πρός
1131 4130 1195 4181 γε
1244 4114 1326 4167 ἐτι
1386 4117 1498 4177 τοῖς
1551 4117 1867 4186 μακαρίοις,

290 4204 383 4257 καὶ
420 4206 527 4258 σὺν
560 4203 751 4265 αὐτοῖς
786 4202 863 4273 τῷ
893 4201 1036 4274 Θεῷ,
1068 4202 1251 4273 πολλῷ
1297 4202 1363 4258 ἂν
1397 4204 1544 4275 ἥδιον
1573 4204 1747 4273 τούτῳ
1778 4206 1871 4274 γέ-

291 4310 433 4349 νοιτο
476 4294 579 4348 τοῦ
630 4294 750 4365 μεθ’
778 4294 938 4364 ἡμῶν
988 4291 1148 4360 εἶναι,
1178 4294 1233 4347 εί
1274 4311 1337 4363 γε
1376 4296 1469 4349 καὶ
1492 4298 1870 4368 παραϐάλλειν

291 4386 410 4450 ἐξόν
446 4390 630 4441 ἐστιν.
664 4386 828 4455 Ἡμῖν
880 4386 936 4439 δὲ
982 4386 1190 4441 τούτων
1240 4387 1603 4458 ζημιωθεῖσιν
1635 4391 1788 4445 οὐδέν
1815 4408 1868 4443 τι

1961 523 2172 592 grando
2216 519 2384 575 missa
2447 518 2682 589 depluit,
2744 531 2906 572 omne
2936 518 3190 587 deinceps
3230 519 3531 588 deperdens

1960 626 2205 683 germen,
2228 625 2555 680 omnemque
2577 609 2837 675 fructum,
2860 624 2923 665 ac
2948 619 3179 679 segetes,
3205 625 3530 681 omnemque

1961 704 2238 766 arborem,
2283 718 2347 758 ac
2377 702 2424 758 si
2463 701 2596 773 quid
2630 703 2854 756 omnino
2892 712 3036 757 terra
3068 702 3340 772 germinat
3384 702 3530 772 quod

1963 797 2218 853 humanae
2252 798 2373 851 vitae
2404 795 2690 867 refrigerio
2713 795 2817 850 sit!
2847 794 2890 850 Ο
2921 795 3262 865 deprecabile
3302 798 3530 859 tonitru,

1963 887 2110 957 quod
2143 886 2385 941 animum
2413 884 2627 955 fragore
2655 885 2966 941 concussit!
2999 887 3040 938 Ο
3086 887 3404 956 typhonem,
3440 886 3531 955 qui

1962 977 2153 1032 oculos
2184 976 2364 1032 cordis
2388 975 2643 1030 caecavit!
2681 972 2726 1030 0
2756 974 3023 1030 horrenda
3052 974 3302 1041 fulmina,
3334 976 3533 1045 quibus

1964 1068 2148 1125 statim
2184 1083 2338 1123 mens
2398 1068 2601 1123 oblazsa
2637 1068 2743 1122 sit!
2795 1064 2838 1121 0
2868 1067 3163 1122 exitiosum
3198 1077 3533 1145 praesterem,

1964 1161 2181 1216 animos
2226 1161 2651 1216 incinat-antem!
2684 1157 2728 1214 0
2758 1160 2993 1230 plagam,
3040 1160 3341 1215 remedium
3376 1175 3535 1214 omne

1964 1265 2349 1316 averruncum,
2402 1267 2577 1321 nugas
2619 1252 3035 1307 ostendentem!
3079 1251 3122 1306 0
3158 1251 3363 1307 luctum
3402 1251 3536 1305 mihi

1965 1342 2275 1398 infinitum!
2319 1340 2364 1398 Ο
2401 1344 2592 1406 vitam,
2620 1342 2723 1399 nisi
2754 1342 2878 1399 solo
2912 1343 3136 1413 pietatis
3174 1342 3399 1409 intuitu,
3436 1344 3535 1398 mi-

1964 1438 2111 1493 nime
2168 1435 2478 1503 ferendam,
2531 1437 2677 1508 quod
2722 1438 2868 1494 haud
2903 1440 3041 1495 ultra
3073 1440 3127 1494 in
3161 1440 3303 1496 votis
3333 1439 3537 1495 haben-

1965 1529 2094 1585 dum
2128 1530 2200 1585 sit
2230 1532 2414 1587 vivere
2440 1548 2455 1599 ;
2485 1547 2610 1586 cum
2640 1532 2915 1603 prazcipue
2937 1532 3093 1599 mihi,
3125 1543 3237 1589 tum
3273 1534 3382 1589 illis
3413 1535 3537 1588 uni-

1967 1623 2167 1690 versis,
2230 1625 2323 1693 qui
2354 1635 2529 1688 tuam,
2567 1623 2743 1678 amice
2774 1623 2894 1690 Dei,
2926 1624 3165 1679 indolem
3193 1634 3537 1694 perspectam

1967 1713 2256 1779 haberent,
2286 1731 2447 1784 quam
2491 1715 2699 1770 eximia
2750 1725 2914 1770 esset.
2966 1715 3095 1772 Erat
3131 1716 3232 1773 boc
3261 1717 3420 1787 plane
3448 1717 3536 1772 illa

1962 1814 2180 1862 ostensa
2201 1823 2319 1877 quae
2338 1808 2575 1864 futuram
2610 1822 2794 1866 rerum
2816 1811 2870 1865 in
2908 1811 3151 1866 deterius
3176 1812 3536 1865 mutationem

1962 1897 2172 1968 pridem
2204 1900 2611 1971 signiﬁcabant.
2648 1902 2758 1957 Nos
2779 1918 2944 1973 porro
2974 1903 3220 1958 videntes
3266 1902 3538 1973 gestieba-

1964 2004 2109 2053 mus,
2147 1991 2241 2061 qui
2297 1995 2662 2060 quorumdam
2718 1995 2973 2064 persuasi
3000 1994 3295 2061 vaticiniis,
3334 1994 3539 2049 malum

1963 2081 2017 2136 in
2072 2083 2259 2140 hostes
2323 2087 2637 2141 vertendum
2724 2100 3060 2157 putaremus.
3141 2086 3297 2141 Nunc
3355 2094 3538 2141 autem

1959 2184 2252 2244 postquam
2283 2175 2413 2232 illud
2446 2178 2501 2232 in
2530 2194 2631 2234 nos
2671 2179 2874 2246 evenit,
2917 2195 3215 2251 omnesque
3251 2180 3452 2250 palam,
3482 2190 3541 2235 ut

1960 2268 2105 2338 quod
2139 2269 2211 2323 ita
2262 2271 2587 2338 maximum,
2632 2274 2705 2327 ita
2740 2274 3023 2337 acerbum,
3051 2289 3115 2328 ac
3148 2273 3266 2329 sine
3297 2273 3541 2328 remedio

1960 2360 2215 2426 exsistat,
2249 2360 2514 2429 affecerit,
2559 2364 2696 2418 nihil
2749 2365 2893 2420 aliud
2934 2366 3203 2437 reliquum
3244 2375 3347 2430 est,
3374 2382 3538 2436 quam

1964 2462 2024 2505 ut
2055 2451 2303 2522 lugentes
2328 2468 2392 2510 ac
2410 2455 2796 2522 lamentantes,
2832 2465 3008 2513 totum
3034 2459 3294 2529 deinceps
3324 2468 3540 2528 tempus

1962 2542 2019 2598 in
2060 2546 2323 2601 maestitia
2373 2548 2673 2605 vivamus:
2716 2565 2825 2606 non
2854 2552 3076 2621 quidem
3108 2562 3335 2622 prepter
3362 2551 3538 2617 illum,

1962 2636 2057 2705 qui
2097 2638 2165 2691 ab
2220 2639 2475 2697 humanis
2531 2641 2674 2708 istis,
2728 2644 2815 2698 vix
2848 2646 3149 2716 quidquam
3187 2660 3424 2713 ueneno,
3476 2662 3541 2702 ac

1965 2727 2134 2780 multa
2156 2728 2408 2799 caligine,
2433 2732 2672 2788 diversis
2696 2735 2985 2802 liberatus,
3014 2739 3078 2791 ad
3111 2737 3538 2794 indefeaihilem

1961 2820 2130 2885 Illam,
2158 2835 2222 2875 ac
2255 2822 2395 2877 senii
2434 2826 2676 2880 nesciam
2710 2829 3063 2884 serenitatem
3125 2820 3400 2885 transivit.
3435 2830 3541 2897 Qui

1966 2911 2112 2967 enim
2148 2911 2221 2967 ita
2249 2915 2567 2983 possimus?
2596 2918 2695 2973 sed
2732 2930 2955 2990 propter
2979 2937 3080 2976 nos
3109 2922 3279 2992 ipsos,
3309 2925 3402 2993 qui
3427 2926 3543 2980 sola

1981 3020 2148 3061 causa
2179 3006 2396 3078 lugendi
2430 3009 2714 3066 videamur
2734 3014 2929 3069 relicti.
2963 3016 3055 3071 Sic
3085 3026 3265 3071 autem
3296 3032 3410 3073 rem
3452 3020 3543 3073 ha-

1891 3124 1936 3186 c
1968 3098 2119 3163 bere,
2152 3116 2247 3171 per
2271 3102 2418 3157 hunc
2443 3103 2661 3159 modum
2682 3109 2995 3164 accuratius
3023 3112 3397 3179 exquiran‘ms.

2045 3191 2138 3247 Ille
2183 3192 2252 3246 ab
2286 3193 2526 3248 humana
2554 3198 2955 3254 consuetudine
2987 3200 3279 3269 abjunctus
3302 3244 3316 3269 ,
3373 3203 3542 3260 Deum

1976 3293 2312 3340 consecutus
2337 3294 2419 3340 est
2446 3304 2460 3351 ;
2493 3286 2703 3357 fuitque
2725 3288 3024 3358 inscriptus
3048 3291 3328 3348 beatorum
3351 3297 3542 3362 choro,

1970 3375 2116 3430 inter
2141 3390 2281 3445 quos
2311 3377 2467 3431 multi
2496 3387 2625 3432 sunt
2665 3379 2784 3449 ejus
2824 3384 3075 3451 cognati;
3122 3400 3244 3440 cum
3281 3394 3437 3460 pater
3462 3392 3546 3444 vir

1970 3464 2233 3533 optimus,
2296 3474 2412 3520 tum
2442 3478 2617 3523 mater
2673 3469 2809 3524 nihil
2844 3470 2935 3526 illo
2984 3473 3245 3530 deterior.
3274 3477 3365 3533 Sic
3396 3480 3542 3535 enim

1970 3555 2226 3611 fiduciam
2259 3556 2387 3612 facit
2416 3572 2607 3613 eorum
2638 3561 2834 3629 pietas,
2871 3578 2934 3617 ac
2977 3580 3191 3620 morum
3224 3571 3495 3627 rectitudo
3526 3591 3542 3627 :

1969 3648 2177 3720 Optima
2241 3664 2464 3719 quoque
2519 3649 2753 3706 fratrum
2823 3656 3125 3726 sodalitas,
3178 3674 3243 3715 ac
3309 3676 3540 3718 avorum

1970 3742 2158 3807 turba,
2224 3743 2497 3812 amicique
2531 3746 2734 3813 plures.
2775 3745 3100 3819 Quanquam
3137 3766 3266 3825 ergo
3299 3770 3328 3809 a
3362 3757 3541 3823 nobis,

1971 3848 2107 3903 quos
2148 3850 2337 3889 amore
2388 3846 2832 3907 prosequerctur,
2869 3856 2932 3896 ac
2962 3858 3198 3912 quorum
3230 3846 3544 3905 delectaba-

1974 3934 2062 3979 tur
2092 3926 2531 3993 consuetudine,
2578 3929 2744 3984 fuerit
2795 3946 3118 4002 separatus;
3178 3940 3324 4007 quod
3358 3950 3538 3998 tamen

1972 4030 2097 4071 cum
2160 4017 2503 4087 parentibus.
2542 4020 2840 4090 multisque
2896 4036 3255 4092 cognatorum
3284 4046 3348 4085 ac
3378 4032 3544 4088 {amt-

1972 4107 2210 4172 liarium,
2243 4109 2381 4163 nihil
2408 4111 2634 4166 omnino
2666 4113 2829 4168 nobis
2858 4115 3233 4175 deterioribus
3265 4132 3428 4192 agat;
3471 4126 3541 4180 ad

1973 4200 2087 4256 haec
2139 4216 2267 4257 vero
2301 4217 2425 4257 cum
2459 4203 2651 4267 beatis,
2685 4206 2912 4277 ipsoque
2946 4208 3171 4280 insuper
3217 4213 3350 4279 Deo,
3384 4216 3544 4288 longe

1973 4291 2162 4361 utique
2201 4292 2504 4362 jucundius
2563 4294 2781 4363 habeat,
2814 4313 2981 4367 quam
3012 4310 3072 4355 ut
3104 4317 3416 4363 versaretur
3447 4327 3544 4372 no:

1973 4383 2205 4449 biscum,
2242 4393 2299 4437 ut
2338 4384 2506 4439 ullam
2539 4387 2617 4443 rei
2653 4392 3123 4459 comparationem
3156 4396 3295 4453 inire
3344 4402 3544 4458 conde-

293 4478 691 4548 παραπλήσιον
726 4474 1068 4545 συμϐέϐηκε.
1121 4476 1277 4539 Τίνος
1310 4475 1420 4545 γὰρ
1452 4476 1519 4530 ἂν
1550 4478 1645 4531 καὶ
1686 4477 1865 4548 τύχοι-

1973 4481 2128 4529 ceat:
2166 4474 2322 4529 nobis
2344 4486 2546 4544 autem,
2580 4479 2673 4547 qui
2703 4480 2900 4535 horum
2920 4481 3220 4541 fecerimus
3242 4489 3542 4560 jacturam,

296 4584 394 4637 μεν
420 4567 663 4637 τάνδρὸς
694 4567 906 4618 ἐκείνου
952 4565 1263 4636 βελτίονοςς
1316 4567 1485 4636 Δῆλον
1526 4567 1602 4630 ὡς
1632 4567 1865 4630 οὐδενόςο

294 4662 411 4726 πῶς
452 4663 593 4733 γὰρ,
630 4661 721 4715 τοῦ
778 4661 1028 4731 μηδαμοῦ
1069 4661 1258 4727 ϐντος;
1304 4662 1444 4715 Ἀλλ’
1471 4662 1594 4715 οὐδὲ
1623 4663 1871 4733 λυπηρὸν

293 4755 486 4825 ἐκείνῳ
522 4752 893 4823 συμϐήσεται,
930 4752 1078 4822 ζωῆς
1124 4754 1222 4821 τῆς
1257 4753 1565 4822 ἀπεράντου
1599 4770 1870 4826 μετεσχη-

294 4844 434 4908 κότι,
482 4843 586 4897 καὶ
618 4842 779 4911 δόξης
811 4838 904 4906 αὗ,
944 4842 1044 4895 καὶ
1074 4846 1304 4913 τρυφῆς,
1348 4842 1570 4912 ἀλήκτῳ
1599 4841 1699 4913 βίῳ
1732 4860 1870 4913 συμ-

300 4933 638 4987 ϐαινουσῶν.
676 4930 919 5002 Ἦμῖν,δ⁹
952 4932 1194 4986 οἰκοῦσιν
1224 4933 1306 4985 ἔτι
1345 4933 1408 4985 τὸ
1439 4932 1619 5002 σῶμα,
1659 4932 1871 4985 πολλῶν

298 5023 487 5077 κακῶν
544 5022 725 5075 αῖτιον
776 5019 933 5075 εἶπεν
988 5022 1055 5075 ἂν
1108 5022 1357 5088 Πλάτων,
1392 5023 1627 5086 ’πολλοῖς
1661 5024 1871 5094 ἀνάγκη

305 5112 612 5184 μίγνυσθαι
640 5115 754 5179 τοῖς
786 5114 1005 5179 δεινοῖς,
1030 5106 1106 5168 ὧν
1142 5113 1193 5166 ei
1232 5116 1603 5183 μεταστάντες
1626 5115 1873 5185 ἀπηλλά-

298 5222 499 5276 γησαν.

366 5471 443 5526 Οὐ
475 5469 645 5543 μόνον
670 5469 850 5524 τοίνυν
878 5469 1227 5540 ἀπήλλακται
1256 5474 1586 5545 δυσχερειῶν
1612 5475 1695 5529 ὅτι
1726 5476 1877 5531 πλεί-

301 5583 467 5633 στων,
499 5564 574 5627 ἀς
620 5563 835 5632 ἀνάγκη
870 5563 961 5616 τὸν
995 5560 1187 5636 θνητὸν
1221 5570 1560 5636 περινοστεῖν
1589 5568 1742 5623 τόνδε
1788 5570 1879 5624 κό-

302 5671 461 5723 σμον·
492 5652 637 5708 ἀλλά
663 5653 761 5707 καὶ
817 5652 927 5706 τῶν
956 5655 1207 5708 ἐνταυθοῖ
1236 5656 1420 5711 καλῶν
1454 5657 1878 5728 ὀνομαζομένων

302 5748 483 5818 πολλῷ
519 5746 854 5813 κρειττόνων
881 5746 1169 5817 τετύχηκε.
1223 5749 1306 5804 Τά
1353 5751 1460 5822 γὰρ
1501 5754 1616 5805 ἐκεῖ
1648 5753 1789 5809 καλά
1815 5770 1875 5807 τε

540 5840 817 5902 Panos.
858 5841 973 5902 Gn.
1016 5842 1209 5905 CLVI.

1975 4566 2112 4621 nihil
2139 4568 2404 4636 ejusmodi
2438 4570 2643 4625 evenit.
2678 4570 2811 4625 Nam
2846 4574 2973 4643 quid
3007 4576 3081 4631 rei
3112 4579 3387 4647 possimus
3412 4600 3546 4639 con-

1973 4658 2151 4727 sequi,
2186 4668 2245 4713 ut
2280 4659 2412 4715 illud
2443 4661 2559 4716 viro
2618 4664 2877 4735 praestet?
2923 4664 3119 4736 Liquet
3160 4674 3383 4729 omnino
3432 4692 3546 4730 non

1974 4764 2134 4819 posse
2182 4750 2504 4822 quidquam.
2558 4754 2842 4820 Quomodo
2892 4758 3060 4825 enim,
3112 4777 3232 4816 cum
3286 4765 3424 4820 nihil
3477 4771 3548 4824 sit

1976 4838 2125 4893 tale?
2158 4839 2226 4893 At
2266 4856 2442 4911 neque
2474 4844 2628 4898 triste
2660 4845 2789 4913 quid
2823 4846 2901 4899 illi
2932 4849 3216 4916 acciderit,
3244 4854 3337 4921 qui
3370 4855 3547 4913 factus

1976 4928 2045 4982 sit
2070 4929 2343 4999 particeps
2378 4931 2806 4991 interminabilis
2842 4937 2987 5003 vita},
3038 4940 3334 5014 gloriaeque
3370 4956 3425 5000 et
3447 4962 3546 5001 vo-

1974 5018 2220 5088 luptatis,
2278 5037 2399 5091 quae
2435 5024 2556 5078 vitae
2591 5024 2667 5079 illi
2704 5026 3059 5085 indefectiblli
3122 5048 3378 5104 congrua:
3413 5037 3545 5093 sint.

1977 5109 2145 5166 Nobis
2182 5122 2367 5169 autem
2397 5115 2493 5186 qui
2519 5131 2720 5186 corpus
2775 5121 2951 5175 adhuc
2974 5120 3314 5180 domicilium
3351 5126 3549 5181 habea-

1976 5219 2123 5271 mus,
2184 5209 2329 5275 quod
2356 5208 2511 5263 Plato
2533 5212 2772 5280 plurium
2808 5213 3076 5267 malorum
3107 5228 3331 5270 causam
3366 5221 3550 5287 appel-

1976 5296 2135 5365 lavit,
2172 5313 2397 5356 necesse
2447 5303 2517 5357 sit
2552 5303 2738 5356 multis
2763 5302 3029 5372 implicari
3072 5306 3255 5371 malis,
3287 5322 3318 5362 a
3349 5308 3550 5377 quibus

1978 5388 2222 5444 defuncti
2245 5392 2447 5447 saeculo
2477 5401 2606 5447 sunt
2633 5393 2872 5449 liberati.

2049 5480 2256 5534 Nedum
2317 5497 2447 5552 erga
2476 5499 2507 5537 a
2539 5484 2805 5539 molestiis
2849 5486 3099 5556 plurimis
3136 5487 3398 5545 liberatus
3445 5500 3548 5561 est,

1980 5587 2119 5644 quas
2155 5589 2379 5630 necesse
2417 5584 2501 5631 est
2548 5578 2813 5632 mundum
2850 5580 2993 5635 hunc
3025 5583 3431 5653 corruptibilem
3456 5585 3555 5641 ob.

1980 5666 2190 5735 vagari,
2226 5667 2319 5722 sed
2369 5678 2422 5723 et
2446 5668 2588 5723 bona
2653 5672 2855 5727 nostris
2901 5672 2979 5729 sic
3026 5676 3353 5740 nuncupatis
3393 5676 3555 5749 longe

1981 5757 2195 5826 potiora
2217 5758 2445 5830 adeptus
2462 5770 2564 5822 est.
2588 5760 2719 5830 Quae
2768 5766 2911 5823 enim
2942 5782 3056 5823 aavo
3080 5767 3172 5822 illo
3186 5768 3412 5839 pulchra
3429 5783 3555 5827 sunt

3086 5861 3157 5923 10
