4024 6210
377 275 482 335 299

378 487 654 559 ruptibilia
714 484 1046 554 corruptioni
1103 483 1386 539 obnoxiis:
1449 493 1768 557 tantumque
1820 489 1954 543 illud

377 579 1000 641 amborumdiscrimen,
1038 585 1094 630 ut
1127 589 1302 648 neque
1323 578 1507 644 lingua
1541 579 1718 634 doceri
1740 588 1951 650 possit:

376 685 612 730 mentem
643 686 861 741 quoque
896 670 1046 724 carni
1075 670 1349 740 alligatam
1381 671 1532 726 intus
1565 673 1849 727 cadentem
1890 688 1954 727 ac

375 771 572 822 victam
608 764 868 818 ostendit.
911 762 1015 816 Sed
1051 771 1106 816 et
1135 778 1200 817 eo
1230 778 1451 833 quoque
1487 764 1611 817 vita:
1643 764 1788 820 illius
1818 763 1953 818 deli-

374 862 471 917 cia:
499 866 778 929 praestant,
810 855 954 926 quod
990 871 1018 907 a
1050 864 1235 911 nostra
1279 855 1364 908 illa
1390 856 1623 912 colluvie
1647 871 1795 925 purae
1818 851 1947 912 sint.

375 955 478 1012 llic
508 955 653 1010 enim
680 966 747 1006 ne
775 949 1000 1004 minima
1047 950 1268 1019 quidem
1313 948 1500 1002 laetitia
1537 955 1640 1011 est,
1681 952 1748 1004 ad
1779 963 1952 1018 usque

377 1051 539 1104 finem
585 1044 846 1110 omnique
889 1057 1114 1113 prorsus
1170 1042 1565 1114 injucunditate
1630 1055 1830 1095 vacans
1888 1056 1953 1097 ac

377 1144 650 1197 molestia.
714 1139 893 1206 Atque
927 1135 1060 1188 adeo
1092 1143 1150 1188 ut
1201 1133 1494 1203 diligenter
1521 1142 1732 1187 tantum
1763 1133 1950 1187 consi-

375 1239 657 1298 deremus,
716 1230 945 1300 liquebit
992 1229 1172 1297 plane,
1208 1234 1267 1279 ut
1327 1225 1609 1278 molestior
1639 1241 1764 1294 pars
1789 1240 1952 1294 supe-

377 1328 489 1381 rior
523 1325 614 1379 sit.
649 1323 789 1388 Quin
850 1330 901 1373 ct
935 1318 1071 1372 illud
1126 1316 1287 1371 nobis
1349 1315 1571 1369 cumulo
1624 1317 1950 1370 incumbens

377 1421 604 1480 malum,
629 1417 787 1482 longe
823 1411 1144 1468 maestitiam
1201 1409 1573 1464 molestiorem
1609 1407 1758 1463 facit.
1802 1407 1948 1462 Prat-

374 1513 546 1566 sentis
568 1509 769 1579 quippe
794 1507 894 1560 :evi
928 1505 1129 1569 tristia,
1158 1503 1394 1556 maximo
1415 1503 1515 1556 hoc
1533 1501 1742 1556 obrutis
1759 1500 1947 1567 fluctu,

375 1604 560 1658 multis
584 1602 832 1672 partibus
861 1601 1115 1668 graviora
1139 1595 1312 1649 lium:
1345 1594 1571 1663 ipsaque
1602 1593 1760 1658 adeo,
1781 1593 1824 1649 si
1844 1608 1949 1660 qua

371 1698 516 1750 bona
564 1709 626 1748 ac
681 1690 862 1747 dulcia
923 1691 1166 1742 humano
1218 1701 1320 1740 usu
1371 1691 1776 1751 nuncupantur,
1797 1698 1866 1738 ne
1895 1679 1950 1735 id

1569 277 1967 340 MANUELIS
2013 255 2468 344 mmemor

378 413 439 447 :-c
477 393 612 448 bona
675 401 825 447 tanto
877 391 1081 445 nostris
1137 389 1474 459 praecellunt,
1534 403 1738 460 quanto
1774 396 1943 450 incor-

2062 399 2155 450 zai
2196 397 2374 466 ἀγαθά
2431 395 2675 466 τοσούτῳ
2735 395 2962 468 προῦχει
3015 395 3127 449 τῶν
3175 395 3450 464 ἐνταυθοῖ,

3525 282 3630 348 300

3506 415 3628 450 οσον

2058 489 2302 542 ἀθάνατα
2338 488 2570 559 θνητῶν.
2625 488 2735 543 Καὶ
2781 487 2896 540 τοῖν
2941 487 3086 542 δυοῖν
3126 488 3184 541 τὸ
3215 487 3474 558 διάφορον
3505 489 3627 542 οὕτε

2057 581 2274 653 γλώττῃ
2333 581 2629 645 διδακτὸν,
2687 579 2811 634 νοῦν
2864 598 2924 634 τε
2995 582 3159 650 σαρκὶ
3217 580 3624 650 δεσμούμενον,

2055 675 2188 726 εἴσω
2235 675 2507 726 πίπτοντα
2547 673 2814 728 δείκνυσι.
2867 673 3200 726 Πλεωεκτεῖ
3228 673 3284 726 δὲ
3321 673 3421 726 κάν
3451 671 3626 743 τούτῳ

2055 765 2120 816 τὰ
2148 766 2243 834 τῆς
2269 763 2626 828 ἀπολαύσεως
2657 765 2756 835 τῆς
2791 766 2927 831 ἐκεῖ,
2951 765 3032 817 ὅτι
3063 763 3380 819 παντάπασι
3412 763 3626 837 καθαρά

2059 857 2167 910 τῶν
2220 857 2508 928 ἡμετέρων
2562 861 2795 910 τουτωνὶ
2850 854 3158 927 συριξετῶν.
3221 855 3486 909 Ἐνταῦθα
3517 856 3624 926 γάρ

2056 948 2163 1001 οὐδ’
2197 949 2376 1002 ὁτιοῦν
2416 949 2532 1001 ἐστι
2561 948 2667 1002 τῶν
2698 950 2778 1012 εἰς
2807 946 3154 1017 εὐφροσύνην
3196 946 3283 998 διά
3314 945 3499 1008 τέλους
3532 961 3625 997 κα-

2055 1039 2288 1111 θαρεῦον
2329 1040 2546 1112 ἀηδίας.
2597 1041 2775 1096 Μόνον
2827 1041 2937 1112 γάρ
2980 1039 3073 1093 οὖν
3130 1031 3424 1092 σκοποῦσιν
3459 1041 3621 1108 ἀκρι-

2053 1135 2334 1206 ϐέστερον,
2367 1136 2834 1206 ὲπικρατέστερον
2868 1134 3225 1204 εὑρεθήσεται
3265 1132 3326 1186 τὸ
3369 1129 3624 1202 δυσχερέ-

2057 1246 2251 1299 στερον
2286 1227 2475 1297 μέρος.
2529 1227 2693 1282 Ἀλλά
2742 1228 2849 1299 μὴν
2879 1228 2974 1280 καὶ
3005 1227 3152 1279 τοῦθ’
3186 1227 3319 1296 ἡμῖν
3351 1226 3623 1278 ὲπξκειται

2052 1321 2113 1373 τὸ
2151 1321 2340 1389 δεινὶν⁹
2394 1319 2788 1391 χαλεπωτέραν
2835 1319 3037 1389 κομιδῆ
3085 1319 3184 1390 τὴν
3225 1318 3468 1386 ἀθυμίαν
3505 1333 3623 1369 ποιο

2051 1407 2167 1460 οὖν.
2205 1408 2286 1460 Τά
2328 1425 2389 1460 τε
2441 1409 2551 1478 γὰρ
2584 1409 2785 1478 ἀνιαρά
2813 1407 2908 1461 τοῦ
2941 1410 3212 1477 παρόντος
3251 1407 3366 1477 ιείου
3399 1405 3533 1459 πολύ
3569 1423 3622 1460 τι

2053 1501 2418 1570 χαλεπώτερα
2452 1503 2724 1570 γίγνεται,
2779 1500 3232 1572 βεϐαπτισμένοις
3266 1503 3370 1554 ὑπὸ
3401 1499 3494 1553 τοῦ
3529 1518 3623 1570 με-

2052 1591 2240 1660 γίστου
2289 1592 2532 1662 κύματος
2583 1592 2773 1645 τούτου
2801 1609 2814 1622 ο
2864 1593 2961 1646 καὶ⁵
3014 1593 3049 1646 ἆ
3094 1592 3238 1646 καλά
3269 1609 3330 1645 τε
3367 1594 3462 1645 καὶ
3490 1592 3621 1662 ἡδέα

2056 1687 2582 1756 προσαγορεύομεν,
2624 1686 2743 1739 οὐδὲ
2795 1684 2929 1755 γοῦν
2976 1685 3050 1749 ὡς
3096 1686 3208 1755 ἔχει
3274 1683 3490 1754 φύσεως
3541 1685 3623 1736 ἔτι

373 1789 591 1857 quidem
634 1785 777 1852 quod
841 1781 1040 1834 habent
1087 1786 1319 1845 natura,
1379 1777 1616 1846 amplius
1671 1775 1943 1829 videntur.

2055 1753 2330 1844 φαίνεται.
2377 1753 2568 1831 καίτοι
2621 1778 2674 1830 τί
2715 1753 2816 1830 και
2869 1753 3163 1848 μέμνημαι
3217 1753 3398 1831 καλῶν
3441 1794 3499 1830 τε
3531 1777 3623 1828 καὶ

369 1880 735 1948 Quanquam,
775 1872 902 1942 quid
938 1873 1208 1925 bonorum
1241 1869 1463 1921 memini
1493 1876 1654 1936 atque
1678 1867 1947 1932 dulcium,

373 1969 597 2041 quando
631 1969 698 2022 iis
733 1979 980 2035 quoque,
1015 1980 1135 2030 quin
1171 1961 1399 2016 delicias
1454 1962 1708 2026 habeant,
1743 1961 1951 2028 absque

374 2064 544 2117 beatie
597 2057 874 2111 meruerim
918 2055 1034 2108 viro
1085 2051 1217 2116 frui,
1279 2051 1482 2105 malum
1516 2060 1600 2106 cst
1633 2065 1737 2105 non
1773 2050 1952 2104 feren-

370 2155 533 2219 dum;
597 2161 766 2218 utque
833 2147 916 2201 vel
953 2145 1053 2200 hos
1105 2144 1289 2198 radios
1337 2143 1511 2208 dicas,
1565 2156 1801 2212 quorum
1860 2141 1952 2195 ille

372 2260 539 2302 usura
598 2241 844 2314 privatus
899 2238 989 2292 sit.
1023 2236 1128 2291 Sed
1163 2250 1266 2290 nec
1302 2235 1444 2289 bona
1497 2233 1770 2300 valetudo,
1803 2247 1866 2287 ac
1901 2231 1946 2287 si

369 2355 476 2412 qua
506 2345 631 2392 sunt
657 2349 751 2406 per
776 2349 832 2388 se
863 2333 1030 2393 bona,
1051 2328 1232 2400 magni
1253 2328 1508 2396 deinceps
1538 2343 1566 2380 a
1593 2327 1749 2380 nobis
1773 2326 1900 2382 flant
1928 2341 1943 2380 ε

360 2430 649 2504 quomodo
695 2426 864 2489 enim,
923 2423 1125 2493 quibus
1159 2435 1227 2474 ne
1285 2419 1464 2488 ipsum
1515 2419 1733 2488 quidem
1765 2418 1947 2472 vivere

368 2537 599 2594 prorsus
655 2519 904 2576 videatur
939 2513 1196 2570 bonum?
1246 2512 1400 2579 Quod
1433 2511 1578 2566 enim
1610 2525 1802 2565 eorum
1840 2511 1949 2566 sint

365 2621 621 2685 separata
650 2625 903 2680 corpora,
937 2620 1170 2676 quorum
1198 2603 1547 2674 inseparabili
1579 2602 1796 2657 vinculo
1824 2603 1945 2657 aui-

2047 1868 2243 1938 ἡδέων,
2289 1869 2438 1921 ὁπότ’
2489 1869 2598 1921 οὐδ’
2638 1870 2862 1923 ἀνεκτόν
2925 1873 3040 1923 ἔστι
3090 1872 3197 1922 τῶν
3258 1870 3623 1923 ἀπολαυστῶν

2047 1960 2343 2013 ἀπολαύειν
2381 1961 2510 2014 ἄνευ
2547 1963 2760 2015 ἐκείνου
2803 1961 2896 2015 τοῦ
2955 1962 3285 2033 μακαρίτου,
3335 1962 3457 2016 οὐδὲ
3488 1980 3622 2015 ταυ-

2044 2051 2174 2122 τησὶ
2203 2052 2303 2122 τῆς
2331 2054 2572 2119 ἀκτῖνος,
2614 2049 2836 2126 ἧστινος
2866 2057 3072 2117 ἐκεῖνος
3104 2056 3394 2124 ἐστέρηται
3419 2072 3433 2121 ;
3482 2053 3623 2107 Ἀλλ’

2047 2145 2258 2197 οὐδὲτὸ
2296 2145 2577 2210 εύεκτεῖν,
2617 2147 2715 2200 καὶ
2772 2149 2872 2200 ὅσα
2922 2147 3044 2199 καθ’
3091 2147 3230 2201 αὑτά
3282 2147 3445 2212 καλά,
3493 2146 3624 2216 περὶ

2049 2238 2308 2290 πλείστου
2355 2238 2554 2304 γένοιτ’
2591 2239 2656 2294 ἂν
2686 2242 2816 2310 ἡμῖν
2849 2239 2950 2294 ἔτι.
2983 2240 3189 2306 Πόθενς
3233 2236 3328 2302 Οἷς
3381 2255 3446 2308 γε
3498 2238 3622 2310 μηδ’

2050 2329 2185 2381 αὐτὸ
2213 2330 2273 2381 τὸ
2303 2329 2400 2400 ζῇν
2451 2330 2657 2399 ἀγαθὸν
2689 2332 2823 2395 ὅλως
2867 2333 3136 2401 φαίνεται.
3188 2331 3262 2383 Τδ
3305 2331 3414 2402 γάρ
3450 2346 3623 2400 κεχω-

2053 2421 2238 2490 ρίσθαι
2285 2423 2351 2474 τά
2387 2422 2640 2493 σώματα,
2691 2417 2768 2478 ὧν
2805 2423 2861 2477 αἱ
2911 2424 3081 2494 ψυχαὶ
3115 2421 3434 2492 ἀχώριστοι,
3474 2420 3625 2473 οὐδὲν

2052 2512 2114 2581 ἐᾷ
2139 2509 2248 2563 τῶν
2277 2513 2525 2581 τερπνῶν
2557 2513 2812 2584 καθαρῶς
2839 2515 2895 2567 ὲν
2927 2512 3005 2584 τῷ
3027 2513 3389 2584 καθεστηκότι
3417 2511 3620 2579 μένειν,

2051 2602 2146 2656 καὶ
2178 2605 2326 2658 τοῦθ’
2359 2605 2386 2658 ὃ
2418 2607 2636 2676 λέγεται
2665 2607 2902 2677 τερπνὸν
2926 2606 3006 2659 ἔτι
3036 2606 3340 2676 κρίνεσθαι.

369 2711 442 2767 mi
471 2708 645 2780 juncti
690 2712 894 2770 essent,
946 2701 1159 2762 nullum
1192 2697 1509 2755 delectabile
1549 2697 1775 2752 omnino
1809 2703 2063 2754 constare
2117 2696 2268 2765 sinit,
2298 2709 2465 2770 utque
2530 2699 2712 2755 adhuc
2769 2700 2914 2768 quod
2962 2701 3184 2766 dicitur,
3247 2699 3423 2767 reipsa
3475 2699 3621 2758 dele-

362 2801 566 2859 ctabile
595 2807 834 2870 putetur.
934 2842 956 2861 ,

439 2896 518 2951 llli
551 2893 769 2965 quidem
797 2890 961 2946 multa
982 2888 1146 2961 pedes
1175 2887 1442 2959 gravitate
1471 2887 1636 2944 sociis
1674 2886 1934 2960 martyri-

367 2991 471 3046 bus
502 2987 702 3042 choros
733 2985 956 3049 ducent,
984 2982 1079 3050 qui
1110 2996 1289 3051 neque
1323 2981 1410 3036 hic
1443 2980 1691 3036 incedere
1723 2989 1940 3052 poterat

2121 2883 2286 2954 Αὖτῷ
2337 2883 2437 2955 μὲν
2491 2876 2588 2937 οὖν
2638 2881 2688 2936 οἱ
2742 2881 2899 2945 πόδες
2953 2880 3280 2954 χορεύσουσι
3330 2883 3468 2954 μετά
3514 2881 3624 2936 τῶν

2052 2976 2354 3047 μαρτύρων
2396 2977 2610 3046 σεμνῶς
2653 2975 2816 3044 ἄγαν,
2865 2975 2942 3044 τῷ
2983 2976 3117 3046 μηδὲ
3163 2975 3402 3044 βαδίζειν
3433 2975 3620 3030 ἐνθάδε

367 3084 459 3137 ubi
489 3081 715 3136 morbus
734 3078 1080 3134 obtinuisset.
1112 3073 1264 3129 Mitto
1279 3075 1426 3128 enim
1455 3072 1641 3129 dicere
1669 3074 1789 3144 ejus
1816 3074 1943 3130 illos

2048 3069 2336 3135 δύνασθαι,
2378 3069 2518 3138 μετά
2567 3068 2628 3122 τὸ
2678 3067 2776 3139 τὴν
2826 3067 2980 3121 νόσον
3036 3067 3464 3138 κεκρατηκέναι.
3513 3067 3619 3120 Ἐῶ

364 3191 464 3246 pro
496 3176 699 3228 virtute
730 3165 946 3229 cursus,
975 3167 1221 3236 quandiu
1254 3165 1481 3219 facultas
1526 3174 1644 3219 erat
1685 3183 1700 3219 :
1734 3165 1951 3236 eﬂulget

365 3281 494 3321 vero
547 3264 763 3318 animus
812 3261 1012 3314 nedum
1064 3266 1289 3327 propter
1321 3256 1444 3310 fidei
1480 3255 1654 3311 zelum
1696 3273 1709 3310 :
1747 3256 1948 3326 quippe

365 3361 417 3413 in
446 3373 512 3414 eo
554 3355 756 3409 multus
787 3351 1039 3421 vigebat;
1111 3357 1396 3418 propterve
1464 3347 1700 3417 pericula
1752 3347 1949 3417 quibus

362 3461 464 3513 pro
494 3451 653 3513 gente
705 3439 998 3494 defunctus
1044 3438 1159 3492 sit:
1201 3437 1369 3491 multa
1415 3436 1681 3506 siquidem
1716 3437 1850 3492 obiit
1883 3453 1949 3492 ac

363 3538 556 3591 crebra
587 3552 600 3588 :
637 3532 730 3588 sed
764 3531 887 3600 quia
918 3540 1031 3586 toto
1059 3531 1222 3584 etiam
1257 3544 1487 3598 corpore
1517 3544 1546 3582 a
1583 3530 1708 3584 mali
1733 3530 1950 3585 acerbi-

365 3639 474 3683 tate
501 3628 617 3682 dire
647 3627 910 3687 lacerato,
936 3637 1002 3676 ne
1058 3625 1284 3676 verbum
1337 3621 1553 3689 quidem
1593 3629 1652 3675 ut
1686 3638 1946 3691 magnum

362 3730 457 3774 aut
486 3733 711 3789 parvum
743 3716 915 3780 dicas,
953 3713 1238 3782 degeneris
1268 3713 1477 3768 miserit
1525 3713 1726 3767 indicio
1751 3714 1941 3779 animi,

361 3829 539 3883 qnnvc
566 3818 850 3878 augustum
878 3814 1068 3876 pectus
1091 3804 1343 3875 proderet
1377 3822 1392 3858 :
1415 3815 1579 3875 atque
1605 3809 1763 3872 adeo,
1797 3806 1944 3877 quod

364 3920 470 3956 non
504 3901 728 3955 multam
761 3898 985 3953 haberet
1017 3897 1316 3967 gratiarum
1377 3897 1672 3962 actionem,
1717 3899 1795 3952 uti
1824 3898 1939 3970 jam

361 3994 615 4064 superius
644 3994 822 4046 oratio
853 3990 1112 4045 ostendit.
1149 3988 1514 4056 Quamobrem
1548 3990 1656 4053 ille,
1693 4005 1725 4045 a
1779 3992 1942 4060 palat-

359 4099 472 4141 stra
507 4087 571 4139 ad
601 4099 831 4138 coronas
852 4097 914 4137 ac
951 4082 1372 4151 pramnia,atque
1407 4095 1437 4134 a
1482 4081 1848 4137 deterioribus
1885 4090 1940 4137 et

360 4178 518 4232 fluxis
572 4178 636 4230 ad
667 4179 870 4246 potiora
925 4189 987 4228 ac
1021 4173 1139 4227 sine
1177 4181 1322 4226 motu
1384 4173 1687 4228 constantia
1718 4184 1940 4230 vocatus

356 4269 460 4320 t’uit
495 4286 507 4332 ;
543 4283 638 4321 nos
674 4278 856 4319 autem
889 4274 949 4318 ut
973 4273 1025 4317 et
1061 4271 1188 4318 ante
1224 4262 1498 4328 dicebam,
1529 4271 1642 4317 toto
1674 4263 1936 4334 deinceps

364 4371 606 4428 tempore
635 4357 775 4410 male
811 4353 1054 4408 habituri
1091 4369 1324 4420 sumus;
1356 4355 1449 4424 qui
1480 4369 1549 4409 eo
1591 4355 1813 4424 quidem
1841 4371 1935 4408 ca-

2059 3160 2172 3229 γάρ
2197 3160 2380 3226 λέγειν
2411 3161 2538 3219 τοὺς
2563 3159 2702 3228 ὑπὲρ
2722 3157 2919 3229 ἀρετῆς
2945 3156 3206 3227 δρόμους,
3231 3157 3335 3222 ἕως
3365 3157 3492 3227 ἐξῆν
3525 3151 3616 3229 ἦν.

2067 3251 2400 3322 Ἀστράπτει
2433 3250 2491 3303 δὲ
2524 3253 2556 3321 ἡ
2596 3251 2744 3321 ψυχὴ
2802 3249 2863 3302 οὗ
2901 3251 3060 3319 μόνον
3090 3247 3180 3302 διὰ
3219 3249 3309 3300 τὸν
3344 3249 3484 3316 ὑπὲρ
3517 3247 3616 3318 τῆς

2054 3345 2290 3406 πίστεως
2323 3343 2506 3413 ζῆλον,
2549 3343 2718 3406 πολὺς
2759 3343 2866 3412 γὰρ
2903 3335 2970 3413 ἦν
2999 3343 3136 3412 παρ’
3167 3341 3336 3412 αὐτῷ,
3367 3341 3462 3396 καὶ
3489 3343 3618 3403 τοὺς

2051 3435 2194 3508 ὑπὲρ
2219 3435 2313 3488 τοῦ
2357 3435 2550 3504 γένους
2593 3433 2894 3500 κινδύνους,
2935 3435 3165 3497 πολλοὺς
3191 3434 3302 3506 γὰρ
3336 3434 3620 3502 ἀνεδέχετο

2049 3529 2144 3581 καὶ
2172 3527 2412 3591 πυκνούς
2435 3545 2448 3559 ο
2481 3527 2596 3582 ἀλλ’
2627 3527 2706 3580 ὅτι
2744 3527 2838 3580 καὶ⁸
2866 3527 2958 3580 τού
2990 3527 3241 3596 σώματος
3272 3527 3417 3597 αὐτῷ
3448 3543 3618 3578 κατα-

2017 3605 2380 3690 ’τεμνομένου
2403 3623 2467 3689 τῇ
2496 3618 2587 3672 τοῦ
2617 3619 2788 3672 κακοῦ
2815 3619 3128 3690 δριμύτητι,
3150 3618 3325 3684 οὐδὲν,
3353 3618 3414 3671 οὗ
3447 3618 3616 3688 μέγα,

2045 3711 2105 3763 οὗ
2133 3712 2366 3780 σμικρδν
2399 3711 2551 3781 ῥῆμα
2573 3713 2887 3781 προήγαγεν
2918 3711 3160 3778 ἀγεννὲς,
3187 3711 3220 3781 ἢ
3249 3709 3618 3781 μικροψυχίαν

2047 3809 2384 3876 ὑποφαῖνον·
2439 3807 2643 3877 μᾶλλον
2689 3807 2746 3859 δὲ
2803 3809 2915 3860 οὐδ’
2954 3808 3166 3872 ὁτιοῦν,
3223 3807 3250 3860 ὃ
3295 3807 3371 3878 μὴ
3413 3807 3616 3877 πολλῆς

2046 3901 2216 3971 ἔγεμε
2257 3899 2354 3970 τῆς
2388 3900 2769 3970 εὐχαριστίας,
2799 3900 2874 3964 ὡς
2923 3903 2951 3953 ὁ
2980 3900 3138 3968 λόγος
3165 3899 3454 3969 προλαϐὼν
3480 3900 3619 3951 ἔδειν

2045 3993 2155 4061 ξεν.
2188 3992 2343 4046 Ὠστ⁹
2398 3991 2606 4056 ἐκεῖνος
2660 3992 2722 4057 ἐξ
2771 3990 2998 4060 ἀγώνων
3043 3993 3179 4061 πρὸς
3228 3991 3529 4061 στεφάνους
3556 4009 3615 4046 τε

2042 4089 2137 4140 καὶ
2169 4085 2329 4156 γέρα,
2372 4083 2468 4138 καὶ
2501 4084 2606 4137 ὑπὸ
2632 4085 2742 4138 τῶν
2778 4082 3128 4154 φαυλοτέρων
3160 4100 3218 4137 τε
3248 4084 3342 4136 καὶ
3379 4083 3616 4154 ῥεόντων

2042 4180 2134 4231 ἐπὶ
2165 4181 2232 4230 τά
2272 4176 2506 4247 κρείττω
2534 4175 2629 4229 καὶ
2673 4175 2752 4246 μὴ
2780 4174 3079 4244 κινούμενα
3124 4175 3408 4246 κέκληταιο
3447 4175 3609 4244 ἡμεῖς

2039 4270 2094 4324 δὲ
2134 4270 2262 4338 ἄρα,
2295 4268 2370 4331 ὡς
2412 4268 2478 4337 δὴ
2519 4268 2613 4320 καὶ
2646 4265 2918 4338 προῦφην,
2975 4266 3064 4319 τόν
3123 4281 3184 4334 γε
3233 4265 3358 4334 ἑξῆς
3393 4267 3614 4319 ἅπαντα

2039 4360 2230 4430 χρόνον
2281 4356 2471 4418 κακῶς
2506 4355 2925 4426 διακεισόμεθκ·
2961 4355 3317 4425 ἐστερημένοι
3365 4355 3464 4422 μὲν
3507 4353 3611 4406 αὐ-

359 4465 601 4512 reantus,
633 4463 792 4517 quem
829 4447 980 4499 nullo
1005 4445 1115 4498 alio
1143 4460 1392 4500 essemus
1428 4447 1763 4515 redempturi
1789 4464 1803 4510 ;
1840 4461 1928 4500 ca-

2046 4450 2150 4516 ιοῡ,
2181 4448 2240 4501 δν
2294 4447 2360 4502 ἂν
2413 4447 2504 4500 τοῦ
2575 4447 2777 4509 παντὸς
2822 4447 3210 4516 ήλλαξόμεθα,
3255 4445 3612 4514 ἐστερημένοι

359 4556 575 4596 reamus
598 4554 728 4592 vero
765 4537 834 4591 iis
859 4550 1080 4605 quoque
1115 4535 1299 4600 bonis,
1341 4550 1578 4605 quorutn
1614 4536 1706 4589 ille
1739 4549 1934 4591 auctor

356 4643 528 4693 esset,
577 4644 682 4699 qua
722 4628 974 4697 plmbens
1004 4625 1072 4680 ad
1113 4625 1287 4679 instar
1322 4625 1512 4692 fontis,
1549 4627 1642 4696 qui
1677 4643 1930 4680 nonnun-

347 4739 520 4794 quam
550 4720 845 4776 consulens
869 4733 966 4771 seu
994 4717 1142 4772 omni
1172 4718 1335 4771 modo
1370 4719 1683 4787 providens.

434 4814 726 4866 Enimvero
757 4811 933 4864 sentio
961 4807 1103 4862 haud
1137 4824 1265 4863 sane
1288 4809 1629 4866 conclusisse
1657 4825 1672 4865 :
1702 4827 1929 4882 vosque,

347 4921 482 4960 cum
533 4918 773 4974 praesens
806 4902 1119 4956 auditorum
1159 4915 1384 4968 corona,
1421 4913 1530 4956 tum
1574 4904 1618 4957 si
1658 4903 1752 4973 qui
1794 4904 1932 4960 forte

359 5011 588 5064 usquam
637 4994 850 5047 huncce
905 4994 1368 5048 commentarium
1410 4995 1600 5049 lecturi
1651 4997 1806 5059 estis,
1840 5014 1931 5050 ve-

345 5088 504 5142 ~niant
537 5086 703 5140 errati
738 5099 894 5155 rogo.
929 5083 1062 5157 Ejus
1109 5084 1298 5140 forsan
1333 5086 1490 5141 dolor
1523 5088 1577 5141 in
1612 5102 1776 5142 causa
1808 5088 1930 5152 fuit,

354 5180 446 5246 qui
484 5179 818 5235 hebetiorem
851 5158 1100 5233 molestia
1126 5178 1371 5234 animum
1406 5179 1618 5235 fecerit.
1643 5180 1926 5246 Quodnam

352 5288 484 5326 vero
533 5273 661 5326 illud
703 5271 997 5327 erratum?
1043 5270 1166 5326 Jam
1206 5287 1325 5326 sum
1359 5270 1624 5327 dicturus.
1664 5271 1928 5326 Nimirum

345 5367 728 5435 pronuntiavi,
757 5367 930 5418 virum
965 5365 1123 5420 nobis
1152 5366 1420 5434 Optimum
1446 5380 1509 5420 ac
1535 5365 1736 5420 eximie
1760 5365 1932 5420 dilec-

349 5464 489 5522 tum,
514 5457 738 5511 omnino
763 5457 1168 5511 immortalibus
1191 5457 1348 5510 bonis
1370 5467 1619 5524 Oportere
1644 5461 1927 5512 donatum.

349 5543 407 5599 id
439 5547 601 5616 plane
635 5564 850 5606 verum.
904 5549 996 5604 Sic
1027 5552 1172 5602 enim
1212 5549 1499 5617 probatum
1531 5550 1768 5603 arbitror
1809 5566 1929 5604 eam

343 5653 496 5710 spem
531 5640 748 5695 decere.
789 5640 900 5694 Nos
949 5653 1156 5703 autem,
1203 5641 1379 5710 ipsius
1407 5640 1677 5710 iacturam
1714 5657 1928 5710 passos,

342 5730 438 5800 qui
471 5733 840 5788 maximorum
874 5742 1039 5803 atque
1072 5734 1308 5803 plurium
1338 5734 1496 5790 nobis
1525 5734 1793 5790 bellorum
1833 5750 1931 5787 au-

2039 4541 2097 4592 δὲ
2133 4537 2229 4592 καὶ
2259 4538 2366 4590 τῶν
2403 4535 2643 4605 ἀγαθῶν,
2677 4531 2750 4590 ὧν
2783 4537 2957 4600 αἴτιος
3007 4533 3074 4606 ἦν
3125 4537 3350 4597 ἐκεῖνος,
3395 4535 3461 4586 τὰ
3513 4535 3611 4602 μὲν

2035 4631 2210 4692 διδοὺς
2255 4629 2331 4692 ὡς
2381 4628 2492 4682 ἀπὸ
2547 4629 2756 4698 πηγῆς,
2785 4627 2856 4680 τά
2885 4627 2941 4680 δέ
2992 4643 3094 4679 που
3149 4623 3537 4694 συμϐουλεύων
3572 4623 3606 4693 ᾖ

2036 4725 2440 4793 προνοούμενος
2475 4721 2694 4775 ἅπαντα.
2723 4720 2948 4790 τρόπον.

2121 4813 2285 4882 ’ᾼλλά
2324 4814 2437 4882 γὰρ
2481 4812 2814 4880 αἰσθάνομαι
2859 4811 2960 4881 οὐχ
2993 4811 3162 4880 ὑγιῶς
3208 4815 3607 4884 συμπεράνιςο

2037 4905 2134 4960 καὶ
2156 4904 2272 4960 δότε
2309 4921 2399 4974 μοι
2427 4903 2760 4972 συγγνώμην
2792 4903 3136 4972 ἡμαρτηκότι
3167 4905 3223 4958 οε
3246 4921 3306 4956 τε
3338 4906 3607 4973 παρόντες

2033 4999 2328 5068 ἀκροαταὶ,
2362 4999 2458 5051 καὶ
2494 4998 2542 5050 οε
2589 4996 2667 5065 τῷ
2701 4977 3098 5066 συγγράμματῖ
3130 4999 3305 5068 τούτῳ
3371 4999 3603 5065 ὁπουδή-

2039 5106 2169 5142 ποτε
2201 5089 2362 5158 τυχδν
2407 5087 2805 5159 ἐντευξόμενοι.
2833 5087 2991 5150 Ἴσως
3023 5105 3111 5158 μοι
3146 5089 3208 5142 τὸ
3247 5091 3418 5153 πάθος
3447 5090 3606 5143 τοῦτο

2035 5182 2428 5252 προύξένησεν,
2463 5183 2842 5251 ἐργασάμενον
2868 5182 3214 5252 ἀμϐλύτερον
3241 5184 3331 5234 τὸν
3365 5182 3510 5236 νοῦν.
3537 5181 3604 5235 Τί

2033 5274 2090 5326 δὲ
2122 5275 2181 5327 τὸ
2222 5275 2568 5344 ἀμάρτημα;
2627 5274 2766 5345 Ἤδη
2811 5275 2970 5341 λέξω.
3019 5275 3412 5346 Ἀπεφηνάμην
3459 5272 3602 5330 εἶναι

2030 5366 2144 5419 δεῖν
2175 5367 2268 5418 τὸν
2308 5366 2528 5438 ἄριστον
2563 5369 2712 5437 ’ἡμῖν
2761 5370 2856 5422 καὶ
2897 5368 3265 5438 διαφερόντως
3299 5369 3606 5439 πεφιλημέ-

2033 5474 2125 5509 νον
2174 5458 2232 5510 έν
2278 5457 2502 5526 ἀγαθοῖς
2533 5459 2855 5529 ἀκηράτοις·
2885 5460 3029 5514 τοῦτ’
3051 5461 3274 5528 ἀληθές·
3307 5460 3451 5514 οὕτω
3486 5461 3598 5534 γὰρ

2032 5549 2280 5611 ἐλπίζειν
2325 5553 2626 5621 προσήκειν
2684 5547 2839 5621 οἶμαι
2897 5553 3196 5624 δεΞεῐχθαισ
3250 5555 3396 5625 ὑμᾶς
3450 5554 3495 5609 δ’
3536 5556 3600 5610 ἄν

2032 5640 2231 5704 λύπαις
2275 5643 2366 5694 τὸν
2398 5645 2575 5696 πάντα
2625 5645 2840 5713 χρόνον,
2896 5647 3058 5700 αὐτόν
3089 5666 3151 5716 γε
3184 5648 3355 5718 δήπου
3391 5649 3604 5718 ζημιω-

2033 5733 2248 5800 θέντας,
2279 5735 2336 5798 ὃς
2365 5731 2431 5806 ἦν
2464 5737 2632 5799 αῐτιος
2667 5737 2817 5807 ὑμῖν,
2863 5740 2952 5792 καὶ
2987 5735 3056 5809 ἦν
3080 5739 3164 5805 ἂν,
3198 5742 3250 5793 εἴ
3275 5757 3336 5808 γε
3375 5739 3598 5812 περιῆν,
