4024 6210
432 321 537 379 303
556 356 559 359 ι

1619 311 2023 375 MANUELIS
2059 311 2514 375 PALIEOLOGI
2592 340 2639 369 /

3596 299 3701 366 36$

431 440 529 509 piii
558 456 570 491 :
600 437 685 493 cui
718 435 806 491 illa
836 431 1234 499 concorporalis
1260 447 1321 484 ac
1344 429 1572 485 coheres
1594 431 1827 497 exstitit,
1847 432 2002 502 juxta

2138 431 2333 501 Ξωτῆρι
2374 427 2600 501 Χριστῷ
2626 444 2637 457 '
2669 427 2769 497 τῆς
2806 427 3018 500 κεφαλῇ
3052 426 3151 497 τῆς
3196 423 3527 497 Ἐκκλησίας
3558 418 3703 478 άπά-

431 531 740 585 doctrinam
776 525 966 589 Pauli;
1006 524 1058 577 in
1092 540 1193 593 quo
1229 523 1417 591 utique
1450 520 1734 577 Salvatore
1781 539 1845 577 ac
1881 524 2009 588 Deo,

432 620 609 689 lapide
631 632 835 671 summa
861 615 1111 683 (iugulari
1133 653 1148 677 ,
1181 615 1351 666 omnis
1375 613 1663 679 wdiﬁcatio
1680 623 2014 668 constructa:

436 727 561 763 nam
594 707 747 761 Pauli
778 706 971 759 iterum
1012 704 1289 773 usurpabo
1327 704 1492 757 verba
1528 720 1543 757 :
1577 704 1765 756 crescit
1796 704 1851 756 in
1882 713 2016 757 tem-

436 803 582 868 plum
604 809 866 853 sanctum.
892 797 1071 866 Atque
1095 803 1151 850 ut
1176 796 1289 849 haec
1308 796 1513 864 pariter
1528 793 1846 859 videantur,
1871 794 2017 849 haud

436 895 593 962 plane
628 906 808 960 operae
839 889 1078 959 pretium
1112 888 1206 952 sit,
1240 900 1439 942 utcum
1468 903 1566 956 pro
1598 888 1720 959 ejus
1751 888 1817 943 ad
1846 888 2017 944 Deum

370 1000 373 1001 '
436 985 797 1055 prolectione,
838 998 902 1037 ac
934 982 1096 1037 bonis
1123 998 1245 1052 qua:
1283 990 1365 1036 est
1398 994 1750 1050 consecutus,
1780 982 2022 1053 gauden-

435 1079 565 1132 dum
597 1086 763 1141 esset,
804 1085 914 1128 tum
950 1074 1125 1129 nostri
1163 1089 1354 1138 causa,
1392 1088 1456 1127 ac
1493 1085 1716 1143 pmpter
1761 1082 2011 1128 nostram

430 1180 729 1237 iacturam.
760 1168 953 1239 grandi
993 1167 1219 1224 tristitia
1254 1167 1586 1237 impleantur
1621 1182 1684 1222 ac
1714 1168 2018 1232 mmstitia;

439 1278 507 1315 ne
548 1261 771 1330 quando
805 1260 904 1314 ista
938 1261 1144 1313 morosi
1176 1259 1312 1321 sint,
1349 1274 1412 1311 ac
1452 1259 1574 1329 ejus
1615 1261 1709 1330 qui
1742 1261 1844 1315 sibi
1874 1262 2016 1326 lzeta,

438 1353 620 1407 dilecti
656 1353 961 1407 commodis
993 1360 1313 1420 anteponat.
1346 1350 1416 1405 Ut
1450 1351 1577 1419 quis
1622 1353 1765 1407 enim
1807 1352 2020 1407 sincere

438 1454 602 1511 amet,
647 1447 873 1500 multam
917 1446 1110 1499 lubens
1133 1443 1439 1498 molestiam
1469 1444 1674 1510 tulerit,
1702 1460 1811 1513 quo
1842 1444 2023 1500 charis

441 1540 493 1593 in
529 1539 700 1608 gloria
737 1539 945 1594 versari
971 1554 1035 1594 ac
1066 1538 1392 1593 remissione
1424 1552 1559 1606 pura
1590 1552 1620 1591 a
1648 1536 1876 1595 crimine
1893 1554 2025 1593 con-

436 1648 655 1687 cessum
686 1634 776 1686 sit.

419 1879 437 1885 ν
514 1836 619 1889 Sed
646 1844 698 1889 et
742 1844 969 1889 matrem
1046 1834 1374 1904 quandoque
1424 1848 1454 1888 a
1506 1834 1772 1889 viduitate
1839 1832 2025 1898 ﬁliam,

443 1946 607 1994 quam
664 1931 1005 2000 unigenitam
1063 1944 1125 1983 ac
1172 1930 1459 1998 pulchram
1532 1929 1749 1994 habeat,
1800 1945 1898 1999 pro
1919 1943 2025 1998 qua

444 2026 608 2079 vitam
636 2040 852 2093 quoque
888 2024 1154 2077 traditura
1180 2030 1320 2087 erat,
1350 2022 1586 2078 alienam
1620 2022 1672 2075 in
1716 2022 2021 2092 regionem,

444 2120 754 2175 clarissimo
797 2118 937 2181 viro,
988 2117 1326 2187 jungendam
1381 2116 1663 2170 destinare
1704 2115 1893 2169 videas
1924 2132 1938 2180 ;
1964 2129 2028 2169 ac

444 2212 717 2280 laerymas
765 2208 988 2279 quidem
1044 2222 1143 2277 pro
1212 2206 1380 2276 prolis
1446 2206 1814 2275 separatione,
1860 2220 2025 2274 quam

445 2316 551 2355 non
580 2300 756 2363 liceat,
788 2315 886 2353 nec
909 2300 979 2353 sit
1000 2298 1180 2363 facile,
1218 2296 1445 2366 forsque
1479 2295 1645 2350 etiam
1697 2309 1799 2350 nec
1843 2296 2029 2365 possi-

388 2378 389 2381 η
446 2394 554 2448 bile
586 2402 645 2447 ut
681 2393 878 2448 iterum
903 2391 1110 2456 videat,
1140 2390 1209 2444 ab
1234 2389 1414 2443 oculis
1466 2387 1685 2442 mittere
1727 2404 1742 2453 ;
1794 2387 2030 2457 ejusque

445 2485 809 2542 nihilominus
842 2483 1061 2538 felicem
1096 2482 1377 2537 fortunam
1408 2496 1523 2536 sua:
1552 2480 1725 2550 ipsius
1763 2480 2029 2550 voluptati

445 2576 724 2648 praeferre.
784 2573 1098 2629 Delectatur
1157 2588 1291 2630 sane
1347 2588 1662 2642 quanquam
1722 2573 1923 2642 lugeat,
1974 2581 2034 2626 ut

446 2671 609 2739 cujus
636 2667 971 2723 charissima
1005 2666 1186 2735 proles
1224 2665 1297 2719 sit
1346 2666 1618 2734 adeptura
1677 2663 1842 2728 bona,
1873 2680 2032 2734 supe—

448 2770 649 2831 ratque
699 2759 1004 2813 molestiam
1056 2759 1345 2825 voluptas:
1400 2772 1577 2825 neque
1628 2756 1774 2810 enim
1825 2756 2031 2826 alioqui

446 2854 786 2908 destinatura
820 2860 957 2905 erat.
995 2848 1262 2904 Existimo
1298 2848 1565 2917 siquidem
1600 2864 1629 2902 a
1654 2848 1857 2918 gaudio
1888 2850 2035 2905 vinci

449 2946 764 3007 tristitiam,
798 2952 856 2997 ut
896 2944 1180 3013 contingat
1226 2942 1585 2997 charissimos
1618 2943 1755 2996 bene
1809 2943 2032 3007 habere,

2122 540 2244 593 σης,
2277 523 2401 594 ἥτις
2429 522 2624 591 ἐκείνῳ
2650 522 2987 591 σύσσωμος
3032 521 3133 575 καί
3173 521 3703 590 συγκληρονόμος,

2119 613 2264 667 κατά
2290 614 2392 682 τὴν
2431 612 2648 666 Παύλου
2679 612 3059 679 διδασκαλίαν,
3096 606 3369 681 πρὸςΐν
3402 627 3466 679 γε
3496 609 3563 680 δὴ
3596 610 3706 663 Σιω-

2119 707 2262 778 τῆρα
2308 708 2405 775 καὶ
2443 707 2578 761 Θεὸν
2632 707 2813 761 λίθον
2867 705 3307 776 ἀκρογωνιαῖον
3337 706 3486 759 ὄντα
3535 705 3709 758 πᾶσα

2121 798 2407 869 οίκοδομὴ
2439 800 3061 869 συναρμολογουμένη
3083 816 3096 828 ο
3124 799 3217 851 καὶ
3254 796 3363 868 γὰρ
3384 797 3453 850 τά
3492 794 3707 851 Παύλου

2122 892 2289 947 πάλιν
2321 890 2434 960 ἐρῶ
2458 905 2471 919 ⁸
2508 890 2682 955 αὔξει
2741 894 2831 958 είς
2882 892 3037 945 ναὸν
3066 891 3260 959 ἅγιον.
3292 889 3402 942 Καὶ
3452 888 3502 942 εί
3550 886 3710 941 ταυτὶ

2124 987 2402 1054 ξυνδοκεῖ,
2446 985 2523 1056 μὴ
2575 987 2699 1057 οὐχὶ
2738 986 3069 1056 γιγνόμενον
3128 980 3186 1059 ᾗ,
3246 984 3335 1038 ὅτε
3386 982 3604 1054 χαίρειν
3641 976 3710 1051 ἦν

2123 1080 2272 1143 εἰκὸς
2333 1079 2499 1133 ἓνεκα
2541 1080 2645 1149 τῆς
2696 1079 2831 1150 πρὸς
2879 1079 3015 1132 Θεὸν
3064 1079 3280 1132 ἐκείνου
3322 1077 3569 1149 πορείας,
3615 1075 3713 1130 καὶ

2122 1163 2197 1222 ὧν
2223 1188 2281 1225 τε
2313 1170 2616 1239 τετύχηκεν
2655 1168 2904 1238 ἀγαθῶν,
2945 1170 3068 1221 τότε
3102 1168 3171 1222 δι’
3204 1169 3352 1241 ἡμᾶς
3382 1167 3583 1230 αὐτοὺς
3614 1168 3712 1220 καὶ

2126 1260 2229 1331 τὴν
2259 1264 2543 1333 ἡμετέραν
2583 1262 2793 1333 ζημίαν
2838 1261 3017 1330 λύπης
3073 1277 3134 1313 τε
3188 1262 3285 1313 καὶ
3332 1259 3571 1328 ἀθυμίας
3603 1274 3714 1329 μα-

2132 1356 2273 1427 κρᾶς
2328 1354 2695 1424 πληρούσθαυ
2736 1356 2949 1426 μήποτε
2998 1353 3175 1407 ταῦτα
3230 1351 3498 1414 αὐθάδους
3546 1346 3619 1423 ᾗ,
3651 1350 3717 1402 τδ

2128 1447 2325 1501 ἑαυτοῦ
2409 1446 2797 1518 προκρίνοντος
2851 1446 2951 1516 ἡδὺ
3005 1445 3120 1510 τοῦ,
3184 1445 3242 1498 ὃν
3284 1443 3450 1512 φιλεῖ,
3501 1441 3716 1511 συμφέ-

2129 1558 2337 1611 ροντος.
2370 1541 2474 1593 Τδν
2523 1541 2633 1609 γὰρ
2688 1539 2904 1608 ἀληθῶς
2959 1536 3215 1607 φιλοῦντα
3245 1535 3379 1589 πολύ
3421 1552 3474 1588 τι
3517 1534 3718 1589 δάκνον

2126 1634 2376 1703 δέχεσθαι
2429 1633 2554 1703 χρὴ,
2609 1630 2749 1685 ὥστε
2800 1632 3003 1698 ἐξεῖναι
3057 1631 3183 1693 τοὺς
3236 1629 3550 1699 ἐρωμένους
3586 1627 3718 1698 δόξῃ

2134 1732 2228 1784 καὶ
2258 1730 2512 1801 ῥᾳστώνῃ
2557 1729 2795 1781 συνεῖναι
2840 1726 3057 1795 καθαρᾷ
3095 1720 3368 1793 διαϐολῆς.

2208 1821 2365 1883 Ἴδοις
2392 1819 2436 1871 δ’
2465 1820 2530 1873 ἀν
2578 1836 2682 1872 που
2713 1820 2806 1872 καὶ
2837 1818 3051 1888 μητέρα
3098 1816 3236 1884 μετά
3265 1814 3495 1887 χηρείαν
3527 1816 3708 1887 κόρην

2134 1914 2401 1983 μονογενῆ
2436 1914 2528 1964 καὶ
2564 1911 2760 1981 καλὴν,
2799 1911 2938 1980 ὑπὲρ
2966 1904 3032 1981 ἧς
3076 1909 3171 1962 καὶ
3202 1908 3300 1979 τὴν
3342 1908 3486 1980 ζωὴν
3516 1910 3581 1963 ἂν
3605 1908 3717 1962 ιδί-

2128 2006 2242 2068 δου,
2275 2005 2355 2067 είς
2389 2004 2699 2074 ἀλλοδαπήν
2728 2020 2850 2056 τινα
2886 2003 3236 2071 πέμπουσαν,
3285 2002 3441 2071 ἀνδρὶ
3470 2000 3718 2071 λαμπρῷ

2132 2097 2647 2167 συνιφθησομένην,
2709 2096 2803 2149 καὶ
2847 2096 3082 2166 δάκρυον
3132 2093 3234 2160 μὶν
3287 2094 3547 2162 ἀφιεῖσαν
3601 2093 3715 2145 τῶν

2130 2188 2428 2259 ὀφθαλμῶν
2453 2188 2530 2259 τῷ
2561 2187 2829 2259 χωρισμῷ
2866 2188 2966 2258 τῆς
2998 2186 3210 2251 παιδὸς,
3259 2184 3334 2247 ὡς
3368 2182 3470 2237 οὐκ
3496 2182 3556 2235 ὃν
3583 2182 3713 2235 οὗτε

2135 2284 2339 2354 ῥᾴδιον,
2367 2281 2491 2334 οὔτε
2512 2281 2675 2351 τυχὸν
2702 2280 2930 2334 δυνατδν
2960 2280 3177 2348 ἐκείνην
3208 2277 3362 2339 αὖθις
3390 2273 3709 2328 θεάσασθαι’

2132 2376 2232 2446 τὴν
2255 2376 2461 2443 ταύτης
2488 2374 2532 2427 δ’
2555 2372 2649 2426 οὖν
2674 2372 3027 2443 εὐδαιμονίαν
3058 2369 3413 2441 προτιθεῖσαν
3444 2367 3545 2435 τῆς
3575 2367 3716 2429 ίδίας

2135 2467 2514 2529 ἀπολαύσεως.
2553 2466 2779 2520 Ἧδεται
2820 2466 3005 2535 μέντοι
3060 2463 3153 2516 καὶ
3181 2462 3469 2525 κλαίουσα,
3498 2460 3574 2523 ὡς
3596 2476 3720 2512 τευ-

2137 2561 2366 2631 ξομένης
2416 2558 2641 2627 ἀγαθῶν
2702 2557 2803 2628 τῆς
2854 2556 3313 2627 φιλτάτης’,καὶ
3348 2554 3412 2606 τὸ
3462 2554 3562 2623 ἡδὺ
3615 2553 3717 2622 τὴν

2136 2652 2325 2723 ἀηδίαν
2384 2650 2755 2721 παρέρχεται·
2796 2649 2921 2703 οὐδὲ
2975 2650 3081 2719 γὰρ
3137 2647 3203 2700 ἂν
3242 2646 3418 2708 ἄλλως
3471 2646 3712 2713 ἔπεμπε.

2138 2744 2297 2796 Δοκεῖ
2328 2744 2435 2812 γάρ
2470 2760 2560 2812 μοι
2600 2742 2865 2811 ἡττᾶσθαι
2912 2740 2975 2793 τὸ
3007 2738 3213 2793 λυποῦν
3247 2739 3354 2793 ὑπὸ
3383 2739 3484 2808 τῆς
3514 2737 3713 2807 χαρᾶς.

2138 2835 2205 2890 ἂν
2234 2836 2327 2907 ἐξῇ
2357 2835 2484 2898 τοὺς
2533 2834 2847 2905 ἐρωμένους
2878 2828 2939 2885 εὖ
2990 2830 3206 2898 παθεῖν,
3241 2832 3349 2884 ἀπὸ
3379 2830 3472 2884 τοῦ
3528 2830 3718 2902 φέρειν

2137 2927 2334 2980 δάκνον
2384 2940 2437 2979 τι
2473 2926 2568 2978 καὶ
2614 2924 2858 2995 λυπηρὸν
2900 2922 3029 2986 τοὺς
3078 2908 3356 2992 έρῶντας.
3412 2922 3632 2991 Ταύτην
3662 2922 3718 2975 εί

454 3041 525 3093 ab
552 3054 617 3093 eo
651 3036 799 3106 quod
824 3047 1074 3090 amantes
1099 3011 1409 3088 vmolestum
1450 3034 1730 3103 quidpiam
1768 3050 1833 3088 ac
1876 3034 2032 3088 triste

2140 3016 2495 3088 ζηλώσαιμεν
2526 3016 2649 3086 τὴν
2686 3015 2919 3087 μητέρα,
2970 3014 3172 3084 πολλῆς
3219 3030 3366 3077 τινος
3408 3011 3718 3082 τευξόμεθα

452 3130 654 3185 ferant.
695 3129 765 3183 Ut
802 3143 970 3199 porro
995 3128 1141 3181 hanc
1166 3127 1488 3180 aemulemur
1524 3137 1776 3189 matrem,
1808 3126 2032 3180 multam

2140 3111 2239 3180 τῆς
2285 3109 2643 3180 παραμυθίας
2667 3123 2680 3137 ·
2715 3108 2921 3177 μᾶλλον
2967 3106 3026 3161 δὲ
3062 3110 3176 3175 ⁸τῆς
3207 3104 3552 3178 εὐφροσύνης
3593 3104 3718 3158 ἀντὶ

457 3222 755 3291 quamdam
813 3218 1249 3274 consolationem
1301 3232 1728 3284 consequemur,
1758 3220 1891 3286 quin
1926 3219 2032 3272 imo

2142 3202 2484 3271 φαυλοτέρας
2512 3200 2713 3270 λύπης.
2737 3200 3010 3269 Βούλομαι
3048 3198 3093 3252 δ’
3115 3199 3197 3252 ἔτι
3227 3198 3535 3269 χρήσασθαι
3566 3197 3721 3265 λογι-

456 3313 701 3367 ιιιιιίιίιιηι
732 3326 831 3380 pro
858 3310 1142 3379 abjectiori
1191 3309 1434 3363 tristitia.
1462 3308 1600 3363 Volo
1633 3319 1818 3364 autem
1854 3312 2037 3365 adhuc.

460 3405 774 3458 rationibus
802 3405 906 3467 uti,
967 3412 1023 3457 ut
1046 3402 1237 3472 majori
1268 3403 1467 3458 solatio
1504 3403 1699 3457 melior
1724 3404 1885 3459 nobis
1916 3404 2039 3475 opi-

459 3495 555 3547 ttio
584 3494 846 3549 obtineat.

530 3587 798 3657 Equidem
853 3597 910 3640 ut
948 3587 1241 3643 credamus
1288 3589 1513 3644 charum
1561 3598 1835 3656 nostrum,
1869 3590 2037 3646 malo-

456 3695 579 3733 rum
615 3678 727 3733 illic
760 3676 894 3733 dare
926 3692 1143 3748 poenas,
1178 3694 1355 3750 neque
1384 3695 1485 3735 nos
1510 3681 1684 3736 dolori
1722 3681 2035 3751 depascenti

458 3774 596 3828 ullas
629 3771 823 3827 demus
856 3771 1109 3828 inducias
1142 3790 1156 3826 :
1192 3787 1256 3827 ac
1278 3772 1323 3827 si
1348 3772 1474 3842 quis
1497 3772 1705 3827 nitatur
1739 3774 2033 3840 consolari,

459 3879 526 3916 ne
567 3864 615 3917 ei
645 3879 809 3917 aures
837 3866 1337 3918 accommodemus.
1367 3862 1694 3933 Quanquam
1733 3875 1920 3919 orator
1942 3865 2035 3930 sit,

457 3970 769 4025 quanquam
804 3954 1191 4025 pliil050phus,
1228 3970 1547 4025 quanquam
1573 3970 1671 4026 pro
1713 3954 2039 4025 eloquentiae

460 4050 512 4104 vi
555 4050 755 4117 magna
795 4047 970 4116 possit
1007 4062 1073 4101 ac
1121 4047 1409 4117 glorietur,
1457 4047 1708 4103 insanire
1753 4048 2040 4103 existime-

464 4158 608 4208 mus,
628 4149 688 4193 nt
718 4154 1186 4210 sqpersuasurum
1211 4148 1414 4209 speret.
1445 4138 1770 4210 Quanquam
1796 4140 2038 4196 delirans

460 4232 649 4300 instet,
683 4233 959 4302 lapidibus
994 4233 1426 4287 submoveamus
1453 4242 1616 4301 atque
1654 4234 1896 4301 injuriis.
1941 4232 2035 4287 Sin

458 4334 645 4377 autem
677 4323 769 4377 ille
798 4323 966 4376 Deum
989 4322 1239 4387 timebat,
1271 4321 1545 4390 ﬁdemque
1584 4322 1635 4374 in
1660 4322 1812 4375 illum
1859 4323 2039 4375 since-

456 4416 733 4470 rissimam
792 4414 1034 4468 servavit
1070 4430 1085 4478 ;
1115 4421 1372 4482 parentes
1414 4413 1626 4467 honore
1672 4414 2041 4482 prosequeba-

2142 3296 2319 3365 σμοῖς,
2373 3294 2513 3350 ὥστε
2576 3292 2715 3362 μετά
2768 3293 3020 3362 μείζονος
3068 3294 3169 3363 τῆς
3218 3291 3579 3362 παραμυθίας
3614 3289 3719 3359 τὴν

2138 3389 2353 3457 ἀμείνω
2391 3386 2551 3452 δόξαν
2580 3388 2877 3455 κρατῆσαι.
3328 3406 3333 3411 ~

2211 3576 2275 3627 Et
2312 3574 2411 3644 μὲν
2441 3567 2537 3627 οὖν
2582 3571 2914 3641 πιστεύομεν
2948 3574 3038 3626 τὸν
3069 3573 3207 3643 ἡμῖν
3239 3572 3518 3644 ἐρώμενον
3556 3572 3720 3636 δίκας

2142 3667 2379 3719 ἐκτίνειν
2412 3667 2528 3718 ἐκεῖ
2571 3665 2782 3730 κακῶν,
2822 3666 2952 3735 μήθ’
2994 3667 3157 3737 ἡμεῖς
3186 3666 3481 3736 ἀνακωχῆν
3509 3666 3589 3737 τῷ
3615 3684 3722 3720 κα-

2141 3759 2414 3813 τεσθίοντι
2443 3759 2626 3829 δῶμεν
2657 3759 2822 3812 πάθει
2848 3774 2865 3792 ο
2895 3758 2989 3812 καὶ
3019 3759 3076 3811 εί
3101 3777 3187 3823 τις
3219 3760 3408 3830 ἕτερος
3432 3762 3581 3830 ἡμᾶς
3614 3777 3720 3812 πα-

2144 3851 2509 3921 ραμυθεῖσθαι
2530 3851 2789 3920 πειρῷτο,
2820 3850 2939 3920 μηδ’
2965 3851 3294 3921 ὑποσχῶμεν
3315 3850 3465 3921 αύτῷ
3492 3852 3561 3904 τὰ
3582 3844 3714 3907 ὧτα.

2142 3943 2258 3996 Κᾶν
2288 3938 2525 4015 ῥήτωρῇ
2561 3941 2662 3996 κᾶν
2695 3941 3004 4011 φιλόσοφος,
3032 3943 3133 3997 κᾶν
3153 3944 3220 4014 τῇ
3247 3942 3347 4014 τῆς
3378 3942 3598 4008 πειθοῦς
3630 3945 3691 3997 δυ

2140 4031 2302 4106 νάμει
2322 4036 2534 4107 μεγάλα
2552 4036 2646 4089 καὶ
2669 4034 2892 4105 δύνηται
2918 4036 3015 4088 καὶ
3031 4037 3225 4106 φρονῇ,
3248 4036 3537 4106 μαίνεσθαι
3567 4038 3694 4103 δοξά

2143 4146 2326 4199 σωμεν
2356 4129 2541 4195 αὑτὸν,
2566 4127 2857 4193 ἐλπίζοντά
2874 4145 3004 4183 ποτε
3023 4128 3254 4185 πείσειν.
3276 4129 3396 4185 Κάν
3426 4128 3718 4199 έπικέηται

2140 4221 2347 4293 ληρῶν,
2375 4222 2543 4284 λίθοις
2569 4223 2661 4275 καὶ
2702 4220 2928 4291 ὕϐρεσιν
2965 4221 3407 4293 ἀποπέμψωμεν.
3435 4221 3498 4276 Εί
3522 4223 3568 4276 δ’
3591 4224 3709 4289 ἐφοο

2141 4313 2291 4365 θεῖτο
2335 4313 2436 4382 μὲν
2471 4313 2680 4376 ἐκεῖνος
2732 4312 2824 4365 τὸν
2867 4312 3020 4375 Θεὸν,
3066 4312 3164 4383 τὴν
3202 4312 3259 4365 δι
3316 4314 3456 4383 πρὸς
3506 4313 3720 4367 ἐκεῖνον

2142 4404 2325 4457 πίστιν
2383 4404 2863 4473 ἀκραιφνεστάτην
2909 4404 3295 4475 διατετήρηκε,
3342 4406 3436 4458 καὶ
3492 4405 3720 4461 διετέλει

463 4518 571 4569 tur,
603 4520 665 4559 ac
691 4520 822 4559 suos
845 4504 1072 4573 quidem
1129 4504 1541 4569 demerebatur,
1591 4510 1723 4572 quin
1754 4513 1809 4558 et
1853 4517 2032 4558 extra-

2146 4496 2324 4565 τιμῶν
2351 4495 2563 4563 γονέας,
2588 4497 2685 4550 καὶ
2712 4496 2837 4557 τοὺς
2870 4495 2969 4565 μὲν
3001 4494 3165 4558 ίδίους
3195 4496 3369 4551 ποιῶν
3398 4492 3480 4559 εὖ,
3516 4498 3721 4567 μᾶλλον

452 4610 598 4649 ςιιεοε
627 4605 892 4664 quantum
931 4594 1159 4657 liceret;
1188 4608 1286 4647 nec
1316 4594 1439 4661 ejus
1486 4594 1714 4647 omnino
1760 4595 1871 4649 vita
1914 4594 2065 4659 siniL

462 4684 733 4749 dubitare,
767 4684 859 4738 sed
890 4699 1086 4739 sumus
1120 4684 1369 4752 persuasi
1431 4699 1534 4737 una
1565 4699 1689 4739 cum
1712 4688 2045 4757 martyribus

462 4786 714 4847 agentem
774 4778 995 4841 choros,
1048 4774 1313 4846 paradisi,
1400 4776 1566 4846 potiri
1630 4778 1788 4833 bonis
1840 4794 1907 4834 ne
1946 4794 2046 4849 pro

464 4868 653 4939 inclyti
709 4867 811 4921 viri
867 4866 1018 4920 obitu
1056 4866 1364 4921 .immodica
1418 4868 1641 4922 tristitia
1695 4870 2043 4938 impleamur,

466 4961 605 5015 sicut
638 4958 746 5012 illis
774 4958 1022 5027 quispam
1042 4972 1145 5010 non
1164 4956 1377 5021 habent,
1400 4957 1586 5027 inquit
1605 4960 1853 5016 divinum
1884 4969 2048 5030 caput

466 5049 671 5104 Paulus
708 5067 722 5102 :
754 5048 850 5103 sed
884 5048 962 5101 vel
992 5048 1217 5103 omnino
1261 5047 1663 5104 absorbeautur
1740 5051 1979 5106 tristiora
2014 5067 2045 5107 a

466 5159 569 5212 spe
610 5142 847 5205 meliori,
912 5148 1007 5194 aut
1062 5150 1213 5196 certe
1256 5141 1550 5211 praevaleat
1617 5142 1727 5207 illa,
1750 5160 1861 5212 quo
1916 5153 2047 5199 snnt

466 5235 682 5304 potiora
717 5250 843 5304 quae
875 5244 1192 5304 sperantur,
1240 5249 1306 5290 ac
1357 5236 1525 5289 animi
1582 5238 2044 5306 contemplatiOne

468 5327 741 5392 sciuntur,
796 5342 959 5396 quam
1018 5328 1340 5396 prasentia,
1390 5342 1454 5381 ac
1490 5342 1553 5381 ea
1601 5344 1725 5395 qua:
1758 5330 2042 5384 videntur.

467 5420 674 5483 Quidni
725 5428 910 5473 autem
948 5419 1073 5474 dico
1132 5419 1280 5489 quod
1337 5428 1424 5473 est
1477 5419 1714 5489 amplius
1765 5419 1788 5472 ἲ
1845 5422 2045 5476 Certus

469 5514 673 5581 quippe
734 5526 879 5581 sum,
941 5520 1001 5565 ut
1034 5512 1156 5565 data
1216 5492 1462 5580 optione:
1528 5512 1608 5566 vel
1659 5522 1786 5581 post
1840 5514 2043 5567 multos

468 5606 739 5660 decursos
788 5619 989 5668 annos,
1041 5619 1381 5673 regnumque
1434 5601 1903 5668 administratum,
1979 5618 2044 5658 ac

472 5697 809 5764 voluptatem
874 5705 1212 5764 perceptam,
1266 5696 1675 5764 plurimamque
1722 5693 2042 5748 felicitatem

465 5783 783 5838 cuslestibus
824 5782 985 5839 bouis
1007 5782 1217 5853 perfrui
1265 5785 1475 5851 liceret,
1525 5791 1621 5838 aut
1677 5782 1864 5837 Statim
1921 5798 2043 5838 mo-

2148 4590 2203 4643 δὲ
2259 4589 2492 4642 καθόσον
2546 4590 2717 4658 ἐχρῆν
2764 4590 2860 4642 καὶ
2892 4590 3018 4650 τοὺς
3063 4588 3407 4656 ἀλλοτρίους,
3438 4592 3531 4642 καὶ
3584 4590 3717 4653 ὅλως

2148 4679 2261 4733 οὐδ’
2295 4681 2618 4747 ἀμφιγνοεῖν
2649 4679 2677 4731 ὁ
2726 4679 2922 4732 τούτου
2950 4679 3134 4732 δίδωσι
3166 4678 3301 4749 βίος,
3339 4681 3481 4734 ἀλλά
3529 4681 3723 4733 πεπεί-

2150 4770 2325 4840 σμεθα
2359 4770 2522 4824 αὑτὸν
2571 4770 2679 4823 τῶν
2721 4772 2780 4824 ὲν
2819 4771 2898 4838 τῷ
2932 4771 3244 4841 παραδείσῳ
3296 4771 3475 4825 καλῶν
3519 4774 3725 4826 ἀπολεη

2148 4862 2431 4925 λαυκέναι,
2472 4862 2839 4932 συγχορευτδν
2872 4864 3001 4916 ὄντα
3052 4865 3166 4922 τοῖς
3200 4862 3460 4933 μάρτυσι,
3512 4863 3591 4935 μὴ
3624 4880 3722 4915 κα-

2147 4956 2379 5026 τηφείας
2439 4956 2685 5025 ἀμέτρου
2745 4953 3090 5025 πληρώμεθα
3152 4954 3290 5025 ὑπὲρ
3349 4954 3563 5009 ἐκείνου
3626 4954 3720 5007 τοῦ

2149 5048 2313 5113 πάνυ,
2346 5044 2549 5114 ὥσπερ
2579 5049 2631 5100 ot
2662 5046 2748 5114 μὴ
2776 5045 3024 5114 ἔχοντες
3057 5044 3301 5106 ἐλπίδα,
3337 5045 3504 5114 φησιν
3536 5046 3569 5113 ἡ
3600 5044 3724 5098 θεία

2148 5139 2362 5208 κεφαλὴ
2400 5138 2630 5201 Παῦλος·
2656 5137 2772 5191 ἀλλ’
2800 5139 2832 5207 ἢ
2867 5137 3066 5200 τελέως
3099 5136 3469 5207 καταποθήτω
3502 5138 3571 5189 τὰ
3598 5135 3725 5187 δυσ-
3756 5208 3759 5211 ἰ

2146 5232 2447 5301 χερέστερα
2476 5229 2579 5281 ὑπὸ
2612 5230 2717 5281 τῶν
2749 5228 3134 5298 χρηστοτέρων
3159 5228 3394 5281 ἐλπίδων
3418 5265 3434 5293 ,
3476 5227 3508 5297 ἢ
3537 5226 3726 5280 πλεον-

2147 5325 2378 5377 εκτείτω
2422 5321 2577 5390 γοῦν,
2615 5322 2725 5391 ὅσῳ
2772 5338 2836 5389 γε
2870 5323 3103 5391 κρείττω
3148 5322 3218 5374 τά
3279 5320 3612 5389 ἔλπιζόμενά
3660 5334 3722 5370 τε

2150 5418 2238 5470 καὶ
2275 5414 2627 5484 θεωρούμενα
2657 5414 2764 5465 τῶν
2793 5430 2855 5478 γε
2890 5412 3177 5483 παρόντων
3204 5415 3299 5465 καὶ
3346 5410 3716 5481 βλεπομένων.

2150 5508 2261 5561 Καὶ
2292 5506 2342 5559 τί
2375 5504 2451 5575 μὴ
2482 5505 2625 5573 λέγω
2652 5504 2712 5556 τὸ
2736 5503 2954 5574 μεῖζον;
2996 5504 3259 5574 [Ιείθομαι
3292 5504 3422 5575 γὰρ,
3454 5504 3529 5566 ὡς
3567 5502 3719 5573 αἱρέ-

2152 5617 2286 5660 σεως
2323 5599 2454 5667 ύμῖν
2504 5596 2885 5668 προτεθείσης,
2922 5598 2955 5666 ἢ
2989 5597 3129 5667 μετά
3168 5596 3390 5667 μακρὰν
3415 5594 3719 5671 ζωὴνηκαὶ

2151 5690 2445 5761 βασιλείαν,
2499 5690 2591 5741 καὶ
2634 5688 2869 5759 τρυφὴν,
2904 5688 2997 5741 καὶ
3032 5687 3380 5755 εὐδαιμονίαν
3436 5687 3519 5740 ὅτι
3569 5684 3719 5737 πλείε-

2154 5800 2286 5853 στην
2346 5782 2452 5836 τῶν
2505 5781 2772 5851 οὐρανίων
2810 5779 3032 5849 ἀγαθῶν
3086 5780 3413 5847 ἀπολαῦσαι,
3466 5781 3501 5855 ὴ
3555 5778 3719 5846 εὐθὺς
