4024 6210
308 350 416 408 305

1076 352 1473 414 THEODORI
1520 353 1883 414 DESPOTzE
1916 354 2307 416 LAUDATIO
2351 358 2755 419 FUNEBRIS.

3460 352 3589 413 30f?

309 461 736 530 ἀπαλλαγέντας
766 461 973 517 τούτων
994 467 1202 534 τυχεῖν,
1232 452 1340 539 πρό
1369 466 1462 549 του
1494 468 1641 533 τινὸς
1674 469 1785 523 τῶν
1817 471 1895 523 εί-

2021 468 2201 524 ientcs
2235 486 2296 524 ea
2350 471 2639 540 consequi,
2704 467 2866 522 nullis
2920 466 3189 521 hactenus
3218 462 3571 534 praefatorum

314 557 575 627 ρημένων
620 558 938 626 μετασχεῖν,
968 558 1065 627 τῆς
1094 559 1356 629 δευτέρας
1382 560 1601 624 πάντως
1632 561 1697 615 ἂν
1724 563 1889 632 γενή-

314 647 481 701 σεσθε
525 648 743 719 μοίρας,
790 650 955 702 κάκεῖ
990 650 1100 702 τῶν
1146 652 1273 721 τῇδε
1306 652 1729 723 προκρίναντες.
1764 651 1890 715 Πῶς

312 737 408 792 οὖν
438 739 499 791 οὗ
533 740 886 793 παντάπασιν
916 741 1139 808 ἄτοπον,
1174 746 1222 794 εί
1256 742 1399 812 ἅπερ
1448 744 1691 807 ἕκαστος
1711 745 1890 815 ἑαυτῷ

317 827 596 898 βούλεται,
645 829 823 883 ταῦτα
869 830 946 900 μὴ
995 831 1139 902 ὑπὲρ
1200 834 1310 886 τῶν
1357 834 1528 904 φίλων
1575 834 1890 905 θελήσειενς

327 924 735 995 Ἑνθυμώμεθα
778 924 836 977 δὲ
867 925 1125 979 κάκεῖνο⁸
1178 927 1227 979 εί
1254 926 1320 979 ἐκ
1366 927 1460 981 τοῦ
1495 928 1702 998 σφόδρα
1742 920 1893 981 τόνδε

315 1015 592 1084 φιλεῖσθαι
624 1016 759 1086 παρ’
806 1017 989 1086 ἡμῶν,
1039 1018 1369 1084 ἀπελθόντος
1424 1020 1751 1091 ὀδυρόμεθα,
1798 1022 1894 1073 καὶ

315 1108 419 1175 τὴν
452 1106 598 1178 ζωὴν
626 1108 795 1178 χείρω
832 1108 1152 1178 νομίζομεν,
1192 1110 1224 1181 ἢ
1260 1112 1308 1164 εί
1353 1111 1606 1175 θανόντες
1650 1112 1897 1181 ἀπηλλά-

316 1196 519 1265 ξαμεν,
560 1198 847 1268 πρόδηλον,
870 1199 953 1251 ὅτι
984 1200 1237 1264 κάκεῖνος
1268 1201 1440 1269 φιλῶν
1476 1203 1641 1271 ἡμᾶς,
1673 1202 1898 1272 φίλτρον

316 1287 596 1357 μηδαμῶς
627 1289 853 1343 ἔλαττον
879 1290 1099 1343 τουτουτ
1124 1290 1220 1343 τοῦ
1257 1292 1388 1362 παρ’
1411 1292 1567 1361 ἡμῶν
1596 1292 1732 1363 πρὸς
1759 1294 1901 1347 ἐκεῖ·

316 1398 435 1446 νον,
488 1380 590 1450 τὴν
633 1382 896 1451 ταχίστην
949 1382 1015 1436 ἄν
1074 1383 1365 1453 ἠγάπησεν
1412 1384 1692 1451 ἀπελθεῖν,
1738 1387 1899 1457 ἡμῶν

317 1472 537 1524 ἐκείνου
571 1474 1046 1542 προαπελθόντων.
1081 1475 1189 1528 Καὶ
1227 1476 1375 1546 μάλα
1406 1477 1654 1541 εἰκότως.
1690 1478 1752 1530 Εἰ
1790 1478 1900 1548 γὰρ

318 1559 390 1633 ἢν
416 1564 557 1634 ἡμῖν
588 1565 769 1634 εὑρεῖν
807 1567 1159 1637 παραμυθίαν
1188 1569 1289 1639 τῆς
1319 1568 1521 1637 λύπης,
1568 1570 1806 1641 κάκείνῳ
1835 1564 1901 1624 ἂν

320 1657 539 1724 γένοιτο
560 1675 575 1690 ·
599 1658 649 1711 εἰ
680 1657 781 1729 οὐχ
826 1654 938 1712 οἷόν
985 1676 1044 1714 τε
1074 1661 1230 1729 ἡμῖν,
1281 1660 1395 1714 οὐδ’
1424 1661 1622 1732 ἐκείνῳ
1684 1663 1902 1727 πάντως

322 1750 393 1803 ἂν
432 1744 528 1821 ἦν.

396 1886 474 1940 Τὸ
507 1886 610 1951 μὲν
656 1887 749 1943 οὖν
785 1888 1054 1959 ἑπόμενον
1096 1894 1208 1957 τοῖς
1252 1894 1571 1964 εἰρημένοις
1617 1895 1793 1957 ἐστὶν,
1821 1893 1899 1959 ὡς

326 1981 436 2051 ἄρα
460 1982 714 2050 κρεῖττον
736 1983 996 2038 ἀπελθεῖν
1022 1985 1127 2054 πρὸ
1142 1985 1254 2039 τῶν
1276 1987 1431 2055 φιλου
1442 1986 1641 2056 μένων,
1661 1987 1692 2057 ἢ
1721 1987 1903 2051 ζῶντα

326 2074 538 2126 τούτων
562 2074 874 2143 στερεῖσθαι
898 2077 966 2142 τῇ
1006 2075 1338 2145 μεταστάσει
1372 2075 1481 2129 τῶν
1503 2075 1654 2144 τῇδε.
1690 2076 1834 2143 Ἐγὼ
1858 2076 1905 2130 δ’

328 2160 430 2219 οὖν
452 2166 606 2235 ὅμως
630 2167 909 2237 χρήσομαι
941 2168 1295 2238 μετριωτέρῳ
1321 2167 1400 2238 τῷ
1424 2166 1589 2237 λόγῳ.
1618 2169 1696 2238 Φη
1708 2168 1767 2237 μὶ
1790 2163 1907 2232 οὖν,
1972 2162 1976 2167 “

328 2259 409 2323 ὡς
438 2260 493 2314 εί
523 2278 611 2324 τις
654 2262 793 2331 ἡμῖν
837 2261 1075 2329 κάκείνῳ
1113 2258 1427 2329 προῦθηκεν
1479 2260 1712 2332 αἵρεσιν,
1762 2262 1911 2330 ἡμᾶς

330 2355 551 2407 ἐκείνου
600 2352 1055 2424 προαπελθεῖν,ἢ
1099 2352 1430 2418 τούναντίον,
1472 2353 1632 2423 ήμῶν
1679 2354 1908 2418 ἐκεῖνον,

333 2444 597 2498 ὕπόθεσιν
621 2444 921 2517 παρίσχετ⁹
950 2445 1016 2499 ἂν
1046 2444 1405 2516 ἀμφοτέροις,
1435 2445 1497 2499 οὐ
1535 2445 1728 2516 ῥᾳδίαν
1757 2446 1913 2516 ἐχου-

335 2554 441 2590 σαν
468 2538 674 2606 κρίσιν.
725 2538 852 2590 Είτε
913 2538 1021 2606 γάρ
1055 2537 1223 2591 καλὸν
1266 2542 1328 2591 τὸ
1370 2540 1493 2607 ζῇν,
1537 2538 1670 2591 ἀλλά
1720 2539 1779 2591 τὸ
1813 2538 1912 2592 σὺν

336 2631 485 2702 λύπῃ
511 2632 753 2702 διηνεκεῖ
788 2635 1141 2687 παντάπασιν
1198 2633 1510 2703 ἀφόρητον*
1551 2632 1662 2686 εἴτε
1722 2634 1912 2685 ἐπιθυ‹

342 2724 521 2795 μητδν
547 2724 901 2795 ἀπηλλάχθαι
920 2724 1036 2778 τῶν
1063 2724 1405 2789 λυπούντων,
1439 2724 1576 2778 ἀλλά
1606 2724 1667 2778 τὸ
1696 2724 1787 2778 διὰ
1820 2724 1915 2778 θα-

338 2818 529 2883 νάτου,
562 2817 689 2885 δνγε
719 2817 992 2889 πέφρικεν
1021 2817 1166 2879 ἀπας
1207 2817 1519 2888 ἄνθρωπος,
1551 2814 1613 2871 οὔ
1652 2834 1739 2886 μοι
1767 2817 1916 2871 δοκεῖ

343 2909 532 2981 ῥᾴδιον
584 2906 726 2963 εἶναι
774 2909 1023 2979 θελῆσαι.
1074 2910 1164 2972 Ὦς
1206 2905 1301 2964 οὖν
1350 2908 1519 2978 μηδὲν
1567 2907 1821 2978 εὗκριτον
1856 2907 1915 2961 δν

340 3002 480 3071 ἡμῖν
504 3001 633 3071 περὶ⁵
662 3002 868 3055 τούτων
890 3002 1069 3071 εὑρεῖν
1098 2998 1322 3071 ζητοῦσι
1350 3000 1409 3054 τὸ
1434 3000 1666 3071 βέλτιον,
1703 2999 1917 3068 στέργω

346 3093 451 3163 μὲν
487 3092 551 3144 τδ
588 3093 654 3161 τῇ
691 3091 922 3163 προνοίᾳ
964 3092 1145 3155 δόξαν,
1176 3092 1401 3159 ἄμεινον
1432 3088 1791 3158 οἱκονομούσῃ
1846 3089 1917 3143 τὰ

342 3187 472 3240 καθ’
502 3187 676 3256 ἡμᾶς,
711 3187 744 3255 ἢ
784 3186 947 3253 ἡμεῖς
984 3183 1310 3253 βουλόμεθα.
1349 3182 1483 3245 Θεὸς
1513 3182 1614 3251 μὲν
1657 3181 1763 3252 γὰρ
1795 3181 1917 3233 ὲπί-

344 3294 564 3341 σταται,
600 3279 689 3330 καὶ
718 3276 963 3343 δύναται,
998 3276 1091 3330 καὶ
1126 3275 1401 3344 βούλεται,
1433 3276 1493 3327 τὸ
1524 3276 1660 3329 πᾶσι
1698 3274 1918 3327 λυσιτε-

344 3371 514 3440 λῆσον
534 3387 549 3403 ⁸
584 3371 749 3449 ἡμεῖς
776 3370 834 3423 δὲ
868 3370 977 3423 τῶν
1007 3369 1267 3441 χειρόνων
1293 3368 1607 3437 ὀρεγόμεθα
1631 3368 1917 3432 πολλάκις,

346 3462 418 3515 τά
464 3460 659 3530 βελτίω
701 3460 1070 3524 διαπτύοντες,
1118 3459 1295 3529 παρὸν
1340 3458 1506 3528 ἔχειν,
1540 3459 1636 3512 καὶ
1676 3459 1744 3510 τὰ
1798 3457 1920 3510 καθ’

350 3553 514 3623 ἡμῶν
548 3551 732 3605 αὐτῶν
763 3552 887 3605 ἀντὶ
936 3551 1043 3604 τῶν
1096 3551 1238 3621 ὑπὲρ
1280 3551 1438 3619 ἡμῶν
1470 3547 1789 3616 ἀγνοοῦντες
1837 3549 1924 3618 ὲρο

350 3643 661 3713 γαζόμεθα.
694 3642 851 3696 Ὠστ’
883 3638 1038 3713 οἴμαι
1066 3644 1159 3696 καὶ
1202 3643 1263 3695 τὸ
1293 3642 1516 3712 ἄμεινον
1550 3638 1805 3708 οὐδαμῶς
1840 3640 1923 3692 ὲν-

351 3737 534 3793 ταῦθα
564 3737 843 3791 λέλεκται.
916 3808 935 3815 β

427 3956 520 4026 Μὴ
546 3955 611 4025 δὴ
641 3954 911 4025 πρότερον
936 3952 1032 4007 τοῦ
1060 3952 1163 4007 νεὼ
1192 3952 1566 4025 προέλθωμεν,
1596 3951 1728 4023 πρὶν
1756 3950 1788 4021 ἦ
1815 3952 1929 4015 τοῖς

354 4045 642 4112 λογισμοῖς
660 4043 954 4113 ἐπιτρέψαι
979 4043 1184 4112 τοσῷδε
1211 4043 1371 4113 μόνον
1396 4042 1641 4112 χρῆσθαι
1666 4044 1735 4112 τῇ
1756 4038 1927 4111 λύπῃ,

354 4143 468 4209 ὅσῳ
493 4138 629 4209 μηδὲ
657 4138 750 4191 τδν
770 4138 904 4191 Θεὸν
933 4134 1240 4207 παροξῦναι
1270 4135 1347 4206 τῷ
1370 4135 1466 4205 τῆς
1487 4133 1726 4204 ἀθυμίας
1762 4133 1932 4202 ὑπερ-

355 4234 634 4294 ϐάλλοντι,
700 4232 836 4301 μήτε
894 4230 987 4283 τὸν
1046 4229 1326 4298 ἐρώμενον
1386 4227 1629 4280 ἀνιᾶσαι.
1688 4218 1768 4278 Ἦ
1823 4225 1931 4295 γὰρ

355 4324 666 4383 ἀνιάσεται,
704 4324 753 4376 εί
784 4324 843 4376 τδ
872 4322 1015 4374 θεῖον
1047 4319 1512 4391 παροργίσαιμεν,
1546 4317 1642 4371 καὶ
1663 4314 1838 4371 ταῦτα
1861 4316 1930 4370 δι’

1994 564 2296 630 perceptis,
2338 574 2676 631 postremum
2705 562 2807 615 hoc
2840 560 3065 613 omnino
3097 556 3394 618 electurus,
3424 563 3589 635 post-9

1993 653 2265 709 habentes
2294 670 2414 723 quae
2443 662 2578 708 sunt
2609 654 2707 708 aevi
2765 652 3073 722 praesentis,
3110 651 3178 706 iis
3218 664 3338 718 qua:
3379 648 3570 704 futuri.

1992 740 2184 796 Nonne
2214 758 2341 811 ergo
2389 757 2617 811 prorsus
2654 742 2978 803 absurdum,
3018 750 3077 793 ut
3109 755 3231 809 qua:
3282 739 3385 794 sibi
3422 739 3575 807 quiis-

1994 849 2100 906 que
2133 834 2282 897 velit,
2312 849 2373 888 ea
2408 834 2543 888 nolit
2567 848 2665 904 pro
2708 833 2904 887 amicis
2934 833 3083 887 TSed
3115 842 3168 887 et
3196 833 3326 887 illud
3372 848 3574 901 pense-

1996 941 2140 991 mus,
2178 925 2450 995 siquidem
2519 942 2585 982 eo
2625 926 2770 995 quod
2830 925 3080 995 impense
3138 940 3406 987 amemus,
3477 940 3575 993 pro

1996 1017 2539 1088 defunctolugemus,
2581 1018 2858 1086 vitamque
2901 1018 3226 1072 deteriorem
3295 1026 3574 1085 putamus,

1997 1125 2160 1179 quam
2208 1109 2255 1165 si
2311 1111 2515 1164 mortui
2564 1097 2810 1164 essemus
2847 1126 2891 1175 ἰ
2944 1110 3117 1177 liquet
3169 1108 3343 1178 palam
3400 1117 3458 1161 ut
3519 1120 3572 1162 et

1999 1203 2086 1258 ille
2108 1217 2207 1256 nos
2228 1218 2443 1264 amans,
2465 1203 2627 1272 idque
2662 1218 2724 1257 ea
2773 1203 2979 1258 amoris
3005 1203 3078 1269 vi,
3095 1218 3215 1272 quae
3233 1202 3366 1256 nihil
3394 1213 3581 1256 nostro

1998 1297 2309 1351 mortalium
2335 1301 2694 1367 cedat,quam
2724 1298 2991 1353 citissime
3022 1300 3159 1352 mori
3190 1299 3475 1361 voluisset,
3515 1308 3577 1352 ut

2000 1389 2093 1443 illo
2114 1404 2215 1444 nos
2239 1390 2451 1459 priores
2485 1390 2937 1446 decessissemus.
2974 1392 3147 1460 Atque
3175 1392 3472 1447 idrmerito.
3497 1391 3585 1445 Si-

2001 1484 2217 1553 quidem
2252 1485 2394 1539 enim
2432 1485 2680 1540 levamen
2730 1485 2962 1539 tristitia:
3018 1485 3262 1540 invenire
3297 1500 3585 1554 possumus

2000 1585 2186 1645 posset
2206 1577 2371 1633 et'ille
2402 1595 2421 1645 ;
2456 1578 2539 1632 sin
2570 1593 2678 1632 non
2739 1592 3062 1648 possumus,
3094 1593 3194 1634 nec
3227 1578 3314 1633 ille
3361 1579 3587 1632 omnino

2002 1678 2206 1737 posset.

2076 1895 2132 1951 Id
2158 1912 2289 1966 ergo
2318 1911 2381 1952 ex
2415 1898 2579 1951 dictis
2612 1888 2959 1966 consequens
2988 1896 3044 1952 lit
3078 1905 3339 1968 praestare
3372 1907 3430 1952 ut
3462 1908 3589 1952 ante

2008 1989 2206 2043 charos
2231 1988 2490 2065 decedas,
2513 2005 2674 2058 quam
2709 1999 2770 2044 ut
2797 1989 2986 2044 vivens
3019 1991 3088 2046 iis
3111 1991 3345 2061 priveris
3393 2006 3584 2045 eorum

2012 2082 2337 2153 migratione
2372 2096 2401 2135 ιι
2457 2081 2587 2136 vita.
2648 2080 2759 2153 Ego
2814 2082 3176 2138 nihilominus
3231 2084 3585 2152 moderatiori

2014 2186 2268 2227 sermone
2321 2182 2491 2225 utar:
2542 2170 2667 2226 dico
2722 2186 2876 2243 ergo,
2932 2181 2991 2228 ut
3039 2174 3161 2244 quis
3212 2175 3372 2230 nobis
3404 2176 3590 2245 illique

2013 2264 2322 2334 eligendum
2366 2273 2718 2334 proponeret,
2749 2274 2808 2319 ut
2850 2275 2943 2321 aut
2975 2266 3074 2337 ipsi
3128 2267 3338 2337 priores
3373 2267 3464 2322 illo
3500 2268 3594 2322 de-

2015 2362 2361 2428 cederemus,
2392 2368 2538 2416 aute
2567 2360 2878 2423 contra,ille
2905 2361 3068 2416 nobis
3096 2362 3246 2430 prior
3298 2375 3590 2430 argumen-

2017 2438 2130 2508 tum
2165 2454 2419 2521 utrisque
2448 2452 2713 2523 praeberet
2746 2452 2889 2509 haud
2914 2453 3129 2523 judicio
3181 2453 3361 2507 facile.
3403 2452 3591 2519 Quan-

2015 2560 2176 2613 quam
2200 2546 2347 2600 enim
2379 2545 2582 2599 bonum
2615 2554 2700 2598 est
2743 2545 2949 2611 vivere,
3000 2545 3116 2615 jugi
3169 2553 3353 2600 tamen
3410 2546 3593 2599 vivere

2015 2638 2261 2701 tristitia,
2292 2637 2518 2690 omnino
2549 2636 2914 2691 intolerabile.
2936 2636 3264 2707 Quanquam
3291 2651 3420 2691 vero
3438 2646 3596 2705 opta-

2015 2730 2124 2785 bile
2172 2744 2201 2783 a
2228 2728 2479 2784 tristibus
2507 2728 2751 2795 liberari,
2776 2736 3031 2784 uttamen
3050 2744 3145 2800 per
3166 2738 3415 2795 mortem,
3431 2744 3591 2796 quam

2015 2834 2206 2876 omnes
2240 2820 2489 2882 horrent,
2520 2818 2666 2872 haud
2701 2820 2848 2875 ullus
2878 2827 3011 2889 puto
3048 2820 3210 2874 facile
3247 2820 3300 2873 in
3344 2821 3590 2873 animum

2020 2910 2265 2976 inducat,
2328 2920 2387 2965 ιιι
2418 2911 2567 2969 velit.
2600 2911 2889 2980 Tanquam
2948 2926 3078 2980 ergo
3130 2911 3333 2981 quibus
3382 2912 3594 2979 potiora

2018 2999 2447 3071 inquirentibus,
2470 3004 2611 3059 haud
2632 3002 2792 3058 iaeile
2820 3002 2890 3057 sit
2914 3017 2944 3056 e
2968 3015 3028 3056 re
3055 3001 3326 3071 judicare,
3360 3001 3596 3055 libentes

1946 3119 1989 3180 ς
2020 3092 2420 3161 amplectamur
2444 3095 2597 3163 quod
2618 3096 2791 3151 visum
2830 3102 2915 3149 est
2955 3093 3332 3164 providentia,
3377 3103 3594 3146 nostras
3650 3132 3653 3133 ν

2019 3199 2106 3239 res
2139 3184 2333 3241 melius
2363 3185 2703 3257 dispensanti
2728 3200 2891 3256 quam
2922 3185 3005 3239 vel
3058 3185 3161 3253 ipsi
3205 3185 3456 3240 velimus.
3492 3183 3594 3238 Sa-

2020 3293 2088 3332 ne
2110 3278 2255 3332 enim
2289 3276 2431 3333 Deus
2464 3279 2645 3333 omnia
2684 3278 2806 3341 scit,
2857 3284 3145 3347 potestque
3192 3291 3257 3332 ac
3289 3277 3404 3331 vult
3450 3279 3609 3344 quod

2022 3365 2294 3422 universis
2332 3368 2600 3423 conducat
2628 3383 2763 3425 mos
2793 3378 2978 3422 autem
3010 3381 3117 3421 non
3150 3382 3275 3421 raro
3328 3367 3597 3422 deteriora

2020 3459 2352 3529 appetimus,
2388 3460 2588 3528 spretis
2615 3460 2774 3515 bonis
2808 3474 2933 3515 eum
2966 3458 3181 3513 illorum
3215 3457 3369 3527 copia
3397 3474 3598 3528 suppe-

2024 3553 2087 3606 tit
2123 3571 2139 3615 ;
2168 3567 2375 3621 proque
2411 3567 2477 3608 eo
2504 3562 2561 3607 ut
2585 3552 2747 3608 nobis
2780 3553 2921 3608 bona
2954 3566 3270 3621 operemur,
3316 3567 3412 3620 per
3445 3551 3601 3619 igno-

2024 3642 2259 3697 rantiam
2301 3656 2420 3711 quae
2455 3644 2611 3697 nobis
2646 3652 2776 3698 sunt
2806 3643 2945 3696 mala
2967 3642 3202 3710 agimus.
3231 3640 3603 3706 Quamobrem

2026 3732 2281 3787 existimo
2322 3748 2668 3803 nequaquam
2693 3735 2781 3789 hic
2808 3733 2975 3789 fuisse
3001 3733 3203 3788 dictum
3229 3731 3373 3802 quod
3407 3731 3603 3787 melius

2027 3833 2131 3880 est.

2100 3960 2177 4015 Ne
2202 3963 2356 4031 prius
2387 3975 2519 4032 ergo
2553 3960 2755 4031 templo
2787 3975 3065 4028 exeamus,
3092 3977 3254 4031 quam
3283 3963 3432 4017 utita
3458 3961 3601 4016 dun-

2032 4061 2181 4108 taxat
2200 4052 2475 4107 tristitiam
2495 4051 2695 4106 animis
2720 4052 3116 4121 permittamus,
3139 4062 3197 4106 ut
3231 4054 3348 4122 ejus
3374 4068 3601 4128 excessu

2032 4145 2257 4201 minime
2290 4144 2458 4200 Deum
2500 4144 2803 4207 irritemus,
2839 4152 3000 4196 autve
3030 4142 3289 4196 dilectum
3349 4142 3602 4196 oﬂ‘enda-

2033 4250 2171 4289 mus.
2212 4234 2356 4290 Sane
2403 4234 2549 4288 enim
2611 4230 2855 4286 futurum
2901 4240 3072 4286 estut
3122 4231 3211 4285 ille
3267 4231 3598 4295 otl‘endatur,

2034 4326 2305 4396 siquidem
2331 4324 2732 4379 irritaverimus
2762 4321 2932 4376 Deum
2961 4341 2974 4388 ;
3005 4322 3166 4393 idque
3192 4322 3312 4392 ejus
3355 4324 3604 4393 cumpri-

355 4416 526 4470 αὐτὸν
562 4417 658 4469 καὶ
686 4415 788 4484 τὴν
834 4414 1041 4467 ἐνθένδε
1072 4412 1228 4466 τοῦδε
1279 4411 1528 4479 πορείαν.
1574 4410 1849 4479 Δείξωμεν
1873 4408 1918 4462 δι

2036 4420 2140 4474 mis
2170 4434 2357 4484 causa,
2388 4431 2450 4473 ac
2468 4425 2686 4487 propter
2714 4415 3092 4485 migrationem
3126 4415 3298 4483 ipsius
3322 4416 3390 4468 ab
3415 4418 3606 4470 huma-

354 4509 455 4560 καὶ
488 4509 613 4567 τοὺς
646 4506 904 4575 ἐραστὰς,
934 4504 1012 4572 τῷ
1040 4504 1355 4558 ἀναλίσκειν
1381 4503 1522 4573 ὑπὲρ
1549 4506 1644 4572 τῆς
1672 4501 1763 4556 τοῦ
1795 4503 1933 4573 ἔρω-

361 4601 427 4669 μέ
445 4616 530 4654 θου
552 4597 760 4667 ψυχῆς,
786 4597 932 4659 ὅπως
960 4596 1027 4648 ἂν
1056 4596 1284 4656 ἕκαστος
1332 4593 1573 4657 δύναιτο,
1610 4598 1706 4646 καὶ
1754 4594 1931 4664 κρίνοι

358 4691 596 4763 πρέπειν
641 4688 811 4758 αὐτῷ.
851 4686 1021 4739 Τοῦτο
1069 4687 1179 4756 γὰρ
1227 4686 1421 4756 ἐκείνῳ
1479 4687 1637 4755 μόνον
1690 4702 1931 4739 συνεισε-

359 4783 584 4850 νεγκεῖν
616 4782 819 4843 πάντες
848 4779 1066 4848 ἔχομεν,
1100 4780 1195 4832 καὶ
1223 4777 1385 4831 τοῦτο
1414 4778 1482 4833 αὖ
1511 4778 1775 4842 ἐπίδειξις
1803 4778 1934 4848 ἀλη-

360 4875 600 4940 θεστὰτη
630 4871 875 4923 λείπεται
909 4869 1008 4931 τῆς
1028 4870 1107 4931 είς
1138 4869 1347 4922 ἐκεῖνον
1373 4869 1593 4939 ἀγάπης
1620 4885 1634 4900 ⁶
1672 4870 1767 4923 καὶ
1799 4885 1931 4921 συν-

359 4968 509 5019 οίσει
556 4963 656 5034 μὲν
684 4961 926 5029 κάκείνῳ
968 4960 1243 5030 ἀνθρώπῳ
1285 4961 1576 5030 πεφυκότι,
1646 4964 1740 5014 καὶ
1776 4959 1932 5031 πηλῷ

362 5056 439 5125 τῷ
472 5046 703 5123 σώματι“
739 5052 913 5122 τούτῳ
948 5052 1327 5121 συγγεγονότι,
1372 5046 1416 5120 ᾧ
1454 5052 1529 5124 μὴ
1572 5048 1684 5106 οἷόν
1712 5069 1769 5105 τε
1806 5069 1935 5105 συν-

361 5148 496 5199 όντα
538 5143 778 5213 καθαρὸν
840 5144 1190 5197 παντάπασιν
1223 5143 1554 5212 εὑρεθῆναι·
1605 5144 1842 5197 συνοίσει
1877 5145 1935 5198 δὲ

362 5238 462 5290 καὶ
495 5236 651 5305 ὑμῖν,
673 5234 770 5288 ἆτε
790 5235 855 5305 δὴ
883 5236 988 5287 καὶ⁹
1008 5236 1129 5288 δέον
1150 5234 1368 5305 ἀποπλη
1378 5235 1563 5305 ροῦσιν
1581 5235 1736 5306 ἀνδρὶ⁵
1760 5237 1937 5289 πάντα

359 5328 563 5396 ἀγαθῷ
602 5328 698 5380 καὶ
745 5327 1005 5401 δεσπότῃ,
1056 5329 1152 5381 καὶ
1182 5328 1343 5399 αἰτίῳ
1372 5345 1435 5396 γε
1465 5327 1676 5380 πολλῶν
1706 5328 1799 5381 καὶ
1841 5346 1939 5398 με·

363 5422 552 5489 γάλων
582 5420 805 5487 ἀγαθῶν
852 5420 1120 5489 γεγονότι,
1166 5423 1266 5474 καὶ
1322 5421 1417 5474 νῦν
1446 5424 1711 5493 μεγίστην
1764 5421 1938 5490 ἔχοντι

364 5513 552 5581 χώραν
576 5512 729 5580 παρά
767 5513 908 5581 Θεῷ,
940 5514 1037 5565 καὶ
1081 5513 1397 5582 τευξομένῳ
1442 5514 1714 5582 μείζονος,
1745 5514 1875 5566 ὅταν
1906 5514 1939 5582 ἡ

361 5604 523 5673 κοινὴ
558 5602 654 5654 τοῦ
706 5604 897 5671 γένους
948 5604 1101 5659 ἑστία
1130 5607 1224 5657 καὶ
1262 5605 1444 5675 μήτηρ
1494 5604 1589 5675 ἥδε
1637 5605 1709 5673 γῆ
1753 5603 1941 5675 ἀποδῷ

364 5697 449 5767 τῷ
478 5694 755 5763 πνεύματι
800 5697 860 5749 τὸ
905 5701 1251 5767 συνεργῆσαν
1301 5698 1460 5767 σῶμα
1497 5697 1631 5767 πρὸς
1658 5698 1728 5751 τὰ
1775 5698 1938 5762 καλὰ,

370 5794 451 5853 εἰς
484 5786 644 5853 δόξαν
676 5803 735 5838 τε
770 5789 865 5842 καὶ
887 5789 1231 5861 εὐφροσύνην
1264 5789 1501 5857 αἰώνιον,
1535 5782 1610 5845 ὧν
1653 5790 1746 5843 καὶ
1781 5788 1940 5857 ἡμεῖς

2037 4511 2142 4564 nis.
2178 4510 2256 4564 Eo
2282 4519 2459 4564 autem
2503 4509 2604 4578 ipsi
2649 4522 2749 4562 nos
2790 4517 3061 4561 amatores
3111 4509 3485 4572 ostendamus,
3549 4518 3607 4563 ut

2036 4615 2137 4669 pro
2174 4601 2325 4656 chari
2374 4599 2556 4653 anima
2612 4600 3017 4667 impendamus,
3083 4608 3349 4668 quantum
3409 4601 3609 4669 cuique

2036 4690 2198 4744 liceat
2231 4704 2294 4743 ac
2325 4699 2473 4758 putet
2510 4703 2569 4743 se
2594 4688 2807 4742 decere.
2841 4685 2898 4741 ιιι
2930 4688 3073 4741 enim
3121 4688 3299 4742 solum
3365 4689 3608 4744 universi

2037 4781 2093 4835 in
2119 4794 2251 4834 eum
2267 4777 2521 4833 conferre
2557 4777 2826 4831 habemus
2863 4792 3075 4847 :eaque
3115 4779 3342 4832 omnino
3384 4778 3610 4833 verissi-

2036 4890 2123 4929 ma
2161 4880 2350 4937 restat,
2410 4881 2612 4926 nostra:
2664 4869 2719 4924 in
2768 4870 2919 4923 illum
2973 4869 3286 4925 dilectionis
3340 4870 3608 4931 ostensio,

2038 4964 2211 5019 Porro
2259 4973 2437 5018 autem
2506 4962 2580 5016 illi
2636 4977 2859 5031 quoque
2907 4962 3239 5026 contulerit,
3277 4962 3369 5030 qui
3442 4959 3610 5013 fuerit
3714 4959 3719 4969 '

2038 5052 2222 5115 homo,
2255 5052 2419 5120 inquc
2477 5064 2633 5103 coeno
2686 5064 2918 5118 corpore
2970 5049 3314 5113 habitaverit,
3374 5064 3608 5118 quocum

2039 5155 2203 5195 nemo
2228 5140 2451 5194 omnino
2483 5152 2656 5208 purus
2682 5138 3085 5204 possitversari
3135 5152 3149 5189 :
3185 5138 3276 5189 sed
3341 5145 3395 5189 et
3451 5137 3610 5189 vobis

2040 5232 2305 5295 conferat,
2340 5240 2598 5299 tanquam
2622 5229 2716 5294 qui
2739 5227 2929 5282 oﬂicio
2948 5226 3321 5297 defungamini
3354 5228 3405 5279 in
3432 5228 3607 5280 virunt

2040 5323 2308 5393 optimum
2335 5336 2399 5375 ac
2429 5321 2737 5388 despotam,
2784 5317 3134 5387 pluriumque
3164 5330 3227 5368 ac
3276 5328 3600 5383 magnorum

2042 5414 2315 5468 bonorum
2344 5418 2621 5465 auctorem
2652 5427 2667 5473 ;
2700 5409 2865 5475 inque
2892 5407 3139 5474 eum,qui
3174 5419 3319 5459 nunc
3354 5419 3611 5474 magnum

2043 5506 2183 5573 apud
2225 5505 2393 5559 Deum
2428 5503 2610 5557 locum
2655 5501 2870 5564 habeat,
2901 5501 3080 5568 sitque
3139 5499 3439 5567 adepturus
3488 5514 3610 5552 am-

2042 5599 2293 5669 pliorem,
2320 5592 2541 5662 quando
2572 5590 2880 5646 communis
2912 5592 3129 5661 generis
3164 5593 3357 5645 domus
3386 5608 3467 5653 aq
3493 5607 3612 5646 ma~

2048 5700 2149 5753 ter,
2182 5698 2326 5743 terra
2352 5684 2565 5754 spiritui
2596 5698 2795 5752 corpus
2829 5684 3037 5747 reddet,
3066 5700 3174 5752 quo
3222 5683 3380 5739 bonis
3426 5684 3613 5753 optri-

2048 5785 2149 5842 bus
2177 5791 2258 5838 est
2285 5795 2417 5837 usus
2448 5779 2834 5847 instrumento,
2868 5777 2933 5833 ad
2983 5777 3210 5847 gloriam
3243 5792 3306 5833 ac
3366 5777 3613 5833 laetitiam
