4024 6210
446 322 545 387 3H
688 278 703 293 ’
1598 321 1999 385 MANUELIS
2042 322 2484 387 PALAZOLOGI
3579 316 3682 384 312

450 457 514 496 ea
544 440 765 511 praemia
799 440 1081 505 divinitus,
1120 450 1178 495 ut
1200 439 1418 495 Manuel
1462 440 1695 510 imperio
1716 452 1949 511 paterno
1985 441 2273 507 potiretur,
2303 441 2620 497 Andronico
2668 437 3031 510 primogenito
3061 447 3117 494 et
3145 435 3357 494 Joanne
3385 434 3680 491 Andronici

452 532 562 585 filio
584 545 809 601 prorsus
826 529 1084 585 exclusis.
1119 528 1445 600 Quanquam
1468 532 1613 585 enim
1641 532 1705 585 ad
1738 530 2077 598 Bajazetum,
2097 530 2372 586 Amuratis
2409 530 2575 584 filium
2611 528 2977 584 Barbarorum
3006 536 3317 598 tyrannum,
3337 525 3392 580 hi
3417 525 3526 581 duo
3559 540 3683 595 pro-

449 619 728 689 fugerunt,
752 618 980 687 ejusque
1010 618 1182 688 copiis
1213 618 1578 673 auxiliaribus
1607 618 1801 688 adjnti,
1842 617 2372 687 Constantinopolim
2399 627 2759 687 occuparunt,
2820 617 3149 685 imperatore
3176 612 3388 669 Joanne
3422 621 3596 682 patre,
3617 627 3681 668 ac

448 706 693 762 Manuele
723 707 854 771 filio,
878 705 973 777 qui
997 706 1141 775 capti
1179 716 1328 777 sunt,
1364 708 1417 761 in
1453 707 1620 763 duros
1654 722 1907 763 carceres
1936 706 2239 776 compactis
2270 721 2283 759 :
2318 716 2499 761 tamen
2556 705 2744 761 favore
2766 702 2984 774 propitii
3030 700 3281 755 Numinis
3340 700 3545 755 factum
3572 706 3677 763 est,

447 803 507 848 ut
546 802 740 849 exacto
771 794 1013 850 triennio
1038 794 1170 848 salvi
1201 795 1423 849 tandem
1457 795 1771 858 evaderent,
1805 795 2011 851 frustra
2045 794 2327 849 multoties
2357 804 2611 849 monente
2635 793 2891 863 Bajazeto
2921 802 3175 866 tyranno,
3203 798 3262 844 ut
3292 789 3674 843 interficeren-

447 891 556 935 tur.
593 880 860 935 Nimirum
918 884 1105 950 nequit
1129 881 1181 935 in
1204 895 1299 935 eos
1331 880 1568 934 humana
1626 881 1817 936 saevire
1843 882 2160 947 crudelitas,
2192 896 2329 950 quos
2357 882 2540 937 divina
2589 882 2924 952 providentia
2991 880 3141 951 tegit.
3204 879 3484 947 Bajazetus
3539 877 3679 945 ipse,

446 978 652 1023 mutata
678 970 961 1024 voluntate
990 970 1244 1038 pristina,
1275 967 1576 1023 Manuelem
1606 969 1845 1024 restituit
1879 988 1892 1024 :
1925 968 2244 1025 Andronico
2274 978 2329 1024 et
2356 968 2565 1025 Joanne
2600 970 2654 1025 in
2687 971 2868 1025 aulam
2900 984 3058 1025 suam
3108 966 3430 1039 deportatis,
3466 962 3560 1019 ubi
3598 964 3682 1018 vi-

444 1061 592 1108 ctum
631 1052 913 1120 haberent,
950 1070 1113 1124 quam
1155 1054 1245 1108 diu
1278 1055 1601 1123 superstites
1636 1065 1841 1111 essent.
1874 1055 2048 1110 Tanta
2077 1072 2208 1113 vero
2247 1058 2619 1128 magnitudine
2646 1059 2811 1113 animi
2835 1059 3095 1128 praeditus
3127 1067 3246 1112 erat
3273 1053 3487 1109 Manuel
3510 1052 3683 1122 impe-

443 1149 614 1206 rator,
648 1148 708 1194 ut
738 1154 862 1194 cum
887 1140 1176 1208 Bajazetus
1208 1142 1531 1196 immensam
1561 1141 1629 1197 ab
1656 1156 1721 1197 eo
1747 1143 1992 1212 pecuniae
2030 1144 2135 1200 vim
2168 1155 2439 1214 posceret;
2470 1153 2635 1217 atque
2695 1145 2775 1200 uti
2811 1160 2964 1200 suam
2996 1145 3049 1199 in
3095 1142 3277 1198 aulam
3324 1140 3553 1203 veniret.
3587 1137 3683 1192 ad-

444 1228 633 1281 hibitis
669 1227 925 1297 gravibus
954 1228 1155 1294 minis;
1184 1227 1486 1293 mandaret,
1528 1229 1580 1282 in
1633 1238 1828 1284 neutro
1875 1232 2092 1303 tyranni
2132 1232 2425 1302 postulatis
2463 1242 2703 1304 pareret.
2751 1231 3111 1289 Existimabat
3160 1230 3305 1285 enim
3349 1226 3683 1282 fortissimus

444 1314 721 1383 princeps,
759 1312 924 1369 etiam
957 1314 1256 1369 debilitatis
1284 1315 1497 1385 imperii
1533 1315 1813 1385 Byzantini
1862 1317 2099 1383 viribus,
2118 1320 2257 1375 nihil
2286 1330 2476 1376 contra
2505 1322 2823 1391 dignitatem
2878 1320 2995 1389 ejus
3029 1318 3134 1375 loci
3175 1328 3338 1385 atque
3369 1314 3598 1377 ordinis,
3622 1313 3679 1367 in

444 1412 605 1463 quem
640 1415 668 1453 a
706 1401 816 1455 Deo
854 1401 1156 1456 collocatus
1188 1410 1355 1467 esset,
1397 1401 1819 1457 admittendum.
1853 1402 1967 1459 Hac
2013 1404 2081 1459 de
2111 1408 2275 1461 causa
2309 1423 2499 1464 rursus
2554 1410 2607 1463 in
2647 1406 2950 1478 periculum
3011 1404 3294 1460 amittendi
3330 1402 3479 1470 regni
3507 1400 3679 1463 venit,

446 1505 569 1544 cum
594 1489 774 1545 denuo
800 1489 1141 1545 manifestam
1172 1490 1390 1560 benigni
1441 1491 1682 1546 numinis
1717 1506 1873 1562 opem
1908 1494 2097 1548 sentit.
2134 1492 2424 1565 Bajazetus
2448 1495 2596 1550 enim
2640 1494 2879 1551 barbaro
2934 1492 3120 1547 furore
3154 1490 3415 1561 percitus,
3448 1486 3682 1542 summis

444 1578 651 1634 viribus
680 1578 1203 1645 Constantinopolim
1244 1578 1455 1633 obsidet
1480 1593 1543 1633 ac
1570 1588 1850 1649 oppugnat
1876 1596 1892 1645 ;
1921 1595 2042 1650 quae
2069 1581 2288 1651 quidem
2322 1581 2539 1637 obsidio
2566 1591 2710 1639 totos
2740 1584 2929 1637 decem
2984 1576 3156 1637 annos
3200 1576 3435 1632 duravit.
3468 1574 3683 1630 Interea

444 1665 658 1720 Manuel
690 1666 933 1720 animum
964 1666 1113 1744 nullo
1147 1667 1310 1721 modo
1346 1665 1667 1736 despondet,
1696 1667 1789 1721 sed
1815 1676 2101 1737 paternum
2127 1668 2373 1725 imitatus
2412 1670 2728 1735 consilium,
2759 1668 2984 1739 Joanui,
3009 1664 3304 1722 Andronici
3338 1663 3522 1718 fratris
3546 1662 3682 1725 filio,

446 1754 599 1810 urbis
623 1756 860 1810 obsessa:
897 1770 1028 1810 cura
1064 1754 1492 1823 defensioneque
1522 1754 1835 1821 commissa,
1866 1756 1919 1808 in
1949 1754 2158 1811 Italiam
2191 1755 2257 1810 ad
2304 1757 2641 1825 pontificem,
2681 1755 2972 1813 Mediolani
2998 1754 3191 1809 ducem
3218 1760 3271 1806 et
3289 1750 3523 1806 Venetos
3552 1762 3685 1819 pro-

446 1840 891 1897 ficiscitur.Hinc
919 1842 1034 1895 abit
1083 1843 1133 1895 in
1168 1841 1391 1903 Gallias,
1421 1842 1513 1896 ubi
1531 1842 1784 1897 Carolum
1841 1857 2024 1912 regem
2080 1843 2337 1912 phrenesi
2396 1844 2739 1899 laborantem
2775 1846 2999 1915 reperit.
3055 1844 3336 1916 Nusquam
3379 1844 3679 1914 quidquam

442 1931 564 1999 opis
595 1932 869 1998 impetrat.
912 1930 1159 1999 Cumque
1190 1930 1443 1984 morbum
1466 1930 1607 2001 regis
1637 1930 2039 1986 diuturniorem
2071 1931 2186 1985 fore
2223 1932 2577 2001 prospiceret,
2610 1948 2707 2002 per
2739 1932 3087 1989 Germaniam
3120 1941 3175 1989 et
3199 1932 3533 1987 Pannoniam
3566 1931 3670 1985 do-

443 2031 592 2071 mum
628 2017 941 2072 revertitur.
961 2014 1118 2070 Omni
1150 2017 1445 2072 destitutus
1473 2019 1712 2073 humano
1746 2019 2022 2088 praesidio,
2054 2018 2223 2073 Deum
2271 2018 2374 2073 sibi
2424 2020 2908 2086 praesentissimum
2952 2023 3254 2089 experitur.
3295 2020 3429 2075 Nam
3458 2019 3681 2087 Bajaze-

441 2114 530 2162 tus
561 2106 821 2161 obsessor
850 2106 1001 2161 urbis
1028 2105 1215 2174 praelia
1248 2105 1449 2167 victus,
1483 2107 1534 2159 in
1569 2103 1947 2161 Tamberlanis
1969 2103 2293 2175 Scytharum
2354 2105 2618 2176 principis
2641 2114 2965 2176 potestatem
2998 2109 3167 2175 venit,
3218 2122 3320 2164 nec
3361 2107 3426 2162 ad
3450 2115 3677 2161 mortem

442 2207 618 2264 usque
647 2207 707 2249 se
747 2208 941 2249 rursus
970 2192 1081 2247 ulla
1118 2194 1330 2247 ratione
1350 2193 1403 2247 in
1444 2193 1748 2248 libertatem
1781 2208 2031 2249 asserere
2060 2194 2260 2264 potuit.
2301 2194 2499 2263 Ingens
2524 2194 2626 2250 hoc
2650 2194 2745 2251 Dei
2778 2195 3101 2252 beneficium
3131 2196 3345 2252 Manuel
3365 2196 3565 2267 hymno
3592 2208 3679 2249 ce-

441 2280 635 2346 lebrat,
663 2296 824 2351 quem
854 2281 943 2336 hic
975 2281 1027 2334 in
1052 2289 1297 2336 extremo
1327 2280 1583 2349 legimus.
1611 2280 1721 2336 Nec
1751 2280 1922 2334 multo
1953 2289 2099 2349 post,
2133 2289 2193 2337 ut
2218 2296 2350 2338 suos
2380 2297 2411 2338 a
2441 2281 2809 2339 Barbarornm
2840 2284 3057 2353 injuriis
3087 2292 3379 2351 tutaretur,
3409 2283 3676 2341 Isthmum

442 2369 805 2440 Peloponnesi
834 2385 990 2447 muro
1021 2369 1247 2432 claudit,
1270 2370 1650 2439 exstinctoque
1678 2368 1953 2438 Bajazeto,
1987 2376 2303 2439 perpetuam
2354 2387 2482 2426 cum
2512 2370 2845 2440 Mahometo,
2871 2373 2990 2442 ejus
3019 2372 3151 2439 filio,
3174 2386 3361 2443 pacem
3384 2370 3535 2427 facit.
3567 2371 3678 2425 Ta-

440 2457 546 2511 lem
573 2468 895 2523 tantumque
934 2458 1258 2527 principem,
1289 2465 1509 2527 tamque
1534 2457 1645 2511 Deo
1672 2456 1921 2521 charum,
1954 2456 2022 2512 ad
2058 2466 2130 2525 te,
2158 2458 2471 2525 Francisce,
2504 2475 2793 2531 procerum
2834 2461 3093 2516 Italorum
3123 2462 3312 2525 decus,
3360 2460 3676 2531 ablegamus

440 2556 501 2601 ut
532 2547 631 2602 tibi
671 2547 838 2603 libros
871 2547 1038 2602 hosce
1071 2561 1222 2611 suos,
1251 2545 1346 2617 qui
1369 2546 1612 2600 rationes
1650 2544 1948 2601 educandae
1981 2545 2143 2615 regia:
2194 2548 2399 2604 sobolis
2420 2549 2729 2612 continent,
2777 2548 3006 2604 oﬂerat:
3041 2564 3148 2604 non
3174 2550 3319 2619 quod
3350 2562 3403 2605 tu
3460 2562 3675 2620 praece—

438 2639 551 2709 ptis
572 2638 720 2694 hisce
742 2639 1008 2709 indigeas,
1034 2638 1126 2707 qui
1157 2636 1480 2708 jamdudum
1513 2638 1712 2693 maturi
1742 2638 2123 2709 sapientisque
2150 2636 2416 2706 principis
2451 2650 2708 2691 numeros
2732 2635 2953 2704 imples.
2990 2638 3085 2692 sed
3135 2649 3196 2693 ut
3226 2637 3521 2706 aliquando
3542 2634 3677 2690 Phi-

438 2727 572 2797 lippi
601 2728 700 2791 tui,
734 2742 859 2782 cum
892 2727 1121 2783 feliciter
1140 2726 1462 2794 adoleverit,
1490 2726 1688 2782 studiis
1716 2735 1771 2781 et
1793 2727 1916 2782 usui
1944 2726 2210 2781 serviant.
2242 2722 2359 2777 Erit
2404 2731 2608 2789 autem,
2638 2734 2701 2777 ut
2746 2738 2927 2795 spero,
2951 2738 3059 2777 nou
3084 2723 3329 2794 ingratus
3361 2724 3452 2779 hic
3478 2724 3675 2791 hospes

438 2817 556 2882 tibi,
590 2816 680 2884 qui
709 2831 834 2871 cum
872 2825 1116 2885 augusta:
1147 2814 1366 2869 familia:
1400 2815 1739 2869 ornamentis
1767 2814 2032 2870 doctrinae
2056 2812 2274 2867 laudem
2324 2812 2630 2879 conjunxit.
2669 2808 2894 2880 Semper
2926 2810 3071 2865 enim
3106 2812 3209 2865 hoc
3252 2810 3525 2881 peculiare
3568 2809 3675 2864 fuit

435 2902 687 2959 Medicea:
714 2904 859 2971 genti
881 2912 1093 2966 vestrae,
1121 2912 1182 2955 ut
1206 2916 1366 2955 omen
1398 2900 1701 2955 doctrinam
1729 2900 2038 2967 liberalem,
2082 2914 2138 2958 et
2168 2902 2314 2957 viros
2335 2915 2399 2954 ex
2424 2914 2485 2953 ea
2508 2899 2706 2963 claros,
2734 2899 3133 2955 humanissime
3157 2899 3669 2969 complecterentur.

435 2990 628 3059 Magno
658 2991 732 3047 illi
771 2990 994 3055 Cosmo,
1026 2989 1117 3059 qui
1158 2989 1370 3058 primus
1412 2990 1529 3043 suis
1573 2988 1872 3056 praelucere
1912 2988 2217 3058 majoribus
2268 2992 2434 3059 cepit,
2484 2985 2847 3058 Chrysoloras
2874 2997 2927 3044 et
2966 2988 3361 3059 Argyropulus,
3419 2988 3671 3043 homines

432 3079 625 3147 Graeci,
657 3080 1069 3146 litterarumque
1090 3076 1401 3134 Graecarum
1436 3089 1533 3143 per
1582 3075 1790 3128 italiam
1812 3112 1828 3138 ,
1855 3074 2207 3129 Germaniam
2231 3085 2284 3130 et
2311 3076 2543 3131 Galliam
2594 3084 3004 3146 propagatores,
3044 3075 3099 3129 in
3126 3075 3340 3130 deliciis
3360 3082 3414 3129 et
3463 3075 3672 3128 amori-

432 3167 533 3224 bus
564 3168 736 3222 fuere.
786 3166 962 3235 Nepos
1003 3172 1184 3218 autem
1215 3164 1335 3233 ejus
1376 3161 1707 3216 Laurentius
1735 3169 1942 3229 quanto
1972 3159 2171 3215 Janum
2215 3161 2490 3217 Lascarim
2540 3171 2728 3217 natum
2757 3177 2822 3217 ex
2868 3160 3221 3232 imperatoria
3254 3162 3422 3231 stirpe
3460 3160 3671 3221 Greca.

433 3254 771 3309 Demetrium
802 3250 1319 3321 Chalcocondylam,
1377 3248 1694 3303 Michaelcm
1747 3247 2032 3303 Marullum
2080 3248 2502 3304 Tarchaniotam
2536 3250 2806 3304 illustrem
2852 3250 3129 3315 virum,in
3180 3250 3390 3304 honore
3437 3249 3674 3303 habuit?

432 3341 679 3410 Denique
709 3338 945 3395 Cosmus
988 3346 1159 3411 pater,
1190 3346 1249 3391 ut
1282 3335 1703 3397 aliosomittam,
1737 3336 2003 3401 majorum
2032 3337 2274 3405 veStigiis
2297 3337 2579 3402 insistens,
2598 3353 2725 3393 cum
2753 3338 2876 3391 aliis
2910 3337 3301 3406 rempublicam
3343 3337 3669 3392 litterariam

433 3428 712 3483 beneficiis
732 3426 914 3481 affecit
938 3444 953 3493 ;
985 3436 1098 3479 tum
1142 3423 1516 3479 nobilissimos
1557 3422 1678 3477 illos
1699 3422 2097 3479 Pandectarum
2117 3424 2555 3479 Florentinarum
2582 3425 2770 3487 libros.
2794 3435 2900 3479 tam
2920 3418 3109 3480 sancte
3132 3426 3347 3481 saeculis
3368 3434 3450 3480 tot
3480 3424 3671 3479 adser-

433 3524 613 3580 vatos,
643 3516 944 3570 immortali
968 3527 1067 3567 sua
1099 3528 1225 3567 cum
1259 3511 1421 3567 laude
1443 3511 1728 3566 nobiscum
1746 3513 2195 3568 communicavit.
2225 3513 2428 3569 Horum
2459 3513 2705 3583 exempla
2730 3522 2784 3568 tu
2804 3529 3025 3585 quoque
3042 3514 3229 3584 procul
3258 3515 3424 3570 dubio
3454 3528 3675 3583 semper

432 3604 738 3670 imitabere,
794 3602 889 3672 qui
930 3603 1143 3657 caeteris
1176 3601 1229 3655 in
1257 3601 1423 3655 rebus
1476 3600 1650 3655 avitas
1694 3601 2032 3671 patritasque
2075 3602 2327 3667 virtutes,
2381 3612 2432 3657 et
2502 3602 2717 3673 egregia
2765 3601 2931 3668 facta,
2972 3602 3291 3673 jamdudum
3347 3617 3455 3657 non
3491 3603 3669 3657 solum

430 3691 680 3761 arquasli,
716 3706 905 3748 verum
951 3690 1115 3746 etiam
1149 3702 1404 3757 magnum
1437 3686 1630 3742 iisdem
1682 3687 1867 3745 laudis
1914 3690 2103 3762 gloria:
2136 3690 2417 3761 dignitatis
2437 3690 2780 3760 amplificata
2809 3691 3089 3746 cumulum
3124 3690 3391 3761 adjecisti.
3427 3687 3646 3745 Vale.A

429 3778 491 3831 D.
512 3776 600 3833 Vll
632 3778 706 3834 Id.
744 3778 971 3835 Januar.
1004 3776 1212 3834 Vienna
1243 3774 1588 3832 Pannonum.

2320 3917 2396 3977 Jo.
2431 3916 2801 3974 Leuncuvms
2837 3916 3167 3975 Germanus.
