3976 6206
254 304 331 369 313
1136 309 1544 376 ΡΗΑΞΟΕΡΤΛ
1574 316 1778 379 EDUC

1879 319 2100 384 IONIS
2134 325 2420 391 REGIE.

3325 336 3429 399 324

506 617 1343 757 ΜΑΝΟΥΗΛ
1417 629 1767 764 ΤΟΥ
1849 630 3114 780 ΠΑΛΑΙΟΛΟΓΟΥ
3324 528 3353 633 ι’

961 833 1100 891 ΤΟΥ
1124 836 1662 896 ΕΥΣΕΒΕΣΤΔΤΟΥ
1682 844 1801 900 ΚΑΙ
1831 844 2292 903 ΦΙΛΟΧΡΙΣΤΟΥ
2319 850 2653 907 ΒΑΣῘΔΕΩΣ

357 954 511 1009 ΠΡΟΣ
543 955 681 1010 ΤΟΝ
712 954 1241 1015 ΕΡΑΣΜΙΩΤΔΤΟΝ
1269 961 1437 1016 ΥΙΟΝ
1461 962 1696 1018 ΑΥΤΟΥ
1723 966 1844 1021 ΚΑΙ
1888 967 2203 1034 ΒΑΣΙΛΕΑ,
2228 970 2544 1027 ΙΩΔΝΝΗΝ
2588 974 2729 1029 ΤΟΝ
2775 974 3262 1035 ΠΔΛΔΙΟΔΟΓΟΝ

891 1105 1505 1197 ΥΠΟΘΗΚΑΙ
1605 1106 2200 1202 ΒΑΣΙΛΠίΗΣ
2304 1119 2803 1209 ΑΓΩΓΗΣ

1496 1281 1588 1336 ΕΝ
1633 1284 2050 1341 ΚΕΦΑΛΔΙΟῙΣ
2101 1289 2181 1342 P"

709 1583 1681 1846 MANUELIS
1758 1598 2912 1765 PAL/EOLOGI

1107 1847 1451 1907 BELIGIOSI
1486 1852 1579 1908 ET
1602 1853 1995 1913 CHRISTIANI
2036 1860 2515 1920 IMPERATORIS

559 1964 659 2021 AD
690 1963 1240 2027 AHABILISSIMUM
1292 1970 1533 2033 FILIUM
1562 1974 1650 2032 ET
1675 1976 2183 2040 IMPERATOREM
2212 1983 2535 2043 JOANNEM
2566 1987 3064 2049 PALEOLOGUM

696 2129 1403 2223 'PRIECEPTA
1507 2136 2336 2237 EDUCATIONIS
2416 2149 2858 2241 REGIAE.

1322 2316 1366 2374 C
1394 2316 1907 2382 COMPREHENSA
1950 2326 2267 2389 CAPITIBU
2280 2329 2339 2387 S.

521 2649 906 2708 ΕΠΙΣΤΟΛΗ
942 2655 1431 2729 amomum.

289 2764 377 2817 Ἔν
402 2763 855 2831 Πελοποννήσῳ
899 2767 977 2820 σὲ
1010 2751 1251 2833 λιπὼνῖ
1265 2768 1335 2833 ιε
1376 2769 1634 2839 Ἰταλιας
1669 2772 1762 2841 ἐρ-

226 2857 442 2924 χόμενος
464 2856 534 2929 (ὦ
566 2857 698 2925 πῶς
745 2858 1027 2931 ἐνεγκεῖν
1063 2860 1370 2929 ἐδυνήθην
1385 2866 1452 2929 ;),
1482 2860 1643 2936 ἦσθα
1696 2865 1767 2918 δὲ

224 2949 429 3001 παιδίον
453 2950 566 3015 ἔτι,
599 2949 702 3002 και
729 2950 1006 3017 παιδείας
1027 2954 1098 3006 οὐ
1116 2952 1358 3022 συχνῆς
1376 2955 1648 3025 μετέχων
1669 2956 1767 3011 διὰ

222 3040 315 3105 τὴν
333 3040 597 3107 ἠλικίαν,
631 3042 835 3109 ἄλλως
866 3044 930 3098 τέ
954 3060 1053 3099 σοι
1081 3046 1180 3100 καὶ
1220 3046 1332 3115 τῆς
1370 3050 1561 3119 τύχης
1586 3051 1767 3119 ἐμπο-

222 3130 318 3183 δὼν
350 3135 431 3199 εὶς
486 3135 673 3189 τοῦτο
710 3138 1131 3205 γεγενημένης,
1178 3139 1517 3208 ὑποθήκαις
1564 3141 1637 3210 τῇ
1664 3144 1769 3198 δυ·

223 3222 363 3293 νάμει
396 3229 886 3295 συμϐαινούσαις
920 3230 1269 3299 ἐρρύθμιζον
1291 3247 1306 3263 °
1336 3232 1407 3287 ἐν
1436 3229 1532 3301 αἷς
1563 3234 1770 3304 ἑτέρας

222 3317 662 3388 ἐπηγγελλόμην
699 3320 803 3375 σοι
863 3321 1087 3376 δώσειν
1135 3322 1252 3391 τὴν
1300 3325 1552 3394 ἠλικίαν
1600 3328 1769 3396 ἀμειο

224 3406 375 3474 σοντι,
425 3411 765 3480 τελεωτέρφ
801 3413 919 3479 ,βίῳ
965 3416 1337 3483 πρεπούσας.
1388 3418 1554 3487 Ἀρτι
1608 3419 1676 3475 δέ
1705 3436 1773 3491 γε

223 3504 472 3569 μειρακίῳ
494 3506 796 3575 γεγονότι,
823 3506 922 3560 καὶ
948 3508 1100 3577 πρὸς
1123 3507 1283 3578 ἡμᾶς
1314 3514 1769 3582 παραγεγονότι,

222 3591 434 3662 φέροντι
464 3614 532 3652 τε
560 3595 644 3667 τῇ
674 3596 849 3668 ψυχῇ
878 3600 1154 3668 παιδείας
1187 3605 1261 3658 οὐ
1288 3602 1532 3672 φαῦλον
1568 3605 1770 3675 μέρος,

224 3686 505 3755 ιμπεῳιαν
534 3705 607 3743 τε
644 3688 860 3757 τόξων,
893 3692 991 3746 και
1024 3692 1232 3761 θήρας,
1282 3694 1383 3748 και
1416 3694 1539 3750 τῶν
1576 3700 1773 3752 τοιού-

225 3792 337 3845 των,
363 3776 513 3850 ἦλθε
535 3781 663 3851 μέν
690 3795 791 3835 σοι
818 3783 957 3851 παρ’
988 3783 1161 3853 ἡμῶν
1188 3788 1339 3855 πρὸς
1377 3787 1543 3843 ἅπαν
1566 3790 1772 3857 ἐπιτή-

225 3868 386 3938 δευμα
414 3872 863 3941 στρατιωτικὸν
904 3874 977 3928 τὰ
1007 3870 1354 3945 γιγνόμενα,
1398 3878 1581 3946 εὐθὺς
1620 3878 1772 3947 νεὼς

1791 2663 1839 2720 Δ

2197 2686 2565 2747 EPISTULA
2606 2689 3122 2751 Pnomuuus.
3158 2682 3170 2694 ’

1938 2775 2073 2832 Cum
2109 2792 2171 2833 ex
2199 2777 2365 2834 Italia
2385 2781 2615 2845 veniens,
2654 2782 2709 2836 in
2737 2782 3096 2853 Peloponneso
3114 2794 3163 2839 te
3189 2784 3444 2858 relinque-

1869 2883 1978 2923 rem
2000 2869 2073 2939 (ο,
2107 2886 2335 2941 quonam
2366 2871 2422 2925 id
2455 2882 2612 2943 pacto
2637 2885 2694 2928 ut
2728 2874 2977 2943 facerem,
3012 2877 3252 2930 animum
3286 2879 3445 2931 indu-

1869 2976 1985 3015 cere
2006 2962 2151 3031 potui
2181 2961 2221 3032 l)
2241 2962 2476 3031 puellum
2508 2965 2703 3029 adhuc,
2735 2974 2783 3019 et
2805 2982 2898 3035 per
2918 2976 3127 3021 wtatem
3158 2967 3349 3021 litteris
3371 2978 3445 3021 te-

1869 3052 2046 3105 nuiter
2071 3050 2352 3117 imbutum,
2385 3058 2525 3122 quod
2553 3055 2668 3123 ipsa
2722 3071 2926 3125 quoque
2965 3054 3186 3124 fortuna
3237 3056 3292 3109 in
3348 3055 3445 3108 hoc

1870 3144 1965 3219 tibi
1987 3143 2174 3212 fuisset
2214 3144 2605 3212 impedimento,
2627 3148 2902 3216 praceptis
2922 3146 3305 3215 informabam,
3330 3162 3446 3215 qua:

1871 3236 1978 3311 tuis
2002 3246 2111 3290 tum
2135 3235 2331 3291 viribus
2355 3237 2764 3305 responderent:
2790 3239 3109 3309 simulatque
3134 3254 3214 3292 me
3244 3238 3338 3291 tibi
3360 3238 3447 3307 fa-

1872 3338 1955 3382 cto
1982 3327 2382 3398 grandiuscula,
2414 3328 2670 3384 daturum
2692 3328 2814 3384 alia
2844 3329 3152 3398 pollicebar,
3187 3330 3307 3383 vitae
3331 3345 3448 3382 ma-

1872 3421 2065 3474 turiori
2110 3421 2490 3476 convenientia.
2531 3419 2691 3475 Nunc
2724 3419 3142 3475 adolescentiam
3190 3421 3444 3489 ingresso,

1871 3520 1922 3567 et
1946 3526 2108 3580 nuper
2143 3513 2213 3566 ad
2243 3528 2335 3566 nos
2355 3528 2580 3578 reverso,
2612 3527 2704 3565 nec
2736 3510 2888 3566 vilem
2912 3510 3233 3569 eruditionis
3247 3521 3449 3581 partem

1872 3604 2051 3659 animo
2076 3620 2250 3659 secum
2285 3604 2475 3674 ferenti
2509 3622 2529 3659 :
2556 3618 2675 3658 cum
2701 3603 3016 3674 sagittandi,
3040 3604 3283 3666 venandi,
3310 3602 3450 3657 alio-

1873 3710 2091 3766 rumque
2114 3694 2305 3749 talium
2337 3694 2535 3765 peritia
2565 3712 2580 3750 :
2613 3695 2779 3748 missa
2801 3692 3012 3764 quidem
3035 3709 3069 3747 a
3100 3693 3248 3747 nobis
3301 3702 3447 3754 sunt,

1873 3787 1965 3843 ubi
1984 3789 2215 3857 primum
2240 3788 2365 3842 navi
2410 3789 2601 3860 fuisses
2632 3803 2895 3857 egressus,
2914 3801 3032 3856 qua:
3060 3787 3131 3839 ad
3180 3785 3259 3839 rei
3314 3784 3451 3837 mili-

1878 3880 2011 3935 taris
2034 3880 2267 3934 studium
2302 3895 2610 3951 quocunque
2646 3878 2802 3933 modo
2825 3878 3149 3948 pertinerent
3188 3891 3207 3931 :
3255 3886 3310 3929 at
3355 3875 3452 3929 illa

228 3960 487 4057 ἀποϐάντι
507 3980 523 3993 ·
551 3966 621 4018 αι
651 3963 721 4017 δὲ
748 3965 1124 4035 ὑποσχέσεις
1149 3968 1336 4036 οὔπω,
1364 3969 1525 4024 ειποι
1556 3987 1647 4035 τις
1674 3970 1771 4036 ἂν,

1879 3971 1941 4026 de
1983 3972 2171 4043 quibus
2218 3972 2438 4038 dictum,
2493 3972 2759 4042 promissa
2816 3969 3039 4024 necdum
3068 3975 3449 4039 apparuerunt.

228 4048 376 4122 οἶμαι,
425 4056 640 4111 δεινόν
670 4072 738 4126 γε
768 4055 875 4124 τὰς
923 4059 1075 4127 πρὸς
1100 4060 1332 4131 ῥώμην,
1365 4061 1465 4118 καὶ
1506 4065 1777 4135 πόλεμον

1881 4062 2225 4133 Objecturum
2257 4064 2339 4118 hic
2389 4063 2503 4117 alia
2549 4078 2702 4133 quem
2758 4063 2906 4116 nobis
2952 4060 3204 4124 arbitror,
3258 4059 3452 4111 mirum

230 4144 306 4199 mi
338 4146 490 4215 ὅλως
516 4148 629 4213 τὰς
663 4147 772 4202 τοῦ
812 4149 1089 4220 σώματος
1120 4152 1467 4222 ἐπιμελείας
1514 4156 1781 4223 προτιθέ-

229 4254 305 4293 rat
347 4241 474 4306 τοῦ,
514 4241 639 4307 ὅτῳ
668 4242 746 4295 ἂν
792 4244 1010 4313 ψυχὴν
1059 4246 1159 4299 καὶ
1206 4246 1359 4302 νοῦν
1395 4250 1781 4319 λαμπρότερα

228 4330 563 4401 ἀποφήναις.
602 4332 713 4389 Καὶ
747 4336 820 4390 τὰ
846 4336 965 4405 μὲν
1009 4337 1298 4406 μηδέποθ’
1361 4340 1777 4412 ὑπεσχημένα,

228 4424 384 4478 ταῦτα
408 4426 478 4479 δὲ
527 4426 735 4481 πάντα
765 4441 865 4481 σοι
904 4428 1116 4483 δοῦναι
1146 4430 1382 4487 δίκαιον
1410 4432 1484 4488 δν
1523 4434 1735 4501 ἁπλῶς
1759 4450 1775 4468 ⁶

231 4515 385 4581 αὐτὰς
408 4517 480 4572 δὲ
509 4519 624 4586 τὰς
654 4518 1043 4589 ἐπαγγελίας,
1072 4516 1160 4578 ὧν
1196 4525 1297 4579 και
1334 4524 1481 4579 ὄντα
1516 4526 1782 4596 ἐμαυτὸν

230 4609 514 4677 ὑπόχρεων
558 4611 873 4665 πλείστων
916 4612 1117 4680 ἕνεκα,
1165 4614 1428 4672 διπλοῦν
1455 4617 1584 4683 ταῖς
1630 4621 1783 4675 ὐπο-

232 4700 498 4768 σχέσεσιν
526 4706 929 4774 εἰργασάμην.
954 4704 1210 4775 μηδέπω
1244 4707 1346 4762 σοι
1376 4707 1479 4762 καὶ
1521 4709 1638 4764 νῦν
1672 4724 1785 4765 πα-

233 4795 593 4861 ραγεγονέναι
617 4812 632 4825 ·
681 4795 782 4849 καὶ
826 4796 1020 4851 ἵππον
1045 4797 1163 4867 μὲν
1204 4797 1323 4853 τῶν
1366 4801 1651 4869 εὐγενῶν,
1685 4802 1786 4857 καὶ

234 4883 426 4954 “parca,
467 4889 575 4943 καὶ
623 4889 783 4944 κύνα
830 4889 1193 4960 παρασχεῖν,
1252 4892 1477 4961 λόγους
1528 4893 1598 4947 δὲ
1645 4908 1785 4964 προ-

235 4983 587 5049 τρεπτικοὺς,
651 4982 754 5037 καὶ
802 4983 1093 5051 πατρικὰς
1138 4984 1545 5053 παραινέσεις,
1600 5002 1786 5041 συνε-

237 5073 441 5141 νεγκεῖν
463 5074 590 5143 μὲν
616 5073 958 5144 δυναμένας
993 5074 1129 5141 visi,
1176 5076 1572 5147 συνενεγκεῖν
1599 5077 1669 5131 δὲ
1706 5078 1787 5143 τῷ

238 5166 410 5232 κοινῷ,
456 5168 668 5235 ὥσπερ
703 5168 1055 5237 ἐξεπίτηδες
1104 5169 1575 5226 ἀναϐάλλεσθαι.
1646 5171 1788 5241 Ἐγὼ

237 5253 289 5307 δὲ
320 5257 532 5315 τοῦτον
565 5258 790 5327 εἴποιμ’
824 5258 905 5315 ἂν
932 5261 1158 5317 οὑτωσὶ
1197 5263 1262 5316 τὸ
1299 5252 1534 5330 πρέπον
1571 5262 1784 5327 εἰπεῖν,

1878 4174 2007 4213 sane
2027 4156 2458 4228 oideri,qua'ad
2506 4157 2689 4223 robur,
2715 4163 2767 4211 et
2832 4154 3048 4216 bellum,
3106 4164 3155 4207 et
3214 4150 3452 4216 corporis

1878 4250 2091 4305 omnino
2130 4265 2316 4304 curam
2340 4256 2594 4319 spectent,
2625 4263 2686 4302 eo
2726 4247 2938 4317 potiora
2986 4243 3132 4307 duci,
3170 4256 3262 4312 per
3313 4240 3452 4311 quod

1881 4343 2042 4398 menti
2065 4351 2116 4397 et
2129 4342 2307 4397 animo
2338 4341 2586 4404 splendor
2629 4340 2828 4410 aliquis
2859 4336 3106 4392 accedere
3134 4333 3299 4404 possit
3323 4331 3453 4386 :iti-

1880 4435 2021 4500 dem,
2049 4450 2166 4505 quae
2187 4449 2457 4505 nunquam
2486 4432 2582 4487 tibi
2605 4431 2876 4501 pollicitus
2911 4432 3035 4494 sim,
3059 4427 3247 4482 merito
3298 4425 3454 4490 data,

1883 4527 2090 4581 ratione
2126 4526 2359 4597 quadam
2386 4523 2616 4594 simplici
2633 4532 2727 4588 ;at
2755 4522 2874 4591 ipsa
2925 4521 3207 4590 promissa,
3260 4518 3452 4589 quibus

1882 4619 2201 4688 prastandis
2242 4628 2429 4673 cctero
2481 4617 2611 4687 quin
2657 4615 2965 4679 obnoxium,
3013 4611 3309 4682 pollicendo
3376 4625 3456 4664 me

1883 4710 2162 4782 dupliciter
2177 4708 2478 4779 obligarim,
2501 4724 2564 4763 ne
2587 4722 2726 4761 nunc
2748 4706 2960 4777 quidem
2979 4704 3246 4758 exhibita:
3268 4717 3457 4771 equum

1884 4805 2105 4874 denique
2128 4818 2459 4874 generatum,
2491 4811 2541 4856 et
2575 4802 2903 4868 accipitrem,
2949 4807 3000 4853 et
3021 4812 3205 4852 canem
3263 4810 3459 4864 suppe-

1884 4895 2160 4959 ditatum;
2193 4904 2249 4948 at
2281 4894 2545 4948 orationes
2569 4892 2640 4947 ad
2690 4892 2953 4960 pra'clara
3005 4890 3364 4952 cohortantes,
3409 4895 3459 4940 et

1887 4978 2116 5041 monitus
2149 4994 2421 5056 paternos,
2479 5001 2599 5039 cum
2618 4985 2720 5053 ipsi
2771 4982 2911 5051 filio,
2971 4991 3084 5036 tum
3147 4977 3455 5048 reipublicae

1886 5078 2216 5149 profuturos,
2267 5078 2423 5143 quasi
2480 5076 2545 5131 de
2577 5075 2847 5130 industria
2884 5072 3289 5143 procrastinari.
3344 5066 3459 5137 Ego

1888 5186 2008 5227 vero
2039 5170 2232 5239 fateor,
2261 5170 2374 5224 lucc
2405 5175 2511 5225 n'on
2555 5167 2797 5222 indecore
2828 5165 2965 5230 dici’;
3020 5162 3111 5217 sed
3133 5162 3198 5214 ab
3228 5160 3455 5220 nomine,

1887 5262 1977 5333 qui
2001 5277 2103 5315 non
2137 5262 2317 5315 omnia
2349 5272 2488 5314 recte
2537 5256 2967 5313 consideraoerit.
2996 5253 3111 5308 Par
3132 5254 3273 5307 enim
3318 5260 3456 5313 erat,

239 5349 426 5418 οὑμήν
456 5370 524 5423 τε
554 5350 754 5407 πάντα
793 5353 992 5420 καλῶς
1022 5354 1451 5420 σκοπήσαντα.
1488 5356 1651 5409 Ἔδει
1679 5354 1778 5426 γάρ

1890 5352 2070 5406 animo
2099 5360 2187 5404 tuo
2218 5350 2430 5414 tenella,
2460 5349 2652 5420 quique
2677 5357 2786 5401 tam
2813 5346 3147 5415 navigatione
3192 5344 3453 5396 diuturna

240 5454 335 5495 cev
349 5442 459 5510 τὴν
477 5443 700 5513 ψυχὴν
716 5446 1107 5514 ἀπαλωτέραν
1125 5442 1345 5511 οὖσαν,
1372 5446 1789 5515 πεπονηκυῖαν

240 5534 319 5585 καὶ
346 5536 477 5601 πλῷ
527 5537 759 5606 μακρῷ,
794 5539 891 5593 καὶ
933 5538 1243 5609 ἀποδημίᾳ
1286 5541 1532 5611 γονέων,
1573 5540 1789 5594 δοῦναί

240 5638 285 5675 τι
311 5624 686 5699 διαχυθῆναι,
728 5630 890 5698 ὅπως
918 5631 993 5699 δὴ
1044 5632 1161 5701 τὴν
1188 5634 1454 5703 ἀθυμίαν
1499 5648 1784 5702 παρωσα-

242 5717 398 5803 μάνη,
414 5722 805 5792 ἀκμάζουσαν
829 5725 1102 5782 λαθοῦσα
1129 5730 1489 5797 προθυμίαν,
1511 5726 1787 5797 ἀσμένως

1848 5457 1855 5460 ·
1883 5458 2045 5514 quam
2070 5443 2308 5496 absentia
2326 5450 2625 5511 parentum,
2654 5437 2966 5493 debilitatus
3001 5445 3160 5501 esset,
3189 5435 3273 5490 sui
3322 5450 3457 5487 non-

1884 5534 2017 5589 nihil
2037 5532 2377 5588 exhilarandi
2400 5533 2609 5603 copiam
2640 5531 2759 5600 ﬁeri
2799 5548 2815 5586 :
2880 5539 2937 5583 ut
2959 5543 3178 5599 expuao
3234 5539 3457 5580 mturare

1882 5626 2264 5695 alacritateque
2298 5638 2476 5697 vegeta
2529 5632 2865 5696 recuperata,
2921 5639 3025 5677 non
3075 5622 3320 5691 ignaviae.
3367 5618 3459 5672 sed

1886 5722 2369 5791 honestiprazcepta
2401 5720 2695 5775 tradituros
2734 5718 3002 5772 orationes
3033 5715 3220 5783 cupide
3267 5714 3461 5767 admib
