3976 6206
542 290 655 353 31⁷)
1738 283 1786 342 Μ
1803 279 2112 343 ANUELIE

2176 278 2626 340 PALIEOLOGI
3653 291 3745 358 31C

529 416 681 460 teret.
725 407 910 474 Itaque
939 418 1042 454 non
1065 401 1198 453 citra
1250 399 1509 452 rationem
1555 399 1651 451 hoc
1679 415 1712 451 a
1767 413 1848 452 me
1900 397 2099 466 factum

2209 395 2458 463 δέξηται
2482 397 2729 464 λόγους,
2760 399 2827 450 τὸ
2868 397 3082 460 καλὸν,
3115 398 3186 452 οὐ
3221 399 3334 467 τὴν
3354 401 3651 473 ῥᾳστώνην
3673 425 3754 462 νο.

529 501 652 566 fuit,
687 509 843 565 atque
873 494 1032 546 etiam
1066 491 1144 544 vel
1175 492 1336 544 invito
1360 507 1439 544 me
1463 507 1542 544 res
1575 490 1802 555 diutius,
1831 491 1879 544 si
1931 505 2099 543 verum

2213 487 2646 556 μοθετοῦντας.
2683 488 2866 543 Τοῦτο
2888 489 3006 556 μὲν
3033 489 3111 557 δὴ
3145 492 3411 561 λογισμῷ
3456 495 3746 566 πέπρακται

530 572 690 657 fateri
734 587 1000 658 debemus,
1057 583 1470 653 impedientibus
1510 599 1604 638 nos
1672 581 2100 650 occupationiblt

2193 597 2316 647 -μοι
2336 596 2349 611 ⁸
2383 581 2548 636 ειδεῖ
2570 581 2638 634 δέ
2669 581 2932 650 τάληθὲς
2961 582 3175 649 εἰπεῖν,
3210 585 3308 638 καὶ
3332 584 3415 656 μὴ
3438 588 3754 660 βουλομένῳ

529 680 744 743 nostris,
775 683 1036 732 extructa.
1085 674 1218 729 Cum
1264 682 1442 730 autem
1492 674 1662 742 magis
1691 687 1802 737 eas,
1845 674 2099 742 magisqtu

2218 674 2451 740 προῦϐη
2491 664 2886 743 μακρότερον,
2921 677 3234 744 ἀσχολιῶν
3264 695 3365 746 μοι
3393 688 3754 746 προσισταιιέο

529 771 796 824 cumulari
825 772 1053 823 viderem
1083 769 1264 822 neista
1298 767 1504 837 longius
1529 768 1784 819 durarent
1814 764 2090 820 obstacula

2218 783 2362 820 νων.
2405 765 2595 834 Ὁρῶν
2633 767 2703 821 δὲ
2737 769 2963 836 ταύτας
2985 771 3413 839 ἐπιτεταμένως
3456 777 3755 842 χωρούσας.

528 866 756 928 veritus;
779 863 853 916 vel
876 863 1014 932 quod
1042 869 1182 915 certo
1211 859 1384 928 potius
1418 857 1472 911 id
1515 859 1776 928 futurum,
1811 857 1873 909 de
1918 873 2089 925 prazee

2219 855 2432 924 δεδιὼς
2471 857 2555 929 μὴ
2614 859 3046 930 διαρκέστερον
3095 864 3166 918 τὰ
3210 865 3606 935 προϊστάμειά
3648 870 3757 922 ἑπι-

527 957 776 1012 dentibus
809 961 1015 1008 nossem
1042 970 1062 1007 :
1085 955 1352 1018 promissa
1388 957 1599 1006 tandem
1634 951 1899 1020 implenda
1935 960 2094 1018 putav

2216 950 2418 1019 μείνῃ.
2445 953 2690 1020 μᾶλλον
2716 951 2785 1008 δὲ
2810 955 3022 1024 σαφῶς
3048 953 3222 1023 εἰδὼς
3247 959 3362 1010 ἀπὸ
3390 957 3502 1012 τῶν
3524 964 3761 1028 cauam--

530 1050 722 1104 nimbis
765 1048 974 1100 interim
1007 1047 1356 1116 negotiorum,
1394 1055 1548 1113 prout
1575 1045 1692 1112 ﬁeri
1718 1051 1915 1112 posset,
1961 1058 2100 1120 exce-

2222 1060 2342 1096 των
2367 1061 2379 1073 ·
2406 1043 2538 1097 δεῖν
2579 1045 2785 1112 ᾠήθην
2821 1049 2910 1112 είς
2935 1049 3116 1116 ἔργον
3150 1049 3398 1118 ἀγαγεῖν
3438 1052 3502 1104 τὰ
3531 1056 3755 1121 ὑπεσχη-

532 1146 652 1212 ptis.
681 1147 830 1197 Esset
861 1159 988 1195 sane
1007 1152 1437 1203 consentaneum,
1469 1156 1530 1192 ne
1557 1154 1696 1190 nunc
1724 1137 1937 1206 quidem
1962 1136 2102 1188 adul

2219 1134 2397 1203 μένα.
2441 1135 2522 1202 ὡς
2559 1137 2706 1190 ἐνὸν
2758 1137 3088 1206 δεχόμενος
3136 1141 3247 1206 τὰς
3289 1140 3407 1193 τῶν
3441 1143 3751 1212 πραγμάτων

533 1240 598 1292 tis
636 1238 995 1292 convenientia
1051 1236 1319 1304 praescribi
1345 1233 1760 1293 adolescentulo,
1835 1231 1956 1284 novi
2023 1231 2103 1283 hot

2220 1225 2502 1294 νιφάδος.
2536 1221 2659 1280 Ἦν
2691 1227 2810 1296 μὲν
2840 1223 2956 1282 οὖν
2986 1230 3329 1284 ἀκόλουθον
3353 1232 3504 1298 μηδὲ
3543 1233 3668 1296 νῦν,
3702 1234 3759 1286 τὰ

530 1331 790 1397 equidem,
819 1346 921 1382 non
948 1345 1025 1380 me
1044 1331 1192 1384 latet.
1223 1325 1326 1380 Sed
1344 1343 1459 1378 cum
1489 1324 1790 1392 futurorum
1822 1331 2034 1374 eventus
2063 1323 2100 1374 it

2222 1317 2341 1370 τῶν
2376 1320 2627 1397 τελείων
2654 1322 2942 1388 μειρακίῳ
2976 1321 3393 1390 γνωμοδοτεῖν.
3431 1323 3664 1393 Ἐγνων,
3701 1329 3761 1380 οὺ

535 1423 741 1475 occulto
776 1421 868 1485 sit,
907 1420 1138 1472 debitum
1173 1420 1309 1471 istuc
1344 1433 1494 1470 omne
1561 1414 1716 1468 modo
1771 1429 1866 1482 pro
1923 1414 2105 1468 viribut

2219 1411 2442 1476 λέληθέ
2463 1395 2556 1473 us:
2576 1414 2677 1464 Ὃν
2698 1411 2768 1465 δὲ
2787 1413 2854 1465 τὸ
2873 1415 3107 1481 μέλλον
3126 1415 3404 1482 ἀόρατον,
3421 1418 3648 1484 ἄμεινον
3666 1419 3761 1486 ἤδη

537 1515 739 1570 exsolvi
770 1523 1011 1580 prtestat.
1049 1512 1126 1564 Eu
1181 1527 1300 1565 vero
1345 1513 1683 1579 prolaturum
1753 1529 1830 1564 me
1861 1512 2107 1576 arbitror1

2222 1504 2588 1576 καταϐαλεῖν
2622 1504 2687 1559 τὸ
2737 1504 2914 1573 χρέος
2963 1504 3127 1560 ἅπαν
3151 1509 3242 1574 εις
3283 1508 3550 1578 δύναμιν.
3589 1511 3761 1579 ’Βροῦ-

537 1607 644 1658 ι)κο
677 1621 888 1658 cursum
919 1605 1173 1658 orationis
1212 1607 1544 1668 moderante,
1578 1619 1694 1672 quas
1723 1616 1773 1676 et
1806 1621 1944 1657 nunc
1981 1612 2030 1658 et
2065 1605 2107 1656 in

2217 1613 2338 1662 μεν
2360 1594 2430 1648 δέ
2457 1591 2622 1663 οἶμαι
2647 1593 2912 1658 τοιαῦτα,
2941 1597 3089 1651 Θεοῦ
3121 1599 3232 1652 τὸν
3259 1601 3444 1669 λόγον
3470 1603 3763 1667 [οὐν-οντες,

532 1707 796 1768 posterum
829 1683 1138 1766 proderunt,
1163 1714 1379 1766 qumque
1430 1699 1624 1761 iuveni,
1684 1708 1734 1750 et
1766 1699 1898 1760 seni,
1949 1699 2102 1767 fortu-

2225 1685 2262 1740 ᾰ
2292 1687 2573 1740 συνοίσει
2609 1684 2725 1756 μὲν
2753 1689 2851 1741 καὶ
2883 1687 3022 1754 νῦν,
3053 1693 3337 1745 συνοίσει
3365 1692 3430 1745 δὲ
3467 1694 3526 1758 ἐς
3557 1694 3616 1746 τὸ
3641 1695 3766 1762 μέλ-

2241 1782 2339 1802 1---
2397 1780 2492 1802 -.-ἱ
2541 1779 2909 1802 ..--.-ρ.ί..-.....-
2971 1800 3026 1802 -.μ
3049 1781 3062 1802 ι
3101 1783 3206 1802 ηιμ
3293 1801 3296 1802 ,
3338 1801 3346 1802 κ
3368 1785 3378 1802 1
3473 1784 3486 1802 r
3756 1786 3764 1802 ι

535 1808 616 1844 ua:
652 1793 838 1852 cuivis,
866 1800 915 1844 et
954 1793 1150 1855 ordini,
1181 1802 1228 1844 et
1264 1793 1386 1843 huic
1443 1791 1714 1856 praiseuti,
1760 1801 2105 1864 secuturatqut

2223 1782 2339 1833 λον
2393 1780 2493 1834 καὶ
2535 1779 2913 1849 συμϐήσεται
2965 1781 3066 1835 καὶ
3094 1783 3235 1847 νέῳ,
3283 1785 3381 1836 καὶ
3425 1784 3660 1853 γέροντι,
3686 1786 3766 1836 xui

539 1885 656 1937 vitw
680 1885 1004 1937 convenient.
1037 1882 1216 1935 Nolim
1255 1891 1427 1936 autem
1461 1886 1794 1954 arrogantia;
1834 1900 1912 1936 me
1971 1885 2109 1952 quis-

2221 1871 2378 1939 τύχῃ
2399 1870 2590 1939 πάσῃ,
2622 1873 2717 1925 καὶ
2743 1871 2930 1938 τάξει,
2963 1869 3040 1940 τῷ
3067 1891 3130 1930 τε
3155 1875 3306 1938 ὄντι,
3341 1875 3418 1941 τῷ
3450 1892 3510 1930 τε
3537 1877 3767 1945 ἐσομένῳ

535 1974 680 2042 piam
713 1973 1196 2042 insintulet,.quasi
1218 1976 1308 2043 qui
1343 1991 1536 2043 magna
1564 1974 1812 2044 qua'dam
1838 1975 2105 2039 pollicear.

2221 1980 2288 2032 τε
2303 1963 2442 2029 βίῳ.
2479 1964 2587 2017 Καὶ
2619 1965 2704 2032 μή
2725 1965 2802 2032 μέ
2829 1982 2916 2030 τις
2944 1965 3300 2032 ἀλαζονείας
3334 1968 3660 2036 γραψάσθω,
3682 1985 3767 2036 με-

544 2064 661 2118 Non
691 2068 829 2120 enim
856 2068 935 2119 hae
959 2079 1150 2120 nostrce
1177 2069 1515 2136 cogitationes
1547 2069 1600 2120 in
1635 2069 1938 2124 universum
1961 2076 2114 2122 erunt

2222 2053 2379 2124 τάλα
2408 2053 2596 2122 δῆθεν
2625 2055 3178 2125 ἐπαγγελλόμενον.
3199 2061 3294 2113 Οὐ
3342 2059 3449 2127 γὰρ
3483 2059 3554 2125 δὴ
3587 2061 3645 2112 τὸ
3665 2059 3762 2112 πᾶν

537 2158 664 2223 (non
697 2159 792 2209 hoc
832 2145 1228 2212 dissimulabo:
1273 2175 1362 2212 nec
1382 2159 1520 2211 enim
1551 2159 1604 2210 id
1635 2159 1751 2224 ﬁeri
1787 2176 1888 2227 par
1932 2160 2107 2228 esset],

2221 2146 2518 2214 ἡμέτερον
2546 2146 2718 2201 ἐσται
2751 2148 2871 2200 τῶν
2903 2149 3226 2216 νοημάτων
3251 2151 3344 2220 (οὐ
3371 2153 3570 2218 κρύψω
3599 2151 3761 2212 τοῦτο,

534 2251 625 2303 sed
658 2267 781 2316 pars
815 2251 988 2318 major
1015 2252 1078 2303 ab
1111 2254 1314 2304 ornatis
1357 2252 1552 2305 virtute
1584 2252 1711 2304 viris
1734 2261 1962 2320 petetur,
1985 2267 2104 2320 quo-

2221 2241 2365 2295 ούδέ
2398 2243 2512 2309 γὰρ
2557 2242 2779 2310 ἄξιον),
2823 2243 2988 2296 ἀλλὰ
3035 2245 3135 2296 καὶ
3183 2244 3256 2296 τὸ
3286 2245 3568 2298 πλεῖστον
3597 2243 3763 2312 μέρος,

536 2357 654 2394 rum
687 2343 993 2394 memoriam
1022 2359 1141 2396 cum
1183 2343 1546 2404 celebratione,
1581 2352 1924 2412 posteaquam
1957 2360 2106 2396 ecor-

2220 2333 2404 2401 ἀρετῇ
2428 2334 2909 2403 κεκοσμημένον,
2950 2330 3042 2399 οίς
3075 2337 3113 2404 ἠ
3140 2335 3264 2388 τῶν
3286 2338 3514 2404 τρόπων
3544 2337 3765 2404 χρηστό-

537 2436 748 2502 poribus
781 2435 1104 2502 migrarunt,
1133 2437 1178 2488 ei
1212 2436 1320 2502 ipsa
1351 2451 1555 2487 morum
1590 2435 1798 2488 bonitas
1830 2445 1878 2488 et
1913 2437 2107 2503 sapien-

2221 2442 2351 2491 της,
2391 2424 2488 2478 καὶ
2539 2425 2606 2478 τὸ
2633 2425 2744 2493 τῆς
2796 2428 3024 2494 ,σοφίας
3074 2427 3304 2495 χρῆμα,
3354 2425 3470 2480 τῶν
3521 2426 3768 2496 σωμάτων

539 2525 613 2576 tia
643 2533 940 2577 conservat.
967 2523 1076 2577 Nec
1103 2523 1165 2575 de
1197 2526 1391 2577 nostris
1428 2526 1689 2577 duntaxat
1713 2525 2009 2578 hominibus
2043 2525 2109 2578 lor

2223 2517 2615 2571 ἀπελθόντων
2638 2518 2767 2586 περὶ
2803 2517 2918 2585 τὴν
2943 2518 3190 2586 μνήμην
3210 2520 3346 2587 μετ’
3373 2519 3675 2587 ἐγκωμίων.
3701 2520 3765 2571 Οὐ

537 2632 691 2678 quor,
721 2632 897 2668 verum
925 2614 1084 2672 etiam
1107 2616 1170 2668 de
1187 2615 1447 2684 plerisque
1481 2627 1732 2671 veterum.
1755 2653 1760 2660 ι

2221 2605 2378 2676 λέγω
2410 2606 2478 2658 δὲ
2520 2607 2720 2674 μόνον
2756 2607 2899 2673 τοὺς
2948 2608 3308 2676 ἡμετέρους,
3337 2607 3496 2662 ἀλλὰ
3533 2607 3620 2661 καὶ
3645 2611 3768 2662 πολ-

2223 2699 2373 2764 λοὺς
2408 2698 2527 2752 τῶν
2555 2698 2994 2767 παλαιοτέρων.
3732 2776 3738 2782 ‘

616 2792 812 2846 Rursus
849 2795 931 2846 hic
965 2794 1222 2862 quispiam
1256 2796 1405 2848 nobis
1445 2796 1676 2865 fortasse
1708 2795 1952 2852 dicturus
2016 2809 2119 2862 est,

2297 2793 2493 2849 Πάλιν
2523 2793 2651 2862 ἐρεῖ
2678 2811 2767 2858 τις
2809 2792 3002 2862 τυχὸν
3034 2794 3179 2861 ἡμῖν
3200 2810 3215 2826 ·
3261 2796 3464 2865 Ἤρκει
3491 2793 3767 2864 τοιγαροῦν

538 2885 668 2934 satis
697 2900 826 2946 esse,
854 2886 898 2936 si
926 2886 1256 2946 mandemus,
1293 2903 1378 2938 eos
1413 2897 1467 2938 ut
1491 2889 1651 2940 adeas
1677 2888 1838 2953 viros,
1864 2901 1910 2942 et
1937 2905 2108 2958 quant-

2225 2882 2520 2947 ἐπιτάξαι,
2555 2881 2719 2949 παρὰ
2751 2882 3036 2938 τουτουσὶ
3069 2882 3210 2950 τοὺς
3263 2885 3485 2953 ἄνδρας
3520 2881 3771 2954 φοιτῆσαί

537 2976 765 3044 primum
799 2975 1025 3045 pellegas
1074 2977 1412 3048 ipsorumque
1470 2989 1517 3031 te
1571 2981 1848 3048 prtvceptis
1885 2981 2098 3036 excolas

2227 2988 2322 3037 σε,
2358 2973 2455 3027 καὶ
2485 2971 2601 3038 τὴν
2630 2971 2931 3040 ταχίστην
2961 2973 3186 3040 αὐτοὺς
3233 2974 3518 3041 διελθεῖν,
3555 2973 3639 3028 καὶ
3667 2969 3770 3036 ταῖς

540 3068 688 3122 nobis
721 3069 932 3121 interim
968 3069 1064 3122 hoc
1086 3069 1264 3124 labore
1296 3070 1640 3140 molestiaque
1666 3072 1924 3127 liberatis.
1970 3071 2110 3128 Νἱίιὶι

2227 3063 2400 3134 σφῶν
2423 3061 2848 3129 διδασκαλίαις
2877 3063 3112 3118 σαυτὸν
3131 3065 3466 3136 κοσμῆσαι,
3485 3066 3579 3120 καὶ
3607 3080 3768 3133 πραγ-

539 3159 777 3225 equidem
812 3160 1033 3211 altsurdi
1054 3159 1117 3211 ab
1147 3161 1243 3214 hoc
1290 3163 1498 3214 homine
1525 3163 1753 3232 proferri
1775 3164 1950 3233 fateor
1974 3180 1991 3217 :
2015 3181 2109 3220 esst

2218 3157 2428 3227 μάτων
2470 3153 2629 3226 ἡμᾶς
2676 3156 3088 3226 ἀπηλλάχθαι.
3112 3159 3224 3214 Καὶ
3247 3159 3420 3229 φημὶ,
3443 3157 3625 3228 μηδὲν
3646 3155 3772 3222 ἀπᾷ-

544 3250 794 3302 nimirnm
862 3266 1180 3319 magnopere
1228 3254 1606 3313 necessarium,
1666 3265 1720 3307 ut
1774 3256 2114 3312 admirabiles

2225 3248 2336 3303 δον
2368 3248 2612 3304 τουτονὶ
2644 3248 2752 3302 τὸν
2786 3248 2977 3316 ἄνδρα
3008 3250 3187 3319 ἐρεῖν.
3211 3248 3386 3306 Εἶναι
3419 3251 3528 3321 γὰρ
3564 3246 3773 3314 πολλὴν

542 3341 694 3392 hosce
720 3343 858 3393 viros
887 3341 1162 3408 inspicias,
1224 3360 1411 3412 eosque
1471 3346 1565 3397 tibi
1589 3348 1865 3417 pracfectos
1919 3365 2112 3405 morum

2287 3340 2500 3408 ’ἁγκην
2526 3341 2812 3394 τουτουσὶ
2840 3340 2982 3406 τοὺς
3005 3344 3392 3410 θαυμασίους
3416 3342 3558 3396 ιδεῙν
3577 3357 3662 3405 σε,
3691 3337 3772 3392 καὶ
3853 3331 3857 3338 ’

543 3430 840 3499 magistros,
881 3430 1011 3494 illis,
1041 3449 1156 3502 qum
1198 3432 1294 3486 tibi
1343 3452 1477 3486 nunc
1504 3437 1722 3503 adsunt,
1775 3439 2113 3494 autsiltatorct

2227 3429 2347 3482 τῶν
2379 3430 2511 3483 σῶν
2539 3429 2703 3498 ἠθῶν
2733 3431 3147 3498 διδασκάλους
3188 3435 3420 3501 αὐτοὺς
3444 3433 3771 3502 ποιήσαντα,

543 3518 822 3589 adjungas,
845 3521 915 3573 ad
947 3538 1118 3575 rerum
1151 3524 1536 3591 pra'clararum
1576 3528 1996 3598 indagationem,
2047 3531 2113 3584 si-

2227 3522 2351 3589 τοῖς
2386 3522 2501 3576 νῦν
2531 3518 2672 3578 οὖσι
2716 3520 3223 3592 προσκτήσασθαι
3264 3527 3530 3594 βοηθοὺς
3573 3527 3654 3591 εις
3682 3523 3772 3588 τὴν

539 3613 751 3680 quidem
785 3615 863 3666 vir
902 3616 1063 3668 bonus
1093 3625 1141 3688 et
1171 3617 1409 3687 egregius
1442 3617 1560 3687 ﬁeri
1629 3623 1779 3675 velis.
1815 3620 1956 3677 Nam
2008 3624 2109 3692 qui:

2227 3617 2346 3671 τῶν
2367 3615 2571 3674 καλῶν
2591 3617 2803 3685 θήραν,
2825 3619 2877 3670 εὶ
2903 3617 3148 3684 μέλλεις
3168 3620 3363 3684 καλὸς
3391 3620 3467 3674 κά
3477 3622 3640 3687 γαθὸς
3666 3618 3772 3669 ἔστι

544 3704 862 3766 juventutent
901 3707 1086 3759 melius
1119 3708 1189 3760 ad
1221 3710 1465 3763 virtutem
1532 3728 1694 3765 manu
1739 3715 1893 3780 quasi
1936 3714 2114 3770 (lucere

2229 3713 2391 3762 σθαι.
2433 3712 2527 3777 Τίς
2558 3709 2669 3778 γάρ
2691 3724 2810 3762 που
2836 3708 3093 3762 κάλλιον
3119 3711 3294 3780 γνοίη
3319 3712 3463 3778 πρὸς
3485 3712 3550 3764 τὸ
3578 3706 3773 3779 ἀγαθὸν

545 3797 683 3848 norit
710 3795 957 3851 indicatis
987 3799 1127 3853 hisce
1153 3801 1302 3867 viris,
1330 3804 1420 3872 qui
1446 3814 1490 3856 et
1514 3808 1820 3871 prudenter,
1854 3817 1900 3860 et
1939 3793 2115 3876 perite1

2229 3801 2668 3872 χειραγωγῆσαι
2719 3805 2972 3869 νεότητα
3016 3802 3278 3857 τουτωνὶ
3320 3805 3440 3858 τῶν
3483 3804 3771 3870 εἰρημένων

543 3895 593 3940 et
619 3888 872 3952 studiose,
899 3900 948 3942 et
976 3891 1266 3960 ingeniose,
1293 3903 1340 3946 et
1369 3893 1616 3959 sollicite,
1644 3895 1904 3965 quidquid
1926 3896 1995 3950 ad
2016 3898 2113 3952 dis-

2229 3891 2487 3961 ἀνδρῶν,
2515 3894 2813 3963 φρονήσει
2843 3911 2906 3950 τε
2931 3893 3033 3948 καὶ
3059 3894 3391 3966 ἐπιστήμῃ,
3421 3896 3514 3949 καὶ
3541 3889 3770 3958 σπουδῇ.

546 3977 755 4030 serendi
788 3980 1092 4058 civilemque
1111 3982 1407 4035 doctrinam
1425 3983 1623 4054 confert
1651 4024 1666 4049 ,
1698 3985 2116 4053 investigaruuti

2232 3984 2329 4037 καὶ
2361 3985 2600 4054 εὐφυΐᾳ,
2638 3985 2734 4039 καὶ
2777 3985 3108 4054 φιλοτιμίᾳ,
3137 3984 3290 4054 πρὸς
3327 3985 3578 4055 λογικήν
3614 3999 3671 4038 τε
3693 3983 3771 4034 καὶ

546 4070 637 4121 sed
668 4068 1046 4124 arbitrabarid
1078 4071 1220 4141 quod
1265 4089 1436 4126 meum
1460 4084 1559 4137 est,
1606 4073 1722 4126 licet
1778 4074 1980 4144 alioqui
2026 4090 2116 4128 non

2230 4075 2551 4142 πολιτικὴν
2591 4075 2865 4145 μάθησιν
2908 4076 2976 4129 τὸ
3019 4077 3346 4143 λυσιτελές
3392 4073 3775 4144 ῠιτησάντωιτ

548 4161 724 4228 magni
745 4164 991 4216 momenti
1032 4165 1120 4224 sit,
1151 4164 1236 4217 hic
1265 4176 1438 4219 tamen
1484 4166 1602 4236 plus
1634 4165 1741 4219 illis
1795 4165 2082 4220 valiturum
2112 4185 2118 4222 :

2246 4165 2602 4237 Ἦγησάμην
2639 4166 2709 4219 δὲ
2744 4165 2990 4236 τούμὸν,
3024 4168 3217 4220 καίτοι
3270 4168 3466 4222 τᾶλλα
3514 4161 3774 4224 ταπεινῶς

544 4253 868 4321 aﬂcctionem
895 4255 1108 4324 inquam
1138 4270 1435 4323 paternam,
1467 4257 1619 4327 cujus
1673 4258 1810 4327 ignis
1839 4257 2114 4312 admodum

2231 4258 2394 4328 ἕχον,
2417 4258 2562 4312 ἔνθα
2589 4257 2663 4326 δή
2685 4275 2736 4314 τι
2767 4255 2957 4312 πλέον
2981 4257 3247 4327 σχήσειν
3277 4259 3616 4314 τούκείνων.
3634 4253 3773 4321 Λέγω

543 4345 725 4412 efﬁcax
787 4347 1109 4400 vehementer
1139 4330 1431 4415 ampliﬁcat
1465 4367 1546 4411 ea,
1577 4366 1694 4420 qua:
1718 4360 1772 4401 tu
1800 4349 1924 4403 mihi
1956 4350 2113 4404 detut

2233 4336 2310 4418 δὴ
2349 4349 2464 4417 τὴν
2500 4349 2801 4418 πατρικὴν
2834 4349 3076 4417 σχέσιν.
3113 4343 3185 4420 ἧς
3215 4353 3283 4404 τὸ
3324 4351 3446 4419 πῦρ
3465 4351 3612 4419 μέγα
3651 4343 3775 4399 ἀνά·

545 4441 737 4484 natura
761 4431 856 4486 das
899 4436 1176 4488 vaticinari
1210 4455 1221 4488 :
1253 4454 1355 4508 quo
1376 4437 1584 4506 quidem
1641 4439 1695 4491 in
1721 4440 1972 4493 vaticinia
2041 4455 2115 4494 me

2230 4459 2403 4506 πτον,
2433 4439 2670 4509 σφόδρα
2710 4457 2776 4510 γε
2823 4442 2974 4510 πρὸς
3006 4440 3208 4512 μεῖζον
3243 4443 3490 4510 ἐξαίρει.
3527 4439 3564 4493 ἃ
3590 4439 3664 4491 σύ
3693 4450 3777 4502 μοι

547 4522 689 4576 Deus
722 4526 867 4591 (utar
896 4537 1069 4578 autem
1108 4527 1287 4594 petitis
1318 4543 1380 4580 ex
1447 4539 1724 4595 poetarum
1786 4529 1958 4595 libris,
2021 4547 2117 4582 non

2225 4532 2404 4597 δίδως
2448 4532 2855 4600 μαντεύεσθαι
2911 4521 3188 4601 περὶτῆς
3229 4532 3354 4600 σῆς
3405 4534 3654 4602 φύσεως.
3688 4524 3779 4578 Καί

544 4616 683 4685 quod
717 4633 776 4670 ea
815 4635 908 4688 pro
937 4619 1151 4688 placitis
1184 4620 1426 4683 habeam,
1462 4623 1551 4673 scd
1583 4622 1823 4676 historia:
1865 4622 2114 4691 simplici-

2225 4641 2290 4692 τε
2332 4623 2473 4688 Θείς
2526 4621 2837 4685 ἀναδεῖξαι
2885 4640 2962 4692 με
3015 4622 3342 4692 (χρήσομαι
3391 4622 3459 4674 δὲ
3514 4620 3630 4684 τοῖς
3677 4614 3779 4668 τῶν

548 4718 625 4761 ter
657 4712 841 4771 causa)
867 4719 973 4764 tam
1001 4711 1226 4777 Tiresia,
1261 4731 1417 4784 quam
1460 4713 1751 4769 Calchante
1802 4717 2118 4769 veraciorem

2225 4710 2509 4780 ποιητῶν,
2543 4714 2655 4780 οὑχ
2699 4712 2777 4778 ὡς
2809 4712 3127 4782 δόγμασιν,
3158 4713 3321 4766 ἀλλὰ
3361 4714 3458 4766 διὰ
3491 4710 3600 4778 τὴν
3639 4711 3779 4760 loto-

547 4800 701 4868 faxit.
745 4800 930 4855 Itidem
956 4805 1126 4857 omnis
1167 4821 1290 4872 erga
1326 4823 1416 4859 nos
1448 4807 1616 4877 ofﬁcii
1666 4811 1940 4878 pra'statio
2007 4820 2117 4874 tua,

2216 4807 2360 4875 ρίαν
2388 4803 2615 4874 ἁπλῶς)
2650 4803 2749 4860 καὶ
2786 4806 3110 4872 Τειρεσίου,
3148 4806 3242 4858 καὶ
3278 4805 3627 4874 Κάλχαντος
3652 4800 3780 4862 ἀλη-

549 4893 1058 4964 ine/fabiliqnadam
1084 4896 1381 4951 obedientia
1432 4898 1707 4958 decorata,
1732 4901 1877 4954 nobis
1931 4902 2119 4954 incita-

2226 4900 2513 4965 θὲστερον
2543 4899 2631 4964 είς
2661 4896 2916 4964 ταυτηνὶ
2950 4896 3063 4963 τὴν
3083 4900 3400 4966 μαντείαν.
3445 4897 3547 4949 Καὶ
3582 4893 3698 4962 μὴν
3724 4905 3778 4956 τε

551 4996 717 5036 mento
757 5003 867 5039 esse
896 4989 1084 5056 possit,
1111 4989 1387 5058 utagentla
1417 4992 1512 5044 tibi
1539 4994 1935 5060 pra'cipiamus.
1964 4989 2121 5046 Pater

2224 4993 2324 5045 καὶ
2357 4993 2419 5045 τὸ
2449 4992 2566 5045 σὸν
2601 4991 2749 5060 πρὸς
2801 4987 2956 5058 ἡμᾶς
2989 4989 3172 5056 ἅπαν,
3210 4989 3490 5056 ὑποταγῇ
3537 4981 3776 5052 κοσμηύ-

550 5077 734 5142 igitur,
771 5087 820 5130 et
853 5080 944 5148 qui
976 5097 1136 5148 supra
1173 5098 1367 5135 morem
1430 5095 1711 5152 paternum
1750 5085 1949 5154 diligit,
2009 5085 2120 5153 [ilio

2221 5100 2410 5153 μενον
2434 5081 2736 5150 ἀμυθήτῳ,
2764 5081 3146 5149 παράκλησις
3187 5080 3264 5135 ἂν
3291 5082 3522 5148 γένοιτο
3562 5077 3658 5130 τοῦ
3686 5090 3779 5126 παο

547 5167 808 5237 diligenti,
841 5179 887 5222 et
916 5171 1189 5224 ardentius
1242 5173 1473 5242 quidem,
1512 5192 1668 5243 quam
1727 5175 1832 5242 lilii
1894 5177 2117 5239 soleant,

2219 5173 2454 5242 ραινεῖν
2516 5172 2587 5225 τὰ
2645 5171 2879 5226 δέοντα.
2935 5173 3135 5240 Πατὴρ
3196 5166 3329 5232 οὖν,
3381 5172 3477 5226 καὶ
3535 5164 3780 5228 mla-fovit

545 5277 605 5313 ea
641 5264 942 5330 pra’cfpteus
973 5273 1020 5314 et
1057 5279 1341 5331 exponens,
1378 5284 1492 5329 quat
1513 5283 1576 5319 ex
1611 5285 1707 5318 usu
1743 5267 1929 5337 futura
1975 5277 2115 5334 sunt,

2227 5266 2378 5318 κατὰ
2415 5264 2676 5333 πατέρας
2732 5263 2952 5332 φιλῶν,
2982 5263 3090 5327 υΙῴ
3129 5265 3426 5332 φιλοῦντι,
3465 5261 3558 5314 καὶ
3610 5255 3783 5311 πλέον

546 5369 773 5420 quonam
807 5366 963 5424 pacto
990 5372 1091 5409 non
1126 5353 1416 5425 plurimum
1454 5360 1680 5428 eﬂiciet?
1744 5359 1850 5414 Nec
1897 5363 2037 5414 enim
2061 5363 2116 5430 fi-

2226 5359 2264 5427 i)
2294 5361 2422 5411 καθ’
2455 5357 2627 5425 υἱεῖς,
2666 5355 3054 5426 προστάττων
3084 5373 3145 5409 τε
3185 5354 3279 5407 καὶ
3305 5353 3724 5421 εἰσιῃυύμειυς
3750 5345 3781 5396 ti

550 5445 664 5497 dem
697 5446 794 5498 ulli
818 5459 1073 5515 prmcepto
1104 5449 1358 5520 derogare
1401 5453 1485 5520 {as
1515 5464 1610 5515 est,
1679 5470 1768 5505 nec
1824 5454 2120 5508 detrectare

2227 5451 2527 5513 συνοίσει,
2578 5451 2706 5517 πῶς
2744 5452 2854 5504 οὐκ
2885 5449 3144 5512 (inierat;
3189 5450 3322 5501 οὔτε
3371 5450 3480 5514 γὰρ
3520 5440 3783 5499 ἀπιστεῖν

551 5538 848 5605 imperium,
873 5541 1084 5595 etiamsi
1114 5543 1244 5610 quid
1270 5544 1458 5611 o/ferat
1513 5562 1644 5609 sesc,
1696 5546 1837 5615 quod
1885 5546 2121 5599 mordere

2226 5532 2357 5598 ἐστι
2406 5542 2521 5596 τινὶ
2573 5542 2692 5596 τῶν
2736 5542 3098 5611 λεγομένων,
3137 5540 3273 5594 οὔτε
3317 5537 3470 5603 ὅλως
3511 5531 3779 5591 ἀπειθεῖν,

549 5626 809 5692 videatur,
835 5645 926 5682 nec
959 5646 1228 5696 recusare,
1271 5651 1372 5702 quo
1414 5636 1584 5688 minus
1616 5634 1728 5700 ipso
1778 5637 1919 5704 facto
1957 5638 2119 5690 verbis

2229 5635 2460 5688 ὁπόταν
2484 5635 2587 5687 καί
2611 5653 2664 5686 τι
2695 5633 2924 5686 δάκνον
2965 5632 3151 5702 φανῇ,
3183 5634 3318 5686 οὔτε
3351 5629 3437 5698 μὴ
3470 5628 3662 5683 θέλειν
3690 5642 3774 5693 χα-

549 5716 886 5784 obtemperes.
928 5721 1192 5777 Prtctctca
1222 5726 1472 5794 quiddam
1505 5729 1652 5781 aliud
1671 5742 1772 5795 est,
1803 5747 1901 5798 quo
1935 5748 2026 5783 nos
2061 5729 2119 5782 il-

2223 5725 2512 5796 Γίξεσθιιι,
2578 5727 2654 5791 τῷ
2707 5725 3103 5794 ὑποτετάχθαι
3155 5728 3275 5792 τοῖς
3325 5723 3526 5790 λόγοις
3578 5722 3751 5786 ἔργοις
