4024 6210
499 303 604 367 3‘27

1655 252 2053 344 nANUELts
2092 274 2540 338 PALBOLOGI

3649 258 3756 321 393

497 416 787 491 quemdam
847 427 970 469 esse
1039 422 1105 464 ac
1166 402 1659 479 propugnaculum,
1720 393 2093 468 scutumque.

2206 396 2501 467 αλλόμενοι
2530 393 2812 464 λογισμῶν
2848 392 3135 457 ἐναντίων,
3183 389 3348 454 εὐθὺς
3382 385 3552 442 αὐτοῦ
3581 385 3759 441 κατά-

502 498 1435 572 defensioniaptissimum.Quippe
1484 510 1610 550 cum
1660 492 2069 547 adversantium

2199 489 2400 558 ἓντες,
2429 486 2632 556 λευκὴν
2662 487 2906 556 γαλήνην
2944 483 3303 554 εὑρίσκομεν.
3332 480 3556 545 Ἔξεστι
3596 478 3655 533 δέ
3693 493 3761 545 γε

502 598 737 653 invicem
770 594 875 649 sibi
907 592 1309 664 cogitationum
1358 586 1562 642 nimbis
1613 583 1925 646 obruimur,
1979 581 2072 636 ubi

2209 581 2387 645 οὑτοις
2419 578 2714 634 ἀποσοϐεῖν
2755 578 2853 632 καὶ
2884 579 3069 632 πᾶσαν
3099 576 3459 646 ὑπερήφανον
3500 573 3760 640 γλῶσσαν

501 689 735 760 primum
769 686 834 740 ad
866 702 928 741 ea
951 682 1299 753 confugimus
1320 721 1334 746 ,
1369 679 1719 734 serenitatem
1752 689 1944 745 puram
1991 674 2078 726 in-

501 779 777 833 venimus.
817 777 919 832 Per
943 776 1133 830 eadem
1193 775 1319 827 licet
1356 785 1570 825 onmem
1607 769 1850 838 linguam
1881 780 2075 835 super-

504 872 652 933 bam,
714 884 923 936 nosque
979 865 1281 921 mendaciis
1337 863 1772 933 adgredientem,
1835 859 2075 929 abigere.

508 961 641 1028 Quis
670 960 834 1029 igitur
868 957 1189 1022 Ecclesium,
1228 970 1347 1024 quae
1376 968 1597 1008 causam
1655 950 1843 1006 talium
1892 957 2075 1004 tanto-

504 1066 734 1120 rumque
754 1051 1019 1102 bonorum
1048 1048 1269 1116 praebet,
1315 1046 1474 1101 valde
1496 1044 1730 1111 diligens
1782 1049 1947 1109 atque
1999 1038 2081 1094 fo-

504 1160 660 1208 rens,
688 1154 739 1197 et
798 1143 862 1195 ad
921 1156 1040 1194 eam
1092 1138 1496 1209 pertinentibus
1559 1135 1864 1204 nimiopere
1915 1133 2081 1187 bene-

508 1238 737 1301 faciens,
770 1235 1007 1290 debitam
1035 1235 1081 1289 ei
1118 1234 1348 1304 gratiam
1382 1231 1633 1287 retulerit
1662 1230 1687 1282 τ

615 1311 620 1316 ’
1231 1324 1368 1379 xm.

578 1424 867 1494 lnsigniter
892 1430 946 1477 et
977 1419 1195 1489 expedit
1226 1426 1281 1472 et
1308 1417 1593 1486 pulchrum
1621 1422 1727 1482 est,
1751 1413 1887 1469 nihil
1918 1426 2082 1485 agere

508 1515 656 1568 mali.
693 1515 901 1583 Quippe
932 1511 1154 1581 quidam
1187 1507 1341 1580 quasi
1370 1507 1571 1577 gradus
1601 1507 1666 1561 ad
1692 1506 1948 1561 virtutem
2002 1512 2086 1560 est

509 1607 782 1660 malorum
836 1601 1240 1659 exterminatio.
1291 1599 1504 1663 Melius,
1556 1599 1683 1653 boni
1729 1598 1859 1666 quid
1890 1612 2074 1668 agere.

506 1694 782 1765 Principia
808 1708 1043 1764 namque
1063 1691 1197 1746 lines
1247 1690 1603 1744 comitantur.
1622 1687 2086 1755 Pulclierrimum,

507 1800 623 1839 rem
652 1786 954 1838 maximam
973 1784 1211 1837 feliciter
1236 1780 1585 1845 cllicientem,
1612 1778 1721 1834 Deo
1755 1779 2079 1847 praeclarum

509 1876 727 1932 facinus
758 1884 1043 1944 acceptum
1078 1872 1216 1927 ferre
1247 1888 1270 1926 :-
1296 1873 1416 1926 sine
1450 1887 1561 1941 quo
1600 1871 1736 1925 nihil
1781 1871 1909 1925 boni
1969 1871 2085 1925 fieri

508 1978 709 2039 potest.
762 1968 865 2033 Qui
921 1966 1182 2037 praeditus
1220 1966 1445 2027 virtute,
1504 1963 1749 2017 modeste
1782 1977 1842 2018 se
1896 1961 2088 2032 gerit;

511 2058 942 2131 splendidiorem
978 2058 1156 2113 reddit
1186 2057 1461 2112 animum.
1501 2054 1572 2108 At
1631 2054 1702 2108 iis
1735 2054 1829 2124 qui
1865 2065 2091 2123 propter

511 2158 755 2215 facinora
787 2168 884 2207 sua
909 2154 1051 2220 (qua:
1082 2162 1215 2204 sane
1238 2162 1436 2213 magna
1468 2146 1604 2209 sint,
1634 2154 1689 2199 et
1723 2144 2090 2214 admirabilia)

513 2246 803 2318 magniﬁce
819 2251 995 2299 semet
1012 2240 1270 2299 elferuut,
1296 2238 1675 2299 metuendum,
1703 2250 1771 2290 ne
1792 2236 2092 2290 laudabilia

510 2351 786 2415 gerentes.
848 2335 953 2405 ipsi
999 2332 1105 2389 sibi
1142 2331 1474 2386 detrimento
1535 2329 1719 2398 potius
1766 2328 1877 2383 sint
1927 2343 2091 2398 quam

512 2432 829 2493 commodo.
884 2426 1097 2497 Quippe
1166 2425 1335 2479 Deum
1384 2424 1676 2475 adversum
1709 2421 2093 2490 experientur,

512 2538 567 2580 et
590 2525 693 2595 (uti
717 2522 999 2592 prophetae
1053 2518 1238 2574 verbis
1273 2514 1519 2585 utamur)
1568 2529 1681 2585 quo
1708 2521 1868 2584 pacto
1906 2512 2091 2570 subsi-

514 2620 659 2671 stere
680 2623 937 2685 poterunt
963 2613 986 2667 ἵ

1242 2695 1386 2752 XIV.

554 2797 787 2852 Malum
848 2806 953 2862 est,
1006 2794 1134 2849 boni
1197 2790 1481 2864 quidpiam
1525 2802 1635 2844 non
1685 2787 1890 2856 facere,
1936 2790 2096 2860 cujus

515 2889 783 2945 emeicndi
819 2887 1053 2943 facultas
1084 2886 1296 2941 aderat.
1335 2881 1454 2938 Non
1483 2882 1631 2938 enim
1666 2879 1878 2937 frustra
1926 2881 2095 2937 creati

515 2997 730 3046 sumus,
764 2996 864 3036 nec
897 2989 955 3033 ut
994 2978 1050 3032 in
1077 2979 1190 3032 otio
1220 2978 1387 3032 vitam
1423 2988 1797 3037 transeamus,
1825 2974 2099 3043 planeque

2174 675 2400 746 ψευδέσι
2433 675 2675 747 ῥήμασιν
2707 670 3124 734 succuum-Ti;
3172 669 3239 724 ἂν
3267 668 3361 723 οὖν
3394 667 3495 738 τὴν
3518 666 3765 737 Ἐκκλη-

2180 770 2322 831 σίαν,
2350 766 2613 821 τοιούτων
2670 783 2730 819 τε
2781 765 2878 819 καὶ
2930 763 3271 833 τηλικούτων
3315 760 3498 815 αίτίαν
3548 758 3761 822 οὖσαν,

2180 862 2386 933 σφόδρα
2411 860 2582 929 φιλῶν
2605 876 2667 913 τε
2696 858 2793 913 καὶ
2820 857 3205 927 περιθάλπων,
3226 856 3321 910 καὶ
3341 852 3567 923 ἀγαθῶν
3594 854 3765 926 ὑπερ.

2180 954 2345 1024 ϐολήν
2374 933 2490 1017 τοῖς
2525 953 2662 1022 πρὸς
2690 950 2910 1022 ἐκείνην
2934 947 3406 1020 ἐπιδεικνύμενος,
3448 947 3636 1019 ἀποδῷ
3661 950 3767 1021 τὴν

2180 1050 2518 1120 γιγνομένην
2552 1047 2743 1119 ἐκείνῃ
2774 1047 2972 1117 χάρινς

2928 1318 3032 1373 ΙΓ’.

2258 1411 2553 1476 Λυσιτελές
2582 1429 2646 1481 γε
2679 1414 2772 1466 καὶ
2797 1412 2964 1467 καλὸν
2997 1411 3166 1482 μηδέν
3196 1428 3250 1465 τι
3273 1414 3383 1464 τῶν
3406 1412 3591 1465 κακῶν
3613 1412 3776 1479 ἔνερ-

2188 1507 2327 1572 γεῖν.
2366 1500 2493 1558 Οἷον
2528 1506 2639 1575 γάρ
2668 1522 2755 1568 τις
2780 1504 2939 1574 βάσις
2961 1507 3040 1568 είς
3074 1505 3278 1574 ἀρετὴν
3308 1507 3340 1573 ή
3373 1505 3484 1558 τῶν
3508 1506 3775 1573 πονηρῶν

2190 1592 2424 1667 ὲέικοπή.
2480 1599 2749 1669 Κρεῖττον
2778 1597 3119 1667 ἐργάσασθαί
3157 1615 3209 1650 τι
3244 1598 3501 1667 χρηστόν.
3546 1600 3778 1668 Ἀρχαῖς

2191 1693 2301 1759 γὰρ
2329 1690 2528 1743 ἕπεται
2579 1691 2732 1758 τέλη.
2771 1689 3098 1752 Κάλλιστον,
3151 1688 3205 1743 τὶ
3259 1690 3516 1758 μέγιστον
3567 1707 3779 1760 κατορ-

2194 1780 2415 1841 θοῦντα.
2437 1780 2514 1851 τῷ
2536 1781 2658 1851 Θεῷ
2689 1781 3005 1850 λογίζεσθαι
3036 1780 3099 1834 τδ
3129 1781 3480 1856 κατόρθωμα·
3508 1774 3570 1835 οὗ
3596 1787 3781 1851 χωρὶς

2190 1875 2346 1929 οὐδέν
2378 1876 2497 1928 ἐστι
2533 1875 2789 1943 γενέσθαι
2812 1876 2925 1929 τῶν
2955 1874 3202 1944 ἀγαθῶν.
3241 1875 3304 1929 ⁸0
3336 1875 3649 1945 μετριάζων
3680 1876 3785 1928 ἐπ’

2170 1970 2360 2039 ἠρετῇ
2388 1967 2651 2039 λαμπρὰν
2701 1965 3001 2038 ἐργάζεται
3050 1967 3152 2037 τήν
3193 1966 3396 2038 ψυχήν.
3430 1967 3558 2029 Τοῖς
3604 1966 3659 2019 δὲ
3704 1966 3783 2037 δὴ

2196 2063 2341 2131 μέγα
2365 2060 2660 2130 φρονοῦσιν
2685 2060 2781 2114 ἐπὶ
2809 2062 2922 2124 τοῖς
2954 2059 3133 2114 αὐτῶν
3153 2057 3578 2130 κατορθώμασιν
3605 2058 3778 2130 (εστω

2190 2152 2248 2206 δὲ
2275 2153 2487 2223 μεγάλα
2512 2153 2604 2206 καὶ
2633 2150 2954 2221 θαυμαστὰ)
3003 2152 3128 2215 δέος
3157 2152 3276 2205 ἐστὶ
3311 2151 3386 2222 μὴ
3414 2152 3616 2221 μᾶλλον
3641 2151 3771 2220 βλά-

2191 2244 2354 2313 ψαιεν
2409 2245 2551 2314 σφᾶς
2603 2243 2830 2309 αὐτοὺς,
2891 2243 2924 2314 ἢ
2978 2243 3319 2313 ώφελήσαιεν
3351 2243 3776 2316 κατορθοῦντες.

2197 2334 2513 2401 Ἐξουσι“τὸ
2539 2336 2698 2391 Θεῖον
2725 2337 3211 2406 ἀντιταττόμενον,
3258 2338 3353 2391 καὶ
3382 2337 3527 2390 κατά
3563 2338 3653 2391 τδν
3692 2337 3780 2391 εί-

2196 2428 2371 2483 πόντα
2398 2429 2709 2501 προφήτην,
2743 2429 2864 2495 πῶς
2894 2430 2962 2485 ἂν
2993 2428 3244 2485 δύναιντο
3272 2430 3500 2503 στῆναις

2940 2699 3041 2752 1Δ’.
3721 2734 3732 2742 .

2286 2789 2541 2862 Ἐπειδὰν
2568 2790 2661 2861 ἐξῇ
2689 2807 2743 2844 τι
2778 2791 3048 2857 πράττειν
3079 2790 3265 2854 καλὸν,
3300 2794 3396 2845 καὶ
3427 2790 3487 2846 τδ
3518 2792 3596 2863 μὴ
3632 2793 3784 2864 πρᾶ-

2202 2878 2291 2943 ξαι
2353 2879 2514 2933 τοῦτο
2544 2882 2733 2936 κακόν.
2760 2882 2896 2935 Οὐδὲ
2922 2882 3030 2952 γάρ
3056 2883 3235 2953 μάτην
3253 2883 3509 2955 παρήχθη
3520 2902 3641 2954 μεν,
3670 2884 3783 2938 οὐδ’

2202 2972 2389 3042 ἀργῶς
2417 2973 2729 3041 διαϐιῶναι,
2753 2976 2850 3029 καὶ
2880 2976 3169 3046 ἀχρήστως
3198 2976 3345 3047 ἔχειν
3372 2977 3500 3047 ἑξῆς
3536 2977 3779 3042 ἅπαντα,

516 3076 657 3130 nulli
698 3075 873 3129 simus
903 3072 1050 3131 usui,
1098 3070 1344 3140 lapidum
1394 3069 1567 3124 instar
1599 3068 1652 3121 in
1682 3064 1886 3135 jurgite
1907 3064 2097 3131 jacen-

2206 3063 2349 3118 κατά
2375 3066 2502 3128 τοὺς
2531 3067 2589 3120 ὲν
2618 3069 2696 3136 τῷ
2735 3066 2884 3136 βυθῷ
2932 3068 3139 3133 λίθους.
3184 3072 3384 3141 Χεῖρον
3434 3071 3784 3141 ἐργάσασθαι

517 3169 679 3221 tium.
714 3166 904 3233 Pejus,
929 3162 1179 3230 improbe
1210 3174 1375 3228 agere
1429 3173 1588 3212 :nam
1619 3157 1685 3211 ad
1728 3170 1895 3226 opera
1954 3154 2099 3209 bona

516 3257 723 3313 conditi
748 3269 963 3310 sumus.
995 3252 1325 3314 Pessimum,
1362 3251 1453 3304 ubi
1483 3250 1613 3320 quid
1648 3248 1778 3303 mali
1821 3256 2100 3319 perpetra-

515 3349 685 3412 νοτὶς,
713 3346 763 3401 id
786 3360 1011 3415 operam
1034 3344 1192 3407 dare,
1223 3350 1282 3401 ut
1318 3343 1535 3412 culpam
1559 3343 1612 3395 in
1638 3340 1804 3395 alium
1823 3341 2097 3394 conferas.

519 3436 575 3494 Id
618 3436 819 3497 malum
859 3432 1051 3504 primis
1095 3432 1207 3487 illis
1245 3431 1477 3486 hmnaui
1508 3431 1724 3501 generis
1776 3427 2100 3498 parentibus

522 3531 648 3601 plus
681 3528 895 3591 nocuit,
934 3540 1098 3597 quam
1143 3524 1290 3594 quod
1332 3523 1488 3578 initio
1545 3524 1717 3592 legem
1773 3520 2098 3576 violassent.

520 3610 793 3672 Nimirum
823 3630 932 3669 non
976 3614 1178 3667 malum
1212 3612 1377 3676 male,
1409 3611 1555 3682 quod
1613 3612 1791 3675 aiunt,
1827 3609 1988 3679 quasi
2035 3609 2104 3664 de

522 3709 799 3765 industria
835 3720 953 3761 rem
1014 3705 1237 3760 noxiam
1280 3718 1496 3771 semper
1553 3703 1949 3766 cumulemus;
2007 3700 2101 3756 sed

525 3810 621 3857 aut
649 3799 795 3870 quod
822 3800 1025 3853 bonum
1057 3807 1164 3863 est,
1199 3812 1449 3867 agamus,
1486 3796 1789 3850 autsaltem
1815 3794 1941 3849 mali
1974 3793 2103 3864 quid
2132 3806 2136 3810 ·

526 3893 898 3963 designantes,
945 3891 1105 3946 nobis
1125 3890 1178 3944 id
1224 3890 1402 3959 ipsum
1445 3888 1810 3943 ascribamus.
1834 3885 1969 3941 Nam
2004 3886 2104 3941 bo-

524 3998 627 4039 nus
657 3991 760 4050 est,
803 3981 1119 4053 quicunque
1153 3979 1308 4045 vult;
1345 3988 1397 4034 et
1427 3979 1518 4051 qui
1551 3978 1687 4043 vult,
1711 3977 1911 4033 malus.

1272 4069 1390 4125 XV.

594 4166 1160 4225 Admonetlsocrates
1209 4164 1507 4220 sententiae
1535 4164 1772 4235 quadam
1803 4180 1926 4229 sua,
1971 4164 2111 4219 dan-

522 4264 653 4318 dum
679 4275 925 4337 operam,
968 4268 1027 4313 ut
1061 4258 1321 4313 omnibus
1359 4256 1666 4325 jucundum
1695 4266 1746 4311 te
1812 4256 2057 4325 [trabeas
2091 4272 2107 4323 ;

2206 3158 2465 3228 πονηρόν.
2531 3157 2652 3212 Ἐπ’
2697 3162 2927 3229 ἀγαθοῖς
2983 3164 3093 3235 γὰρ
3153 3163 3337 3235 ἔργοις
3402 3164 3782 3235 ὲπλάσθημεν.

2205 3248 2503 3314 Κάκιστον,
2538 3254 2845 3323 ποιήσαντα
2894 3255 3125 3324 φαῦλον,
3172 3257 3488 3312 ἀνατιθέναι
3534 3258 3643 3311 τινὶ
3682 3257 3787 3329 τὴν

2204 3340 2411 3411 μέμψιν
2442 3346 2758 3414 ιπιχειρεῖν.
2783 3347 2956 3401 Τοῦτο
2977 3349 3038 3402 τὸ
3062 3349 3237 3403 κακὸν
3264 3350 3391 3413 τοὺς
3414 3350 3781 3421 προπάτορας

2206 3431 2406 3500 μᾶλλον
2438 3433 2691 3503 ἔϐλαψεν,
2723 3435 2753 3505 ἢ
2786 3437 2847 3489 τὸ
2875 3439 2977 3508 τὴν
3009 3440 3186 3510 ἀρχὴν
3223 3441 3538 3511 παραϐῆναι
3557 3458 3574 3473 ·
3610 3441 3689 3513 μὴ
3721 3441 3792 3514 δὴ

2205 3524 2362 3591 κακῷ
2387 3525 2448 3577 τὸ
2476 3526 2670 3590 κακὸν,
2701 3527 2886 3595 φασὶν,
2906 3526 3098 3597 ὥσπερ
3119 3529 3432 3602 ἐξεπίτηδες
3466 3531 3528 3583 τὸ
3548 3530 3793 3602 βλάπτον

2204 3616 2292 3668 ἀεὶ
2329 3615 2759 3687 προσαύξοντεςο
2796 3617 2915 3671 ἀλλ’
2943 3619 2976 3690 il,
3009 3620 3256 3690 ποιῶμεν
3285 3622 3547 3689 τάγαθὸν,
3576 3624 3610 3694 ἢ
3651 3623 3791 3692 γοῦν

2204 3704 2267 3758 τὸ
2299 3707 2472 3760 κακὸν
2500 3709 2884 3778 ἐργαζόμενοι,
2914 3712 3049 3780 ήμῖν
3074 3712 3261 3775 αὐτοῖς
3302 3714 3436 3768 αὐτὸ
3469 3715 3794 3785 περιάπτω-

2207 3816 2333 3943 μεν.
2365 3798 2543 3865 Καλὸς
2571 3799 2681 3873 γὰρ
2722 3800 2867 3866 άπας
2893 3802 2922 3856 ὁ
2950 3801 3141 3858 θέλων⁹
3174 3806 3271 3858 καὶ
3298 3809 3468 3871 κακός
3507 3822 3568 3875 γε
3600 3809 3629 3860 δ
3657 3806 3792 3877 βου-

2240 3892 2455 3943 όιιενοε.

2240 3892 2455 3962 άμενος.

2954 4073 3052 4132 lE'.

2292 4160 2613 4236 Ἰσοκράτης
2642 4164 2824 4220 δίδωσι
2855 4167 3106 4239 γνώμην,
3143 4167 3291 4240 ἔχειν
3320 4169 3419 4240 μὲν
3451 4171 3621 4243 ἡδέως
3652 4172 3792 4242 πρὸς

2212 4252 2464 4318 ἅπαντας
2494 4258 2866 4328 παραινοῦσαν
2887 4278 2902 4292 ο
2936 4261 3177 4331 χρῆσθαι
3217 4262 3272 4316 δὲ
3315 4265 3432 4326 τοῖς
3465 4264 3786 4334 βελτίστοις.

524 4352 827 4422 at0ptimis
853 4350 1143 4425 utendum.
1173 4348 1245 4409 Ea
1265 4363 1390 4401 cum
1433 4349 1592 4425 laude
1622 4349 1785 4417 digna
1838 4350 2097 4403 sententia

2219 4348 2308 4398 Δεῖ
2336 4347 2401 4417 δὴ
2432 4350 2533 4417 τῆς
2562 4349 2791 4419 γνώμης
2819 4350 2987 4421 οὔσης
3018 4355 3333 4423 ἔπαινετῆς,
3362 4356 3423 4408 οὐ
3459 4356 3567 4424 μήν
3597 4372 3661 4419 γε
3693 4360 3796 4428 ρᾳ-

526 4448 618 4508 sit,
648 4458 835 4495 verum
866 4421 973 4495 non
1012 4439 1199 4493 itidem
1221 4438 1421 4500 facilis,
1451 4421 1587 4491 scita
1616 4440 2097 4494 commonstranda

2213 4439 2354 4503 δίας,
2386 4443 2559 4513 σοφήν
2582 4442 2687 4495 τιν’
2736 4444 3053 4515 ἐπιστήμην
3103 4421 3481 4500 ὲνδείδινυσθαί
3522 4421 3662 4518 πρὸς

525 4545 612 4591 est
673 4534 832 4599 ratio,
888 4546 995 4600 qua
1045 4531 1290 4600 praestari
1334 4529 1531 4598 possit.
1592 4527 1728 4583 Nam
1766 4545 1833 4585 se
1874 4533 2110 4601 quisque

528 4626 809 4681 meliorem
855 4624 1134 4678 existimat
1190 4621 1336 4685 aliis,
1389 4621 1723 4691 dignumque
1781 4632 1989 4687 censet,
2015 4624 2108 4693 qui

529 4717 767 4786 majores
803 4726 857 4770 et
884 4715 1123 4769 honores
1172 4722 1226 4767 et
1252 4706 1483 4766 munera
1509 4723 1907 4783 consequatur;
1945 4716 2112 4768 adeo-

530 4824 640 4877 que
692 4805 1072 4860 diliicillimum
1107 4805 1279 4868 factu,
1342 4813 1530 4883 gratus
1608 4816 1667 4859 ut
1703 4807 1963 4862 omnibus
2011 4808 2111 4861 lia-

531 4904 716 4955 beare.
759 4897 863 4953 Sed
887 4899 1032 4952 enim
1066 4906 1288 4952 strenue
1321 4898 1701 4964 laborandum,
1741 4900 2115 4969 expendenda:

534 4992 799 5062 pecunim,
833 4991 1158 5046 dexteritate
1188 4988 1423 5060 quadam
1456 4991 1741 5053 utendum,
1781 4998 1840 5043 ut
1895 4991 2114 5060 egregie

532 5100 645 5139 rem
672 5091 918 5154 praestes.
946 5080 1080 5137 Nam
1101 5085 1192 5152 qui
1215 5084 1452 5137 maxima
1476 5081 1725 5151 quaedam
1747 5083 1977 5151 appetit,
2004 5098 2113 5138 non

533 5186 741 5231 unitum
772 5176 1034 5230 admirari
1078 5190 1299 5243 causas,
1333 5177 1428 5231 sed
1461 5176 1593 5229 eniti
1652 5188 1874 5244 quoque
1928 5176 2111 5245 debet,

532 5279 592 5324 ut
614 5269 975 5340 adipiscatur.
1624 5262 1629 5287 ⁵

1244 5356 1426 5429 pm-

601 5454 762 5511 Nunc
792 5454 845 5511 id
901 5453 1192 5509 dicendum
1228 5453 1401 5518 venit,
1439 5454 1583 5519 quod
1618 5464 1673 5509 et
1706 5470 1802 5525 per
1842 5469 1903 5509 se
1963 5456 2114 5513 dictu

533 5551 829 5619 pulchrum
865 5561 970 5616 est,
1006 5557 1064 5605 et
1100 5548 1343 5603 oratoris
1378 5548 1708 5603 sententiam
1748 5551 2109 5619 comprobat.

533 5641 1062 5710 Neminidenegato,
1090 5640 1293 5709 quibus
1312 5640 1429 5710 ipse
1475 5642 1776 5712 dignusest
1816 5658 1831 5708 ;
1876 5644 1969 5698 sed
1991 5653 2113 5698 esto

542 5735 823 5803 popularis
866 5748 997 5802 erga
1046 5735 1360 5819 universos,
1397 5741 1561 5803 atque
1604 5733 1755 5789 aditu
1784 5733 1967 5792 facilis
2006 5753 2022 5804 ;
2059 5745 2116 5791 et

2219 4532 2435 4602 ἐκείνης
2474 4535 2845 4606 ἐκπλήρωσιν.
2877 4536 3063 4591 Οῖεται
3091 4539 3201 4609 γὰρ
3230 4539 3461 4603 ἕκαστος
3501 4537 3641 4594 εἶναι
3682 4543 3796 4594 τῶν

2219 4625 2396 4679 ἄλλων
2426 4627 2692 4695 ἀμείνων,
2723 4631 2819 4683 καὶ
2861 4630 3128 4700 μειζόνων
3161 4633 3306 4699 ἀξιοῖ
3344 4634 3523 4702 τιμῶν
3556 4639 3649 4687 καὶ
3686 4632 3798 4686 δώ-

2222 4733 2334 4785 ρων
2363 4719 2686 4788 τυγχάνειν·
2724 4721 2821 4775 καὶ
2846 4720 3055 4789 γίνεται
3092 4724 3447 4794 παγχάλεπον
3478 4725 3608 4796 ἡδὺν
3641 4728 3801 4796 νομί-

2221 4809 2416 4873 ζεσθαι
2444 4813 2605 4866 πᾶσι.
2661 4814 2754 4865 Δεῖ
2796 4815 2980 4884 μέντοι
3031 4816 3217 4881 πόνοις
3264 4818 3649 4888 ἐγκαρτερεῖν,
3702 4821 3802 4873 καὶ

2222 4906 2483 4975 χρήματα
2528 4907 2867 4971 ἀναλίσκειν,
2901 4910 2998 4963 καὶ
3039 4909 3307 4981 δεξιότητι
3345 4914 3605 4982 χρῆσθαι,
3648 4916 3803 4977 ὅπως

2221 4999 2373 5051 τουτὶ
2424 4999 2803 5072 κατορθώσῃς.
2838 5000 2942 5053 Τὸν
2992 5003 3097 5073 γὰρ
3152 5005 3427 5072 μεγίστων
3473 5006 3687 5076 ἐρῶντα
3739 5010 3804 5061 οὐ

2222 5089 2328 5160 χρὴ
2355 5089 2661 5159 θαυμάζειν
2702 5094 2866 5163 μόνον
2911 5098 2981 5150 τὰ
3014 5095 3192 5161 αἴτια,
3234 5096 3373 5151 ἀλλὰ
3417 5098 3512 5152 καὶ
3564 5099 3806 5152 κτᾶσθαι

2223 5184 2572 5251 σπουδάζειν.

2955 5372 3076 5427 ις’.

2955 5372 2977 5424 Ι
3043 5377 3076 5427 ’.

2296 5458 2492 5513 Μέλλει
2531 5458 2626 5513 νῦν
2653 5372 3041 5531 είρήσεσθαιῗῖ
3036 5463 3065 5516 δ
3102 5465 3200 5518 καὶ
3245 5465 3370 5519 καθ’
3402 5464 3536 5519 αὐτὸ
3571 5465 3808 5538 ῥηθῆναι

2223 5552 2410 5619 καλὸν,
2466 5553 2562 5606 καὶ
2617 5554 2718 5625 τῆς
2765 5554 2861 5609 τοῦ
2898 5557 3129 5628 ῥήτορος
3179 5558 3411 5628 γνώμης
3455 5559 3807 5612 συστατικόιι⁸
3914 5550 3915 5553 “

2225 5644 2447 5715 Μηδένα
2477 5645 2587 5699 τῶν
2609 5646 2759 5719 αὐτῷ
2792 5650 3116 5718 πρεπόντων
3146 5650 3494 5722 ἀποστερεῖν,
3524 5650 3640 5704 ἀλλ’
3666 5646 3809 5705 εἶναι

2230 5735 2330 5805 μέν
2366 5750 2424 5788 σε
2474 5736 2613 5790 πᾶσι
2649 5736 2849 5808 κοινὸν,
2898 5735 3038 5794 εἶναι
3084 5740 3141 5794 δὲ
3188 5742 3513 5801 εὐπρόσιτον
3537 5757 3551 5771 ·
3585 5741 3808 5805 μεταδι-
