4024 6210
257 440 368 504 ΓΞΩ
1236 440 1648 506 ΡΙὶίἘΕΕΡΤΛ
1692 436 1828 495 ιζΒὶ

1929 430 2212 490 t'l‘IONlS
2257 429 2533 491 REGIIE.

3402 431 3507 491 3’0

259 557 433 609 δόντα
474 553 572 623 μὲν
621 553 811 623 τιμῆς,
863 554 1216 624 μεταδιδόντα
1254 555 1310 607 δὲ
1339 552 1707 617 ἀστειότητος.
1750 549 1828 600 κε’

1949 543 2210 594 honorem
2251 538 2586 607 impertiens,
2624 542 2677 589 et
2718 534 3080 589 urbanitatem
3131 530 3423 603 adhibens,
3455 550 3510 593 ct

261 642 715 712 προσϐοηθοῦντα
764 646 930 699 πᾶσιν
975 645 1051 710 ὡς
1090 644 1290 710 ἔξεστι.
1324 644 1434 697 Καὶ
1463 641 1663 710 δεῆσαν
1708 638 1838 691 ἀνα-

260 735 479 788 λίοκειν
537 735 679 805 ὑπὲρ
732 735 1062 805 ἀνθρώπων,
1113 736 1374 806 χαίροντα
1421 733 1581 786 τοῦτο
1636 731 1837 793 ποιεῖν,

270 824 429 885 ὅπως
476 824 906 894 μεγαλοψυχίας,
938 826 1056 878 ἀλλ’
1102 829 1210 880 οὐκ
1228 826 1471 892 ἀνάγκης
1494 819 1721 891 τοῦργον
1751 835 1833 871 νο⁴

268 914 509 982 μίζοιτο.
537 910 634 977 Οἷς
666 915 819 983 μέντ’
843 915 911 969 ἂν
936 917 1101 979 αὐτὸς
1137 915 1364 985 ἡσθείης
1412 913 1580 966 ἕνεκά
1612 928 1709 963 σου
1736 927 1837 962 πε-

262 1008 610 1075 πραγμένοις
664 1007 768 1059 ύπό
812 1025 908 1061 του
962 1009 1141 1076 φίλου,
1195 1007 1404 1069 τούτοις
1433 1004 1670 1075 χρῆσθαι
1701 1002 1839 1072 πρὸς

260 1094 392 1155 τοὺς
423 1095 671 1163 ἑτέρους.
699 1094 857 1148 Οὕτω
889 1096 1091 1167 πολλὴν
1122 1096 1198 1159 ὠς
1232 1096 1489 1165 μάλιστα,
1537 1094 1634 1148 καὶ
1664 1092 1838 1162 καλὴν

260 1186 362 1254 οὐχ
390 1186 598 1252 ἣκιστα
634 1185 848 1256 σεαυτῷ
877 1185 1063 1254 φιλίαν
1091 1187 1513 1256 ὲπισωρεύσεις.

1010 1280 1105 1332 ΙΖ¹.

348 1366 576 1434 Ἀμέλει
626 1382 689 1431 γε
744 1368 966 1418 κάκεῖνο
1019 1368 1169 1419 δοκεῖ
1222 1366 1542 1435 συμϐαίνειν
1590 1364 1718 1436 τῇδε
1768 1367 1836 1435 τῇ

1944 629 2231 692 universis,
2292 636 2558 696 quantum
2605 634 2783 694 potes,
2838 640 3189 682 succurrens.
3228 632 3382 695 Quod
3463 631 3510 685 si

1945 718 2229 771 hominum
2279 731 2449 771 causa
2501 715 2773 785 eroganda
2808 719 3036 785 pecunia
3076 719 3262 786 fuerit,
3326 725 3427 780 hoc
3456 736 3512 782 et

1943 807 2100 863 latus
2127 818 2178 862 et
2209 808 2400 861 hilaris
2443 806 2611 860 facies
2665 823 2678 860 :
2713 816 2771 859 ut
2818 822 2956 876 opus
3008 810 3184 877 ipsum
3225 820 3509 882 magnani-

1943 899 2172 964 mitatis,
2208 914 2317 953 non
2352 897 2654 952 coactionis
2686 898 3050 953 existimetur.
3093 901 3221 964 Quae
3244 906 3311 957 ab
3328 909 3506 959 amico

1942 998 2035 1045 tua
2067 1005 2232 1044 causa
2277 989 2540 1058 praestita,
2598 987 2864 1058 voluptati
2898 986 2992 1043 tibi
3030 991 3210 1047 forent
3242 1013 3256 1049 :
3298 1013 3361 1050 ea
3423 999 3508 1050 fat:

1944 1081 2067 1135 aliis
2093 1082 2372 1136 exhibeas.
2412 1081 2502 1135 Sic
2530 1088 2582 1133 et
2608 1081 2843 1149 amplam
2882 1082 2936 1134 in
2971 1085 3163 1151 primis
3191 1102 3291 1142 ncc
3329 1091 3509 1146 minus

1946 1173 2227 1225 honestam
2259 1172 2355 1226 tibi
2381 1170 2686 1225 cumulabis
2722 1172 3044 1227 amicitiam.

2644 1261 2804 1317 XVII.

2012 1355 2242 1410 Videtur
2265 1356 2468 1409 etillud
2501 1356 2567 1410 ad
2607 1357 2748 1412 hanc
2773 1367 2917 1412 certe
2959 1361 3233 1428 pertinere
3271 1374 3501 1418 sentcnv

261 1457 481 1525 γνώμῃ.
516 1457 639 1525 Χρὴ
663 1458 792 1525 γὰρ,
816 1454 993 1525 οἶμαι,
1025 1458 1150 1519 τοὺς
1172 1457 1572 1527 παραινοῦντας
1595 1460 1828 1510 συνοῖσον

1943 1450 2097 1503 tiam.
2123 1448 2375 1501 Arbitror
2401 1451 2550 1501 enim
2606 1450 2872 1517 eos,'qtti
2930 1467 3041 1504 rem
3103 1455 3507 1509 conducibilem

258 1548 423 1614 ἔργον
447 1548 819 1611 ἀσπάζεσθαι,
863 1549 967 1601 κᾶν
999 1544 1101 1603 ὦσι
1134 1548 1327 1616 φαῦλοι
1374 1550 1472 1620 τὴν
1500 1549 1691 1619 τύχην,
1732 1548 1828 1600 κᾶν

1942 1541 2212 1595 monendo
2235 1546 2556 1617 suggerunt,
2592 1540 3000 1607 amplectendos
3036 1560 3155 1597 esse
3185 1562 3201 1613 ;
3258 1544 3509 1615 quamvis

261 1639 584 1707 μηδαμόθεν
634 1656 717 1694 σοι
758 1640 1048 1711 γνώριμοι.
1102 1643 1205 1695 Ἦν
1241 1642 1300 1695 δέ
1340 1659 1425 1704 τις
1465 1641 1667 1710 βλάψον
1700 1658 1828 1710 συμ·

1940 1634 2173 1688 fortunae
2202 1633 2311 1685 sint
2339 1632 2517 1686 tenuis
2537 1632 2805 1696 homines,
2837 1637 3089 1703 quamvis
3143 1653 3209 1691 ex
3259 1655 3318 1693 re
3358 1643 3505 1694 nul:a

260 1730 496 1800 εουλεύῃ
528 1748 604 1794 τι,
650 1733 698 1784 εί
732 1733 833 1799 μὲν
869 1732 942 1795 ὡς
974 1732 1281 1797 ἐξαπατῶν,
1319 1732 1390 1785 τὰ
1431 1734 1541 1785 τῶν
1574 1733 1828 1802 ἐχθίστων

1943 1727 2039 1781 tibi
2068 1726 2204 1780 noti.
2236 1726 2330 1779 Sin
2358 1725 2480 1792 quis
2512 1728 2737 1779 noxium
2770 1728 3051 1797 quidpiam
3087 1732 3184 1785 tibi
3236 1735 3505 1793 consulet.
3532 1772 3541 1775 -

260 1821 584 1888 ἂργάζεται·
620 1823 671 1874 εί
719 1821 775 1874 δὲ
825 1822 893 1875 δι’
932 1822 1176 1890 ἄγνοιαν,
1230 1820 1417 1885 εὖνους
1461 1822 1559 1888 ὢν,
1605 1823 1707 1891 τῆς
1740 1822 1839 1891 μὲν

259 1910 475 1978 ἀγαθῆς
500 1913 875 1981 προαιρέσεως
904 1914 1233 1967 ἰπαινείσθω
1265 1913 1460 1984 (ταύτῃ
1489 1916 1581 1964 καὶ
1612 1912 1683 1971 τά
1707 1912 1839 1983 παρ’

258 1999 421 2067 ἡμῶν
452 2001 593 2068 πρὸς
651 2000 784 2054 Θεὸν
827 2002 1096 2072 κρίνεται)
1123 2018 1137 2032 ·
1166 2002 1268 2073 τῆς
1310 2001 1355 2054 δ’
1410 2002 1664 2072 εὐηθείας
1698 2003 1838 2070 μήτε

260 2089 682 2157 ἔξουθενείσθω,
730 2094 871 2164 μήτε
913 2094 1280 2163 έπιτιμάσθω.
1323 2094 1459 2148 Οὐδὲ
1510 2095 1619 2165 γὰρ
1651 2096 1678 2146 ὁ
1705 2094 1841 2154 Θεὸς

261 2182 472 2253 κρινῶν
526 2184 842 2239 καθεδεῖται
888 2186 1179 2255 ιάνοήτους
1244 2185 1340 2238 καὶ
1392 2183 1840 2255 μελαγχολῶντας

1871 1789 1990 1868 Bai
2046 1814 2266 1897 quidem
2328 1789 2387 1869 ut
2453 1814 2710 1883 decipiat,
2770 1789 2947 1874 bustis
3003 1823 3209 1876 atrocis
3268 1789 3505 1877 oﬂieiuni

1942 1906 2073 1961 facit
2112 1923 2128 1960 :
2159 1907 2242 1961 sin
2276 1921 2371 1976 per
2403 1907 2824 1977 ignorationem,
2862 1915 3154 1982 cteteroqui
3181 1914 3505 1978 benevolus,

1942 1994 2208 2064 propositi
2241 1994 2371 2050 boni
2395 1999 2621 2053 nomine
2649 1997 2911 2056 laudetur
2946 2001 3093 2072 (nam
3124 2019 3191 2058 ex
3221 2019 3287 2060 eo
3317 2016 3507 2061 nostra

1941 2098 2161 2154 quoque
2193 2085 2335 2141 Deus
2360 2088 2644 2159 aestimat),
2678 2092 2749 2147 ob
2772 2093 3046 2148 incautam
3085 2110 3215 2149 vero
3246 2095 3510 2167 simplici-

1943 2185 2109 2231 tatem
2184 2191 2287 2232 nec
2322 2185 2659 2251 contemptui
2718 2186 2810 2252 sit,
2867 2201 2972 2242 nec
3053 2189 3505 2256 reprehendatur.

1941 2266 2151 2337 Quippe
2177 2282 2245 2322 ne
2272 2268 2417 2324 Deus
2450 2272 2668 2340 quidem
2706 2290 2807 2346 pro
2859 2277 3116 2332 tribunali
3176 2276 3411 2345 sedebit,
3450 2290 3507 2334 ut

1941 2358 2009 2413 de
2032 2357 2215 2413 stultis
2241 2365 2298 2414 et
2326 2360 2538 2418 insanis
2597 2365 2916 2423 hominibus
2956 2370 3283 2424 sententiam
3339 2370 3502 2426 ferat.

2623 2456 2804 2513 XVIII.
2834 2518 2843 2525 _

2010 2542 2076 2598 Et
2107 2546 2208 2602 hoc
2232 2548 2451 2617 quidem
2478 2552 2636 2605 modo
2668 2553 2815 2608 viros
2850 2563 2957 2608 tam
2986 2555 3221 2624 optimos
3245 2564 3298 2612 et
3319 2557 3504 2623 utiles,

1939 2648 2101 2702 quant
2122 2649 2311 2691 eorum
2335 2637 2656 2706 dissimiles,
2695 2643 2967 2699 luculente
2982 2648 3117 2699 satis
3144 2653 3228 2715 (nt
3253 2649 3504 2714 equidem

1939 2726 2198 2795 arbitror)
2254 2745 2517 2799 agnosces
2569 2749 2581 2785 :
2635 2735 2779 2801 quod
2830 2736 3176 2804 principibus
3250 2739 3384 2793 viris
3445 2740 3501 2792 in

255 2274 610 2346 ἀνθρώπους.

991 2449 1102 2502 IH'.

330 2542 470 2595 Νυν.
500 2522 586 2595 σοί
616 2542 767 2595 τόνδε
790 2541 884 2595 τὸν
920 2540 1122 2612 τρόπον
1149 2541 1199 2594 οί
1226 2539 1336 2593 τῶν
1364 2538 1579 2610 ἀνδρῶν
1622 2538 1839 2609 ἄριστοί

253 2650 317 2686 τε
353 2634 453 2685 καὶ
480 2634 769 2705 χρήσιμοι,
822 2634 922 2687 καὶ
957 2634 1007 2686 οἱ
1057 2630 1263 2686 τούτων
1307 2631 1561 2696 ἐναντίοι,
1611 2631 1838 2700 γένοιντ’

258 2724 351 2790 ἄν,
377 2720 553 2794 οἶμαι,
594 2727 951 2793 καταφανεῖς,
984 2724 1123 2793 ὅπερ
1161 2718 1437 2794 ὠφέλιμον
1467 2723 1696 2794 ἄρχουσι
1735 2724 1839 2792 μά·-

260 2816 426 2869 λιστα
462 2817 687 2870 πάντων
720 2815 1214 2880 ἐστί.,Διεξετάσας
1248 2817 1344 2879 τὰς
1371 2816 1575 2869 τούτων
1600 2817 1828 2884 σχέσεις,

1938 2816 2135 2885 primis
2167 2828 2259 2874 est
2279 2821 2427 2876 utile.
2478 2820 2686 2892 Nempe
2737 2840 2859 2879 cunt
2933 2827 3333 2895 exploraveris,
3392 2845 3502 2897 quo

260 2911 365 2972 τὰς
400 2908 541 2977 πρὸς
566 2907 627 2961 τὸ
651 2909 825 2973 Θεῖον,
849 2911 950 2970 τὰς
971 2910 1109 2979 πρὸς
1129 2910 1219 2962 τὸν
1249 2908 1383 2980 βίον,
1417 2910 1518 2972 τὰς
1554 2910 1689 2978 πρὸς
1710 2910 1828 2972 τοὺς

1939 2917 2095 2975 pacto
2116 2910 2226 2963 sint
2254 2926 2385 2980 erga
2418 2912 2584 2967 Deum
2615 2914 2815 2980 aﬂ‘ecti,
2844 2932 2954 2986 quo
2981 2927 3139 2987 pacto
3182 2932 3501 2989 comparata

262 2999 481 3065 φίλους,
522 2999 623 3063 τὰς
655 3002 734 3062 είς
767 3002 897 3064 τοὺς
940 3000 1064 3055 καθ’
1098 2994 1238 3070 αἷμα
1288 3003 1689 3071 προσήκοντας,
1737 2999 1828 3054 καὶ

1936 2999 2180 3068 ipsorum
2215 3002 2344 3063 vita.
2385 3019 2494 3072 quo
2554 3017 2711 3076 pacto
2739 3022 2797 3062 se
2840 3018 3035 3079 gerant
3082 3026 3208 3079 erga
3268 3014 3498 3076 amicos,

260 3092 347 3154 είς
375 3092 506 3154 τοὺς
534 3092 756 3155 πολίτας
781 3092 878 3146 καὶ
909 3090 1111 3157 ξένους,
1149 3093 1244 3145 οιαὶ
1270 3092 1345 3155 ὡς
1367 3092 1555 3156 αὐτοῖς
1584 3091 1828 3161 γε’σφίσι

1934 3108 2061 3164 erga
2087 3098 2352 3165 sanguine
2368 3097 2609 3167 iunctos,
2640 3114 2766 3170 erga
2794 3103 2943 3158 cives
2968 3113 3023 3157 et
3051 3112 3362 3169 extraneos,
3391 3123 3501 3174 qun

251 3184 329 3235 τὰ
357 3184 485 3237 καθ’
508 3186 699 3248 αὐτοὺς
726 3185 1068 3257 ᾠκονόμητο,
1101 3187 1196 3239 καὶ
1242 3187 1353 3239 τίσι
1390 3186 1490 3255 μὲν
1523 3186 1824 3255 χαίρουσιν,

1932 3197 2090 3254 pacto
2106 3203 2192 3243 res
2215 3190 2319 3258 ipsi
2335 3205 2466 3246 suas
2492 3191 3075 3259 administraverint,et
3096 3196 3298 3266 quibus
3315 3198 3504 3253 oblec-

250 3275 343 3343 ttp’
372 3270 459 3339 οἷς
486 3275 545 3329 δὲ
568 3276 919 3345 ἀσχάλλουσι,
963 3277 1064 3342 τάς
1110 3276 1273 3331 τῶνδε
1319 3278 1516 3347 φύσεις
1551 3278 1826 3348 εὑρήσεις.

1933 3287 2138 3343 tentur,
2154 3297 2182 3334 a
2200 3282 2398 3351 quibus
2415 3284 2776 3340 abhorreant:
2796 3296 2909 3341 tum
2930 3302 3056 3343 vero
3072 3298 3295 3344 naturas
3312 3306 3501 3346 eorum

258 3367 373 3420 Kai
406 3383 501 3435 μοι
537 3368 737 3435 μηδένα
778 3369 1037 3438 μισήσας.
1072 3368 1198 3431 τοὺς
1235 3369 1526 3439 φιλητέους
1557 3368 1824 3437 φιλήσεις⁹

1931 3370 2641 3443 deprehendethiligendos
2655 3378 2868 3447 diliges,
2884 3380 3156 3452 neminem
3175 3382 3301 3445 odio
3319 3397 3503 3452 prose-

259 3457 358 3509 καὶ
387 3455 674 3526 χρώμενος
708 3455 787 3521 οἷς
817 3457 1063 3527 ἄμεινον,
1111 3459 1213 3513 οὐκ
1243 3459 1544 3527 ἀμελήσεις
1582 3459 1690 3510 τῶν
1735 3458 1829 3511 ἆλ-

257 3546 392 3600 λων.
432 3545 592 3600 Οὕτω
621 3549 713 3600 καὶ
749 3548 992 3619 κοσμίως
1020 3548 1294 3618 φιλήσεις,
1327 3548 1425 3600 καὶ
1448 3549 1505 3600 ἐν
1539 3547 1616 3616 τῷ
1653 3547 1828 3619 φιλεῖν

255 3638 358 3690 καὶ
392 3637 670 3708 φιλεῖσθαι
713 3637 1012 3709 διαμενιῖς.
1056 3638 1116 3692 ὐ
1148 3640 1258 3710 γὰρ
1291 3639 1530 3709 εὐχερῶς
1562 3641 1829 3692 συναπτό·

254 3745 429 3798 μενος
461 3729 855 3801 εὐχερέστερον
907 3730 1197 3785 διίσταται.
1252 3730 1424 3784 Τοῦτο
1471 3730 1526 3783 δὲ
1564 3729 1827 3800 φευκτέον

252 3822 391 3877 νοῦν
419 3822 656 3892 ἔχουσιν.

1004 3915 1110 3969 ιθθ.

342 4009 406 4062 Ὀ
441 4009 542 4077 μὲν
576 4007 768 4078 μηδενὶ
802 4006 1074 4060 πιστεύων
1105 4006 1305 4078 ῥᾳδίως
1329 4008 1395 4063 ἀν
1417 4008 1644 4063 αὐτόθεν
1667 4009 1826 4063 αὐτὸν

252 4101 490 4154 ὀλέσειε·
546 4098 749 4160 πάντες
808 4097 917 4168 γὰρ
965 4098 1209 4167 ἀλλήλων
1247 4098 1510 4168 δεόμεθα,
1544 4102 1592 4154 εί
1641 4100 1826 4169 μέλλει

254 4191 582 4260 διαρκέσειν
630 4190 761 4259 ἡμῖν
805 4189 867 4241 τὺ
918 4188 1035 4259 ζῇνο
1066 4190 1127 4242 τὸ
1173 4191 1311 4242 πᾶσι
1339 4189 1386 4242 δ’
1438 4190 1507 4244 αὖ
1549 4191 1825 4245 πιστεύειν

247 4284 529 4353 ὀλέθριον,
554 4282 655 4335 οὐκ
684 4281 743 4334 ὃν
762 4281 986 4334 δυνατὸν
1007 4283 1310 4351 ἀφεστάναι
1333 4285 1431 4353 τὴν
1458 4284 1656 4335 κακίαν
1671 4282 1821 4335 τοῦδε

250 4375 352 4428 τοῦ
381 4374 525 4443 βίου.
577 4371 792 4427 Οὐκοῦν
841 4373 1118 4426 ἀπόλωλεν
1166 4374 1330 4438 ἄπας,
1375 4374 1403 4425 ό
1446 4375 1580 4426 πᾶσί
1625 4390 1684 4426 τε
1730 4390 1820 4428 πι-

252 4468 494 4531 στεύων,
545 4466 642 4519 καὶ
692 4465 902 4534 μηδενί.
965 4467 1179 4518 Ὀντοιν
1207 4466 1263 4517 δὲ
1292 4466 1438 4518 δυοῖν
1478 4467 1816 4535 θανασίμων,

249 4562 307 4612 εἰ
337 4561 648 4625 ἀναγκαίαν
678 4557 799 4626 θείη
825 4575 906 4621 τις
931 4559 1161 4611 τουτωνὶ
1188 4557 1287 4628 τὴν
1316 4556 1433 4626 αἶρε
1446 4575 1548 4620 σιν,
1572 4561 1822 4626 κρεῖσσον

252 4650 455 4701 παθεῖν
488 4650 597 4701 ἀπὸ
629 4649 725 4700 τοῦ
772 4648 1019 4719 θαρρεῖν,
1061 4650 1093 4719 ἢ
1133 4649 1227 4701 τοῦ
1257 4649 1464 4711 πάντας
1496 4650 1823 4702 ὑποπτεύειν

249 4743 387 4811 ἑξῆς
424 4740 773 4812 ἀνθρώπους.
817 4741 1026 4794 Ἐκεῖνο
1072 4742 1180 4812 γὰρ
1229 4741 1531 4810 ἁπλότητος
1584 4741 1822 4811 ἀμέτρου

246 4834 580 4903 τεκμήριονσ
620 4831 780 4885 τοῦτο
817 4831 874 4887 δὲ
903 4832 1344 4901 ὑπερϐαλλούσης
1394 4832 1657 4900 πονηρίας
1688 4832 1825 4884 ἀπό-

250 4923 427 4987 δειξις
456 4924 693 4992 ἐναργής
718 4940 734 4954 ·
766 4923 863 4975 καὶ
909 4923 1174 4992 πονηρίας
1217 4921 1278 4975 τὸ
1321 4923 1611 4975 πολλοστὸν
1643 4924 1823 4976 πᾶσαν

248 5014 518 5080 ἀφέλειαν
575 5016 728 5068 κάτω
778 5014 995 5082 τίθησιν
1047 5016 1213 5067 ἓνεκα
1255 5014 1347 5067 τοῦ
1396 5014 1689 5083 βλαϐεροῦ,
1724 5015 1823 5080 τὴν

249 5104 496 5172 ἅμιλλαν
553 5103 939 5173 ἐργαζόμενον.
974 5103 1156 5166 Ὀλως
1199 5103 1254 5155 δὲ
1298 5103 1530 5156 ἐνταῦθα
1563 5105 1623 5154 τὸ
1655 5106 1823 5156 κακὸν

246 5197 321 5264 τῇ
358 5195 461 5263 μὲν
488 5195 756 5265 ἁπλότητι
791 5194 879 5247 διὰ
909 5193 1364 5265 τὴννὺπερόολὴν,
1415 5196 1472 5245 ού
1504 5195 1604 5263 τὴν
1634 5196 1819 5263 φύσιν,

245 5289 321 5355 τῇ
355 5285 414 5338 δὲ
442 5285 685 5355 πονηρίᾳ
718 5284 838 5338 κατ’
866 5284 1054 5355 ἄμφω.

1000 5478 1087 5535 κ’.

332 5571 662 5641 ’Υποψόγων
699 5571 1060 5639 δεδειγμένων
1090 5569 1199 5621 τῶν
1246 5568 1378 5639 περὶ
1422 5571 1521 5644 τῆς
1554 5569 1689 5640 πρὸς
1723 5570 1820 5623 ἀλ-

245 5665 446 5733 λήλους
473 5667 709 5727 πίστεως
738 5664 1078 5733 ἀκροτήτων,
1103 5662 1221 5715 δέον
1253 5661 1313 5715 ὃν
1361 5664 1534 5731 μέσην
1565 5664 1779 5731 βαδίσαι
1802 5679 1817 5695 ⁸

244 5755 393 5821 λέγω
418 5755 486 5824 δὴ
520 5756 634 5807 τισὶ
678 5755 978 5819 πιστεύειν,
1013 5755 1108 5807 καὶ
1140 5755 1282 5806 τισὶν
1320 5755 1571 5807 ἀπιστεῖν
1613 5757 1703 5810 τὸν
1737 5759 1812 5830 μὴ

247 5846 464 5926 θατέρῳ
484 5846 594 5897 τῶν
624 5844 808 5897 κακῶν
840 5845 1314 5915 διαφθαρήσεσθαι
1340 5846 1624 5915 μέλλοντα·
1660 5849 1808 5912 ὅπως

528 5942 799 6004 ΡΛΤιιυι..
837 5944 954 6007 (in.
997 5943 1172 6004 CLVI

1930 3477 2104 3528 quens
2141 3465 2371 3521 :etillis
2400 3480 2580 3532 utens,
2606 3469 2806 3539 quibus
2865 3471 2943 3524 uti
2990 3482 3232 3542 praestat,
3275 3483 3503 3529 caeteros

1928 3569 2038 3608 non
2058 3557 2313 3627 negliges.
2362 3559 2453 3614 Sic
2493 3571 2546 3615 et
2577 3562 2679 3616 rite
2724 3562 2936 3630 diliges,
2963 3570 3018 3618 et
3074 3573 3337 3635 perpetuo
3384 3577 3499 3621 tum

1928 3644 2048 3714 ipse
2070 3646 2279 3717 diliges,
2313 3657 2427 3703 tum
2470 3651 2742 3722 diligeris.
2791 3652 2930 3709 Nam
2987 3656 3080 3726 qui
3132 3658 3288 3712 alteri
3343 3658 3501 3715 facile

1925 3734 2196 3806 jungitur,
2222 3736 2442 3796 facilius
2465 3741 2533 3796 ab
2554 3743 2744 3798 eodem
2776 3759 2837 3800 se
2858 3746 3146 3818 disiungit.
3176 3745 3289 3803 Hoc
3315 3760 3499 3805 autem

1928 3826 2214 3882 vitandum
2253 3841 2438 3888 mente
2466 3834 2737 3898 praeditis.

2650 3925 2798 3981 XIX.

1998 4014 2234 4070 Libitum
2260 4016 2347 4072 cui
2378 4016 2561 4085 fuerit,
2589 4020 2789 4075 habere
2824 4022 3025 4075 nemini
3055 4020 3234 4088 fidem,
3270 4026 3315 4080 is
3342 4024 3500 4080 facile

1926 4107 2165 4173 seipsum
2201 4108 2301 4161 hoc
2349 4117 2509 4177 pacto
2560 4110 2878 4179 perdiderit.
2932 4110 3063 4165 Nam
3099 4113 3327 4168 omnino
3359 4116 3501 4169 indi-

1926 4212 2113 4264 gemus
2136 4196 2273 4251 alter
2299 4198 2548 4263 alterius,
2578 4199 2624 4254 si
2651 4201 2815 4253 vitam
2844 4200 3153 4255 incnlntncn
3178 4204 3338 4259 nobis
3378 4221 3498 4260 es>e

1926 4288 2196 4343 volumus.
2227 4289 2505 4344 Ediverso
2549 4291 2715 4345 tidem
2741 4288 2993 4347 omnibus
3047 4294 3326 4360 adhibere,
3374 4313 3499 4366 per-

1927 4380 2323 4443 niciosnmest,
2372 4397 2498 4436 cum
2565 4383 2682 4437 fieri
2731 4393 2987 4452 nequeat,
3041 4396 3100 4440 ut
3127 4386 3194 4441 ab
3252 4389 3353 4443 hac
3390 4391 3495 4445 vita

1925 4470 2246 4538 improbitas
2268 4473 2429 4527 absit.
2474 4472 2619 4528 Perit
2638 4491 2785 4543 ergo,
2824 4478 3073 4544 quisquis
3099 4480 3356 4535 omnibus
3379 4497 3500 4537 crc-

1923 4564 2022 4625 dit,
2046 4570 2098 4617 et
2134 4566 2359 4619 nemini.
2401 4565 2537 4620 Cum
2572 4576 2749 4620 autem
2796 4576 3090 4638 utrumque
3132 4571 3202 4623 sit
3247 4574 3492 4639 exitiale,

1924 4656 1970 4708 si
2021 4657 2332 4710 necessario
2384 4657 2456 4710 sit
2500 4658 2809 4726 eligendum
2867 4660 3212 4728 alterutrum,
3274 4676 3495 4732 praestat

1925 4745 2127 4815 aliquid
2153 4749 2223 4801 ob
2248 4748 2502 4802 fiduciam
2531 4749 2659 4816 pati,
2687 4764 2847 4818 quam
2899 4767 3090 4805 omnes
3132 4768 3356 4818 prorsus
3390 4757 3490 4807 lm-

1925 4840 2102 4893 mines
2141 4849 2425 4908 suspectos
2478 4839 2748 4895 habendo.
2808 4839 2942 4894 Nam
2996 4842 3129 4896 illud
3185 4845 3494 4902 itllllloditttc

1924 4931 2292 5000 simplicitatis
2320 4943 2406 4985 est
2438 4931 2701 4986 indicium
2730 4950 2743 4997 ;
2778 4932 2881 4986 hoc
2915 4933 3137 4990 evidens
3162 4936 3342 4991 nimiae
3374 4958 3494 5006 μικκ-

1923 5021 2108 5076 vntatis
2144 5031 2545 5092 argumentum.
2601 5022 2820 5076 Minima
2862 5040 2989 5078 vero
3038 5029 3319 5094 pravitatis
3367 5046 3492 5099 pars

1924 5126 2137 5167 omnem
2166 5114 2563 5181 simplicitatem
2594 5125 2837 5184 superat,
2869 5117 3005 5181 nihil
3056 5133 3161 5170 non
3185 5122 3363 5173 studio
3390 5138 3491 5173 lm-

1924 5203 2079 5257 cendi
2108 5205 2356 5259 moliens.
2414 5205 2478 5258 Et
2500 5208 2723 5260 omnino
2766 5208 2959 5260 vitiosa
3009 5208 3330 5277 simplicitas
3383 5224 3486 5271 est,

1923 5309 2032 5348 non
2056 5299 2397 5364 natut‘arsed
2425 5301 2552 5365 quia
2599 5299 2769 5353 nimia
2803 5297 3070 5365 :pravitas
3111 5310 3310 5366 autem,
3338 5310 3487 5355 utra-

1924 5399 2032 5455 que
2086 5386 2152 5441 de
2190 5401 2375 5440 causa.

2612 5478 2727 5532 XX.

1993 5569 2049 5623 In
2071 5583 2130 5623 ea
2157 5567 2283 5634 fide,
2303 5582 2468 5637 quant
2505 5569 2638 5623 alter
2669 5568 2991 5624 adhibemus
3029 5571 3208 5633 alteri,
3238 5588 3362 5628 cum
3387 5588 3454 5630 ex

1922 5674 2092 5717 trema
2122 5660 2556 5715 demonstratum
2586 5662 2654 5713 sit
2682 5676 2799 5715 esse
2853 5664 3250 5732 vituperabilia,
3308 5668 3489 5723 media

1922 5753 2282 5809 incedendum
2319 5752 2403 5805 via
2434 5769 2448 5816 ;
2479 5754 2803 5819 quibusdam
2851 5756 3063 5809 scilicet
3096 5767 3154 5811 ut
3186 5759 3395 5826 credat,
3426 5772 3484 5817 et

1917 5845 2243 5916 quihusdam
2275 5862 2380 5899 non
2403 5847 2605 5909 eludat,
2637 5848 2728 5916 qui
2763 5848 3024 5902 malorum
3076 5849 3335 5907 alterutro
3365 5866 3488 5905 cor-

3077 5946 3139 6005 11
