3976 6206
470 393 570 458 331

1613 385 2009 445 ΜΑΝΠΕΙ;15
2055 385 2141 443 ΡΑ
2158 379 2498 448 [:ﬂiOLOGI

3605 391 3711 455 332

471 509 647 578 rumpi
679 503 1007 561 noliLBonis
1043 501 1198 556 Iidem
1247 496 1552 560 adhibebis,
1590 496 1785 551 vitabis
1846 495 2040 548 malos.

2165 505 2465 564 πιστεύσεις
2511 504 2622 564 τοῖς
2657 501 2903 570 ἀγαθοῖς,
2949 504 3074 566 τοὺς
3107 506 3381 574 πονηροὺς
3419 505 3716 574 διαφυλατ-

469 603 678 667 Quippe
710 599 753 652 si
788 596 945 651 bonis
970 594 1128 649 ﬁdem
1163 607 1270 646 non
1305 589 1582 650 habueris,
1625 589 1847 642 omnino
1879 588 2038 641 malis

470 692 681 755 credes,
716 706 837 743 cum
876 700 1100 741 necesse
1144 685 1234 747 sit,
1267 682 1538 751 aliquibus
1587 680 1848 735 credere:
1903 690 2040 732 coii-

470 797 685 854 traque,
721 797 884 852 quam
920 781 1033 834 lieri
1065 793 1161 846 par
1183 785 1321 840 erat,
1355 785 1449 828 aut
1479 775 1743 836 dillidens,
1791 781 1886 825 aut
1919 785 2041 824 cre-

467 882 622 942 dens,
650 878 850 947 quibus
883 890 989 928 non
1044 862 1318 934 debebas;
1359 868 1515 923 facile
1565 866 1955 932 corrumperis,
1988 871 2041 916 et

469 972 689 1042 gravius
736 969 980 1038 quidem,
1044 977 1206 1033 quam
1267 961 1503 1028 cogitare
1568 958 1766 1026 possis.
1829 953 2042 1008 Etenim

471 1066 642 1118 farina
677 1063 743 1116 de
779 1060 1076 1118 frumento,
1106 1056 1322 1109 duobus
1373 1052 1715 1106 comminuto
1747 1046 2039 1113 lapidibus,

469 1156 740 1210 cllicitur:
776 1152 971 1204 borum
1006 1161 1153 1208 vero,
1193 1157 1299 1197 non
1360 1141 1536 1194 dicam
1584 1140 1888 1197 amborum,
1947 1133 2042 1187 sed

469 1242 790 1300 alterutrius
821 1252 1068 1293 seorsum
1131 1235 1268 1293 mira
1301 1228 1560 1300 perdendi
1592 1228 1673 1280 vis
1699 1237 1804 1278 ρει.

1172 1323 1311 1377 XXI.

541 1419 793 1481 Omnino‘
812 1423 909 1477 tibi
944 1429 1128 1473 certus
1158 1417 1365 1468 amicus
1397 1423 1500 1475 est,
1537 1411 1629 1480 qui
1680 1407 1952 1462 admissus
1991 1407 2042 1457 in

468 1515 779 1578 societatem
807 1532 986 1570 rerum
1017 1511 1400 1583 gerendarum,
1450 1504 1740 1584 blanditias
1775 1501 1846 1562 ei,
1903 1498 2045 1566 quod

468 1614 708 1683 expedit,
744 1608 1040 1678 postponit.
1075 1605 1176 1670 Qui
1202 1617 1332 1656 vero
1360 1599 1549 1669 gratia:
1601 1594 1905 1665 captandae,
1931 1606 2048 1659 quae

469 1711 540 1762 sit
577 1709 852 1764 nocitura,
888 1701 1074 1765 servit,
1110 1698 1242 1752 nihil
1293 1696 1362 1748 ab
1415 1693 1540 1747 odio
1591 1687 2048 1761 persequentibus

469 1807 525 1852 et
549 1795 803 1852 hostibus
825 1789 1184 1860 ipsisdilIert:
1206 1783 1470 1854 siquidem
1493 1796 1596 1834 non
1615 1783 1781 1832 etiam
1801 1778 1948 1844 pejor
1967 1782 2050 1824 est

2143 591 2395 658 τόμενος.
2441 593 2542 644 Ἢν
2580 593 2685 658 γὰρ
2717 593 3031 663 ἀπιστήσῃς
3069 597 3177 655 τοῖς
3212 595 3460 660 ἀγαθοῖς,
3493 598 3718 650 πιστεύ-

2146 703 2258 750 σεις
2295 689 2513 749 πάντως
2542 693 2654 752 τοῖς
2683 694 2964 760 πονηροῖς,
2990 690 3250 757 ’ἀνάγκης
3291 689 3456 760 οὒσης
3483 693 3594 744 τισι
3625 710 3722 744 πι-

2145 780 2378 834 στεύειν·
2399 783 2495 835 καὶ
2515 783 2742 850 ἐναλλὰξ
2759 785 2837 852 τῷ
2862 785 3123 853 πρέποντι
3151 783 3453 852 χρώμενος,
3472 782 3722 834 ἀπιστῶν

2143 891 2206 942 γε
2242 878 2334 929 καὶ
2379 877 2652 929 πιστεύων
2683 873 2764 938 οἷς
2793 877 2854 928 ού
2884 878 3024 941 δέον,
3058 875 3300 945 εὐχερῶς
3343 874 3721 947 διαφθαρήσῃ,

2145 971 2270 1023 ὅσον
2303 969 2412 1022 οὐδ’
2443 969 2817 1038 ἐνθυμηθῆναί
2854 987 2910 1021 σε
2944 962 3148 1040 ῥᾴδιονο
3181 968 3346 1037 πυροὶ
3373 968 3480 1038 γὰρ
3514 969 3722 1028 ἄλευρα

2147 1067 2405 1130 γίνονται,
2462 1063 2580 1115 δυσὶ
2621 1063 2988 1131 θρυπτόμενοι
3040 1062 3251 1124 λίθοις·
3294 1061 3471 1130 τούτῳ
3515 1061 3572 1113 δὲ
3621 1061 3722 1128 οὐχ

2147 1159 2293 1219 ὅπως
2329 1158 2519 1226 ἄμφω,
2551 1157 2686 1208 ἀλλὰ
2711 1158 2803 1208 καὶ
2825 1155 2994 1225 χωρὶς
3024 1155 3288 1224 ἑκάτερον
3312 1153 3497 1207 ὀλέσαι
3522 1152 3718 1205 δεινόν.

2867 1333 2993 1386 KA'.

2145 1454 2162 1473 -
2221 1425 2299 1480 *Η
2349 1444 2452 1481 που
2502 1426 2656 1494 φίλος
2708 1443 2787 1478 σοι
2843 1422 3130 1492 σαφὴς,ὃς
3163 1421 3440 1475 κοινωνῶν
3485 1438 3569 1474 σοι
3609 1421 3722 1474 τῶν

2152 1523 2352 1592 ἔργων,
2386 1523 2616 1592 κατόπιν
2643 1521 2737 1571 τοῦ
2772 1521 3113 1588 συνοίσοντος
3150 1518 3262 1569 αἰεὶ
3302 1516 3366 1568 τὸ
3409 1517 3600 1585 χάριεν
3639 1517 3725 1567 τί·

2153 1616 2331 1684 Οησιν.
2378 1615 2435 1665 '0
2465 1615 2521 1666 δὲ
2557 1614 2693 1680 πρὸς
2739 1613 2899 1682 χάριν
2934 1611 3246 1680 βλάψουσαν
3275 1607 3726 1679 ύπηρετούμενος

2159 1709 2462 1778 μισούντων
2492 1723 2550 1758 τε
2575 1708 2669 1758 καὶ
2705 1704 2979 1774 πολεμίων
3007 1702 3187 1756 αὐτῶν
3208 1702 3360 1754 οὐδὲν
3393 1700 3724 1768 διενήνοχεν,

2155 1802 2201 1851 εί
2237 1800 2311 1869 μὴ
2343 1802 2436 1851 καὶ
2469 1799 2594 1860 τοὺς
2627 1795 2856 1866 ἐχθροὺς
2886 1794 3219 1863 ὑπερήλασε,
3256 1790 3566 1850 κολακείαις
3592 1788 3730 1839 πλα-

480 1890 754 1948 hostibus,
829 1883 921 1952 qui
1000 1878 1333 1935 assentando
1401 1872 1625 1940 decipit,
1705 1880 2050 1931 mentemque

2165 1895 2284 1954 νῶν,
2317 1894 2413 1944 καὶ
2461 1891 2745 1961 μονονουχὶ
2783 1891 2872 1940 τὸν
2903 1887 3026 1941 νοῦν
3057 1886 3480 1954 λυμαινόμενος.
3511 1882 3584 1933 Οὐ
3617 1882 3728 1946 μὴν

473 1992 677 2037 tantam
714 1992 818 2030 non
843 1973 1165 2040 corrumpit.
1202 1970 1316 2022 Imo
1373 1975 1732 2036 praeterquam
1771 1960 1914 2029 quod
1953 1974 2047 2010 no-

472 2075 595 2127 xius
627 2080 733 2134 est,
767 2069 928 2120 etiam
966 2067 1065 2117 hac
1095 2064 1217 2115 illos
1252 2061 1302 2113 in
1357 2067 1510 2126 parte
1555 2062 1794 2122 supcrat.
1857 2049 2049 2103 Hostes

471 2166 618 2220 cnim
656 2161 870 2215 moleSti
907 2164 1036 2211 sunt
1063 2154 1218 2207 nobis
1256 2160 1420 2218 atque
1459 2162 1674 2217 graves,
1714 2153 1766 2196 et
1819 2142 2052 2212 quisque

470 2259 552 2312 sic
585 2251 882 2322 comparati
917 2262 1129 2308 sumus,
1163 2253 1221 2296 ut
1257 2259 1314 2297 re
1348 2240 1651 2295 molestiam
1709 2236 1867 2289 nobis
1898 2233 2050 2286 exbi-

472 2351 633 2404 bente
668 2342 887 2399 liberari
916 2341 1222 2408 cupiamus.
1273 2334 1340 2388 At
1372 2335 1480 2393 hic,
1514 2332 1675 2384 etiam
1706 2343 1830 2381 cum
1871 2335 2051 2386 nocet,

467 2439 744 2510 iucundus
794 2450 912 2489 esse
961 2438 1204 2500 putatur,
1255 2425 1487 2492 ideoque
1535 2422 1720 2488 potius
1787 2431 2050 2476 amorem,

470 2548 636 2604 quam
669 2530 854 2583 odium
893 2523 1097 2578 met-cvi
1125 2522 1362 2574 videtur.
1417 2514 1598 2568 Ilustis
1639 2523 1896 2581 praeterea
1940 2507 2051 2560 ﬁeri

473 2633 694 2696 potest;
720 2632 781 2676 ut
807 2616 1214 2674 reconcilietur,
1247 2626 1348 2664 nec
1372 2625 1436 2663 eo
1473 2609 1672 2668 minus,
1701 2614 1760 2657 ut
1817 2613 2057 2670 proster-

483 2727 649 2772 natur
677 2729 692 2767 :
724 2713 812 2767 hic
837 2723 987 2770 vero,
1021 2721 1146 2760 cum
1165 2703 1381 2757 latitare
1431 2701 1624 2769 possit,
1653 2706 1805 2748 extra
1837 2707 2053 2746 omnem

479 2809 572 2862 teli
602 2807 812 2877 jactum
845 2791 1117 2860 consistit,
1151 2805 1203 2848 et
1229 2793 1294 2846 ad
1335 2792 1580 2845 fraudem
1611 2803 1732 2842 sese
1764 2785 2053 2845 convertit,

477 2904 774 2956 absumens
808 2911 836 2948 a
865 2894 1066 2962 quibus
1097 2890 1284 2952 alitur,
1313 2894 1366 2939 et
1424 2885 1476 2936 in
1536 2881 1757 2936 eosdem
1823 2879 2086 2960 belluino_

477 3012 627 3052 more
645 2994 897 3050 saeviens.
917 2988 1091 3056 Atque
1110 2986 1213 3040 hoc
1236 2997 1370 3038 sane
1389 2979 1770 3049 gravissimum
1789 2984 1893 3034 est,
1915 2972 2058 3042 quod
2087 3027 2090 3030 ,

481 3088 714 3144 fallendo
732 3082 1004 3138 Iucrilacit
1030 3098 1044 3145 ;
1067 3073 1482 3133 lucrifacieudo,
1508 3073 1561 3123 in
1587 3068 1832 3122 fraudem
1855 3064 2058 3118 allicit:

476 3199 543 3240 ac
559 3179 786 3252 proinde
809 3177 1009 3229 malum
1029 3171 1189 3226 modo
1209 3184 1314 3223 non
1337 3167 1388 3220 in
1407 3163 1676 3219 inﬁnitum
1697 3158 2059 3230 progreditur.

1177 3257 1343 3314 XXII.

560 3366 632 3420 AI
669 3364 839 3416 decus
890 3365 1166 3428 pratorum
1218 3353 1379 3406 ﬂores
1443 3349 1762 3418 pertinent:
1827 3344 2052 3404 cozlum,

482 3458 684 3522 sidera,
722 3449 1018 3522 principem
1081 3444 1317 3500 studium
1352 3441 1592 3495 veritatis
1624 3447 1802 3492 ornat.
1855 3437 1930 3490 Ac
1971 3451 2059 3486 na-

483 3551 630 3603 vium
665 3544 886 3615 quidem
951 3535 1117 3593 rob‘ur
1155 3537 1206 3589 in
1243 3535 1430 3588 carina
1484 3531 1736 3586 consistit
1772 3547 1786 3593 ;
1833 3528 2052 3590 a-dium,

484 3645 539 3696 in
571 3639 928 3694 fundamento
956 3652 968 3686 :
999 3633 1113 3697 ejus
1148 3638 1349 3689 autem,
1393 3625 1479 3679 cui
1507 3631 1770 3692 perpetuo
1795 3635 1939 3674 cura:
1969 3633 2060 3686 po-

485 3734 738 3802 pulcrum
764 3736 847 3780 est
874 3734 928 3778 et
972 3721 1186 3777 urbium
1213 3719 1380 3780 salus,
1431 3718 1483 3769 in
1527 3717 1654 3789 boc,
1685 3723 1742 3767 ut
1795 3713 2059 3783 quidquid

487 3823 736 3880 adnuerit
765 3818 962 3888 capite,
1013 3815 1094 3869 vel
1125 3812 1258 3882 ipsis
1306 3819 1552 3864 servetur
1595 3808 1864 3870 hostibus,
1917 3805 2061 3874 quod

485 3916 810 3972 existimare
839 3910 1055 3972 debeat,
1089 3921 1157 3960 ne
1198 3904 1491 3958 vivendum
1532 3900 1752 3970 quidem
1791 3899 1915 3964 sibi,
1941 3899 2053 3951 vio-

484 4014 594 4066 lata
620 4010 743 4063 ﬁde.
774 4005 953 4060 Verax
983 4009 1165 4056 autem
1197 4011 1386 4066 reapse
1409 3998 1654 4061 ducetur,
1687 4008 1795 4046 non
1817 3993 1908 4060 qui
1939 4005 2062 4060 pro-

487 4101 781 4156 missorum
824 4093 1228 4166 pt'zcstationem
1280 4086 1951 4154 convertitinqumstum,
2008 4090 2066 4133 ut

485 4210 550 4247 ex
583 4208 646 4247 ca
677 4191 760 4245 vel
791 4189 896 4242 alat
953 4199 1092 4249 sese,
1159 4183 1240 4236 vel
1301 4196 1434 4251 opes
1486 4187 1872 4247 consequatur.
1930 4174 2063 4227 Nam

486 4302 611 4342 cum
649 4284 770 4337 linis
796 4283 844 4336 ei
885 4279 1214 4349 propositus,
1257 4291 1366 4328 non
1432 4275 1546 4340 ipsa
1577 4287 1669 4340 per
1721 4287 1781 4325 se
1844 4269 2063 4342 veritas,

486 4380 578 4435 sed
615 4377 841 4446 pecuriia
873 4375 980 4428 sit:
1015 4373 1092 4427 sic
1127 4373 1213 4423 ubi
1254 4383 1441 4422 verum
1499 4367 1598 4419 sibi
1655 4380 1758 4418 non
1818 4364 2062 4417 futurum

490 4473 861 4526 emolumento
897 4467 1192 4535 putaverit,
1240 4477 1363 4515 mox
1400 4461 1629 4528 pedibus
1655 4459 1722 4512 ab
1752 4475 1816 4512 eo
1847 4456 2068 4526 procul-

487 4571 682 4618 cantur
723 4560 904 4614 omnia
953 4567 1107 4627 pacta
1169 4563 1454 4616 conventa,
1505 4567 1665 4606 omne
1711 4551 2062 4620 promissum,

489 4656 910 4710 instrumentum
965 4664 1147 4712 omne,
1208 4647 1471 4716 quidquid
1533 4654 1713 4698 actum
1775 4646 2060 4712 denique:

488 4747 649 4803 simul
683 4750 1028 4799 sacramenta
1087 4743 1330 4809 praestita
1388 4753 1486 4807 pro
1541 4738 1711 4791 uiliilo
1759 4737 2060 4800 ducuntur,

487 4835 824 4906 etquidquid
852 4833 1049 4897 animis
1083 4842 1344 4885 terrorem
1377 4839 1524 4882 uictu
1562 4829 1844 4899 religionis
1870 4829 2061 4897 injicit,

491 4938 694 4982 tantum
734 4942 800 4979 ne
837 4927 1047 4996 jactura
1081 4925 1322 4992 pecuniae
1355 4924 1463 4975 liat.
1519 4921 1708 4990 Itaque
1759 4936 1888 4974 vere
1924 4920 2063 4973 veri-

490 5030 656 5073 tatem
686 5033 875 5071 amore
900 5016 1278 5085 prosequitur,
1305 5029 1411 5065 non
1439 5012 1530 5081 qui
1567 5013 1726 5064 liabet
1745 5026 1862 5064 eam
1915 5025 2065 5080 qua:-

488 5109 619 5173 stui,
650 5109 742 5162 sed
777 5106 869 5175 qui
897 5105 1262 5167 mendacium,
1325 5103 1607 5167 malitiam,
1657 5102 1898 5154 fraudein
1929 5100 2064 5164 odit,

491 5209 662 5254 utres
709 5199 834 5253 odio
898 5213 994 5267 per
1022 5212 1081 5251 se
1135 5197 1350 5264 dignas.
1395 5195 1528 5248 Nam
1584 5196 1759 5262 ipsum
1823 5193 2065 5256 mentiri,

492 5289 826 5344 multiforme
857 5289 1116 5358 quiddam
1151 5297 1232 5341 est
1267 5305 1280 5340 :
1311 5297 1365 5341 et
1391 5294 1605 5355 oportet
1660 5301 1780 5348 eos,
1844 5286 1937 5354 qui
1997 5285 2066 5339 ab

491 5380 612 5449 ejus
650 5385 922 5435 immunes
954 5395 1076 5435 esse
1131 5380 1398 5432 varietate
1453 5379 1800 5446 versutiaque
1855 5379 2066 5446 volunt,

2152 1987 2286 2039 ἀλλὰ
2315 1987 2418 2038 κὰν
2451 1985 2584 2055 τῷδε
2633 1983 2711 2051 τῷ
2749 1983 2906 2052 μέρει
2943 1981 3168 2033 ἐκείνων
3213 1978 3364 2047 μάλα
3414 1974 3731 2027 πλεονεκτεῖ

2154 2084 2288 2151 πρὸς
2318 2082 2394 2151 τῷ
2430 2082 2689 2151 βλαϐερὸς
2717 2077 2874 2131 εἶναι.
2919 2077 3144 2128 Ἐκεῖνοι
3171 2075 3278 2143 γὰρ
3306 2074 3440 2144 ἡμῖν
3465 2071 3725 2139 λυπηροὶ,

2153 2178 2248 2230 καὶ
2281 2177 2376 2228 τοῦ
2409 2174 2706 2234 λυποῦντος
2757 2168 3212 2233 ἁπαλλαξείοντές
3251 2169 3416 2234 ἐσμεν
3460 2166 3727 2224 ἕκαστος’

2153 2273 2180 2322 ὁ
2209 2271 2265 2322 δὲ
2303 2269 2395 2321 καὶ
2429 2268 2683 2337 βλάπτων
2731 2264 2861 2331 ἡδὺς
2915 2261 3231 2329 νομίζεται·
3289 2260 3383 2309 καὶ
3433 2255 3522 2307 διὰ
3570 2254 3733 2306 τοῦτο

2157 2364 2406 2431 φιλητέος
2449 2378 2509 2427 γε
2543 2357 2803 2427 μᾶλλονῆ
2857 2356 3112 2423 μισητέος
3143 2353 3311 2406 δοκεῖ.
3351 2351 3460 2402 Καὶ
3495 2348 3581 2398 τὸν
3625 2349 3732 2416 μὲν

2157 2454 2350 2522 ἐχθρὶν
2399 2452 2491 2503 καὶ
2537 2447 2868 2509 καταλλάξαι
2920 2443 3180 2507 δυνατὸν,
3238 2443 3331 2494 καὶ
3377 2438 3732 2503 κατενεγκεῖν

2157 2551 2257 2601 οὐκ
2290 2547 2548 2599 ἀδύνατον
2574 2561 2586 2574 ·
2621 2537 2775 2604 οὗτος
2811 2541 2868 2593 δὲ
2900 2538 3186 2592 λανθάνειν
3222 2537 3544 2602 δυνάμενος,
3565 2531 3733 2599 ἕστη-

2161 2660 2255 2694 κεν
2298 2641 2402 2705 έξω
2443 2637 2644 2707 βελῶνο
2680 2637 2815 2705 πρδς
2862 2634 2918 2686 δὲ
2952 2634 3048 2702 τὴν
3082 2629 3298 2697 ἀπάτην
3329 2626 3732 2686 ἐπεκτείνεται,

2161 2733 2219 2796 ἐξ
2247 2725 2320 2782 ὧν
2348 2733 2606 2797 τρέφεται
2637 2726 2987 2794 λωϐώμενος,
3018 2723 3111 2773 καὶ
3141 2719 3262 2773 κατ’
3296 2716 3476 2769 αὐτῶν
3509 2713 3736 2781 θηριού-

2165 2842 2345 2895 μενος.
2389 2823 2496 2873 Καὶ
2529 2819 2685 2871 τοῦτο
2715 2819 2828 2868 ἐστι
2873 2816 2934 2866 τὸ
2987 2813 3130 2883 μάλα
3174 2811 3366 2874 δεινὶν,
3397 2810 3480 2860 ὅτι
3522 2808 3600 2874 τῷ
3635 2805 3739 2873 μὲν

2164 2915 2378 2984 ἁπατᾷν
2429 2911 2724 2981 κερδαίνει,
2755 2907 2832 2975 τῷ
2880 2905 2935 2956 δὲ
2983 2904 3291 2972 κερδαίνειν
3333 2897 3736 2969 παρακαλεῖται

2164 3008 2299 3076 πρὸς
2325 3005 2422 3072 τὴν
2452 3004 2667 3070 ἀπάτην
2687 3017 2700 3030 ·
2733 2999 2826 3051 καὶ
2854 2996 3040 3050 λοιπὸν
3070 2994 3154 3048 ἐπ’
3186 2994 3413 3061 ἄπειρον
3447 3005 3738 3059 μονονουχι

2162 3102 2224 3152 τὸ
2255 3098 2424 3151 κακὸν
2454 3077 2724 3164 πρόεισιν.

2883 3265 2930 3317 Κ
2938 3261 3003 3318 B'.

2234 3367 2518 3436 Λειμῶνας
2555 3363 2650 3433 μὲν
2681 3359 2816 3430 ἄνθη
2858 3359 3054 3428 κοσμεῖ
3075 3373 3088 3387 ·
3119 3355 3212 3409 καὶ
3238 3351 3465 3423 οὐρανὸν
3491 3348 3742 3419 ἀστέρων

2164 3462 2315 3532 χοροί
2341 3479 2354 3493 θ
2391 3460 2450 3511 τδ
2483 3458 2536 3510 δὲ
2573 3453 2865 3523 φιλάληθες
2893 3452 3150 3520 ἄρχοντα.
3186 3448 3296 3499 Καὶ
3335 3445 3530 3514 τρόπις
3567 3441 3668 3509 μὲν
3708 3442 3743 3510 ἡ

2164 3554 2390 3622 δύναμις
2431 3549 2633 3602 ναυσί·
2690 3545 2782 3597 καὶ
2819 3542 3066 3610 θεμέλιος
3097 3540 3267 3598 οἴκοις
3291 3552 3305 3566 ο
3346 3528 3389 3602 ᾧ
3418 3535 3472 3586 δὲ
3516 3530 3745 3601 φροντίς

2167 3651 2312 3700 ἐστιν
2389 3643 2625 3711 ἄληκτος
2687 3637 2957 3700 σώζεσθαι
3025 3633 3190 3693 λαούς
3251 3647 3309 3682 τε
3378 3629 3472 3680 καὶ
3532 3627 3744 3688 πόλεις,

2167 3743 2247 3793 ὅτι
2295 3756 2388 3791 κεν
2420 3734 2630 3804 κεφαλῇ
2685 3729 3018 3797 κατανεύσῃ,
3053 3727 3238 3780 πιστὸν
3267 3719 3406 3776 εἶναι
3443 3723 3530 3772 καὶ
3580 3719 3745 3770 πολε-

2171 3836 2337 3902 μίοις,
2368 3831 2604 3897 οἰομένῳ
2641 3825 2740 3876 οὐκ
2779 3824 2931 3886 ἄξιον
2966 3821 3117 3888 αύτῷ
3149 3819 3210 3871 τὸ
3253 3817 3351 3886 ζῇν
3390 3815 3744 3884 ψευσαμένῳ.

2181 3923 2410 3994 Ἀληθὴς
2458 3909 2503 3971 δδ
2544 3919 2713 3977 ὄντως
2763 3914 3044 3984 νομίζοιτο
3074 3913 3170 3981 οὐχ
3220 3912 3246 3962 ὁ
3293 3907 3616 3977 τάληθεύειν
3648 3907 3749 3975 ἑμ-

2172 4015 2395 4084 πιρείαν
2453 4009 2812 4077 ποιούμενος,
2875 4006 2943 4057 ἵν’
3003 4006 3065 4056 ἐκ
3119 4003 3274 4054 τοῦδε
3334 4003 3594 4069 τρέφοιτο
3652 3999 3752 4051 καὶ

2172 4110 2397 4176 πλουτῇ.
2431 4105 2597 4165 Τέλος
2644 4103 2752 4170 γὰρ
2803 4101 2862 4151 οὐ
2916 4100 3012 4168 τὴν
3062 4098 3324 4168 ἀλήθειαν
3377 4093 3502 4148 καθ’
3551 4093 3751 4162 αὐτὴν,

2170 4201 2302 4253 ἀλλὰ
2359 4196 2656 4266 τάργύριον
2709 4193 2906 4262 ἔχοντι,
2935 4192 3092 4256 δόξαν
3143 4189 3517 4266 τάληθὲς-οὑκ
3550 4185 3755 4254 ὠφέλι-

2175 4309 2292 4360 μον,
2328 4287 2817 4356 καταπεπάτηνται
2870 4285 2968 4352 μὲν
3003 4283 3181 4344 εὐθὺς
3224 4281 3302 4350 τῷ
3349 4254 3576 4348 τδιούτῳ
3622 4295 3756 4330 συν-

2173 4382 2337 4450 θῆκαι
2389 4383 2585 4444 πᾶσαι,
2640 4379 2748 4440 πᾶς
2803 4377 2981 4444 λόγος,
3029 4376 3140 4427 πᾶν
3193 4374 3597 4442 γραμματεῖον,
3640 4371 3754 4422 πᾶν

2174 4475 2352 4542 ἔργον·
2378 4469 2896 4538 καταπεφρόνηνται
2927 4469 2980 4519 δὲ
3011 4469 3185 4533 ὅρκοι,
3211 4469 3302 4518 καὶ
3328 4466 3354 4517 ὅ
3376 4483 3427 4515 τι
3459 4481 3566 4532 περ
3596 4464 3752 4530 φρίτο

2102 4550 2142 4602 ί)
2171 4583 2283 4618 τειν
2317 4565 2480 4628 ποιεῖ,
2507 4562 2648 4614 ὥστε
2688 4562 2847 4631 μόνον
2885 4561 2958 4631 μὴ
2983 4560 3237 4627 γενέσθαι
3269 4560 3566 4629 τάργύριον
3591 4557 3758 4609 ἔλατ-

2169 4677 2280 4713 τον.
2333 4658 2576 4727 Ἀληθῶς
2624 4654 2718 4710 οὖν
2769 4658 3028 4725 ἀληθείας
3054 4656 3296 4726 ἐραστὴς
3347 4655 3444 4724 οὐχ
3492 4657 3520 4706 ὀ
3570 4670 3759 4723 καπη·

2171 4752 2341 4806 λεύων
2404 4751 2595 4821 αὐτὴν,
2647 4750 2762 4802 ἀλλ’
2823 4751 2931 4819 ὅτῳ
2987 4750 3217 4819 μισητὸν
3267 4749 3328 4801 τὸ
3378 4747 3593 4817 ψεῦδος,
3654 4747 3758 4800 καὶ

2173 4833 2497 4918 κακοήθεια,
2527 4845 2620 4894 καὶ
2649 4843 2818 4906 δόλος,
2849 4843 2942 4895 ἅτε
3003 4841 3126 4894 καθ’
3177 4841 3319 4894 αὐτὰ
3360 4841 3552 4910 μίσους
3599 4839 3754 4904 ἄξια.

2177 4937 2333 4988 Ἔστι
2363 4937 2471 5004 γὰρ
2503 4935 2562 4986 τὸ
2589 4933 2880 5003 ψεύδεσθαί
2909 4952 2960 4986 τι
2989 4934 3341 5002 πολύμορφον
3369 4948 3384 4963 ·
3418 4935 3511 4986 καὶ
3542 4934 3624 4984 δεῖ
3653 4933 3760 5000 τῆς

2179 5027 2369 5080 τούτου
2407 5027 2813 5096 καθαρεύοντας
2840 5026 3136 5089 ποικιλίας,
3163 5025 3260 5093 τῆς
3293 5025 3458 5094 φίλης
3489 5025 3759 5094 ἀληθείας

2178 5122 2301 5180 τοὺς
2338 5118 2593 5188 ἐραστὰς,
2615 5119 2709 5169 καὶ
2739 5117 3022 5185 λογισμὸν,
3041 5118 3139 5168 καὶ¹
3175 5114 3374 5184 νεῦμα,
3404 5117 3495 5168 καὶ
3529 5115 3760 5185 πρᾶξιν,

2179 5211 2424 5280 ἄψευστα
2478 5212 2590 5271 τοῖς
2644 5210 2824 5278 ἔργοις
2880 5208 3178 5268 δεικνύναι,
3231 5209 3323 5260 καὶ
3380 5206 3519 5260 κατᾶ
3569 5207 3758 5273 λόγον,

2178 5302 2377 5371 ὅρκους
2406 5302 2464 5352 οὐ
2516 5298 2924 5369 συγχωροῦντα,
2973 5299 3327 5364 πιστοτέρους
3369 5298 3580 5351 ἑαυτῶν
3621 5299 3761 5364 gub

2173 5393 2384 5446 νεσθαι.

493 5473 673 5528 “ham
698 5473 968 5526 ηῖιιιίνυηῖ
987 5472 1232 5526 “minus
1255 5478 1553 5534 amatores.
1612 5480 1664 5523 υι
1698 5473 2052 5543 cogitationes
2080 5497 2232 5544 suas.
2282 5494 2334 5536 et
2369 5493 2552 5548 nutus,
2607 5500 2637 5536 e
2667 5487 2927 5548 actiones,
2986 5487 3053 5539 ab
3097 5483 3246 5539 omni
3303 5485 3584 5539 mendacio
3637 5485 3764 5542 fac-

492 5567 562 5621 tis
585 5565 718 5636 ipsis
749 5579 1014 5628 asserere,
1041 5564 1306 5632 juxtaque
1333 5564 1556 5616 verbum
1591 5563 1744 5630 illud,
1801 5573 1944 5636 quod
1969 5570 2056 5638 jur

2195 5585 2357 5640 velat,
2411 5577 2678 5629 servanda
2731 5577 2834 5631 Iide
2893 5577 3102 5646 scipsos
3153 5580 3388 5634 vincere.

1192 5655 1382 5711 XXIII.

567 5745 688 5802 Non
722 5748 882 5803 aliter
916 5761 1079 5819 atque
1126 5749 1351 5814 ferrum,
1400 5751 1722 5818 rubiginem,
1755 5754 1986 5809 mmulus
2014 5767 2066 5810 ιι

496 5837 713 5894 invidus
739 5839 953 5896 animus
1007 5841 1214 5906 odium,
1267 5842 1511 5898 fraudem
1539 5843 1752 5914 aliaque
1807 5845 1933 5900 talia
1982 5849 2064 5916 gi-

2889 5673 2929 5724 K
2941 5672 2990 5722 I"
2998 5711 3014 5726 .

2260 5759 2358 5811 'Iov
2411 5759 2510 5828 μὲν
2546 5762 2764 5831 σίδηρος
2814 5765 3011 5828 τίκτει,
3044 5767 3201 5833 μῖσος
3233 5765 3285 5816 δὲ
3326 5766 3418 5818 καὶ
3450 5765 3619 5826 δὸλον,
3651 5770 3761 5821 καὶ

2175 5852 2242 5903 τὰ
2269 5850 2514 5917 τοιαῦτα,
2540 5851 2683 5922 ψυχὴ
2719 5853 3019 5924 ζηλότυπός
3052 5873 3108 5907 τε
3142 5859 3234 5908 καὶ
3272 5855 3525 5926 φθονερά.
3573 5857 3756 5926 Ὁμοῦ
