4024 6210
299 426 392 491 333

1246 432 1338 490 ΡΒ
1350 430 1652 491 ᾸΞΟΕΡΤΑ
1695 432 2124 492 ΕΟΕΟᾹΤΙΟΝ
2145 437 2209 493 l5
2248 436 2528 497 REGIKE.

3412 442 3515 509 334

298 544 344 595 δὲ
368 541 528 595 ταῦτα
561 540 885 608 Αυμαίνεται
929 539 1029 609 μὲν
1061 543 1156 594 καὶ
1194 544 1324 607 τοὺς
1356 545 1516 604 ἐκτὸς
1545 547 1693 598 ἐστιν
1723 546 1837 610 ὅτε,

1952 548 2077 617 gnit.
2120 551 2191 602 Ea
2254 551 2566 617 conjuncta,
2603 566 3011 621 nonnumquam
3073 554 3162 607 illa
3188 557 3403 624 quidem
3463 572 3516 616 ct

301 634 408 687 καθ’
439 634 558 686 ὅσον
586 631 655 684 ἂν
683 632 910 685 ἐκείνων
957 632 1271 701 καθάψαιτο
1290 652 1304 667 ο
1338 636 1464 699 τοὺς
1492 637 1548 690 δὲ
1577 639 1839 699 τεκόντας

299 726 472 786 αὐτοὺς
499 724 599 776 οὐκ
624 722 736 775 ἐσθ’
764 723 912 786 ὅπως
947 723 1022 791 μὴ
1065 724 1144 794 τῷ
1176 724 1353 796 χρόνῳ
1397 727 1677 790 παντελῶς
1709 730 1840 781 ἀνα-

298 818 519 879 λώσειεν,
561 816 893 885 ἐντετηκότα
939 817 1226 884 διηνεκῶς,
1279 819 1375 871 καὶ
1417 820 1631 889 δρῶντα
1674 820 1703 872 ὃ
1746 820 1844 872 πέ-

299 927 418 980 φυκε
444 911 598 979 δρᾷν.
637 907 777 959 Ἀλλ’
808 907 1002 977 ἐκείνῳ
1032 910 1130 977 μὲν
1156 910 1413 961 ἀκούσιον
1442 911 1500 962 τὸ
1529 911 1839 979 διαφθεῖρον

308 1002 449 1055 αὐτόν
470 1018 485 1033 ο
525 1001 677 1053 τουτὶ
704 999 767 1067 ,δ’
798 1000 900 1051 οὐκ
932 1001 1224 1065 ἀγνοοῦσιν
1260 1002 1570 1069 ἐπιφύεται.
1602 1004 1712 1055 Καὶ
1753 1002 1843 1056 διὰ

296 1096 434 1149 τοῦτο
472 1098 657 1165 χεῖρον
690 1095 752 1148 τὸ
780 1096 906 1147 καθ’
954 1096 1122 1163 ἡμᾶς,
1155 1098 1251 1148 καὶ
1292 1096 1478 1164 σχεδὸν
1508 1097 1843 1169 συγγνώμης

295 1189 381 1242 οὖκ
397 1188 561 1253 ἄξιον.
591 1188 844 1254 Γίγνεται
875 1189 982 1257 γὰρ
1027 1188 1432 1258 παραπλήσιον,
1473 1190 1666 1259 ὥσπερ
1694 1191 1759 1243 ἂν
1792 1190 1847 1243 ετ

293 1298 365 1342 τις
404 1279 598 1332 ἐθέλων
631 1278 873 1332 ὁντινοῦν
921 1280 1204 1348 ἐμπρῆσαι
1254 1281 1361 1333 τῶν
1406 1282 1639 1351 ἐχθρῶν,
1677 1299 1846 1337 κατα.

295 1372 481 1435 δέξαιτο
518 1371 676 1433 ξύλον
718 1370 996 1438 γενέσθαι,
1028 1373 1125 1424 καὶ
1150 1372 1369 1442 δοθῆναι
1401 1362 1479 1444 τῷ
1509 1377 1664 1444 πυρὶ,
1703 1376 1842 1429 ὥστε

295 1465 372 1516 τὸν
421 1460 751 1532 μισούμενον
797 1465 1167 1518 κατακαῦσαι.
1224 1466 1522 1534 ’Δντικρυς
1580 1468 1608 1517 ό
1652 1467 1845 1533 φθόνος

299 1554 585 1606 σατανικόν.
630 1554 707 1605 Οὐ
759 1553 869 1623 γὰρ
908 1557 1116 1617 ἐκεῖνος
1150 1555 1251 1623 τὴν
1300 1556 1525 1609 κόλασιν
1554 1557 1847 1627 καταδέχε-

293 1664 386 1709 ται,
418 1647 448 1715 ἢ
484 1646 574 1699 διὰ
621 1647 683 1697 τὸ
726 1645 1061 1714 κολασθῆναί
1090 1664 1244 1709 τινας
1293 1647 1542 1715 ποιῆσαι.
1579 1650 1688 1700 Καὶ
1737 1651 1846 1719 μὴν

294 1738 373 1787 καὶ
402 1735 592 1804 ἄφρων
638 1738 666 1788 ό
713 1735 943 1801 φθονῶν.
980 1736 1054 1788 Τὸ
1087 1736 1187 1805 μὲν
1215 1737 1324 1806 γὰρ
1365 1739 1528 1791 αὐτὸν
1562 1739 1847 1792 ἀναλίσκε-

294 1825 399 1878 σθαι
427 1827 734 1891 ἀναγκαίως
774 1826 1020 1892 γίγνεται
1048 1843 1061 1857 ’
1087 1828 1147 1877 τὸ
1179 1828 1456 1897 φθαρῆναι
1481 1829 1537 1881 δὲ
1563 1830 1653 1883 τὸν
1687 1831 1845 1883 ἄλλον

842 1919 853 1933 \
970 1926 976 1932 -
1032 1918 1109 1934 '1‘

297 1935 348 1967 Ου

356 1934 387 1968 κ

420 1919 476 1969 εὖ

481 1918 548 1985 δη

551 1918 573 1967 λ

584 1934 645 1969 ον

728 1918 767 1970 Ε

773 1934 838 1968 πε

896 1940 923 1969 κ

933 1936 964 1968 α

1028 1918 1055 1981 ξ

1063 1938 1087 1969 υ

1097 1936 1161 1971 ια

1204 1918 1272 1987 μὲ

1276 1937 1303 1970 ν

1357 1937 1424 1972 πο

1428 1918 1529 1972 λλὰ

1578 1940 1646 1973 πο

1651 1922 1707 1973 λλ

1714 1940 1745 1975 α

1752 1940 1783 1974 κ

1808 1941 1836 1985 ς

1840 1967 1854 1992 9

291 2006 443 2077 οἶμαι,
475 2011 816 2077 τετέφρωτκι
845 2026 857 2040 ο
890 2009 988 2079 τὴν
1026 2009 1082 2059 δὲ
1111 2010 1212 2061 οὐκ
1245 2008 1553 2080 εὔπρηττον
1586 2011 1718 2082 ’ὕλην
1751 2015 1851 2065 οὐκ

288 2100 603 2164 timidiores.
633 2102 672 2153 Γ
676 2103 803 2170 εννᾷ
847 2101 901 2153 δὲ
952 2100 1146 2168 φθόνος
1202 2101 1293 2153 τὸν
1346 2101 1519 2166 διλον,
1550 2104 1646 2155 καὶ
1691 2121 1855 2157 συκοι

288 2194 530 2259 φαντίαν,
565 2196 656 2244 καὶ
711 2196 890 2262 μίσος,
945 2194 1111 2255 αὐτὸς
1164 2192 1244 2261 τῷ
1296 2195 1445 2264 ζήλῳ
1486 2194 1849 2265 γεννώμενος.

288 2284 419 2353 Πλὴν
443 2284 573 2337 οὔτε
616 2285 723 2337 τῶν
762 2286 1039 2353 μεγίστων
1076 2288 1213 2355 πρός
1240 2289 1368 2348 τοὺς
1412 2288 1553 2353 ἄγαν
1582 2288 1852 2355 φαυλοτέ-

289 2391 422 2445 ρους,
454 2377 511 2428 ἐν
565 2368 609 2441 ᾧ
643 2392 706 2442 γε
743 2375 965 2444 μείζους
995 2375 1160 2435 εἰσιν,
1184 2378 1211 2427 ὁ
1260 2377 1450 2443 φθόνος
1482 2376 1652 2438 πάθος
1681 2380 1850 2443 ἐστὶν,

286 2467 396 2519 οὔτε
440 2468 572 2538 μὴν
616 2468 726 2519 τῶν
782 2466 1118 2536 παμπληθὲς
1174 2467 1486 2534 ἐλασσόνων
1533 2468 1673 2538 πρὸς
1723 2471 1850 2532 τοὺς

286 2559 639 2631 ὑπερέχοντας
672 2561 899 2630 σφόδρα,
925 2560 1051 2613 οὔτε
1073 2561 1196 2622 ⁴τῶν
1230 2562 1530 2631 χρωμένων
1565 2562 1851 2632 ἐπιτηδεύ-

285 2666 410 2718 μασι
436 2651 808 2721 διισταμένοις
844 2652 1115 2720 ἀλλήλων,
1152 2652 1289 2705 ἀλλὰ
1333 2654 1440 2705 τῶν
1470 2653 1673 2723 ἐρίζειν
1707 2654 1845 2722 πρὸς

286 2743 542 2814 ἀλλήλους
570 2744 905 2814 δυναμένων,
935 2744 1033 2797 καὶ
1059 2743 1361 2797 δοκούντων
1391 2744 1743 2813 ἐλαττοῦσθαι
1775 2748 1844 2816 τῇ

281 2837 382 2891 τῶν
418 2838 815 2906 ἁμιλλωμένων
844 2838 1217 2908 λαμπρότητι.

1947 640 2070 692 aliis
2133 640 2372 694 afferunt
2424 642 2674 707 exitium,
2738 654 2902 713 prout
2931 660 3024 700 eos
3088 646 3459 716 impetiverint
3496 674 3557 714 ι,

1945 740 2000 783 at
2027 732 2173 799 ipsos
2196 743 2470 797 auctores,
2501 735 2613 787 licri
2667 750 2770 788 neu
2806 746 3005 802 potest,
3060 740 3189 807 quin
3251 742 3512 810 paulatim

1946 838 2172 891 prorsus
2203 826 2532 887 absumant;
2578 826 2777 880 animis
2809 829 3015 884 scilicet
3046 830 3206 883 intixa
3237 846 3513 902 perpetuo,

1945 917 2197 985 quodque
2229 925 2421 970 natura
2446 918 2643 979 solent,
2693 917 3007 975 efﬁcientia.
3058 923 3162 976 Sed
3210 926 3352 977 enim
3411 926 3520 979 fer-

1945 1019 2063 1055 rum
2096 1004 2250 1072 quasi
2282 1020 2375 1072 per
2398 1005 2507 1058 vim
2532 1022 2560 1059 a
2583 1007 2835 1074 rubigine
2877 1015 3267 1080 corrumpitur,
3295 1026 3348 1067 at
3373 1016 3516 1069 istud

1945 1110 2055 1150 non
2119 1096 2429 1166 ignorantes
2480 1099 2765 1165 adoritur;
2795 1100 3021 1170 ideoque
3067 1107 3263 1158 malum
3299 1108 3398 1162 hoc
3425 1124 3524 1163 no-

1946 1196 2120 1241 strmn
2149 1188 2303 1257 pejus
2326 1201 2430 1254 est,
2472 1206 2533 1243 ac
2566 1205 2731 1258 prope
2768 1193 2980 1246 veniam
3013 1195 3214 1248 nullam
3254 1211 3518 1255 meretur.

1948 1278 2157 1349 Quippe
2178 1282 2464 1335 consimile
2485 1284 2743 1351 quiddam
2769 1287 2992 1350 accidit,
3017 1304 3077 1341 ac
3099 1290 3143 1342 si
3169 1292 3288 1359 quis
3307 1292 3518 1347 hostem

1947 1389 2331 1443 quemcunque
2376 1388 2730 1431 concremare
2782 1380 2992 1445 volens,
3025 1384 3230 1452 lignum
3260 1387 3372 1439 licri
3396 1403 3522 1441 sus-

1947 1468 2136 1530 tineat,
2173 1484 2235 1522 ac
2259 1469 2367 1538 igni
2403 1469 2560 1530 tradi,
2587 1484 2695 1537 quo
2747 1473 3039 1540 conllagret
3100 1476 3165 1539 is,
3217 1466 3377 1546 quem
3401 1480 3525 1534 odio

1948 1563 2318 1627 persequitur.
2364 1560 2559 1614 Procul
2587 1562 2753 1615 dubio
2792 1561 3113 1617 Satanicum
3142 1567 3401 1634 quiddam
3438 1583 3524 1624 est

1949 1650 2176 1703 invidia.
2204 1649 2413 1720 Quippe
2446 1651 2675 1706 Satanas
2723 1654 2884 1706 aliam
2932 1654 3136 1708 nullam
3182 1658 3250 1711 ob
3302 1659 3522 1728 culpam

1949 1742 2224 1811 plectitur,
2259 1759 2421 1813 quam
2473 1745 2615 1813 quod
2662 1743 2850 1808 allicit,
2917 1756 2975 1798 ut
3038 1749 3126 1800 alii
3195 1749 3524 1817 plectantur.

1950 1833 2091 1897 Quin
2126 1842 2183 1913 et
2215 1849 2401 1887 amens
2435 1844 2535 1896 est,
2562 1836 2653 1903 qui
2704 1837 2915 1890 lahmat
2964 1837 3164 1892 invidia
3192 1856 3207 1905 ;
3240 1857 3361 1893 nam
3394 1844 3524 1909 quin

1728 1924 1854 1992 ὶκις,
1886 1929 1933 1989 Β
1963 1922 2280 1976 absumatur
2310 1924 2442 1988 ipse,
2479 1926 2591 1977 lieri
2622 1927 2773 1979 nullo
2798 1928 2958 1980 modo
3001 1937 3177 1996 potest
3205 1946 3219 1982 :
3250 1947 3314 1983 an
3346 1942 3526 1986 autem

1954 2014 2180 2065 exitium
2211 2014 2281 2065 sit
2312 2014 2832 2080 adlaturuS‘alteri,
2888 2024 3037 2069 certo
3093 2033 3202 2072 non
3269 2030 3525 2088 constat;

1953 2108 2173 2172 quando
2204 2105 2424 2173 quidem
2458 2118 2512 2158 et
2550 2107 2654 2160 vim
2709 2108 2983 2175 lignorum
3018 2124 3270 2179 magnam
3332 2115 3529 2184 saepius

1954 2199 2008 2250 in
2051 2200 2263 2252 cineres
2298 2198 2569 2251 redactam
2628 2199 2859 2268 scimus,
2895 2216 3021 2254 cum
3085 2203 3303 2258 interim
3360 2217 3533 2260 mate-

1957 2290 2090 2342 riam
2121 2288 2669 2343 crematttdiﬂicilcm
2709 2306 2821 2344 non
2883 2292 3300 2359 absumpsisset.
3347 2295 3530 2366 Gignit

1955 2391 2135 2434 autem
2160 2381 2363 2434 invidia
2391 2381 2665 2445 fraudem,
2705 2391 2759 2436 et
2801 2384 3155 2440 calumniam.
3205 2397 3261 2441 et
3319 2391 3529 2452 odium,

1954 2488 2077 2526 cum
2122 2475 2237 2541 ipsa
2261 2484 2580 2542 procreetur
2610 2476 2677 2529 ab
2708 2478 3083 2533 aemulatione.
3134 2479 3335 2535 Verum
3392 2483 3532 2537 invi-

1956 2564 2060 2618 diae
2090 2565 2221 2618 vitio
2251 2580 2351 2619 uec
2390 2566 2711 2635 amplissimi
2739 2567 2992 2624 laborant
3037 2586 3164 2641 erga
3223 2574 3535 2627 tenuis’ado

1954 2656 2175 2711 modum
2207 2657 2540 2712 conditionis
2576 2658 2846 2723 homines,
2899 2663 3044 2730 quod
3103 2664 3190 2719 his
3228 2665 3332 2733 ipsi
3359 2666 3531 2734 majo-

1953 2758 2041 2796 res
2069 2742 2177 2797 sint
2203 2761 2217 2808 ;
2242 2758 2341 2796 nec
2363 2744 2616 2797 omnibus
2640 2746 2803 2799 rebus
2834 2747 3146 2815 inferiores,
3202 2768 3326 2822 erga
3358 2755 3516 2823 pluri-

1971 2848 2120 2888 mum
2150 2834 2493 2898 eminentes;
2544 2848 2643 2887 nec
2686 2836 2746 2901 ii,
2779 2837 2873 2905 qui
2934 2839 3302 2908 professiones
3332 2856 3383 2899 et
3410 2856 3524 2904 stu-

282 2935 365 2988 dia
398 2934 619 2989 diversa
646 2943 968 2988 sectantur:
1000 2936 1095 2989 sed
1119 2934 1172 2987 in
1210 2948 1305 2987 eos
1364 2934 1534 2996 cadit,
1573 2933 1665 3000 qui
1725 2940 1956 3002 possunt
1988 2931 2130 2984 inter
2180 2943 2302 2983 sese
2345 2929 2695 2996 contendere,
2751 2946 2956 3000 perque
3021 2934 3364 3004 splendorem
3432 2938 3534 2995 ad-

283 3026 647 3081 versariorum
679 3024 784 3078 sibi
817 3025 948 3093 quid
971 3024 1236 3079 decedere
1257 3034 1464 3094 putant.

1006 3160 1101 3218 ΚΝ
1115 3205 1130 3220 .

369 3302 442 3363 Ως
491 3300 713 3368 ἄγαμαι
753 3298 845 3351 τὸν
895 3297 1168 3367 φεύγοντα
1219 3299 1319 3360 τὰς
1371 3298 1703 3368 ὑπερϐολάς.
1741 3299 1850 3353 Καὶ

277 3394 418 3467 λόγοι
452 3394 610 3462 μάλα
665 3392 847 3461 σοφῶν
885 3391 1175 3443 συνιστῶσί
1213 3409 1316 3458 μου
1361 3394 1454 3443 τὸν
1504 3391 1684 3461 ἔρωτα
1726 3411 1851 3445 του-

2635 3160 2826 3215 XXIV.

2029 3300 2144 3355 Non
2175 3315 2394 3368 possum
2446 3312 2553 3351 non
2612 3298 2861 3366 amplecti
2913 3299 3186 3352 hominem
3249 3301 3531 3370 vitantem,

1960 3394 2225 3462 quidquid
2256 3401 2339 3446 est
2368 3392 2619 3444 nimium.
2654 3394 2829 3460 Atque
2865 3392 3009 3445 hunc
3071 3407 3310 3446 amorem
3346 3411 3526 3450 meum

278 3485 405 3540 τονί.
451 3487 680 3554 Μέτρον
726 3484 835 3551 γὰρ
882 3484 1126 3551 ἄριστον,
1172 3482 1291 3546 καὶ,
1323 3483 1507 3551 Μηδὲν
1557 3484 1719 3549 ἄγαν,
1755 3487 1848 3536 καὶ

1959 3488 2098 3541 (ηοω
2149 3484 2681 3553 sapientissimorum
2746 3482 3096 3544 conﬁrmant,
3165 3486 3380 3538 modum
3415 3503 3537 3545 esse

276 3580 432 3650 ἕτερα
473 3577 728 3633 τοιαῦτα.
768 3576 932 3627 Ὥστε
977 3574 1035 3626 τὸ
1071 3576 1489 3643 μεμετρημένον
1541 3577 1634 3628 καὶ
1679 3577 1847 3638 μέσον

277 3671 515 3738 ἀκρότης
571 3672 775 3738 τρόπον
806 3668 994 3734 ἕτερον
1044 3668 1183 3735 πρὸς
1231 3668 1293 3718 τὸ
1338 3668 1544 3733 ἀγαθὸν
1574 3667 1845 3734 γίγνεται.

276 3763 495 3833 Συνᾲδει
529 3763 739 3823 δὲτοίς
775 3762 957 3828 λόγοις
985 3762 1054 3813 τὰ
1083 3761 1414 3828 πράγματα,
1456 3760 1551 3811 καὶ¹
1602 3760 1846 3812 δείκνυσι

276 3857 492 3910 κάκεῖνο
541 3856 694 3925 μάλα
730 3854 1025 3925 λαμπρῶς.
1066 3853 1360 3924 Κ-ακοήθης
1405 3855 1512 3922 γὰρ
1560 3853 1848 3923 ἄνθρωπος

274 3949 362 3999 καὶ
394 3950 627 4017 εὐήθης,
658 3947 714 4007 ἐς
743 3945 974 4014 ἔσχατον
1002 3945 1252 4011 ἀλλήλων
1295 3945 1667 4015 διεστηκότες,
1698 3945 1849 4012 ὅμως

274 4042 437 4109 ἄμφω
471 4038 656 4093 κακῶ.
691 4039 795 4092 Καὶ
827 4039 982 4091 οὐδὲν
1032 4039 1235 4091 κωλύει
1264 4038 1324 4090 τὸ
1369 4039 1632 4098 ἐναντίως
1680 4038 1847 4107 ἔχειν,

260 4132 370 4208 οὐκ
419 4130 701 4184 ἐπαινετὼ
732 4131 849 4197 ἅμα
885 4126 1045 4183 εἶναι.
1083 4130 1140 4181 Ei
1173 4130 1231 4181 δέ
1274 4147 1358 4190 τις
1391 4130 1582 4196 φεύγοι
1623 4129 1724 4196 μὲν
1754 4145 1851 4181 πο·-

275 4225 487 4292 νηρίαν,
537 4223 738 4293 φεύγοι
786 4221 842 4275 δὲ
890 4221 1174 4289 ἀφέλειαν,
1203 4219 1328 4273 νοῦν
1357 4219 1497 4290 ἔχων
1541 4222 1660 4289 μετ’
1690 4219 1851 4271 εὐθύ-

274 4330 426 4378 τητος
455 4314 852 4383 εὑρεθήσεται,
887 4312 982 4365 καὶ
1032 4312 1190 4363 ἔσται
1239 4311 1589 4366 παντάπασιν
1622 4310 1846 4377 ἀγαθός.

274 4402 434 4456 Ὥστε
493 4404 567 4456 τὰ
627 4403 845 4471 πέρατα
885 4400 1054 4464 κακὰ,
1080 4401 1177 4452 καὶ
1230 4400 1297 4451 τὰ
1353 4399 1494 4468 μέσα
1540 4400 1852 4451 τούναντίον

274 4496 472 4562 ἀγαθά.
511 4494 640 4546 Ἔτι
680 4493 741 4546 τὸ
772 4491 989 4560 φθονεῖν
1020 4492 1131 4553 τοῖς
1160 4490 1269 4543 τῶν
1307 4490 1547 4561 ἀριστων
1581 4490 1854 4557 ἀνδραγα-

274 4585 615 4653 θήμασι,καὶ
644 4582 957 4636 τούναντίον
989 4582 1064 4651 μὴ
1091 4580 1406 4646 δάκνεσθαι,
1427 4581 1572 4648 ἆπερ
1596 4582 1854 4642 ἐναντίως

273 4676 600 4740 διάκεινται,
632 4676 738 4729 ὑπὸ
778 4677 1043 4746 μεγίστην
1079 4676 1261 4727 αἰτίαν
1290 4675 1420 4726 ὄντα
1468 4675 1750 4744 τυγχάνει.
1779 4675 1852 4725 Τὸ

276 4771 367 4838 μὲν
394 4772 510 4839 γὰρ
547 4770 911 4841 ἀρχαιότατον
964 4767 1159 4828 δεινὸν,
1187 4766 1416 4835 θάτερον
1468 4766 1525 4818 δὲ
1566 4766 1809 4834 μαλακόν
1834 4781 1848 4795 ’

270 4863 359 4916 καὶ
385 4864 679 4931 ἀμφότερα
711 4861 973 4931 βλαϐερὰ,
1005 4859 1075 4911 δι’
1107 4858 1261 4911 οὐδὲν
1297 4859 1484 4927 ἕτερον
1510 4853 1686 4925 οἶμαι,
1717 4856 1751 4924 ἢ
1784 4856 1843 4908 τὸ
1873 4841 1925 4901 Ῑ)

272 4951 398 5020 πρὸς
428 4952 532 5022 τὴν
561 4952 833 5021 ἀμετρίαν
868 4950 1053 5018 ἄκρως
1084 4947 1312 5017 ἀφῖχθαι
1340 4962 1356 4978 ’
1406 4946 1527 4998 ἐπεί
1555 4964 1618 5014 γε
1650 4946 1845 5015 1:GC-

271 5041 500 5097 λότυπον
565 5044 738 5111 ψιλῶς
799 5040 1120 5110 ἐμπεφυκὸς
1172 5043 1238 5109 τῇ
1292 5040 1438 5108 ψυχῇ
1484 5037 1552 5092 δι’
1608 5038 1845 5095 ἐπαίνων

272 5136 465 5204 ἔρωτα,
486 5135 615 5189 οὕτε
647 5136 786 5203 πρὸς
811 5134 1005 5201 φθόνον
1035 5133 1403 5203 ὑπερελὰσαν,
1423 5130 1517 5183 καὶ
1555 5130 1656 5199 τὴν
1685 5131 1848 5183 ἀναλ-

272 5228 483 5295 γησίαν,
520 5229 609 5294 ἐφ’
642 5222 724 5288 οἷς
759 5225 818 5277 οὐ
868 5224 1011 5286 δέον,
1044 5222 1342 5290 διαφυγόν·
1380 5221 1632 5290 μεσότης,
1663 5217 1845 5290 οἶμαι,

272 5317 464 5380 γένοιτ’
516 5317 586 5369 ἂν
636 5314 869 5369 τουτωνὶ
915 5316 1024 5366 τῶν
1074 5313 1337 5365 ἐναντίων
1370 5310 1577 5373 κακῶν,
1606 5312 1704 5363 καὶ
1729 5326 1849 5378 κριο

272 5406 498 5470 θήσεται
530 5409 796 5477 χρηστόν.
829 5406 926 5473 Εῐη
955 5404 1066 5472 γὰρ
1098 5402 1164 5456 ἂν
1190 5400 1465 5471 δήπουθεν
1496 5402 1846 5469 φρονήματος

272 5503 502 5568 καρπὸς,
535 5497 992 5568 παρακαλοῦντος
1043 5497 1122 5557 είς
1183 5494 1428 5563 ἀρετήν’
1481 5494 1531 5545 εῐ
1578 5508 1640 5558 γε
1687 5492 1846 5554 δίδως

272 5586 406 5641 εἶναι
450 5589 702 5642 τοιοῦτον
742 5591 802 5640 τὸ
835 5590 910 5658 μὴ
956 5587 1240 5641 καθεύδειν
1287 5586 1551 5653 δύνασθαι
1603 5586 1695 5636 τὸν
1744 5585 1847 5637 Θε-

276 5684 573 5745 μιστοκλέα
628 5684 706 5752 τῷ
735 5681 1028 5735 Μιλτιάδου
1061 5681 1310 5751 τροπαίῳ
1337 5681 1683 5748 ξακνόμενον.

1957 3592 2067 3629 rem
2103 3575 2363 3640 Optimam
2391 3589 2402 3623 :
2443 3579 2495 3625 ct
2521 3570 2597 3623 Ne
2623 3571 2751 3640 quid
2789 3573 2969 3637 nimis,
3000 3572 3211 3642 aliaque
3254 3575 3533 3643 talia.Quo

1956 3670 2035 3730 tit,
2061 3680 2118 3721 ut
2164 3666 2307 3733 quod
2344 3666 2561 3718 modum
2589 3664 2774 3726 habet,
2809 3659 2862 3717 et
2894 3665 3129 3718 medium
3175 3668 3264 3734 qui
3300 3679 3402 3731 est,
3426 3672 3535 3724 alio

1954 3760 2187 3826 quodam
2231 3762 2390 3811 modo
2428 3755 2555 3810 boni
2595 3764 2847 3823 respectu
2877 3755 2967 3808 fiat
3011 3766 3348 3812 extremum.
3388 3758 3527 3814 Ver-

1955 3850 2037 3903 bis
2063 3850 2192 3917 ipsae
2217 3863 2303 3901 res
2328 3848 2701 3908 consentiunt,
2728 3855 2775 3900 ct
2806 3847 2859 3900 in
2890 3848 3081 3915 primis
3101 3849 3201 3903 hoc
3224 3865 3338 3903 rem
3366 3860 3531 3906 totam

1955 3938 2098 3994 clare
2131 3931 2345 4007 probat.
2368 3935 2539 3989 llomo
2571 3952 2806 4005 namque
2845 3938 3153 3991 malitiosus
3185 3950 3237 3992 ct
3263 3941 3528 4007 stolidus,

1956 4031 2080 4101 licet
2110 4039 2355 4083 extreme
2381 4028 2585 4083 distent
2608 4030 2746 4082 alter
2776 4029 2844 4080 ab
2873 4030 3070 4092 altero,
3137 4039 3311 4083 tamen
3366 4034 3531 4087 ambo

1957 4122 2083 4174 mali
2116 4131 2284 4185 sunt;
2325 4137 2425 4174 nec
2467 4122 2614 4189 quod
2680 4120 2916 4172 invicem
2980 4120 3085 4173 sibi
3143 4121 3529 4188 adversantur,

1956 4230 2063 4282 quo
2122 4213 2303 4268 minus
2334 4213 2496 4265 simul
2528 4212 2688 4265 ambo
2729 4210 2908 4263 laudis
2942 4221 3194 4278 expertes
3231 4215 3516 4277 siut,'im-

1957 4303 2124 4373 pedit.
2150 4304 2217 4356 At
2239 4303 2286 4357 si
2322 4302 2448 4372 quis
2496 4312 2551 4356 et
2595 4304 2858 4356 malitiam
2909 4301 3134 4364 devitet,
3188 4312 3241 4357 et
3280 4304 3531 4359 stolidam

1958 4395 2390 4461 simplicitatem,
2419 4395 2464 4447 is
2503 4409 2625 4447 cum
2681 4395 3009 4447 dexteritate
3045 4404 3282 4448 tuentem
3325 4395 3528 4450 habere

1958 4485 2427 4556 deprehendetur,
2464 4496 2516 4539 et
2551 4486 2775 4539 omnino
2808 4485 2986 4539 bonus
3020 4487 3143 4540 erit.
3183 4484 3340 4540 Unde
3394 4501 3532 4540 con-

1957 4587 2085 4642 stat,
2130 4579 2261 4633 lines
2282 4592 2403 4633 esse
2435 4576 2624 4641 malos,
2661 4588 2716 4630 et
2746 4576 2942 4642 media,
2993 4576 3108 4630 rice
3157 4592 3334 4640 Versa,
3366 4574 3530 4652 bona.

1956 4670 2194 4734 Rursus,
2256 4670 2502 4723 invidere
2557 4667 3132 4737 praestantissimorum
3161 4667 3394 4723 fortibus
3421 4667 3535 4723 fac-

1959 4762 2050 4826 tis,
2090 4773 2144 4814 et
2179 4761 2511 4815 ecOntrario
2551 4761 2758 4812 nullum
2785 4761 2990 4813 sentire
3043 4746 3354 4821 stimulum.
3405 4776 3530 4829 qum

1953 4855 2187 4909 invicem
2246 4854 2347 4907 sibi
2405 4854 2787 4912 adversantur.
2845 4837 3091 4906 maxime
3151 4852 3530 4920 vituperabilis

1953 4956 2101 5011 sunt.
2138 4946 2273 4998 Illud
2298 4945 2445 4997 enim
2497 4943 2700 4996 malum
2751 4951 2837 4997 est
2881 4943 3373 5012 antiquissimum:
3429 4944 3531 4994 hoc

1953 5037 2186 5091 alterum
2218 5051 2247 5089 a
2281 5035 2506 5088 mollitie
2566 5034 2983 5103 proﬁciscitur:
3044 5045 3279 5097 utraque
3338 5037 3523 5095 noxia,

1954 5123 2155 5178 nullam
2188 5125 2447 5193 (opinor)
2507 5125 2576 5176 ob
2602 5124 2761 5176 aliam
2795 5138 3040 5187 causam,
3107 5123 3209 5174 nisi
3260 5124 3402 5192 quod
3456 5123 3527 5175 ad

1955 5216 2185 5271 nimium
2219 5224 2463 5270 extreme
2495 5218 2737 5270 tendant.
2770 5213 2904 5266 Nam
2956 5212 3256 5274 aunulatio,
3318 5215 3529 5281 simpli-

1953 5309 2090 5363 citer
2115 5309 2299 5362 animo
2333 5320 2554 5377 propter
2594 5306 2945 5374 cupiditatem
3007 5304 3183 5358 laudis
3237 5304 3422 5368 insita,
3476 5305 3525 5358 si

1951 5414 2053 5453 nec
2080 5400 2146 5452 ad
2175 5397 2437 5451 invidiam
2491 5397 2782 5462 exiirbitct,
2848 5412 2913 5449 ac
2981 5407 3258 5463 stuporem
3320 5392 3528 5447 doloris

1949 5489 2132 5544 omnis
2162 5502 2415 5551 vacuum,
2443 5485 2533 5538 ubi
2562 5485 2771 5537 doloris
2802 5498 2997 5537 sensus
3043 5482 3235 5534 abesse
3295 5494 3404 5532 non
3434 5477 3531 5533 de-

1946 5581 2135 5642 bebat,
2163 5578 2377 5632 evitet:
2438 5575 2680 5627 medium
2730 5575 2990 5642 quiddam
3057 5572 3241 5636 fuerit,
3304 5571 3525 5640 opinor,

1944 5672 2088 5725 inter
2123 5670 2237 5723 haec
2265 5666 2395 5720 vitia
2423 5663 2733 5727 contraria;
2785 5678 2992 5732 proque
3012 5678 3070 5717 re
3097 5664 3237 5716 bona
3272 5663 3527 5716 ducetur.

275 5772 384 5825 Erit
420 5781 572 5826 οιιιηι
603 5751 812 5826 fructus
864 5770 1253 5841 animositatis,
1310 5771 1377 5823 ad
1438 5769 1690 5823 virtutem
1740 5761 2093 5835 impellentis,
2150 5755 2423 5829 siquidem
2480 5768 2601 5809 esse
2655 5752 2813 5808 dabis
2862 5753 3151 5824 ejusmodi,
3183 5752 3328 5821 quod
3382 5751 3526 5806 'l‘he-

277 5868 576 5933 mistocles,
608 5867 866 5925 Miltiadis
903 5877 1127 5939 ~tropaeo
1187 5864 1524 5931 stimulatus,
1582 5877 1837 5922 somnum
1878 5873 2074 5930 capere
2110 5871 2217 5911 non
2268 5851 2466 5923 potuit.
