3976 6206
483 394 588 456 335

1186 519 1349 575 XXV.

550 612 604 666 ld
633 610 978 666 exiStiu'abis
1003 627 1124 666 esse
1163 615 1366 666 malum
1403 614 1861 678 im'oluutarium,
1903 616 2052 683 quod

478 718 571 770 per
618 702 1020 770 ignorationem
1079 703 1348 757 duntaxat
1399 703 1702 757 admissum
1758 714 1863 765 est,
1923 720 2048 758 cum

475 794 813 862 perpetrati-ti
860 795 1064 847 bonum
1118 797 1418 849 videretur.
1471 795 1605 849 Nam
1653 799 1802 867 quod
1846 801 2051 866 pudore

474 891 553 949 lit,
578 898 672 940 aut
695 887 919 940 hortatu
945 888 1194 953 alterius,
1218 903 1311 942 aut
1334 890 1381 942 vi
1404 907 1753 960 quacunque,
1781 905 1888 944 non
1916 908 2050 961 pure

470 979 899 1032 involuntarium
936 989 1038 1033 est.
1069 980 1183 1034 Non
1207 983 1350 1035 enim
1388 985 1428 1036 si
1461 983 1592 1052 quid
1621 987 1918 1039 violentum
1943 996 2047 1050 est,

468 1069 553 1121 vel
590 1070 905 1137 impellendi
954 1071 1037 1123 vel
1082 1072 1342 1126 illiciendi
1389 1075 1496 1126 vim
1539 1075 1766 1138 habens,
1799 1075 1880 1128 vel
1916 1077 2044 1144 quid

469 1162 610 1213 aliud
650 1163 964 1230 ejusmodi;
1014 1166 1280 1217 continuo
1319 1168 1493 1220 visqu
1535 1179 1618 1221 est
1650 1170 1938 1223 honestum
1971 1170 2043 1222 illi

467 1269 617 1313 εδει),
671 1256 762 1320 qui
804 1258 1163 1323 perpetravit,
1220 1267 1444 1326 propter
1483 1261 1624 1312 hanc
1659 1261 2043 1328 appendicem,

466 1345 610 1412 quod
657 1346 779 1397 aliis
826 1346 987 1399 malis
1037 1348 1107 1401 sit
1143 1348 1340 1402 levius.
1375 1348 1744 1414 Quamobrem
1779 1351 1882 1404 nisi
1916 1354 2045 1419 quis

463 1436 723 1500 opinione
759 1439 1045 1504 deceptus,
1095 1439 1295 1490 nzalum
1327 1455 1424 1492 ceu
1464 1441 1663 1493 bonum
1711 1441 1896 1504 faciat,
1934 1458 2040 1496 non

461 1527 592 1580 f::cit
649 1528 931 1594 ignorans.
985 1529 1141 1592 Quod
1192 1542 1372 1585 autem
1411 1547 1476 1586 ex
1526 1533 1876 1602 ignoratione
1932 1551 2040 1588 non

459 1618 856 1684 proficiscitur,
885 1635 992 1673 non
1027 1631 1108 1674 est
1135 1622 1587 1688 itwoluntarium,
1613 1625 1756 1678 velut
1783 1626 1852 1678 ab
1885 1626 2041 1680 initio

456 1710 688 1764 dictum.
719 1711 858 1776 Quin
883 1711 1049 1766 etiam
1085 1713 1231 1781 quod
1254 1715 1395 1768 bona
1418 1716 1754 1769 conscientia
1787 1730 1896 1769 non
1930 1717 2043 1787 agi-

411 1809 420 1822 "
458 1813 567 1866 tor,
605 1804 822 1856 etiamsi
876 1805 1002 1857 mali
1042 1820 1366 1860 mensuram
1418 1823 1528 1860 non
1569 1809 1845 1877 attingat;
1879 1809 2041 1878 longe

457 1908 640 1949 tamen
676 1897 831 1964 pejus
864 1906 947 1950 est
990 1912 1050 1950 re
1090 1898 1170 1951 vel
1207 1901 1454 1952 omnium
1492 1900 1732 1968 pessima
1781 1901 2036 1965 gravissi-

456 2002 655 2054 maque
695 1988 738 2040 si
783 1987 942 2042 nobis
971 2003 1033 2042 ea
1073 1990 1386 2043 nolentibus
1427 1991 1659 2046 accidat.
1695 1993 1883 2062 Itaque
1911 1993 2035 2046 mali

454 2079 590 2133 nihil
645 2095 918 2148 agamus,
975 2092 1035 2133 ut
1086 2081 1278 2151 majori
1331 2084 1478 2136 malo
1536 2085 1896 2139 medeamur:
1941 2087 2035 2140 sed

452 2187 799 2241 qumcunque
834 2171 949 2226 fieri
1003 2184 1235 2241 possunt
1291 2174 1640 2241 humanitus,
1677 2175 1859 2231 facere
1913 2187 2035 2234 stu-

449 2268 704 2327 deamus,
744 2273 805 2318 ut
839 2280 908 2319 ne
947 2263 1080 2334 quid
1137 2265 1266 2318 mali
1300 2277 1498 2335 sponte
1527 2277 1718 2322 nostra
1757 2268 1916 2322 nobis
1943 2285 2034 2322 ar-

447 2370 752 2410 cessamus.
791 2355 1040 2421 Quorum
1078 2366 1266 2410 autem
1321 2357 1556 2422 effectio,
1609 2359 1784 2413 solius
1837 2368 1921 2414 est
1978 2361 2031 2414 in

447 2445 544 2500 Dei
575 2446 680 2501 sita
718 2454 1013 2516 potestate,
1051 2461 1114 2501 ea
1151 2447 1282 2514 Deo,
1317 2449 1457 2502 bona
1488 2464 1585 2518 spe
1618 2445 1766 2515 freti,
1797 2450 2030 2520 permit-

449 2549 633 2592 tamus
671 2547 766 2592 :et
797 2537 1066 2608 quidquid
1094 2538 1213 2604 ipse
1253 2539 1488 2607 dederit,
1531 2539 1717 2596 animo
1741 2550 1898 2612 grato
1950 2542 2030 2596 fe-

447 2647 659 2688 ramus.

1141 2722 1328 2779 XXVI.

559 2825 718 2869 utare
758 2815 947 2881 debes,
1003 2815 1280 2872 neminem
1324 2815 1636 2884 hominum,
1686 2834 1754 2874 ne
1804 2819 2025 2876 illorum

441 2907 690 2973 quidem,
721 2907 813 2976 qui
849 2907 1057 2976 majore
1092 2914 1365 2977 potestate
1389 2909 1598 2979 praediti
1629 2920 1781 2976 sunt,
1816 2912 1899 2967 vel
1933 2915 2028 2968 ab-

436 2998 808 3065 jeetissimum
847 2997 1045 3052 lzrdere
1074 3013 1258 3067 posse,
1287 2997 1390 3053 nisi
1426 2998 1568 3052 Deus
1602 3001 1912 3069 permittat,
1939 3001 2021 3056 vel

440 3091 638 3156 iratus,
662 3091 744 3144 vel
767 3100 1016 3146 nostram
1041 3091 1108 3145 ad
1135 3090 1429 3144 utilitatem
1447 3091 1771 3160 respiciens.
1799 3091 1849 3147 ls
1872 3094 2018 3147 enim

1658 401 1985 463 MANUEL
2000 406 2009 461 l
2025 406 2064 461 Β
2109 407 2552 472 PALAZOLOGI

2092 531 2136 584 Α
2878 535 3004 590 ΚΕ’.

3644 417 3744 480 3ῗὸ

2242 624 2524 678 Ἀκούσιον
2555 626 2724 680 κακὸν
2750 629 3058 699 νομιζέσθω
3092 647 3176 682 σοι
3207 630 3267 682 τὸ
3296 630 3458 698 μόνον
3489 649 3742 702 πεπραγ-

2160 717 2320 784 μένον
2350 719 2472 772 κατ’
2499 720 2746 787 ἄγνοιαν,
2776 722 2942 775 καλόν
2981 740 3044 789 γε
3105 725 3184 793 τῷ
3233 724 3479 778 ποιοῦντι
3525 727 3742 796 νομιζό-

2158 824 2340 876 μενον.
2391 810 2462 861 Τὸ
2522 811 2630 880 γὰρ
2675 812 2747 864 δι’
2803 815 3074 882 αἰσχύνην
3126 815 3541 888 γιγνόμενον-ἤ
3602 818 3739 884 πρὸς

2153 900 2527 968 παράκλησιν,
2573 903 2605 972 ἢ
2673 904 2809 972 πρὸς
2865 905 3044 959 ὁτιοῦν
3100 905 3297 974 βίαιον,
3355 909 3414 958 οὐ
3477 907 3735 978 καθαρῶς

2151 991 2429 1047 ἀκούσιον.
2468 994 2540 1045 0-3
2578 995 2682 1064 γὰρ
2730 997 2756 1048 ὃ
2787 1013 2838 1048 τι
2888 995 3089 1064 βίαιον,
3124 998 3156 1068 ἦ
3212 998 3648 1068 παρακλητικὸν,
3698 1002 3730 1070 ἢ

2152 1085 2471 1151 ὲφελκτικὸν
2498 1087 2694 1150 ἄλλως,
2730 1089 2761 1156 ἧ
2795 1089 2984 1162 ἕτερόν
3018 1109 3068 1143 τι
3096 1093 3367 1156 τοιοῦτον,
3391 1094 3546 1163 παρὰ
3575 1097 3736 1147 τοῦτο

2151 1180 2248 1231 καὶ
2290 1179 2456 1232 καλὸν
2489 1180 2566 1246 τῷ
2616 1182 2928 1250 πεπραχότι
2982 1183 3273 1237 δέδοκται·
3323 1188 3389 1255 τῇ
3427 1187 3738 1256 παραθέσει

2079 1339 2120 1350 Ἴ
2149 1271 2478 1340 κουφότερον
2510 1273 2713 1342 ἑτέρων
2747 1269 2903 1338 οἶμαι
2935 1275 3142 1338 κακῶν,
3170 1277 3301 1331 ὥστ’
3353 1279 3402 1330 εί
3436 1280 3512 1348 μή
3545 1297 3630 1336 τις
3671 1281 3732 1333 τὸ

2147 1363 2316 1412 κακον
2349 1361 2424 1422 ὼς
2452 1362 2617 1413 καλὸν
2651 1365 2964 1430 ἐργάζοιτο,
2992 1366 3088 1418 οὐκ
3142 1367 3356 1433 ἀγνοῶν
3405 1369 3727 1438 ἐργάζεται.

2151 1455 2258 1506 Kal.
2289 1455 2348 1506 τὸ
2400 1456 2473 1524 μὴ
2511 1465 2630 1508 κατ’
2669 1458 2898 1525 ἄγνοιαν
2937 1460 3038 1512 οὐκ
3088 1459 3368 1526 ἀκούσιον,
3395 1461 3585 1532 ὥσπερ
3631 1464 3731 1534 τὴν

2145 1547 2320 1616 ἀρχὴν
2379 1549 2618 1617 εἴρηται.
2665 1551 2773 1602 Καὶ
2821 1552 2930 1621 μὴν
2964 1553 3025 1605 τὸ
3083 1551 3159 1622 μὴ
3215 1555 3360 1606 κατά
3417 1557 3729 1625 συνείδησιν

2146 1640 2359 1709 ἀγαθὴν
2393 1641 2813 1711 ὲνεργούμενον,
2847 1644 2952 1696 κᾶν
3004 1645 3204 1708 δνδεῶς
3262 1645 3401 1716 πρὸς
3445 1647 3505 1700 τὸ
3559 1648 3731 1702 κακὸν

2145 1720 2266 1802 ἕχῇ,
2300 1733 2486 1801 χεῖρόν
2521 1735 2636 1786 ἐστι
2685 1735 2806 1803 μεθ’
2855 1736 3169 1808 ὑπερϐολῆς
3215 1737 3307 1790 τοῦ
3357 1740 3637 1808 χειρίστου
3669 1758 3728 1792 τε

2074 1868 2114 1922 Β
2143 1824 2239 1876 καὶ
2279 1823 2670 1895 χαλεπωτέρον
2723 1827 2833 1880 τῶν
2880 1829 3124 1890 πάντων,
3160 1831 3387 1884 ἐπειδὰν
3436 1833 3511 1903 μὴ
3540 1832 3727 1900 βουλοα

2145 1914 2331 1982 μένοις
2374 1917 2505 1984 ἡμῖν
2533 1917 2774 1973 ἐπέλθοι.
2817 1919 2908 1989 Μὴ
2940 1921 3124 1973 τοίνυν
3161 1923 3495 1992 πράττωμεν
3526 1924 3717 1988 κακὸν,

2139 2009 2232 2060 ἐπὶ
2257 2008 2336 2078 τῷ
2364 2007 2526 2062 λῦσαι
2586 2013 2773 2080 μεῖζον
2798 2029 2814 2044 ο
2860 2015 2976 2066 ἀλλ’
3015 2014 3116 2068 ὅσα
3159 2017 3259 2085 μὲν
3287 2019 3367 2079 είς
3397 2017 3723 2087 ἀνθρώπους

2137 2098 2285 2166 ἣκει,
2325 2099 2633 2170 ἀγαπῶμεν
2683 2104 3045 2172 πράττοντες,
3078 2105 3154 2167 ὼς
3213 2107 3287 2177 μή
3336 2125 3390 2161 τι
3441 2109 3724 2178 μήσαιμεν

2137 2191 2325 2244 κακῶν
2372 2193 2595 2255 ἑκόντες
2647 2195 2803 2260 ὄντες
2848 2199 2983 2264 ἡμῖν
3030 2200 3241 2262 αὐτοῖς.
3277 2193 3378 2252 Ὧν
3410 2201 3467 2253 δὲ
3499 2200 3720 2253 τελέσαι

2137 2279 2342 2351 Κύριος
2381 2284 2540 2352 μόνος
2590 2288 2620 2339 ὁ
2664 2287 2800 2350 Θεὸς
2850 2289 2993 2353 ἔστι,
3021 2293 3184 2344 ταυτὶ
3211 2291 3268 2344 δὲ
3303 2292 3502 2361 ἐκείνῳ
3543 2308 3720 2344 κατα-

2135 2372 2496 2444 λιμπάνωμεν
2527 2377 2647 2446 μετ’
2678 2379 2912 2438 ἐλπίδων
2943 2381 3168 2449 ἀγαθῶν
3191 2397 3206 2413 °
3238 2383 3334 2437 καὶ
3365 2385 3503 2453 ὅπερ
3531 2383 3596 2438 ἂν
3621 2384 3724 2436 αύ-

2135 2465 2225 2532 τὺς
2249 2467 2400 2539 διδῷ,
2429 2469 2773 2541 εὐχαρίστως
2808 2472 3085 2544 φέρωμεν.

2745 2779 2756 2784 -
2847 2742 2988 2812 iter.

2202 2835 2412 2906 Νόμιζε
2465 2837 2672 2907 μηδένα
2719 2817 3048 2907 ἀνθρώπωί,
3097 2841 3190 2892 καὶ
3240 2839 3353 2902 τῶν
3394 2841 3492 2912 τὴν
3541 2844 3717 2912 μείζω

2127 2926 2360 2996 δύναμιν
2399 2929 2777 2998 κεκτημένων,
2797 2929 3060 2984 δύνασθαι
3090 2931 3290 3001 βλάψαι
3316 2935 3411 2987 καὶ
3444 2935 3538 2988 τὸν
3571 2953 3715 3004 φαυ-

2128 3021 2378 3084 λότατον,
2419 3023 2494 3091 μὴ
2552 3023 2961 3092 συγχωροῦντος
3011 3025 3103 3078 τοῦ
3166 3027 3497 3094 κρείττονος.
3554 3027 3586 3099 ἢ
3640 3029 3715 3082 δι’

2127 3110 2383 3183 ὀργὴν,ἢ
2429 3113 2562 3181 πρὸς
2600 3112 2660 3165 τὸ
2710 3114 2985 3183 ἡμέτερον
3031 3116 3348 3186 ἀφορῶντος
3406 3121 3707 3189 συμφέρον.

438 3192 493 3236 et
525 3183 662 3251 pilos
686 3190 914 3236 nostros
940 3189 1260 3237 numeratos
1286 3182 1474 3247 habet,
1508 3191 1563 3235 et
1600 3191 1706 3237 tam
1730 3198 2017 3254 passerum

2139 3182 2500 3272 Ἐκείνῳνγάρ
2531 3205 2624 3256 καὶ
2656 3206 2840 3274 τρίχες
2861 3182 3218 3276 ἠρίθμηνται,
3249 3215 3340 3262 καὶ
3375 3182 3490 3262 τῶν
3513 3182 3709 3282 στρου-

446 3290 612 3346 quam
655 3275 912 3328 viliorum
962 3287 1182 3343 quoque
1215 3288 1397 3327 rerum
1448 3288 1637 3328 curam
1677 3277 1834 3345 gerit.
1888 3277 2022 3344 Qua:

448 3383 574 3420 cum
636 3367 706 3418 ita
758 3367 890 3431 sint,
926 3365 1046 3434 quis
1083 3364 1283 3418 anima:
1332 3366 1492 3434 quasi
1549 3382 1745 3422 manus
1795 3368 2024 3439 injicere

439 3458 636 3529 possit,
668 3459 750 3512 vel
799 3457 895 3512 uni
940 3458 1133 3512 saltem
1166 3457 1286 3526 ejus
1320 3457 1590 3524 facultati,
1630 3459 1714 3515 vel
1745 3460 2021 3517 aﬂectioni

432 3555 608 3617 bona},
635 3551 763 3604 licet
786 3550 1044 3605 adhibeat
1066 3550 1364 3620 promissa,
1391 3550 1588 3616 minas,
1615 3551 1724 3606 vim
1749 3554 2017 3622 denique;

433 3644 477 3698 si
529 3659 638 3697 non
671 3643 787 3710 ipsa
818 3642 972 3712 prius
1006 3642 1369 3704 assentiatur,
1401 3654 1453 3696 et
1483 3646 1811 3711 corruptelre
1840 3647 2018 3702 labem

430 3733 684 3788 admittat
704 3733 726 3786 ?
749 3733 810 3787 Et
828 3733 961 3802 quid
983 3746 1082 3802 ego
1108 3731 1174 3785 de
1197 3731 1418 3785 homine
1442 3733 1675 3802 loquor?
1707 3749 1772 3790 ne
1794 3735 2016 3804 quidem

431 3825 507 3877 illi
539 3824 823 3878 nectendis
878 3823 1021 3877 dolis
1056 3822 1332 3877 vaferrimi
1369 3821 1600 3892 spiritus
1630 3823 1734 3878 hoc
1763 3835 2013 3895 possunt.

431 3916 782 3986 Quapropter
806 3931 871 3970 ea
909 3915 1146 3985 primum
1181 3923 1431 3984 agentes,
1471 3931 1594 3986 quae
1622 3915 1770 3985 justa
1799 3929 1855 3971 et
1880 3931 2017 3972 con-

429 4019 693 4064 sentanea
716 4017 868 4074 sunt,
895 4007 1092 4062 deinde
1115 4009 1222 4063 Deo
1244 4007 1392 4074 freti,
1417 4023 1524 4062 non
1553 4009 1883 4075 terroribus,
1905 4026 2015 4065 non

429 4105 503 4171 vi,
539 4120 643 4157 non
680 4103 956 4158 illecebris
989 4117 1018 4156 a
1049 4112 1200 4158 recta
1226 4104 1420 4157 semita
1444 4102 1823 4158 deﬂectamus.
1855 4104 2013 4171 Quod

429 4197 472 4251 si
506 4197 654 4250 vitiis
679 4195 979 4265 aliquando
1012 4194 1478 4249 succubuerimus
1509 4195 1621 4265 (vix
1649 4197 1795 4251 enim
1827 4197 1879 4251 iu
1915 4213 2012 4250 au-

429 4289 576 4358 grlos
609 4288 932 4342 immunitas
964 4287 1032 4341 ab
1068 4289 1218 4341 omni
1261 4287 1419 4357 lapsu
1450 4288 1642 4355 cadit),
1681 4289 1842 4344 nobis
1873 4291 2010 4358 ipsis

429 4371 709 4452 peccatum
739 4384 1106 4449 ascribamus,
1143 4383 1248 4436 nisi
1283 4399 1378 4452 per
1415 4384 1818 4454 ignorationem
1854 4403 2014 4457 pror-

428 4491 522 4529 sus
554 4475 781 4528 acridit.
823 4473 958 4528 Nam
1014 4475 1101 4540 iis,
1157 4475 1253 4544 qui
1284 4478 1489 4529 malum
1534 4492 1657 4531 esse
1695 4491 1913 4544 norant,
1945 4497 2008 4534 ac

2126 3293 2258 3346 θίων
2305 3295 2526 3364 φροντίς
2570 3296 2708 3356 ἐστι.
2757 3297 2854 3349 καὶ
2911 3298 3264 3386 φαυλοτέρων
3325 3304 3698 3370 πραγμάτωι.

2125 3383 2257 3435 Ὅτε
2288 3383 2344 3435 δὲ
2373 3384 2525 3436 ταῦθ’
2556 3383 2729 3450 οὕτως
2773 3389 2908 3457 ἔχει,
2937 3389 3020 3452 τίς
3054 3383 3120 3443 ἂν
3149 3391 3328 3462 ψυχῆς
3375 3391 3705 3462 καθάψαιτο,

2123 3475 2155 3545 ἦ
2186 3476 2318 3542 Υοῦν
2351 3477 2483 3545 μιᾶς
2539 3478 2745 3548 ταύτης
2774 3481 3076 3551 δυνάμεως,
3102 3484 3133 3555 ἢ
3158 3486 3450 3550 διαθέσεως
3473 3505 3709 3558 χρηστα⁴

2122 3569 2308 3635 τέρας,
2347 3568 2448 3621 κᾶν
2485 3571 2835 3641 ὑπισχνῆται.
2868 3573 2971 3626 κᾶν
3023 3577 3244 3646 ἀπειλῇ,
3283 3576 3385 3630 κᾶν
3413 3578 3704 3647 βιάζηται,

2124 3659 2200 3729 μὴ
2252 3659 2590 3730 συνθεμένης
2641 3663 2862 3731 πρῶτον
2897 3664 3092 3734 αὐτῆς,
3134 3669 3230 3720 καὶ
3279 3671 3708 3740 προσ-τρώείτης

2119 3753 2184 3822 τῇ
2213 3751 2397 3823 λύμῃς
2439 3753 2606 3807 Ἀλλὰ
2655 3754 2710 3808 τί
2753 3756 2844 3808 τὸν
2876 3756 3168 3829 ἄνθρωπον
3200 3761 3382 3830 λέγως
3415 3763 3524 3815 058‘
3564 3765 3711 3816 add

2118 3842 2188 3894 τὰ
2221 3846 2552 3912 κακουργεῖν
2599 3846 2892 3913 σοφώτατα
2927 3849 3219 3920 πνεύματα
3266 3851 3426 3906 τοῦτο
3455 3853 3705 3909 δύναται.

2119 3932 2285 3986 Ὥστε
2327 3937 2394 3988 τὰ
2445 3937 2746 4006 γιγνόμενα
2779 3939 2998 4007 πρῶτον
3047 3943 3402 4012 πράττοντες,
3433 3942 3551 3997 εἶτα
3579 3946 3704 4011 Θεῷ

2118 4024 2520 4096 θαρρήσαντες,
2571 4028 2646 4098 μὴ
2679 4030 2886 4099 φόϐοις,
2931 4032 3006 4103 μὴ
3051 4033 3220 4105 βίαις,
3253 4035 3330 4108 μὴ
3367 4037 3706 4106 δελεάσμασι

2117 4119 2545 4190 παρενεχθῶμεν
2573 4121 2677 4192 τῆς
2706 4125 2974 4194 ἀτραποῦ.
2999 4127 3098 4180 Ἂν
3126 4127 3183 4181 δέ
3217 4129 3319 4182 πού
3346 4145 3410 4196 γε
3436 4131 3706 4200 φανῶμεν

2113 4209 2313 4276 ἥττους
2363 4210 2424 4263 ού
2473 4211 2656 4266 καλῶν
2707 4215 2886 4284 ἐργων
2944 4216 3122 4288 (μόλις
3180 4218 3291 4290 γὰρ
3340 4221 3590 4288 ἀγγέλων
3641 4223 3707 4276 τὸ

2113 4298 2458 4370 ἄπταιστον),
2499 4305 2630 4373 ἡμῖν
2666 4309 2851 4370 αὐτοῖς
2896 4309 2998 4378 τὴν
3052 4310 3333 4380 ἁμαρτίαν
3384 4311 3701 4380 ἀναθετέον,

2112 4394 2160 4444 εἰ
2195 4394 2269 4462 μὴ
2303 4394 2424 4447 κατ’
2457 4395 2684 4462 ἄγνοιαν
2711 4399 2848 4462 ὅλως
2877 4401 3122 4467 γέγονεν.
3159 4401 3342 4455 Είδὸσι
3385 4403 3495 4474 γὰρ
3523 4405 3700 4473 αὐτὴν

2112 4483 2302 4549 κακὸν,
2321 4483 2411 4537 διά
2443 4503 2490 4539 τι
2519 4487 2564 4538 δ’
2593 4484 2685 4541 οὗν
2710 4491 3097 4560 ἑνεργήσασιν,
3125 4493 3186 4545 ού
3212 4493 3458 4554 λείπεται
3488 4501 3699 4567 «rapui-

426 4569 791 4622 nthilominus
823 4567 894 4621 ob
921 4566 1161 4634 aliquam
1197 4581 1418 4622 causam
1454 4567 1812 4635 admiserint,
1845 4586 2011 4626 excu-
2046 4569 2090 4627 ο
2116 4592 2291 4645 τησις.

427 4657 570 4711 satio
607 4657 752 4711 nulla
787 4663 1036 4725 superat.

1113 4748 1329 4805 XXVII.

497 4843 780 4895 Arbttrare
812 4857 909 4894 cor
947 4852 1125 4904 tuum,
1163 4843 1366 4896 bonum
1417 4845 1579 4912 quasi
1615 4847 1888 4913 quoddam
1920 4864 2011 4902 so-

429 4938 536 4989 lum
577 4950 700 4988 esse
735 4952 830 5003 per
860 4951 936 4998 se,
971 4935 1119 5004 quod
1153 4937 1221 4988 ob
1274 4935 1588 4990 ariditatem
1623 4939 1767 4992 illam
1802 4950 2010 4996 naturae

426 5043 774 5081 eouuuunem
803 5028 890 5095 (de
913 5036 1134 5094 peccato
1155 5025 1456 5094 primorum
1483 5041 1767 5094 parentum
1793 5031 2009 5099 loquor,

425 5131 648 5190 propter
693 5119 840 5188 quod
880 5118 1031 5173 omni
1066 5119 1390 5181 excidimus
1427 5122 1646 5190 gratia).
1694 5124 1829 5177 nihil
1883 5127 2006 5178 boui

425 5217 706 5282 producat.
744 5212 946 5265 Deinde
1001 5228 1095 5282 per
1153 5213 1510 5280 baptismum,
1560 5216 1710 5270 velut
1761 5229 2004 5271 aratrum

421 5305 721 5374 quoddam,
755 5315 1101 5374 repurgatum
1129 5290 1250 5358 csse
1273 5306 1376 5359 ilco
1405 5323 1417 5369 ;
1446 5315 1497 5359 et
1517 5323 1612 5375 per
1635 5307 2004 5377 irrigationeoi

423 5397 715 5464 unguenti,
746 5378 985 5450 cedduro
1011 5396 1150 5449 mole
1184 5395 1414 5460 factum,
1445 5407 1502 5451 et
1525 5399 1713 5454 odoris
1751 5401 1896 5465 loco,
1929 5402 2006 5454 ui-

422 5487 496 5540 hil
529 5488 782 5541 habentis
813 5488 974 5553 grati,
1007 5490 1230 5540 odorem
1277 5487 1702 5556 f't'agrautiorem
1738 5507 2003 5547 consent-

422 5585 535 5630 tum
563 5597 576 5643 ;
619 5580 874 5632 mandata
905 5580 1144 5647 denique
1175 5577 1387 5642 divina,
1427 5583 1584 5648 quasi
1615 5586 1888 5652 quoddam
1919 5602 2006 5640 se-

420 5684 565 5728 men.
611 5671 930 5739 accepisse;
973 5673 1118 5739 quod
1175 5671 1320 5724 intra
1358 5686 1418 5725 se
1446 5671 1682 5741 jactum,
1743 5677 1791 5729 vi
1825 5678 2002 5744 poculi

421 5771 736 5824 mensaeque
771 5775 940 5812 sacrae
974 5760 1199 5820 nutriat,
1261 5759 1660 5816 incrementum
1692 5776 1743 5816 et
1774 5767 2005 5819 maturri-

424 5857 590 5902 tatcm
625 5850 886 5916 perducat
915 5859 1078 5919 atque
1121 5859 1436 5906 conservet.
1470 5852 1570 5906 l’er
1599 5855 1786 5912 lolium
1817 5868 2000 5913 autem

2844 4769 2886 4820 K
2897 4771 2970 4822 Z'.

2187 4851 2314 4904 Ν-ὖει
2359 4872 2445 4920 μοι
2481 4856 2580 4921 τὴν
2633 4857 2731 4925 σὴν
2785 4861 3014 4929 καρδίαν
3063 4865 3225 4917 οίονεὶ
3279 4869 3560 4936 χρησίμην
3590 4867 3702 4937 γῆν

2115 4943 2175 4994 τὸ
2230 4944 2354 4996 καθ’
2403 4948 2574 5016 αὐτὴν
2623 4945 2809 5014 οὖσαν,
2845 4956 2937 5005 καὶ
2990 4956 3068 5024 τῷ
3119 4957 3280 5028 κοινῷ
3327 4961 3426 5028 τῆς
3480 4961 3699 5029 φύσεως

2113 5034 2309 5104 αὐχμῷ
2362 5037 2528 5106 (λέγω
2565 5040 2628 5110 δὴ
2675 5044 2773 5110 τὴν
2823 5049 3237 5118 προπατορικὴν
3291 5050 3591 5121 ἁμαρτίαν,
3623 5053 3696 5105 δι’

2113 5127 2178 5195 ἢν
2228 5128 2326 5197 τῆς
2396 5131 2620 5198 χάριτος
2683 5135 3154 5209 ἑκπεπτόααμεν)
3213 5141 3458 5208 φύουσαν
3520 5146 3695 5213 μηδὲν

2114 5220 2284 5286 ύγιές.
2345 5216 2480 5276 Εἶτα
2539 5224 2614 5292 τῷ
2673 5225 3007 5296 βαπτίσματι
3062 5232 3253 5304 ὥσπερ
3313 5235 3532 5306 ἀρότρῳ
3583 5241 3698 5292 τινὶ

2112 5312 2588 5383 ἀνακαθαρθεῖσαν
2617 5317 2753 5386 Θεῷ,
2789 5321 2883 5372 καὶ
2916 5325 2982 5393 τῇ
3027 5325 3120 5376 τοῦ
3157 5326 3330 5394 μύρου
3361 5327 3552 5400 ἀρὸεὲᾳ
3583 5331 3699 5384 ἀπὸ

2112 5403 2356 5473 σκληρᾶς
2385 5408 2466 5468 είς
2503 5410 2719 5479 ἁπαλὴν
2753 5417 3246 5486 μετενηνεγμένην,
3286 5421 3377 5472 καὶ
3401 5419 3479 5484 ἐξ
3509 5421 3694 5492 ὀσμῆς

2108 5497 2261 5549 οὐδὲν
2312 5499 2542 5568 ἐχούσης
2594 5504 2780 5572 χάριεν
2836 5508 2917 5570 εἰς
2965 5509 3336 5581 εὐωδεστέραν
3385 5515 3693 5571 ιλθοῦσανι

2110 5591 2313 5659 σπόρον
2342 5591 2397 5644 δὲ
2430 5596 2528 5656 τὰς
2563 5597 2784 5660 ἐντολὰς
2833 5599 3141 5672 δεξαμένην
3163 5620 3176 5633 ο
3214 5609 3305 5658 καί⁵
3338 5609 3402 5678 τῇ
3459 5608 3552 5661 τοῦ
3589 5629 3693 5663 πο-

2105 5683 2296 5752 τηρίου
2340 5685 2590 5755 δυνάμει,
2632 5690 2727 5742 καὶ
2768 5691 2866 5757 τῆς
2917 5695 3218 5762 τραπέζης,
3251 5700 3561 5768 τρέφουσαν
3591 5707 3693 5755 καὶ

2104 5771 2376 5838 αύξουσαν
2417 5778 2478 5829 τὸ
2519 5781 2882 5849 καταϐληθὲν,
2918 5785 3007 5836 καὶ
3061 5789 3397 5854 τελειοῦσκν,
3431 5795 3525 5845 καὶ
3566 5795 3688 5846 διει-

2107 5866 2410 5927 σώζουσαν.
2448 5869 2672 5933 Ζιζάνια
2717 5875 2773 5926 δὲ
2805 5875 2914 5928 τῶν
2959 5878 3173 5947 ἐχθρῶν
3217 5883 3315 5945 τὰς
3349 5883 3658 5949 ὑπερδολὶς
