3850 6200
380 234 486 297 339

1551 248 1954 316 MANUEIJS
1990 257 2436 325 PAL/EOLOGI

3524 277 3637 345 340

380 349 601 405 nomine
651 361 852 422 potest,
908 354 1119 424 primus
1167 355 1337 411 animi
1393 368 1619 427 motus;
1676 364 1719 417 si
1752 366 1947 434 placet,

2057 373 2159 443 χῆς
2179 391 2193 404 ·
2227 377 2276 428 εί
2316 377 2373 429 δὲ
2403 377 2606 448 βούλει,
2639 380 2733 434 καὶ
2764 383 2795 452 ἢ
2824 372 3058 454 θύραθεν
3094 385 3426 458 ἐγγινομένη
3461 394 3639 464 ταύτῃ

379 443 545 498 etiam
582 449 823 499 extraria
859 450 1110 518 qumdam
1141 451 1263 521 ejus
1295 453 1555 524 impulsio
1585 474 1600 511 :
1641 460 1839 526 quibus
1870 470 1950 514 at-

382 536 712 590 tendendum
742 546 828 592 est
858 550 1020 603 recte,
1044 557 1143 596 uec
1169 553 1371 599 temere
1394 548 1522 615 quid
1552 549 1947 616 inchoandum,

380 629 425 683 si
462 631 638 687 bonus
671 636 794 700 quis
821 652 943 691 esse
974 640 1125 694 velit.
1155 642 1379 708 Agcnda
1408 653 1537 697 sunt
1578 648 1725 699 enim
1762 649 1945 700 omnia

379 722 621 808 adhibita
648 727 1115 796 consideratione,
1136 733 1357 799 judicio.
1382 736 1633 800 consilio,
1665 740 1951 791 conscien-

382 819 476 879 tia,
507 827 559 869 et
580 819 794 888 ubique.
824 824 1115 893 praveipum
1143 835 1327 894 partes
1361 826 1592 882 honesto
1623 830 1945 885 tribueadm.

378 906 559 962 Tarde
580 913 798 981 quidem
825 918 1228 983 procedendum
1257 921 1307 972 in
1336 920 1686 974 (Icccrncndo
1711 938 1725 983 ;
1757 939 1945 977 verum

377 1003 469 1054 ubi
518 1015 664 1056 recte
702 1007 1073 1072 consulueris,
1111 1010 1382 1065 ambobus
1421 1015 1756 1065 currendum
1794 1015 1948 1082 pedi-

376 1092 500 1151 bus.
534 1093 725 1149 Itidem
756 1115 862 1151 non
890 1101 1096 1169 agenda
1129 1102 1377 1164 confuse,
1410 1120 1527 1173 quze
1557 1104 1697 1158 forte
1726 1121 1784 1159 se
1820 1094 1975 1159 oll‘e?

326 1188 333 1205 ί
377 1196 547 1252 runt;
581 1189 675 1243 sed
717 1207 931 1260 semper
960 1194 1155 1261 prima,
1191 1197 1450 1255 primum.
1486 1195 1619 1250 Nam
1651 1213 1841 1264 magna
1868 1199 1949 1251 vis

377 1280 594 1333 ordinis
634 1292 738 1342 est.
792 1293 957 1353 atque
1008 1288 1085 1338 uti
1119 1288 1242 1355 quis
1274 1302 1302 1339 a
1348 1289 1707 1342 dilationibus
1737 1290 1946 1343 abhor-

378 1380 498 1424 reat
535 1388 549 1424 :
584 1388 708 1426 eum
749 1376 935 1428 multis
968 1371 1176 1429 diversa
1212 1377 1613 1441 factitantibus,
1648 1380 1946 1449 cacleroqui

377 1464 869 1531 prastantissimis,
900 1481 978 1519 ea:
1011 1482 1095 1520 res
1127 1469 1297 1520 exitio
1331 1468 1555 1521 fuerint.

1072 1576 1261 1637 XXXI.

2055 464 2332 536 προσϐολή
2355 483 2369 498 ο
2407 464 2497 531 αἷς
2546 471 2840 540 προσέχειν
2867 475 2972 546 χρὴ
3014 476 3219 540 καλῶς,
3252 480 3344 531 καὶ
3378 482 3453 549 μὴ
3497 500 3639 550 προ-

2053 556 2233 619 πετῶς
2285 559 2576 629 ἐγχειρεῖν,
2633 564 2682 615 εἰ
2740 564 2926 633 μέλλει
2980 585 3063 629 τις
3112 569 3321 637 ἀγαθὸς
3379 570 3637 624 ἔσεσθαι*

2056 646 2245 699 Πάντα
2280 650 2390 718 γὰρ
2427 653 2604 705 ποιεῖν
2645 656 2916 724 προσήκει
2948 657 3160 728 σκέψει,
3189 661 3284 713 καὶ
3312 662 3513 731 κρίσει,
3541 664 3643 716 καὶ

2052 743 2297 805 γνώσει,
2372 743 2469 795 καὶ
2531 745 2880 812 συνειδήσει,
2940 750 3036 802 καὶ
3087 750 3291 804 διδόναι
3356 753 3642 823 πανταχοῦ

2051 834 2276 899 κρατεῖν
2323 833 2384 885 τὸ
2441 835 2630 891 καλόν.
2674 839 2784 890 Καὶ
2848 840 2986 909 πρὸς
3042 846 3141 910 μὲν
3191 844 3289 906 τὰς
3332 844 3644 911 ἀποφάσεις

2053 921 2217 993 σχολῇ
2255 922 2529 993 βαδίζειν·
2564 927 2992 1001 βεϐουλευμένον
3029 934 3315 997 δέκαλῶς,
3344 936 3468 988 δυσὶ⁵
3507 937 3643 987 ποσὶ

2050 1011 2268 1080 τρέχειν
2289 1029 2303 1043 ο
2338 1016 2604 1084 πράττειν
2631 1036 2691 1071 τε
2726 1020 2799 1091 μὴ
2828 1022 3063 1094 φύρδην,
3097 1023 3133 1078 ἃ
3167 1024 3322 1094 τύχοι
3350 1042 3366 1058 ⁸
3404 1025 3522 1078 ἀλλ’
3551 1027 3645 1079 ἀεὶ

2050 1103 2118 1156 τὰ
2146 1104 2340 1174 πρῶτα
2373 1106 2627 1177 πρώτως.
2662 1113 2824 1179 Μέγα
2863 1115 2970 1181 γὰρ
3007 1110 3185 1184 ἰσχύει
3233 1116 3411 1182 τάξις,
3442 1118 3540 1168 καὶ
3568 1115 3642 1168 τὸ
3672 1158 3675 1159 ν

2055 1196 2129 1264 μὴ
2180 1196 2391 1268 χαίρειν
2447 1201 2755 1266 ἀναϐολαῖς,
2811 1205 2906 1256 καὶ
2959 1205 3193 1267 πολλούς
3248 1222 3312 1274 γε
3371 1207 3641 1261 τάναντία.

2052 1289 2293 1354 καθεῖλε,
2329 1291 2494 1345 τᾶλλα
2532 1292 2852 1361 βελτίστους
2880 1296 3255 1369 ὑπάρχοντας.

2781 1576 2903 1641 AA'.

447 1690 702 1745 Numinis
733 1709 864 1747 sane
896 1694 1065 1746 divini
1097 1694 1283 1759 fuerit,
1315 1706 1368 1749 ct
1412 1698 1608 1763 quibus
1647 1697 1735 1751 illa
1776 1698 1943 1752 facul-

2125 1691 2198 1742 Τὸ
2251 1691 2349 1760 μὲν
2397 1693 2486 1745 ἀεὶ
2519 1695 2586 1746 τὰ
2635 1695 2830 1766 βελτίω
2872 1697 2978 1748 τῶν
3010 1695 3271 1767 χειρόνων
3306 1698 3640 1767 ἐκλέγεσθαι

375 1795 461 1839 :as
486 1786 554 1839 ab
585 1787 775 1839 eodem
808 1787 972 1839 fuerit
999 1803 1284 1849 concessa,
1312 1803 1419 1856 prrc
1445 1788 1809 1845 deterioribus
1834 1806 1945 1844 me—

375 1877 515 1929 liora
570 1891 787 1944 semper
830 1878 1054 1944 eligere.
1102 1878 1470 1933 Nihilominus
1513 1880 1849 1944 conandum,
1888 1888 1947 1935 ut

376 1967 633 2021 omnibus
689 1967 867 2021 modis
917 1980 1221 2037 agnoscas,
1258 1984 1375 2039 quae
1422 1972 1628 2040 optima
1653 1973 1946 2026 videantur

377 2073 503 2113 esse
529 2075 544 2123 ;
576 2070 740 2127 atque
768 2060 951 2128 agnita
990 2059 1180 2125 facias,
1214 2062 1518 2129 etquidem
1547 2063 1750 2117 talibus
1780 2063 1945 2116 minia

375 2165 465 2202 me
501 2150 718 2203 saliet-is
744 2168 757 2215 ;
784 2167 907 2203 nam
943 2160 1000 2204 ut
1038 2152 1272 2219 primum
1308 2153 1439 2205 illud
1476 2162 1558 2208 est
1589 2153 1706 2217 Dei,
1751 2154 1832 2209 sic
1866 2156 1947 2207 al-

377 2251 553 2296 terum
587 2243 637 2295 iu
666 2243 943 2297 hominem
984 2245 1152 2298 cadit.
1196 2243 1433 2297 Necesse
1469 2253 1556 2299 est
1590 2246 1734 2299 cnim
1771 2247 1944 2314 magis

377 2351 475 2389 eos
505 2335 627 2388 aliis
662 2349 941 2405 compotes
969 2336 1182 2389 virtutis
1214 2336 1372 2400 eflici,
1404 2337 1484 2390 vel
1514 2337 1578 2390 ad
1604 2353 1722 2390 eam
1753 2338 1943 2391 saltem

375 2428 608 2497 propius
641 2429 921 2491 accedere,
950 2430 1042 2497 qui
1079 2429 1255 2483 oculis
1292 2430 1344 2482 in
1378 2430 1451 2491 id,
1479 2429 1620 2497 quod
1656 2430 1942 2484 ltonestun

376 2529 479 2579 cst,
508 2522 753 2583 directis,
796 2521 1406 2589 praestantissimorum,
1439 2537 1548 2574 non
1580 2521 1942 2589 plurimorum

376 2615 626 2668 aetiones
652 2622 813 2683 atque
836 2615 1061 2668 consilia
1085 2629 1301 2682 semper
1324 2613 1627 2676 intuentur,
1657 2623 1706 2667 et
1732 2628 1948 2666 eorum-

377 2706 500 2759 dem
533 2708 739 2759 exitum
786 2706 1081 2759 observant
1113 2722 1127 2759 :
1163 2720 1227 2758 ac
1264 2706 1329 2759 iis
1382 2707 1623 2772 Quidcm,
1655 2721 1775 2773 quae
1820 2720 1945 2759 esse

378 2796 520 2849 bona
545 2797 853 2849 docuerunt
875 2804 1105 2850 eventus
1129 2796 1251 2865 ipsi,
1272 2797 1427 2866 quasi
1454 2797 1655 2862 regulis
1677 2807 1943 2849 utuntur:

377 2888 651 2941 contraria
699 2889 1083 2957 magistrorum
1116 2888 1240 2942 loco
1269 2888 1373 2942 sibi
1399 2889 1760 2954 constituunt,
1796 2904 1864 2942 ne
1892 2888 1972 2959 in.

376 2975 518 3027 mala
546 2975 856 3029 consimilia
885 2986 1066 3030 ruant.

1051 3087 1267 3144 XXXII.

451 3175 755 3231 Admodum
792 3179 1031 3245 jucunda
1065 3196 1152 3234 res
1199 3190 1283 3234 est
1314 3180 1541 3245 erudiri,
1575 3197 1683 3235 non
1729 3186 1945 3251 lapsum

379 3268 662 3332 patiendo,
690 3271 784 3322 sed
826 3269 1076 3323 acerbius
1109 3271 1313 3340 aliquid
1339 3272 1656 3335 devitando,
1695 3288 1816 3325 cum
1840 3275 1949 3328 fac-

381 3368 471 3411 tus
494 3360 724 3415 alterius
746 3376 935 3414 errore
959 3362 1183 3429 peritior
1206 3362 1395 3418 fueris.
1423 3364 1594 3432 Major
1614 3379 1792 3418 autem
1823 3381 1949 3433 pars

381 3451 690 3511 hominum,
724 3452 802 3504 uti
838 3453 1057 3519 quidem
1090 3464 1333 3522 apparet.
1369 3456 1508 3508 hanc
1539 3472 1649 3510 rem
1703 3459 1944 3523 negligit,

381 3551 437 3594 et
465 3543 805 3598 calamitates
831 3545 1080 3612 proprias
1105 3554 1497 3615 exspectat,.ut
1524 3564 1617 3614 per
1639 3564 1700 3602 ea
1732 3552 1949 3602 erudia-

381 3642 474 3685 tur
511 3652 523 3686 :
558 3649 717 3703 quam
751 3634 1147 3689 institutionem
1174 3639 1435 3691 mercede
1464 3638 1647 3691 damni
1680 3655 1821 3707 saepe
1852 3656 1948 3708 pa-

362 3736 504 3776 -rum
538 3712 857 3791 reparabilis
906 3725 1245 3795 compensat.
1285 3727 1449 3780 Iidem
1496 3742 1831 3781 consuevere
1864 3729 1946 3781 di-

383 3830 529 3877 cere,
571 3818 868 3882 medicum,
920 3820 1012 3886 qui
1050 3835 1243 3873 nomen
1299 3821 1402 3874 hoc
1437 3830 1765 3874 consecutus
1814 3821 1883 3875 sit
1920 3838 1949 3875 e

381 3909 633 3969 scientia,
669 3924 776 3963 non
818 3910 896 3963 illi
929 3925 1113 3979 parem
1145 3925 1286 3973 esse,
1316 3910 1408 3979 qui
1439 3909 1618 3964 varios
1643 3912 1698 3963 in
1730 3912 1949 3965 morbos

381 4000 657 4054 inciderit.
690 3999 770 4069 Tu
800 4016 929 4054 vero
965 4003 1125 4056 modo
1163 4001 1302 4055 velis
1358 4002 1522 4055 etiam
1551 4015 1657 4054 non
1693 4001 1949 4069 patiendo

380 4085 586 4163 poteris
607 4096 838 4149 evadere
867 4094 1114 4165 peritior,
1146 4093 1189 4147 si
1215 4093 1559 4148 calamitates
1587 4092 1820 4146 aliorum
1849 4108 1947 4161 pro

372 4180 491 4243 tuis
520 4189 763 4255 dureris,
807 4203 1106 4253 earumque
1154 4201 1349 4241 causas
1382 4184 1684 4248 vitaveris;
1730 4193 1785 4236 et
1823 4184 1950 4253 qui-

381 4283 504 4335 dem
538 4282 640 4336 hor.
674 4292 783 4334 tam
820 4291 1078 4335 accurate
1119 4279 1503 4347 consequeris.
1534 4291 1600 4331 ac
1633 4277 1679 4331 si
1711 4278 1947 4345 teipsum

382 4374 437 4427 in
469 4389 557 4427 res
590 4372 851 4428 adversas
879 4373 1138 4425 incidisse
1166 4371 1522 4438 contingeret.

1048 4485 1288 4540 XXXIII.

454 4579 704 4635 Tendere
738 4578 1089 4647 cupiditatem
1120 4579 1429 4640 hominum,
1462 4593 1493 4632 e
1530 4579 1753 4647 pulvere
1787 4577 1955 4647 spiri—

387 4684 557 4744 tuque
611 4673 1007 4732 constantium,
1051 4672 1215 4725 modo
1255 4670 1475 4739 quidem
1508 4686 1754 4729 sursum.
1791 4671 1954 4723 modo

385 4784 517 4820 vero
549 4767 829 4829 deorsum,
876 4766 1013 4820 nihil
1056 4780 1188 4819 sane
1218 4764 1343 4818 novi
1373 4765 1554 4817 fuerit.
1589 4764 1698 4819 Sed
1730 4772 1951 4833 oportet

384 4864 565 4914 virum
598 4859 1115 4923 praestantissimum
1148 4872 1259 4911 non
1291 4858 1553 4911 continuo
1584 4856 1950 4924 voluptatum,

386 4953 617 5019 irarum,
638 4962 906 5005 terrorum
928 4949 1384 5019 impressionibus
1399 4949 1813 5018 expugnabilem
1834 4961 1956 5002 sese

386 5046 654 5111 praebere,
700 5042 843 5112 quod
877 5042 1211 5096 effeminatis
1260 5041 1507 5096 accidere.
1539 5042 1809 5102 videmus,
1856 5038 1952 5107 qui

385 5149 443 5187 se
467 5117 546 5187 vel
571 5133 703 5203 ipsis
728 5134 967 5186 hostium
1000 5133 1431 5201 praecursoribus
1456 5132 1665 5185 dedunt
1689 5147 1702 5182 :
1731 5131 1822 5183 sed
1852 5131 1955 5182 im-

386 5234 595 5279 motum
618 5240 840 5279 manere
871 5240 935 5279 ac
962 5240 1084 5279 esse
1114 5224 1614 5287 stabilem,exitum
1650 5224 1728 5276 rei
1761 5224 1951 5276 cuius-

384 5332 494 5388 que
537 5321 967 5387 perquirenlem.
1021 5315 1159 5370 Nam
1206 5316 1496 5370 confestim
1545 5316 1952 5382 emergentihus

386 5425 569 5463 rerum
606 5409 891 5478 principiis
922 5424 1229 5468 accurrere.
1256 5425 1377 5477 quae
1414 5407 1674 5461 suavibus
1710 5407 1952 5459 extordiis

385 5496 618 5554 blandiri
645 5514 998 5563 consuevere,
1030 5514 1154 5554 cum
1177 5498 1376 5553 occulti
1410 5499 1522 5551 sint
1552 5508 1743 5551 eorum
1788 5497 1948 5558 fines,

384 5592 476 5651 vix
510 5592 830 5646 hominibus
856 5592 1066 5647 insanis
1098 5586 1498 5659 competiverit.
1532 5590 1716 5658 Itaque
1738 5591 1803 5641 da
1829 5602 1957 5657 ope-

390 5696 531 5749 ram,
566 5693 627 5738 ut
654 5685 842 5739 firmus
873 5687 953 5739 sis
982 5693 1144 5754 atque
1172 5684 1405 5744 stabilis.
1441 5697 1651 5753 resque,
1682 5678 1840 5734 lim-nt
1873 5681 1955 5732 iu-

2048 1780 2186 1835 Θεοῦ
2248 1783 2327 1841 ἂν,
2373 1784 2481 1854 εἴη,
2517 1786 2611 1837 καὶ
2663 1780 2745 1847 οἷς
2809 1785 2875 1838 ἂν
2924 1787 3185 1857 μεταδοίη
3240 1791 3476 1858 ταυτησί
3532 1793 3640 1860 τῆς

2046 1875 2368 1944 δυνάμεωςο
2414 1878 2710 1946 πειρᾶσθαι
2774 1877 2958 1945 μέντοι
3011 1880 3282 1949 προσήκει
3340 1880 3641 1947 γινώσκειν

2048 1965 2220 2019 ἅπασι
2247 1966 2492 2035 τρόποις,
2527 1967 2666 2022 ἆττα
2716 1968 2969 2039 βέλτιστα
3015 1969 3235 2023 πάντων
3266 1967 3409 2023 εἶναι
3458 1972 3637 2034 δοκεῖ,

2048 2059 2143 2111 καὶ
2166 2059 2507 2128 γινώσκοντα
2537 2062 2731 2122 ποιεῖν,
2760 2062 2855 2114 καὶ
2886 2061 3114 2114 τοιαῦτα
3147 2062 3223 2131 μὴ
3251 2062 3637 2130 κορέννυσθαι.

2062 2149 2149 2210 Ὦς
2179 2153 2288 2219 γὰρ
2322 2151 2382 2204 τὸ
2414 2153 2635 2219 πρῶτον
2666 2152 2827 2217 Θεοῦ,
2871 2152 3015 2207 οὕτω
3054 2154 3114 2205 τὸ
3134 2152 3392 2222 δεύτερον
3421 2154 3636 2223 ἀνδρὸς.

2059 2240 2299 2312 Ἀνάγκη
2330 2242 2441 2312 γὰρ
2474 2243 2677 2314 μᾶλλον
2718 2245 2825 2296 τῶν
2858 2244 3036 2298 ἄλλων
3066 2244 3350 2312 ἐπιτυχεῖς
3390 2245 3639 2308 ἐκείνους

2048 2336 2304 2402 γενέσθαι
2358 2337 2457 2405 τῆς
2509 2336 2735 2405 ἀρετῆς,
2775 2336 2806 2406 ἢ
2854 2336 2987 2404 γοῦν
3037 2338 3112 2406 μὴ
3172 2337 3362 2408 πόρρω
3416 2337 3638 2400 βάλλειν

2049 2427 2242 2494 αὐτῆς,
2277 2426 2391 2479 ὅσοι
2425 2427 2489 2495 δὴ
2526 2427 2666 2493 πρὸς
2702 2426 2764 2479 τὸ
2804 2428 2968 2480 καλὸν
3010 2428 3352 2498 ἀφορῶντες,
3378 2428 3478 2490 τὰς
3517 2428 3635 2479 τῶν

2048 2516 2303 2586 ἀρίστων,
2341 2518 2460 2586 οὐχὶ
2488 2518 2596 2569 τῶν
2621 2517 2890 2571 πλείστων
2918 2517 3149 2588 πράξεις
3183 2534 3243 2570 τε
3274 2520 3371 2571 καὶ
3403 2517 3635 2587 γνώμας

2048 2609 2133 2660 ἀεὶ
2170 2607 2490 2668 σκοποῦσιν.
2527 2605 2625 2660 εἴτ’
2657 2608 2984 2677 ἐπιτηροῦσι
3009 2607 3078 2660 τὰ
3104 2608 3311 2663 τούτων
3338 2609 3468 2677 τέλη
3493 2625 3505 2637 ·
3535 2610 3638 2662 καὶ

2048 2702 2163 2761 ταῖς
2218 2699 2316 2768 μὲν
2366 2700 2563 2762 καλαῖς
2619 2700 2685 2752 ἐκ
2736 2700 2844 2753 τῶν
2905 2700 3194 2753 ἐκϐάσεων
3251 2698 3636 2767 δεδειγμέναις

2049 2790 2236 2862 ῶσπερ
2276 2792 2465 2845 κανόσι
2512 2793 2793 2861 χρῶνται·
2833 2793 2931 2855 τὰς
2982 2792 3030 2846 δ’
3077 2792 3333 2855 ἐναντίας
3368 2791 3637 2859 φανείσας

2052 2883 2201 2950 σφῶν
2239 2882 2419 2935 αὐτῶν
2469 2883 2828 2945 διδασκάλους
2872 2883 3140 2949 ποιοῦσιν,
3173 2883 3314 2935 ὥστε
3358 2883 3435 2952 μὴ
3475 2898 3640 2950 περι-

2052 2976 2240 3027 πεσεῖν
2276 2978 2389 3036 τοῖς
2420 2975 2632 3043 ὁμοίοις
2662 2974 2913 3037 κακοῖς.⁶

2781 3088 2904 3146 AB'.

2131 3179 2260 3233 Ἦδύ
2319 3199 2370 3233 τι
2421 3180 2478 3233 τὸ
2541 3181 2734 3249 μαθεῖν
2793 3182 2963 3242 ἐστιν.
3007 3182 3107 3235 οὐκ
3174 3184 3241 3235 ἐκ
3282 3180 3379 3234 τοῦ
3437 3181 3642 3235 παθεῖν

2051 3269 2376 3332 πταίσαντα,
2422 3268 2539 3322 ἀλλ’
2596 3273 2658 3322 ἐκ
2704 3269 2799 3322 τοῦ
2848 3270 3277 3336 διαπεφευγέναι
3323 3270 3386 3322 τὸ
3434 3272 3640 3338 δυσχε-

2054 3360 2335 3428 ρέστερον,
2372 3363 2435 3429 τῇ
2487 3361 2598 3411 τῶν
2652 3361 2828 3413 ἄλλων
2860 3360 3163 3430 διαμαρτίᾳ
3208 3363 3501 3430 γενόμενον
3529 3362 3643 3429 ἐμ-

2052 3453 2387 3520 πειρότερον.
2421 3454 2482 3505 Οἱ
2538 3452 2757 3515 πλείους
2811 3452 2888 3513 δὲ,
2941 3452 3016 3515 ὡς
3061 3452 3259 3517 ἔοικεν,
3292 3451 3640 3521 ὀλιγωροῦσι

2050 3543 2201 3596 τοῦδε
2246 3541 2342 3594 τοῦ
2397 3544 2748 3609 πράγματος,
2796 3542 2891 3594 καὶ
2942 3543 3039 3606 τὰς
3080 3543 3290 3604 οἰκείας
3343 3542 3641 3612 συμφορὰς

2052 3626 2430 3702 ἀναμένουσιν,
2491 3633 2632 3686 ὥστε
2676 3634 2805 3701 παρ’
2864 3635 3088 3687 ἐκείνων
3156 3634 3372 3705 μαθεῖν,
3436 3634 3641 3703 μισθὸν

2052 3726 2387 3791 παρέχοντες
2419 3724 2651 3791 ταυτησὶ
2690 3723 2789 3790 τῆς
2830 3723 3124 3792 μαθήσεως
3158 3722 3391 3792 ζημίαν,
3428 3724 3641 3778 πολλά-

2051 3835 2140 3878 κις
2171 3815 2277 3868 οὐδ’
2308 3814 2692 3884 εὐανάκλητον.
2724 3814 2905 3875 Μῦθος
2937 3814 2991 3867 δέ
3032 3815 3119 3878 τίς
3149 3819 3301 3868 ἐστιν
3335 3816 3541 3882 αὐτοῖς,
3568 3816 3638 3868 οὐ

2051 3909 2302 3962 τοσοῦτον
2335 3907 2518 3976 lat:pr
2549 3901 2692 3958 εἶναι
2735 3906 2827 3958 τὸν
2864 3909 3146 3981 ἐπιστήμῃ
3180 3907 3328 3960 τοῦτ’
3368 3908 3518 3968 ὄντα,
3552 3909 3637 3971 ὡς

2051 4003 2143 4053 τὸν
2178 3999 2636 4070 περιπεπτωκότα
2668 3998 2938 4060 ποικίλοις
2988 3998 3208 4052 πάθεσι.
3237 4000 3310 4053 Σὺ
3340 3999 3386 4053 δ’
3427 4000 3493 4053 ἂν
3524 4001 3638 4067 μά-

2054 4093 2188 4154 θοις.
2219 4091 2501 4159 εἰβούλει,
2536 4093 2628 4143 καὶ
2658 4090 2733 4163 μὴ
2763 4090 2976 4154 παθὼν,
3013 4091 3110 4152 τὰς
3141 4090 3251 4142 τῶν
3281 4091 3458 4143 ἄλλων
3486 4108 3638 4158 συμ-

2052 4186 2222 4254 φορὰς
2261 4183 2657 4252 οἰκειούμενος.
2697 4184 2791 4236 καὶ
2831 4183 2900 4234 τὰ
2945 4183 3151 4237 τούτων
3185 4183 3338 4236 αἴτια
3369 4184 3642 4251 φυλαττὸ-

2057 4293 2236 4343 μενος,
2265 4272 2407 4325 οὕτω
2442 4274 2791 4324 παντάπασιν
2826 4273 3093 4342 ἀκριϐῶς,
3118 4272 3309 4343 ὥσπερ
3345 4272 3412 4325 ἂν
3448 4273 3503 4325 εί
3549 4289 3639 4325 σοι

1984 4380 2028 4433 ι)
2058 4364 2254 4431 συνέϐη
2289 4363 2770 4431 περιπεπτωκέναι
2812 4364 2924 4424 τοῖς
2962 4362 3240 4431 χαλεποῖς.

2780 4477 2906 4531 AF'.

2092 4636 2101 4637 ί
2140 4572 2358 4626 Ῥέπειν
2404 4573 2504 4644 τὴν
2559 4570 2859 4638 ἐπιθυμίαν
2900 4566 3234 4638 ἀνθρώπων,
3266 4569 3330 4621 ἐκ
3367 4568 3492 4637 χοὸς
3540 4569 3644 4622 καὶ

2058 4668 2366 4734 πνεύματος
2399 4663 2914 4736 ύπιρχόντιιιν,τοτέ
2942 4662 3039 4733 μὲν
3064 4662 3196 4726 ἀνω,
3215 4659 3338 4713 τοτὲ
3366 4660 3421 4712 δέ
3453 4660 3636 4725 κάτω,

2054 4759 2207 4813 οὐδὲν
2245 4760 2310 4812 ἂν
2365 4759 2451 4828 εἴη
2510 4759 2684 4827 δήπου
2740 4756 2951 4809 καινόν.
3000 4755 3094 4805 Δεῖ
3148 4753 3215 4805 δέ.
3265 4753 3357 4806 τὸν
3408 4753 3641 4823 ἄριστον

2054 4851 2224 4921 ἄνδρα
2256 4849 2330 4921 μὴ
2357 4851 2477 4911 ταῖς
2503 4848 2714 4917 ἐφόδοις
2746 4847 2857 4900 τῶν
2888 4846 3114 4914 ἡδονῶν,
3148 4845 3245 4897 καὶ
3274 4847 3385 4897 τῶν
3415 4844 3634 4912 θυμῶν,

2053 4945 2147 4994 καὶ
2176 4939 2283 4994 τῶν
2310 4938 2491 5008 φόϐων
2520 4937 2683 5000 εὐθὺς
2712 4934 2984 4988 εὐάλωτον
3022 4929 3187 4995 εἶναι,
3222 4933 3250 4986 ὃ
3288 4934 3414 4995 τοὺς
3442 4950 3641 4999 γυναι-

2054 5034 2247 5087 κώδεις
2271 5030 2492 5100 δρῶμεν
2521 5030 2853 5096 πάσχοντας,
2877 5024 3232 5095 προδιδόντας
3266 5023 3406 5090 σφᾶς
3433 5023 3639 5086 αὐτοὺς

2053 5126 2165 5185 τοῖς
2206 5119 2586 5192 προδραμοῦσι
2618 5118 2726 5171 τῶν
2753 5116 3063 5184 πολεμίων
3101 5114 3239 5167 ἀλλὰ
3289 5114 3479 5182 μένειν
3512 5112 3645 5165 τοῦο

2052 5233 2145 5270 τον
2177 5215 2439 5285 ἀτρέμας,
2478 5213 2677 5279 πάγιον
2725 5208 2865 5263 εἶναι
2917 5207 3184 5277 ζητοῦντα
3238 5206 3297 5259 τὸ
3325 5205 3475 5266 τέλος
3507 5205 3643 5258 sxa-

2056 5326 2181 5360 στου
2233 5306 2579 5376 πράγματος.
2611 5303 2684 5355 Τὸ
2727 5302 2836 5371 γὰρ
2873 5301 3075 5355 αὐτίκα
3118 5298 3405 5368 φανείσαις
3434 5297 3636 5364 ἀρχαῖς

2055 5402 2400 5471 πραγμάτων
2437 5399 2826 5469 προστρέχειν,
2867 5395 3296 5455 ύποσαινούσαις
3326 5389 3638 5460 προοιμίοις

2055 5499 2307 5565 χαρίεσι,
2340 5494 2451 5545 τῶν
2496 5492 2668 5543 τελῶν
2704 5491 2895 5551 αὑταῖς
2935 5488 3351 5559 κρυπτομένων,
3390 5485 3543 5552 μόλις
3569 5481 3641 5533 ἂν

2057 5586 2321 5652 ἁρμόσειε
2395 5581 2804 5651 τετυφωμένως
2880 5576 3215 5649 ἀνθρώποις.
3286 5577 3454 5642 Ζῆτει
3539 5568 3638 5623 οὖν

2058 5676 2272 5746 έδραῖ-ς
2317 5669 2480 5737 εἶναι»
2523 5673 2615 5726 καὶ
2661 5672 2881 5727 σκοπῶν
2931 5671 2993 5726 τὸ
3029 5670 3221 5741 πέρας,
3248 5666 3455 5739 πρᾶττε
3483 5680 3497 5693 ·
3530 5668 3633 5717 aut
