4024 6210
267 268 367 337 345

1226 230 1640 314 lineatam
1675 240 2204 308 EDUCATIONIS
2236 237 2514 299 REGLE.

3393 220 3500 286 ιιι

265 390 397 451 ξςων
428 379 650 451 ἔχεσθαι
691 372 1024 445 παραινοῦν
1053 368 1149 424 καὶ⁵
1170 370 1238 439 τῇ
1267 368 1366 437 μὲν
1403 364 1510 420 τῶν
1540 364 1604 417 οὐ
1653 359 1834 415 καλῶν

1975 357 2174 414 eudum
2208 370 2237 409 a
2262 353 2442 414 malis.
2464 358 2518 406 et
2541 344 2929 419 pulcherrimis
2960 341 3122 399 factis
3146 339 3510 398 insistendum

266 478 440 542 ἀποχῇ
473 468 740 540 μηδαμῶς
771 465 948 535 αἴρειν
993 462 1159 517 αὐτὸν
1191 460 1267 530 (τί
1297 460 1409 528 γὰρ
1456 454 1629 524 ἀργίᾳ
1661 453 1839 506 κοινὸν

266 570 357 622 καὶ
390 542 744 635 φρονήματος
766 559 989 627 ἀφορμῇ
1006 548 1071 621 ςἻ,
1095 556 1158 623 τῇ
1192 553 1249 605 δὲ
1284 551 1483 620 μετοχῇ
1516 546 1627 628 τῶν
1665 544 1842 614 βελτί-

270 678 406 712 στων
461 658 719 710 ἄπαυστα
766 651 1010 721 χαίρεινσ
1054 647 1146 699 καὶ
1180 643 1354 711 τούτῳ
1389 639 1538 708 αὐτῷ
1588 637 1841 706 βέλτιστα

267 750 558 819 γινώσκειν
596 748 664 798 τὰ
716 741 1075 813 μετεχόμενα.
1109 737 1187 805 τῷ
1221 735 1424 805 μηδένα
1462 732 1624 801 κόρον
1659 727 1841 783 αὐτῶν

269 842 590 911 λαμῖήνειν.
642 838 763 891 Τῶν
792 836 901 905 γὰρ
936 830 1153 899 ἀληθῶς
1187 825 1405 896 ἅγαθῶν
1436 825 1538 878 οὐκ
1566 822 1645 875 ἔνι
1680 820 1841 890 κόρον

269 934 395 986 ποτὶ
424 930 627 985 λαϐεῖν.

1010 1100 1097 1157 Μ’.

350 1206 415 1257 Ἢ
446 1202 607 1271 φύσις
635 1201 826 1268 ὥσπερ
878 1199 1037 1267 ὅρους
1067 1196 1235 1264 ἑαυτῇ
1271 1193 1365 1247 καὶ
1392 1194 1504 1254 τοῖς
1552 1189 1844 1258 πράγμασι

272 1301 504 1355 τέθεικε.
537 1297 631 1349 καὶ
661 1295 740 1347 δεῖ
777 1292 866 1346 τὸν
915 1292 1109 1360 ἄριστα
1147 1289 1247 1357 ζῇν
1280 1286 1531 1339 ἐθέλοντα
1575 1284 1672 1353 τὴν
1711 1280 1847 1334 τῶν·

274 1391 326 1442 δε
353 1390 562 1456 γνῶσιν
594 1383 913 1455 θηρᾷν,,καὶ
943 1380 1119 1449 φιλεῖν
1162 1378 1367 1443 ταύτην
1390 1378 1491 1445 τὴν
1530 1375 1727 1444 θήραν,
1752 1372 1848 1426 καὶ

276 1486 373 1550 ζῆν
404 1482 611 1534 ἐθέλειν
657 1478 807 1538 ἐντὸς
860 1474 965 1528 τῶν
999 1475 1141 1539 ὅρων
1161 1490 1176 1504 ·
1225 1472 1320 1525 καὶ
1345 1473 1406 1524 τὸ
1435 1469 1610 1529 ἄλλως
1641 1467 1849 1519 διακεῖ-

278 1573 395 1626 σθαι
433 1571 570 1639 μηδὲ
606 1569 797 1636 βιωτὸν
819 1565 1088 1636 ἡγεῖσθαι.
1129 1563 1188 1615 '0
1213 1563 1319 1631 γὰρ
1350 1560 1424 1628 μὴ
1447 1556 1603 1619 εἰδὼς
1644 1555 1703 1608 τὸ
1731 1555 1850 1607 δέον

279 1665 395 1724 πῶς
427 1665 531 1731 μὲν
560 1662 628 1715 ἂν
662 1661 840 1712 ἐκεῖνο
888 1659 1090 1728 φιλήσῃ
1116 1675 1129 1720 ;
1184 1654 1301 1717 πῶς
1332 1652 1375 1705 δ’
1407 1651 1474 1705 ἂν
1501 1650 1577 1719 μὴ
1615 1647 1850 1715 φιλήσας

278 1755 624 1824 imitmur;
656 1753 772 1812 πῶς
817 1747 863 1801 δ’
901 1749 966 1803 ἂν
996 1751 1070 1815 μὴ
1102 1746 1377 1816 πράττων,
1420 1743 1499 1803 είς
1535 1740 1650 1805 ἕξιν
1681 1737 1850 1808 ἔλθῃς

282 1847 396 1907 πῶς
427 1844 472 1898 δ’
503 1844 570 1898 ἂν
608 1841 683 1895 ὣν
721 1840 901 1894 καλῶν
934 1838 1214 1906 ἁδιήμων,
1252 1834 1393 1888 κατὰ
1417 1833 1477 1885 τὸ
1506 1831 1656 1894 ἔπος,
1692 1829 1855 1891 καλὸς

278 1940 485 1999 ἐκεῖνος
516 1933 714 2003 γένοιτ’
741 1932 829 1993 ἂν.
861 1931 893 2000 ἢ
923 1929 1199 1999 νομίζοιτο
1226 1931 1338 1988 τοῖς
1363 1926 1584 1990 καλοῖςς
1615 1922 1770 1985 ἐλπὶς
1798 1920 1856 1974 δὲ

280 2028 354 2091 τίς
380 2024 729 2097 διορθώσεως
757 2022 836 2092 τῷ
864 2021 1000 2091 μηδὲ
1026 2020 1159 2088 γοῦν
1178 2016 1554 2086 αἰσθανομένῳ
1586 2014 1648 2068 τὸ
1681 2012 1861 2081 πλημ-

286 2119 474 2190 μελὲς,
510 2117 645 2187 μηδὲ
681 2113 1092 2185 δυσχεραίνοντι
1117 2110 1196 2182 τῷ
1230 2108 1407 2179 κακῷ,
1441 2107 1576 2178 μηδὲ
1605 2104 1859 2177 ζητοῦντι

282 2208 503 2272 πάντως
529 2207 811 2277 διόρθωσιν
832 2223 849 2272 ;

1014 2469 1150 2526 MA'.

352 2565 542 2637 Συχνὰ
576 2565 730 2618 ποιοῦ
760 2563 858 2634 τὴν
888 2563 1114 2633 ἔρευναν
1145 2561 1254 2616 τῶν
1282 2558 1386 2614 ὑπὸ
1411 2557 1521 2611 σοῦο
1540 2555 1864 2626 πεπραγμέο

283 2673 412 2717 νων,
447 2655 545 2706 καὶ
580 2656 693 2715 τοῖς
730 2655 826 2722 μὲν
864 2653 938 2717 ὼς
974 2652 1174 2722 ἄριστά
1211 2668 1292 2703 σοι
1324 2648 1622 2719 πραχθεῖσι
1670 2644 1863 2698 κανόσι

282 2746 400 2817 χρῶ
427 2747 567 2815 πρὸς
601 2746 693 2799 τὸν
725 2721 850 2814 ἑξῆς
876 2721 1086 2799 ἅπαντα
1124 2743 1340 2814 χρόνον
1370 2743 1439 2794 τὰ
1466 2740 1523 2794 δὲ
1556 2738 1693 2808 πρὸς
1732 2737 1865 2807 βλά-
1894 2721 1898 2726 ’

284 2837 388 2904 σην
422 2853 508 2889 σοι
530 2834 768 2904 λήξαντα
798 2834 1159 2904 φυλάττεσθαι
1190 2833 1446 2903 παραίνει
1480 2829 1684 2896 σαυτῷ.
1710 2828 1866 2882 Οὕτω

283 2947 365 2982 τοι
396 2930 501 2982 καὶ
527 2929 793 2998 ἔμπορος,
814 2930 907 2981 καὶ
933 2930 1043 2990 πᾶς
1073 2927 1210 2998 πρὸς
1238 2926 1421 2994 κέρδος
1443 2922 1862 2992 ἀγωνιζόμενος.

1940 460 2101 518 atque
2119 449 2196 502 uti
2218 439 2843 517 proptcrfabstinentiam
2862 453 2892 493 a
2912 436 3075 493 rebus
3101 449 3209 490 non
3227 432 3388 489 bonis
3410 431 3517 485 mi-

1944 544 2088 596 nime
2117 542 2357 609 seipsum
2386 537 2510 606 quis
2526 534 2723 589 efferat
2750 531 2901 604 (quid
2930 529 3075 584 enim
3107 526 3335 598 ignavia;
3362 538 3516 579 com-

1944 649 2107 688 mune
2131 647 2256 687 cum
2300 629 2469 684 animi
2504 623 2818 690 elatione?)
2845 665 2859 687 ,
2884 622 3001 677 -sed
3036 619 3364 688 optimorum
3415 628 3517 669 usu

1944 740 2003 779 se
2029 728 2345 793 perpetuum
2373 720 2627 781 oblectet,
2659 717 2834 785 deque
2858 715 2963 768 hoc
2986 714 3106 781 ipso
3130 725 3292 780 quam
3315 707 3517 776 optima

1943 830 2064 871 esse
2095 815 2389 881 adgnoscat
2437 827 2525 869 ea.
2563 823 2795 877 quorum
2849 821 2947 859 usu
2984 805 3204 867 fruitur,
3244 803 3288 855 si
3327 813 3517 853 corum

1946 906 2093 960 nulla
2121 906 2297 973 ipsum
2324 903 2502 971 capiat
2537 902 2783 955 satietas.
2816 894 2951 949 Nam
2986 910 3109 965 qua:
3143 906 3336 961 reapse
3379 891 3518 945 bona

1948 1010 2099 1064 sunt,
2128 998 2193 1052 iis
2225 994 2477 1051 exsatiari
2503 1008 2610 1048 non
2640 991 2786 1045 licet.

2683 1078 2799 1134 XL.

2022 1184 2060 1235 Α
2092 1189 2285 1233 natura
2315 1178 2450 1232 certi
2505 1175 2724 1242 quidam
2769 1170 2927 1240 quasi
2980 1168 3181 1223 limites
3236 1175 3348 1217 tum
3396 1161 3528 1229 ipsi-

1951 1281 2068 1326 me.
2087 1279 2315 1333 natura),
2360 1278 2470 1321 tum
2494 1266 2656 1319 rebus
2690 1271 2818 1318 sunt
2846 1259 3155 1322 constituti,
3182 1269 3421 1324 quorum
3452 1248 3526 1314 is,

1949 1365 2041 1434 qui
2073 1364 2277 1432 optime
2317 1361 2508 1414 vivere
2544 1359 2714 1427 cupit,
2754 1357 3014 1424 indagare
3049 1348 3301 1406 notitiam
3338 1345 3527 1406 debet,

1951 1470 2112 1525 atque
2149 1460 2287 1510 hanc
2338 1452 2740 1521 indagationem
2793 1450 3066 1518 diligere;
3092 1444 3233 1499 velle
3294 1442 3532 1510 denique

1952 1550 2094 1604 intra
2126 1548 2324 1602 limites
2375 1545 2522 1614 ipsos
2553 1543 2836 1597 continere
2876 1555 3020 1604 sese,
3071 1552 3170 1591 nec
3205 1534 3363 1588 aliter
3397 1529 3530 1585 alie-

1955 1652 2045 1696 cto
2106 1638 2393 1693 vivendum
2450 1635 2730 1691 arbitrari.
2786 1631 2919 1686 Nam
2986 1629 3079 1699 qui
3137 1629 3331 1686 nescit,
3399 1621 3529 1693 quid

1885 1703 1923 1757 Β
1956 1749 2169 1802 aequum
2202 1739 2521 1797 rei-tumque
2578 1728 2671 1788 sit,
2712 1740 2948 1794 quonam
2985 1724 3039 1777 id
3091 1731 3248 1791 pacto
3302 1715 3535 1787 diliget?

1957 1840 2133 1893 quove
2164 1831 2345 1893 pacto,
2403 1823 2447 1877 si
2478 1836 2584 1874 non
2618 1820 2830 1887 diligat,
2864 1814 3186 1885 praestabit?
3232 1813 3530 1879 quomodo,

1958 1917 2005 1972 si
2042 1931 2149 1969 non
2204 1922 2451 1985 praestet,
2487 1911 2553 1966 ad
2604 1909 2848 1964 habitum
2907 1905 3226 1983 perveniet?
3256 1904 3532 1972 quomodo

1958 2009 2231 2065 bonorum
2285 2007 2534 2077 ignarus,
2571 2013 2632 2059 ut
2695 2002 2748 2056 in
2797 1999 3040 2055 carmine
3103 1998 3305 2052 dicitur
3358 1996 3537 2048 bonus

1958 2100 2172 2164 evadet,
2203 2109 2301 2153 aut
2331 2097 2508 2151 bonus
2540 2111 2571 2151 a
2612 2094 2773 2150 bonis
2804 2090 3209 2149 existimabitur
3233 2089 3259 2142 1
3288 2100 3536 2158 quamam

1960 2209 2086 2263 spes
2114 2190 2515 2248 emendationis
2562 2189 2631 2244 de
2658 2202 2749 2254 eo,
2779 2186 2871 2257 qui
2916 2183 3102 2239 delicti
3162 2196 3329 2237 sensu
3364 2185 3538 2244 caret,

1965 2300 2067 2340 nec
2096 2284 2329 2339 moleste
2381 2281 2489 2337 fert
2519 2280 2747 2345 malum,
2779 2290 2882 2333 nec
2933 2272 3374 2330 emendationem
3430 2269 3543 2325 ullo

1964 2375 2129 2433 modo
2155 2373 2373 2446 quaerit.

2670 2461 2806 2517 XLI.

2035 2561 2114 2616 Ne
2141 2558 2362 2615 desinas
2380 2549 2696 2626 frequenter
2711 2552 3056 2616 examinare,
3072 2563 3195 2621 quae
3212 2549 3309 2603 abs
3328 2555 3381 2602 te
3401 2545 3545 2601 facta

1965 2662 2111 2717 sunt,
2130 2667 2193 2705 ac
2210 2650 2514 2705 rectissime
2532 2648 2754 2718 quidem
2811 2647 3002 2714 gestis,
3026 2643 3192 2699 veluti
3218 2641 3426 2695 normis
3445 2638 3549 2693 uti-

1966 2757 2051 2800 tor
2073 2744 2139 2799 ad
2167 2743 2411 2797 omnium
2436 2741 2701 2810 deinceps
2744 2741 2911 2793 vitam
2946 2757 2961 2791 :
2986 2752 3108 2806 qua
3126 2749 3258 2789 vero
3315 2734 3543 2787 noxium

1968 2837 2130 2891 linem
2152 2834 2488 2895 habuerunt,
2508 2831 2577 2885 ab
2595 2831 2662 2885 iis
2679 2838 2739 2884 ut
2755 2830 3101 2895 caveas.ipse
3120 2826 3216 2879 tibi
3232 2823 3540 2893 praecipito.

1969 2924 2062 2980 Sic
2095 2923 2353 2978 nimirum
2386 2928 2440 2974 et
2462 2925 2735 2974 mercator
2761 2917 3012 2970 factitare
3036 2914 3198 2971 solet.
3229 2923 3284 2968 et
3309 2913 3551 2983 quicun-

282 3020 524 3087 Λογίζου
561 3022 624 3087 δὴ
656 3020 753 3090 τὴν
779 3017 1100 3089 καθημέραν
1131 3016 1336 3087 ζημίαν
1364 3033 1423 3069 τε
1458 3015 1644 3069 καὶτὰ
1675 3013 1864 3083 κέρδη.

1973 3031 2082 3087 que
2109 3015 2269 3069 lucro
2289 3012 2450 3082 potiri
2476 3011 2690 3065 nititur.
2717 3007 2976 3075 Quotidie
3009 3007 3273 3059 damnum
3318 3004 3546 3073 pariter,

280 3117 386 3171 κᾶν
420 3116 680 3183 εὐτυχῇς,
710 3112 999 3181 εὐφραίνου
1021 3127 1035 3142 ο
1065 3111 1201 3181 πρὸς
1223 3110 1252 3163 δ
1276 3110 1321 3162 δ’
1345 3109 1675 3177 ἀντέκρουσε
1705 3105 1870 3176 τύχη,

279 3208 453 3262 τοῦτο
483 3205 562 3259 δὲ’
595 3203 771 3272 πειρῶ
839 3202 1203 3274 διορθοῦσθαι.
1245 3201 1354 3254 Καὶ
1381 3199 1477 3268 τὴν
1516 3198 1616 3267 μὲν
1667 3197 1870 3264 ἀρετὴν

281 3300 484 3370 χρῆμα
519 3296 816 3364 θειότερον.
836 3294 935 3364 τὴν
954 3294 1010 3346 δὲ
1035 3292 1231 3345 κακίαν
1265 3289 1396 3343 αὐτό
1425 3274 1488 3357 γε
1510 3287 1671 3342 τοῦτο
1701 3286 1872 3341 κακὸν

282 3389 425 3459 ἡγοῦ
452 3406 465 3419 ·
499 3386 569 3438 ἶν’
596 3387 653 3437 ιν
682 3386 875 3453 κήποις
903 3382 1000 3451 μὲν
1024 3380 1241 3449 ἐκείνης
1271 3378 1561 3450 χορεύσῃς,
1604 3375 1666 3430 τὸ
1690 3377 1746 3428 δὲ
1772 3375 1873 3445 τῆς

282 3479 490 3547 ὶοιπῆς
525 3475 839 3546 ἀπορρίψῃς
869 3473 1106 3535 δυσῶδες
1129 3489 1143 3502 ·
1186 3474 1281 3524 καὶ
1312 3471 1467 3539 τήνδε
1531 3471 1631 3540 μὲν
1668 3470 1871 3540 φύγῃς,

284 3571 514 3635 ἐκείνην
549 3568 605 3619 δὲ
640 3565 905 3627 συντόνως
938 3563 1157 3634 διώξῃς.
1201 3561 1408 3616 Ἐθέλει
1443 3563 1552 3632 γάρ
1579 3579 1661 3625 τις
1694 3562 1873 3631 μένειν

282 3663 342 3713 ὲν
376 3653 424 3728 ᾧ
457 3658 755 3728 θαυμάζει,
791 3642 883 3710 καὶ
916 3655 1266 3726 μεταϐαίνειν
1299 3654 1359 3718 ἐξ
1380 3653 1438 3707 οὗ
1471 3653 1709 3716 κακίζει.

1022 3828 1158 3888 MB’.

357 3926 539 3982 Ψιλὸν
571 3927 674 3995 τῆς
694 3925 845 3987 θείας
876 3924 1006 3978 ὄντα
1036 3922 1340 3993 δυνάμεως,
1385 3921 1616 3991 μάταιον
1647 3932 1875 3989 περιπε-

289 4022 549 4092 φρὰχθαι
573 4008 796 4086 ἐιδήρῳ,
825 4008 1081 4086 ⁸Ξεριιιιτδν
1110 4016 1170 4073 τὸ
1194 4016 1515 4084 ἀγρυπνεῖν,
1547 4012 1607 4066 τὸ
1626 4011 1873 4081 φροντίσι

285 4092 587 4185 τήκεσθαι.
626 4114 729 4166 Ἂν
752 4111 947 4181 ἔρημοι
978 4110 1182 4178 ταύτης
1207 4103 1376 4177 ὦμεν,
1402 4105 1555 4160 κενὸν
1586 4107 1611 4158 ὁ
1640 4103 1871 4172 δορυφό-

290 4224 408 4275 ρος,
433 4210 529 4257 καὶ
559 4206 591 4272 ἡ
616 4201 935 4272 ἀκρόπολις,
961 4201 1055 4253 καὶ
1081 4202 1112 4268 ὴ
1147 4199 1483 4266 πολυχειρέα,
1514 4197 1606 4248 καὶ
1637 4195 1705 4247 τὸ.
1732 4192 1873 4262 σοφὰ

290 4296 694 4366 μηχκνήμοιτα.
762 4293 1008 4360 Ἐκείνης
1055 4288 1402 4360 εὐμοιροῦντί
1460 4305 1563 4351 σοι,
1624 4286 1872 4355 φίλτατε,

1972 3118 2026 3166 et
2064 3110 2215 3165 lucra
2240 3114 2554 3174 computata
2581 3123 2595 3171 ;
2625 3106 2785 3171 sique
2814 3117 2903 3157 res
2948 3115 3213 3171 prospere
3256 3100 3547 3165 cesserint,

1968 3204 2126 3258 lentus
2144 3209 2263 3257 esto
2288 3217 2304 3255 :
2332 3201 2418 3256 sin
2453 3198 2717 3253 adversus
2744 3196 2799 3250 in
2827 3210 2886 3251 re
2913 3194 3171 3263 quapiam
3212 3206 3379 3247 casus
3401 3191 3554 3246 acci-

1967 3294 2132 3354 derit.
2164 3291 2213 3347 ei
2237 3290 2439 3345 mederi
2464 3288 2644 3343 stude.
2673 3285 2943 3341 Virtutem
2968 3299 3065 3354 pro
3086 3299 3144 3338 re
3164 3281 3555 3345 diviniore,vi-

1971 3387 2108 3441 tium
2135 3399 2235 3453 pro
2263 3398 2351 3446 eo,
2378 3381 2525 3450 quod
2550 3388 2658 3441 est,
2691 3378 2894 3432 malum
2931 3377 3165 3441 scilicet,
3206 3376 3408 3431 habeto
3439 3391 3456 3429 :
3491 3383 3551 3429 ut

1971 3478 2027 3533 in
2058 3477 2206 3530 illius
2233 3474 2455 3544 quidem
2485 3470 2661 3526 hortis
2689 3468 2847 3540 quasi
2877 3467 3166 3537 tripudies,
3201 3465 3367 3532 hujus
3409 3474 3544 3519 vero

1974 3568 2226 3623 ﬁctorem
2260 3566 2481 3634 rejicias
2514 3581 2528 3616 :
2560 3562 2700 3614 hanc
2726 3562 2922 3629 fugias,
2958 3558 3103 3612 illam
3152 3556 3314 3611 enixe
3360 3570 3549 3625 perse-

1970 3659 2177 3728 quaris.
2203 3656 2335 3722 Nam
2362 3656 2410 3710 ci
2435 3654 2669 3723 quisque
2691 3652 2897 3707 diutius
2918 3652 3185 3706 inhaerere
3209 3651 3384 3717 cupit,
3404 3649 3550 3715 quod

1971 3752 2277 3806 admiratur
2304 3767 2318 3814 ;
2343 3758 2396 3802 et
2427 3748 2496 3802 ab
2521 3763 2587 3801 eo
2620 3753 2865 3800 remotus
2892 3759 3037 3808 esse,
3064 3742 3206 3812 quod
3254 3741 3551 3810 improbat.

2689 3835 2856 3891 XLII.

2044 3934 2208 3987 Iuanc
2231 3930 2325 3999 qui
2350 3931 2490 3983 ldam
2512 3937 2615 3992 est,
2644 3928 2737 3997 qui
2763 3943 2793 3981 a
2824 3934 3085 3995 potestate
3111 3925 3295 3979 divina
3348 3926 3419 3978 sit
3460 3922 3558 3977 de-
3654 3979 3658 3983 ,

1992 4010 2243 4086 stitutus,
2268 4021 2418 4075 ferro
2452 4018 2720 4073 munitum
2764 4032 2924 4082 esse;
2952 4030 3372 4085 supervacuum,
3392 4030 3561 4069 exeu-

1976 4114 2094 4169 bias
2116 4100 2297 4182 agere,
2327 4110 2477 4165 euris
2508 4109 2810 4163 tabescere.
2831 4107 2912 4160 Ab
2940 4106 3041 4159 hac
3070 4105 3117 4159 si
3148 4104 3554 4166 desideramur,

1978 4223 2115 4259 vana
2151 4204 2233 4271 vis
2260 4202 2583 4260 satellitum,
2633 4198 2864 4261 arcium,
2922 4210 3243 4264 magnarum
3279 4194 3557 4261 copiarum

1972 4297 2404 4364 callidarumque
2447 4291 2813 4345 tnolitionum.
2877 4287 3007 4353 Ejus
3060 4285 3106 4341 si
3139 4287 3415 4355 particeps
3458 4286 3559 4350 sis,

286 4389 386 4439 acti
410 4388 484 4438 ti:
515 4385 834 4454 δυσχερείας
864 4383 1037 4452 μεστὰ
1064 4383 1279 4451 εὐμαρῆ
1328 4381 1423 4434 καὶ
1453 4379 1572 4432 λεῖα
1604 4379 1864 4446 φανεῖται.

1984 4388 2313 4445 charissima
2347 4386 2442 4449 lili,
2472 4385 2636 4439 etiam
2671 4382 2826 4452 plena
2849 4379 3189 4434 dillieultatis
3223 4377 3564 4447 apparebunt

290 4477 407 4545 Τῆς
448 4478 729 4542 ἀηττήτου
779 4475 835 4526 δὲ
885 4473 1057 4544 ῥοπῆς
1112 4470 1371 4542 ἐπιτυχὴς
1413 4470 1479 4523 ἂν
1532 4470 1727 4537 γένοιο,
1773 4467 1872 4527 τὰς

287 4571 646 4641 ἐγχειρήσας
678 4566 782 4619 ἀπὸ
805 4566 1026 4618 δικαίων
1050 4564 1394 4632 ποιούμενος.
1426 4563 1522 4616 καὶ
1565 4562 1746 4630 λήγων
1794 4559 1873 4620 εἰς

290 4662 712 4730 φιλάνθρωπον,
748 4660 840 4711 καὶ
869 4658 974 4726 πρὸ
1026 4656 1129 4710 τοῦ
1156 4657 1285 4709 ίδίου
1319 4653 1486 4709 καλοῦ
1522 4656 1601 4717 είς
1630 4653 1690 4706 τὸ
1717 4652 1872 4719 κοινῇ

294 4756 552 4806 συνοῖσον
594 4750 771 4821 δρῶνθ’
819 4751 914 4803 καὶ
948 4749 1081 4802 Θεὸν
1132 4748 1491 4819 μιμούμενος,
1544 4749 1642 4802 καὶ
1679 4741 1876 4798 σαυτὸν

293 4845 409 4905 τοῖς
436 4840 675 4913 ,σεαυτοῦ
708 4839 934 4909 μίμημα
964 4837 1139 4909 ταύτῃ
1169 4837 1449 4908 παρέχων.

1049 5038 1177 5092 ΜΡ.

368 5136 587 5206 ’Υδραν
608 5134 853 5203 τέμνεις,
877 5114 1164 5201 mpm/pia,
1195 5131 1257 5184 τδ
1293 5131 1587 5199 ἀνέφικτον
1614 5127 1876 5199 δηλοῦσα.

294 5230 412 5283 Καὶ
446 5229 478 5279 6
512 5226 574 5279 τὸ
604 5226 736 5278 ἴδιον
762 5225 990 5294 θέμενος
1022 5225 1128 5293 πρὸ
1159 5222 1267 5275 τῶν
1301 5224 1454 5293 κοινῇ
1486 5220 1876 5289 συμφερόντων

297 5321 442 5389 πρὸς
476 5318 669 5371 ἑαυτὸν
701 5318 986 5385 ἐφέλκεται
1010 5318 1235 5385 ταυτηνὶ
1266 5317 1366 5383 τὴν
1397 5315 1602 5368 είκόνα.
1647 5313 1737 5366 Ἐν
1769 5315 1878 5383 γὰρ

298 5413 377 5481 τῷ
406 5411 582 5480 κοινῷ
627 5410 777 5480 καλῷ
809 5411 903 5463 καὶ
949 5410 1009 5461 τὸ
1044 5410 1275 5462 ἑκάστου
1313 5407 1705 5472 συνυπάγεται.
1740 5406 1879 5460 Καθ’

295 5502 402 5555 ἕνα
443 5502 634 5569 μέντοι
671 5501 934 5569 πράττειν
962 5495 1020 5552 εὖ
1056 5500 1155 5552 οὐκ
1183 5498 1477 5566 ἐνδέχεται,
1504 5496 1628 5549 οὕτε
1666 5497 1883 5565 ἰδιώτην

296 5593 419 5646 οὔτ’
441 5593 708 5661 ἄρχοντα.
742 5592 835 5643 Δεῖ
879 5592 988 5659 γὰρ
1028 5591 1092 5659 δὴ
1121 5590 1219 5658 τὴν
1255 5587 1501 5657 κεφαλὴν
1538 5587 1648 5640 τῶν
1700 5587 1878 5655 μελῶν

301 5683 626 5754 φροντίζειν
656 5686 745 5736 καὶ
773 5684 1050 5753 κήδεσθαι,
1087 5684 1177 5737 καὶ
1205 5682 1302 5752 τῆς
1328 5679 1569 5748 κεφαλῆς
1600 5680 1879 5750 ἐπιμελεῖ·

1978 4483 2071 4536 tibi
2096 4481 2269 4534 facilia
2288 4478 2453 4532 simul
2472 4486 2523 4531 et
2547 4477 2728 4542 plana.
2754 4472 2903 4527 IIanc
2923 4482 3105 4526 autem
3127 4474 3383 4524 invictam
3403 4484 3562 4540 opem

1978 4572 2322 4644 impetrabis.
2357 4572 2403 4626 si
2428 4567 2818 4637 cunctajustis
2851 4564 3126 4633 impulsus
3176 4564 3361 4619 causis
3402 4578 3562 4618 occe-
3608 4618 3619 4649 ι

1978 4669 2146 4739 peris,
2180 4681 2241 4719 ac
2274 4668 2326 4717 in
2358 4661 2761 4717 humanitatem
2790 4657 3043 4719 desieris.
3077 4656 3369 4725 potiusque
3391 4655 3568 4725 publi-
3608 4653 3614 4665 ’

1981 4776 2102 4815 cum
2135 4760 2198 4813 ad
2231 4758 2539 4819 utilitatem,
2575 4742 2737 4825 quam
2768 4754 3055 4825 privatam,
3090 4751 3430 4822 respexeris:
3466 4750 3568 4803 hac

1985 4854 2197 4907 ratione
2227 4862 2339 4905 tum
2374 4852 2490 4921 ipse
2515 4850 2684 4903 Deum
2706 4848 2952 4914 imitans,
2974 4857 3089 4903 tum
3112 4847 3219 4900 tuis
3242 4842 3565 4899 hominibus
3592 4884 3595 4889 .

1982 4949 2213 5018 teipsum
2241 4944 2563 5000 imitandum
2587 4940 2877 4997 exhibens.

2102 5080 2110 5084 ι
2666 5033 2853 5088 XLIII.

2054 5129 2170 5185 Mos
2191 5128 2353 5198 vulgo
2375 5138 2625 5196 receptus
2653 5133 2761 5188 est,
2789 5133 2847 5180 ut
2879 5123 3106 5195 hydram
3132 5134 3382 5176 resecare
3407 5117 3561 5174 diea-

1985 5231 2095 5288 tur,
2122 5223 2214 5292 qui
2242 5238 2380 5283 rem.
2414 5236 2574 5288 quam
2604 5217 2794 5287 nequit
2824 5213 3070 5285 assequi,
3117 5206 3359 5268 molitur.
3412 5209 3563 5263 Hane

1984 5313 2276 5381 imaginem
2299 5311 2353 5365 iu
2385 5325 2445 5364 se
2478 5306 2757 5371 transfert,
2785 5307 2880 5376 qui
2905 5305 3122 5372 privata
3149 5300 3438 5358 commoda
3458 5313 3561 5368 pu-

1986 5404 2142 5457 blicis
2170 5401 2489 5470 anteponit;
2536 5412 2661 5452 nam
2700 5397 3136 5464 uniuscujusque
3194 5395 3399 5447 bonum
3450 5405 3553 5459 pu-

1984 5495 2122 5547 blico
2144 5491 2476 5546 continetur.
2500 5488 2764 5543 Seorsum
2783 5495 2934 5540 certe
2962 5500 3068 5539 nec
3092 5482 3299 5539 homini
3323 5482 3558 5552 privato.

1987 5600 2085 5639 nec
2114 5582 2342 5651 principi
2370 5596 2490 5635 esse
2517 5582 2676 5633 beato
2703 5579 2851 5632 licet.
2882 5576 3220 5645 Caputenim
3254 5589 3444 5645 gerere
3461 5588 3559 5629 cu-

1986 5692 2100 5730 ram
2139 5675 2502 5730 membrorum
2530 5680 2766 5742 oportet,
2795 5685 2857 5724 ac
2892 5668 3129 5725 vicissim
3164 5668 3413 5724 membra
3454 5678 3553 5724 ca~
