4024 6210
426 171 533 234 3:27

1595 169 1814 231 MANU
1828 171 1916 231 EL
1929 174 1944 230 l
1958 172 1997 224 εἰ
2037 174 2123 231 ΡΑ
2136 169 2484 233 ΙΑΕΟΙΏΘΙ

3568 162 3672 236 3ίὲ

422 283 551 354 pitis
581 283 781 337 habere
801 282 1092 343 rationem,
1120 279 1165 333 si
1200 279 1408 333 salvum
1437 294 1557 335 esse
1579 282 1738 335 debet
1770 285 1997 351 animal,

2126 286 2230 341 τθαι
2256 288 2325 341 τὰ
2356 291 2512 359 μέλη,
2546 291 2594 343 εί
2633 291 2717 344 δεῖ
2754 292 2816 346 τὸ
2868 294 3008 359 ζῶον
3037 272 3415 357 συνίστασθαι,
3447 291 3545 345 καὶ
3574 292 3672 362 τὴν

423 377 811 443 integrumque
840 371 1177 428 conservari.
1213 371 1347 425 Nam
1376 374 1707 438 membrum,
1739 378 1885 443 quod
1917 393 2000 431 re-

424 480 636 523 sectum
669 477 773 527 est,
815 474 1167 534 posteaquam
1204 466 1540 534 reliquorum
1562 484 1590 519 ει
1612 452 1879 521 societate
1915 482 2002 520 re-

425 560 664 618 volsum,
696 574 945 612 seorsum
980 574 1102 612 esse
1133 558 1276 625 cepit
1308 576 1320 621 ;
1354 559 1455 612 boc
1490 559 1610 626 ipso
1662 560 1874 614 scilicet
1916 569 2001 615 est

425 662 720 703 mortuum.
786 648 930 703 Idem
961 650 1123 718 capiti
1158 665 1186 703 a
1215 651 1473 706 membris
1495 652 1765 722 dirempto
1785 655 2001 707 contin-

423 756 547 808 gere
576 756 802 795 necesse
826 753 933 805 est;
963 743 1162 810 quippe
1182 759 1280 797 nec
1301 750 1463 812 raput
1499 759 1596 799 nec
1639 746 1880 800 membra
1922 746 2005 799 vi-

420 846 547 886 vere
567 848 817 888 seorsum
848 846 1101 903 possunt.

1116 927 1275 981 XllV

494 1037 728 1092 Omnino
753 1038 969 1092 dimi-ile
988 1051 1069 1092 est
1088 1058 1235 1103 eum,
1255 1045 1348 1109 qui
1376 1044 1591 1110 paulum
1611 1045 1738 1112 quid
1763 1046 1889 1099 mali
1910 1047 2004 1099 de-

421 1128 678 1197 signavit,
712 1146 817 1183 non
846 1131 1132 1198 in’majora
1165 1135 1291 1186 vitio
1338 1135 1451 1201 labi,
1479 1154 1492 1188 :
1521 1136 1665 1189 velut.
1719 1153 1865 1200 enin,
1912 1139 2005 1207 qui

422 1221 547 1274 boni
575 1220 705 1287 quid
734 1221 881 1283 fecit,
917 1239 1023 1275 non
1052 1225 1216 1277 ctiam
1269 1226 1491 1280 meliore
1559 1229 1743 1292 potiri.
1794 1229 2005 1297 Quippe

366 1318 383 1335 ’
425 1315 623 1367 factum
655 1316 907 1369 vitiosum
943 1332 1079 1369 noxa
1111 1318 1429 1381 comitatur,
1465 1334 1529 1372 ac
1554 1322 1756 1374 malum
1785 1326 2007 1390 grav-ius

425 1405 607 1459 eﬁicit.
641 1405 777 1471 Ipsm
810 1422 939 1461 vero
961 1408 1234 1469 resbonze,
1267 1420 1475 1462 catena:
1497 1413 1780 1480 cujusdam
1802 1414 1996 1475 instar,

427 1499 657 1553 invicem
688 1499 983 1563 cohaerent,
1005 1499 1165 1567 cujus
1188 1501 1366 1567 aliqua
1394 1517 1521 1569 pars
1543 1503 1876 1571 apprehendi
1901 1521 2007 1559 non

428 1601 625 1661 potest.
660 1591 792 1659 quin
819 1592 1068 1659 proxima
1097 1608 1315 1660 quoque
1336 1610 1428 1661 per
1455 1604 1574 1648 eam
1609 1580 1771 1650 simul
1805 1612 2004 1667 appre-

427 1682 714 1747 hendatur,
744 1698 807 1736 ac
840 1697 936 1751 per
967 1683 1124 1737 istam
1164 1700 1355 1738 rursus
1388 1685 1526 1749 alia;
1552 1702 1647 1754 per
1699 1689 2004 1756 quamlibet

420 1775 658 1844 denique
705 1787 934 1844 partem,
963 1775 1288 1844 simpliciter
1316 1791 1529 1833 omnes.
1587 1784 1831 1835 Intentus
1867 1798 2000 1851 ergo

424 1864 583 1917 lactis
622 1865 916 1931 praeclaris,
944 1874 998 1918 et
1042 1865 1270 1933 gloriam
1324 1867 1677 1933 patientibus,
1724 1885 1854 1924 cave
1917 1872 2001 1926 vel

426 1952 712 2004 minimum
740 1953 870 2019 quid
895 1952 1167 2006 illaudatte
1196 1954 1269 2006 rei
1293 1958 1582 2023 peregeris.
1607 1957 1837 2012 Habitus
1861 1963 2005 2015 enim

425 2059 456 2096 a
488 2042 670 2111 parvis
692 2043 927 2109 orditur,
949 2059 1239 2113 rerumque
1261 2046 1613 2100 minimarum
1640 2051 2007 2117 accessiones,

430 2138 532 2191 nisi
556 2136 830 2206 quoddam
858 2137 1162 2191 intercedat
1192 2138 1667 2205 impedimentum,
1715 2143 1767 2195 in
1824 2144 2005 2198 inllni-

430 2236 543 2281 tum
576 2244 894 2296 progressae,
913 2228 1167 2296 maxima
1183 2245 1404 2299 quoque
1433 2247 1669 2301 corpora
1699 2236 2009 2290 necessario

430 2320 797 2389 Superabunt.

1138 2413 1301 2470 XLV.

504 2524 650 2580 Fieri
692 2527 984 2596 przi’l'ectus
1010 2530 1187 2598 cupis,
1214 2530 1483 2599 boniSque
1531 2533 1788 2587 maximis
1822 2534 2009 2603 potiri.

435 2620 667 2688 prtecipe
698 2619 882 2673 animo
911 2630 1023 2683 tuo,
1078 2636 1145 2674 ne
1198 2622 1558 2691 cogitationes
1608 2625 1691 2678 vel
1751 2626 2008 2694 exiguum

438 2709 673 2765 fructum
701 2712 964 2767 allaturas
997 2712 1266 2778 negligat:
1298 2714 1393 2767 sed
1427 2714 1680 2769 admittat
1703 2717 1881 2770 omnia
1911 2732 2010 2770 cu-

440 2803 584 2871 pide,
620 2806 822 2874 quibus
843 2807 1098 2860 meliores
1130 2807 1419 2863 emcimur.
1443 2808 1497 2863 Si
1527 2810 1656 2878 quid
1685 2820 1868 2864 autem
1893 2811 2012 2864 ani-

437 2895 511 2948 mi
545 2898 948 2950 contentionem
981 2897 1061 2951 vel
1097 2914 1286 2967 parum
1322 2900 1551 2965 relaxat,
1576 2917 1639 2955 ac
1672 2918 1782 2969 quo
1831 2903 2011 2957 minus

2103 380 2430 449 ὁλοκληρίαν
2489 383 2669 453 ἐαυτῷ
2719 387 3069 455 περισώζειν.
3103 386 3177 439 Τό
3237 403 3296 439 τε
3324 384 3433 455 γὰρ
3468 385 3675 455 τμηθὶν

2103 470 2211 521 τῶν
2243 473 2444 540 μελῶν,
2500 474 2599 542 τῆς
2619 478 2951 547 ,κοινότητας
2984 478 3184 530 ὲκστὰν
3204 519 3218 539 ,
3253 478 3347 531 καὶ
3378 477 3504 530 καθ’
3540 478 3675 532 αὐτὸ

2105 552 2329 624 γεγονὸς
2345 599 2360 623 ,
2409 561 2557 632 αὐτῷ
2607 579 2670 630 γε
2709 563 2883 635 τούτῳ
2915 566 3267 635 νενέκρωται.
3299 568 3413 620 Καὶ
3463 568 3678 636 κεφαλὴ

2105 649 2214 701 τῶν
2241 650 2420 718 μελῶν
2448 656 2776 723 χωρισθεῖσα
2829 656 2975 709 τοῦτ’
3014 658 3081 711 ἂν
3119 658 3279 722 εὐθὺς
3325 658 3506 713 πάθοι.
3555 659 3679 729 Ζωὴ

2108 741 2217 814 γὰρ
2239 741 2365 796 οὔτε
2398 745 2636 817 κεφαλῇ,
2671 746 2794 801 οὔτε
2822 749 3034 818 μέλεσι,
3064 749 3249 821 χωρίς.
3422 743 3434 753 ’

2829 932 2882 983 Μ
2887 934 2959 986 Δ’.

2183 1036 2434 1091 Χαλεπὸν
2487 1042 2719 1109 σμικρόν
2759 1059 2811 1095 τι
2858 1043 3145 1108 πράξαντα
3185 1045 3295 1098 τῶν
3342 1046 3548 1109 κακῶν,
3603 1040 3684 1118 μὴ

2109 1131 2221 1190 τοῖς
2279 1130 2489 1196 μείζοσι
2524 1136 2875 1200 περιπεσεῖν·
2920 1134 3110 1204 ὥσπερ
3157 1137 3252 1191 καί
3304 1153 3358 1190 τι
3409 1139 3573 1191 καλὸν
3605 1139 3685 1209 μὴ

2115 1223 2408 1291 μετασχεῖν
2450 1221 2544 1275 τοῦ
2574 1222 2867 1291 βελτίονος.
2899 1229 3057 1297 Κακῇ
3087 1229 3195 1296 γάρ
3230 1228 3428 1298 πράξει
3467 1230 3530 1283 τὸ
3557 1230 3694 1300 βλά-

2111 1327 2245 1362 πτον
2277 1310 2580 1377 ἀκολουθεῖ,
2613 1316 2705 1366 καὶ
2747 1316 2808 1368 τὸ
2836 1317 3009 1370 δεινὸν
3038 1316 3334 1386 ἐργάζεται
3365 1319 3685 1389 χαλεπώτε·

2115 1419 2227 1470 ρον.
2267 1403 2451 1455 Ἔοικε
2484 1403 2539 1455 δὲ
2585 1407 2653 1457 τὰ
2683 1406 2866 1472 ἀγαθά
2917 1410 3079 1478 σειρᾷ
3129 1409 3374 1479 ἀλλήλων
3425 1411 3686 1480 ἐχόμενα,

2111 1488 2178 1561 ἧς
2210 1495 2307 1545 οἰκ
2346 1494 2425 1546 ἔνι
2475 1495 2675 1564 μέρους
2699 1498 3029 1570 λαϐόμενον,
3074 1498 3149 1570 μὴ
3192 1501 3258 1553 δι’
3292 1501 3502 1554 ἐκείνου
3528 1503 3693 1557 λαϐέ-

2115 1582 2235 1635 σθαι
2267 1602 2384 1647 πως
2417 1588 2510 1639 καὶ
2535 1587 2629 1640 τοῦ
2661 1567 3075 1658 πλησιάζοντος,
3112 1594 3207 1646 καὶ
3230 1592 3300 1647 δι’
3333 1595 3540 1647 ἐκείνου
3582 1598 3696 1648 πά-

2108 1676 2191 1729 λιν
2219 1679 2440 1748 ἑτέρου,
2474 1684 2569 1734 καὶ
2610 1682 2832 1736 πάντων
2865 1684 3057 1747 ἁπλῶς
3091 1686 3164 1738 δι’
3184 1688 3439 1740 ἑκάστου.
3482 1688 3692 1758 Προσέο

2109 1787 2221 1839 χων
2251 1772 2434 1824 τοίνυν
2472 1775 2587 1835 τοῖς
2615 1775 2799 1837 καλοῖς
2824 1778 2922 1828 καὶ
2963 1777 3122 1841 δόξαν
3177 1779 3434 1847 φέρουσιν
3476 1777 3686 1847 ἔργοις.

2115 1862 2190 1929 μὴ
2221 1859 2524 1931 καταδέχου
2555 1864 2652 1917 καὶ
2692 1865 2754 1918 τὸ
2787 1867 3120 1935 φαυλότατον
3150 1868 3277 1922 τῶν
3298 1871 3398 1922 οὐκ
3432 1872 3687 1923 ἔπαινουο

2114 1952 2291 2020 μένων
2323 1953 2676 2023 ἐργάζεσθαι.
2703 1958 2853 2021 Ἕξις
2882 1959 2990 2029 γὰρ
3019 1961 3125 2012 ἀπὸ
3159 1962 3409 2029 σμικρῶν
3433 1963 3687 2030 ἄρχεται,

2112 2046 2208 2096 καὶ
2229 2044 2288 2096 ai
2309 2045 2419 2098 τῶν
2445 2047 2744 2118 ἐλαχίστων
2772 2051 3108 2120 προσθῆκαι,
3141 2052 3208 2122 ἢν
3243 2054 3315 2121 μὴ
3347 2052 3408 2104 τὸ
3435 2051 3692 2107 κωλῦσαν

2113 2134 2349 2198 ἐπέλθοι,
2376 2141 2455 2202 είς
2484 2139 2711 2211 ἄπειρον
2745 2144 3186 2214 ἑξενηνεγμέναι,
3216 2145 3313 2199 καὶ
3340 2145 3409 2198 τὰ
3454 2146 3693 2215 μέγιστα.

2112 2226 2221 2279 τῶν
2249 2230 2517 2298 σωμάτων
2547 2234 2866 2301 ἀναγκαίως
2898 2235 3320 2307 ὑπερϐήσονται.

2831 2411 2886 2464 Μ
2895 2412 2966 2467 Ε’.

2106 2568 2114 2577 .
2188 2524 2290 2576 ’Ἡν
2318 2524 2592 2592 ἐπιθυμῇς
2621 2523 2978 2590 τελειότητος,
3010 2525 3104 2578 καὶ
3138 2525 3411 2594 μεγὲστων
3438 2527 3495 2578 ἐν
3531 2526 3693 2595 μεθέ-

2119 2613 2198 2679 ξει
2228 2614 2408 2667 καλῶν
2432 2614 2705 2681 γενέσθαι,
2741 2616 3118 2684 παρακελεύου
3164 2618 3230 2687 τῇ
3259 2617 3426 2686 ψυχῇ,
3460 2617 3534 2687 μὴ
3563 2619 3689 2680 τοὺς

2121 2707 2291 2775 μικρὰ
2315 2707 2659 2765 συνοίσοντας
2692 2707 2968 2776 ὐπερορᾷν
2999 2706 3326 2775 λογισμούςο
3361 2707 3475 2758 ἀλλ’
3513 2707 3700 2762 ἀσπα-

2119 2798 2246 2858 σίως
2277 2796 2531 2866 δέχεσθαι
2582 2800 2712 2856 πᾶν.
2849 2797 3095 2866 βελτίους
3150 2798 3473 2865 γιγνόμεθα.
3518 2797 3590 2850 Τὸ
3636 2798 3701 2851 δὲ

2122 2888 2298 2958 βραχὺ
2350 2889 2527 2958 ψυχῆς
2562 2888 2653 2941 τὸν
2698 2892 2852 2942 τόνον
2883 2889 3193 2959 ὑποχαλῶν,
3226 2890 3322 2942 καὶ
3349 2891 3414 2958 τῇ
3461 2889 3594 2955 πρὸς
3628 2893 3705 2942 τὰ

439 2984 504 3038 ad
533 2986 753 3040 meliora
780 2987 1141 3057 propendeat,
1169 2989 1417 3058 impedit,
1451 2992 1503 3043 id
1532 2992 1761 3045 omnino
1808 3008 1873 3046 ne
1912 2994 2012 3047 ad-

2126 2984 2353 3049 κρείττω
2393 2985 2534 3053 ῥοπῇ
2571 2983 3035 3052 προσιστάμενον,
3090 2982 3226 3049 μηδὲ
3265 2982 3375 3059 τὴν.
3395 2981 3567 3051 ἀρχὴν
3604 2979 3703 3033 δέ-

447 3077 800 3133 :nittat.Nam
835 3092 889 3134 et
943 3080 1146 3133 malum
1195 3090 1248 3134 et
1308 3082 1537 3142 bonum.
1588 3084 2021 3152 cogitationibus

440 3165 715 3234 illapsum,
738 3168 791 3220 in
811 3183 949 3235 opus
968 3169 1117 3222 exire
1143 3171 1428 3224 consuevit
1444 3180 1496 3223 et
1519 3173 1602 3224 via
1623 3188 1728 3239 qua
1752 3174 1856 3224 lam
1883 3188 2006 3238 pro-

442 3257 758 3321 grediendo,
791 3256 844 3309 in
881 3257 1128 3310 habitum
1163 3259 1418 3312 stabilem
1441 3263 1597 3325 quasi
1622 3277 2018 3317 concrescere:

444 3346 536 3412 qui
568 3361 690 3399 cum
716 3346 882 3399 animi
910 3347 1257 3402 facultatibus
1281 3365 1603 3419 augescens,
1637 3352 1745 3406 illis
1770 3355 1902 3419 ipsis
1929 3371 2023 3423 par

444 3451 565 3491 esse
587 3437 786 3499 studet,
821 3453 942 3506 quae
961 3454 1092 3492 sane
1125 3441 1351 3495 coulieri
1384 3443 1587 3511 nequit,
1616 3453 1673 3496 nt
1703 3445 1883 3512 aliqua
1938 3461 2024 3497 ra-

447 3528 595 3583 tione
634 3537 940 3585 mutentur.
976 3536 981 3539 ’

1134 3575 1325 3678 χιζνι.

521 3732 682 3790 Recte
700 3733 887 3800 facies,
906 3750 968 3791 ac
988 3735 1137 3790 valde
1154 3738 1368 3806 quidem
1392 3738 1754 3803 laudabiliter,
1768 3738 1809 3792 si
1832 3740 2024 3806 proju-

450 3826 644 3881 condis
661 3828 884 3898 optima,
906 3845 1027 3883 cum
1050 3842 1280 3900 utraque
1298 3849 1404 3886 non
1426 3833 1569 3895 licet,
1585 3832 1801 3900 diliges.
1820 3832 1927 3885 Hoc
1953 3834 2022 3885 ab

452 3931 669 3975 oratore
687 3924 954 3989 prolatum
976 3932 1081 3989 est,
1100 3933 1264 3994 atque
1284 3925 1358 3978 uti
1375 3924 1484 3979 Deo
1500 3935 1737 3996 gratum.
1762 3926 1833 3978 ita
1863 3927 2021 3980 bonis

453 4025 483 4064 a
508 4011 636 4065 viris
658 4012 822 4066 etiam
854 4012 1182 4069 factitatum.
1212 4015 1266 4070 Si
1290 4017 1418 4085 quid
1453 4016 1506 4069 in
1539 4017 1831 4085 perniciem
1880 4016 2021 4070 nosti

454 4097 781 4161 desiturum,
799 4100 919 4170 ejus
938 4102 1225 4157 adversare
1246 4104 1605 4175 principium;
1631 4104 1843 4159 tametsi
1866 4105 2023 4158 blan-

452 4192 603 4254 dum,
626 4195 841 4248 tametsi
861 4196 1162 4263 jucundum
1185 4197 1275 4260 sit,
1304 4198 1518 4251 tametsi
1545 4198 1872 4265 voluptatem
1899 4197 2023 4250 inli-

456 4283 623 4336 nitam
653 4287 997 4352 polliceatur.
1030 4288 1163 4341 Nam
1187 4288 1397 4343 ’malum
1444 4306 1636 4359 reapse
1684 4292 1884 4343 malum
1934 4300 2019 4343 est

459 4390 521 4424 ac
546 4374 705 4441 plane
732 4364 1089 4451 stultum,‘vel
1109 4378 1388 4442 inchoare,
1416 4379 1555 4446 quod
1583 4379 1842 4448 perlicere
1866 4378 2031 4441 nolis,

459 4466 541 4515 Vt'l
571 4479 693 4518 cum
726 4482 909 4521 escam
931 4466 1075 4521 ferro
1131 4468 1331 4523 videris
1362 4469 1597 4531 allixam,
1628 4482 1851 4538 prepter
1873 4485 2037 4538 appe-

464 4557 620 4608 titum
651 4558 874 4613 alterius
901 4548 1201 4629 utrumque
1220 4561 1504 4628 deglnlire.
1540 4561 1692 4626 Quod
1727 4562 1771 4617 si
1826 4571 2035 4618 mentes

466 4648 651 4716 aliquo
669 4651 798 4703 vitio
820 4662 1088 4720 corruptae
1111 4667 1217 4706 non
1246 4652 1468 4715 iuerint,
1485 4654 1626 4707 haud
1650 4664 1930 4722 occeptum
1950 4670 2040 4710 es-

465 4754 524 4791 se
551 4742 748 4808 poterit
773 4742 884 4795 ullo
915 4744 1096 4806 modo,
1127 4749 1271 4813 quol
1318 4747 1385 4797 ad
1419 4758 1633 4814 tempus
1680 4749 1899 4816 quidem
1945 4747 2037 4817 ju-

468 4832 708 4886 cundum
740 4842 860 4901 est;
889 4842 943 4889 at
970 4821 1221 4891 comitem
1241 4836 1401 4891 liabet
1427 4837 1666 4893 dolorem
1688 4850 2035 4908 perpetuum.

1139 4949 1347 5005 XLVII.

551 5039 834 5096 llniversis
862 5052 942 5099 est
975 5058 1263 5098 commune
1283 5044 1628 5112 mortalibus,
1658 5054 1717 5100 ut
1737 5046 2042 5103 invitisali-

471 5133 603 5205 quid
628 5135 872 5190 accidere
901 5137 1073 5206 possit
1092 5154 1106 5191 :
1126 5145 1182 5191 at
1201 5146 1415 5206 sponte,
1436 5154 1558 5207 qum
1578 5138 1739 5192 noxia
1768 5148 1916 5200 sunt.
1940 5139 2041 5193 ad-

476 5229 789 5292 mittere,ne
806 5228 983 5283 brutis
1002 5230 1220 5298 quidem
1246 5231 1524 5299 proprium
1555 5246 1571 5284 :
1599 5232 1817 5298 quando
1836 5241 2047 5285 contra-

477 5321 620 5374 rium
652 5302 870 5390 quoque
900 5322 1048 5388 prius
1075 5332 1157 5377 est
1181 5324 1638 5376 demonstratum.
1659 5323 1835 5377 Semel
1857 5334 2046 5392 captus

479 5413 718 5469 θεῖσαιύ
741 5416 819 5468 bis
839 5415 1075 5484 rapiare,
1097 5430 1165 5469 ne
1182 5416 1398 5484 capiare
1416 5415 1635 5484 saepius.
1652 5415 2050 5470 consuetudine

483 5503 814 5574 depravatns
843 5525 857 5572 ;
885 5522 1014 5561 neve
1050 5507 1192 5561 t'urto
1226 5506 1502 5576 frequenti
1557 5507 1784 5562 vitiosus
1824 5501 2047 5571 evadas,

488 5608 741 5669 totusque
764 5598 1098 5669 turpitudine
1124 5601 1376 5665 relertus,
1405 5600 1470 5654 ad
1494 5599 1694 5655 bonum
1721 5599 1896 5655 redire
1918 5598 2054 5651 ditii-

2122 3072 2337 3141 χεσθαι.
2376 3076 2481 3126 Καὶ
2514 3075 2574 3127 τὸ
2605 3076 2773 3128 κακὸν
2798 3075 2930 3145 γὰρ.
2964 3075 3057 3127 καὶ
3088 3075 3144 3127 τὸ
3172 3074 3398 3141 ἀγαθὸν,
3429 3075 3551 3134 ταῖς
3578 3071 3703 3125 δια-

2123 3165 2293 3225 νοίαις
2330 3168 2721 3235 συγγινόμενον
2778 3168 2858 3229 εἰς
2888 3168 3051 3237 ἔργον
3083 3166 3356 3220 ἐκϐαίνειν
3388 3167 3567 3227 εἴωθε,
3598 3168 3707 3220 καὶ

2121 3254 2224 3322 ὁδῷ
2256 3254 2486 3323 βαδίζον,
2518 3259 2597 3318 είς
2630 3257 2744 3320 ἕξιν
2786 3257 3130 3326 πήγνυσθαιο
3168 3259 3200 3325 ἢ
3234 3259 3351 3317 ταῖς
3382 3259 3480 3324 τῆς
3513 3254 3707 3324 ψυχῆς

2125 3346 2495 3414 συναυξομένη
2551 3347 2836 3413 δυνάμεσι,
2871 3348 3165 3416 φιλονεικεῖ
3199 3350 3260 3400 τὸ
3294 3348 3407 3399 ἴσον
3457 3347 3711 3410 ἐκείναις

2125 3438 2321 3507 ἔχουσα
2347 3438 2653 3506 φαίνεσθαι,
2685 3439 2750 3503 ἂς
2786 3439 3226 3511 μεταϐεϐλῆσθαι
3265 3442 3365 3510 οὐχ
3394 3436 3506 3493 οἷόν
3541 3456 3625 3492 τε.

2831 3622 2983 3688 Μςν.

2201 3733 2376 3785 Καλὸν
2408 3733 2500 3786 καὶ
2529 3733 2650 3785 λίαν
2677 3734 2961 3787 ἐπαινετὸν
3019 3734 3140 3786 ἀντὶ
3162 3734 3270 3786 τῶν
3291 3733 3465 3804 ἡδέων
3491 3732 3557 3784 τὰ
3583 3731 3715 3801 βέλ-

2128 3842 2309 3887 τιστα,
2339 3826 2433 3878 ἐὰν
2466 3825 2541 3896 μὴ
2565 3826 2849 3895 ἀμφότερα
2880 3826 2996 3896 ἐξῇ,
3051 3826 3376 3895 λαμϐάνειν.
3403 3824 3562 3878 Οὕτω
3596 3839 3711 3877 που

2126 3916 2205 3986 τῷ
2238 3918 2426 3989 ῥήτορι
2483 3918 2720 3986 εἴρηται,
2750 3920 2843 3971 καὶ
2868 3918 2986 3989 Θεῷ
3010 3919 3181 3987 φίλον.
3214 3919 3310 3972 καὶ
3339 3920 3450 3980 τοῖς
3481 3918 3715 3984 ἀγαθοῖς

2126 4005 2352 4074 ἀνδράσι
2384 4006 2771 4076 διεπέπρακτο.
2802 4010 2866 4060 Ὃ
2896 4007 2958 4077 δὴ
2982 4009 3274 4076 γινώσκεις
3295 4009 3455 4077 λῆξον
3477 4012 3551 4071 εἰς
3580 4009 3713 4061 ελε-

2128 4096 2276 4166 θρον,
2308 4098 2499 4151 τούτου
2548 4098 2644 4168 τὴν
2678 4100 2850 4169 ἀρχὴν
2872 4101 3241 4170 ἀποστρέφου,
3279 4101 3386 4155 κᾶν
3479 4102 3708 4171 χαρίεσ-

2129 4203 2218 4252 σα,
2257 4188 2359 4240 κᾶν
2464 4189 2692 4260 τερπνὴ.
2727 4173 2829 4243 κάν
2926 4192 3127 4262 μυρίαν
3151 4192 3345 4263 ἡδονὴν
3375 4193 3715 4261 ἐπαγγελλο-

2138 4278 2313 4348 μένη..
2332 4280 2513 4334 Δεινδν
2543 4282 2651 4349 γὰρ
2673 4281 2864 4349 ὄντως,
2899 4283 3097 4347 δεινὸν,
3118 4286 3213 4338 καὶ
3235 4285 3515 4347 παντελῶς
3549 4288 3715 4355 ἀνόη-

2141 4387 2252 4431 τον,
2278 4369 2308 4438 ἢ
2341 4371 2556 4425 τελέσαι
2592 4373 2667 4443 μὴ
2696 4374 3023 4444 βουλόμενον
3056 4374 3347 4444 ἄρξασθαι.
3372 4376 3405 4445 ἢ
3432 4377 3492 4428 τὸ
3516 4376 3718 4445 δέλεαρ

2149 4461 2322 4515 ίδόντα
2357 4466 2656 4534 περιπαρὲν
2704 4463 2782 4533 τῷ
2814 4465 3039 4536 σιδήρῳ,
3086 4463 3203 4517 εἶτα
3228 4464 3318 4518 διὰ
3347 4464 3574 4535 θάτερον
3607 4483 3717 4519 καο

2145 4558 2359 4609 ταπιεῖν
2397 4557 2700 4628 ἀμφότερα,
2731 4558 2908 4621 "Olet;
2938 4560 2995 4612 δὲ
3017 4559 3113 4621 τὰς
3142 4558 3348 4629 φρένας
3375 4559 3452 4629 μὴ
3473 4558 3720 4628 βεϐλαμ-

2150 4646 2331 4715 μένοις
2363 4648 2467 4701 ὑπό
2498 4667 2587 4702 του
2618 4649 2825 4712 πάθους
2849 4651 2949 4703 οὒκ
2980 4650 3046 4703 ἂν
3077 4652 3253 4704 ἐκεῖνο
3278 4651 3492 4719 γένοιτο
3534 4650 3719 4718 φίλον,

2147 4742 2175 4794 δ
2198 4744 2331 4813 πρὸς
2357 4742 2506 4814 ὥραν
2544 4744 2642 4815 μὲν
2680 4745 2800 4814 ἡδὺ,
2826 4744 3069 4814 λυπηρὸν
3102 4743 3157 4796 δὲ
3186 4745 3439 4798 πάντοτε.

2874 4947 3007 5004 MZ'.

2227 5046 2462 5099 ’Δκοντα
2518 5045 2618 5114 μέν
2646 5060 2698 5096 τι
2745 5042 2937 5095 παθεῖν
2987 5040 3295 5110 ἀνθρώποις
3327 5041 3463 5095 πᾶσι
3498 5042 3677 5095 κοινόν
3703 5058 3722 5074 ·

2156 5137 2353 5208 γνώμῃ
2380 5136 2438 5188 δὲ
2467 5135 2784 5205 προσίεσθαι
2814 5133 2884 5186 τὰ
2915 5132 3154 5202 βλαϐερὰ
3182 5132 3292 5185 οὐδ’
3319 5132 3537 5200 ἀλόγοις
3562 5132 3724 5213 ἴδιον,

2157 5232 2293 5283 ὅπου
2347 5245 2411 5296 γε
2469 5228 2563 5280 καὶ
2596 5224 2909 5279 τούναντίον
2960 5224 3471 5294 προαποδέδεικται.
3534 5223 3725 5286 Ἦλως

2115 5358 2125 5367 .
2159 5320 2303 5386 ἅπαξ
2330 5336 2345 5383 ;
2379 5318 2548 5386 φεῦγε
2587 5318 2647 5368 τὸ
2674 5318 2753 5378 δὶς
2783 5316 3011 5381 ἁλῶναι,
3040 5316 3127 5369 ἶνα
3159 5315 3234 5385 μὴ
3263 5313 3526 5377 πολλάκις
3555 5312 3729 5383 ἀλῷςν

2159 5414 2225 5481 τῇ
2255 5407 2513 5479 συνηθείᾳ
2531 5406 2908 5478 παρενεχθεὶς,
2933 5407 3028 5459 καὶ
3051 5407 3115 5477 τῇ
3145 5405 3362 5474 συνεχεῖ
3391 5403 3562 5471 κλοπῇ

2161 5503 2417 5571 ἀπειρίαν
2439 5501 2813 5571 παρεκταθῇς,
2841 5500 2932 5567 καὶ
2958 5499 3217 5567 αἰσχύνης
3238 5512 3302 5564 γε
3337 5493 3604 5564 πλησθῇς,
3635 5492 3732 5544 καὶ

2166 5596 2302 5665 πρὸς
2353 5593 2411 5645 τὸ
2446 5592 2608 5645 καλὸν
2656 5590 3079 5658 δυσεπίσιροςρος
3113 5587 3322 5658 μείνῃς.
3386 5583 3491 5640 Τὸν
3513 5583 3620 5653 γὰρ
3648 5583 3732 5644 είς
