3850 6200
405 191 504 254 351

1560 198 1957 258 MANUELIS
2001 197 2443 258 PAL:E€.)LOG[

3548 193 3658 265 352

409 323 541 362 nere
571 315 685 362 tum
745 307 898 374 fines,
945 317 1058 363 tum
1114 325 1232 380 qum
1272 311 1337 366 ad
1379 326 1474 368 eos
1523 313 1852 382 diriguntur,
1917 329 1980 366 ac

2101 316 2260 364 εκεϊνο
2291 313 2652 368 τελικὼτατον
2689 313 2872 382 τέλος,
2925 318 3062 388 πρὸς
3109 319 3205 386 ὅγε
3268 315 3446 371 πάντα
3492 316 3657 385 φύσει

410 410 672 469 praeterea
719 401 879 454 finem
948 401 1100 455 illum
1165 403 1644 472 perfectissimum,
1704 406 1772 459 ad
1823 420 1982 474 quem

411 491 594 544 omnia
629 500 823 544 natura
853 496 1080 547 tendunt
1109 494 1322 565 (Deum,
1374 497 1616 566 inquam,
1667 512 1831 566 supra
1862 497 1988 551 uni-

411 597 567 635 versa
599 582 878 652 positum),
942 595 996 638 et
1019 587 1111 654 qui
1179 587 1360 642 facere
1389 589 1525 654 vult,
1587 590 1732 658 quod
1793 589 1986 643 melius

411 686 534 726 esse
561 675 743 730 novit;
779 673 824 728 is
861 691 989 730 vero
1017 693 1115 732 nec
1159 679 1313 733 lactis
1343 679 1651 749 deliquerit,
1686 681 1986 748 needictis,

413 778 511 816 nec
539 765 983 832 cogitationibus,
1026 785 1125 824 nec
1150 771 1316 824 animi
1357 772 1464 826 ulla
1488 773 1570 827 vel
1594 763 1877 839 facultate,
1905 774 1990 830 vel

414 865 587 920 metu,
625 857 706 910 vel
749 857 1123 923 dispositione.
1159 861 1236 913 vel
1268 861 1570 917 affectione.

1150 953 1240 1008 [ιι.

485 1034 830 1092 Manifestum
873 1051 956 1095 est
1008 1059 1186 1111 regem
1232 1059 1354 1098 esse
1412 1045 1800 1113 legislatorem,
1846 1046 1990 1118 judi-

414 1143 643 1196 cenique
665 1131 1004 1188 subditorum
1046 1138 1440 1195 constitutum:
1478 1139 1749 1194 hominem
1810 1141 1990 1196 homi-

415 1238 543 1275 num
575 1240 590 1287 ;
623 1225 906 1278 mortalem
951 1231 1299 1296 mortalium;
1355 1234 1500 1286 nulla
1533 1249 1590 1288 re
1637 1236 1846 1289 czeteris
1895 1253 1988 1291 su-

412 1313 704 1379 perierem,
730 1318 834 1370 nisi
882 1318 1162 1380 dignitate.
1197 1320 1301 1376 Sed
1355 1323 1495 1378 idem
1541 1324 1714 1381 bonus
1774 1307 1992 1396 queque

413 1406 667 1468 rexerit,
697 1417 751 1460 et
787 1408 1067 1475 legislator
1090 1413 1257 1478 utilis,
1292 1421 1347 1468 et
1388 1417 1872 1483 prtestantissituus
1908 1417 1992 1486 ju-

413 1496 514 1549 dex
546 1522 562 1561 ,
595 1499 638 1551 si
673 1499 996 1568 priuetpetn,
1032 1513 1085 1555 et
1113 1503 1500 1571 legislaturem,
1525 1518 1581 1562 et
1601 1507 1839 1576 jttdicctn
1875 1511 1992 1580 ipse

415 1588 520 1639 sibi
555 1591 874 1652 constituet,
927 1609 1134 1663 proque
1196 1597 1406 1652 viribus
1448 1599 1803 1674 imitabiturh
1829 1612 1990 1656 aster-

2087 407 2340 465 κινεῖται,
2376 405 2510 473 ὅπερ
2544 406 2688 457 ἐστὶν
2713 407 2740 458 6
2771 405 2989 460 πάντων
3037 407 3320 469 ἐπέκεινα,
3361 408 3456 459 καὶ
3484 410 3658 459 ποιεῖν

2088 492 2285 545 ὲθέλων
2323 495 2460 563 ὅπερ
2517 493 2810 547 ἐπίσταται
2845 495 3057 565 βέλτιον
3106 496 3200 549 δν⁶
3232 499 3260 550 6
3291 495 3534 559 τοιοῦτος
3555 499 3661 550 οὐκ

2089 586 2155 639 ἂν
2183 585 2417 656 ἁμάρτοι
2447 587 2546 639 οὐκ
2566 586 2768 656 ἔργοις,
2797 588 2858 640 οὐ
2893 587 3096 655 λόγοις,
3124 589 3184 641 οὐ
3213 588 3518 658 λογισμοῖς,
3537 587 3664 640 οὐδὲ

2092 675 2194 743 μιᾷ
2225 675 2326 743 τῆς
2353 675 2530 745 ψυχῆς
2567 676 2798 746 δυνάμει
2837 694 2917 745 τε,
2967 679 3063 734 καὶ
3091 680 3328 750 κινήσει,
3357 679 3451 732 καὶ
3478 678 3666 732 διαθέ-

2091 782 2198 833 σει,
2231 766 2328 820 καὶ
2355 769 2560 837 σχέσει.
2617 790 2622 800 ι

2795 951 2848 1006 Ν
2848 952 2924 1006 A'.

2160 1038 2476 1110 Νομοθέτης
2511 1041 2610 1109 μὲν
2658 1042 2686 1093 6
2721 1041 2997 1112 βασιλεὺς,
3040 1043 3135 1095 καλ⁸
3187 1040 3380 1112 κριτὴς
3423 1039 3537 1094 τῶν
3569 1040 3666 1096 ὑπ’

2092 1136 2254 1190 αὐτὸν
2278 1137 2668 1201 ἀναδέδεικται,
2699 1136 3003 1208 ἀνθρώπων
3029 1137 3316 1208 ἄνθρωπος
3348 1137 3447 1201 ὢν,
3469 1138 3667 1204 eum»;

2094 1229 2326 1298 θνητῶν,
2362 1231 2529 1300 μηδὲν
2559 1230 2719 1284 πλέον
2747 1232 2888 1302 ἔχων
2917 1231 2950 1300 ἢ
3001 1231 3220 1300 σχῆμα·
3253 1231 3340 1300 εἴη
3372 1229 3420 1283 δ’
3460 1229 3526 1282 ἂν
3569 1231 3670 1282 καὶ

2097 1320 2348 1388 βασιλεὺς
2378 1321 2597 1388 ἀγαθὸς,
2624 1322 2716 1375 καὶ
2744 1322 3040 1391 νομοθέτης
3059 1320 3318 1390 χρηστὸς,
3349 1319 3444 1374 καὶ
3467 1323 3669 1389 κριτὴς

2093 1412 2167 1473 ὡς
2196 1414 2439 1481 ἄριστος,
2474 1413 2732 1484 ἄρχοντα,
2797 1416 2890 1467 καὶ
2949 1413 3270 1483 νομοθέτην,
3329 1415 3425 1465 καὶ
3466 1412 3671 1482 κριτὴν

2095 1503 2288 1554 ἑαυτοῦ
2317 1503 2665 1572 ποιούμενος,
2693 1506 2785 1556 καὶ
2803 1503 2876 1563 ὡς
2910 1503 3030 1554 ἐνὸν
3062 1502 3399 1570 μιμούμενος
3417 1502 3508 1554 τὸν
3531 1502 3674 1556 αἰῶ-ν

2097 1611 2210 1646 νιον
2237 1594 2642 1664 αὐτοκράτορα,
2695 1596 2786 1647 τὸν
2839 1595 2992 1665 αὐτῷ
3025 1595 3086 1646 τὸ
3119 1595 3399 1662 σκῆπτρον
3427 1593 3674 1662 ἐγχειρίι-

417 1695 546 1732 num
575 1680 728 1735 illum
783 1682 1190 1752 imperatorem,
1248 1688 1338 1756 qui
1401 1700 1678 1780 sceptrum
1737 1670 1800 1747 ei
1845 1693 1992 1747 dedit

2101 1699 2284 1742 σαντα,
2319 1682 2409 1735 τὸν
2441 1684 2536 1736 καὶ
2557 1685 2693 1736 πᾶσι
2725 1683 2826 1752 μὲν
2849 1685 2999 1753 ἑξῆς,
3032 1684 3269 1752 μάλιστα
3290 1684 3348 1736 δὲ
3367 1686 3477 1746 τοῖς
3511 1684 3676 1753 βασι-

418 1772 468 1823 in
503 1788 698 1830 manus
731 1818 744 1839 ,
787 1775 879 1845 qui
905 1789 963 1832 ut
999 1779 1258 1836 omnibus
1305 1782 1358 1835 in
1395 1772 1728 1848 universum,
1774 1786 1848 1839 ita
1881 1801 1996 1840 ma-

417 1869 561 1920 xime
595 1869 815 1936 regibus
861 1871 1104 1940 seipsnm
1159 1875 1315 1941 quasi
1350 1875 1635 1930 formulam
1678 1878 1994 1945 quamdam,

418 1968 473 2012 et
511 1974 780 2020 normam.
811 1971 866 2015 et
891 1961 1091 2030 legem,
1125 1979 1235 2018 non
1273 1965 1453 2018 minus
1475 1965 1652 2032 factis,
1691 1983 1852 2036 quam
1876 1985 1998 2024 ver-

418 2049 503 2104 bis
525 2050 755 2118 praebuit
786 2068 800 2117 ;
827 2055 985 2118 cuius
1021 2053 1260 2121 denique
1287 2056 1440 2125 justo
1485 2067 1618 2111 nutu
1652 2073 1836 2114 rerum
1879 2061 1995 2116 hzec

418 2141 750 2198 universitas
775 2147 1000 2212 regitur.
1060 2147 1424 2212 Quamobrem
1457 2151 1548 2217 qui
1603 2150 1731 2206 huic
1789 2154 1995 2208 servire

416 2235 703 2300 detrectat,
739 2246 836 2291 aut
863 2238 1082 2293 diversa
1119 2249 1359 2294 sectatur
1390 2243 1460 2296 ab
1489 2243 1573 2308 iis,
1605 2259 1728 2311 quae
1775 2245 1846 2298 ab
1875 2246 1994 2314 ipso

417 2325 558 2381 facta
586 2339 735 2390 sunt,
767 2340 858 2383 aut
904 2333 1224 2399 probantur,
1252 2335 1298 2390 is
1345 2339 1570 2390 omnino
1609 2353 1821 2405 servus,
1870 2354 1992 2392 om-

417 2420 548 2475 nino
579 2423 933 2492 mancipium,
986 2441 1086 2480 nec
1118 2429 1316 2494 sancti,
1377 2445 1477 2484 nec
1518 2431 1636 2485 sani
1675 2432 1989 2502 quidquam,

418 2513 551 2566 nihil
587 2530 825 2584 unquam
861 2515 984 2571 boni
1011 2518 1122 2572 ullo
1162 2521 1324 2574 modo
1357 2521 1560 2579 fecerit.

1170 2611 1283 2667 ιιι.

490 2696 852 2767 Corriguntur
880 2702 1143 2769 cxvmplis
1163 2704 1552 2771 quidam.alios
1582 2706 1751 2762 ﬂectit
1777 2709 1951 2765 oratio
1975 2727 1990 2764 :

419 2789 666 2842 nonnulli
735 2790 959 2845 stimulo
1005 2793 1269 2860 indigent,
1325 2797 1414 2850 alii
1461 2797 1639 2855 freno.
1702 2799 1827 2856 llazc
1881 2802 1990 2856 divi

417 2879 662 2948 Gregorii
690 2895 790 2936 \ox
832 2891 938 2938 est.
966 2884 1232 2940 Omnibus
1284 2890 1468 2943 omnia
1499 2891 1618 2955 fias,
1669 2893 1814 2960 quod
1852 2892 1904 2946 in
1939 2901 1991 2948 te

415 2972 636 3035 quidem
667 2975 786 3039 erit,
845 2985 1005 3042 prout
1047 2978 1273 3043 singulis
1323 2981 1610 3048 expediet:
1663 2992 1720 3035 ut
1765 2986 1989 3037 omnino

417 3065 707 3131 quosdam,
734 3066 895 3120 veluti
938 3069 1095 3123 divus
1130 3070 1422 3138 Apostolus
1471 3073 1557 3127 ille
1597 3075 1854 3143 loquitur,
1910 3078 1992 3131 lu-

416 3155 692 3209 crifacias.
716 3155 847 3209 Nam
901 3159 1015 3211 fieri
1067 3161 1271 3226 nequit,
1303 3173 1360 3214 ut
1414 3178 1638 3218 omnes:
1688 3167 1992 3234 quandone

418 3243 562 3300 Dens
617 3249 838 3313 quidem
882 3250 953 3309 id.
993 3251 1064 3304 ob
1107 3265 1225 3304 eam
1283 3261 1504 3308 causam
1581 3257 1744 3311 homo
1791 3258 1994 3314 factus.

311 3355 316 3359 τ
416 3339 686 3393 Omnibus
706 3347 884 3393 autem
924 3348 1139 3410 placere
1187 3344 1348 3397 nolis.
1406 3345 1618 3416 Quippe
1652 3353 1702 3401 si
1750 3354 1992 3407 omnibus

417 3429 698 3498 placerem,
755 3446 861 3483 non
896 3447 1062 3484 essent
1135 3432 1336 3489 Clirim'
1380 3453 1581 3500 servus,
1623 3439 1797 3508 inquit
1851 3441 1990 3497 idem

422 3513 740 3590 Apostolus.
787 3523 1169 3593 Arrogantiam
1203 3526 1304 3579 sibi
1357 3528 1619 3581 duntaxat
1665 3530 1989 3597 placentem,

423 3615 623 3685 ubique
663 3614 855 3683 fugito,
887 3617 1336 3671 contubernalem
1387 3621 1717 3687 solitudinis,
1753 3632 1811 3677 ut
1843 3623 1994 3679 Plato

421 3717 630 3761 censet.
663 3707 795 3761 Nam
819 3716 873 3761 et
905 3710 1165 3763 Servator
1217 3719 1403 3764 noster
1436 3711 1552 3779 ipee
1604 3714 1703 3768 sibi
1731 3732 1837 3768 non
1882 3716 1995 3782 pla-

420 3803 552 3863 cuit,
592 3802 666 3855 uti
691 3801 950 3864 scriptum
976 3811 1077 3863 est,
1115 3801 1208 3856 sed
1252 3817 1417 3855 unum
1451 3805 1550 3858 huc
1575 3815 1835 3874 perpetuo
1868 3823 1994 3876 spe-

420 3893 623 3955 ctabat,
651 3901 709 3945 ut
739 3892 908 3945 bonos
939 3893 1191 3946 meliores
1214 3892 1467 3954 efllcvret,
1506 3906 1557 3948 et
1585 3897 1778 3961 malos,
1799 3899 1996 3953 immu-

424 3994 567 4037 tatos
593 3982 812 4043 animis,
840 3983 1158 4050 corrigeret.
1188 3983 1323 4036 Cum
1359 3985 1502 4038 enim
1530 3988 1711 4040 omnia
1744 3990 1824 4058 sic
1848 4005 1996 4044 com-

425 4085 612 4143 parata
639 4076 769 4137 sint,
812 4083 871 4128 ut
926 4074 1184 4129 aflinitate
1218 4077 1436 4144 quidem
1490 4080 1751 4145 alliciant,
1810 4081 1994 4136 diver-

420 4173 582 4224 sitate
640 4183 766 4222 vero
815 4176 1298 4235 avertant;atque
1351 4169 1527 4237 ipsum
1576 4174 1890 4227 confirmari
1927 4175 1992 4226 ad

422 4263 792 4332 improborum
825 4275 1031 4322 mores,
1058 4271 1115 4312 ut
1157 4275 1250 4314 eos
1290 4261 1355 4314 ad
1413 4262 1722 4317 societatem
1762 4265 1842 4318 sui
1880 4265 1997 4335 pel-

423 4357 630 4413 liceret.
658 4356 882 4408 minime
939 4355 1298 4407 conveniebat
1345 4355 1567 4422 (quippe
1633 4359 1904 4412 hominem
1943 4361 1994 4413 id

420 4449 716 4508 decuisset,
759 4445 1179 4508 nedumDeum).
1239 4458 1663 4502 consentaneum
1723 4463 1858 4517 erat,
1895 4455 1996 4508 hoc

419 4543 604 4611 potius
634 4538 786 4608 eligi,
825 4545 886 4592 ut
915 4539 1063 4605 ipsus
1089 4541 1154 4591 ad
1180 4541 1518 4594 censoriium
1564 4559 1720 4595 suum
1765 4557 1993 4596 conver—

421 4645 575 4694 teret,
609 4631 742 4684 etad
775 4631 1197 4684 salutemunanu
1249 4633 1404 4696 quasi
1458 4634 1703 4684 (Ιηρι-ινμι.
1760 4633 1857 4686 l-lie
1897 4634 1992 4686 tibi

421 4725 616 4779 modus
647 4722 996 4790 usurpandus
1040 4723 1163 4780 erit,
1202 4737 1323 4773 cum
1352 4722 1490 4776 male
1541 4724 1783 4776 viventes
1825 4725 1995 4777 corri-

416 4834 548 4888 gere
588 4817 752 4870 voles.

1128 4903 1262 4960 Llll.
1299 4957 1301 4959 ,

489 4999 720 5069 Insignis
746 5007 829 5054 est
855 5011 1058 5053 corona
1082 5013 1292 5068 regum,
1342 4998 1818 5068 puleherrimeque
1869 5015 2001 5054 con-

418 5102 586 5158 texta,
615 5093 836 5147 mistum
870 5091 1246 5160 intelligentiae
1297 5093 1462 5146 robur
1521 5093 1789 5159 corporis.
1840 5092 1995 5157 Quod

420 5186 465 5240 si
516 5201 544 5241 a
601 5184 868 5256 potestate
920 5185 1062 5238 absit
1142 5185 1398 5246 eruditio,
1430 5193 1542 5238 tum
1591 5185 1766 5252 ipsum
1806 5185 1997 5245 robur,

419 5286 535 5331 tum
571 5276 838 5346 quidquid
890 5276 1038 5330 aliud
1069 5277 1188 5342 ejus
1222 5285 1308 5330 est
1347 5277 1585 5344 generis,
1633 5284 1994 5354 praeterquam

420 5371 565 5437 quod
591 5369 726 5423 nihil
747 5383 933 5424 secum
973 5367 1079 5424 fert
1115 5367 1266 5430 boni,
1301 5366 1486 5420 damni
1543 5380 1764 5434 quoque
1794 5366 1997 5434 saepius

423 5462 768 5515 occasionem
793 5460 1015 5529 prmbct.
1051 5457 1264 5528 Quippe
1296 5474 1393 5511 nec
1413 5473 1588 5527 equus
1608 5458 1889 5511 animosus
1915 5466 2000 5511 at-

425 5567 532 5619 que
551 5551 808 5607 robustus
827 5553 946 5606 usui
969 5553 1132 5606 fuerit
1153 5551 1320 5619 equiti
1342 5550 1569 5619 vulgari.
1589 5548 1817 5615 Quando
1836 5548 2002 5619 igitur

430 5645 592 5698 etiam
627 5645 680 5699 id
708 5643 932 5700 noxium
981 5653 1081 5708 cst,
1131 5643 1276 5714 quod
1325 5643 1464 5698 inest
1511 5649 1719 5697 natura:
1771 5642 1996 5705 bonum,

2097 1771 2283 1826 λεῦσιν
2304 1773 2500 1826 ἑαυτὸν
2535 1777 2927 1844 παρεσχηκότα
2956 1777 3151 1840 τύπον,
3181 1777 3274 1826 καὶ
3303 1775 3526 1836 κανόνα,
3574 1775 3676 1826 καὶ

2097 1863 2283 1932 νόμον.
2318 1866 2417 1934 οὐχ
2441 1862 2604 1936 ἦττον
2640 1865 2823 1935 ἔργοις
2855 1867 2886 1936 ἢ
2925 1867 3126 1934 λόγοις.
3162 1860 3237 1920 Οὗ
3271 1867 3365 1920 καὶ
3387 1869 3452 1935 τῇ
3486 1868 3676 1936 δικαίᾳ

2095 1955 2262 2026 ψήφῳ
2303 1958 2454 2011 τουτὶ
2478 1959 2538 2010 τὸ
2577 1959 2800 2028 σύμπαν
2831 1958 3089 2014 ἰθύνεται.
3131 1960 3220 2020 Ὧς
3252 1960 3281 2013 6
3303 1976 3373 2027 ,γε
3409 1959 3543 2028 πρὸς
3568 1961 3672 2028 τὴν

2096 2046 2250 2099 τοῦδε
2277 2047 2522 2100 δουλείαν
2561 2049 2900 2118 ἀφηνιάζων,
2948 2049 3106 2119 ἢτὴν
3157 2049 3407 2103 ἐναντίαν
3438 2050 3672 2118 βαδίζων

2095 2136 2204 2188 τῶν
2238 2137 2430 2208 ἐκείνῳ
2463 2140 2868 2209 πεπραγμένων
2916 2141 2950 2208 ἢ
2999 2127 3340 2211 φιλουμένων
3371 2143 3506 2204 ὅλως
3540 2141 3669 2196 δοῦ-

2094 2225 2207 2290 λος,
2256 2228 2392 2290 ὅλως
2429 2229 2783 2299 ἀνδράποδον,
2835 2231 2988 2284 οὐδὲν
3039 2232 3216 2300 ὑγιὲς,
3266 2233 3421 2287 οὐδὲν
3449 2232 3520 2287 ἂν
3551 2231 3669 2288 0156‘

2095 2319 2399 2374 ὁπωστιοῦν
2426 2321 2672 2376 οὐδέποτ’
2698 2323 2992 2392 ἐργάσαιτο
3029 2325 3266 2396 χρηστόν

2819 2608 2939 2666 NB'.

2166 2695 2303 2761 Τοὺς
2341 2698 2441 2768 μὲν
2469 2697 2591 2766 ἄγει
2614 2699 2792 2768 λόγος,
2820 2703 2868 2754 oi
2892 2703 2951 2755 δὲ
2989 2702 3348 2773 ρυθμίξονται
3370 2704 3681 2774 παραδειγ-

2099 2803 2248 2857 ματι.
2293 2790 2358 2844 Οἱ
2398 2790 2498 2858 μὲν
2525 2790 2740 2846 δέονται
2772 2794 3003 2864 κέντρου
3033 2834 3048 2859 ,
3077 2796 3127 2848 of
3154 2795 3212 2849 δὲ
3248 2797 3491 2866 χαλινοῦ.
3524 2801 3680 2870 Γρη-

2097 2883 2282 2951 γορίου
2313 2883 2457 2936 θείου
2505 2884 2664 2938 τοῦτο
2709 2886 2883 2956 φωνή.
2915 2885 3081 2939 Γενοῦ
3115 2888 3178 2959 δὴ
3241 2891 3374 2944 πᾶσι
3405 2894 3580 2945 πάντα
3615 2895 3681 2946 τὺ

2095 2973 2236 3026 κατὰ
2285 2975 2346 3026 σὲ
2376 2974 2513 3044 πρὸς
2550 2976 2611 3028 τὸ
2648 2977 2928 3046 συμφέρον
2973 2979 3258 3030 ἑκάστων·
3316 2981 3403 3034 ινα
3453 2984 3682 3039 πάντως

2094 3065 2240 3127 τινας
2279 3065 2568 3140 κερδάνῃς,
2599 3068 2742 3120 κατά
2771 3069 2861 3120 τὸν
2894 3067 3036 3146 θεῖον
3073 3069 3419 3126 Ἀπὸστολον.
3455 3073 3683 3136 Πάντας

2096 3156 2204 3224 γὰρ
2233 3155 2520 3221 ἀδύνατον,
2555 3157 2715 3210 ὁπότε
2749 3158 2873 3226 μηδ’
2899 3161 2927 3211 6
2956 3160 3107 3222 Θεὸς,
3137 3161 3278 3232 ὑπὲρ
3298 3163 3488 3215 τούτου
3511 3180 3653 3230 γεγο
3671 3196 3687 3204 -

2094 3245 2198 3308 νὼς
2232 3246 2539 3316 ἄνθρωπος.
2585 3250 2676 3320 Μὴ
2709 3251 2828 3304 θέλε
2865 3252 2921 3304 δὲ
2954 3254 3127 3305 πᾶσιν
3159 3255 3437 3323 ἀρέσκειν,
3467 3255 3532 3308 El
3557 3257 3682 3323 γὰρ

2094 3336 2284 3391 πᾶσιν
2325 3337 2611 3406 ἤρεσκον,
2649 3341 2909 3409 Χριστοῦ
2952 3343 3174 3410 δοῦλος
3223 3347 3335 3400 οὐκ
3376 3347 3453 3414 ὅσ
3484 3346 3682 3415 ἤμην,

2097 3431 2263 3496 φησὶν
2295 3433 2321 3480 6
2353 3431 2513 3493 αὐτὸς
2556 3432 2902 3497 Ἀπόστολος.
2956 3435 3132 3503 Φεῦγε
3184 3435 3241 3489 δέ
3276 3454 3366 3506 μοι
3396 3439 3686 3505 πανταχοῦ

2095 3520 2195 3588 τὴν
2213 3519 2521 3586 αὐθάδειαν,
2537 3525 2744 3596 ἐρημίᾳ
2762 3528 3034 3591 σύνοικον,
3057 3527 3198 3580 κατὰ
3225 3529 3685 3583 Πλάτωνα.Ἒπεὶ

2095 3612 2190 3663 καὶ
2217 3613 2246 3665 6
2298 3614 2490 3684 Σωτὴρ
2519 3616 2679 3684 ἡμῶν
2727 3618 2824 3687 οὐχ
2873 3619 3052 3690 ἑαυτῷ
3084 3621 3304 3690 ἤρεσεν,
3338 3621 3527 3692 ὥσπερ
3576 3625 3683 3691 γέ-

2094 3722 2365 3775 γραπται,
2399 3707 2515 3761 ἀλλ’
2543 3708 2602 3761 ἒν
2632 3725 2694 3775 γε
2729 3710 2885 3765 τοῦτο
2926 3712 3144 3765 σκοπῶν
3171 3714 3489 3778 διετέλεσεν,
3521 3717 3681 3781 ὅπως

2094 3797 2223 3860 τούς
2247 3816 2304 3850 τε
2333 3803 2734 3869 χρηστοτέρους
2761 3801 3002 3872 βελτίους
3029 3804 3202 3876 δείξῃ,
3243 3806 3339 3858 καὶ
3379 3807 3500 3868 τοὺς
3530 3825 3684 3874 φαυ-

2095 3889 2345 3960 λοτέρους
2372 3891 2840 3962 ἐπανορθώσηται,
2896 3893 3399 3964 μεταϐαλλομένους
3421 3897 3519 3967 τὴν
3535 3898 3690 3964 γνῶ-

2101 3998 2231 4050 μην.
2277 3981 2496 4052 Ἐπειδὴ
2526 3983 2634 4052 γὰρ
2671 3984 2882 4052 πέφυκε
2916 3985 3092 4038 πάντα
3127 3987 3192 4055 τῇ
3225 3985 3327 4054 μὲν
3357 3989 3686 4056 γνησιότητι

2097 4074 2328 4142 θέλγειν,
2361 4078 2426 4146 τῇ
2475 4075 2520 4128 δ’
2551 4075 2922 4145 ἀλλοτριότητι
2969 4078 3306 4148 ἀποτρέπειν
3331 4095 3346 4108 ·
3379 4081 3473 4132 καὶ
3506 4097 3690 4148 μετα-

2098 4165 2393 4234 ϐεϐλῆσθαι
2448 4165 2638 4219 τοῦτον
2693 4171 2828 4235 προς
2873 4167 2942 4219 τὰ
2989 4168 3096 4220 τῶν
3139 4169 3390 4238 πονηρῶν
3434 4170 3562 4239 ἢθη,
3599 4169 3687 4232 ὡς

2098 4257 2467 4326 ὲφελκύσηται
2497 4259 2718 4320 τούτους
2753 4259 2885 4328 πρὸς
2917 4260 3017 4327 τὴν
3058 4258 3224 4312 αὑτοῦ
3256 4260 3686 4324 κοινωνίαν,ού-

2035 4373 2074 4426 ι)
2099 4352 2288 4419 δαμῶς
2325 4353 2648 4422 γιγνόμενον
2678 4349 2745 4422 ἦν
2775 4352 2855 4420 (οὐ
2887 4353 2996 4421 γὰρ
3016 4353 3149 4422 προς
3183 4352 3400 4420 ἀνδρὸς,
3429 4352 3586 4421 μήτοι
3615 4369 3686 4418 γε

2095 4444 2159 4512 δὴ
2175 4443 2354 4512 Θεοῦ)·
2373 4445 2517 4506 εἰκὸς
2540 4441 2606 4512 ἦν
2626 4447 2798 4496 ἐκεῖνο
2823 4445 3024 4512 μᾶλλον
3042 4443 3258 4497 ἑλέσθαι
3279 4447 3498 4506 τούτους
3519 4460 3694 4510 μετα.

2099 4538 2283 4590 ϐαλεῖν
2312 4538 2446 4605 πρὸς
2501 4538 2598 4607 τὴν
2633 4537 2799 4590 αὐτοῦ
2836 4538 3164 4604 μετουσίαν,
3208 4537 3460 4605 καὶπρὸς
3504 4553 3690 4605 σωτη-

2103 4631 2222 4699 ρίαν
2265 4631 2549 4699 ὁδηγῆσαι.
2593 4630 2760 4691 03:6;
2802 4648 2886 4682 σοι
2923 4630 3188 4698 χρηστέος
3227 4633 3254 4683 6
3284 4629 3506 4698 τρόπος,
3531 4629 3684 4699 διορ-

2101 4722 2324 4774 θοῦσθαι
2352 4723 2558 4775 θέλοντι
2588 4724 2805 4790 φαύλως
2837 4723 3067 4788 ζῶντις.

2833 4900 2951 4958 Nl".

2186 4999 2372 5069 Ῥώμη
2397 4998 2648 5066 σώματος
2682 4997 3102 5065 συγκεκραμένη
3126 4994 3344 5046 συνέσει
3370 4990 3684 5058 πεπλεγμέ-

2101 5107 2192 5153 νος
2222 5090 2420 5158 ἄριστα
2441 5086 2553 5150 τοῖς
2569 5085 2964 5158 τυραννεύουσι
2986 5085 3269 5152 στέφανος.
3297 5084 3414 5137 Κᾶν
3440 5083 3553 5152 ἀπῇ
3578 5082 3690 5149 τῆς

2102 5178 2476 5248 δυναστείας-ἡ
2520 5177 2828 5240 παίδευσις.
2860 5177 2923 5229 τὺ
2954 5178 3146 5246 ῥώμης
3179 5176 3396 5245 χρῆμα,
3427 5176 3521 5227 καὶ
3567 5174 3687 5226 πᾶν

2099 5272 2365 5329 τοιοῦτον.
2394 5271 2528 5340 πρὸς
2557 5270 2635 5338 τῷ
2663 5269 2830 5339 μηδέν
2864 5286 2916 5320 τι
2948 5269 3337 5336 προσενεγκεῖν
3357 5267 3465 5318 τῶν
3495 5265 3688 5317 καλῶν

2104 5367 2200 5418 καὶ
2231 5363 2434 5433 βλάϐην
2463 5363 2613 5414 ἔστιν
2637 5363 2724 5414 ὅτε
2754 5349 3326 5431 προύξένησεν.’Ἑπεὶ
3353 5356 3477 5426 μηδ’
3515 5355 3690 5419 ῐππος

2104 5453 2456 5525 ὐπέρθερμός
2485 5471 2545 5505 τε
2566 5454 2662 5506 καὶ
2689 5450 2910 5521 ἰσχυρὸς
2944 5451 3117 5503 ἱππέα
3153 5449 3424 5520 βάναυσον
3449 5446 3690 5516 ὤνησεν.

2106 5552 2276 5603 Ὅταν
2293 5546 2385 5600 οὖν
2408 5546 2502 5599 καὶ
2519 5547 2578 5598 τὸ
2599 5543 2764 5598 καλὸν
2787 5545 2886 5614 τῆς
2907 5543 3124 5611 φύσεως
3147 5538 3694 5611 βλαϐερὸν,παιδείας

2109 5644 2372 5710 ἄγευστον
2399 5637 2480 5702 ὃν,
2516 5637 2699 5691 πόσων
2726 5635 2904 5691 etiam»;
2935 5636 3029 5690 καὶ
3055 5633 3292 5704 σπουδῆς
3313 5629 3571 5685 ὠνεῖσθαι
3586 5628 3692 5700 τὴν
