4024 6210
246 424 334 489 353
1170 425 1586 487 PR/ECEPTA
1626 426 2144 489 EDUCATIONIS
2184 427 2468 491 REGI/li.
3362 432 3469 496 354

247 538 459 607 μάθησιν
489 535 606 601 δεῖς
640 534 819 590 Καίλδν
850 534 904 588 δέ
931 535 1022 588 καὶ
1056 536 1154 608 ἡδὺ
1183 538 1364 607 θέαμα
1393 543 1485 593 καὶ
1509 541 1788 609 παράχλη.

1898 543 1943 596 si
1976 544 2044 598 ab
2064 545 2372 599 eruditione
2403 546 2767 601 destituatur:
2800 546 3018 615 quantis
3039 546 3339 617 laboribus,
3363 568 3471 621 quo

246 646 316 693 σις
342 630 454 698 ἅμα
479 630 618 699 πρὸς
650 626 902 696 τάγαθὸν,
933 627 1122 699 νεότης
1147 630 1463 699 φιλομαθῶς
1484 648 1545 684 τε
1570 631 1788 701 ἔχουσα,

1901 636 2105 699 studio,
2153 637 2417 690 doctrina:
2462 636 2703 711 cognitio
2754 646 2838 690 est
2894 641 3261 706 comparanda
3289 643 3467 694 ‘iPnl—

244 719 325 774 καὶ
365 721 609 788 ἐνεργεῖν
647 718 941 787 ἐθέλουσα,
987 718 1017 773 δ
1074 720 1388 791 μεμάθηκε.
1424 721 1645 784 Σύνεσις
1689 722 1788 789 γὰρ

1900 728 2095 781 chrum
2128 741 2260 781 sane
2282 727 2701 797 jucu’ndumque
2737 733 3109 798 spectaculum
3166 742 3270 796 est,
3303 744 3357 788 et
3389 739 3472 788 in-

245 809 400 881 ἀγαθὴ
431 811 492 864 οὐ
524 811 640 874 τοῖς
680 814 930 874 συνετοῖς
974 811 1186 879 ἁπλῶς,
1215 813 1353 867 ἀλλά
1392 815 1505 876 τοῖς
1551 813 1788 867 ποιοῦσιν

1900 806 2256 871 eitamentum
2300 817 2575 885 quoddam
2613 818 2679 871 ad
2706 818 2930 885 bonum,
2987 821 3249 888 juventus
3291 833 3345 877 et
3381 823 3469 877 di-

244 903 407 972 αὺτήν.
430 903 587 954 Δυοῖν
616 901 711 955 οὖν
732 894 933 966 δύτοιν,
967 903 1161 974 ἄρχειν
1192 922 1275 968 τε,
1305 908 1399 958 καὶ
1435 906 1653 975 ίδιῶτην
1690 909 1788 960 ὑπ-

1897 907 2085 963 scendi
2139 908 2355 977 cupida,
2392 917 2447 962 et
2495 910 2641 978 quod
2700 909 2913 973 didicit,
2954 910 3089 980 ipsis
3125 913 3282 968 factis
3330 930 3470 983 pra:-

166 998 177 1007 “
246 994 432 1062 ἁρχιιν,
469 996 564 1045 καὶ
606 995 873 1065 ἐκατέρου
900 996 1282 1066 διαιρουμένου
1315 1001 1396 1061 είς
1421 998 1484 1050 τὸ
1521 998 1699 1060 καλῶς
1735 1015 1788 1050 τε

1896 1001 2317 1056 standi.Pcritia
2347 1017 2583 1071 namque
2611 1018 2719 1056 non
2774 1000 3091 1072 simpliciter
3152 1006 3341 1074 peritis
3385 1017 3468 1060 est

244 1084 445 1152 καὶμὴ,
480 1082 700 1156 ζηλωτὴ
746 1090 846 1154 μὲν
884 1086 1135 1155 ξυνωρὶς,
1184 1089 1231 1142 εί
1277 1089 1337 1152 ἐξ
1369 1091 1577 1159 ἀμφοῖν
1623 1089 1788 1160 αὐτὴν

1895 1092 2057 1157 bona,
2104 1093 2198 1148 sed
2232 1093 2486 1163 peritiam
2521 1109 2675 1149 suam
2716 1095 3140 1150 declarantibus.
3173 1096 3309 1150 Cum
3337 1112 3467 1164 ergo

246 1174 642 1245 ξυναρμόσειας,
670 1178 702 1246 ἡ
734 1178 830 1230 τοῦ
848 1178 1039 1248 ἄρχειν
1065 1180 1160 1233 καὶ
1186 1180 1368 1243 καλῶς
1392 1197 1405 1211 ο
1432 1182 1493 1243 ού
1524 1181 1630 1252 μὴν
1657 1181 1702 1234 δ’
1728 1182 1788 1235 ἂν

1892 1185 2015 1236 duo:
2040 1197 2128 1235 res
2149 1183 2280 1245 sint,
2309 1182 2598 1252 imperare,
2633 1198 2696 1238 ac
2738 1187 3007 1252 privatum
3055 1200 3195 1251 esse,
3231 1198 3464 1254 quorum

244 1268 315 1338 εἴη
345 1269 447 1320 τῶν
481 1270 583 1322 οὐκ
620 1272 1039 1347 ἐπαινουμένων
1072 1272 1132 1325 τὸ
1155 1273 1249 1325 καὶ
1279 1274 1381 1345 τὴν
1409 1277 1609 1344 μοῖραν
1640 1277 1788 1343 στέρ·

1896 1285 2185 1343 utrumque
2248 1278 2601 1346 distinguitur
2632 1279 2685 1330 in
2719 1278 2793 1343 id,
2848 1280 2992 1347 quod
3031 1289 3198 1341 recte,
3248 1294 3467 1348 quoque

246 1375 384 1426 γοντα
433 1359 532 1427 τῆς
565 1361 839 1425 ἰδιωτείας
867 1362 927 1415 τὸ
982 1364 1169 1434 σχῆμα
1216 1363 1416 1427 σώζειν
1442 1365 1540 1426 κὼς
1569 1364 1792 1435 ἄριστα.

243 1451 479 1504 Δείπεται
510 1453 768 1507 κάκιστον
799 1451 960 1519 εἶναι,
990 1443 1384 1510 δυναστεύοντα
1413 1457 1622 1521 κακῶς,
1671 1455 1791 1525 Θεῷ

243 1544 321 1594 καὶ
340 1545 600 1598 συνειδότι
618 1547 1005 1617 προσκρούειν,
1029 1548 1187 1625 δόξης
1204 1550 1388 1620 κενῆς,
1418 1550 1628 1603 καὶτοῦ
1656 1567 1793 1621 χρη·

242 1637 542 1706 ματίζεσθαι
576 1641 669 1692 καὶ
701 1639 972 1710 ῥᾳθυμεῖν
996 1641 1180 1695 ἕνεκα.

1893 1382 2052 1423 secus
2076 1368 2164 1421 fit:
2221 1368 2496 1437 egregium
2542 1383 2676 1422 sane
2720 1384 2817 1436 par
2870 1368 3057 1432 fuerit,
3094 1384 3157 1423 ex
3198 1370 3465 1424 ambobus

1893 1458 2213 1525 conflatum,
2273 1461 2544 1528 imperare
2595 1460 2824 1521 scilicet,
2879 1477 2942 1515 ac
2974 1469 3123 1517 recte
3171 1462 3464 1532 imperare.

1889 1550 2000 1605 Nec
2036 1551 2213 1605 laudis
2265 1565 2461 1620 expers
2513 1551 2636 1614 erit,
2673 1551 2767 1619 qui
2799 1560 2946 1605 sorte
3009 1567 3107 1606 sua
3156 1561 3463 1611 contentus.

1889 1644 2014 1698 vitae
2047 1644 2270 1713 privatae
2299 1643 2562 1696 rationem
2601 1658 2761 1712 quam
2794 1644 2999 1712 Optime
3036 1653 3235 1698 tuetur.
3255 1642 3463 1703 Restat,

238 1749 341 1790 esse
367 1736 689 1803 pessimum,
719 1737 812 1807 qui
841 1748 1110 1808 potestate
1143 1740 1395 1809 abutens,
1428 1738 1597 1797 Deum
1630 1738 1837 1811 pariter
1868 1749 1921 1794 et
1947 1739 2345 1794 conscientiam
2411 1738 2637 1792 offendit
2706 1753 2859 1792 vanae
2905 1738 3112 1809 gloriae,
3187 1754 3349 1808 opum
3411 1745 3469 1793 et

240 1828 444 1898 ignavia:
474 1842 665 1884 causa.

938 1918 1062 1975 NA"

298 2011 451 2066 οὐδὲν
481 2012 613 2084 ύμῖν
638 2012 735 2075 τὰς
760 2010 939 2075 λύπας
959 2012 1212 2082 ἐντήκειν
1245 2010 1461 2077 εἴωθεν.
1489 2012 1566 2079 ὡς
1591 2014 1654 2067 τὸ
1669 2016 1791 2078 ταῖς

236 2103 537 2172 ἐπιθυμίαις
584 2104 803 2157 ἔκδοτον
842 2101 1004 2158 εἶναι.
1057 2106 1252 2174 Ζητεῖν
1302 2104 1402 2173 μὲν
1435 2107 1542 2176 γὰρ
1572 2107 1790 2176 ἀνάγκη

234 2197 314 2249 τὸν
334 2198 638 2267 ἐφιέμενονο
662 2197 722 2250 ἐν
749 2198 805 2252 δέ
826 2197 905 2267 τῷ
929 2196 1029 2268 βίῳ
1056 2196 1125 2251 τὰ
1145 2197 1245 2263 τῆς
1265 2199 1566 2269 ἀποτυχίας
1588 2200 1790 2254 πλεον-

237 2290 388 2342 εκτεῖ.
446 2289 558 2341 Καὶ
592 2288 764 2341 πολλὰ
795 2304 879 2351 τις
907 2288 1137 2351 ἐλπίσας
1165 2288 1442 2360 εὑρήσειν,
1469 2291 1670 2359 ὀλίγων
1690 2291 1789 2361 μό-

234 2379 307 2441 λις
349 2378 733 2450 ἐπιτετύχηκε.
770 2378 935 2431 Τουτὶ⁸
985 2378 1045 2431 δέ
1101 2378 1227 2449 ῥίζα
1255 2379 1353 2433 τοῦ
1394 2380 1677 2451 τήκεσθαι.
1717 2380 1791 2435 Τὸ

236 2469 331 2540 ἄρα
358 2472 591 2541 πάσχειν
620 2470 960 2537 λυπούμενον
993 2472 1057 2523 ἐκ
1087 2471 1196 2525 τῶν
1221 2471 1531 2542 ἐπιθυμιῶν
1566 2474 1641 2539 ὡς
1672 2476 1791 2528 ἐπι-

236 2561 412 2615 τοπολὺ
437 2563 713 2630 γίγνεται.
739 2563 849 2616 Καὶ
866 2562 1053 2616 λοιπὸν
1085 2562 1213 2617 νοῦν
1242 2565 1425 2635 ἔχουσι
1452 2566 1522 2618 τὰ
1540 2565 1641 2636 τῆς
1669 2569 1791 2620 ἐπι-

237 2650 421 2720 θυμίας
456 2651 753 2717 κολάζειν·
801 2654 869 2706 ἵν’
916 2650 1045 2727 ᾖτδ
1074 2653 1269 2709 δάκνον
1321 2656 1503 2725 ὀλίγον
1546 2659 1789 2721 σπανίως

236 2742 685 2813 ἀποτυγχάνουσι.
713 2744 821 2797 Καὶ
844 2742 1020 2807 ἄλλως
1042 2743 1100 2797 δέ
1129 2749 1442 2815 περινοστεῖ
1461 2745 1555 2799 τὸν
1578 2746 1789 2816 ἀνθρώ-

235 2854 376 2893 πινον
406 2839 527 2909 βίον
569 2835 958 2906 συμπτώματά
993 2853 1116 2889 τινα
1148 2835 1474 2905 πλήττοντα,
1518 2837 1614 2890 καὶ
1658 2838 1788 2908 ῥᾷον

232 2933 289 2985 ἄν
302 2949 382 2995 τις
407 2931 623 3000 γένοιτο
646 2929 932 2998 πτηνὸνέξ
953 2928 1262 2999 ἀνθρώπου,
1283 2929 1315 2999 ἢ
1339 2928 1571 2999 καθαρὸς
1595 2928 1787 2997 ὀφθείη

229 3025 467 3079 τουτωνί.
501 3023 830 3094 Πειρᾶταιδ’
860 3021 958 3075 οὖν
986 3022 1188 3086 αὐτῶν,
1209 3022 1276 3090 ἢν
1305 3021 1530 3092 ἐπέλθῃ,
1561 3022 1679 3092 οὐχὶ
1698 3038 1789 3073 το-

232 3115 409 3169 σοῦτον
433 3115 648 3185 ἀγρίων
679 3117 708 3168 ὁ
739 3112 1201 3186 προύργιαίτερον
1231 3114 1460 3184 θέμενος
1507 3114 1718 3183 φέρειν,
1751 3112 1789 3168 ἃ

233 3205 300 3277 μὴ
324 3206 551 3262 δύναται
578 3206 825 3278 διορθοῦν
849 3221 863 3236 ·
892 3203 1052 3269 εἰδὼς
1085 3205 1164 3277 μὴ
1196 3201 1339 3263 εἶναι
1370 3206 1597 3261 δυνατὸν
1641 3204 1788 3278 λύπῃ

229 3298 282 3351 τὸ
307 3299 510 3355 λυποῦν
544 3300 866 3357 ἀποθέσθαι.
906 3360 921 3372 ,

937 3571 1057 3628 NE'.

291 3666 609 3735 Φιλοσοφίαν
626 3665 1071 3736 ἐπιδεικνύμινός
1090 3663 1295 3726 τιςτῶν
1314 3662 1575 3732 ποιητῶν,
1595 3660 1787 3733 εἴρηκε

217 3758 419 3813 τοιάνδε
448 3757 686 3827 γνώμην
704 3767 722 3809 ξ

358 3850 481 3903 οὐκ
511 3849 688 3901 ἐστιν
701 3845 900 3916 εὑρεῖν
922 3845 1067 3909 βίον
1090 3844 1334 3899 ἄλυπον
1355 3844 1425 3897 ἐν
1452 3842 1678 3898 οὐδενί.

287 3940 491 4004 Πάντες
523 3939 624 4010 μὲν
650 3935 746 3992 οὖν
774 3937 968 4006 ἐκείνῳ
990 3935 1452 4005 συμφθέγξονται,
1472 3938 1567 4003 τῆς
1591 3936 1789 4003 πείρας

226 4030 579 4100 διδασκούσης
606 4029 840 4100 τάληθές
866 4044 882 4061 ο
916 4027 1146 4080 δοκεῖδέ
1175 4045 1267 4097 μοι
1301 4026 1421 4079 λίαν
1457 4032 1625 4096 σαφὲς
1657 4043 1787 4079 κατ·

228 4123 576 4178 ισκευακὲναι
604 4123 696 4173 τὸν
734 4121 929 4189 ἄνδρα.
961 4120 1233 4183 Ἕκαστος
1255 4120 1364 4187 γὰρ
1397 4119 1684 4171 ἐπίσταται
1725 4119 1789 4172 ἐκ

226 4214 324 4270 τῶν
372 4216 524 4268 ιδίων
563 4212 956 4282 ἀτυχημάτων,
991 4213 1085 4266 καὶ
1121 4210 1320 4278 γένοιτ’
1352 4209 1419 4263 ἂν
1467 4207 1789 4270 διδάσκαλος

225 4306 321 4359 τῶν
348 4309 403 4360 ἐν
432 4306 512 4376 τῷ
533 4306 639 4377 βίῳ
666 4306 875 4359 κακῶν.
902 4304 1200 4371 Φιλόσοφον
1224 4302 1279 4353 δὲ
1304 4301 1477 4371 ἀληθῆ
1505 4300 1789 4369 νομιστέον

184 4404 190 4408 ’
226 4397 310 4451 τδν
340 4400 546 4468 μᾶλλον
594 4398 777 4467 ἔργοις
813 4396 845 4467 ἢ
876 4396 1053 4462 λόγοις
1100 4393 1572 4462 ἐπιδεικνύμενον.
1608 4393 1705 4460 Εἴτε
1743 4392 1789 4444 δ’

228 4491 287 4544 ἂν
310 4491 462 4555 οὗτος
503 4492 735 4553 ἐκεῖνος,
769 4487 799 4538 ὁ
829 4487 1010 4539 καλῶν
1039 4484 1187 4554 αὑτῴ
1214 4484 1486 4553 κειμένων
1521 4484 1599 4545 si;
1637 4483 1791 4552 αίρε-

230 4599 304 4635 σιν
354 4585 414 4637 τὸ
437 4585 699 4655 κρεῖττον
732 4579 1085 4647 ἐκλεγόμενος
1111 4593 1124 4607 ·
1152 4577 1341 4630 κακῶν
1372 4576 1431 4628 δὲ
1464 4574 1786 4644 ἐπενεχθέν-

229 4689 343 4740 των,
368 4674 431 4728 τὸ
452 4674 789 4741 κουφότερον
812 4670 1122 4738 δεχόμενος,
1155 4666 1254 4720 καὶ
1273 4667 1332 4719 τὸ
1367 4667 1465 4736 μὲν
1494 4666 1660 4718 καλὸν
1688 4681 1788 4719 κα·-

229 4761 322 4826 λῶς
348 4764 739 4834 ἐργαζόμενος,
763 4763 823 4812 τὸ
848 4760 905 4812 δὲ
935 4758 1170 4826 χαλεπὸν
1198 4755 1542 4828 πειρώμενος
1573 4756 1786 4826 φέρειν,

232 4853 295 4915 ὡς
330 4856 588 4925 ἐλάχιστα
625 4855 979 4921 λυπούμενος.

167 5100 183 5119 ι
295 5127 473 5182 Ἥδιον
498 5117 723 5199 εἰρήνης
743 5124 918 5190 οὐδὲν,
943 5125 1003 5177 οὐ
1031 5124 1101 5194 μό
1112 5142 1192 5177 ιον
1211 5123 1354 5194 λέγω
1386 5122 1484 5193 τῆς
1512 5119 1790 5188 ἰδιωτικῆς

242 5221 444 5290 ,αυτησὶ
473 5222 576 5288 τῆς
604 5218 727 5272 καθ’
770 5220 1022 5281 ἕκαστον,
1050 5216 1186 5269 ἀλλὰ
1216 5217 1282 5286 δὴ
1319 5218 1416 5269 καὶ
1446 5214 1541 5283 τῆς
1576 5212 1787 5282 κοινῆς.

240 5311 316 5380 ,ἧς
350 5314 458 5368 τῶν
518 5313 799 5382 ἀρχόντων
836 5313 971 5384 πρὸς
1003 5313 1295 5382 ἄρχοντας.
1348 5308 1458 5360 Καὶ
1502 5306 1681 5373 πολλῲ
1722 5320 1785 5373 γε

240 5403 415 5469 ,tillov
444 5405 654 5474 ταύτην
680 5403 902 5474 ἐκξὶνης
943 5403 1270 5472 προτίθημι,
1298 5400 1395 5454 ἆτε
1426 5400 1536 5460 τοῖς
1569 5397 1787 5459 πολλοῖς

136 5518 145 5527 -
245 5488 510 5563 ῢφέλιμον,
542 5497 637 5547 καὶ
668 5496 1013 5566 χορηγούσαν
1043 5493 1249 5563 θατέρᾳ
1274 5494 1372 5553 τὶς
1401 5490 1678 5559 ἀφορμάς.
1722 5489 1786 5542 El

243 5583 350 5649 γοῦν
369 5588 512 5652 ἐνὸν,
544 5588 684 5638 κατά
714 5589 806 5639 τὸν
839 5584 1374 5649 θεῖοιῙᾹπόστολον,
1395 5583 1533 5651 μετά
1566 5582 1786 5634 πάντων

239 5678 485 5751 ιίρήνευε,
552 5682 646 5733 καὶ
698 5680 930 5750 μηδενὸς
978 5679 1227 5751 ὑπάρξῃς
1277 5674 1479 5729 κακοῦ·
1529 5674 1663 5727 ἀλλὰ
1694 5674 1786 5725 καὶ

236 5771 346 5832 τοὺς
368 5772 532 5825 τοῦτο
562 5772 848 5835 ποιοῦντας
878 5772 1059 5842 πειρῶ
1091 5768 1342 5824 κωλύειν.
1379 5766 1527 5836 Μηδέ
1562 5765 1788 5834 πολέμει

242 5860 359 5928 πρὸς
383 5860 648 5932 ἀδελφοὺς
667 5864 793 5926 τοὺς
817 5863 926 5917 ἀπὸ
949 5860 1214 5933 Χριστοῦ,
1236 5861 1371 5931 μήτε
1407 5858 1515 5929 μὴν
1546 5859 1678 5930 προς
1704 5860 1788 5911 όν-

2629 1918 2762 1975 LIV.

1964 2011 2205 2067 Blandiri
2236 2010 2649 2080 cupiditatibus,
2710 2012 2902 2081 eisque
2941 2009 3184 2085 deditum
3239 2025 3381 2075 esse,
3410 2009 3464 2066 id

1890 2119 2021 2159 vero
2054 2103 2291 2173 majores
2319 2103 2372 2157 in
2403 2103 2563 2157 nobis
2586 2104 2830 2158 excitare
2862 2104 3080 2158 dolores
3109 2104 3265 2168 solet,
3298 2120 3462 2173 quam

1892 2194 2042 2249 nulla
2066 2209 2154 2269 res
2179 2194 2304 2249 alia.
2340 2194 2473 2250 Nam
2501 2196 2594 2264 qui
2620 2196 2845 2265 appetit,
2876 2203 3086 2265 quaerat
3111 2211 3335 2250 necesse
3355 2203 3462 2249 est.

1889 2283 1959 2339 At
1986 2284 2041 2338 in
2073 2285 2356 2339 hominum
2389 2283 2496 2338 vita
2525 2286 2756 2354 repulse
2796 2285 3291 2355 frustrationesque
3346 2287 3465 2356 spei

1892 2376 2291 2448 frequentiores
2316 2385 2466 2434 sunt.
2517 2378 2715 2447 Itidem
2774 2379 2866 2448 qui
2926 2379 3095 2434 multa
3127 2395 3186 2435 se
3221 2388 3468 2449 repertu-

1833 2480 1841 2484 '
1891 2483 2013 2524 rum
2045 2470 2292 2539 putabat,
2330 2471 2417 2524 vix
2454 2485 2625 2540 pauca
2679 2472 3059 2527 nanciscitur:
3092 2488 3153 2527 ea
3190 2486 3319 2526 vero
3347 2472 3465 2540 {do-

1891 2560 2027 2615 loris
2054 2570 2138 2616 est
2162 2562 2335 2628 radix,
2354 2573 2684 2633 quapropter
2709 2565 3047 2635 aegritudinis
3075 2579 3271 2620 sensus
3303 2579 3335 2619 e
3364 2579 3465 2619 cu-

1890 2652 2210 2721 piditatibus
2233 2656 2554 2726 plerumque
2595 2658 2860 2713 nascitur.
2903 2656 3140 2726 Ideoque
3190 2665 3377 2721 restat,
3405 2665 3467 2712 ut

1891 2754 2072 2799 mente
2101 2748 2311 2815 praediti
2347 2748 2629 2804 libidinem
2674 2750 2840 2804 animi
2880 2758 3207 2805 coerceant:
3237 2765 3346 2817 quo
3369 2763 3466 2819 spe

1889 2849 1989 2888 sua
2019 2833 2288 2902 frustrati,
2318 2839 2557 2893 minores
2586 2840 2755 2892 animi
2779 2846 2996 2895 mo’rsus
3023 2840 3222 2895 ferant.
3250 2840 3466 2911 Quippe

1888 2928 2218 2998 caeteroquin
2245 2929 2407 2982 etiam
2438 2944 2599 2984 casus
2618 2930 2800 2984 acerbi
2836 2931 3054 2999 quidam
3103 2932 3156 2984 in
3182 2932 3290 2985 vita
3318 2949 3467 2986 mor~

1893 3020 2080 3076 talium
2108 3021 2253 3076 velut
2277 3022 2655 3091 objurgantur.
2694 3030 2750 3076 et
2802 3022 3016 3076 facilius
3045 3035 3112 3076 ex
3146 3022 3366 3077 homine
3398 3023 3463 3076 fl-

1888 3111 1967 3164 eri
1995 3113 2169 3180 possit
2212 3113 2351 3177 avis,
2380 3126 2544 3181 quam
2588 3118 2645 3164 ut
2696 3112 2764 3165 ab
2793 3111 2939 3166 hisce
2990 3125 3126 3181 pure
3177 3113 3459 3166 liberetur.

1897 3199 2093 3257 Verum
2143 3218 2262 3268 eos,
2309 3203 2354 3257 si
2386 3203 2608 3272 quidem
2652 3206 2932 3267 accedant,
2995 3217 3099 3257 non
3129 3199 3265 3257 adeo
3316 3205 3471 3265 diros

1888 3294 2188 3364 experitur,
2219 3294 2310 3362 qui
2346 3295 2716 3362 praastabilius
2770 3308 2890 3349 esse
2939 3301 3115 3361 putat,
3172 3308 3235 3347 ea
3290 3294 3460 3357 ferre,

1888 3398 2011 3453 quae
2043 3382 2318 3451 corrigere
2344 3397 2451 3436 non
2483 3382 2629 3444 licet,
2681 3395 2806 3436 cum
2847 3376 3099 3436 fleri’non
3157 3393 3320 3450 posse
3367 3394 3467 3435 no-

1889 3474 1983 3541 rit,
2017 3483 2075 3528 ut
2098 3473 2347 3529 dolorem
2388 3472 2580 3527 dolore
2609 3472 2859 3541 repellat.

2633 3561 2743 3618 LV.
2776 3612 2789 3621 ,

1958 3657 2160 3714 Volens
2221 3667 2378 3727 poeta
2426 3656 2647 3727 quidam
2689 3656 2989 3725 praedicare
3038 3658 3463 3732 philosophiam,

1888 3749 2213 3804 sententiam
2242 3747 2552 3817 hujusmodi
2583 3749 2849 3816 protulit:

1957 3842 2232 3911 Nusquam
2263 3841 2486 3894 inveniri
2514 3842 2625 3894 vita
2655 3840 2835 3894 dolore
2875 3857 3062 3896 carens
3078 3852 3271 3912 potest.

1963 3932 2098 3987 lluic
2129 3932 2289 3987 facile
2319 3933 2504 3987 cuncti
2559 3932 2948 3995 assentientur,
3003 3934 3336 4002 experientia
3362 3936 3458 3986 ilo.

1889 4034 2045 4079 ccnte
2072 4024 2216 4094 quod
2247 4038 2435 4077 verum
2460 4031 2565 4077 est.
2599 4022 2732 4078 Mihi
2762 4024 2982 4093 quidem
3020 4025 3101 4077 vir
3137 4025 3224 4080 hic
3261 4026 3459 4078 diluci-

1881 4118 1956 4174 .de
1974 4133 2084 4171 rem
2106 4117 2406 4184 esplicasse
2438 4117 2668 4170 videtur.
2701 4114 2913 4170 Etenim
2948 4116 3099 4171 novit
3120 4117 3221 4171 hoc
3245 4132 3310 4170 ex
3338 4117 3459 4172 suis

1890 4209 2119 4279 quisque
2149 4210 2368 4263 casibus
2401 4208 2670 4270 adversis,
2712 4208 2785 4261 ita
2820 4208 3061 4276 quidem,
3102 4216 3159 4260 ut
3195 4205 3359 4260 etiam
3390 4207 3458 4260 de

1892 4299 2014 4353 vita:
2049 4300 2206 4353 malis
2243 4300 2380 4353 alios
2421 4313 2641 4353 movere
2676 4298 2871 4367 possit.
2896 4298 2943 4351 Is
2969 4306 3152 4351 autem
3187 4311 3317 4351 vere
3336 4297 3459 4366 phio
3560 4356 3565 4360 ,

1891 4390 2149 4460 Iosephus
2201 4391 2598 4444 existimandus
2661 4397 2763 4452 est,
2810 4388 2907 4456 qui
2961 4402 3021 4442 se
3078 4387 3459 4457 philtvSOphum

1892 4484 2049 4536 factis
2100 4480 2279 4550 potius
2343 4495 2505 4549 quam
2541 4479 2715 4533 verbis
2747 4479 2959 4546 prohat.
2988 4480 3064 4532 Ac
3089 4479 3211 4534 talis
3239 4482 3459 4548 quidem

1892 4578 1937 4631 is
1973 4576 2154 4639 fuerit,
2179 4575 2273 4644 qui
2322 4574 2590 4627 bonorum
2648 4572 2912 4625 electione
2959 4573 3259 4641 proposlta,
3312 4573 3460 4642 quod

1888 4668 2088 4722 melius
2112 4675 2216 4729 est,
2263 4664 2638 4735 eligit;malis
2684 4663 3038 4726 irruentibus,
3086 4664 3233 4733 quod
3287 4664 3463 4718 levius

1888 4768 1992 4822 est,
2024 4758 2239 4825 accipit,
2276 4764 2329 4809 et
2354 4756 2445 4825 qui
2484 4770 2573 4819 eo,
2615 4756 2758 4821 quod
2802 4756 3001 4807 bonum
3032 4764 3133 4819 est,
3168 4764 3314 4809 recte
3358 4758 3463 4808 uti-

1890 4854 1997 4908 tur,
2036 4848 2289 4914 quodqne
2343 4859 2527 4911 grave.
2561 4845 2642 4898 sic
2668 4844 2900 4898 tolerare
2950 4846 3165 4910 nititur,
3189 4853 3249 4898 ut
3297 4859 3459 4913 quam

1889 4939 2176 4991 minimum
2207 4938 2406 4991 doloris
2445 4937 2663 4991 sentiat.

2581 5024 2716 5080 LVI.
2760 5034 2765 5041 ’

1960 5116 2543 5187 Multojueundisstma
2564 5133 2653 5172 res
2678 5124 2762 5171 est
2787 5116 3035 5170 omnium
3057 5132 3157 5184 pax
3181 5133 3197 5180 ;
3237 5131 3341 5170 non
3371 5117 3456 5168 illa

1888 5221 2096 5267 tantum
2144 5211 2351 5281 privata
2414 5210 2779 5278 singulorum,
2833 5208 2930 5263 sed
2986 5207 3199 5274 publica
3240 5222 3460 5274 quoque

1888 5304 2197 5374 principum
2229 5317 2354 5370 erga
2388 5301 2664 5370 principes
2691 5316 2705 5352 :
2736 5312 2899 5367 quam
2953 5297 3205 5365 equidem
3236 5297 3461 5363 privatae

1889 5397 2054 5465 longe
2078 5404 2370 5463 antepono,
2393 5392 2560 5445 veluti
2592 5390 2840 5460 pluribus
2868 5388 3082 5453 utilem,
3109 5396 3164 5441 et
3187 5387 3265 5441 illi
3300 5387 3458 5440 alteri

1888 5502 2084 5555 magna
2140 5487 2468 5556 praebentem
2511 5484 2589 5537 rei
2636 5480 2925 5536 familiaris
2984 5479 3249 5535 subsidia.
3309 5478 3460 5544 Qua-

1888 5590 2108 5652 propter
2137 5579 2183 5633 sl
2213 5576 2325 5629 fieri
2372 5584 2564 5642 potest,
2597 5573 2741 5642 quod
2782 5582 3008 5643 magnus
3050 5571 3342 5640 Apostolus
3370 5569 3463 5626 ille

1889 5668 2155 5741 prtecipit,
2198 5680 2388 5736 pacem
2423 5680 2545 5719 cum
2568 5663 2823 5718 omnibus
2862 5664 3032 5725 colas,
3065 5676 3169 5716 nec
3203 5660 3329 5715 mali
3358 5675 3462 5713 au-

1890 5770 2007 5815 ctor
2030 5758 2192 5813 ullius
2223 5766 2343 5811 esto
2370 5772 2384 5809 :
2419 5754 2515 5810 sed
2533 5754 2651 5824 ejus
2676 5763 2926 5809 auctores
2955 5753 3221 5823 impedire
3249 5751 3456 5809 nititor.

1888 5856 2034 5914 Neve
2069 5863 2258 5911 contra
2296 5850 2497 5906 fratres
2525 5849 2867 5906 Christianos
2899 5848 3101 5903 bellum
3130 5848 3329 5917 gerito,
3360 5860 3458 5901 nec
