4024 6210
412 498 429 503 ¹
462 406 570 469 3:5

1616 400 2013 462 MANUELIS
2057 403 2498 463 PALEOLOGI
3595 405 3648 466 3S
3666 408 3699 467 ὃ

459 516 717 570 adversus
752 509 912 565 alium
942 523 1346 577 quemcunque,
1377 509 1776 563 Vt‘l-‘liiit‘liai‘am
1806 526 2025 580 quoque

2130 512 2385 580 τινοῦν,ἢ
2414 509 2709 580 βαρϐάρων
2730 509 2908 573 ἔθνος,
2940 510 2995 563 ὲν
3022 509 3272 572 σπονδαῖς
3300 528 3381 563 σοι
3402 514 3703 576 καταστὰν,

457 607 755 666 nationem,
789 603 988 655 foedere
1020 602 1116 654 tibi
1138 600 1382 667 junctam
1436 601 1579 667 quod
1617 601 1745 669 ipsa-
1773 611 2025 658 sanctum

456 711 509 750 et
539 695 855 747 inviolatum
904 709 1024 747 esse
1056 694 1202 746 velit.
1250 692 1528 759 Adversus
1550 692 1673 747 ‘lIIUS
1708 702 1910 758 autem,
1934 695 2028 762 qui

457 787 649 841 volunt
695 786 922 855 injurias
958 783 1179 848 inferre,
1234 784 1411 838 modis
1465 785 1717 839 omnibus
1767 786 1945 840 virum
1976 796 2028 842 te

458 878 720 948 praebeas.
763 877 879 933 Non
931 877 1077 930 enim
1140 876 1340 929 bonum
1380 884 1482 935 est.
1542 876 1606 928 ad
1654 876 2026 937 defensionem

454 974 614 1041 plane
647 984 756 1024 non
794 968 1019 1038 impelli,
1054 966 1148 1021 sed
1190 965 1477 1021 diﬂiculter
1500 966 1565 1019 ad
1612 965 1748 1019 iram
1795 966 2024 1023 moveri.

1156 1058 1313 1112 LVII.

522 1152 743 1207 Minime
777 1149 985 1211 dubito,
1039 1148 1280 1205 fassuros
1313 1166 1525 1217 omnes,
1564 1152 1837 1206 hominem
1895 1150 2029 1205 stul-

461 1253 574 1297 tutn
604 1257 745 1301 esse,
781 1241 875 1311 qui
905 1241 1072 1294 ullutn
1106 1256 1332 1310 prorsus
1371 1242 1646 1295 hominem
1698 1249 1849 1310 putet
1893 1240 2026 1294 alie-
2073 1282 2077 1293 ι

459 1350 609 1388 num.
641 1332 772 1387 Nam
806 1332 872 1386 ab
905 1346 1011 1386 uno
1045 1332 1308 1401 progeniti
1345 1347 1535 1386 sumus
1562 1347 1776 1395 omnes,
1812 1332 2026 1386 tametsi

457 1422 639 1487 lingua
673 1420 1097 1488 distinguantur,
1129 1430 1183 1473 et
1216 1420 1338 1473 aliis
1379 1420 1795 1490 quibuscunque
1839 1423 2023 1485 rebus,

455 1513 537 1568 vel
567 1514 683 1583 ipsa
716 1513 998 1582 religione.
1052 1511 1393 1583 Quapropter
1420 1513 1692 1566 hominem
1743 1513 2022 1565 hominum

455 1606 725 1661 rationem
758 1606 956 1658 habere
985 1620 1081 1672 par
1112 1614 1218 1668 est,
1242 1614 1297 1659 et
1336 1605 1606 1659 universis
1640 1613 1829 1672 optare
1855 1597 2027 1664 bona;

2139 602 2232 653 καὶ
2271 604 2461 671 τηρεῖν
2503 602 2669 663 αὑτὰς
2694 601 2899 653 ἐθέλον.
2923 602 3015 652 Δεῖ
3039 601 3095 653 δὲ
3121 602 3396 654 δεικνύναι
3426 603 3517 655 τὸν
3540 603 3708 672 ἄνδρα

2137 694 2344 746 ἀδικεῖν
2375 694 2624 746 ἐθέλουσι
2653 694 2831 747 πάντα
2859 694 3081 762 τρόπον.
3112 694 3184 745 Ού
3214 693 3321 763 γὰρ
3352 695 3554 761 ἀγαθὸν
3583 696 3711 747 ἀκί-

2136 802 2298 851 νητον
2346 788 2426 848 είς
2471 785 2684 855 ἄμυναν
2732 781 2900 852 εἶναι,
2960 785 3097 839 ἀλλὰ
3142 785 3465 863 δυσκίνητον
3515 789 3594 852 είς
3617 787 3711 858 ὀρ-

2136 878 2266 946 τήν·

2856 1052 2963 1107 NZ'

2205 1142 2433 1213 Νομίζω
2463 1145 2670 1209 πάντας
2698 1146 2764 1199 ἂν
2815 1147 2981 1214 φάναι
3010 1146 3219 1214 ἠλίθιον
3251 1145 3539 1213 ἄνθρωπον
3567 1144 3709 1202 εἶναι

2134 1237 2225 1289 τὸν
2257 1238 2550 1305 νομίζοντα
2592 1239 2875 1309 ἀλλότριον
2907 1239 3256 1292 παντάπασιν
3314 1238 3599 1308 ἄνθρωπον
3626 1235 3708 1293 εἴ·

2134 1338 2243 1375 ναι.
2276 1324 2481 1385 Πάντες
2529 1325 2637 1394 γὰρ
2669 1324 2786 1387 ἑνὸς
2813 1325 3029 1392 ἔκγονα,
3062 1326 3166 1379 κᾶν
3210 1326 3480 1407 διαλέιετῳ
3518 1328 3711 1397 διαφε-

2136 1410 2378 1484 ρώμεθα,
2414 1416 2893 1484 κᾶνρίστισινοῢν,
2930 1418 3029 1471 κᾶν
3061 1419 3209 1488 αὐτῷ
3236 1421 3562 1489 σεϐάσματι.
3595 1422 3713 1474 Καὶ

2132 1506 2313 1558 τοίνυν
2341 1506 2631 1574 ἄνθρωπον
2660 1508 2790 1561 ὄντα
2834 1508 3137 1580 ἀνθρώπιον
3168 1511 3429 1579 κήδεσθαι
3460 1512 3559 1577 δεῖ,
3609 1516 3711 1567 καὶ

2136 1603 2492 1672 συνεύχεσθαι
2515 1608 2626 1666 τοῖς
2653 1604 2793 1667 ὅλοις
2819 1605 3022 1671 ἀγαθὰ,
3054 1608 3126 1668 ὠς
3158 1608 3295 1669 ἐνὸν,
3319 1606 3393 1669 ὡς
3417 1607 3597 1676 θέμις,
3627 1608 3712 1669 ὡς

456 1706 721 1764 quantum
752 1693 875 1762 ejus
934 1693 1126 1750 etlieri
1182 1702 1381 1763 potest,
1422 1702 1476 1747 et
1507 1693 1587 1746 fas
1640 1703 1742 1758 est,
1775 1705 1835 1747 et
1888 1693 2025 1746 licet.

2140 1683 2338 1761 ἔξεστι.
2373 1697 2542 1765 Κοινὴ
2593 1697 2701 1765 γάρ
2733 1697 2765 1766 ἡ
2801 1697 2984 1764 φύσις,
3023 1700 3117 1750 καὶ
3172 1701 3339 1751 πᾶσιν
3391 1699 3583 1767 ἔδαφος
3620 1700 3706 1767 ἓν,

455 1784 666 1853 Quippe
686 1792 881 1838 natura
926 1786 1236 1839 communis
1272 1793 1376 1848 est,
1404 1794 1459 1838 et
1490 1786 1857 1854 pavimentum
1897 1800 2033 1839 cun-

455 1877 556 1931 ctis
584 1892 781 1939 unum,
818 1884 874 1929 et
904 1892 1069 1929 unum
1106 1884 1331 1939 tectum,
1364 1893 1581 1945 unaque
1632 1878 1745 1937 lux.
1775 1893 1913 1932 unus
1937 1892 2033 1943 aer

453 1981 729 2036 expansus
756 1982 787 2020 a
816 1980 997 2020 rerum
1045 1954 1260 2035 (ipihce.
1316 1965 1557 2035 Denique
1604 1966 1927 2034 simpliciter
1961 1968 2031 2020 ab

454 2073 520 2111 eo
548 2072 669 2126 qua:
709 2056 1150 2126 proﬁciscuntur,
1203 2059 1516 2112 Communia
1547 2068 1694 2112 sunt.
1747 2055 2032 2111 Nihilomi-

457 2167 616 2207 nusa
649 2152 941 2207 remotiore
990 2152 1428 2213 discernendum,
1487 2151 1634 2221 quod
1686 2151 1908 2220 propius
1949 2160 2032 2205 est

460 2248 609 2314 (nam
642 2245 859 2314 plurimi
892 2253 1020 2298 sunt
1064 2244 1480 2298 necessitudinis
1520 2243 1768 2312 gradus),
1817 2258 1879 2295 ac
1911 2251 2031 2297 stn-

460 2338 717 2401 dendunt,
753 2346 813 2390 ut
854 2351 982 2406 erga
1044 2337 1351 2400 universos,
1414 2337 1557 2403 quod
1607 2335 1659 2388 in
1702 2346 1751 2387 te
1815 2334 2031 2402 quidem

2139 1787 2234 1839 καὶ
2263 1788 2438 1858 ὀροφὴ
2474 1788 2598 1858 μία,
2632 1789 2727 1843 καὶ
2775 1789 2834 1841 ἓν
2850 1806 2904 1842 τι
2928 1789 3065 1857 φῶς,
3098 1792 3195 1843 καὶ
3222 1786 3300 1851 εἷς
3326 1790 3433 1861 ἀὴρ
3454 1791 3722 1860 ὲφήπλω-

2137 1895 2225 1931 ται
2255 1880 2408 1949 παρὰ
2437 1880 2532 1932 τοῦ
2564 1880 2922 1950 δημιουργοῦ.
2953 1883 3061 1934 Καὶ
3092 1883 3279 1943 ἁπλῶς
3314 1885 3380 1935 τά
3407 1884 3536 1952 παρ’
3562 1886 3715 1937 ὲκεί-

2137 1986 2229 2021 νου
2264 1970 2441 2024 κοινά.
2473 1970 2592 2039 Χρὴ
2630 1971 2812 2039 μέντοι
2854 1971 3195 2024 διαστέλλειν
3226 1972 3323 2024 τοῦ
3372 1975 3709 2043 πορρωτέρω

2135 2060 2196 2114 τδ
2226 2062 2407 2129 ἔγγιον
2439 2063 2660 2133 (βαθμοὶ
2682 2063 2790 2133 γὰρ
2810 2064 3051 2118 πλεῖστοι
3074 2065 3171 2133 τῆς
3200 2066 3579 2135 οἱκειὸτητος)ο
3611 2070 3711 2130 καὶ

2139 2154 2275 2206 πᾶσι
2309 2154 2407 2222 μὲν
2440 2154 2644 2223 ἀγαθὸν
2673 2153 2814 2209 εἶναι
2859 2157 2920 2210 τὸ
2955 2158 3078 2209 καθ’
3115 2158 3280 2211 αὐτόν
3309 2173 3324 2188 ⁸
3355 2160 3472 2220 τοῖς
3502 2159 3712 2225 μᾶλλον

2138 2245 2197 2297 δὲ
2255 2246 2543 2314 ἐγγυτάτω
2616 2248 2898 2316 ἀναλόγως
2963 2247 3331 2317 γνησιώτερον
3402 2249 3713 2317 προσφέρε-

2145 2336 2291 2391 σθαι.
3282 2358 3295 2369 ο

458 2414 584 2493 erit,
614 2429 819 2483 bonum
847 2437 898 2482 te
932 2442 1132 2496 geras:
1161 2428 1256 2482 sed
1294 2426 1659 2497 propioribus,
1703 2440 1891 2480 eorum
1941 2425 2122 2480 habita
2163 2429 2393 2492 ratione,
2426 2428 2587 2484 velut
2632 2429 2868 2485 arctiore
2910 2440 2961 2486 te
3013 2431 3231 2486 vinculo
3272 2431 3520 2501 junctum
3551 2428 3719 2484 exhi-

457 2519 613 2574 beas.

1178 2611 1362 2668 LVIII.

535 2710 614 2762 Eo
660 2716 928 2776 tempore,
977 2720 1088 2775 quo
1152 2706 1526 2762 navicularius
1579 2723 1712 2762 aura
1775 2723 2032 2778 prospere

460 2800 624 2857 ﬂante
649 2813 715 2852 ac
747 2794 959 2867 placide
994 2795 1109 2849 vela
1139 2796 1394 2865 implente
1426 2783 1645 2863 fruit‘ur,
1680 2814 1803 2853 cum
1836 2814 2030 2869 magna

460 2892 669 2947 scilicet
699 2898 783 2945 est
808 2888 1094 2951 serenitas,
1127 2903 1227 2942 nec
1278 2889 1387 2953 ulla
1417 2904 1502 2944 res
1560 2891 1713 2945 triste
1771 2891 1901 2961 quid
1927 2892 2030 2945 mi-

459 2992 640 3048 natur,
670 2995 778 3035 non
812 2979 963 3049 prius
980 2980 1050 3034 ob
1078 2994 1196 3034 eam
1222 2982 1634 3049 prosperitatem
1684 2982 1849 3038 libere
1874 2984 2027 3039 laetus

459 3081 564 3138 est,
592 3086 757 3140 quam
799 3070 921 3123 navi
963 3079 1109 3123 recte
1145 3071 1508 3137 prospexerit,
1540 3080 1596 3124 ut
1634 3072 1876 3139 asperior
1910 3088 2028 3125 mu-

459 3161 598 3214 tatio
628 3160 918 3214 metuenda
955 3174 1063 3210 non
1095 3159 1186 3212 sit.
1219 3157 1285 3211 Et
1316 3160 1534 3227 quidem
1588 3163 1823 3228 peractis
1847 3164 2028 3216 omni-

461 3251 585 3313 bus.
615 3250 682 3305 ad
731 3246 1162 3303 incolumitatem
1230 3249 1651 3317 pertinentibus,
1707 3252 1917 3305 etiamsi
1945 3253 2025 3306 vi-

457 3345 583 3397 deat
620 3340 800 3395 navim
825 3349 879 3393 et
902 3339 1076 3393 ventis
1112 3348 1168 3391 et
1204 3341 1492 3393 concitatis
1528 3354 1715 3394 eorum
1746 3343 1794 3394 vi
1847 3343 2028 3396 ﬂucti-

455 3438 559 3491 bus
587 3432 882 3486 ﬁrmiorem
906 3445 1063 3494 esse;
1113 3446 1219 3484 nott
1282 3441 1459 3486 tamen
1524 3442 1620 3486 aut
1666 3435 2025 3489 temeritatem

457 3523 664 3584 laudat,
718 3530 814 3575 aut
841 3521 1144 3574 admiratur
1177 3521 1499 3586 secordiam,
1532 3522 1626 3575 sed
1680 3523 1883 3591 vigilat,
1936 3527 2028 3578 sed

456 3612 671 3679 metuit,
694 3621 788 3665 seu
806 3620 1018 3679 portum
1044 3618 1214 3678 optat,
1240 3611 1382 3678 quod
1415 3612 1597 3678 ignota
1612 3610 1683 3664 sit
1708 3612 1757 3665 ei
1785 3613 1947 3667 sortis
1965 3630 2029 3667 ac

457 3704 557 3757 fati
595 3704 734 3757 alea.
774 3703 907 3757 Cum
937 3716 1070 3770 ergo
1098 3716 1187 3755 res
1234 3709 1341 3756 tua:
1369 3718 1536 3756 cursu
1593 3701 1843 3758 feruntur
1907 3721 2031 3774 pro-

456 3810 639 3861 spero,
695 3793 954 3864 pacisque
1008 3794 1168 3847 bonis
1204 3794 1425 3860 frueris,
1476 3794 1668 3848 bellica
1726 3796 1817 3848 tibi
1886 3812 2029 3851 curae

458 3894 643 3947 sunto,
685 3896 845 3954 teque
870 3885 1013 3936 velut
1046 3884 1112 3937 ad
1141 3885 1336 3939 bellum
1368 3886 1664 3952 gerendum
1695 3897 2029 3947 exerceto,et

457 3978 707 4045 subditos
742 3978 807 4031 ad
849 3978 952 4031 ltoc
987 3989 1110 4032 tuus
1160 3988 1481 4047 prarparato.
1542 3980 1715 4033 Simul
1743 3995 1837 4048 spe
1886 3981 2028 4035 bona

457 4069 651 4134 fretus,
681 4069 796 4139 ipse
834 4078 887 4124 te
926 4071 1267 4134 conﬁrmato,
1304 4085 1373 4123 ne
1408 4070 1726 4140 languescas
1756 4089 1769 4125 :
1802 4086 1901 4126 nec
1932 4074 2030 4125 tni-

459 4178 563 4216 nus
589 4162 834 4215 animum
865 4164 1297 4223 eondoceiacitn,
1351 4162 1670 4216 temerarius
1700 4173 1755 4216 ιιι
1786 4178 1907 4217 esse
1941 4180 2028 4217 ca-

459 4268 612 4317 veas,
648 4253 694 4307 si
725 4254 948 4306 victoria
980 4253 1047 4307 de
1103 4254 1351 4307 hostibus
1384 4254 1633 4320 potiaris.
1686 4255 2022 4308 lncertitudi-

457 4358 581 4397 nem
609 4343 843 4412 denique
880 4343 1114 4397 fortunae
1138 4344 1361 4407 veritus,
1393 4358 1608 4410 semper
1637 4346 1879 4411 opinare,
1913 4345 2026 4399 ﬁeri

455 4449 635 4502 posse,
666 4442 723 4487 ut
752 4434 973 4488 labaris.
1011 4433 1107 4487 Est
1129 4434 1274 4486 enim
1305 4431 1543 4494 diﬁietle,
1568 4448 1880 4502 prosperam
1908 4437 2028 4490 illos

2847 2613 2978 2669 NH'.

2206 2700 2278 2759 Εὖ
2313 2704 2586 2777 πνεούσηος
2617 2703 2910 2760 ἀπολαύων
2937 2703 3243 2775 ναύκληρος
3268 2702 3462 2775 αὔρας,
3485 2704 3710 2775 ἡμέρως

2133 2799 2279 2852 ίστία
2308 2798 2641 2871 πληρούσης,
2672 2797 2887 2869 αἰθρίας
2918 2798 3016 2867 μὲν
3037 2796 3206 2868 οὔσης
3235 2798 3456 2867 πολλῆς,
3473 2797 3703 2867 μηδενὸς

2130 2891 2189 2944 δὲ
2220 2892 2546 2962 πράγματος
2573 2890 2923 2953 ἀπειλοῦντός
2956 2908 3007 2944 τι
3046 2890 3326 2960 δυσχερὲς,
3354 2889 3414 2943 ού
3446 2889 3706 2959 καθαρῶς

2132 2983 2211 3054 τῷ
2255 2981 2591 3052 εύτυχήματι
2624 2983 2827 3051 χαίρει,
2877 2982 3009 3051 πρὶν
3055 2982 3368 3052 ἢδιάθί,ται
3404 2981 3582 3043 καλῶς
3633 2982 3705 3033 τὰ

2133 3074 2276 3125 κατὰ.
2304 3073 2403 3139 τὴν
2430 3070 2583 3133 ναῦν,
2616 3071 2690 3132 ὡς
2727 3070 2801 3139 μὴ
2830 3070 3061 3123 δεδιέναι
3092 3073 3435 3139 τραχυτέραν
3471 3070 3705 3139 μεταϐο-

2054 3173 2098 3229 c
2129 3164 2253 3232 λήν.
2279 3163 2398 3216 Κᾶν
2432 3164 2605 3215 πάντα
2645 3162 2828 3232 πράξῃ
2862 3163 2929 3215 τά
2962 3163 3223 3226 σώζοντα,
3261 3163 3361 3216 κᾶν
3392 3164 3493 3233 ὁρᾷ
3525 3165 3571 3215 οἱ
3603 3164 3703 3229 τὴν

2130 3252 2328 3306 ὁλκάδα
2364 3251 2603 3322 ἀνέμων,
2632 3252 2859 3305 καὶτῶν
2887 3254 2995 3305 άπὸ
3034 3253 3201 3307 τῶνδε
3236 3255 3514 3323 κυμάτων,
3553 3256 3704 3321 ἰσχυ-

2133 3342 2380 3412 ροτέραν,
2407 3342 2531 3395 οὕτε
2561 3342 2762 3413 θράσος
2788 3344 3091 3407 ἐπαινέσει,
3124 3343 3246 3396 οὔτε
3275 3345 3550 3413 ῥαθυμίαν
3573 3344 3706 3398 Oxu-

2133 3436 2299 3505 μάσει
2326 3449 2340 3464 ⁸
2375 3434 2490 3489 ἀλλ’
2519 3436 2810 3504 ἀγρυπνεῖ,
2852 3435 2988 3488 ἀλλὰ
3020 3434 3276 3500 δέδοικεν,
3310 3436 3445 3490 ἀλλὰ
3478 3436 3702 3505 λιμένος

2131 3531 2365 3597 ἐφίεται,
2420 3530 2511 3583 τὸν
2548 3533 2648 3599 τῆς
2700 3532 2895 3599 μοίρας
2951 3530 3117 3583 κύσον
3155 3532 3257 3583 ούκ
3304 3531 3695 3597 ἐπιστάμενος.

2131 3622 2300 3675 Ὅταν
2338 3621 2518 3675 τοίνυν
2555 3621 2696 3674 κατὰ
2751 3616 2892 3691 ῥοῦν
2914 3639 2994 3674 σοι
3024 3625 3194 3692 τρέχῃ
3221 3621 3286 3675 τὰ
3320 3622 3696 3690 εὐτυχήματα,

2130 3714 2358 3783 καὶτῶν
2392 3715 2489 3780 τῆς
2518 3714 2745 3781 εἰρήνης
2779 3712 2959 3764 καλῶν
2986 3712 3291 3783 ἀπολαύῃς,
3323 3711 3390 3765 τὰ
3427 3711 3700 3778 πολεμικὰ

2132 3804 2445 3874 μελετάσθω
2488 3819 2590 3862 σοι,
2618 3803 2716 3855 καὶ
2743 3802 2992 3871 γύμναζε
3028 3803 3225 3855 σαυτὸν
3252 3803 3325 3863 ὡς
3354 3802 3488 3869 πρὸς
3538 3802 3699 3853 πόλε-

2133 3912 2232 3963 μον
2254 3912 2265 3922 ·
2296 3897 2388 3947 καὶ
2417 3893 2669 3963 ἑτοίμαζε
2694 3897 2830 3963 πρὶς
2863 3894 3021 3946 τοῦτο
3045 3894 3105 3944 τὸ
3139 3897 3401 3961 ὑπήκοον.
3434 3895 3540 3945 Καὶ
3568 3910 3692 3947 νευο

2132 3985 2226 4054 ροῦ
2252 3985 2351 4054 μὲν
2382 3988 2502 4047 ταῖς
2531 3987 2712 4038 ἐλπίσι
2740 3989 2851 4047 ταῖς
2887 3988 3176 4054 χρησταῖς,
3199 3986 3347 4048 ὅπως
3381 3986 3457 4055 μὴ
3486 3984 3695 4054 νωθρὶς

2129 4078 2307 4141 γένοιο
2330 4088 2347 4105 ’
2424 4075 2619 4144 μελέτα
2659 4075 2714 4127 δὲ
2768 4076 2844 4145 μὴ
2871 4076 3272 4145 ὸθρασύνεσθαι,
3306 4080 3352 4129 εί
3380 4078 3493 4137 τῶν
3540 4078 3696 4130 πολε-

2133 4166 2270 4233 μίων
2300 4170 2652 4238 κρατήσειας.
2704 4170 2776 4222 Τὸ
2810 4170 2864 4222 δὲ
2893 4169 3060 4239 τύχης
3117 4170 3346 4237 ἀόρατον
3391 4168 3598 4231 δεδιὼς,
3634 4170 3694 4221 τ’)

2131 4257 2401 4326 σφαλῆναι
2439 4260 2806 4330 προσδὸκιμον
2838 4259 2951 4329 ἔχε.
2996 4262 3271 4327 Ἐνεγκείν
3302 4262 3411 4330 γὰρ
3440 4262 3695 4331 εὐτυχίαν

2130 4349 2364 4416 χαλεπὸν
2395 4351 2519 4412 τοὺς
2555 4352 2629 4420 μή
2664 4352 2981 4421 μετριάζειν
3018 4353 3223 4416 εἰδότας
3256 4367 3269 4381 ·
3310 4352 3600 4422 δυστυχίαν
3637 4353 3695 4407 δὲ

2130 4440 2453 4493 ἀνέλπιστον
2489 4445 2678 4511 φέρειν
2706 4444 2892 4512 σχεδὸν
2920 4443 3203 4496 ἀδύνατον.

457 4530 731 4581 t'ortnnant
760 4529 1046 4581 commode
1076 4526 1240 4592 ferre,
1264 4527 1358 4594 qui
1400 4528 1680 4580 moderate
1708 4543 1767 4582 se
1815 4544 2001 4595 gerere
2031 4535 2277 4587 nesciunt
2313 4553 2325 4588 :
2378 4535 2564 4605 ,iidetn
2607 4545 2667 4590 ut
2715 4553 2868 4607 aequo
2913 4539 3095 4592 animo
3175 4539 3537 4593 calamitatem
3607 4540 3695 4594 in-

453 4632 824 4692 exspectatam
860 4620 1058 4688 ierant,
1091 4637 1257 4692 prope
1288 4621 1405 4675 ﬁeri
1431 4622 1635 4689 nequit.

1181 4715 1318 4771 LIX.

531 4815 585 4867 Id
613 4827 832 4881 quoque
856 4826 965 4863 non
997 4810 1132 4891 levis
1155 4824 1277 4863 esse
1313 4809 1571 4863 momenti
1604 4812 1918 4879 praeclaram
1952 4815 2019 4867 ad

455 4905 902 4977 gubernationem
960 4903 1199 4956 duxeris.
1276 4899 1482 4956 Omnes
1535 4906 1680 4956 enim
1738 4904 2019 4973 principes

455 4996 655 5052 animis
705 4997 823 5049 suis
872 4992 1344 5062 tranquillitatem,
1405 5005 1665 5059 quantam
1722 4995 2017 5047 maximam

455 5096 707 5169 possunt,
737 5087 964 5141 solet-ter
1003 5100 1301 5154 procurare
1330 5085 1545 5137 dehent.
1593 5082 1728 5137 Nam
1766 5074 1843 5139 uti
1877 5095 2017 5139 tenta

451 5190 712 5251 pestatem
745 5178 916 5232 nubes
947 5176 1188 5240 adducit,
1225 5176 1297 5229 ita
1334 5176 1780 5244 tranquillitatem
1808 5176 2017 5229 sereni-

451 5273 708 5327 tasellicit
738 5289 752 5325 :
782 5281 949 5338 utque
981 5268 1171 5322 lumini
1220 5268 1610 5336 cogitationum
1668 5268 1902 5320 maxime
1924 5283 2016 5322 so-

452 5363 565 5416 lettt
590 5361 805 5416 oﬂicere
839 5359 1292 5429 perturbationes,
1324 5358 1501 5409 mollis
1532 5372 1592 5408 ac
1621 5358 1848 5421 remissa
1883 5359 2011 5419 vita,

426 5454 706 5518 ‘Iormido,
746 5452 1022 5507 temeritas
1054 5459 1108 5503 et
1164 5449 1428 5518 quidquid
1455 5459 1536 5501 est
1580 5450 1827 5517 utrisque
1882 5466 2013 5501 con-

449 5546 649 5609 simile,
729 5547 810 5600 sic
879 5543 1268 5598 meditationes
1334 5551 1646 5608 opportune
1727 5540 2008 5603 institutae,

450 5638 880 5706 perturbationis
944 5643 1220 5703 expertes,
1272 5635 1355 5686 vel
1390 5634 1441 5686 in
1477 5634 1670 5701 primis
1732 5634 2010 5687 hominem

449 5744 480 5777 e
510 5727 820 5779 dillienhate
880 5736 1112 5793 possunt
1171 5724 1487 5792 explicare:
1525 5724 1744 5793 quando
1787 5725 2010 5778 conlieri

458 5826 653 5877 notest,
680 5824 736 5867 ut
760 5823 807 5868 et
830 5824 983 5882 parta
1004 5814 1157 5882 prius
1181 5812 1353 5887 gloria
1370 5827 1468 5881 pro
1494 5812 1701 5867 viribus
1719 5824 2005 5885 augeatur,

2404 4770 2409 4781 .
2830 4729 2959 4781 NO'.

2196 4818 2346 4885 Μηδὲ
2377 4821 2554 4872 έκεῖνο
2586 4820 2784 4890 μικρὸν
2812 4820 2971 4889 ἡγοῦ,
3006 4821 3141 4890 πρὸς
3168 4822 3228 4873 τὸ
3255 4822 3477 4875 διοικεῖν
3508 4822 3693 4886 καλῶς

2120 4907 2404 4960 δύνασθαι.
2436 4908 2558 4976 Χρὴ
2592 4892 2702 4980 γὰρ
2750 4900 2956 4970 πάντας
2986 4910 3254 4978 ἄρχοντας
3296 4913 3532 4982 γαλήνην
3571 4916 3693 4973 ταῖς

2121 5000 2304 5050 αὐτῶν
2329 4998 2526 5067 ψυχαῖς
2558 5000 2647 5051 καὶ
2680 5003 2930 5069 προνοεῖν
2960 5001 3053 5052 καὶ
3078 5002 3403 5070 οἰκονομεῖν,
3426 5003 3546 5055 ὅσον
3577 4998 3692 5057 οἷον

2118 5105 2201 5140 τε.
2234 5087 2491 5157 Χειμῶνα
2526 5089 2626 5157 μὲν
2661 5092 2770 5160 γὰρ
2800 5091 2957 5158 νέφος
2986 5091 3205 5158 ἐπάγει,
3238 5093 3479 5163 γαλήνην
3508 5094 3565 5146 δὲ
3598 5096 3690 5146 ai-

2121 5178 2249 5247 θρία
2288 5183 2468 5232 ποιεῖ’
2508 5182 2602 5234 καὶ
2649 5181 2944 5249 λογισμοὺς
2992 5183 3090 5247 μὲν
3120 5184 3355 5251 τυφλοῦν
3407 5176 3691 5255 πεφύκασι

2122 5271 2354 5339 μάλιστα
2388 5271 2649 5340 ταραχαὶ,
2680 5271 2773 5324 καὶ
2810 5272 2923 5341 βίος
2966 5272 3111 5336 ἇπας
3147 5275 3333 5344 ὑγρὸς,
3369 5277 3462 5328 καὶ
3493 5277 3693 5344 δειλία,

2119 5363 2209 5413 καὶ
2246 5362 2545 5431 θρασύτης,
2582 5363 2677 5416 καὶ
2724 5363 2847 5416 ὅσον
2897 5364 3227 5435 ἀμφοτέροις
3262 5371 3647 5439 παραπλήσιον
3674 5388 3690 5401 ·

2122 5455 2343 5520 μελέται
2384 5454 2438 5505 δε
2488 5454 2584 5505 σὺν
2616 5453 2691 5523 τῷ
2741 5456 2940 5524 καιρῷ,
2973 5459 3215 5526 ταραχῆς
3254 5461 3556 5530 ἐλεύθεραι,
3593 5464 3693 5515 δύ-

2118 5542 2283 5593 ναιντ’
2314 5544 2379 5595 ἂν
2426 5547 2661 5612 μάλιστα
2695 5546 2913 5598 πάντων
2944 5546 3266 5616 δυσχερείας
3293 5551 3691 5621 ἀπαλλάττειν,

2118 5634 2245 5684 ὅταν
2283 5635 2380 5685 οὐκ
2428 5634 2687 5688 ἀδύνατον
2736 5626 3017 5699 παντελῶς
3049 5642 3143 5692 καὶ
3176 5639 3273 5707 τὴν
3331 5641 3692 5712 ὑπάρχουσαν

2118 5722 2303 5787 αῧξειν
2328 5724 2578 5779 εὔκλειαν
2603 5728 2726 5779 ὅσον
2754 5727 2948 5793 ἔνεστι,
2973 5731 3067 5781 καὶ
3095 5733 3483 5801 προσπορίζειν
3505 5736 3696 5801 ἀγαθὰ

2121 5815 2218 5867 σὺν
2247 5815 2320 5884 τῷ
2344 5816 2620 5885 διαμένειν
2642 5835 2653 5849 ’
2681 5819 2773 5871 καὶ
2795 5821 2953 5872 ταυτὶ
2979 5820 3157 5882 καλῶς
3185 5824 3570 5893 ἐπιστάμενος,
3604 5828 3688 5898 μὴ
