3850 6200
195 411 275 473 357
1098 422 1512 487 Pii/ECEPTA
1548 432 2068 496 EDUCATIONIS
2106 438 2384 502 REGIJE.

3271 454 3381 519 358

184 524 503 577 καταπίπτειν
529 527 649 589 ταῖς
676 534 1004 600 συμφοραῖς,
1038 536 1164 604 μηδ’
1185 538 1462 609 εὐτυχίαις
1485 544 1700 616 ἐπαίρε-

1818 560 1872 604 ct
1906 550 2170 619 ampliora
2199 553 2340 607 bona
2372 570 2480 609 non
2527 566 2734 612 tantum
2777 562 3160 631 acquirantnr.
3191 570 3285 623 sed
3323 565 3382 625 οῖ

192 616 317 680 σθαι,
367 615 496 695 μηδὲ
552 619 777 706 ἀνέσεσι
832 625 1272 694 μαλακίζεσθαι,
1324 633 1387 684 τὸ
1441 615 1709 706 ῥᾳθυμεῖν

193 707 411 776 προῦργου
437 708 667 777 θέμενος
693 729 707 742 ·
750 705 900 779 ὅπως
938 720 1116 789 ψυχῆς
1146 724 1489 795 γενναιότητι
1514 728 1708 783 δεινῶν

190 800 397 867 datime
440 801 743 858 δοκούντων
785 807 1264 879 ἀπαλλαττόμενος
1304 813 1539 887 (ἀνάγκη
1598 822 1708 890 γὰρ

190 893 326 944 αὖτῶν
345 893 590 963 μετέχειν
630 897 918 967 ἄνθρωπον
948 903 1101 975 ὄντα)
1129 906 1316 978 δείξῃς
1348 911 1569 978 μεγέθει
1603 916 1706 982 φύ-

190 1002 296 1049 σεως
320 985 403 1055 τὴν
433 987 718 1055 βασιλείαν
744 993 1033 1051 ἀνθοῦσαν.

869 1256 925 1295 Sf;

870 1291 946 1312 ει.

238 1346 367 1399 Ἥκω
388 1362 471 1399 σοι
502 1347 675 1412 λέξων
703 1348 731 1402 δ
763 1351 1046 1420 πράττεις,
1078 1353 1271 1428 ὥσπερ
1304 1361 1354 1413 oi
1384 1364 1497 1425 τοῖς
1522 1362 1704 1417 θέουσι

184 1437 594 1506 διακελευόμενοι,
626 1441 854 1495 Πλάτων
899 1444 1028 1517 ἔφη.
1058 1449 1277 1518 Μηδένα
1306 1455 1492 1517 κακῶς
1522 1456 1705 1526 εἴπῃς,

185 1528 302 1598 θνμῷ
325 1529 606 1597 δουλεύων,
636 1531 669 1601 ἢ
693 1534 1053 1605 χαριζόμενος
1072 1554 1086 1568 ‘
1119 1541 1256 1609 μηδὲ
1281 1541 1485 1615 πλύνῃς
1516 1544 1706 1615 ’ύσρεσι

183 1619 505 1689 κακοδαίμονά
535 1639 678 1686 τινα,
714 1624 940 1690 δικαίως
972 1627 1039 1681 ἀν
1067 1628 1407 1702 ἐλεούμενον,
1437 1638 1491 1689 εί
1513 1654 1599 1701 τις
1631 1640 1707 1711 μὴ

181 1710 254 1778 τῆς
278 1711 471 1777 φύσεως
502 1714 600 1783 τῆς
630 1717 818 1785 κοινῆς
855 1718 1187 1775 ἐπιλάθοιτο.
1226 1724 1368 1795 Ἔφη
1408 1726 1462 1780 δέ
1491 1745 1574 1789 τις
1614 1710 1711 1783 καλ

179 1800 258 1853 τῶν
282 1803 371 1868 ἔξω
401 1804 582 1873 σοφῶν
602 1821 615 1836 ο
663 1806 737 1859 Τὸ
761 1807 1005 1877 ὑϐρίζειν
1049 1814 1159 1865 τῶν
1199 1814 1357 1869 τοῦτο
1384 1818 1705 1885 ποιούντων,

178 1894 272 1963 οὐχὶ
289 1897 381 1949 τῶν
408 1898 783 1967 ὑϐριζομένων
805 1902 1012 1969 γίνεται
1041 1904 1209 1977 ἐγκλη
1219 1923 1316 1975 μα.
1339 1910 1411 1963 Οὐ
1435 1910 1541 1982 μὴν
1567 1912 1703 1966 ἀλλά
1742 1886 1782 1941 Β

180 1987 375 2046 καὶτοὺς
391 1989 570 2059 τούτῳ
590 1991 990 2060 ἐντρυφῶντας,
1011 1997 1103 2048 καὶ
1122 1999 1315 2067 συχνὸν
1330 1999 1440 2053 τῶν
1460 2001 1702 2070 ἀδελφῶν

177 2073 346 2140 γέλωτα
362 2079 748 2146 καταχέοντας,
769 2079 803 2151 ἦ
825 2081 1033 2135 πείθειν
1054 2085 1393 2156 ἀποσχέσθαι
1421 2090 1521 2160 τῆς
1544 2092 1701 2145 νόσου

172 2166 355 2236 ταύτης,
397 2168 429 2239 ἢ
476 2171 778 2238 πειρᾶσθαι
820 2176 1035 2238 πάντως
1080 2179 1328 2232 κωλύειν.
1363 2182 1544 2235 Κακία
1591 2185 1700 2253 γὰρ

171 2260 468 2328 προεστῶτος
502 2264 595 2316 καὶ
618 2263 766 2317 τοῦτ’
790 2266 854 2320 ἂν
884 2268 995 2336 εἴη,
1034 2271 1096 2322 τὸ
1130 2270 1231 2330 τὰς
1259 2272 1371 2325 τῶν
1398 2275 1575 2328 ἄλλων
1608 2292 1707 2329 κα-

172 2352 290 2413 κίας,
317 2352 426 2404 ἐνὸν
459 2355 704 2425 ἐπέχειν,
735 2359 829 2428 ἑᾷν
858 2360 952 2412 ἐπὶ
981 2361 1051 2414 τά
1084 2364 1272 2432 πρόσω
1306 2371 1525 2436 χωρεῖν.

1810 641 1980 696 solida
2010 642 2392 715 durabiliaque
2418 648 2733 706 reddantur.
2756 653 2934 723 Atque
2978 656 3065 712 bis
3088 672 3236 715 recte
3283 677 3383 716 co-

1809 733 1998 798 gnitis,
2031 750 2162 788 cave
2181 736 2585 794 calamitatibus
2616 747 3072 812 succumbas,nec
3104 758 3383 823 prosperis

1809 822 2087 891 eﬂ’eraris,
2164 845 2264 881 nec
2331 832 2614 898 amplexus
2671 834 2939 902 ignaviam
2989 822 3249 898 dissolute
3307 850 3388 900 vi-

1812 919 1986 968 vendo
2011 918 2309 974 emolliaris
2346 938 2361 974 :
2396 935 2455 975 ut
2480 925 2645 977 annni
2713 927 2765 980 vi
2826 944 3088 997 generosa
3123 936 3384 991 liberatus

1807 1015 1838 1053 ο
1864 1004 2049 1068 malis,
2092 1021 2213 1073 quae
2249 1007 2581 1065 inevitabilia
2639 1014 2893 1071 videntur
2921 1024 2997 1085 (et
3030 1038 3218 1077 corum
3266 1030 3381 1080 lieri

1808 1103 1861 1147 te
1892 1096 2231 1166 participem,
2292 1116 2415 1155 cum
2452 1106 2529 1159 sis
2560 1107 2745 1172 homo,
2791 1125 3014 1166 necesse
3044 1127 3124 1169 est
3150 1117 3193 1184 ),
3231 1119 3387 1173 indo-

1808 1188 1877 1244 lis
1901 1199 1954 1245 et
1985 1190 2189 1260 ingenii
2227 1194 2608 1263 magnitudine
2638 1215 2867 1272 regnum
2896 1203 3100 1261 ﬂorens
3140 1210 3369 1267 eiiicias.

2533 1290 2647 1345 LX.

1876 1372 2110 1430 Tradant
2146 1378 2264 1442 tibi,
2303 1384 2447 1450 quod
2484 1400 2634 1453 agas,
2660 1401 2850 1441 eorum
2886 1404 3059 1455 more,
3100 1394 3192 1461 qui
3251 1410 3382 1449 cur-

1809 1474 1989 1520 rentes
2025 1468 2275 1536 incitant,
2301 1482 2361 1527 ut
2381 1473 2459 1528 ait
2482 1474 2655 1532 Plato.
2698 1477 2995 1535 Maledicus
3045 1498 3172 1553 erga
3210 1489 3381 1540 nemi-

1809 1569 1932 1608 nem
1973 1558 2163 1621 lneris,
2219 1561 2515 1621 iracundiae
2575 1569 2823 1625 serviens
2867 1584 2958 1626 aut
3014 1578 3376 1643 gratiﬁcans:

1809 1660 1947 1702 neve
1992 1654 2341 1709 contumeliis
2397 1660 2696 1727 exagitaris
2748 1662 3025 1719 hominem
3077 1668 3377 1730 infelicem,

1811 1740 2289 1799 commiseratione
2353 1747 2577 1816 dignum
2641 1753 2841 1820 potius,
2882 1757 2929 1809 si
2982 1757 3107 1824 quis
3167 1770 3379 1814 natura:

1811 1834 2119 1887 communis
2177 1837 2427 1892 oblivisci
2488 1842 2643 1896 nolit.
2696 1843 2869 1898 Etiam
2919 1847 2987 1899 de
3038 1850 3379 1918 sapientibus

1808 1924 2061 1978 extrariis
2077 1927 2294 1995 quidam
2313 1931 2475 1995 dixit,
2493 1935 2943 1990 contumeliosam
2964 1938 3375 1994 insectationem

1810 2028 1915 2066 non
1945 2015 2024 2069 eis
2050 2018 2266 2072 crimini
2299 2021 2442 2087 dari,
2475 2026 2567 2094 qui
2611 2025 2911 2093 patiantur,
2948 2031 3042 2082 sed
3079 2031 3215 2099 ipsis
3245 2047 3374 2086 auc-

1811 2107 2044 2163 toribus.
2076 2109 2216 2174 Quin
2245 2123 2299 2166 et
2332 2113 2475 2179 illos,
2509 2118 2710 2185 quibus
2742 2120 2848 2173 hoc
2868 2122 3053 2173 vitium
3110 2124 3370 2191 voluptati

1807 2210 1909 2259 εει,
1947 2199 2149 2269 quique
2185 2202 2469 2271 frequente
2494 2207 2764 2261 cachinno
2796 2208 3058 2264 fratribus
3089 2211 3354 2264 insultant

1813 2290 1893 2341 vel
1930 2295 2253 2356 persuadere
2280 2297 2468 2362 debes,
2495 2299 2562 2353 ab
2590 2301 2693 2354 hoc
2712 2302 2787 2355 uti
2818 2303 3009 2355 morbo
3040 2304 3370 2367 abstineant,

1812 2379 1895 2433 vel
1924 2384 2149 2439 omnino
2188 2386 2322 2442 dare
2349 2403 2597 2457 operam,
2629 2400 2689 2446 ut
2718 2408 2817 2448 eos
2852 2409 2881 2447 a
2933 2395 3176 2449 facinore
3213 2409 3372 2449 euer-

171 2456 288 2558 Ieeas.
315 2444 439 2499 Nam
472 2458 531 2503 et
547 2449 665 2558 .lioc
698 2451 833 2506 vitio
865 2453 1089 2509 dabitur
1116 2458 1217 2523 illi,
1244 2460 1335 2528 qui
1359 2476 1482 2517 cmn
1504 2475 1775 2534 potestate
1799 2483 1906 2537 est,
1940 2477 2007 2540 si,
2084 2494 2208 2534 cum
2240 2444 2495 2538 aliorum
2566 2444 2816 2542 inhibere
2859 2487 2991 2541 vitia
3044 2488 3235 2558 possit,
3309 2504 3372 2542 ea

168 2533 311 2590 libere
332 2541 585 2609 progredi
630 2544 794 2597 sinat.

852 2637 975 2693 ΞΝ.

218 2724 306 2776 Σὸν
332 2727 395 2778 ἂν
425 2726 518 2796 εἴη
547 2728 775 2783 κάκεῖνο
806 2732 1093 2799 πράττειν,
1125 2734 1221 2786 καὶ
1249 2736 1452 2800 παντὸς
1485 2739 1698 2794 ἐθέλον-

164 2832 238 2878 τος
264 2819 460 2888 ἄρχειν,
490 2822 686 2893 κιρνᾷν
710 2824 829 2884 ταῖς
856 2823 1089 2893 δωρεαῖς
1115 2806 1460 2897 ἀστειότητα,
1491 2832 1582 2884 καὶ
1607 2851 1702 2886 τα-

164 2909 328 2977 χύτητι
360 2913 879 2979 συνάπτειναύταῖς
910 2914 973 2967 τὸ
1006 2916 1201 2992 πέρας,
1229 2919 1326 2996 ἆση
1355 2922 1577 2998 δυνατῆς
1610 2927 1705 2983 Δεῖ

164 3000 208 3051 δὲ
233 3002 415 3073 μέτρον
440 3003 631 3065 αὐτοῖς
654 3004 931 3081 μιγνύναι,
954 3015 1020 3083 τῇ
1055 3018 1121 3084 σῇ
1143 3014 1375 3086 δυνάμει
1401 3020 1701 3088 συμϐαῖνον

160 3091 357 3154 καὶτοῖς
386 3093 806 3172 ἐπιτηδεύμασι,
839 3103 935 3157 καὶ
978 3105 1227 3176 ποιότησι
1259 3107 1368 3160 τῶν
1397 3110 1700 3179 δεχομένων

161 3180 241 3257 τὴν
261 3185 433 3261 χάριν.
450 3193 542 3255 Ὠς
568 3195 620 3245 εί
650 3194 726 3264 μὴ
754 3194 831 3262 τῷ
855 3196 1162 3265 γιγνομένῳ
1186 3198 1299 3259 τοῖς
1327 3197 1465 3257 ὅλοις
1497 3199 1699 3267 χρῷτο,

159 3279 254 3331 ἀλλ’
280 3282 396 3352 ἦτοι
419 3283 813 3353 ἀγροικότερον
829 3299 911 3347 τις
937 3284 1234 3357 δωροῖτο,ῆ
1256 3287 1345 3339 τὸν
1366 3293 1558 3358 καιρὸν
1584 3290 1701 3342 ἐνὸν

161 3379 440 3447 συντεμείν,
490 3379 567 3430 ὅδ’
604 3378 854 3448 ἐπίτηδες
884 3380 1239 3435 ἀναδάλλοιτο
1261 3399 1276 3414 ο
1327 3385 1422 3436 καὶ
1450 3385 1565 3453 δοίη
1598 3384 1698 3453 μὲν
1726 3369 1768 3425 c

159 3465 273 3520 κύνα
311 3469 386 3539 τῷ
422 3469 687 3539 ναυτικῷ,
728 3471 844 3540 δοίη
890 3473 945 3524 δὲ
980 3473 1265 3543 θηρεύοντι
1317 3474 1511 3544 κώπην
1534 3491 1546 3507 ·
1605 3477 1697 3528 καὶ

159 3558 434 3628 στρατιώτῃ
499 3558 600 3627 μὲν
644 3563 844 3623 ἵππους
877 3563 1027 3628 δέκα,
1064 3565 1326 3634 ίππάριον
1366 3565 1425 3617 δὲ
1464 3567 1698 3636 πονηρὸν

154 3646 218 3713 τῷ
263 3653 618 3716 στρατιωτῶν
662 3654 930 3721 ⁴ἡγεμόνι·
965 3656 1160 3723 ἄχαρις
1185 3658 1217 3724 ἡ
1266 3656 1423 3726 χάρις
1452 3656 1567 3726 ἥδε,
1602 3657 1698 3709 καὶ

158 3732 336 3808 βλάῦην
359 3740 498 3793 otes:
534 3741 797 3811 μεγίστην
827 3741 1031 3807 πολλῶν
1055 3743 1237 3795 ἕνεκα.

862 4020 968 4078 Ξὸν.

208 4109 368 4181 Τριχῆ
416 4111 515 4165 τοῦ
550 4112 748 4181 χρόνου
785 4113 1169 4183 μεριζομένου,
1198 4116 1277 4177 εἰς
1309 4116 1570 4185 σήμερον,
1605 4117 1697 4169 καὶ

153 4200 318 4271 αὔριον
352 4205 452 4257 καὶ
502 4204 654 4273 χθὲς.
687 4203 840 4255 οὐδέν
868 4221 931 4271 γε
979 4207 1144 4275 μέρος
1172 4204 1379 4258 τούτων
1408 4207 1695 4277 ἡμέτερον,

156 4294 476 4347 σκοπούντων
503 4296 735 4358 τάληθὲς
765 4297 1154 4364 ἀκριϐέστερον
1177 4312 1193 4327 ο
1218 4297 1280 4349 τὸ
1308 4299 1409 4367 μὲν
1433 4299 1542 4368 γὰρ
1569 4298 1696 4368 χθὲς

153 4387 469 4456 παρελήλυθε
497 4403 513 4417 ’
545 4387 608 4440 τὸ
627 4387 674 4440 δ’
698 4387 888 4457 αὔριον
915 4386 1068 4441 οὔπω
1088 4389 1278 4457 γέγονε
1305 4407 1316 4419 ·
1338 4390 1400 4443 τὸ
1430 4392 1694 4460 σήμερον,

155 4476 200 4524 ἓν
220 4471 259 4543 ᾧ
283 4478 553 4548 δοκοῦμεν
597 4479 867 4549 ίδρύσθαι,
895 4483 965 4532 τὰ.
994 4480 1091 4532 τοῦ
1131 4480 1539 4551 θαυματοποιοῦ
1568 4484 1679 4534 Δαι-

154 4569 287 4623 δάλου
317 4575 675 4641 τεχνάσματα
712 4575 791 4633 εἰς
828 4572 1134 4643 ὑπερϐολὴν
1164 4574 1382 4643 ἀπάτης
1415 4573 1694 4643 ὑπερήλα-

159 4675 247 4714 σεν.
283 4664 368 4716 Ἐν
405 4664 524 4734 γάρ
558 4666 755 4734 ἀκαρεί
784 4667 881 4733 τῆς
914 4663 1065 4733 ὥρας
1090 4664 1427 4734 τεμνόμενον
1457 4664 1694 4735 διαρρεῖ,

2526 2661 2663 2718 LXI.

1878 2745 2025 2803 Velle
2061 2749 2227 2805 debes
2258 2752 2362 2809 hoc
2391 2768 2614 2825 quoque
2641 2763 2756 2809 tum
2788 2756 2904 2825 ipse
2936 2766 3217 2824 praestare,
3256 2768 3369 2813 tum
3410 2782 3413 2783 ν

1805 2838 2057 2911 quisquis
2080 2841 2356 2912 imperare
2408 2847 2630 2913 cogitat,
2690 2856 2749 2900 ut
2780 2849 3098 2903 muneribus
3163 2852 3373 2903 urbana

1806 2934 2054 3004 quaedam
2106 2936 2480 2991 admisceatur
2557 2939 2810 3002 comitas,
2860 2939 3085 3009 ipsaque
3133 2942 3370 3008 largitio,

1804 3036 2005 3094 quanta
2036 3026 2154 3082 ﬁeri
2193 3029 2427 3082 maxima
2463 3028 2743 3083 celeritate
2793 3040 2995 3099 potest,
3040 3032 3109 3085 ad
3164 3034 3369 3086 exitum

1806 3118 2152 3186 perducatur.
2190 3117 2382 3173 Modus
2404 3120 2608 3173 eisdem
2637 3119 3010 3184 adhibendus,
3041 3124 3135 3191 qui
3161 3124 3371 3179 viribus

1806 3209 1918 3263 tuis
1946 3209 2253 3273 conveniat,
2299 3224 2364 3262 ac
2403 3209 2838 3279 professionibus
2891 3222 2947 3265 et
3012 3214 3372 3290 qualitatibus

1806 3313 2018 3365 eorum,
2060 3301 2153 3368 qui
2207 3302 2413 3355 donum
2468 3303 2766 3371 accipiunt.
2831 3304 3041 3375 Quippe
3092 3307 3195 3361 nisi
3249 3309 3373 3375 quis

1805 3392 2031 3445 omnino
2064 3406 2123 3445 se
2150 3392 2288 3460 gerit
2320 3408 2387 3446 ex
2416 3395 2628 3448 ratione
2677 3398 2881 3461 decori,
2926 3398 3018 3450 sed
3073 3399 3153 3451 vel
3187 3414 3372 3467 agres-

1806 3481 1914 3536 tius
1944 3482 2130 3547 donat,
2161 3484 2245 3536 vel
2277 3500 2399 3539 cum
2426 3494 2641 3554 tempus
2665 3487 2989 3542 imminuere
3022 3489 3234 3550 liceret,
3257 3489 3373 3559 ipse

1803 3572 1871 3626 de
1896 3571 2163 3647 industria
2191 3589 2302 3628 rem
2328 3576 2570 3629 extrahit
2604 3595 2619 3642 ;
2652 3591 2717 3631 ac
2752 3590 2928 3634 nauta:
2953 3595 3145 3635 canem
3183 3582 3368 3647 otTert,

1801 3664 2050 3715 venatori
2076 3678 2303 3725 rentum;
2332 3666 2490 3720 militi
2514 3669 2700 3721 decem
2735 3684 2927 3738 equos,
2982 3672 3103 3725 duci
3135 3672 3367 3726 militum

1803 3752 1982 3821 exigui
2006 3755 2268 3808 momenti
2291 3757 2584 3822 equuleutn
2615 3776 2630 3812 :
2658 3760 2866 3828 ingrata
2893 3761 3097 3816 scilicet
3128 3765 3230 3816 erit
3265 3765 3371 3839 ista
3418 3820 3435 3827 η

1803 3844 1999 3913 gratia,
2028 3845 2327 3916 multisque
2345 3847 2415 3903 de
2438 3852 2623 3904 causis
2647 3851 3036 3906 detrimentum
3073 3855 3369 3908 maximum

1803 3935 2014 3991 aﬂ‘eret.

2506 4031 2666 4087 LXII.

1873 4119 2066 4173 Omnia
2097 4122 2431 4190 temporibus
2466 4122 2521 4177 in
2551 4124 2654 4177 tria
2683 4124 3013 4189 distributis,
3050 4128 3102 4179 in
3141 4127 3365 4181 hodier-

1801 4226 1931 4265 nunt
1963 4219 2017 4264 et
2051 4206 2371 4277 crastinum,
2406 4221 2462 4267 et
2491 4215 2829 4277 hesternum,
2857 4216 3001 4269 nulla
3022 4232 3145 4285 pars
3174 4218 3366 4271 harum

1803 4311 1990 4357 nostra
2025 4311 2129 4368 est,
2184 4304 2228 4357 si
2280 4319 2467 4359 verum
2517 4307 2772 4361 subtilius
2850 4308 3052 4362 intueri
3099 4310 3364 4365 volemus.

1803 4395 2012 4464 Quippe
2043 4404 2258 4463 tempus
2315 4397 2634 4450 hesternum
2683 4399 2991 4466 praeteriit;
3053 4401 3353 4453 crastinum

1802 4487 2032 4540 necdum
2056 4487 2312 4550 advenit;
2357 4486 2706 4549 hodiernum,
2726 4488 3076 4553 cnigvidemur
3095 4490 3368 4554 insistere,
3390 4524 3399 4543 η,

1805 4576 2174 4646 prodigiorum
2227 4576 2442 4645 opilicis
2460 4577 2607 4632 illius
2648 4576 2848 4631 Daedali
2874 4589 3182 4634 commenta
3207 4580 3372 4633 nimi-

1803 4680 1964 4734 opere
1982 4666 2220 4721 fallendo
2241 4676 2483 4737 superat.
2521 4667 2734 4722 Etenim
2792 4671 3057 4739 temporis
3094 4681 3370 4725 momento

212 4710 247 4714 ⁷⁷
297 4710 361 4716 -⁷
416 4710 519 4734 ⁸⁷⁷1⁷
559 4710 752 4734 """r"
794 4710 880 4733 ’Ἰν
918 4710 1063 4733 ’⁷1⁷⁷⁷⁷
1102 4710 1422 4734 "r'"r‘""
1464 4710 1694 4735 ""rr"'

157 4757 447 4820 κρατεῖσθαι
478 4756 864 4825 νομιζόμενον,
895 4758 989 4806 καὶ
1017 4755 1368 4808 διολισθαίνει
1400 4755 1568 4824 πρινὴ
1597 4772 1696 4807 κα-

1810 4710 2218 4734 -,,-.-.-.........,
2241 4710 2483 4737 ....,........
2521 4710 2734 4722 ...........
2794 4710 3056 4739 ......,,ν...,
3094 4710 3368 4725 ..............,

1810 4765 2071 4809 resectum
2087 4756 2302 4821 dilﬂuit,
2317 4772 2441 4811 cum
2464 4758 2634 4812 teneri
2652 4768 2895 4827 putetur,
2917 4775 2981 4815 ac
3016 4764 3185 4831 prius,
3205 4778 3368 4829 quam

158 4841 242 4902 ὶεῖις
265 4846 554 4913 νοηθῆναι.
577 4847 688 4900 Καὶ
717 4846 816 4914 μὲν
838 4845 901 4915 δὴ
927 4845 1133 4914 βέλτιον
1162 4844 1510 4915 ἀπολαύομεν
1536 4844 1695 4898 ἐνίων

1810 4856 1947 4902 recte
1982 4848 2329 4917 perciptatur,
2351 4850 2633 4905 d.labitur.
2654 4852 2796 4915 Quin
2820 4853 2982 4907 etiam
3017 4855 3209 4908 melius
3239 4870 3373 4907 non-

161 4932 501 5003 ἐλπιζομένων
539 4936 573 5004 ἦ
600 4938 736 5002 πρὸς
772 4937 918 5006 ἡμᾶς
962 4938 1472 5007 παραγιγνομένων,
1504 4939 1697 5004 φεύγει

1810 4938 1963 4992 nullis
1988 4941 2041 4992 in
2066 4955 2163 5007 spe
2192 4940 2385 5008 positis
2429 4939 2687 5003 fruimur,
2712 4957 2879 5010 quam
2926 4942 3014 4996 ubi
3039 4946 3262 5011 pr0pius
3302 4945 3370 4997 ad

160 5019 243 5087 γάρ
276 5025 367 5091 τὴν
398 5024 686 5093 αἴσθησιν,
734 5026 843 5097 πρὸ
875 5024 969 5078 τοῦ
1005 5027 1216 5079 τελέσαι
1243 5029 1310 5080 τὰ
1338 5029 1460 5079 κατ’
1486 5025 1697 5089 ἐλπίδα,

160 5113 234 5164 καὶ
256 5114 408 5166 λυπεῖ
437 5116 521 5184 τῷ
546 5118 859 5184 ἀποπτῆναι
882 5117 1062 5180 πλέον,
1096 5120 1129 5190 ἢ
1156 5118 1438 5188 χαρίζεται
1460 5119 1539 5188 τῷ
1570 5134 1700 5185 συγ-

160 5208 419 5269 γιγονιναι.
488 5209 710 5261 Μᾶλλον
759 5210 816 5261 δὲ
865 5214 934 5263 τὰ
987 5212 1108 5263 καθ’
1159 5214 1303 5281 ἡμᾶς
1362 5213 1593 5273 ἅπαντα,
1634 5213 1699 5282 ἦν

160 5298 365 5366 ἀκριϐῶς
418 5302 682 5372 θεωρήσῃ
738 5320 847 5367 τις,
910 5303 1141 5373 ὀρνίθων
1180 5300 1336 5375 δίκην
1382 5306 1699 5375 πετομένων

162 5387 275 5453 ἡμᾶς
294 5398 659 5462 παρέρχεται.
688 5395 873 5447 Καίτοι
899 5398 992 5446 καὶ⁵
1019 5398 1174 5465 ἡμεί,
1197 5399 1335 5450 αύτά
1357 5413 1533 5465 inpar
1546 5397 1697 5465 ρέχο-

165 5494 259 5542 μιν,
279 5482 540 5551 διηνεκῶς
569 5486 705 5552 ἡμᾶς
738 5487 1171 5556 παρατρέχοντα.
1200 5490 1309 5540 Καὶ
1335 5488 1395 5540 τὸ
1425 5487 1560 5540 πολὺ
1585 5488 1696 5541 δει-

163 5569 368 5638 νότατον,
417 5578 779 5647 ἀνεπινόητος
822 5581 855 5647 ἡ
900 5579 1207 5649 διόρθωσις.
1237 5581 1405 5651 Νόμῳ
1443 5582 1551 5649 γὰρ
1590 5581 1694 5648 φύ-

165 5674 271 5726 σεως
294 5667 567 5735 γίγνεται.
602 5671 733 5724 Σκιά
762 5672 828 5724 τὰ
858 5672 1007 5741 τῇδε,
1044 5672 1199 5743 ὄναρ,
1235 5675 1456 5737 καπνὸς,
1487 5674 1696 5743 ἀπάτη.

1798 5046 1898 5085 nos
1917 5031 2205 5086 accedunt.
2223 5031 2361 5086 Nam
2383 5045 2598 5107 sperata
2617 5036 2789 5103 prius,
2805 5050 2968 5104 quam
2994 5037 3367 5104 perliciantur,

1798 5135 2018 5174 sensum
2036 5122 2316 5193 ell‘ugiunt,
2334 5124 2565 5192 plusque
2583 5124 2848 5176 molestiae
2871 5133 3055 5177 creant
3080 5125 3367 5186 avolando,

1805 5228 1967 5280 quam
1996 5212 2227 5280 jttcttndi
2275 5230 2499 5270 accessu
2543 5229 2647 5269 suo
2702 5215 3028 5283 largiantur.
3067 5212 3160 5267 Vel
3188 5216 3371 5284 potius

1803 5305 1988 5358 Omnia
2025 5315 2234 5369 nostra,
2268 5305 2315 5359 si
2362 5306 2487 5373 quis
2515 5314 2772 5360 accurate
2800 5304 3133 5371 consideret,
3186 5307 3360 5358 instar
3447 5310 3459 5323 '

1804 5401 1985 5452 avium
2048 5398 2356 5451 volantium
2402 5413 2502 5451 nos
2562 5406 2917 5466 praetereunt.
2965 5394 3215 5451 Vicissim
3266 5410 3372 5449 nos

1806 5504 1870 5543 ea
1902 5503 2140 5564 quoque,
2185 5496 2448 5556 perpetuo
2488 5503 2651 5542 cursu
2700 5490 3105 5557 praetereunda,
3146 5495 3369 5555 prmter-

1807 5581 2073 5634 vehimur.
2115 5579 2269 5645 Quod
2318 5580 2551 5649 denique
2594 5579 2981 5647 gravissimum
3021 5577 3365 5646 est,excogi-

1804 5674 1908 5726 tari
1941 5672 2153 5725 nullum
2190 5680 2369 5740 potest
2408 5671 2713 5725 remedium
2752 5687 2767 5736 ;
2803 5685 2926 5723 nant
2975 5670 3091 5723 haec
3123 5670 3198 5722 ita
3249 5667 3367 5738 lege

1736 5795 1755 5803 —
1801 5774 2010 5817 natura:
2036 5763 2315 5819 accidunt.
2361 5762 2633 5817 Nimirum
2670 5764 2795 5817 vitae
2825 5763 2987 5831 hujus
3039 5776 3126 5817 res
3175 5758 3365 5814 umbra

1801 5864 1946 5919 sunt,
1972 5856 2273 5921 somnium,
2317 5855 2525 5922 fumus,
2563 5857 2894 5926 impostura.
