4024 6210
299 312 404 379 361
1227 301 1640 367 PBAICEPTA
1682 296 2202 371 EDUCATIONIS
2235 296 2516 358 REGI/E.
3222 327 3226 331 ς
3455 300 3558 363 352
3621 281 3626 284 ’

306 430 367 482 ἓν
395 426 671 497 εῐργαστο,
706 419 734 474 ὃ
764 435 814 472 τι
848 416 923 488 μὴ
951 416 1092 472 πάνυ
1135 417 1319 470 καλόν.
1359 415 1527 470 Πόθεν
1566 415 1630 469 ἀν
1663 433 1745 478 τις
1791 414 1916 474 εύ.⁴

2023 410 2057 463 it
2096 409 2251 475 liber,
2285 407 2392 464 Deo
2415 417 2585 463 totum
2618 417 2899 479 acceptum
2934 409 3134 476 ferens,
3159 411 3250 480 qui
3287 410 3418 465 nihil
3448 427 3560 466 0m-

309 520 485 574 σεσῶν
533 517 646 586 ἔχει
686 510 996 567 τούναντίον
1039 509 1216 562 εἰπεῖν
1241 528 1256 575 ;
1312 509 1376 562 El
1438 508 1549 579 γὰρ
1615 505 1883 577 Ἑλλήνων

2028 503 2118 558 inn
2153 503 2303 569 facit,
2337 501 2481 572 quod
2511 499 2806 557 non"valde
2838 503 2907 557 sit
2937 504 3164 558 bonum.
3200 503 3413 570 Quibus
3477 523 3562 558 ar—
3653 548 3656 552 λ

306 609 492 677 παισὶ,
513 606 654 678 τύχῃ
673 620 734 658 τε
762 602 857 656 καὶ
873 599 1185 670 εἱμαρμένῃ
1204 597 1538 662 δουλεύουσι,
1569 596 1680 648 δεῖν
1709 594 1884 648 ἐδόκει

2025 596 2262 652 umentis
2289 595 2458 651 fretus
2505 596 2670 651 homo
2712 597 3000 667 religiosus
3043 598 3128 652 bis
3185 598 3562 655 contradicere

308 704 499 773 φέρειν
525 701 592 752 τά
619 695 750 767 παρ’
783 692 986 756 αὐτῶν,
1023 691 1187 762 σχολῇ
1219 707 1282 759 γε
1335 692 1468 759 ἡμῖν
1521 689 1584 742 οὐ
1623 687 1766 752 δόξει
1816 688 1885 741 τὰ

2025 689 2202 744 ossit?
2233 687 2366 742 Nam
2399 691 2444 744 si
2476 689 2695 759 pagani,
2728 691 2958 744 fortuna:
2989 692 3207 760 fatoque
3241 694 3564 756 servientes,

306 796 406 863 τῆς
438 789 694 862 προνοίας
722 783 1087 849 ἀσπάζεσθαι.
1114 777 1249 835 Είτα
1281 784 1393 844 τοῖς
1425 781 1524 848 μὲν
1570 781 1778 851 κρίνοις
1831 780 1886 833 αἱ

2023 782 2212 838 erenda
2248 783 2529 852 putabant,
2566 798 2904 852 quascunque
2947 784 3016 838 ab
3057 784 3142 839 his
3170 783 3408 854 profecta
3434 785 3563 839 luis-

307 884 513 953 χροιαὶ,
546 881 640 933 καὶ
668 879 726 932 τὸ
749 878 849 946 τῆς
883 874 1032 943 ὥρας
1054 874 1354 944 ἀμήχανον,
1385 873 1479 926 καὶ
1500 875 1612 934 τοῖς
1640 873 1886 942 πτηνοῖς,

2023 884 2132 942 ent,
2177 890 2522 946 nequaquam
2568 890 2668 930 nos
2713 889 2797 940 ea,
2841 891 2961 944 quae
3002 893 3029 928 a
3063 879 3395 946 providentia
3443 881 3563 946 pruv

308 977 370 1028 ού
396 975 745 1041 συνάγουσιν,
786 968 896 1022 οὐδ’
923 967 1207 1037 ἀποθήκας
1232 967 1438 1037 ἔχουσι,
1475 965 1536 1019 τδ
1591 966 1888 1036 τρέφεσθαι

2023 969 2341 1029 iciscuntur,
2375 969 2501 1023 boni
2523 985 2630 1023 non
2665 970 2995 1025 consulenda
3025 971 3396 1025 censebimus.
3427 970 3564 1026 Prae

311 1065 470 1135 παρά
497 1062 592 1116 τοῦ
623 1058 972 1132 Δημιουργοῦ
999 1074 1012 1089 °
1071 1057 1360 1127 ἀνθρώπου
1385 1055 1443 1109 δέ
1494 1057 1715 1125 φροντὶς
1741 1055 1890 1125 αύτῷ

2023 1077 2146 1116 erea
2184 1061 2311 1116 liliis
2340 1072 2388 1116 et
2424 1061 2636 1117 colores
2664 1071 2719 1116 et
2770 1073 3029 1118 venustas
3061 1063 3481 1129 inaestimabilis,
3512 1082 3566 1117 a-

307 1155 562 1225 οὐδαμῶς
590 1154 656 1208 ἂν
687 1155 929 1222 γένοιτο;
969 1151 1035 1204 Εί
1072 1150 1128 1202 δὲ
1159 1147 1291 1211 Θεὸς
1323 1146 1400 1201 ὢν
1454 1147 1678 1214 ἀγαθὸς,
1730 1147 1905 1215 ἡμῶνο

2023 1155 2266 1222 ribusque
2295 1153 2427 1208 nihil
2459 1154 2862 1225 colligentibus,
2886 1169 2983 1209 nec
3004 1155 3330 1210 habentibus
3354 1155 3568 1209 horrea.

308 1245 591 1318 φροντίζει
615 1244 709 1299 καὶ
748 1244 990 1315 κήδεται,
1023 1241 1126 1295 τίν’
1177 1239 1291 1310 ἔχει
1327 1238 1484 1307 λόγον
1540 1236 1888 1307 ύπεραλγείν,

2023 1261 2179 1299 ‘erum
2213 1245 2283 1300 ob
2318 1227 2525 1314 Opiﬁce
2569 1247 2898 1300 nutrimenta
2951 1247 3183 1301 dantur:
3249 1255 3300 1300 et
3337 1246 3570 1300 hominis

309 1339 346 1406 ἢ
384 1337 568 1391 καὶτὸ
601 1337 677 1407 μὴ
711 1334 872 1405 χάριν
892 1333 1114 1397 εἰδέναι,
1144 1324 1247 1385 ὧδε
1273 1329 1304 1402 ἦ
1331 1329 1533 1400 ἑτέρως
1560 1329 1668 1383 τῶν
1701 1345 1884 1399 πραγς

2023 1337 2084 1392 lle
2123 1352 2253 1392 cura
2290 1338 2436 1391 nulla
2469 1339 2753 1418 tangitur?
2791 1336 2938 1408 quod
2977 1340 3022 1393 si
3061 1338 3236 1393 bonus
3292 1337 3433 1392 Deus
3475 1353 3570 1390 cu-

315 1430 506 1498 μάτων
555 1429 688 1497 ἡμῖν
742 1423 1259 1496 οῖκονομουμένωνς
1307 1420 1481 1475 Τοῦτο
1520 1420 1702 1492 ψυχῆς
1747 1421 1890 1474 πάνυ

2027 1443 2109 1482 ani
2141 1429 2312 1483 nostri
2351 1429 2584 1486 sollicite
2622 1429 2782 1498 gerit,
2821 1445 2927 1499 qua
2971 1429 3184 1483 ratione
3217 1428 3459 1491 subnixi,
3497 1429 3570 1481 niv

312 1520 560 1589 σκληρᾶς
583 1557 600 1583 ,
633 1516 884 1580 δοθέντος
936 1512 1074 1571 εῖναι
1107 1514 1325 1583 πιστῆς.

1991 1521 2102 1575 mio
2118 1521 2303 1577 dolore
2323 1525 2791 1588 contabescemus,
2823 1523 2903 1577 vel
2931 1523 3040 1575 Deo
3079 1521 3304 1590 gratiam
3341 1536 3445 1574 non
3481 1520 3571 1572 ha-

314 1614 590 1678 bebimus,
618 1627 740 1668 cum
771 1612 876 1667 hoc
906 1610 1069 1665 illove
1115 1607 1280 1664 modo
1314 1621 1403 1664 res
1435 1609 1505 1662 ab
1535 1622 1600 1663 eo
1636 1618 1836 1665 nostrae
1862 1610 2332 1672 administrantur.
2378 1617 2643 1672 Nimirum
2705 1617 2804 1670 hoc
2869 1615 3162 1669 admodum
3207 1615 3362 1684 rigidi
3416 1614 3570 1668 fuerit

315 1708 514 1771 animi,
535 1707 582 1763 si
614 1704 836 1776 quidem
863 1701 1221 1764 concedatur,
1257 1714 1382 1757 esse
1416 1700 1609 1756 ﬁdelis.

1043 1796 1158 1848 ΞΖ⁹.

387 1890 615 1962 Πλούτῳ
640 1893 670 1944 ὁ
706 1890 805 1961 μὲν
833 1889 1042 1960 ἥδεται,
1098 1890 1159 1943 ού
1210 1891 1272 1944 τὸ
1314 1890 1538 1962 χρυσίον
1581 1889 1896 1958 θαυμάζων,

2725 1793 2941 1847 LXVII.

2069 1886 2328 1942 Iucunda:
2357 1894 2483 1941 sunt
2531 1885 2624 1939 uni
2688 1886 2908 1950 divitiae,
2939 1901 3044 1940 non
3091 1900 3211 1939 eam
3249 1885 3320 1940 ob
3351 1900 3574 1940 causam

316 1985 438 2038 ἀλλ’
471 1985 545 2049 ὡς
579 1982 728 2053 αὐτῷ
757 1983 1054 2053 δυνάμενος
1105 1983 1296 2035 ἑαυτὸν
1349 1981 1443 2036 καὶ
1490 1981 1779 2051 δεομένους
1836 1977 1895 2035 εὖ

2023 1977 2143 2047 ιιιοὰ
2183 1992 2374 2031 aurum
2400 1977 2722 2038 admiretur,
2756 1975 2851 2031 sed
2877 1977 3022 2046 quod
3061 1976 3127 2031 iis
3159 1985 3270 2029 tum
3303 1976 3429 2041 sibi,
3465 1985 3578 2030 tum

318 2076 498 2128 ποιεῖν
516 2091 530 2105 ο
568 2073 728 2135 ἄλλος
755 2071 801 2125 δ’
831 2072 908 2125 ῶν
961 2072 1282 2142 ἀκόρεστος,
1318 2075 1414 2126 καὶ
1444 2074 1504 2126 τὸ
1533 2073 1784 2127 πλουτεῖν
1809 2073 1899 2126 τέ-

1997 2069 2120 2126 aliis
2154 2069 2291 2124 bene
2326 2069 2506 2126 facere
2546 2071 2739 2139 possit.
2779 2070 2953 2135 Alius,
2986 2079 3178 2123 natura
3228 2069 3576 2131 insatiabilis,

315 2167 413 2230 λος
469 2166 629 2236 ἔχων,
695 2165 792 2218 καὶ
855 2165 1102 2218 πλουτῶν
1155 2165 1416 2236 ἀδημονεῖ
1479 2166 1573 2220 καὶ
1628 2166 1767 2220 κατά
1808 2167 1900 2222 τὸν

2023 2176 2286 2231 tuumque
2332 2161 2492 2215 ﬁnem
2522 2171 2798 2230 spectans,
2832 2170 2889 2215 ut
2922 2161 3117 2230 opibus
3157 2159 3362 2224 allluat,
3414 2158 3578 2213 etiam

332 2257 551 2328 ἄφρονα
581 2257 843 2310 πλούσιον
874 2255 1100 2326 οἰμώζει
1128 2256 1333 2322 κλάων,
1352 2258 1416 2310 Τί
1449 2257 1674 2326 πράξω,
1699 2257 1891 2326 λέγων,

317 2349 702 2420 τιχρὴσομαι;
751 2349 834 2401 δτι
886 2365 976 2417 μοι
1014 2348 1076 2401 τὸ
1123 2347 1276 2418 λήϊον
1324 2346 1577 2418 εύφορον,
1632 2347 1724 2401 καὶ
1779 2351 1898 2413 ταῖς

323 2441 507 2509 ληνοῖς
537 2439 585 2491 ot
620 2437 846 2508 βότρυες
876 2437 938 2489 ού
989 2435 1248 2506 χωρητοὶ,
1306 2437 1401 2489 καὶ
1449 2439 1558 2490 πᾶν
1595 2453 1686 2505 μοι
1727 2437 1900 2508 βρίθει

323 2526 516 2596 φυτὸν,
546 2528 641 2580 καὶ
689 2527 845 2579 κενὸν
880 2525 1036 2579 οὐδὲν
1091 2526 1252 2580 οἴκοι.
1309 2526 1419 2581 Kal.
1466 2525 1572 2597 μὴν
1605 2526 1764 2596 δόξης
1820 2544 1902 2590 τις

324 2617 679 2687 ἀφεστηκὼς,
713 2617 806 2670 καὶ
833 2617 940 2670 τῶν
973 2616 1067 2669 τοῦ
1097 2616 1294 2684 φθόνου
1344 2615 1434 2670 διὰ
1489 2617 1652 2670 τοῦτο
1708 2617 1900 2687 βελῶν,

324 2711 562 2780 νομίσας
609 2709 707 2762 ούκ
767 2703 908 2762 εἷναί
953 2710 1003 2761 οῖ
1059 2707 1272 2776 βιωτὸν,
1322 2708 1370 2760 εἰ
1411 2706 1487 2777 μὴ
1527 2709 1903 2778 προσκυνοῖτο,

322 2804 548 2870 ἐκείνης
582 2800 631 2854 θ’
675 2801 793 2871 ἅμα
840 2799 1040 2869 τυχὼν,
1079 2800 1174 2852 καὶ
1233 2799 1342 2854 τῶν
1393 2797 1562 2868 βελῶν
1605 2797 1906 2868 πειραθεὶς,

324 2891 448 2947 αὕτ’
479 2892 660 2962 ἐκείνῃ
689 2891 899 2962 χαίρων
921 2886 1010 2960 ἦν,
1050 2889 1147 2942 καὶ
1176 2889 1385 2960 θανατᾷ
1412 2889 1488 2952 ὡς
1521 2886 1907 2957 φθονούμενος.

2007 2265 2200 2310 nactus
2236 2271 2331 2310 eas
2376 2257 2616 2324 angitur,
2680 2270 2745 2309 ac
2800 2254 2985 2310 divitis
3045 2253 3190 2307 illius
3247 2252 3398 2306 stulti
3430 2266 3580 2304 more

2007 2349 2226 2420 plorans
2288 2349 2482 2412 ululat,
2521 2349 2662 2415 Quid
2723 2347 2943 2410 faciam,
3006 2347 3286 2416 inquiens,
3332 2360 3441 2414 quo
3496 2360 3581 2397 me

2007 2450 2167 2510 pacto
2201 2440 2420 2510 geram?
2451 2456 2608 2510 seges
2633 2441 2766 2495 mihi
2797 2441 3015 2512 copiosa
3075 2437 3345 2508 provenit,
3381 2450 3436 2492 et
3495 2451 3582 2489 ra-

2008 2543 2194 2584 cemos
2218 2530 2509 2584 toreularia
2547 2546 2655 2585 non
2691 2532 2936 2600 capiunt.
2988 2531 3190 2584 Omnes
3223 2528 3355 2582 mihi
3388 2527 3584 2580 fructi-

2009 2621 2114 2676 bus
2142 2631 2355 2676 onustaa
2388 2621 2776 2684 suntarbores,
2811 2637 2910 2677 nec
2951 2636 3182 2675 vacuum
3231 2620 3378 2674 domi
3424 2620 3585 2688 quid-

2007 2727 2193 2780 quam.
2225 2712 2378 2766 Alius
2403 2725 2430 2764 a
2457 2711 2630 2782 gloria
2662 2712 2946 2774 remotior,
2976 2720 3033 2765 et
3063 2710 3310 2765 eamdem
3343 2713 3413 2765 ob
3453 2725 3582 2765 cau-

2010 2817 2125 2858 sam
2158 2803 2226 2857 ab
2266 2803 2479 2858 invidiae
2534 2817 2752 2872 quoque
2810 2803 2951 2866 telis,
3003 2813 3156 2858 ratus
3203 2818 3270 2856 ne
3297 2802 3586 2857 vivendum

2014 2893 2235 2961 quidem
2268 2893 2397 2959 sibi,
2470 2893 2523 2946 ni
2582 2894 2878 2960 adoretur;
2927 2903 3216 2964 postquam
3250 2902 3304 2946 et
3363 2891 3587 2960 adeptus

342 2983 551 3054 Ἐτέρῳ
575 2983 618 3036 δ’
651 2978 716 3036 αὖ
738 2983 1058 3051 ἐπέπρακτο
1076 2980 1406 3034 τούναντίον.
1430 2979 1539 3032 Kal.
1563 2981 1739 3033 πάντα
1762 2976 1819 3030 δὲ
1844 2976 1913 3030 τὰ

2023 2993 2258 3051 csteam,
2295 2995 2348 3040 et
2374 2995 2636 3056 expertus
2672 2985 2889 3040 invidia:
2927 2985 3067 3039 tela:
3110 2999 3209 3039 nec
3253 2983 3585 3052 voluptatem

331 3074 628 3146 καθ’ἡμᾶς
657 3073 846 3128 ἄλλοτε
877 3073 1057 3136 ἄλλοις
1086 3073 1221 3126 ἀλλα
1251 3072 1419 3126 δοκεῖ.
1451 3072 1560 3124 Kal.
1582 3070 1752 3124 ταυτὰ
1778 3067 1912 3122 ποτέ

2023 3091 2086 3133 ex
2117 3077 2206 3132 illa
2235 3077 2489 3148 percipit,
2524 3087 2578 3132 et
2607 3077 2752 3148 quod
2783 3077 2982 3132 invidia
3014 3078 3298 3148 premitur,
3359 3084 3588 3130 mortem

333 3165 510 3231 καλὰ,
546 3163 676 3219 ποτὲ
695 3164 750 3218 δέ
788 3165 864 3236 μὴ
893 3164 1139 3229 τοιαῦτα,
1160 3164 1220 3216 ού
1244 3163 1332 3216 διὰ
1359 3163 1458 3232 τὴν
1497 3161 1704 3217 ἑαυτῶν
1727 3161 1908 3232 φύσιν,

2023 3168 2131 3239 ipse
2158 3168 2263 3223 sibi
2302 3177 2472 3238 optat.
2505 3170 2716 3224 Rursus
2746 3168 2886 3223 alius
2912 3169 3194 3222 diversum
3234 3167 3382 3221 facit.
3413 3166 3590 3220 Adeo-

329 3258 431 3311 διά
465 3257 522 3309 δέ
540 3256 638 3327 τὴν
665 3255 774 3309 τῶν
812 3253 1115 3323 ἀνθρώπων
1151 3253 1285 3323 πρὸς
1325 3254 1506 3305 ἐκεῖνα
1541 3255 1757 3314 πάντως
1793 3251 1910 3304 διά-

2023 3275 2126 3329 que
2151 3268 2363 3314 cuncta:
2388 3275 2474 3314 res
2506 3267 2705 3314 nostrae
2738 3259 2874 3313 alias
2908 3259 3028 3314 aliis
3063 3258 3183 3312 alia:
3237 3258 3489 3311 videntur
3509 3271 3590 3309 es-

331 3351 514 3402 ὃεσιν.
539 3348 704 3400 Ὥστε
742 3345 836 3400 καὶ
891 3345 954 3398 τὸ
1007 3345 1254 3415 ἠρεμεῖν,
1294 3344 1388 3396 καὶ
1422 3344 1484 3396 τὸ
1534 3343 1781 3414 ἥδεσθαι,
1818 3343 1912 3396 καὶ

2023 3365 2078 3406 se
2113 3387 2130 3405 .
2157 3348 2298 3416 Quin
2327 3351 2515 3405 eadem
2556 3351 2735 3421 plane,
2770 3350 2932 3407 modo
2961 3351 3118 3416 bona,
3155 3352 3314 3406 modo
3355 3367 3464 3406 non
3500 3352 3592 3406 bo-

332 3439 400 3491 τδ
437 3435 800 3506 ταράττεσθαί
823 3453 884 3489 τε
923 3437 1016 3488 καὶ
1043 3435 1348 3502 θλίϐεσθαι,
1400 3435 1676 3505 λογισμῶν
1713 3435 1782 3520 ἀν
1822 3434 1908 3505 εῖη

2023 3458 2113 3508 na,
2146 3458 2255 3498 non
2286 3443 2337 3499 id
2369 3444 2589 3514 quidem
2636 3459 2701 3499 ex
2735 3455 2927 3499 natura
2965 3460 3084 3509 sua,
3134 3446 3226 3499 sed
3271 3461 3498 3513 prorsus
3528 3461 3593 3500 ex

336 3535 546 3606 μᾶλλον
578 3536 610 3606 ἦ
639 3535 741 3606 τῆς
770 3533 983 3603 φύσεως
1023 3531 1132 3586 τῶν
1167 3531 1529 3604 πραγμάτων.

2018 3533 2261 3601 ipsorum
2301 3533 2368 3588 ad
2391 3548 2454 3589 ea
2488 3534 2798 3588 mortalium
2830 3534 3135 3592 affectione.
3185 3534 3307 3600 Quo
3343 3535 3420 3599 lit,
3454 3546 3593 3590 utea

333 3628 728 3697 tranquillitas,
767 3635 821 3683 et
866 3627 1177 3694 oblectatio,
1210 3636 1264 3684 et
1293 3625 1651 3696 perturbatio,
1685 3635 1740 3682 et
1775 3625 2015 3691 alllictio,
2043 3629 2227 3696 potius
2281 3630 2348 3685 ab
2396 3630 2535 3698 ipsis
2599 3629 2820 3693 animis,
2875 3644 3036 3699 quam
3087 3645 3116 3684 a
3174 3645 3352 3686 rerum
3405 3639 3594 3684 natura

334 3723 688 3795 proveniant.

1033 3817 1193 3877 ,EII'.

418 3911 584 3966 Οὐδὲν
608 3910 674 3965 ἂν
706 3908 790 3980 εἴη
822 3908 1015 3977 δεινὸν,
1049 3910 1077 3962 δ
1101 3909 1175 3980 μὴ
1209 3909 1446 3981 φορητὸν
1479 3909 1634 3979 ἡμῖν,
1679 3908 1799 3962 εἶπέ
1839 3927 1922 3972 τις

333 4000 458 4056 τῶν
492 3999 754 4069 ποιητῶν.
792 3999 968 4062 ἄλλως
1007 4001 1242 4069 φράσας.
1313 3998 1458 4067 Ἐγὼ
1483 3999 1550 4064 δ’,
1608 3999 1818 4052 ἐκείνου
1852 4000 1920 4069 τῇ

330 4095 510 4165 φύσει
539 4091 696 4145 τοῦτο
728 4089 983 4154 διδόντος,
1002 4093 1067 4162 τῇ
1094 4090 1409 4161 προαιρέσει
1436 4089 1605 4160 νέμω.
1637 4089 1786 4159 Αὕτη
1814 4089 1922 4159 γὰρ

331 4184 550 4246 καλοὺς
590 4183 735 4253 ἡμᾶς
764 4184 859 4236 καὶ
899 4183 973 4252 μὴ
1021 4181 1298 4245 τοιούτους
1351 4182 1665 4252 ἐργάζεται.
1704 4181 1770 4234 Ἦ
1824 4181 1924 4249 μὲν

332 4279 461 4346 γὰρ
493 4276 652 4346 κοινὴ
715 4273 878 4342 φύσις
921 4275 1149 4336 δούλοις.
1209 4275 1521 4341 δεσπόταις,
1569 4277 1736 4328 πᾶσιν
1796 4272 1921 4342 ἑξῆς

332 4368 686 4438 ἀνθρώποις,
726 4367 826 4436 μία
855 4383 938 4429 τις
965 4366 1412 4436 ἀπαράλλακτος.
1452 4365 1626 4437 Ἀδὰμ
1651 4365 1760 4435 γὰρ
1791 4367 1921 4419 παῖ·

334 4457 459 4518 δες,
491 4453 649 4524 πηλῷ
681 4455 782 4524 τὴν
822 4454 1060 4525 ὓπαρξιν
1105 4456 1420 4526 ἐσχηκότος,
1443 4457 1588 4525 χειρὶ
1640 4457 1776 4510 Θεοῦ
1829 4475 1925 4510 πε-

341 4547 692 4616 πλασμένου.
721 4545 967 4610 Γενναῖος
997 4546 1074 4610 δέ,
1099 4548 1190 4599 καὶ
1217 4547 1508 4618 σταθηρὺς,
1531 4549 1622 4601 καὶ
1655 4549 1729 4619 μὴ
1754 4549 1923 4604 τοιοῦ-

2676 3815 2906 3872 LXVIII.

2095 3907 2302 3963 Sensus
2330 3917 2414 3962 est
2445 3906 2532 3960 hic
2554 3917 2726 3976 poetae
2772 3908 3081 3976 cujusdam,
3111 3907 3236 3962 aliis
3279 3909 3362 3962 usi
3392 3906 3595 3970 verbis,

2026 3999 2231 4054 nullam
2262 4013 2383 4053 esse
2410 3997 2801 4063 calamitatem,
2825 4013 2948 4067 qua:
2977 4014 3005 4052 a
3042 3999 3198 4053 nobis
3219 3999 3436 4052 tolerari
3487 4013 3594 4050 non

2023 4091 2212 4162 possit.
2246 4091 2360 4146 Hoc
2392 4106 2515 4146 cum
2543 4092 2610 4146 ad
2648 4101 2898 4145 naturam
2927 4091 3014 4144 ille
3043 4090 3306 4155 retulerit,
3329 4105 3430 4160 ego
3456 4089 3595 4144 Iibe-

2027 4197 2100 4237 ra:
2131 4183 2396 4237 voluntati
2455 4183 2662 4250 tribuo;
2699 4198 2823 4238 nam
2877 4199 2938 4239 ea
2966 4199 3066 4239 nos
3120 4193 3173 4238 et
3204 4183 3376 4238 bonos
3405 4190 3459 4238 et
3487 4197 3596 4236 non

2030 4275 2205 4330 bonos
2233 4275 2418 4330 etlicit.
2450 4275 2661 4345 Quippe
2687 4277 2992 4331 communis
3035 4276 3125 4330 illa
3154 4285 3374 4338 natura,
3402 4275 3598 4336 servis,

2029 4367 2200 4432 heris,
2228 4367 2595 4437 omnibusque
2655 4368 3010 4432 mortalibus,
3067 4383 3175 4422 una
3207 4363 3454 4436 quaedam
3517 4379 3599 4422 est

2030 4457 2343 4512 indiscreta.
2385 4457 2588 4513 Sumus
2625 4459 2767 4512 enim
2805 4457 2953 4512 illius
3002 4458 3193 4513 Adami
3239 4459 3355 4525 lilii,
3409 4461 3501 4528 qui
3533 4459 3602 4513 de

2030 4549 2144 4606 luto
2175 4550 2401 4614 exstitit,
2429 4549 2520 4605 Dei
2556 4565 2714 4604 manu
2746 4550 3034 4605 formatus.
3073 4551 3383 4621 Atquilibet
3415 4550 3600 4615 homo,

342 4659 447 4704 τος
471 4639 914 4714 ἀποκαθίσταται
961 4643 1027 4709 τῇ
1060 4642 1384 4711 προαιρέσει
1452 4643 1560 4705 πᾶς
1620 4643 1916 4712 ἄνθρωπος

2032 4645 2117 4697 vel
2143 4652 2427 4706 strenuus,
2463 4642 2550 4697 vel
2580 4650 2860 4706 constans,
2922 4642 3007 4697 vel
3039 4658 3146 4696 non
3203 4643 3346 4706 talis,
3377 4643 3603 4697 arbitrio

353 4732 424 4786 Ὀ
466 4732 577 4800 γὰρ
602 4731 710 4784 τῶν
730 4730 1014 4800 παρόντων
1049 4731 1167 4792 ὅλος
1216 4732 1534 4801 γενόμενος,
1583 4735 1916 4804 πραγμάτωι

2037 4735 2331 4790 voluntatis
2365 4734 2613 4791 elIicilur.
2665 4733 2802 4788 Nam
2841 4735 2934 4804 qui
2989 4750 3047 4791 se
3073 4743 3243 4789 totum
3282 4735 3447 4791 rebus
3482 4737 3605 4790 vita:

343 4825 412 4879 ού
450 4821 779 4892 βεϐηκότων,
809 4821 924 4884 πῶς
953 4821 1018 4874 ἂν
1050 4822 1293 4893 ἀτρέμας
1324 4824 1480 4896 μείνῃ
1504 4843 1519 4890 ;
1549 4826 1664 4889 πῶς
1687 4827 1890 4890 ἄλυπος
1915 4847 1929 4894 ;

361 4916 426 4969 '0
479 4913 538 4967 δέ
580 4913 657 4982 τῷ
712 4913 858 4983 λόγῳ
916 4911 1218 4982 χρώμενος,
1268 4915 1418 4970 οὐδέν
1472 4933 1526 4969 τι
1582 4918 1690 4970 τῶν
1746 4917 1932 4973 ἐνθάδε

349 5007 640 5077 προύργου
672 5005 1017 5077 ποιούμενος,
1055 5005 1150 5058 τοῦ
1177 5005 1352 5075 πηλοῦ
1397 5007 1734 5075 καταγελῶν,
1793 5008 1928 5061 ἀθα-

348 5105 550 5167 νασίας
571 5103 875 5172 ἐπιθυμῶν,
903 5102 1184 5171 ὁδοιπόρον
1203 5103 1397 5156 ἑαυτὸν
1444 5104 1817 5172 ἐπιστάμενος
1849 5106 1929 5168 είς

346 5201 458 5265 τὴν
493 5194 733 5266 πατρίδα
772 5194 871 5263 τὴν
888 5193 1021 5256 ἀνω,
1039 5177 1416 5264 ὑποφέρειμὲν
1431 5193 1601 5260 δεινὰ,
1622 5194 1779 5258 εἰδὼς
1797 5213 1932 5250 ταυ-

345 5291 406 5342 τὶ
431 5287 842 5357 παρερχόμενα,
868 5285 964 5337 καὶ
999 5284 1184 5353 νίτρου
1209 5284 1375 5336 τόπον
1405 5283 1646 5348 σώζοντα
1673 5288 1738 5356 τῇ
1761 5287 1930 5357 ψυχῇ,

348 5378 700 5448 ἀνθρώπινόν
729 5392 783 5428 τι
806 5374 1058 5446 παθούσῃ
1079 5392 1092 5407 ο
1128 5375 1237 5427 τῶν
1257 5374 1315 5427 δὲ
1342 5375 1515 5445 ἡδέων
1543 5375 1639 5430 τοῦ
1670 5377 1796 5447 τῇδε
1815 5377 1933 5446 βίου

347 5475 426 5533 ὼς
454 5470 650 5540 θνητὸς
686 5470 786 5521 οὐκ
813 5467 1096 5521 ἀθανάτων
1140 5469 1406 5537 μετέχων,
1439 5467 1576 5521 οἴσει
1601 5471 1699 5540 τὴν
1728 5469 1934 5522 τούτων

351 5563 564 5632 ζημίαν
597 5561 738 5613 πολὺ
773 5560 878 5614 τῶν
905 5558 1080 5612 ἄλλων
1111 5560 1442 5630 κουφότερόν
1492 5578 1550 5614 τε
1600 5562 1690 5614 καὶ
1728 5562 1935 5616 ἀλυπό-

350 5669 535 5722 τερον.

2041 4827 2324 4897 praesentis
2353 4827 2578 4892 addicit,
2608 4821 2838 4881 minime
2864 4825 3107 4896 profecto
3129 4827 3437 4891 stabilibus,
3465 4842 3607 4900 quo-

2040 4937 2165 4975 nam
2194 4932 2349 4990 pacto
2373 4920 2550 4991 quiete
2577 4920 2748 4977 solida
2779 4919 3032 4974 fruetur?
3056 4920 3148 4990 qui
3172 4919 3379 4975 doloris
3409 4936 3606 4990 expers

2035 5012 2269 5067 eritlAt
2296 5013 2388 5082 qui
2423 5014 2632 5066 ratione
2672 5012 2864 5076 utitur,
2890 5025 2990 5066 nec
3019 5012 3316 5081 quidquam
3368 5011 3445 5066 rei
3497 5022 3606 5065 ter-

2038 5105 2229 5160 restris
2256 5105 2414 5158 habet
2444 5104 2497 5157 in
2529 5104 2723 5172 pretio,
2754 5103 2930 5158 lutum
2988 5103 3244 5168 irridens,
3282 5103 3602 5157 immortali-

2038 5197 2166 5251 tatis
2193 5203 2476 5264 appetens,
2507 5195 2710 5263 quique
2738 5209 2797 5248 se
2829 5198 3090 5249 viatorem
3127 5194 3278 5248 novit
3313 5209 3457 5259 esse,
3491 5202 3607 5246 ten-

2038 5289 2256 5342 dentem
2291 5285 2357 5339 ad
2386 5299 2638 5352 superam
2674 5283 2818 5336 illam
2844 5285 3105 5352 patriam:
3138 5284 3184 5338 is
3217 5296 3344 5337 vero
3373 5290 3431 5334 et
3450 5295 3606 5349 :eqno

2040 5376 2293 5432 tolerabit
2323 5374 2508 5429 animo
2539 5375 2736 5440 tristia,
2762 5390 2882 5428 cum
2911 5387 3033 5427 esse
3089 5375 3400 5428 transitoria
3442 5373 3602 5433 sciat,

2040 5484 2102 5522 ac
2140 5477 2399 5536 praestare
2429 5468 2558 5521 nitri
2585 5466 2757 5520 vicem
2798 5467 3002 5531 animo,
3033 5468 3120 5518 cui
3177 5466 3308 5534 quid
3344 5466 3602 5520 humani—

2040 5570 2128 5617 tus
2158 5561 2389 5626 accidit;
2425 5571 2480 5615 et
2519 5561 2646 5624 illis,
2674 5575 2793 5629 quin
2833 5559 2884 5612 in
2926 5558 3028 5612 hac
3065 5558 3430 5627 vitajucunda
3452 5568 3606 5623 sunt,

2041 5652 2204 5707 veluti
2232 5651 2476 5706 mortalis
2506 5651 2650 5705 haud
2686 5649 3083 5704 immortalibus
3134 5649 3339 5716 fruens,
3390 5663 3608 5705 eorum-

354 5751 478 5804 dem
504 5749 778 5819 iacturam
813 5758 926 5803 tum
977 5750 1149 5806 levius
1184 5752 1353 5804 multo
1403 5753 1634 5820 caneris,
1673 5763 1783 5808 tum
1820 5751 2028 5809 minore
2054 5766 2177 5805 cum
2214 5749 2378 5804 animi
2416 5748 2662 5805 molestia
2691 5747 2840 5803 feret.

685 5849 956 5909 Ps'rnon.
1002 5854 1117 5910 Gn.
1153 5851 1360 5912 CLVI.

3103 5847 3172 5904 12
