4024 6210
442 319 560 381 ⁷303

1139 426 1305 482 LXIX

526 544 671 609 Quas
701 556 891 609 passus
948 539 1048 596 fuit
1097 554 1369 597 mrumnas
1403 539 1594 607 Jobus,
1635 543 1704 597 ob
1733 556 1828 597 eas
1853 542 2023 610 magis

453 638 645 690 beatus
679 633 1022 703 praedicatur,
1052 647 1215 701 quam
1249 634 1319 688 ob
1340 633 1483 689 facta
1516 649 1613 689 sua
1636 675 1651 697 ,
1698 647 2016 703 quanquam

452 741 515 781 ea
545 725 670 779 talia
702 732 962 793 tantaque
1029 723 1249 787 fuerint,
1277 732 1338 777 ut
1364 738 1553 778 eorum
1582 732 1857 777 auctorem
1882 723 2021 778 Deus

453 819 569 887 ipse
597 830 815 886 quoque
849 815 1203 869 eollaudaret.
1236 813 1351 868 Jam
1388 815 1431 869 si
1471 816 1858 884 praeclarorum
1894 830 2023 881 ope-

452 924 570 962 rum
620 906 926 961 effectorem
1002 921 1366 959 aerumnarum
1419 922 1615 961 sensus
1672 907 2019 961 illustriorem

453 998 706 1062 reddidit,
742 1012 850 1067 quo
894 1005 1055 1066 pacto
1087 1011 1193 1050 non
1240 996 1384 1050 idem
1418 996 1522 1050 hoc
1556 998 1859 1051 remedium
1898 1011 2023 1063 pro-

452 1086 591 1140 derit
616 1084 742 1151 illis,
778 1084 1065 1154 quimulta
1121 1092 1511 1153 pcrpetrarunt
1576 1085 1760 1139 mala!
1815 1084 2017 1139 Saltem

456 1181 562 1232 Deo
592 1178 713 1231 vita:
743 1189 945 1231 nostra:
972 1178 1126 1231 clavo
1155 1177 1475 1240 commisso,
1504 1178 1721 1246 quoties
1758 1192 2018 1246 prospera

453 1270 797 1339 navigatione
830 1269 1051 1333 utimur,
1086 1268 1444 1336 providentia:
1498 1268 1814 1322 facilitatem
1869 1268 2016 1322 illam

452 1366 729 1427 acceptum
778 1356 1036 1418 ferentes.
1074 1356 1176 1425 ipsi
1211 1358 1415 1424 gratias
1450 1372 1698 1426 agamus,
1738 1372 1803 1411 ac
1835 1358 2031 1423 mode:

434 1459 533 1504 ‘sle
564 1449 668 1501 lacti
712 1448 914 1508 simus;
952 1456 1006 1501 at
1035 1448 1127 1501 tibi
1170 1447 1368 1502 ﬂuctus
1403 1432 1600 1516 aliqtiis
1632 1450 1918 1517 ingruerit,
1968 1450 2017 1502 vi

454 1540 584 1595 mali
622 1554 691 1594 ne
722 1540 1128 1608 demerguntur.
1159 1538 1223 1607 Et
1253 1540 1395 1594 enim
1434 1541 1799 1609 quijucundis
1826 1557 2021 1595 secun-

451 1635 572 1688 dum
610 1631 877 1686 rationem
906 1648 1011 1686 non
1049 1631 1242 1696 utitur,
1280 1631 1327 1686 is
1355 1646 1382 1683 a
1417 1632 1663 1685 tristibus
1686 1632 1840 1701 quasi
1873 1633 2018 1685 dilu-

452 1728 536 1780 vio
562 1725 795 1795 quodam
836 1722 1107 1777 obruitur.
1137 1721 1223 1775 Ab
1275 1721 1444 1777 altero
1504 1737 1735 1791 namque
1768 1724 2017 1791 provenit

451 1819 701 1873 alterum.
732 1815 809 1869 Ac
837 1814 881 1869 si
917 1814 1133 1883 quidem
1170 1812 1222 1866 iu
1258 1822 1547 1882 utramque
1582 1822 1787 1880 partem
1830 1829 2013 1881 parum

1629 302 2025 373 MANUEUS
2068 309 2512 373 PALEOLOGI

2055 441 2107 500 Α

3587 306 3692 370 3M

2847 424 2969 479 ΞΘ¹.

2208 544 2328 598 Ἰὼϐ
2350 546 2412 598 ὲκ
2462 543 2573 598 τῶν
2617 544 2956 614 παθημάτων
3004 542 3369 613 μακαρίξεται
3420 541 3689 612 μᾶλλονῆ

2124 637 2231 689 άπὸ
2261 637 2369 689 τῶν
2395 635 2573 706 ἔργων
2604 636 2815 689 αὐτῶν*
2845 634 3022 688 καίτοι
3047 634 3345 704 τηλικαῦτα
3379 628 3469 704 ἦν,
3501 637 3573 697 ὡς
3600 635 3689 686 καὶ

2124 726 2256 778 Θεὸν
2280 726 2565 779 ἐπαινέσαι
2594 725 2686 779 τδν
2715 725 3113 795 ἐργασάμενον.
3141 725 3252 777 Καὶ
3278 724 3327 777 εί
3357 724 3465 775 τῶν
3513 724 3692 776 καλῶν

2124 817 2368 885 ἐργάτην
2396 816 2785 885 λαμπρότερον
2818 816 3060 879 ἀνέδειξε
3098 814 3157 868 τὸ
3196 816 3408 879 παθεῖν,
3444 814 3561 876 πῶς
3593 813 3692 867 οὐκ

2122 905 2304 974 ὀνήσει
2332 904 2393 957 τὸ
2424 904 2714 973 φάρμακον
2744 904 3079 973 αὐτουργοὺς
3109 901 3321 955 πολλῶν
3364 901 3553 954 κακῶν
3601 916 3693 969 γε·

2123 996 2387 1061 γονόταςς
2425 994 2573 1065 Πλὴν
2608 993 2729 1063 Θεῷ
2759 996 2886 1056 τοὺς
2916 995 3105 1057 οῐακας
3134 992 3542 1064 ἐγχειρίσαντες
3591 992 3693 1061 τῆς

2123 1086 2400 1155 ἡμετέρας
2445 1086 2612 1155 ζωῆς,
2659 1086 2789 1138 ὅταν
2829 1085 3081 1153 ὲξουρίας
3144 1085 3275 1153 ἡμῖν
3304 1085 3332 1138 ὀ
3391 1082 3578 1147 πλοῦς,
3624 1085 3691 1151 τῇ

2123 1178 2349 1248 προνοίᾳ
2369 1176 2708 1246 λογιζόμενοι
2740 1176 2838 1245 τὴν
2876 1176 3146 1239 εὐκολίαν,
3180 1174 3410 1244 χάριτας
3452 1173 3686 1242 εἰδῶμεν

2122 1268 2273 1338 αὐτῷ
2301 1269 2457 1321 αὐτοὶ
2516 1269 2731 1338 σεμνῶς
2765 1268 3042 1338 ἡδόμενοι.
3072 1267 3244 1319 Ὅταν
3290 1265 3358 1319 δέ
3427 1281 3482 1317 τι
3540 1263 3693 1334 κῦμα

2120 1359 2363 1425 ἐπέλθοι,
2391 1360 2464 1429 μη
2498 1357 2890 1428 βαπτιζώμεθα
2925 1357 3001 1427 τῷ
3021 1357 3199 1425 δεινῷ.
3253 1356 3312 1408 '0
3339 1355 3450 1423 γὰρ
3480 1356 3592 1417 τοῖς
3630 1356 3693 1422 1';-

2118 1450 2230 1503 δέσι
2268 1450 2342 1518 μὴ
2377 1451 2519 1504 κατὰ
2547 1450 2706 1518 λόγον
2734 1448 3035 1519 χρώμενος,
3059 1449 3175 1510 τοῖς
3204 1446 3471 1515 λυπηροῖς
3520 1461 3689 1497 κατα-

2121 1541 2401 1606 κλύζεται.
2425 1542 2670 1613 Θάτερον
2698 1542 2808 1610 γάρ
2834 1541 2896 1593 τὸ
2922 1539 3118 1593 λοιπὸν
3152 1537 3445 1608 προξενεῖηο
3478 1537 3573 1589 καὶ
3622 1536 3693 1605 ἢν

2120 1636 2240 1687 κατ’
2266 1634 2435 1702 ἄμφω
2467 1634 2727 1703 φανῶμεν
2760 1633 3031 1703 ἀδόκιμοι,
3073 1632 3193 1685 νυνὶ
3261 1630 3364 1699 μὲν
3424 1628 3692 1695 πλείστην

2119 1726 2405 1796 αίσχύνην,
2437 1728 2519 1789 εἱς
2578 1728 2635 1780 δὲ
2664 1726 2728 1778 τὸ
2762 1725 2955 1797 μέλλον
3010 1724 3278 1780 ἀθάνατον
3311 1724 3445 1792 ημῖν
3511 1721 3692 1783 αὐτοῖς

2119 1832 2185 1867 πε
2193 1817 2482 1887 ριάψομεν.

452 1928 548 1968 nos
586 1913 753 1981 probe
781 1911 1136 1978 gesserimus,
1167 1908 1521 1978 ignominiam
1554 1925 1706 1963 nunc
1746 1923 1876 1963 sane
1924 1909 2247 1977 maximam,
2286 1922 2340 1967 et
2368 1912 2423 1968 in
2456 1912 2704 1969 futurum
2772 1921 3095 1984 perpetuam
3152 1912 3315 1968 nobis
3376 1912 3479 1983 ipsi
3562 1924 3691 1966 con-

451 2006 781 2061 ciliabimus.

1157 2090 1319 2146 LXX.

518 2210 619 2266 Vir
650 2212 826 2266 bonus
857 2208 955 2264 tibi
983 2223 1091 2262 non
1125 2223 1190 2262 ex
1223 2207 1461 2270 fortuna,
1523 2208 1618 2263 sed
1677 2223 1740 2262 ex
1776 2208 2021 2263 moribus

454 2305 786 2360 aestimator:
817 2316 923 2354 non
951 2301 1044 2369 qui
1074 2314 1325 2370 magnam
1364 2299 1660 2367 potentiam
1709 2300 1888 2364 habet,
1927 2296 2019 2353 sed

454 2412 571 2452 eam
606 2433 621 2459 ,
654 2409 776 2464 quae
799 2392 1014 2460 obtigit,
1051 2404 1150 2459 pro
1204 2390 1346 2442 virili
1388 2390 1727 2458 amplificat:
1764 2406 1896 2453 non,
1923 2391 2016 2458 qui

455 2488 685 2543 multum
714 2486 831 2538 auri
858 2482 1058 2537 defessi
1091 2482 1352 2551 possidet,
1376 2484 1468 2537 sed
1498 2483 1688 2537 amicis
1721 2483 2018 2552 largiendo,

454 2596 513 2634 se
566 2578 856 2647 magnifice
902 2574 1073 2645 gerit:
1107 2590 1240 2638 non,
1295 2575 1388 2642 qui
1429 2574 1825 2642 mancipiorum
1860 2573 2021 2643 quasi

455 2672 709 2742 gregibus
741 2666 1219 2732 circumfunditur,
1254 2668 1347 2721 sed
1400 2667 1495 2737 qui
1522 2667 1717 2721 servile
1780 2668 1915 2720 nihil
1966 2669 2018 2720 in

457 2764 639 2818 animo
675 2776 887 2832 gerens,
914 2759 1015 2814 sibi
1046 2759 1263 2827 quidem
1291 2759 1396 2827 ipsi
1436 2760 1685 2827 imperat,
1704 2759 1859 2812 malis
1890 2774 2020 2813 vero

454 2855 767 2911 servitutem
862 2850 1088 2905 minime
1164 2850 1351 2904 servit.
1414 2850 1556 2904 Idem
1630 2849 1891 2917 superbos
1969 2859 2024 2903 et

455 2947 751 3003 iracundos
786 2958 989 3005 mores,
1024 2942 1215 3012 quales
1249 2942 1452 2995 cadunt
1493 2941 1546 2994 in
1588 2940 1834 2994 homines
1884 2938 2024 3007 inju-

455 3043 651 3101 riosos,
685 3050 1059 3108 equorumque
1096 3048 1249 3088 more
1275 3033 1517 3088 calcibus
1550 3042 1817 3101 petentes,
1837 3042 1891 3085 et
1938 3034 2020 3085 in-

454 3135 689 3188 solentes
723 3131 993 3191 incessus,
1017 3135 1071 3180 et
1096 3126 1327 3179 aliorum
1370 3123 1823 3189 contemptiones,
1859 3132 1911 3176 et
1941 3122 2023 3175 in-

455 3227 624 3280 llexas
678 3222 879 3289 ubique
934 3217 1196 3277 cervices.
1236 3223 1290 3268 et
1341 3230 1480 3284 quos
1532 3215 1790 3267 delicatos
1828 3221 2022 3266 vorant

455 3326 687 3385 gestus,
721 3312 790 3365 ab
828 3309 1057 3379 egregiis
1095 3315 1149 3361 et
1207 3307 1390 3375 probis
1448 3305 1758 3359 hominibus
1812 3304 2022 3358 alienos

455 3407 627 3462 ducit.
660 3404 842 3471 Neque
867 3416 994 3456 vero
1037 3408 1092 3454 et
1116 3399 1206 3453 ille
1228 3397 1368 3465 frugi
1423 3396 1722 3466 putandus,
1758 3396 1852 3466 qui
1896 3397 2021 3450 aliis

457 3495 829 3565 magnitudine
858 3508 954 3548 sua
976 3492 1158 3562 gravis
1183 3502 1302 3545 est:
1333 3492 1427 3544 sed
1459 3489 1545 3543 cui
1588 3488 1761 3544 fausta
1789 3504 2019 3558 quaeque

457 3590 558 3642 viri
610 3593 925 3653 praestantes
973 3593 1183 3653 optant,
1248 3589 1301 3635 et
1333 3578 1589 3636 secundis
1650 3581 1811 3634 rebus
1840 3581 2019 3635 utenti

457 3678 927 3748 congratulantur,
980 3684 1034 3729 et
1096 3674 1249 3728 triste
1276 3671 1409 3741 quid
1465 3671 1657 3726 ferenti
1708 3671 2020 3726 condolent.

458 3770 681 3824 lliccine
713 3767 807 3821 tibi
840 3766 920 3819 vir
951 3764 1197 3818 omnium
1244 3762 1743 3832 praestantissimus
1795 3775 1915 3817 esse
1944 3762 2022 3816 vi-

457 3859 660 3915 detur?
692 3868 850 3928 teque
879 3856 1033 3925 cupis
1066 3854 1135 3909 ab
1191 3853 1466 3909 universis
1503 3852 1846 3916 .boniinibus,
1886 3854 2029 3923 opti.

451 3968 609 4007 suum
670 3958 725 4005 te
789 3950 966 4003 virum
1002 3945 1463 4008 existimantibus,
1525 3945 1708 3998 itidem
1755 3944 1924 4013 diligi,
1968 3954 2027 4000 ut

458 4042 547 4097 ille
584 4038 869 4111 diligitur?
913 4038 1004 4092 Sic
1034 4035 1282 4105 equidem
1339 4048 1632 4104 persuasus
1686 4048 1829 4087 sum.
1864 4032 2026 4089 Decet

2861 2098 2938 2151 θ’.

2203 2210 2431 2277 Ἀγαθδς
2483 2210 2581 2264 οὐκ
2618 2212 2680 2266 ἐκ
2714 2212 2813 2281 τῆς
2836 2213 3027 2283 τύχης,
3056 2211 3173 2266 ἀλλ’
3199 2210 3307 2264 ἀπὸ
3336 2212 3445 2264 τῶν
3470 2210 3689 2280 τρόπων

2120 2302 2390 2371 κρινέσθω
2438 2320 2518 2356 σοι
2545 2320 2559 2335 ο
2593 2305 2689 2374 οὐχ
2712 2307 2739 2358 ό
2764 2306 3007 2376 μεγάλην
3040 2306 3269 2374 δύναμιν
3299 2305 3460 2374 ἔχων,
3491 2302 3605 2355 ἀλλ’
3657 2303 3686 2354 ό

2120 2395 2219 2474 τὴν
2250 2397 2601 2466 ὑπάρχουσαν
2636 2398 2692 2450 τὸ
2727 2401 2850 2451 κατ’
2904 2399 3066 2453 αὐτὸν
3116 2398 3308 2467 βελτίω
3338 2397 3504 2449 ποιῶν
3531 2410 3547 2427 ·
3588 2396 3687 2463 οὐχ

2119 2482 2163 2557 ᾧ
2197 2488 2363 2551 πολύς
2395 2492 2509 2541 ἐστι
2538 2490 2737 2560 χρυσὸς
2790 2491 3305 2561 κατορωρυγμένος,
3355 2487 3467 2541 ἀλλ’
3516 2488 3574 2549 ὅς
3623 2504 3686 2552 γε

2123 2580 2296 2648 φίλοις
2320 2582 2693 2648 λαμπρύνυιτο
2720 2596 2735 2611 ο
2766 2582 2877 2634 οὐδ’
2911 2584 2937 2633 ό
2969 2582 3397 2653 περιρῤεόμενος
3425 2578 3689 2649 ἀνδραπό-

2122 2671 2227 2723 δων
2268 2672 2517 2738 ἀγέλαις,
2556 2672 2673 2723 ἀλλ’
2706 2672 2764 2735 ὃς
2817 2674 2984 2742 μηδὲν
3009 2672 3413 2742 ἀνδραποδῶδες
3442 2671 3578 2738 ἔχων
3630 2670 3689 2721 ἐν

2122 2765 2186 2831 τῇ
2217 2762 2386 2831 ψυχῇ.
2424 2764 2578 2833 ἄρχει
2608 2765 2708 2833 μὲν
2752 2765 2915 2829 αὐτὸς
2944 2764 3130 2828 αὐτοῦ,
3154 2767 3265 2828 τοῖς
3289 2765 3346 2817 δὲ
3393 2766 3577 2824 κακοῖς
3624 2764 3688 2815 οὐ

2121 2854 2463 2910 δεδούλωται.
2489 2856 2594 2907 Τὸν
2613 2856 2667 2908 δὲ
2693 2856 3004 2925 ὐπερόπτην
3032 2874 3089 2909 τε
3114 2858 3207 2909 καὶ
3226 2858 3440 2926 ὀργίλον
3466 2858 3685 2926 τρόπον,

2122 2946 2317 3009 ὅςτῶν
2364 2947 2693 3016 ὑϐριζόντων
2740 2949 2878 3011 ἐστὶ,
2937 2950 3033 3002 καὶ
3084 2949 3183 3014 λὰξ
3243 2950 3509 3001 παιόντων
3567 2948 3687 2999 καθ’

2124 3038 2346 3101 ἵππους,
2383 3039 2478 3090 καὶ
2509 3039 2567 3091 τὸ
2598 3039 2795 3104 σοϐεῖν,
2822 3040 2914 3092 καὶ
2946 3041 3239 3111 ὑπερορᾷν,
3271 3040 3363 3093 καὶ
3395 3040 3482 3091 τὸν
3509 3040 3686 3105 ἄκαμ-

2124 3146 2259 3182 πτον
2290 3131 2490 3198 αὐχένα
2521 3131 2847 3199 πανταχοῦκ
2881 3134 2975 3185 καὶ
3028 3132 3087 3185 τὸ
3152 3132 3687 3201 προσαγορευόμενον

2124 3221 2486 3291 θρύτπῖσθαι,
2520 3223 2773 3292 ἀλλότρια
2805 3224 3055 3293 νενόμικε
3087 3223 3267 3275 καλῶν
3288 3223 3381 3275 καὶ
3404 3221 3691 3291 χρηστοτέ-

2127 3330 2234 3383 ρων
2261 3313 2580 3383 ἀνθρώπων.
2606 3316 2680 3366 Οὐ
2730 3314 2834 3383 μὴν
2857 3314 3103 3376 κάκεῖνός
3133 3331 3191 3380 γε
3229 3316 3481 3383 χρηστὸς,
3506 3314 3563 3375 ὃς
3599 3312 3690 3362 λυ-

2129 3403 2318 3473 πεῖτῷ
2350 3404 2522 3471 μέγας
2556 3400 2741 3458 εἶναι’
2769 3403 2884 3458 ἀλλ’
2931 3398 2975 3472 ᾧ
3015 3404 3359 3469 ’συνεύξαιντ’
3394 3403 3458 3457 ἂν
3509 3404 3692 3472 ἀγαθὰ

2124 3494 2171 3545 οἱ
2205 3493 2313 3546 τῶν
2345 3493 2552 3562 ἀνδρῶν
2576 3494 2833 3563 ’ἀμείνους
2867 3494 2961 3547 καὶ
2985 3494 3297 3563 συνησθεῖεν
3317 3491 3694 3558 εὐδαιμονοῦν.

2122 3602 2199 3649 τι,
2223 3588 2314 3638 καὶ
2347 3585 2742 3655 συναλγήσαιιν
2793 3588 3072 3656 πάσχοντι.
3108 3585 3267 3637 Δοκεῖ
3291 3586 3354 3655 δή
3411 3600 3491 3637 σοι
3523 3584 3697 3635 πανάο

2128 3693 2313 3747 ριστος
2339 3679 2493 3741 οὗτος
2538 3674 2702 3744 εἶναι,
2730 3679 2827 3732 καὶ
2868 3678 3047 3747 βούλει
3086 3678 3294 3739 πάντας
3344 3674 3686 3745 ἀνθρώπους,

2122 3770 2309 3838 ὥσπερ
2346 3771 2574 3838 ἐκεῖνον,
2605 3771 2782 3837 φιλεῖν
2831 3786 2911 3834 σε,
2943 3770 3162 3837 ἄριστον
3208 3768 3415 3837 ἀνδρῶν
3448 3786 3505 3821 σε
3531 3769 3690 3835 νομί-

2134 3860 2362 3924 ζοντας;
2396 3859 2550 3919 Οὕτω
2578 3861 2860 3929 πείθομαι.
2892 3860 3054 3912 Ὥστε
3113 3859 3501 3929 ζηλοτυποῦντι
3564 3858 3693 3919 τοὺς

2136 3949 2374 4016 ἀγαθοὺς
2427 3948 2625 4021 ζηλοῦν
2698 3952 2965 4023 προσήκει
3023 3950 3191 4003 τῶνδε
3253 3950 3377 4012 τοὺς
3435 3949 3691 4017 τρόπους.

2138 4040 2313 4109 Ζήλου
2346 4059 2437 4106 μοι
2466 4041 2676 4107 τούσδε,
2694 4043 2821 4103 τοὺς
2846 4041 2891 4094 δ’
2925 4042 3098 4103 ἄλλως
3117 4040 3337 4111 ἔχοντας
3366 4040 3550 4108 φεῦγε.

460 4148 591 4205 ergo
618 4144 669 4188 te
701 4136 874 4188 bones
927 4130 1295 4195 aunulantem,
1352 4141 1532 4183 mores
1582 4126 1824 4196 ipsorum
1892 4128 2157 4186 :cmulari.
2212 4131 2343 4199 Hos,
2387 4134 2635 4204 inquam,
2692 4134 2982 4199 admirare,
3042 4142 3207 4203 atque
3267 4134 3425 4188 aliter
3473 4132 3697 4186 allectos

460 4231 660 4301 fugite.

1156 4344 1341 4400 LXXI.

536 4466 733 4518 Animo
762 4476 892 4517 cave
922 4459 1235 4530 percellaris
1267 4457 1335 4509 ob
1367 4471 1456 4511 res
1510 4458 1776 4511 secundas
1828 4457 2031 4525 impro—

463 4561 811 4617 borum,uec
843 4551 1085 4619 improbe
1135 4555 1378 4617 agentem
1436 4544 1728 4610 aamuleris,
1779 4547 2031 4614 quamvis

466 4644 823 4707 Alexandros,
877 4640 1126 4709 quamvis
1191 4638 1383 4704 Cyros,
1442 4637 1692 4706 quamvis
1765 4637 2028 4699 thsares,

2859 4349 2984 4401 OA'.

2209 4461 2282 4513 Σὺ
2318 4460 2425 4513 τῶν
2454 4460 2707 4532 πονηρῶν
2735 4459 3154 4531 εὐπραγούντων
3190 4459 3264 4530 μὴ
3295 4458 3701 4529 καταπλήττου,

2143 4552 2282 4621 μηδὲ
2326 4552 2575 4623 ζηλώσῃς
2630 4552 3085 4620 πονηρευόμενον,
3136 4552 3239 4603 κᾶν
3302 4550 3699 4618 ’Δλεξάνδρους,

2140 4644 2246 4697 κᾶν
2284 4642 2520 4713 Κύρους,
2574 4642 2676 4694 κᾶν
2723 4642 3027 4710 Καίσαρας,
3078 4642 3180 4693 κᾶν
3216 4640 3376 4693 πάνθ’
3428 4639 3561 4707 όμοῦ
3608 4639 3706 4689 τὸν

467 4737 725 4808 quamvis
765 4732 1141 4789 beatissimum
1202 4742 1476 4797 quemque
1509 4728 1714 4782 divitiis
1757 4737 1810 4783 et
1860 4730 2023 4796 gloria

2140 4729 2431 4797 εὐδαίμονα
2452 4729 2694 4799 παρέλθῃ
2711 4729 2922 4797 πλούτῳ
2951 4730 3041 4780 καὶ
3062 4727 3205 4798 δόξῃ,
3226 4728 3364 4796 Μηδ⁹
3385 4729 3437 4779 εῖ
3459 4745 3537 4788 τις
3562 4727 3603 4778 is
3615 4744 3707 4794 ρο-

468 4836 708 4898 superct.
744 4825 853 4879 Nec
893 4823 937 4877 si
967 4822 1087 4890 quis
1113 4820 1439 4888 sacrilegiis,
1475 4819 1701 4886 rapinis,
1734 4822 2029 4890 grassatio-

468 4922 631 4974 nibus
676 4908 941 4980 infamis,'
974 4913 1334 4981 Numinisque
1390 4911 1555 4964 divini
1607 4922 1931 4976 contemtor,
1982 4920 2036 4965 et

467 5012 700 5065 violator
728 5010 927 5078 legum.
959 5004 1175 5075 Scythis
1197 5003 1560 5071 imperaverit.
1594 5018 1656 5056 ac
1688 5004 1851 5055 totius
1881 5002 2031 5056 orbis

462 5101 723 5163 .babitati,
752 5098 917 5153 totius
947 5094 1321 5150 inhabitabilis
1355 5094 1488 5147 lines
1545 5092 1599 5146 in
1644 5092 1906 5146 ditionem
1946 5107 2031 5146 re—

466 5192 699 5264 degerit,
749 5190 817 5244 ob
869 5186 1077 5254 imperii
1114 5184 1307 5238 molem
1340 5181 1677 5235 admirabilis
1717 5182 1811 5233 tibi
1845 5180 2029 5233 videa-

466 5295 575 5339 tur.
608 5280 722 5335 Non
749 5280 890 5335 enim
926 5278 1013 5332 ille
1049 5276 1244 5330 beatus
1290 5282 1392 5337 est,
1454 5288 1560 5325 non
1596 5272 1871 5341 princeps,
1922 5286 2029 5324 non

464 5389 582 5435 rex,
608 5387 711 5425 non
752 5383 939 5438 reapse
970 5368 1127 5421 homo
1152 5404 1168 5430 ,
1202 5365 1323 5417 licet
1355 5364 1404 5415 id
1431 5364 1610 5415 omnis
1665 5361 1821 5429 lapis,
1877 5375 2035 5413 omne

467 5464 691 5525 animal,
722 5461 904 5515 omnis
966 5458 1247 5511 hominum
1303 5464 1515 5517 natura,
1566 5453 1796 5521 quodvis
1833 5452 2037 5504 anima-

472 5564 586 5607 tum
626 5562 680 5606 ct
710 5552 948 5605 inanime
979 5551 1151 5605 dicat:
1179 5547 1269 5602 sed
1305 5553 1625 5614 potestatem
1653 5543 1798 5611 quod
1824 5544 2034 5605 attinet,

2139 4821 2334 4882 συλῶν,
2364 4819 2646 4889 ἁρπάζων,
2664 4819 3010 4883 λωποδυτῶν,
3042 4819 3136 4871 καὶ
3177 4819 3315 4889 πρὸς
3343 4819 3442 4888 μὲν
3469 4820 3525 4870 τὸ
3547 4819 3708 4870 Θεῖον

2137 4910 2440 4980 ὀλιγωρῶν,
2468 4912 2549 4973 εἰς
2572 4911 2629 4963 δὲ
2645 4912 2768 4973 τοὺς
2786 4911 2981 4979 νόμους
3006 4910 3261 4979 ὑϐρίζων,
3280 4910 3433 4979 ἄρξει
3457 4911 3704 4973 Σκυθῶν,

2139 5001 2291 5070 ἄρξει
2318 5002 2570 5070 περάτων
2601 5003 2782 5069 πάσης
2820 5001 3163 5072 οἰκουμένης,
3206 5002 3385 5068 πάσης
3422 5003 3707 5069 ἀοικήτου,

2139 5088 2453 5158 θαυμαστός
2480 5107 2561 5143 σοι
2590 5091 2865 5160 φαινέσθω
2882 5091 2957 5161 τῷ
2978 5094 3075 5163 τῆς
3100 5093 3275 5162 ἀρχῆς
3296 5092 3466 5163 ὄγκῳ.
3494 5094 3567 5144 Οὐ
3594 5092 3708 5162 γὰρ

2140 5182 2429 5251 εὐδαίμων,
2462 5183 2563 5235 οὐκ
2597 5184 2803 5254 άρχων,
2845 5185 2903 5236 οὐ
2962 5184 3234 5253 βασιλεὺς,
3262 5186 3361 5237 οὐκ
3420 5185 3709 5251 ἄνθρωπος

2141 5271 2378 5339 ἀληθῶς,
2412 5272 2511 5326 κᾶν
2540 5274 2682 5336 ἅπας
2717 5274 2885 5338 λίθος,
2919 5275 3019 5327 κᾶν
3047 5276 3193 5328 ἅπαν
3228 5275 3384 5338 ζῶον,
3419 5275 3523 5328 κᾶν
3555 5276 3709 5327 πᾶσι

2144 5361 2304 5429 φύσις
2328 5363 2654 5432 ἀνθρώπων,
2678 5368 2787 5418 πᾶν
2818 5367 3061 5434 ἔμψυχόν
3085 5384 3142 5419 τε
3169 5368 3263 5420 καὶ
3293 5368 3521 5435 ἄψυχον,
3548 5365 3714 5419 τοῦτο

2148 5457 2303 5523 φαῖεν
2335 5472 2347 5482 ’
2381 5456 2518 5508 ἀλλὰ
2548 5460 2645 5527 τῆς
2696 5458 2793 5526 μὲν
2834 5460 3079 5523 ἐξουσίας
3110 5460 3175 5510 ἂν
3221 5459 3305 5524 εἴη
3333 5459 3428 5511 καὶ
3458 5459 3564 5509 τῶν
3617 5459 3715 5510 ἐπὶ

2144 5546 2241 5614 τῆς
2264 5547 2467 5613 σκηνῆς
2500 5542 2940 5617 ὐποκρινοέοζέμιων
2966 5549 3132 5617 αὐτὴν
3155 5549 3331 5617 πολλῷ
3348 5548 3713 5618 γελοιότερος,

468 5646 642 5711 magis
674 5655 755 5697 est
779 5644 846 5696 iis
869 5656 1086 5710 quoque
1124 5639 1412 5702 ridiculus,
1450 5638 1541 5706 qui
1575 5637 1878 5704 principum
1915 5651 2023 5703 per-

2146 5639 2245 5705 τῆς
2275 5638 2328 5689 δὲ
2363 5638 2507 5706 ζωῆς
2535 5637 2919 5708 σχετλιώτερος
2951 5639 3057 5691 τῶν
3092 5640 3267 5708 λέπρᾳ
3292 5644 3381 5689 καὶ
3406 5638 3552 5707 λώὸῃ
3575 5652 3715 5690 κατ-

468 5746 635 5786 sonas
688 5733 742 5785 in
795 5746 960 5787 scena
1016 5734 1321 5786 sustinent:
1375 5729 1520 5799 quod
1556 5726 1742 5791 vitam,
1790 5724 2038 5780 miserior

2147 5730 2439 5797 εχομένων.
2495 5730 2613 5781 υῐδε
2655 5731 2764 5797 γὰρ
2798 5729 3156 5795 θρηνούμενοί
3216 5745 3276 5781 τε
3326 5728 3551 5781 καὶούκ
3586 5726 3718 5779 ἑπι-
