4024 6210
361 197 469 283 διε.

1315 215 1721 274 eameam
1751 190 2273 272 EDUC'ATIONIS
2308 211 2592 273 REGle.

3491 212 3592 273 366

361 330 665 401 τιμώμενοι
683 346 699 364 ο
731 330 761 384 ὀ
788 329 847 384 δὲ
877 327 1101 392 δικαίως
1137 327 1466 398 μισούμενὸς
1482 344 1540 381 τε
1569 328 1663 381 καὶ
1684 327 1931 396 συριττόο

2057 323 2251 380 nfectis
2272 324 2437 392 lepra.
2472 310 2606 378 Nam
2626 324 2819 377 horum
2840 337 2968 378 sane
2994 338 3114 379 sors
3137 324 3410 396 dcplorari
3430 326 3594 389 solet,

368 439 550 493 μενος.

448 692 511 745 '0
536 692 656 755 τοῖς
673 687 905 757 ἀγαθοῖς
937 597 1326 756 συνὼῗῗγαθά
1364 688 1676 759 πορίζεταν
1710 690 1739 742 ὁ
1760 689 1816 741 δὲ
1845 706 1931 758 μι-

2031 429 2139 469 non
2172 415 2523 482 reprehendi:
2557 423 2612 468 at
2639 414 2789 469 illum
2812 414 2951 471 odiis
2975 414 3167 471 merito
3186 427 3595 486 persequentes,

2030 505 2394 575 explodimus.

2710 595 2919 649 LX-X-Il.

2104 688 2255 742 Licet
2308 687 2398 751 ei,
2460 686 2553 756 qui
2602 701 2726 741 cum
2764 688 2922 742 bonis
2974 696 3247 756 versatur,
3312 692 3599 761 acquirere

365 783 635 852 γνύμενος
668 783 862 841 κακοῖς
885 778 977 832 καὶ
1010 778 1103 831 τὸν
1131 779 1263 835 ίδιον
1279 780 1538 834 ἀπόλλυσι
1574 779 1716 844 νοῦν,
1737 780 1811 843 ὥς
1852 796 1935 843 τις

2051 793 2218 835 mna:
2250 778 2343 849 qui
2375 794 2503 834 vero
2538 794 2598 832 se
2644 779 2804 832 malis
2843 778 3133 843 admiscet,
3168 791 3403 835 mentem
3460 798 3598 852 quo—

366 874 476 944 Eqaq
497 874 607 927 τῶν
639 871 898 941 ποιητῶν.
941 870 1133 923 Ὀποῖα
1187 870 1294 940 γὰρ
1322 870 1387 924 ἂν
1413 867 1446 943 ᾖ
1475 872 1545 924 τὰ
1573 871 1683 923 τῶν
1704 856 1707 857 ν
1728 868 1938 940 ἀνθρὼ-

366 980 492 1016 πων
518 962 647 1032 ἤθη,
670 959 899 1016 τοιαῦτα
922 960 1014 1013 καὶ
1029 961 1143 1025 τοῖς
1161 959 1343 1022 ἄλλοις
1370 961 1632 1029 παρέχειν
1653 959 1933 1013 δύνανται.

2036 884 2143 938 que
2176 884 2330 925 suam
2359 869 2583 934 amittit,
2619 877 2729 923 uta
2758 879 2916 938 poeta
2969 870 3205 939 quodam
3262 871 3467 925 dictum
3494 882 3597 927 est.

2038 959 2236 1026 Quales
2261 961 2406 1015 enim
2439 974 2621 1015 mores
2639 968 2765 1014 sunt
2792 961 3033 1029 ipsorum
3059 961 3363 1026 hominum,
3391 963 3525 1017 tales
3545 973 3601 1017 et

366 1053 502 1107 Οὐδὲ
536 1053 646 1119 γὰρ
694 1050 982 1120 ἀντλήσεις
1033 1050 1144 1104 ἀπὸ
1194 1054 1379 1120 πηγῆς
1441 1052 1475 1120 ἦ
1520 1052 1702 1107 ὁποῖον
1756 1051 1940 1120 pasce:

2051 1049 2159 1106 Illis
2218 1050 2477 1105 exhibere
2532 1060 2782 1119 possunt.
2843 1049 2977 1105 Nam
3035 1053 3468 1120 aquamefonte
3491 1068 3600 1107 non

370 1144 589 1213 ῥεῖθρον
614 1143 923 1212 ἁειδήποτε.
955 1142 1304 1213 Συνδιάτριϐε
1337 1142 1519 1195 τοίνυν
1553 1145 1668 1205 τοῖς
1690 1142 1937 1210 ἀγαθοῖς,

367 1238 520 1297 ὅπως
562 1234 765 1301 ἀγαθὸς
798 1233 980 1302 γένοιο
1009 1250 1025 1267 ο
1056 1233 1151 1287 καὶ
1190 1236 1311 1296 ταῖς
1344 1234 1483 1304 πρὸς
1518 1234 1712 1295 αὐτοὺς
1759 1253 1943 1289 συνου-

2040 1140 2259 1194 hauries
2288 1140 2474 1203 aliam,
2509 1156 2673 1210 quam
2709 1140 3016 1210 eujusmodi
3045 1157 3258 1211 semper
3290 1159 3354 1198 ex
3385 1158 3450 1197 eo
3476 1159 3604 1213 pro-

2040 1238 2245 1287 manat.
2276 1230 2644 1296 Quamobrem
2672 1248 2793 1285 eum
2819 1232 2975 1287 bonis
3006 1248 3348 1299 conversare,
3380 1251 3484 1306 quo
3508 1236 3606 1289 bo-

370 1328 519 1387 σίαις
542 1326 675 1395 νέμε
701 1342 753 1378 τι
785 1324 1002 1394 σεμνὸν,
1051 1323 1144 1378 καὶ
1206 1324 1417 1394 πρέπον
1473 1326 1636 1395 ἀρχῇ.
1691 1326 1941 1378 Γλῶτταν

2051 1339 2145 1378 nus
2179 1324 2411 1378 evadas:
2447 1334 2501 1377 et
2536 1322 2901 1379 familiaribus
2940 1325 3138 1379 horum
3169 1328 3460 1397 colloquiis
3493 1328 3600 1382 ali-

366 1414 425 1466 δέ
458 1430 517 1466 σε
550 1414 918 1480 βλάπτουσαν,
976 1413 1166 1482 ὥσπερ
1221 1414 1477 1483 μέλιτταν
1525 1416 1734 1485 κέντρῳ
1772 1413 1943 1485 πλήτ-

2051 1412 2173 1482 quid
2227 1413 2508 1483 gravitatis
2565 1414 2915 1482 decentisque
2967 1416 3261 1485 principem
3323 1417 3603 1482 dignitatis

370 1521 595 1569 τουσαν,
616 1504 833 1558 ἔλαυνε.
876 1506 971 1556 ’Δν
992 1505 1134 1577 οὕτω
1168 1505 1424 1575 πράττων
1452 1506 1722 1577 διατελῇς,
1747 1508 1809 1561 ού
1841 1508 1941 1577 μόο

2042 1503 2317 1561 adhibeto.
2372 1504 2634 1576 Linguam
2692 1521 2820 1560 vero
2856 1506 3095 1572 noxiam,
3138 1508 3286 1561 vi-lut
3325 1509 3466 1577 apim
3500 1508 3605 1563 sti-

366 1611 459 1647 νον
488 1594 725 1665 ἀνδράσι
771 1596 887 1659 τοῖς
935 1594 1185 1661 ἀγαθοῖς,
1248 1596 1384 1650 ἀλλὰ
1424 1598 1520 1651 καὶ
1572 1600 1707 1651 πᾶσι
1771 1597 1943 1665 δόξεις

2051 1594 2194 1650 mulo
2223 1596 2530 1662 ferientem,
2571 1596 2795 1666 abigito.
2822 1596 2942 1663 Quo
2973 1594 3113 1653 sane’
3136 1606 3292 1666 pacto
3326 1599 3371 1653 si
3404 1607 3453 1653 te
3479 1612 3604 1668 per-

367 1657 777 1755 ἀριστοςίεῐναι.
818 1657 950 1739 ’Ᾰπὸ
983 1657 1055 1754 γά
1063 1703 1094 1757 ρ
1113 1657 1223 1741 τῶν
1243 1689 1581 1758 φιλουμένων
1604 1691 1716 1754 τοῖς
1743 1657 1942 1761 ἄρίουξ

2051 1694 2205 1755 pctuo
2264 1700 2443 1756 geres,
2493 1701 2601 1741 non
2660 1687 2820 1743 bonis
2852 1696 3058 1741 tantum
3117 1689 3271 1749 viris.
3303 1688 3397 1743 sed
3434 1690 3600 1742 etiam

371 1794 459 1830 σιν
508 1778 560 1831 οι
619 1776 787 1830 τῶνδε
838 1775 1032 1847 τρόποι
1082 1777 1384 1847 κρίνονται.

376 2065 650 2132 Τοιοῦτος
680 2065 703 2136 (
731 2067 839 2137 γάρ
889 2083 1054 2138 φησιν
1082 2066 1101 2138 )
1131 2067 1412 2135 ἕκαστος,
1471 2063 1684 2209 οἲσῗὲρ
1738 2069 1943 2157 ﬁdem:

1647 2156 1829 2194 υνων.

1647 2156 1829 2194 υνων.

376 2228 716 2299 ’Δρχοντιδὲ
744 2229 843 2284 καὶ
875 2230 936 2283 τὸ
974 2231 1156 2285 δοκεῖν
1189 2231 1313 2300 οὐχὶ
1345 2234 1639 2303 παρέργως
1667 2236 1726 2287 ὲν
1759 2235 1941 2306 χρείᾳ.

370 2320 490 2390 mu:
542 2321 652 2389 γὰρ
705 2323 940 2392 πτέρυγι
988 2323 1192 2392 πτηνὸν
1240 2323 1353 2383 ούτ’
1392 2324 1712 2396 ἐκφεύξεται
1753 2327 1942 2395 κακὺν,

368 2410 488 2465 οὔτ’
515 2410 583 2470 ἂν
625 2412 831 2482 ἀγαθοῦ
859 2431 1003 2477 τινος
1036 2414 1209 2485 τύχοι.

1101 2505 1219 2561 01".

444 2596 755 2667 Ὕμνηνται
786 2598 889 2669 μὲν
921 2598 1130 2654 ἀνωθεν
1161 2599 1316 2669 παρά
1368 2601 1546 2667 πάσας
1586 2601 1786 2674 ἀρετὰς
1814 2604 1947 2673 φρό-

368 2705 553 2759 νησις,
574 2689 785 2759 ἀνδρία,
816 2691 1133 2761 δικαιοσύνη
1168 2682 1290 2744 ~acati
1332 2692 1655 2763 σωφροσύνη
1683 2710 1698 2725 ο
1735 2694 1945 2765 βουλοί-

378 2797 497 2852 μην
527 2780 573 2833 δ’
600 2781 667 2834 ἂν
700 2780 874 2850 ἔγωγε
906 2781 983 2851 μὴ
1030 2782 1362 2852 κεχωρίσθαι
1392 2783 1608 2836 τουτουῖ
1650 2785 1742 2837 τοῦ
1784 2782 1945 2854 χοροῦ⁹

369 2873 605 2940 ἀγάπην
638 2873 733 2925 καὶ
766 2873 1095 2942 μετριότητα
1115 2889 1130 2904 ·
1162 2873 1272 2925 εἴτε
1306 2873 1413 2942 γὰρ
1442 2872 1611 2943 ἐχρῆν
1640 2874 1737 2935 τὰς
1764 2879 1945 2945 κρείτ-

2044 1775 2318 1843 universis
2371 1777 2856 1845 praestantissimus
2881 1778 3175 1832 habebere.
3223 1776 3354 1831 Nam
3385 1794 3449 1832 ex
3487 1794 3604 1833 mo—

2043 1866 2195 1923 ribus
2220 1882 2438 1935 eorum,
2476 1868 2572 1938 qui
2602 1867 2940 1938 principibus
2994 1869 3146 1923 chari
3178 1875 3329 1933 sunt,
3356 1870 3598 1937 ipsorum

2043 1958 2351 2029 principum
2399 1973 2581 2015 mores
2614 1958 2959 2014 aestimantur
2984 1998 2999 2024 ,
3036 1966 3096 2012 ut
3124 1960 3267 2014 enim
3302 1960 3392 2015 ille
3434 1960 3603 2014 dixit:

2113 2069 2209 2125 Eu
2238 2071 2455 2142 quisque
2479 2072 2603 2125 talis
2623 2072 2801 2142 quales
2829 2072 2947 2142 quis
2977 2074 3119 2128 adest
3150 2074 3335 2128 libens.

2045 2228 2285 2299 Principi
2336 2244 2467 2285 vero
2523 2231 2687 2286 etiam
2732 2231 2862 2286 illud
2900 2232 3078 2299 ipsum
3116 2235 3321 2300 haberi,
3358 2252 3469 2292 non
3510 2240 3609 2293 abs

2048 2332 2106 2373 re
2161 2320 2284 2381 usui
2332 2319 2514 2375 fuerit.
2570 2319 2781 2377 Etenim
2835 2322 2951 2378 avis
2987 2339 3092 2377 una
3150 2332 3361 2381 tantum
3398 2328 3481 2382 ala
3510 2344 3610 2384 nee

2048 2410 2248 2467 malum
2278 2410 2520 2482 cﬂ‘ugiet,
2554 2428 2655 2469 nec
2687 2414 2871 2482 aliquo
2904 2415 3049 2471 bono
3073 2417 3329 2485 potietur.

2705 2504 2941 2561 LXXIII.

2117 2594 2236 2650 Jam
2277 2595 2409 2650 olim
2471 2610 2637 2665 supra
2703 2598 2928 2653 virtutes
2962 2608 3190 2657 caeteras
3222 2603 3453 2659 laudatae
3486 2614 3613 2660 sunt

2049 2687 2687 2757 prudentia,'fortitndo,
2740 2687 2953 2758 justitia
2984 2700 3043 2745 et
3086 2697 3469 2762 temperantia.
3501 2697 3611 2768 Ego

2049 2793 2178 2835 vero
2230 2779 2390 2849 velim
2445 2779 2513 2832 ab
2568 2777 2670 2835 hoc
2719 2780 2983 2839 virtutum
3040 2784 3212 2837 choro
3258 2800 3367 2839 non
3397 2786 3604 2858 dijnngi

2051 2871 2373 2927 cbaritatem
2406 2878 2461 2925 et
2499 2870 2953 2927 moderationem.
3006 2872 3141 2928 Nam
3188 2876 3304 2931 sive
3356 2886 3616 2946 praestan-

370 2980 509 3025 τους
545 2962 896 3032 ἀπαριθμεῖν,
922 2962 1022 3016 εἴτ’
1049 2964 1114 3016 ἑκ
1139 2964 1340 3033 μέρους
1369 2964 1429 3017 τδ
1453 2967 1562 3017 πᾶν
1596 2964 1820 3032 διδόναι,
1848 2967 1949 3020 οὐκ

2054 2966 2220 3019 tiores
2278 2962 2669 3018 enumeranda:
2716 2964 3036 3029 veniebant,
3082 2967 3195 3021 sive
3243 2976 3415 3023 totum
3462 2982 3615 3039 parte

369 3054 547 3129 ἐχρῆν
564 3054 781 3107 ἐκείνων
802 3053 1004 3117 ταύτας
1024 3055 1432 3123 ἀπολειφθῆναι.
1470 3055 1718 3125 Ἀγάπης
1737 3057 1846 3125 γὰρ
1874 3058 1950 3126 μὴ

368 3144 680 3216 παρούσης,
726 3144 879 3199 οὐδὲν
907 3144 1225 3215 ὠφελοῦμαι
1256 3160 1271 3176 ο
1332 3145 1426 3198 καὶ
1473 3146 1824 3216 μετριότητος
1874 3148 1952 3218 μὴ

354 3234 708 3305 προσούσης,
742 3237 875 3290 κενά
918 3234 1114 3290 πάντα.
1150 3235 1347 3289 Πασῶν
1376 3234 1468 3289 οὖν
1495 3235 1617 3306 ἔχου
1678 3237 1787 3290 τῶν
1821 3239 1951 3309 ἀρεο

368 3324 511 3389 τῶν,
546 3325 640 3377 καὶ
673 3324 905 3395 μάλιστά
934 3341 997 3394 γε
1027 3325 1135 3380 τῶν
1165 3324 1247 3390 ἒξ.

1095 3417 1217 3473 ΟΔ’.

453 3509 669 3579 Νήφειν
701 3508 889 3576 καλὸν,
926 3510 1020 3565 καὶ
1050 3510 1363 3567 τούναντίον
1393 3513 1586 3569 κακόν.
1617 3514 1812 3577 Πολλοὶ
1842 3514 1949 3586 γὰρ

363 3600 443 3653 οὗ
471 3600 540 3651 δι’
570 3600 815 3669 ἄγνοιαν,
870 3600 1009 3655 ἀλλά
1046 3601 1116 3654 δι’
1152 3603 1437 3672 ἀμέλειαν,
1480 3606 1705 3675 ἄμεινον
1740 3607 1804 3659 τὸ
1833 3609 1947 3676 χεῖ-

366 3710 481 3765 ρον
518 3694 880 3761 ήγησάμενοι,
909 3695 1023 3757 τοῖς
1064 3693 1349 3766 βλαϐεροῖς
1400 3698 1632 3761 ἑαυτοὺς
1676 3699 1953 3769 περιέπει-

368 3802 512 3857 ραν.
572 3785 1049 3855 Παραπεπηγέναι
1100 3788 1206 3857 γάρ
1260 3804 1395 3856 φασι
1433 3791 1555 3852 ταῖς
1583 3791 1809 3859 ἀρεταῖς
1852 3793 1952 3859 τὰς

363 3877 604 3941 κακίας,
654 3879 751 3931 καὶ
786 3878 1121 3948 ἀγχιθύρους
1176 3897 1294 3944 πως
1331 3876 1471 3935 εῖναι
1496 3898 1511 3914 ο
1544 3883 1641 3938 καὶ
1693 3884 1753 3938 ού
1806 3885 1951 3937 πάνυ

367 3971 623 4042 χαλεπὸν
651 3971 1135 4045 άπατηθῆναιντὺν
1189 3973 1264 4042 μὴ
1300 3974 1661 4045 προσέχοντα.
1712 3975 1950 4039 Πολλοὺς

366 4065 450 4118 ἂν
475 4063 654 4132 εὕροις
679 4063 823 4133 μέγα
855 4044 1185 4132 φρονούντας
1212 4064 1329 4119 ἀντ’
1351 4044 1553 4136 ἀρετῆς
1576 4071 1950 4139 κεχρημένους

365 4159 451 4225 τῇ
489 4152 871 4227 γειτνιαζούσῃ
923 4153 1099 4228 ταύτῃ
1131 4156 1323 4227 κακίᾳ.
1367 4154 1521 4211 Εἶδον
1549 4159 1788 4228 ἐσχάτην
1827 4160 1949 4213 δουο

368 4248 537 4301 λείαν
583 4246 843 4314 πρόνοιαν
890 4247 1336 4316 ὀνομαζομένην,
1372 4250 1465 4303 καὶ
1512 4248 1686 4318 θυμὸν
1729 4246 1981 4322 ἀνδρίαν⁶

2052 3044 2402 3117 ἰτιιάεούυιη,
2436 3055 2504 3110 ab
2565 3048 2673 3109 illis
2732 3054 2829 3110 bas
2888 3056 3079 3112 abesse
3123 3073 3232 3114 non
3309 3062 3613 3129 oportebat.

2054 3146 2264 3216 Quippe
2286 3145 2329 3198 si
2359 3145 2599 3203 Charitas
2657 3144 2823 3207 absit.
2865 3146 2995 3199 nihil
3027 3148 3291 3216 proficio:
3342 3158 3395 3203 et
3420 3151 3464 3204 si
3502 3166 3619 3204 mo-

2055 3236 2266 3301 deratio
2291 3249 2400 3293 non
2431 3235 2596 3299 adsit,
2619 3235 2801 3289 omnia
2829 3249 2964 3291 vana
3001 3235 3225 3292 fuerint.
3259 3237 3499 3296 Virtutes
3521 3242 3621 3313 igi-

2054 3332 2146 3378 tur
2175 3325 2483 3390 universas,
2515 3334 2571 3379 et
2600 3324 2699 3379 has
2722 3325 3002 3394 praecipue
3028 3341 3123 3382 sex
3163 3330 3514 3399 amplectere.

2717 3415 2953 3474 LXXIV.

2126 3512 2407 3570 Sobrietas
2432 3514 2645 3585 egregia
2682 3531 2769 3571 res
2790 3524 2874 3570 est
2908 3532 2922 3568 :
2957 3525 3012 3570 ut
3052 3515 3276 3578 malum.
3300 3532 3409 3573 non
3439 3518 3621 3573 sobrie

2055 3606 2158 3663 sibi
2182 3607 2508 3675 prospicere.
2545 3605 2677 3661 Nam
2705 3607 2858 3661 multi
2890 3622 2996 3661 non
3019 3621 3085 3661 ex
3118 3608 3482 3678 ignoratione,
3516 3611 3613 3664 sed

2057 3697 2406 3767 negligentia,
2444 3698 2587 3766 quod
2631 3698 2832 3753 malum
2896 3711 2998 3767 pro
3054 3697 3200 3751 bono
3251 3698 3531 3764 ducerent,
3562 3713 3621 3753 se

2058 3788 2208 3855 ipsos
2253 3787 2471 3843 damnis
2505 3787 2825 3842 affecerunt.
2872 3787 3086 3858 Quippe
3125 3788 3421 3842 virtutibus
3464 3788 3619 3843 affixa

2053 3879 2343 3950 perhibent
2393 3895 2515 3935 esse
2547 3879 2701 3943 vitia,
2734 3880 3001 3947 quasique
3028 3878 3285 3932 viciniam
3327 3882 3619 3949 quamdam

2057 3971 2249 4026 horum
2278 3984 2439 4035 esse;
2472 3985 2571 4023 nec
2601 3968 2893 4023 admodum
2922 3980 3004 4023 est
3030 3967 3268 4035 difficile,
3301 3984 3405 4023 non
3440 3978 3619 4023 atten-

2055 4067 2169 4114 tum
2212 4059 2414 4129 decipi.
2441 4058 2643 4113 Multos
2684 4058 2931 4113 invenias
2951 4057 3341 4128 jactabundos,
3373 4057 3465 4124 qui
3501 4058 3620 4111 loco

2055 4151 2274 4206 virtutis
2325 4148 2517 4205 vitium
2549 4150 2735 4204 virtuti
2768 4149 3009 4204 vicinum
3042 4149 3275 4219 amplexi
3319 4159 3467 4204 sunt.
3499 4147 3620 4204 Vidi

2058 4244 2370 4299 servitutem
2400 4251 2720 4307 extremam,
2772 4256 2893 4311 quae
2920 4242 3264 4311 providentia
3311 4243 3622 4297 nominare-

370 4335 725 4405 καλούμενον
744 4351 765 4391 ,⁶
823 4338 918 4392 καὶ
985 4338 1161 4407 μυρία
1200 4337 1397 4393 ταῦτα.
1457 4340 1664 4409 Πολλῆς
1713 4340 1806 4394 οὖν
1856 4343 1950 4411 νή-

2057 4346 2166 4400 tur,
2200 4346 2257 4389 οι
2287 4335 2646 4401 iracundiam,
2700 4350 2823 4404 qua:
2880 4334 3143 4390 fortitudo
3198 4334 3621 4404 perhiberetur;

370 4432 536 4498 ψεως
584 4428 668 4481 δεῖ
698 4426 1039 4499 καθαρεῦσαι
1099 4430 1332 4499 ταυτησὶ
1378 4431 1477 4499 τῆς
1510 4431 1749 4501 ἀπάτης.
1782 4433 1954 4486 Σπου-

370 4519 487 4587 δῆς
522 4518 631 4587 γὰρ
658 4520 786 4589 περὶ
813 4519 881 4571 τά
912 4520 1127 4590 χρηστά
1153 4520 1309 4574 οὐδὲν
1336 4519 1763 4594 ὡφελιμώτερον
1791 4523 1954 4588 νέοις,

374 4610 582 4678 ὥσπερ
620 4609 932 4663 τούναντίον
961 4611 1060 4679 τῆς
1093 4610 1392 4682 ῥᾳθυμίας.
1431 4612 1490 4665 '0
1514 4611 1558 4665 δ’
1584 4611 1772 4677 ὖπνοις
1807 4613 1958 4694 53:80-

371 4716 478 4761 τος
504 4698 604 4766 ὢν,
632 4700 730 4765 καὶ
756 4700 1081 4755 ἀνακεῖσθαι
1108 4702 1301 4766 θέλων,
1329 4702 1426 4755 καὶ
1452 4702 1743 4773 ῥᾳθυμεῖν,
1767 4704 1833 4759 τά
1857 4705 1957 4773 μὲν

375 4792 537 4859 αύτῷ
595 4791 1079 4861 τεθησαυρισμένα
1134 4792 1405 4863 πατρόθεν
1465 4794 1684 4865 ῐσως,ῆ
1738 4796 1875 4849 κατά
1906 4813 1958 4848 τι

381 4882 709 4953 συμπῖπτον
733 4882 927 4954 τύχης,
963 4884 1168 4953 ῥᾳδίως
1211 4886 1277 4938 ἂν
1305 4885 1594 4950 ἀποϐάλοι,
1632 4887 1845 4949 πολλοῖς
1874 4906 1957 4940 τι-

381 4991 474 5027 σιν
506 4969 665 5043 οἶμαι
695 4974 939 5043 τρόποιςο
964 4975 1077 5028 τῶν
1106 4975 1163 5029 δὲ
1186 4976 1353 5046 μήπω
1376 4992 1440 5045 γε
1459 4975 1773 5047 ληφθέντων
1795 4994 1960 5047 προσ-

378 5062 639 5132 κτήσαιτ’
667 5062 733 5117 ἂν
764 5063 903 5134 μηδὲ
928 5062 1008 5118 ἓν.

1119 5237 1241 5293 OE'.

459 5330 666 5399 Ἀρτος
711 5327 928 5398 σώματι
954 5330 1167 5399 τροφήο
1200 5332 1347 5401 ψυχῇ
1392 5331 1449 5384 δὲ
1476 5331 1714 5402 μάθησις
1754 5332 1961 5405 ἀγαθή.

384 5424 612 5488 Ὠσπερ
642 5416 738 5474 οὖν
767 5420 1032 5491 ὲρυθριᾷν
1062 5422 1125 5473 ού
1151 5423 1496 5491 γιγνόμενον,
1526 5422 1744 5476 ἐπειδὰν
1771 5423 1961 5477 ἐσθίω-

388 5527 538 5579 μεν,
578 5508 724 5561 οὕτω
769 5509 849 5562 δεῖ
899 5511 993 5562 καὶ
1044 5509 1145 5573 τὰς
1200 5510 1463 5579 μαθήσεις
1514 5510 1961 5580 ἀνεπαισχύντως

385 5599 716 5669 λαμϐάνειν.
747 5600 822 5653 Οὐ
868 5601 979 5672 γὰρ
1015 5600 1187 5666 ἔστιν,
1218 5601 1317 5654 οὐκ
1365 5600 1479 5655 ἔστι
1518 5604 1660 5671 μέγα
1692 5604 1815 5665 ταῖς
1854 5620 1961 5673 μα-

2056 4426 2274 4495 aliaque
2305 4426 2429 4480 talia
2460 4426 2694 4480 infinita.
2724 4426 2905 4491 Quare
2953 4441 3145 4493 magna
3183 4440 3323 4495 Opus
3352 4436 3439 4480 est
3477 4428 3617 4495 vigi-

2056 4514 2247 4580 lantia,
2286 4522 2344 4568 ut
2381 4514 2449 4568 ab
2476 4515 2903 4584 haeimpostura
2942 4515 3100 4569 liberi
3135 4516 3334 4571 simus.
3371 4514 3507 4569 Nam
3531 4515 3625 4585 ju-

2060 4605 2291 4661 venibus
2346 4604 2489 4661 serio
2513 4620 2696 4663 rerum
2732 4606 2999 4658 bonarum
3033 4606 3216 4659 studio
3242 4605 3376 4658 nihil
3413 4605 3623 4666 utilius.

2057 4696 2207 4751 velut
2232 4710 2264 4751 e
2307 4695 2527 4751 diverso
2552 4695 2879 4765 negligentia
2905 4694 3045 4748 nihil
3079 4695 3302 4749 noxium
3340 4695 3533 4765 magis.
3558 4701 3626 4749 At

2058 4786 2153 4855 qui
2184 4800 2378 4840 somno
2430 4786 2648 4840 deditus
2680 4792 2784 4848 est,
2830 4793 2883 4839 et
2911 4784 3097 4853 jacere
3121 4785 3349 4853 supinus
3374 4792 3542 4848 amat,
3574 4797 3627 4839 et

2056 4877 2271 4934 otiosus
2296 4891 2441 4942 esse,
2473 4876 2671 4946 partim
2705 4874 2936 4931 collecta
2978 4885 3206 4945 paterno
3231 4875 3472 4932 fortasse
3502 4887 3623 4932 stu-

2059 4970 2173 5033 dio,
2208 4972 2291 5023 vel
2326 4969 2510 5037 aliquo
2529 4968 2763 5023 fortuna:
2794 4983 2949 5031 casu,
2990 4968 3148 5023 facile
3166 4968 3353 5023 multis
3395 4969 3477 5039 (ut
3508 4970 3625 5037 opi-

2061 5061 2180 5119 nor)
2225 5059 2402 5113 modis
2450 5059 2737 5125 amiserit;
2796 5059 2992 5129 partim
3017 5074 3084 5113 ex
3114 5059 3201 5123 iis,
3234 5073 3353 5127 qua!
3377 5059 3622 5114 nondum

2060 5160 2395 5205 consecutus
2423 5159 2524 5214 est,
2559 5166 2627 5205 ne
2652 5150 2819 5204 hilum
2849 5150 3072 5219 quidem
3102 5149 3475 5220 acquisiverit.

2738 5239 2949 5296 LXXV.

2133 5330 2205 5386 Ut
2229 5332 2383 5400 panis
2413 5332 2730 5386 alimentum
2764 5340 2849 5387 est
2874 5332 3141 5400 corporis,
3164 5332 3245 5387 sic
3271 5333 3439 5388 animi
3478 5334 3622 5389 bona

2063 5423 2336 5479 doctrina.
2392 5422 2866 5487 Quemadmodum
2917 5438 3047 5493 ergo
3080 5438 3187 5479 non
3218 5427 3473 5481 convenit
3499 5440 3629 5480 eru-

2061 5515 2306 5579 bescere,
2342 5528 2467 5568 cum
2494 5513 2856 5577 comedimus.
2887 5515 2967 5569 sic
3016 5528 3235 5569 omnem
3272 5516 3410 5570 citra
3452 5516 3631 5585 pudo-

2065 5620 2179 5660 rem
2233 5615 2287 5660 et
2348 5605 2609 5662 domina:
2677 5613 2805 5659 sunt
2855 5606 3233 5677 percipiendae.
3293 5605 3409 5663 Non
3454 5619 3632 5688 patcst
