4024 6210
450 300 571 363 ”36Ί

1642 298 2036 363 MANUELIS
2074 298 2518 363 PALIEOLOGI

3570 300 3675 365 363

464 415 633 483 enim,
668 428 777 469 non
817 419 994 482 potest
1034 409 1185 465 valde
1216 411 1481 468 doctrinis
1521 414 1742 483 pollere,
1774 416 1864 486 qui
1897 431 2019 472 cum

2125 419 2314 489 θήσεσι
2344 418 2644 491 δυνηθῆναι
2678 417 2769 472 τὸν
2803 416 2942 487 πρὸς
2966 417 3093 480 τοὺς
3135 415 3332 487 ἥλικας
3368 414 3676 486 ἁμιλλώμε-

463 505 764 573 azqualibus
794 511 1073 555 certamen
1124 502 1372 571 suscipit,
1399 504 1443 557 si
1468 505 1683 573 quidem
1713 520 1837 561 eum
1874 506 2017 561 vinci

461 597 677 662 pudeat.
712 594 999 647 Enimvero
1054 594 1105 646 in
1138 594 1276 648 cibis
1324 594 1439 663 ipsa
1468 596 1769 653 necessitas
1796 600 2017 652 modum

461 686 660 754 cuique
714 683 947 750 desinit;
986 683 1073 738 hic
1104 696 1282 739 autem
1322 687 1443 753 plus
1473 702 1689 758 semper
1740 690 2021 761 requiren-

459 780 609 832 dum.
643 775 855 831 Rursus
894 776 968 829 ibi
1003 777 1174 846 magis
1198 779 1414 846 expedit
1440 778 1763 842 valetudini,
1792 796 1855 837 ac
1882 798 2020 852 pra:-

457 868 739 922 ferendum
759 867 925 933 venit,
950 868 1093 936 quod
1120 869 1449 937 expeditum,
1471 873 1614 940 quod
1647 873 1872 943 simplex
1901 885 2019 931 est:

458 960 549 1013 hic
579 973 707 1013 vero
734 961 911 1027 potior
967 960 1258 1030 omnigena
1292 976 1475 1016 rerum
1510 962 1775 1019 bonarum
1808 967 2018 1022 exerci-

457 1051 613 1105 tatio.
652 1050 842 1104 Itidem
876 1052 1056 1119 pastui
1099 1065 1263 1120 quam
1289 1052 1578 1107 minimum
1609 1058 1874 1124 temporis
1917 1057 2021 1111 im-

459 1138 618 1206 pendi
677 1139 963 1194 decentius
990 1148 1117 1194 est:
1163 1139 1409 1195 discendi
1463 1151 1678 1212 tempus
1702 1145 2018 1200 universum

461 1227 533 1281 sit
557 1228 680 1280 vita:
712 1230 970 1294 spatium,
1034 1228 1076 1281 si
1114 1227 1228 1282 fieri
1260 1238 1462 1298 potest.
1494 1230 1631 1286 Nom
1676 1234 1877 1287 bonum
1913 1244 2017 1295 est,

459 1319 700 1371 animum
737 1317 878 1370 bona
908 1332 967 1370 re
999 1319 1250 1388 quapiam
1280 1320 1473 1387 imbui,
1517 1322 1679 1377 etiam
1712 1331 1849 1391 tum,
1888 1339 2013 1382 cum

460 1422 489 1460 a
512 1422 742 1477 corpore
772 1408 1069 1462 dirimitur.

1126 1498 1356 1557 LXXVi.

518 1564 805 1643 .Eximium
838 1589 967 1658 quid
992 1598 1076 1645 est
1098 1593 1307 1662 magnis
1334 1592 1607 1649 hominem
1638 1595 1843 1652 viribus
1878 1612 2019 1666 pra!-

2121 525 2233 574 vov,
2268 510 2317 561 εί
2366 511 2503 580 πρὸς
2531 510 2628 579 τὴν
2664 503 2833 579 ἦτταν
2879 508 3208 577 αἰσχύνοιτο.
3268 507 3412 561 Ἀλλ’
3452 508 3544 560 ἐπὶ
3579 509 3675 577 μὲν

2118 599 2219 669 τῆς
2256 601 2468 670 τροφῆς
2502 600 2701 670 μέτρον
2749 598 3069 668 ἑκάστοις“ή
3115 598 3295 668 χρεία,
3346 598 3593 651 ἐνταυθοῖ
3620 598 3676 651 δὲ

2120 688 2281 758 χρεία
2309 686 2403 741 τοῦ
2427 688 2692 751 πλείονος.
2728 689 2903 741 Κάκεῖ
2934 689 3031 757 μὲν
3065 685 3221 751 αὖθις
3242 689 3302 741 τὸ
3328 688 3470 743 λεῖόν
3497 706 3555 743 τε
3584 691 3677 743 καὶ

2124 783 2394 852 μονοειδὲς
2438 784 2803 853 ὑγιεινότερόν
2836 801 2897 836 τε
2933 785 3028 838 καὶ
3068 784 3522 851 σπουδαιότερον·
3576 772 3677 836 ῶδε

2120 874 2177 926 δὲ
2229 874 2393 927 καλόν
2428 875 2639 945 ἐστινὴ
2673 876 2989 945 παντοδαπὴ
3036 873 3149 926 τῶν
3195 874 3376 929 καλῶν
3422 875 3680 942 ἄσκησις.

2119 967 2230 1021 Καὶ
2254 965 2363 1019 τῶν
2398 967 2495 1036 μὲν
2530 966 2713 1019 σιτίων
2741 966 2931 1037 χρόνος
2958 966 2987 1018 ό
3018 965 3359 1035 βραχύτατος
3403 965 3680 1035 εὐπρεπέ-

2122 1074 2334 1127 στερος,
2385 1059 2505 1119 ταῖς
2533 1057 2590 1110 δὲ
2626 1058 2893 1127 μαθήσεσι
2912 1044 3112 1126 ’καιρὸς
3143 1059 3169 1109 ὁ
3208 1056 3321 1127 βίος
3345 1056 3484 1123 ὅλος,
3513 1058 3561 1110 εί
3587 1057 3679 1110 δυο
3704 1058 3707 1061 λ

2119 1151 2276 1204 νατόν
2297 1165 2311 1179 ⁸
2346 1150 2510 1204 καλὸν
2536 1151 2644 1220 γὰρ
2674 1151 2946 1221 μυηθῆναι
2970 1149 3066 1216 τὴν
3093 1148 3272 1220 ψυχήν
3291 1165 3344 1202 τι
3374 1148 3557 1214 καλὸν,
3585 1147 3681 1202 καὶ

2121 1242 2497 1315 χωριζομένην
2531 1241 2697 1296 αὑτοῦ
2730 1241 2825 1296 τοῦ
2860 1241 3132 1312 σώματος.
3666 1226 3667 1229 η

2830 1506 2966 1573 oq'.

2192 1606 2518 1676 Κράτιστον,
2550 1602 2802 1673 ίσχύοντα
2839 1602 3005 1671 μέγα,
3046 1598 3272 1670 μηδενὸς
3308 1596 3677 1659 πλεονεκτεῖν,

459 1682 920 1737 duum-fraudare
978 1684 1281 1748 neminem,
1322 1699 1423 1738 nec
1456 1686 1718 1742 adversus
1753 1689 1891 1743 alios
1924 1691 2019 1742 in-

2125 1698 2258 1767 μηδὲ
2316 1695 2773 1765 κατεπαίρεσθαι,
2827 1692 2962 1763 μηδὲ
3024 1691 3284 1759 βλάπτειν
3332 1690 3595 1752 ὁντινοῦν,
3632 1689 3681 1740 εί

458 1787 705 1843 surgere,
750 1790 848 1828 nec
877 1775 1205 1843 quemquam
1245 1776 1483 1843 laedere;
1524 1779 1627 1834 nisi
1662 1780 1785 1849 quis
1824 1781 2018 1837 lmdere

2232 1806 2313 1848 τις
2347 1759 2602 1858 βλάπτων
2635 1787 2695 1839 ού
2731 1759 2989 1851 παύεται,
3024 1782 3121 1837 καὶ⁵
3158 1781 3540 1851 κατορχεῖσθαί
3582 1798 3681 1833 σου

458 1883 741 1937 nunquam
775 1869 1013 1930 desinat,
1059 1878 1112 1921 et
1166 1869 1430 1924 insultare
1467 1873 1565 1926 tibi
1594 1873 1743 1929 velit.
1781 1874 2016 1941 Bonum,

459 1960 546 2011 cui
581 1959 815 2011 maxima
863 1958 1210 2020 conveniant,
1246 1975 1369 2013 eum
1406 1965 1695 2030 praesentia
1727 1966 1853 2018 boni
1886 1981 2019 2019 eon-

458 2053 676 2110 sulere:
707 2050 750 2105 si
784 2064 903 2103 cum
942 2050 1171 2105 honesta
1197 2050 1340 2105 fama
1368 2066 1478 2105 non
1512 2053 1674 2108 liceat
1706 2056 2021 2112 accessione

457 2143 641 2213 potiri.
675 2142 739 2194 Et
770 2143 988 2212 quidem
1019 2144 1337 2197 accessione
1362 2159 1467 2198 non
1498 2145 1682 2199 minus
1713 2160 1836 2200 esse
1860 2147 2019 2215 quid-

457 2234 578 2287 dam
614 2234 872 2299 arbitror,
905 2232 1072 2287 illaesa
1111 2248 1333 2287 servare
1364 2249 1484 2302 quae
1522 2234 1743 2297 adsunt,
1776 2236 1843 2290 iis
1878 2251 2020 2304 prae-

457 2328 645 2382 sertim
705 2326 1063 2395 temporibus,
1123 2341 1243 2393 qua!
1278 2326 1589 2381 detrimenti
1628 2327 1920 2396 plurimum
1950 2329 2023 2383 af-

459 2420 601 2473 ferre
650 2427 898 2487 possunt.
939 2415 1048 2471 Nec
1096 2415 1229 2471 illud
1263 2418 1527 2486 praeteriri
1583 2419 1798 2472 silentio
1836 2419 2019 2474 debet.

458 2510 616 2564 Noris
656 2509 861 2562 illatum
887 2508 1115 2577 publicae
1147 2507 1223 2560 rei
1257 2508 1517 2562 damnum
1548 2508 1654 2563 tuis
1678 2523 1706 2561 a
1731 2509 2019 2575 miniStris,

458 2603 820 2668 imputaturos
848 2598 967 2662 tibi,
1006 2599 1101 2667 qui
1133 2598 1392 2652 damnum
1425 2599 1736 2667 acceperint
1765 2617 1780 2663 ;
1812 2600 1857 2653 si
1891 2616 2017 2656 cum

458 2707 622 2760 opera
655 2692 943 2745 meliorum
977 2689 1054 2743 uti
1102 2704 1310 2758 posses,
1342 2700 1437 2743 aut
1468 2691 1600 2745 istos
1627 2692 1815 2744 saltem
1847 2693 2021 2746 corri-

458 2799 606 2853 gere,
633 2797 734 2836 nec
767 2781 895 2834 illud
957 2779 1140 2835 facere
1184 2780 1445 2845 volueris,
1477 2791 1530 2834 et
1564 2781 1667 2834 hoc
1699 2781 2019 2849 neglexeris,

458 2876 701 2943 adeoque
732 2881 989 2943 prarstare
1012 2871 1256 2937 duxeris,
1289 2881 1348 2926 ut
1377 2872 1608 2942 improbi
1641 2871 1762 2941 plus
1793 2873 1940 2942 apud
1968 2882 2019 2927 te

459 2966 669 3034 possint
701 2979 863 3034 quam
894 2962 1049 3018 boni.

1109 3054 1364 3113 LXXVI].

510 3149 775 3205 (iloriosa
800 3146 908 3202 tuis
936 3162 966 3201 a
996 3148 1241 3201 moribus
1274 3147 1416 3202 absit
1445 3147 1771 3218 arrogantia,
1794 3147 1935 3204 sicut
1968 3130 2023 3204 εί

457 3241 845 3297 dissimulatio.
905 3237 1038 3291 Nam
1099 3248 1161 3291 ut
1198 3238 1311 3292 haec
1374 3239 1546 3307 turpis
1574 3248 1676 3303 est,
1702 3240 1845 3308 quod
1872 3239 2019 3305 (icta,

457 3335 603 3401 «μιοά
659 3331 849 3385 inertis
870 3342 923 3383 et
946 3329 1227 3398 degeneris
1286 3330 1477 3394 animi,
1502 3331 1581 3385 sic
1611 3332 1792 3400 gravis
1824 3331 2015 3399 altera,

458 3427 601 3495 quod
630 3426 856 3495 superba
884 3423 1134 3489 uimittm,
1170 3423 1314 3493 quod
1348 3426 1595 3479 mordax.
1626 3426 1772 3482 Satis
1804 3435 1885 3482 est
1909 3442 2017 3482 non

460 3529 513 3571 te
542 3518 712 3586 magis
743 3516 972 3570 aliorum
1007 3514 1229 3570 credere
1255 3516 1526 3582 laudibus,
1557 3532 1717 3585 quam
1743 3516 1860 3581 tibi,
1891 3531 2017 3571 cum

461 3611 565 3664 illa:
591 3624 731 3663 verae
782 3624 886 3662 non
920 3615 1069 3673 sunt,
1102 3622 1201 3661 nec
1239 3622 1490 3677 asperum
1523 3606 1749 3675 aliquid,
1780 3607 2017 3662 homini-

458 3700 913 3772 quejactabuudo
940 3700 1292 3765 conveniens,
1324 3698 1566 3769 proferre
1592 3716 1605 3752 :
1637 3714 1742 3754 non
1764 3698 2019 3754 incedere

460 3810 584 3847 cum
623 3792 805 3857 .l‘astu,
868 3806 968 3846 nec
1018 3791 1272 3845 attollere
1336 3790 1648 3858 supercilia,
1683 3789 1890 3853 licetii,
1922 3788 2017 3855 qui

458 3888 707 3955 plausum
756 3884 907 3949 dant,
950 3898 1138 3937 verum
1190 3883 1392 3937 dicant.
1434 3881 1512 3935 Ad
1560 3880 1800 3950 ingestas
1834 3889 2017 3936 autem

461 3977 645 4032 laudes
666 3975 733 4029 ab
758 3975 899 4040 aliis,
922 3974 1079 4040 quasi
1102 3974 1547 4043 tergiversantem
1577 3972 1797 4027 delicias
1816 3970 2017 4039 facere,

461 4084 738 4139 paucaque
762 4068 828 4121 de
851 4082 909 4121 se
949 4066 1148 4130 dicere,
1178 4064 1624 4145 magnasentire,
1646 4078 1810 4134 pr0pe
1839 4064 2021 4119 sceni-

358 4150 369 4157 ’
458 4175 579 4212 eum
610 4158 864 4227 quiddam
895 4162 998 4219 est,
1026 4167 1079 4209 et
1108 4171 1274 4224 egens
1305 4156 1487 4220 larvaa,
1516 4155 1611 4210 tibi
1661 4154 1882 4223 quidem
1921 4154 2022 4208 mi-

458 4251 604 4303 nime
666 4249 942 4303 convenit.
1004 4247 1307 4301 Honestum
1377 4247 1589 4302 facinus
1658 4247 1888 4301 illustris
1938 4256 2023 4300 est

458 4358 658 4410 praeco.
691 4340 940 4392 Hominis
970 4339 1257 4402 Modestis,
1292 4338 1384 4405 qui
1418 4352 1613 4407 magna
1653 4339 1880 4406 peregit,
1911 4338 2018 4390 du-

2121 1879 2287 1933 θέλει.
2323 1878 2517 1942 Καλὸν,
2559 1877 2840 1947 μεγίστοις
2880 1873 3268 1943 συμϐαίνοντα,
3319 1873 3431 1932 τοῖς
3468 1869 3679 1940 παροῦ-

2123 1987 2209 2022 σιν
2242 1970 2483 2038 ἁγαπᾷν,
2514 1966 2579 2021 ἂν
2627 1967 2700 2035 μὴ
2740 1965 2857 2036 μετ’
2907 1964 3158 2027 εύκλείας
3190 1963 3286 2033 ἐξῇ
3334 1962 3678 2031 προσθεῖναι.

2133 2058 2287 2128 Ἐμοὶ
2315 2059 2463 2110 δοκεῖ
2509 2057 2833 2127 προσθήκης
2863 2056 2961 2126 οὐχ
3002 2052 3165 2126 ἦττον
3192 2049 3335 2106 εἶναι
3368 2054 3429 2107 τὸ
3455 2053 3523 2104 τὰ
3547 2052 3680 2104 ὅντα

2120 2150 2309 2218 τηρεῖν
2337 2146 2593 2215 ἀλώὸητα
2637 2147 2695 2199 ἐν
2729 2146 2939 2215 καιροῖς
2969 2145 3109 2197 πάνυ
3147 2140 3430 2195 λωὸᾶσθαι
3473 2153 3679 2206 κεκτη-

2126 2242 2307 2311 μένοις
2358 2239 2609 2306 δύναμιν.
2661 2238 2753 2288 Δεῖ
2794 2237 2851 2289 δὲ
2909 2235 3032 2305 μηδ’
3090 2236 3267 2286 ἐκεῖνο
3310 2230 3675 2300 σιωπηθῆναι.

2125 2332 2264 2387 Ἰσθι
2297 2333 2396 2401 τὴν
2420 2330 2710 2400 ὑπηρετῶν
2740 2330 2820 2392 είς
2854 2328 2914 2382 τὸ
2936 2327 3116 2381 κοινὸν
3137 2325 3340 2395 βλάϐην
3370 2326 3448 2377 σοὶ
3467 2325 3681 2390 λογιου-

2126 2425 2321 2496 μένους
2353 2426 2478 2483 τοὺς
2511 2421 2917 2492 βλαπτομένους
2946 2419 3037 2487 ’ξεί
3070 2418 3245 2487 παρὸν
3273 2417 3521 2485 ἀμείνοσι
3548 2413 3682 2483 χρῆ-

2126 2518 2272 2579 σθαι,
2308 2517 2342 2587 ἢ
2368 2516 2498 2584 γοῦν
2527 2514 2766 2575 ἐκείνους
2789 2513 3051 2582 ὀρθῶσαι,
3091 2509 3250 2565 τοῦτό
3284 2527 3341 2561 τε
3375 2508 3448 2577 μὴ
3474 2508 3679 2576 πρᾶξαι

2125 2608 2404 2677 θελήσαις,
2435 2605 2531 2660 καὶ
2567 2606 2658 2659 τοῦ
2695 2605 2882 2674 ἐτέρου
2918 2602 3361 2675 παραμελήσαις,
3392 2600 3487 2652 καὶ
3519 2599 3681 2651 καλὸν

2123 2704 2361 2773 ἡγήσαιο
2409 2700 2562 2772 παρὰ
2594 2700 2674 2753 σοὶ
2703 2699 2866 2753 πλέον
2908 2697 3052 2769 ἔχειν
3094 2696 3220 2761 τοὺς
3272 2694 3538 2765 πονηροὺς
3571 2694 3680 2745 τῶν

2127 2796 2440 2866 βελτίστων.

2844 3059 2961 3119 OZ'.

2192 3156 2345 3225 Μήτε
2373 3157 2624 3228 είρωνείᾳ
2650 3158 2885 3210 συνεῖναι
2913 3156 3055 3220 θέλε,
3083 3156 3222 3225 μήτε
3245 3154 3531 3220 ἀλαζονεία
3558 3172 3683 3209 συν-

2123 3247 2264 3301 έστω
2313 3264 2417 3300 σοι.
2464 3247 2683 3315 Ἐπειδὴ
2715 3248 2776 3300 τὸ
2820 3247 2921 3317 μὲν
2965 3247 3186 3317 αίσχρόν
3213 3265 3226 3278 ·
3264 3246 3496 3301 ὕπουλον
3551 3247 3679 3317 γὰρ,

2129 3338 2509 3409 μικροπρεπὲς
2538 3355 2552 3369 ο
2598 3338 2825 3410 θάτερον
2855 3339 2911 3392 δὲ
2945 3339 3081 3409 βαρύ
3106 3356 3120 3371 ο
3159 3341 3463 3409 ὑπέρογκον
3494 3341 3598 3410 γάρ
3628 3357 3713 3393 τιο

2121 3431 2215 3483 καὶ
2237 3430 2554 3500 πληκτικὸν.
2572 3431 2761 3501 Ἀρκεῖ
2782 3431 2856 3502 μὴ
2881 3433 2994 3494 τοῖς
3017 3430 3218 3501 ἐτέρων
3251 3431 3489 3495 ἐπαίνοις
3524 3449 3683 3486 σεαυ-

2119 3522 2213 3576 τοῦ
2245 3522 2445 3592 μᾶλλον
2473 3522 2772 3588 πιστεύειν,
2796 3522 3017 3575 ἐπειδὰν
3045 3523 3144 3575 οὐκ
3169 3522 3474 3592 ἀληθεύωσι
3494 3539 3507 3553 ·
3544 3522 3687 3593 μηδὲ

2121 3614 2296 3666 εἰπεῖν
2342 3614 2598 3683 φορτικὸν
2643 3614 2825 3683 μηδὲν,
2885 3613 3018 3683 μηδὲ
3074 3614 3449 3683 κομπάζοντος
3488 3613 3685 3682 ῥῆμα·

2124 3705 2201 3773 μὴ
2263 3704 2615 3774 ἀκροϐατεῖν,
2664 3706 2800 3775 μηδὲ
2834 3704 2932 3774 τὴν
2981 3705 3153 3775 ὀφρὺν
3204 3704 3399 3774 αίρειν,
3459 3703 3582 3773 μηδ’
3614 3705 3693 3757 ἂν

2119 3793 2461 3863 ἀληθεύωσιν
2491 3795 2542 3846 οί
2594 3793 2943 3866 κρατοῦντες.
2977 3794 3049 3845 Τὸ
3094 3793 3151 3846 δὲ
3202 3793 3338 3862 πρὸς
3366 3794 3491 3855 τοὺς
3541 3799 3691 3864 παρ’

2119 3883 2324 3952 ἑτέρων
2375 3882 2630 3943 ἐπαίνους
2672 3881 2861 3949 ῶσπερ
2907 3880 3271 3951 ἀκκιζόμενον
3319 3881 3685 3952 θρύπτεσθαι,

2122 3976 2217 4029 καὶ
2248 3972 2421 4043 μικρὰ
2451 3974 2548 4043 μὲν
2581 3973 2766 4041 λέγειν
2798 3974 2925 4043 περὶ
2977 3972 3199 4039 σαυτοῦ,
3238 3974 3451 4042 μεγάλα
3484 3972 3540 4024 δὲ
3570 3974 3686 4025 οῐεο

2123 4066 2267 4130 σθαι,
2302 4064 2499 4135 μικροῦ
2548 4064 2657 4117 δεῖν
2714 4065 2971 4133 σκηνικόν
3014 4066 3152 4126 ἐστι,
3187 4066 3279 4118 καὶ
3327 4066 3687 4129 προσωπείου

2121 4158 2395 4226 δεόμενον,
2444 4157 2473 4209 ὅ
2509 4173 2593 4209 σοι
2626 4155 2939 4226 μηδαμόθεν
2981 4156 3245 4224 προσῆκε.
3300 4157 3503 4225 Πρᾶξις
3541 4156 3689 4226 καλὴ

2122 4247 2299 4315 κῆρυξ
2353 4246 2626 4317 λαμπρός.
2673 4247 2744 4300 Τὸ
2786 4247 3097 4317 μετριάζειν
3150 4246 3363 4316 μεγάλα
3416 4248 3691 4317 πράξαντι

2122 4337 2340 4390 διπλοῦν
2387 4336 2448 4390 τὸ
2501 4338 2764 4408 τρόπαιον
2814 4339 3044 4406 ἵστησιν,
3081 4338 3144 4390 ἐκ
3188 4355 3248 4391 τε
3304 4339 3415 4391 τῶν
3463 4340 3693 4404 ἀγαθῶν

459 4433 607 4499 plum
644 4439 905 4497 tropaeum
956 4427 1182 4487 statuit,
1215 4436 1327 4478 tum
1363 4425 1518 4479 factis
1548 4427 1700 4494 ipsis,
1736 4436 1847 4478 tum
1877 4427 2019 4494 quod

2127 4428 2322 4497 ἔργων,
2356 4427 2450 4480 καὶ
2496 4427 2591 4480 τοῦ
2624 4429 2697 4498 μὴ
2736 4428 2946 4487 τούτοις
2993 4429 3340 4498 ἐπαίρεσθαι.
3383 4428 3442 4480 '0
3482 4428 3537 4479 δὲ
3585 4444 3691 4496 με-

459 4522 528 4573 ob
557 4533 617 4573 ea
677 4532 736 4571 se
766 4532 872 4570 non
907 4516 1112 4570 efferat.
1152 4517 1222 4567 At
1259 4529 1388 4567 vero
1437 4516 1531 4582 qui
1561 4529 1789 4584 magnas
1820 4530 1909 4569 res
1937 4530 2027 4583 ge-

463 4612 556 4674 rit,
588 4618 641 4663 et
662 4624 853 4676 magna
882 4608 1485 4677 loquitur,tantumque
1513 4620 1620 4659 non
1649 4607 1833 4660 volare
1860 4607 2023 4674 gestis

461 4700 725 4769 praeclare
760 4699 920 4752 rebus
950 4699 1063 4766 ipse
1094 4697 1199 4750 sibi
1224 4698 1459 4762 videtur,
1481 4697 1644 4751 etiam
1679 4696 1744 4750 iis
1766 4697 2023 4751 molestus

463 4808 527 4848 ac
549 4792 729 4860 gravis
758 4788 945 4853 fuerit,
975 4788 1067 4857 qui
1094 4787 1213 4856 ejus
1239 4796 1409 4856 opera‘
1432 4786 1589 4841 bonis
1621 4787 1899 4841 fruuntur.
1932 4786 2026 4841 Est

452 4884 609 4938 enim
638 4883 863 4935 adversa
894 4879 1004 4934 Deo
1034 4893 1250 4948 quoque
1301 4878 1578 4947 superbia.
1606 4880 1944 4948 Quapropter
1978 4878 2026 4933 si

464 4975 651 5045 gloriae
686 4973 919 5040 cupidus
960 4985 1040 5033 es,
1066 4971 1223 5024 factis
1256 4985 1372 5023 eam
1406 4972 1654 5039 persequi
1702 4970 1887 5033 debes,
1918 4985 2026 5025 non

460 5068 643 5121 verbis
691 5078 988 5121 arcessere.
1049 5062 1182 5115 Nam
1216 5073 1553 5117 arcessentes
1612 5062 1786 5128 fugit,
1842 5074 1899 5116 et
1959 5062 2026 5115 ad

461 5159 608 5224 illos,
640 5158 732 5228 qui
788 5156 946 5211 factis
1000 5169 1121 5209 eam
1165 5162 1446 5223 prensant,
1474 5168 1637 5224 quam
1672 5152 2029 5209 libentissime

458 5253 690 5310 accedit.

1097 5334 1185 5389 LX
1196 5335 1378 5390 XVIII.

534 5438 629 5491 Est
682 5433 909 5489 omnino
962 5432 1183 5490 diﬂicile
1219 5430 1560 5492 mortalibus.
1597 5430 1664 5485 de
1702 5432 2031 5501 rebusjudi-

2126 4520 2267 4586 γάλα
2297 4520 2397 4588 μὲν
2425 4519 2613 4583 ποιῶν,
2647 4520 2857 4589 μεγάλα
2879 4520 2934 4571 δὲ
2957 4520 3157 4586 λέγων,
3189 4520 3280 4572 καὶ
3308 4520 3588 4588 μονονουχὶ
3606 4518 3694 4570 δο-

2126 4612 2237 4664 κῶν
2264 4615 2375 4673 τοῖς
2402 4610 2793 4681 κατορθώμασι
2833 4611 3111 4672 πέτεσθαι,
3141 4612 3236 4663 καὶ
3261 4613 3372 4671 τοῖς
3409 4608 3475 4662 δι’
3513 4610 3687 4663 αὑτοῦ

2126 4704 2305 4774 καλῶν
2328 4704 2662 4757 ἀπολαύουσι
2685 4703 2925 4771 λυπηρὸς
2944 4704 3009 4756 ἂν
3026 4704 3253 4769 γένοιτο.
3271 4703 3344 4755 Τὸ
3358 4705 3464 4768 γὰρ
3478 4702 3652 4771 ύπερή
3672 4734 3690 4743 ο

2127 4815 2294 4866 φανον
2340 4797 2433 4848 καὶ
2479 4796 2598 4865 Θεῷ
2650 4795 2931 4863 πολέμιον.
2964 4794 3129 4864 Δόξης
3169 4794 3260 4847 οὖν
3312 4795 3542 4863 ἐρῶντα,
3574 4796 3689 4867 χρὴ

2127 4891 2309 4960 ἔργοις
2326 4907 2383 4943 τε
2404 4891 2605 4957 ταύτην
2629 4888 2868 4953 διώκειν,
2900 4887 2996 4939 καὶ
3020 4887 3094 4955 μὴ
3118 4890 3544 4956 προσκαλεῖσθαι
3572 4892 3693 4949 τοῖς

2127 4981 2329 5050 λόγοις.
2368 4981 2562 5049 Φεύγει
2589 4981 2697 5050 γὰρ
2736 4981 2862 5040 τοὺς
2896 4978 3224 5041 καλοῦνταςο
3269 4981 3380 5042 τοῖς
3407 4979 3461 5031 δὲ
3505 4979 3694 5048 ἔργοις

2129 5074 2298 5145 αὐτὴν
2324 5071 2689 5143 δεξιουμένοις
2718 5072 3093 5141 ἀσμενέστατα
3124 5073 3506 5141 προσέρχεται.

2845 5330 2975 5386 OH’.

2212 5421 2453 5489 ’Δληθῶς
2485 5421 2590 5474 τῶν
2625 5420 2794 5473 ὄντων
2829 5423 2983 5474 οὐδὲν
3011 5420 3262 5491 εῦκριτον
3289 5419 3592 5490 ἀνθρώποις
3620 5417 3697 5474 ἄν

461 5541 605 5579 care.
641 5523 775 5577 Nam
809 5523 1008 5591 quibus
1036 5524 1090 5577 in
1140 5522 1297 5575 malis
1334 5532 1635 5581 versamur,
1660 5532 1721 5571 ea
1752 5518 2020 5573 deteriora

2132 5512 2238 5579 εἴη.
2295 5504 2389 5571 Οἷς
2441 5512 2557 5579 γὰρ
2583 5508 2842 5579 χρώμεθα
2892 5513 3102 5574 κακοῖς,
3152 5509 3319 5577 χείρω
3368 5507 3539 5560 ταῦτα
3577 5508 3695 5561 τῶν

463 5625 719 5683 putamus
755 5614 897 5676 aliis,
922 5614 1178 5679 quoniam
1215 5611 1439 5670 malum,
1473 5608 1614 5676 quod
1640 5611 1815 5672 adest,
1844 5610 2020 5676 seipse

2132 5604 2307 5656 ἄλλων
2340 5602 2636 5669 νομίζομεν
2659 5616 2671 5629 ’
2724 5603 2804 5653 ὃτι
2833 5601 2894 5653 τὸ
2923 5602 3094 5654 δεινὸν
3130 5601 3309 5670 παρὸν
3349 5600 3541 5654 ἑαυτοῦ
3582 5600 3698 5651 δει-

458 5706 693 5774 qquam
726 5703 886 5757 modo
913 5704 1132 5769 gravius
1190 5717 1310 5755 esse
1343 5699 1574 5762 videtur,
1609 5699 1833 5766 ipsaque
1893 5711 2020 5766 pra:-

2134 5693 2346 5761 νότερόν
2383 5710 2498 5755 πως
2541 5692 2707 5758 δοκεῖ,
2741 5692 2886 5761 αὐτῷ
2929 5692 3003 5762 τῷ
3054 5697 3305 5763 παρεῖναι
3341 5693 3449 5747 τῶν
3481 5693 3540 5744 οὐ
3582 5706 3699 5744 πα.-
