  <div class='ocr_page' id='page_1' title='image "/cluster/home/n/w/nwhite01/storage/ocr_20150623/156/hvd.32044073502650/190.png"; bbox 0 0 4024 6210; ppageno 0'>
   <div class='ocr_carea' id='block_1_1' title="bbox 325 342 432 399">
    <p class='ocr_par' dir='ltr' id='par_1_1' title="bbox 325 342 432 399">
     <span class='ocr_line' id='line_1_1' title="bbox 325 342 432 399; baseline 0.009 -1"><span class='ocrx_word' id='word_1_1' title='bbox 325 342 432 399; x_wconf 64' lang='grc' dir='ltr'><strong>3ου</strong></span> 
     </span>
    </p>
   </div>
   <div class='ocr_carea' id='block_1_2' title="bbox 1285 341 2564 411">
    <p class='ocr_par' dir='ltr' id='par_1_2' title="bbox 1285 341 2564 411">
     <span class='ocr_line' id='line_1_2' title="bbox 1285 341 2564 411; baseline 0.005 -7"><span class='ocrx_word' id='word_1_2' title='bbox 1285 341 1696 405; x_wconf 79' lang='lat' dir='ltr'><strong>PR/ECEPTA</strong></span> <span class='ocrx_word' id='word_1_3' title='bbox 1732 345 2251 408; x_wconf 79' lang='lat' dir='ltr'><strong>EDUCATIONIS</strong></span> <span class='ocrx_word' id='word_1_4' title='bbox 2287 349 2564 411; x_wconf 73' lang='lat' dir='ltr'><strong>REGLE.</strong></span> 
     </span>
    </p>
   </div>
   <div class='ocr_carea' id='block_1_3' title="bbox 3452 351 3579 414">
    <p class='ocr_par' dir='ltr' id='par_1_3' title="bbox 3452 351 3579 414">
     <span class='ocr_line' id='line_1_3' title="bbox 3452 351 3579 414; baseline 0.031 -3"><span class='ocrx_word' id='word_1_5' title='bbox 3452 351 3579 414; x_wconf 77' lang='lat'><strong>370&quot;</strong></span> 
     </span>
    </p>
   </div>
   <div class='ocr_carea' id='block_1_4' title="bbox 323 445 1889 537">
    <p class='ocr_par' dir='ltr' id='par_1_4' title="bbox 323 445 1889 520">
     <span class='ocr_line' id='line_1_4' title="bbox 323 445 1889 520; baseline 0.005 -20"><span class='ocrx_word' id='word_1_6' title='bbox 323 446 532 516; x_wconf 84' lang='grc' dir='ltr'>ρόντων</span> <span class='ocrx_word' id='word_1_7' title='bbox 562 445 923 502; x_wconf 79' lang='grc' dir='ltr'><strong>πλεονεκτοῦν</strong></span> <span class='ocrx_word' id='word_1_8' title='bbox 953 463 968 481; x_wconf 84' lang='lat'><strong><em>°</em></strong></span> <span class='ocrx_word' id='word_1_9' title='bbox 991 449 1085 504; x_wconf 79' lang='grc' dir='ltr'><strong>καὶ</strong></span> <span class='ocrx_word' id='word_1_10' title='bbox 1123 450 1376 520; x_wconf 78' lang='grc' dir='ltr'>ἠλλάξατ’</span> <span class='ocrx_word' id='word_1_11' title='bbox 1404 456 1470 510; x_wconf 79' lang='grc' dir='ltr'>ἄν</span> <span class='ocrx_word' id='word_1_12' title='bbox 1500 473 1587 520; x_wconf 84' lang='grc' dir='ltr'><strong>τις</strong></span> <span class='ocrx_word' id='word_1_13' title='bbox 1616 456 1889 519; x_wconf 72' lang='grc' dir='ltr'><strong>πιέζοντος</strong></span> 
     </span>
    </p>
   </div>
   <div class='ocr_carea' id='block_1_5' title="bbox 1993 445 3562 537">
    <p class='ocr_par' dir='ltr' id='par_1_5' title="bbox 2002 461 3562 537">
     <span class='ocr_line' id='line_1_5' title="bbox 2002 461 3562 537; baseline 0.005 -21"><span class='ocrx_word' id='word_1_14' title='bbox 2002 463 2174 517; x_wconf 90' lang='lat' dir='ltr'><strong>scntia</strong></span> <span class='ocrx_word' id='word_1_15' title='bbox 2205 478 2302 518; x_wconf 89' lang='lat' dir='ltr'><strong>sua</strong></span> <span class='ocrx_word' id='word_1_16' title='bbox 2323 463 2575 532; x_wconf 78' lang='lat' dir='ltr'><strong>deprimit</strong></span> <span class='ocrx_word' id='word_1_17' title='bbox 2599 461 2846 519; x_wconf 76' lang='lat' dir='ltr'><strong>absentia</strong></span> <span class='ocrx_word' id='word_1_18' title='bbox 2879 464 3020 520; x_wconf 87' lang='lat' dir='ltr'><strong>mala</strong></span> <span class='ocrx_word' id='word_1_19' title='bbox 3044 482 3058 520; x_wconf 87' lang='lat'><strong>:</strong></span> <span class='ocrx_word' id='word_1_20' title='bbox 3094 464 3251 521; x_wconf 81' lang='lat' dir='ltr'><strong>facile</strong></span> <span class='ocrx_word' id='word_1_21' title='bbox 3277 473 3336 522; x_wconf 91' lang='lat' dir='ltr'><strong>ut</strong></span> <span class='ocrx_word' id='word_1_22' title='bbox 3364 467 3562 537; x_wconf 89' lang='lat' dir='ltr'><strong>aliquis</strong></span> 
     </span>
    </p>
   </div>
   <div class='ocr_carea' id='block_1_6' title="bbox 322 539 1886 612">
    <p class='ocr_par' dir='ltr' id='par_1_6' title="bbox 322 539 1886 612">
     <span class='ocr_line' id='line_1_6' title="bbox 322 539 1886 612; baseline 0.008 -21"><span class='ocrx_word' id='word_1_23' title='bbox 322 539 531 607; x_wconf 78' lang='grc' dir='ltr'>κούφου</span> <span class='ocrx_word' id='word_1_24' title='bbox 570 539 1250 612; x_wconf 66' lang='grc' dir='ltr'>ἐμϐριθέστερονμίλλονζ</span> <span class='ocrx_word' id='word_1_25' title='bbox 1280 547 1371 599; x_wconf 86' lang='grc' dir='ltr'><strong>Διὸ</strong></span> <span class='ocrx_word' id='word_1_26' title='bbox 1418 548 1514 601; x_wconf 74' lang='grc' dir='ltr'>καὶ</span> <span class='ocrx_word' id='word_1_27' title='bbox 1545 551 1658 612; x_wconf 82' lang='grc' dir='ltr'>τοῖς</span> <span class='ocrx_word' id='word_1_28' title='bbox 1687 549 1886 604; x_wconf 79' lang='grc' dir='ltr'>ἀποῦσι</span> 
     </span>
    </p>
   </div>
   <div class='ocr_carea' id='block_1_7' title="bbox 321 627 1889 704">
    <p class='ocr_par' dir='ltr' id='par_1_7' title="bbox 321 627 1889 704">
     <span class='ocr_line' id='line_1_7' title="bbox 321 627 1889 704; baseline 0.007 -22"><span class='ocrx_word' id='word_1_29' title='bbox 321 630 760 702; x_wconf 81' lang='grc' dir='ltr'>προστρέχομεν,</span> <span class='ocrx_word' id='word_1_30' title='bbox 787 632 888 686; x_wconf 80' lang='grc' dir='ltr'><strong>κάν</strong></span> <span class='ocrx_word' id='word_1_31' title='bbox 920 627 1023 686; x_wconf 75' lang='grc' dir='ltr'>ὦσι</span> <span class='ocrx_word' id='word_1_32' title='bbox 1059 635 1229 704; x_wconf 80' lang='grc' dir='ltr'><strong>μείζω</strong></span> <span class='ocrx_word' id='word_1_33' title='bbox 1261 637 1370 690; x_wconf 89' lang='grc' dir='ltr'><strong>τῶν</strong></span> <span class='ocrx_word' id='word_1_34' title='bbox 1397 638 1585 693; x_wconf 75' lang='grc' dir='ltr'>ὄντων.</span> <span class='ocrx_word' id='word_1_35' title='bbox 1615 641 1675 692; x_wconf 86' lang='lat' dir='ltr'><strong>El</strong></span> <span class='ocrx_word' id='word_1_36' title='bbox 1713 641 1758 693; x_wconf 76' lang='grc' dir='ltr'>δ’</span> <span class='ocrx_word' id='word_1_37' title='bbox 1789 642 1889 693; x_wconf 85' lang='grc' dir='ltr'><strong>αὐ-</strong></span> 
     </span>
    </p>
   </div>
   <div class='ocr_carea' id='block_1_8' title="bbox 321 723 1890 799">
    <p class='ocr_par' dir='ltr' id='par_1_8' title="bbox 321 723 1890 799">
     <span class='ocr_line' id='line_1_8' title="bbox 321 723 1890 799; baseline 0.008 -25"><span class='ocrx_word' id='word_1_38' title='bbox 321 725 437 784; x_wconf 85' lang='grc' dir='ltr'>τοῖς</span> <span class='ocrx_word' id='word_1_39' title='bbox 482 723 832 794; x_wconf 70' lang='grc' dir='ltr'>ἐντύχοιμεν,</span> <span class='ocrx_word' id='word_1_40' title='bbox 884 726 1221 796; x_wconf 71' lang='grc' dir='ltr'>ἐπαινοῦμεν</span> <span class='ocrx_word' id='word_1_41' title='bbox 1264 725 1421 792; x_wconf 79' lang='grc' dir='ltr'>αὖθις</span> <span class='ocrx_word' id='word_1_42' title='bbox 1471 733 1542 783; x_wconf 87' lang='grc' dir='ltr'><strong>τά</strong></span> <span class='ocrx_word' id='word_1_43' title='bbox 1571 731 1890 799; x_wconf 76' lang='grc' dir='ltr'><strong>φθάσαντα.</strong></span> 
     </span>
    </p>
   </div>
   <div class='ocr_carea' id='block_1_9' title="bbox 321 810 1890 888">
    <p class='ocr_par' dir='ltr' id='par_1_9' title="bbox 321 810 1890 888">
     <span class='ocr_line' id='line_1_9' title="bbox 321 810 1890 888; baseline 0.01 -27"><span class='ocrx_word' id='word_1_44' title='bbox 321 810 434 862; x_wconf 77' lang='grc' dir='ltr'><strong>Καὶ</strong></span> <span class='ocrx_word' id='word_1_45' title='bbox 457 812 726 877; x_wconf 80' lang='grc' dir='ltr'><strong>πολλάκις</strong></span> <span class='ocrx_word' id='word_1_46' title='bbox 775 831 839 882; x_wconf 87' lang='grc' dir='ltr'><strong>γε</strong></span> <span class='ocrx_word' id='word_1_47' title='bbox 879 817 1042 886; x_wconf 83' lang='grc' dir='ltr'>τυχὸν</span> <span class='ocrx_word' id='word_1_48' title='bbox 1066 818 1225 872; x_wconf 86' lang='grc' dir='ltr'>τοῦτο</span> <span class='ocrx_word' id='word_1_49' title='bbox 1264 819 1518 888; x_wconf 78' lang='grc' dir='ltr'><strong>δράσειεν</strong></span> <span class='ocrx_word' id='word_1_50' title='bbox 1549 822 1613 875; x_wconf 79' lang='grc' dir='ltr'><strong>ἀν</strong></span> <span class='ocrx_word' id='word_1_51' title='bbox 1643 838 1746 884; x_wconf 90' lang='grc' dir='ltr'>τις.</span> <span class='ocrx_word' id='word_1_52' title='bbox 1780 824 1890 877; x_wconf 76' lang='grc' dir='ltr'><strong>Καὶ</strong></span> 
     </span>
    </p>
   </div>
   <div class='ocr_carea' id='block_1_10' title="bbox 319 899 1892 983">
    <p class='ocr_par' dir='ltr' id='par_1_10' title="bbox 319 899 1892 983">
     <span class='ocr_line' id='line_1_10' title="bbox 319 899 1892 983; baseline 0.008 -29"><span class='ocrx_word' id='word_1_53' title='bbox 319 899 601 969; x_wconf 74' lang='grc' dir='ltr'>δηλοῦσιν,</span> <span class='ocrx_word' id='word_1_54' title='bbox 652 904 704 957; x_wconf 82' lang='grc' dir='ltr'><strong>οῖ</strong></span> <span class='ocrx_word' id='word_1_55' title='bbox 751 906 1048 974; x_wconf 86' lang='grc' dir='ltr'>φεύγοντες</span> <span class='ocrx_word' id='word_1_56' title='bbox 1091 909 1185 963; x_wconf 73' lang='grc' dir='ltr'><strong>τὸν</strong></span> <span class='ocrx_word' id='word_1_57' title='bbox 1231 910 1473 982; x_wconf 88' lang='grc' dir='ltr'>σίδηρον,</span> <span class='ocrx_word' id='word_1_58' title='bbox 1524 913 1892 983; x_wconf 78' lang='grc' dir='ltr'>ὑποϐρυχίους</span> 
     </span>
    </p>
   </div>
   <div class='ocr_carea' id='block_1_11' title="bbox 323 993 1895 1076">
    <p class='ocr_par' dir='ltr' id='par_1_11' title="bbox 323 993 1895 1076">
     <span class='ocr_line' id='line_1_11' title="bbox 323 993 1895 1076; baseline 0.013 -33"><span class='ocrx_word' id='word_1_59' title='bbox 323 993 555 1056; x_wconf 67' lang='grc' dir='ltr'>ἑαυτοὺς</span> <span class='ocrx_word' id='word_1_60' title='bbox 611 997 894 1056; x_wconf 85' lang='grc' dir='ltr'>ποιοῦσιν·</span> <span class='ocrx_word' id='word_1_61' title='bbox 936 996 1060 1056; x_wconf 75' lang='grc' dir='ltr'>εἶτα</span> <span class='ocrx_word' id='word_1_62' title='bbox 1108 1005 1356 1074; x_wconf 78' lang='grc' dir='ltr'>ναυαγίῳ</span> <span class='ocrx_word' id='word_1_63' title='bbox 1405 1006 1764 1076; x_wconf 81' lang='grc' dir='ltr'>χρησάμενοι,</span> <span class='ocrx_word' id='word_1_64' title='bbox 1799 1012 1895 1064; x_wconf 54' lang='grc' dir='ltr'><strong>καὶ¹</strong></span> 
     </span>
    </p>
   </div>
   <div class='ocr_carea' id='block_1_12' title="bbox 321 1082 1892 1169">
    <p class='ocr_par' dir='ltr' id='par_1_12' title="bbox 321 1082 1892 1169">
     <span class='ocr_line' id='line_1_12' title="bbox 321 1082 1892 1169; baseline 0.013 -35"><span class='ocrx_word' id='word_1_65' title='bbox 321 1082 738 1150; x_wconf 79' lang='grc' dir='ltr'>κινδυνεύοντες</span> <span class='ocrx_word' id='word_1_66' title='bbox 767 1091 1086 1158; x_wconf 87' lang='grc' dir='ltr'>καταδῦναι,</span> <span class='ocrx_word' id='word_1_67' title='bbox 1129 1092 1389 1165; x_wconf 83' lang='grc' dir='ltr'>διστόμου</span> <span class='ocrx_word' id='word_1_68' title='bbox 1429 1096 1703 1168; x_wconf 76' lang='grc' dir='ltr'><strong>μαχαίρας</strong></span> <span class='ocrx_word' id='word_1_69' title='bbox 1730 1100 1892 1169; x_wconf 83' lang='grc' dir='ltr'>δράτ-</span> 
     </span>
    </p>
   </div>
   <div class='ocr_carea' id='block_1_13' title="bbox 321 1177 1917 1260">
    <p class='ocr_par' dir='ltr' id='par_1_13' title="bbox 321 1177 1917 1260">
     <span class='ocr_line' id='line_1_13' title="bbox 321 1177 1917 1260; baseline 0.012 -34"><span class='ocrx_word' id='word_1_70' title='bbox 321 1190 539 1230; x_wconf 82' lang='grc' dir='ltr'>τονται.</span> <span class='ocrx_word' id='word_1_71' title='bbox 564 1177 678 1232; x_wconf 81' lang='grc' dir='ltr'>Καί</span> <span class='ocrx_word' id='word_1_72' title='bbox 710 1181 813 1234; x_wconf 86' lang='grc' dir='ltr'><strong>πού</strong></span> <span class='ocrx_word' id='word_1_73' title='bbox 849 1199 931 1245; x_wconf 81' lang='grc' dir='ltr'><strong>τις</strong></span> <span class='ocrx_word' id='word_1_74' title='bbox 970 1184 1179 1238; x_wconf 67' lang='grc' dir='ltr'>καπνὸν</span> <span class='ocrx_word' id='word_1_75' title='bbox 1206 1185 1426 1255; x_wconf 78' lang='grc' dir='ltr'>φεύγων</span> <span class='ocrx_word' id='word_1_76' title='bbox 1451 1183 1917 1260; x_wconf 71' lang='grc' dir='ltr'>ἀπερισκέπτως,’</span> 
     </span>
    </p>
   </div>
   <div class='ocr_carea' id='block_1_14' title="bbox 323 1266 1894 1349">
    <p class='ocr_par' dir='ltr' id='par_1_14' title="bbox 323 1266 1894 1349">
     <span class='ocr_line' id='line_1_14' title="bbox 323 1266 1894 1349; baseline 0.011 -31"><span class='ocrx_word' id='word_1_77' title='bbox 323 1267 406 1329; x_wconf 83' lang='grc' dir='ltr'><strong>είς</strong></span> <span class='ocrx_word' id='word_1_78' title='bbox 441 1266 558 1337; x_wconf 84' lang='grc' dir='ltr'><strong>πῦρ</strong></span> <span class='ocrx_word' id='word_1_79' title='bbox 607 1269 832 1325; x_wconf 72' lang='grc' dir='ltr'>ἑνέπεσε</span> <span class='ocrx_word' id='word_1_80' title='bbox 857 1290 872 1308; x_wconf 77' lang='grc' dir='ltr'><strong><em>ο</em></strong></span> <span class='ocrx_word' id='word_1_81' title='bbox 909 1276 1001 1329; x_wconf 83' lang='grc' dir='ltr'>καὶ</span> <span class='ocrx_word' id='word_1_82' title='bbox 1035 1272 1104 1331; x_wconf 84' lang='grc' dir='ltr'>αὖ</span> <span class='ocrx_word' id='word_1_83' title='bbox 1149 1279 1285 1348; x_wconf 77' lang='grc' dir='ltr'>πυρὶ</span> <span class='ocrx_word' id='word_1_84' title='bbox 1319 1279 1672 1349; x_wconf 85' lang='grc' dir='ltr'>φλεγόμενος,</span> <span class='ocrx_word' id='word_1_85' title='bbox 1701 1283 1775 1346; x_wconf 84' lang='grc' dir='ltr'><strong>ὡς</strong></span> <span class='ocrx_word' id='word_1_86' title='bbox 1803 1284 1894 1336; x_wconf 68' lang='grc' dir='ltr'><strong>ἐπὶ</strong></span> 
     </span>
    </p>
   </div>
   <div class='ocr_carea' id='block_1_15' title="bbox 324 1359 1895 1443">
    <p class='ocr_par' dir='ltr' id='par_1_15' title="bbox 324 1359 1895 1443">
     <span class='ocr_line' id='line_1_15' title="bbox 324 1359 1895 1443; baseline 0.013 -34"><span class='ocrx_word' id='word_1_87' title='bbox 324 1359 684 1427; x_wconf 83' lang='grc' dir='ltr'>παραμύθιον</span> <span class='ocrx_word' id='word_1_88' title='bbox 711 1363 803 1418; x_wconf 78' lang='grc' dir='ltr'>τὸν</span> <span class='ocrx_word' id='word_1_89' title='bbox 854 1369 1101 1438; x_wconf 83' lang='grc' dir='ltr'>κρημνὸν</span> <span class='ocrx_word' id='word_1_90' title='bbox 1150 1369 1408 1441; x_wconf 75' lang='grc' dir='ltr'>ἔδραμεν.</span> <span class='ocrx_word' id='word_1_91' title='bbox 1446 1373 1511 1426; x_wconf 83' lang='lat' dir='ltr'><strong>Ol</strong></span> <span class='ocrx_word' id='word_1_92' title='bbox 1555 1374 1662 1443; x_wconf 87' lang='grc' dir='ltr'><strong>γάρ</strong></span> <span class='ocrx_word' id='word_1_93' title='bbox 1709 1377 1895 1429; x_wconf 72' lang='grc' dir='ltr'>πολλοὶ</span> 
     </span>
    </p>
   </div>
   <div class='ocr_carea' id='block_1_16' title="bbox 321 1447 1896 1535">
    <p class='ocr_par' dir='ltr' id='par_1_16' title="bbox 321 1447 1896 1535">
     <span class='ocr_line' id='line_1_16' title="bbox 321 1447 1896 1535; baseline 0.014 -37"><span class='ocrx_word' id='word_1_94' title='bbox 321 1447 436 1501; x_wconf 85' lang='grc' dir='ltr'><strong>τῶν</strong></span> <span class='ocrx_word' id='word_1_95' title='bbox 485 1449 832 1521; x_wconf 85' lang='grc' dir='ltr'>ἀνθρώπων.</span> <span class='ocrx_word' id='word_1_96' title='bbox 892 1456 1052 1527; x_wconf 91' lang='grc' dir='ltr'>δεινῷ</span> <span class='ocrx_word' id='word_1_97' title='bbox 1120 1459 1216 1513; x_wconf 86' lang='grc' dir='ltr'><strong>τοῦ</strong></span> <span class='ocrx_word' id='word_1_98' title='bbox 1287 1462 1555 1533; x_wconf 80' lang='grc' dir='ltr'>λογισμοῦ</span> <span class='ocrx_word' id='word_1_99' title='bbox 1608 1466 1896 1535; x_wconf 74' lang='grc' dir='ltr'>συσχεθέν-</span> 
     </span>
    </p>
   </div>
   <div class='ocr_carea' id='block_1_17' title="bbox 323 1541 1897 1626">
    <p class='ocr_par' dir='ltr' id='par_1_17' title="bbox 323 1541 1897 1626">
     <span class='ocr_line' id='line_1_17' title="bbox 323 1541 1897 1626; baseline 0.013 -34"><span class='ocrx_word' id='word_1_100' title='bbox 323 1557 441 1607; x_wconf 76' lang='grc' dir='ltr'>τος,</span> <span class='ocrx_word' id='word_1_101' title='bbox 470 1541 555 1596; x_wconf 78' lang='grc' dir='ltr'><strong>δτι</strong></span> <span class='ocrx_word' id='word_1_102' title='bbox 592 1545 694 1615; x_wconf 72' lang='grc' dir='ltr'><strong>μὲν</strong></span> <span class='ocrx_word' id='word_1_103' title='bbox 724 1546 1019 1619; x_wconf 87' lang='grc' dir='ltr'>φεύγομεν,</span> <span class='ocrx_word' id='word_1_104' title='bbox 1065 1552 1225 1623; x_wconf 82' lang='grc' dir='ltr'>ῐσμεν</span> <span class='ocrx_word' id='word_1_105' title='bbox 1251 1569 1265 1584; x_wconf 75' lang='grc' dir='ltr'><strong>ο</strong></span> <span class='ocrx_word' id='word_1_106' title='bbox 1297 1554 1419 1608; x_wconf 80' lang='grc' dir='ltr'>ὅποι</span> <span class='ocrx_word' id='word_1_107' title='bbox 1457 1554 1514 1608; x_wconf 76' lang='grc' dir='ltr'>δὲ</span> <span class='ocrx_word' id='word_1_108' title='bbox 1560 1559 1897 1626; x_wconf 78' lang='grc' dir='ltr'>καταφευξό-</span> 
     </span>
    </p>
   </div>
   <div class='ocr_carea' id='block_1_18' title="bbox 327 1628 1896 1714">
    <p class='ocr_par' dir='ltr' id='par_1_18' title="bbox 327 1628 1896 1714">
     <span class='ocr_line' id='line_1_18' title="bbox 327 1628 1896 1714; baseline 0.013 -34"><span class='ocrx_word' id='word_1_109' title='bbox 327 1628 489 1696; x_wconf 86' lang='grc' dir='ltr'>μεθα,</span> <span class='ocrx_word' id='word_1_110' title='bbox 515 1631 679 1687; x_wconf 87' lang='grc' dir='ltr'>τοῦτο</span> <span class='ocrx_word' id='word_1_111' title='bbox 707 1634 772 1706; x_wconf 83' lang='grc' dir='ltr'>δὴ</span> <span class='ocrx_word' id='word_1_112' title='bbox 807 1635 883 1701; x_wconf 85' lang='grc' dir='ltr'><strong>ὡς</strong></span> <span class='ocrx_word' id='word_1_113' title='bbox 914 1632 1092 1693; x_wconf 74' lang='grc' dir='ltr'>ἔοικεν</span> <span class='ocrx_word' id='word_1_114' title='bbox 1137 1642 1462 1714; x_wconf 86' lang='grc' dir='ltr'>ἀγνοοῦμεν.</span> <span class='ocrx_word' id='word_1_115' title='bbox 1500 1645 1612 1699; x_wconf 74' lang='grc' dir='ltr'><strong>Καὶ</strong></span> <span class='ocrx_word' id='word_1_116' title='bbox 1662 1647 1755 1699; x_wconf 74' lang='grc' dir='ltr'><strong>ἐπὶ</strong></span> <span class='ocrx_word' id='word_1_117' title='bbox 1788 1649 1896 1701; x_wconf 84' lang='grc' dir='ltr'><strong>τῶν</strong></span> 
     </span>
    </p>
   </div>
   <div class='ocr_carea' id='block_1_19' title="bbox 325 1718 1894 1805">
    <p class='ocr_par' dir='ltr' id='par_1_19' title="bbox 325 1718 1894 1805">
     <span class='ocr_line' id='line_1_19' title="bbox 325 1718 1894 1805; baseline 0.014 -35"><span class='ocrx_word' id='word_1_118' title='bbox 325 1718 735 1787; x_wconf 83' lang='grc' dir='ltr'>εὐφραινόντων</span> <span class='ocrx_word' id='word_1_119' title='bbox 785 1723 842 1777; x_wconf 71' lang='grc' dir='ltr'>δὲ</span> <span class='ocrx_word' id='word_1_120' title='bbox 875 1726 943 1780; x_wconf 86' lang='grc' dir='ltr'><strong>τά</strong></span> <span class='ocrx_word' id='word_1_121' title='bbox 979 1727 1071 1783; x_wconf 78' lang='grc' dir='ltr'><strong>ῖσα</strong></span> <span class='ocrx_word' id='word_1_122' title='bbox 1115 1731 1324 1796; x_wconf 77' lang='grc' dir='ltr'>τούτοις</span> <span class='ocrx_word' id='word_1_123' title='bbox 1375 1734 1678 1805; x_wconf 82' lang='grc' dir='ltr'>πάσχομεν.</span> <span class='ocrx_word' id='word_1_124' title='bbox 1729 1738 1894 1792; x_wconf 73' lang='grc' dir='ltr'>Οὐδὲν</span> 
     </span>
    </p>
   </div>
   <div class='ocr_carea' id='block_1_20' title="bbox 1991 553 3566 628">
    <p class='ocr_par' dir='ltr' id='par_1_20' title="bbox 1991 553 3566 628">
     <span class='ocr_line' id='line_1_20' title="bbox 1991 553 3566 628; baseline 0.003 -21"><span class='ocrx_word' id='word_1_125' title='bbox 1991 553 2111 609; x_wconf 84' lang='lat' dir='ltr'><strong>leve</strong></span> <span class='ocrx_word' id='word_1_126' title='bbox 2161 554 2387 618; x_wconf 88' lang='lat' dir='ltr'><strong>malum,</strong></span> <span class='ocrx_word' id='word_1_127' title='bbox 2442 555 2588 624; x_wconf 87' lang='lat' dir='ltr'><strong>quod</strong></span> <span class='ocrx_word' id='word_1_128' title='bbox 2626 556 2845 626; x_wconf 80' lang='lat' dir='ltr'><strong>premit,</strong></span> <span class='ocrx_word' id='word_1_129' title='bbox 2888 573 3013 612; x_wconf 86' lang='lat' dir='ltr'><strong>cum</strong></span> <span class='ocrx_word' id='word_1_130' title='bbox 3081 558 3264 613; x_wconf 90' lang='lat' dir='ltr'><strong>futuro</strong></span> <span class='ocrx_word' id='word_1_131' title='bbox 3314 559 3566 628; x_wconf 88' lang='lat' dir='ltr'><strong>graviore</strong></span> 
     </span>
    </p>
   </div>
   <div class='ocr_carea' id='block_1_21' title="bbox 1992 643 3564 716">
    <p class='ocr_par' dir='ltr' id='par_1_21' title="bbox 1992 643 3564 716">
     <span class='ocr_line' id='line_1_21' title="bbox 1992 643 3564 716; baseline 0.004 -21"><span class='ocrx_word' id='word_1_132' title='bbox 1992 644 2433 700; x_wconf 82' lang='lat' dir='ltr'><strong>commutaverit.</strong></span> <span class='ocrx_word' id='word_1_133' title='bbox 2493 643 2566 699; x_wconf 87' lang='lat' dir='ltr'><strong>Ea</strong></span> <span class='ocrx_word' id='word_1_134' title='bbox 2606 656 2829 716; x_wconf 88' lang='lat' dir='ltr'><strong>propter</strong></span> <span class='ocrx_word' id='word_1_135' title='bbox 2890 657 2941 702; x_wconf 88' lang='lat' dir='ltr'><strong>et</strong></span> <span class='ocrx_word' id='word_1_136' title='bbox 2981 663 3143 702; x_wconf 85' lang='lat' dir='ltr'><strong>cursu</strong></span> <span class='ocrx_word' id='word_1_137' title='bbox 3192 648 3258 703; x_wconf 88' lang='lat' dir='ltr'><strong>ad</strong></span> <span class='ocrx_word' id='word_1_138' title='bbox 3292 649 3382 703; x_wconf 90' lang='lat' dir='ltr'><strong>illa</strong></span> <span class='ocrx_word' id='word_1_139' title='bbox 3407 649 3564 716; x_wconf 87' lang='lat' dir='ltr'><strong>quasi</strong></span> 
     </span>
    </p>
   </div>
   <div class='ocr_carea' id='block_1_22' title="bbox 1993 736 3564 808">
    <p class='ocr_par' dir='ltr' id='par_1_22' title="bbox 1993 736 3564 808">
     <span class='ocr_line' id='line_1_22' title="bbox 1993 736 3564 808; baseline 0.005 -22"><span class='ocrx_word' id='word_1_140' title='bbox 1993 748 2350 804; x_wconf 86' lang='lat' dir='ltr'><strong>pr0peramus</strong></span> <span class='ocrx_word' id='word_1_141' title='bbox 2365 736 2529 802; x_wconf 86' lang='lat' dir='ltr'><strong>mala,</strong></span> <span class='ocrx_word' id='word_1_142' title='bbox 2558 752 2678 806; x_wconf 54' lang='lat' dir='ltr'><strong>quae</strong></span> <span class='ocrx_word' id='word_1_143' title='bbox 2700 738 2917 802; x_wconf 89' lang='lat' dir='ltr'><strong>absunt,</strong></span> <span class='ocrx_word' id='word_1_144' title='bbox 2954 739 3172 793; x_wconf 87' lang='lat' dir='ltr'><strong>tametsi</strong></span> <span class='ocrx_word' id='word_1_145' title='bbox 3203 740 3564 808; x_wconf 66' lang='lat' dir='ltr'><strong>praesentibus</strong></span> 
     </span>
    </p>
   </div>
   <div class='ocr_carea' id='block_1_23' title="bbox 1995 825 3565 898">
    <p class='ocr_par' dir='ltr' id='par_1_23' title="bbox 1995 825 3565 898">
     <span class='ocr_line' id='line_1_23' title="bbox 1995 825 3565 898; baseline 0.004 -20"><span class='ocrx_word' id='word_1_146' title='bbox 1995 825 2201 892; x_wconf 83' lang='lat' dir='ltr'><strong>majora</strong></span> <span class='ocrx_word' id='word_1_147' title='bbox 2227 825 2357 880; x_wconf 89' lang='lat' dir='ltr'><strong>sint.</strong></span> <span class='ocrx_word' id='word_1_148' title='bbox 2397 826 2472 880; x_wconf 78' lang='lat' dir='ltr'><strong>Ad</strong></span> <span class='ocrx_word' id='word_1_149' title='bbox 2495 828 2682 882; x_wconf 89' lang='lat' dir='ltr'><strong>eadem</strong></span> <span class='ocrx_word' id='word_1_150' title='bbox 2715 843 2844 883; x_wconf 91' lang='lat' dir='ltr'><strong>vero</strong></span> <span class='ocrx_word' id='word_1_151' title='bbox 2870 828 3057 895; x_wconf 84' lang='lat' dir='ltr'><strong>delati,</strong></span> <span class='ocrx_word' id='word_1_152' title='bbox 3090 845 3310 884; x_wconf 84' lang='lat' dir='ltr'><strong>rursum</strong></span> <span class='ocrx_word' id='word_1_153' title='bbox 3341 840 3565 898; x_wconf 57' lang='lat' dir='ltr'><strong>praeter-</strong></span> 
     </span>
    </p>
   </div>
   <div class='ocr_carea' id='block_1_24' title="bbox 1995 913 3566 988">
    <p class='ocr_par' dir='ltr' id='par_1_24' title="bbox 1995 913 3566 988">
     <span class='ocr_line' id='line_1_24' title="bbox 1995 913 3566 988; baseline 0.003 -20"><span class='ocrx_word' id='word_1_154' title='bbox 1995 913 2066 968; x_wconf 88' lang='lat' dir='ltr'><strong>ita</strong></span> <span class='ocrx_word' id='word_1_155' title='bbox 2094 915 2400 970; x_wconf 85' lang='lat' dir='ltr'><strong>laudamus.</strong></span> <span class='ocrx_word' id='word_1_156' title='bbox 2452 916 2606 982; x_wconf 88' lang='lat' dir='ltr'><strong>Quod</strong></span> <span class='ocrx_word' id='word_1_157' title='bbox 2634 917 2854 988; x_wconf 85' lang='lat' dir='ltr'><strong>quidem</strong></span> <span class='ocrx_word' id='word_1_158' title='bbox 2879 919 3193 982; x_wconf 90' lang='lat' dir='ltr'><strong>usuvenire,</strong></span> <span class='ocrx_word' id='word_1_159' title='bbox 3225 920 3308 974; x_wconf 90' lang='lat' dir='ltr'><strong>vel</strong></span> <span class='ocrx_word' id='word_1_160' title='bbox 3340 920 3416 973; x_wconf 89' lang='lat' dir='ltr'><strong>illi</strong></span> <span class='ocrx_word' id='word_1_161' title='bbox 3438 929 3566 974; x_wconf 86' lang='lat' dir='ltr'><strong>sunt</strong></span> 
     </span>
    </p>
   </div>
   <div class='ocr_carea' id='block_1_25' title="bbox 1996 1003 3563 1088">
    <p class='ocr_par' dir='ltr' id='par_1_25' title="bbox 1996 1003 3563 1088">
     <span class='ocr_line' id='line_1_25' title="bbox 1996 1003 3563 1088; baseline 0.003 -31"><span class='ocrx_word' id='word_1_162' title='bbox 1996 1003 2220 1069; x_wconf 90' lang='lat' dir='ltr'><strong>indicio,</strong></span> <span class='ocrx_word' id='word_1_163' title='bbox 2243 1005 2333 1074; x_wconf 87' lang='lat' dir='ltr'><strong>qui</strong></span> <span class='ocrx_word' id='word_1_164' title='bbox 2369 1005 2574 1088; x_wconf 83' lang='lat' dir='ltr'><strong>ferrum</strong></span> <span class='ocrx_word' id='word_1_165' title='bbox 2603 1007 2893 1077; x_wconf 81' lang='lat' dir='ltr'><strong>fugientes,</strong></span> <span class='ocrx_word' id='word_1_166' title='bbox 2932 1009 2985 1061; x_wconf 93' lang='lat' dir='ltr'><strong>in</strong></span> <span class='ocrx_word' id='word_1_167' title='bbox 3015 1007 3191 1063; x_wconf 87' lang='lat' dir='ltr'><strong>undas</strong></span> <span class='ocrx_word' id='word_1_168' title='bbox 3225 1022 3346 1062; x_wconf 90' lang='lat' dir='ltr'><strong>sese</strong></span> <span class='ocrx_word' id='word_1_169' title='bbox 3369 1009 3563 1078; x_wconf 67' lang='lat' dir='ltr'><strong>praeci-</strong></span> 
     </span>
    </p>
   </div>
   <div class='ocr_carea' id='block_1_26' title="bbox 1997 1095 3566 1169">
    <p class='ocr_par' dir='ltr' id='par_1_26' title="bbox 1997 1095 3566 1169">
     <span class='ocr_line' id='line_1_26' title="bbox 1997 1095 3566 1169; baseline 0.001 -21"><span class='ocrx_word' id='word_1_170' title='bbox 1997 1095 2190 1164; x_wconf 86' lang='lat' dir='ltr'><strong>pitant,</strong></span> <span class='ocrx_word' id='word_1_171' title='bbox 2219 1095 2413 1151; x_wconf 90' lang='lat' dir='ltr'><strong>deinde</strong></span> <span class='ocrx_word' id='word_1_172' title='bbox 2437 1096 2780 1169; x_wconf 75' lang='lat' dir='ltr'><strong>naufragium</strong></span> <span class='ocrx_word' id='word_1_173' title='bbox 2806 1099 2971 1168; x_wconf 89' lang='lat' dir='ltr'><strong>passi,</strong></span> <span class='ocrx_word' id='word_1_174' title='bbox 3000 1107 3052 1152; x_wconf 90' lang='lat' dir='ltr'><strong>et</strong></span> <span class='ocrx_word' id='word_1_175' title='bbox 3075 1097 3476 1153; x_wconf 90' lang='lat' dir='ltr'><strong>submersionis</strong></span> <span class='ocrx_word' id='word_1_176' title='bbox 3511 1097 3566 1150; x_wconf 91' lang='lat' dir='ltr'><strong>in</strong></span> 
     </span>
    </p>
   </div>
   <div class='ocr_carea' id='block_1_27' title="bbox 1997 1179 3565 1261">
    <p class='ocr_par' dir='ltr' id='par_1_27' title="bbox 1997 1179 3565 1261">
     <span class='ocr_line' id='line_1_27' title="bbox 1997 1179 3565 1261; baseline 0.003 -21"><span class='ocrx_word' id='word_1_177' title='bbox 1997 1185 2239 1255; x_wconf 87' lang='lat' dir='ltr'><strong>periculo</strong></span> <span class='ocrx_word' id='word_1_178' title='bbox 2262 1189 2565 1255; x_wconf 79' lang='lat' dir='ltr'><strong>constituti,</strong></span> <span class='ocrx_word' id='word_1_179' title='bbox 2603 1190 2839 1261; x_wconf 77' lang='lat' dir='ltr'><strong>gladium</strong></span> <span class='ocrx_word' id='word_1_180' title='bbox 2871 1191 3160 1260; x_wconf 82' lang='lat' dir='ltr'><strong>ancipitem</strong></span> <span class='ocrx_word' id='word_1_181' title='bbox 3193 1179 3565 1259; x_wconf 72' lang='lat' dir='ltr'><strong>prehendunt.</strong></span> 
     </span>
    </p>
   </div>
   <div class='ocr_carea' id='block_1_28' title="bbox 1997 1279 3566 1351">
    <p class='ocr_par' dir='ltr' id='par_1_28' title="bbox 1997 1279 3566 1351">
     <span class='ocr_line' id='line_1_28' title="bbox 1997 1279 3566 1351; baseline -0.002 -16"><span class='ocrx_word' id='word_1_182' title='bbox 1997 1281 2152 1335; x_wconf 85' lang='lat' dir='ltr'><strong>Alius</strong></span> <span class='ocrx_word' id='word_1_183' title='bbox 2174 1281 2574 1335; x_wconf 89' lang='lat' dir='ltr'><strong>inconsiderate</strong></span> <span class='ocrx_word' id='word_1_184' title='bbox 2606 1281 2818 1336; x_wconf 87' lang='lat' dir='ltr'><strong>fumum</strong></span> <span class='ocrx_word' id='word_1_185' title='bbox 2857 1281 3095 1350; x_wconf 82' lang='lat' dir='ltr'><strong>fugiens,</strong></span> <span class='ocrx_word' id='word_1_186' title='bbox 3125 1281 3177 1335; x_wconf 93' lang='lat' dir='ltr'><strong>in</strong></span> <span class='ocrx_word' id='word_1_187' title='bbox 3205 1281 3382 1351; x_wconf 83' lang='lat' dir='ltr'><strong>ignem</strong></span> <span class='ocrx_word' id='word_1_188' title='bbox 3415 1279 3566 1342; x_wconf 85' lang='lat' dir='ltr'><strong>ruit;</strong></span> 
     </span>
    </p>
   </div>
   <div class='ocr_carea' id='block_1_29' title="bbox 1996 1369 3567 1440">
    <p class='ocr_par' dir='ltr' id='par_1_29' title="bbox 1996 1369 3567 1440">
     <span class='ocr_line' id='line_1_29' title="bbox 1996 1369 3567 1440; baseline -0.003 -14"><span class='ocrx_word' id='word_1_189' title='bbox 1996 1386 2061 1426; x_wconf 90' lang='lat' dir='ltr'><strong>ac</strong></span> <span class='ocrx_word' id='word_1_190' title='bbox 2090 1369 2333 1426; x_wconf 87' lang='lat' dir='ltr'><strong>vicissim</strong></span> <span class='ocrx_word' id='word_1_191' title='bbox 2367 1372 2435 1424; x_wconf 88' lang='lat' dir='ltr'><strong>ab</strong></span> <span class='ocrx_word' id='word_1_192' title='bbox 2468 1370 2579 1440; x_wconf 85' lang='lat' dir='ltr'><strong>igni</strong></span> <span class='ocrx_word' id='word_1_193' title='bbox 2609 1371 2737 1425; x_wconf 92' lang='lat' dir='ltr'><strong>dum</strong></span> <span class='ocrx_word' id='word_1_194' title='bbox 2771 1371 2972 1436; x_wconf 90' lang='lat' dir='ltr'><strong>uritur,</strong></span> <span class='ocrx_word' id='word_1_195' title='bbox 2999 1371 3064 1424; x_wconf 90' lang='lat' dir='ltr'><strong>ad</strong></span> <span class='ocrx_word' id='word_1_196' title='bbox 3110 1371 3439 1440; x_wconf 76' lang='lat' dir='ltr'><strong>praecipitem</strong></span> <span class='ocrx_word' id='word_1_197' title='bbox 3476 1385 3567 1422; x_wconf 89' lang='lat' dir='ltr'><strong>ru-</strong></span> 
     </span>
    </p>
   </div>
   <div class='ocr_carea' id='block_1_30' title="bbox 1996 1460 3571 1532">
    <p class='ocr_par' dir='ltr' id='par_1_30' title="bbox 1996 1460 3571 1532">
     <span class='ocr_line' id='line_1_30' title="bbox 1996 1460 3571 1532; baseline -0.002 -16"><span class='ocrx_word' id='word_1_198' title='bbox 1996 1477 2144 1532; x_wconf 90' lang='lat' dir='ltr'><strong>pem,</strong></span> <span class='ocrx_word' id='word_1_199' title='bbox 2177 1462 2344 1516; x_wconf 89' lang='lat' dir='ltr'><strong>veluti</strong></span> <span class='ocrx_word' id='word_1_200' title='bbox 2369 1460 2626 1515; x_wconf 89' lang='lat' dir='ltr'><strong>solatium</strong></span> <span class='ocrx_word' id='word_1_201' title='bbox 2653 1461 2951 1531; x_wconf 90' lang='lat' dir='ltr'><strong>quoddam,</strong></span> <span class='ocrx_word' id='word_1_202' title='bbox 2999 1464 3258 1517; x_wconf 89' lang='lat' dir='ltr'><strong>accurrit.</strong></span> <span class='ocrx_word' id='word_1_203' title='bbox 3291 1462 3425 1517; x_wconf 89' lang='lat' dir='ltr'><strong>Nam</strong></span> <span class='ocrx_word' id='word_1_204' title='bbox 3457 1460 3571 1530; x_wconf 87' lang='lat' dir='ltr'><strong>ple-</strong></span> 
     </span>
    </p>
   </div>
   <div class='ocr_carea' id='block_1_31' title="bbox 1999 1551 3567 1622">
    <p class='ocr_par' dir='ltr' id='par_1_31' title="bbox 1999 1551 3567 1622">
     <span class='ocr_line' id='line_1_31' title="bbox 1999 1551 3567 1622; baseline -0.003 -15"><span class='ocrx_word' id='word_1_205' title='bbox 1999 1553 2154 1622; x_wconf 89' lang='lat' dir='ltr'><strong>rique</strong></span> <span class='ocrx_word' id='word_1_206' title='bbox 2183 1552 2461 1618; x_wconf 75' lang='lat' dir='ltr'><strong>mortales,</strong></span> <span class='ocrx_word' id='word_1_207' title='bbox 2513 1551 2642 1606; x_wconf 92' lang='lat' dir='ltr'><strong>dum</strong></span> <span class='ocrx_word' id='word_1_208' title='bbox 2699 1552 2835 1606; x_wconf 87' lang='lat' dir='ltr'><strong>ratio</strong></span> <span class='ocrx_word' id='word_1_209' title='bbox 2866 1553 2914 1606; x_wconf 91' lang='lat' dir='ltr'><strong>vi</strong></span> <span class='ocrx_word' id='word_1_210' title='bbox 2952 1553 3077 1606; x_wconf 90' lang='lat' dir='ltr'><strong>mali</strong></span> <span class='ocrx_word' id='word_1_211' title='bbox 3105 1552 3390 1622; x_wconf 86' lang='lat' dir='ltr'><strong>premitur,</strong></span> <span class='ocrx_word' id='word_1_212' title='bbox 3422 1551 3567 1620; x_wconf 86' lang='lat' dir='ltr'><strong>quod</strong></span> 
     </span>
    </p>
   </div>
   <div class='ocr_carea' id='block_1_32' title="bbox 1998 1643 3565 1716">
    <p class='ocr_par' dir='ltr' id='par_1_32' title="bbox 1998 1643 3565 1716">
     <span class='ocr_line' id='line_1_32' title="bbox 1998 1643 3565 1716; baseline -0.003 -17"><span class='ocrx_word' id='word_1_213' title='bbox 1998 1644 2294 1716; x_wconf 77' lang='lat' dir='ltr'><strong>fugiamus,</strong></span> <span class='ocrx_word' id='word_1_214' title='bbox 2315 1645 2520 1699; x_wconf 85' lang='lat' dir='ltr'><strong>scimus</strong></span> <span class='ocrx_word' id='word_1_215' title='bbox 2542 1659 2557 1697; x_wconf 87' lang='lat'><strong>:</strong></span> <span class='ocrx_word' id='word_1_216' title='bbox 2583 1658 2692 1714; x_wconf 91' lang='lat' dir='ltr'><strong>quo</strong></span> <span class='ocrx_word' id='word_1_217' title='bbox 2719 1658 2847 1698; x_wconf 86' lang='lat' dir='ltr'><strong>vero</strong></span> <span class='ocrx_word' id='word_1_218' title='bbox 2865 1643 3266 1711; x_wconf 80' lang='lat' dir='ltr'><strong>confugiamus,</strong></span> <span class='ocrx_word' id='word_1_219' title='bbox 3289 1643 3430 1698; x_wconf 89' lang='lat' dir='ltr'><strong>scire</strong></span> <span class='ocrx_word' id='word_1_220' title='bbox 3458 1656 3565 1695; x_wconf 89' lang='lat' dir='ltr'><strong>non</strong></span> 
     </span>
    </p>
   </div>
   <div class='ocr_carea' id='block_1_33' title="bbox 1997 1732 3567 1805">
    <p class='ocr_par' dir='ltr' id='par_1_33' title="bbox 1997 1732 3567 1805">
     <span class='ocr_line' id='line_1_33' title="bbox 1997 1732 3567 1805; baseline -0.001 -16"><span class='ocrx_word' id='word_1_221' title='bbox 1997 1751 2316 1805; x_wconf 83' lang='lat' dir='ltr'><strong>possumus.</strong></span> <span class='ocrx_word' id='word_1_222' title='bbox 2366 1733 2686 1789; x_wconf 86' lang='lat' dir='ltr'><strong>Consimilia</strong></span> <span class='ocrx_word' id='word_1_223' title='bbox 2755 1735 2913 1790; x_wconf 89' lang='lat' dir='ltr'><strong>nobis</strong></span> <span class='ocrx_word' id='word_1_224' title='bbox 2942 1744 2995 1790; x_wconf 89' lang='lat' dir='ltr'><strong>et</strong></span> <span class='ocrx_word' id='word_1_225' title='bbox 3053 1735 3190 1790; x_wconf 76' lang='lat' dir='ltr'><strong>lzntis</strong></span> <span class='ocrx_word' id='word_1_226' title='bbox 3221 1735 3384 1788; x_wconf 85' lang='lat' dir='ltr'><strong>rebus</strong></span> <span class='ocrx_word' id='word_1_227' title='bbox 3418 1732 3567 1788; x_wconf 81' lang='lat' dir='ltr'><strong>acci-</strong></span> 
     </span>
    </p>
   </div>
   <div class='ocr_carea' id='block_1_34' title="bbox 324 1808 1889 1899">
    <p class='ocr_par' dir='ltr' id='par_1_34' title="bbox 324 1808 1889 1899">
     <span class='ocr_line' id='line_1_34' title="bbox 324 1808 1889 1899; baseline 0.013 -39"><span class='ocrx_word' id='word_1_228' title='bbox 324 1808 433 1876; x_wconf 85' lang='grc' dir='ltr'><strong>γάρ</strong></span> <span class='ocrx_word' id='word_1_229' title='bbox 457 1809 627 1879; x_wconf 82' lang='grc' dir='ltr'>δήπου</span> <span class='ocrx_word' id='word_1_230' title='bbox 657 1813 768 1868; x_wconf 88' lang='grc' dir='ltr'><strong>τῶν</strong></span> <span class='ocrx_word' id='word_1_231' title='bbox 789 1816 1058 1873; x_wconf 86' lang='grc' dir='ltr'>ποθεινῶν</span> <span class='ocrx_word' id='word_1_232' title='bbox 1083 1822 1336 1892; x_wconf 79' lang='grc' dir='ltr'>στήσειεν</span> <span class='ocrx_word' id='word_1_233' title='bbox 1360 1825 1428 1878; x_wconf 81' lang='grc' dir='ltr'>ἂν</span> <span class='ocrx_word' id='word_1_234' title='bbox 1457 1827 1591 1896; x_wconf 78' lang='grc' dir='ltr'>ἡμῖν</span> <span class='ocrx_word' id='word_1_235' title='bbox 1613 1828 1699 1896; x_wconf 70' lang='grc' dir='ltr'><strong>ἐφ’</strong></span> <span class='ocrx_word' id='word_1_236' title='bbox 1721 1827 1889 1899; x_wconf 71' lang='grc' dir='ltr'>ἑαυτῷ</span> 
     </span>
    </p>
   </div>
   <div class='ocr_carea' id='block_1_35' title="bbox 1993 1808 3567 1899">
    <p class='ocr_par' dir='ltr' id='par_1_35' title="bbox 2002 1816 3567 1895">
     <span class='ocr_line' id='line_1_35' title="bbox 2002 1816 3567 1895; baseline -0.003 -14"><span class='ocrx_word' id='word_1_237' title='bbox 2002 1827 2154 1881; x_wconf 90' lang='lat' dir='ltr'><strong>dunt.</strong></span> <span class='ocrx_word' id='word_1_238' title='bbox 2179 1824 2318 1880; x_wconf 84' lang='lat' dir='ltr'><strong>Nam</strong></span> <span class='ocrx_word' id='word_1_239' title='bbox 2351 1841 2439 1882; x_wconf 88' lang='lat' dir='ltr'><strong>res</strong></span> <span class='ocrx_word' id='word_1_240' title='bbox 2469 1826 2628 1895; x_wconf 89' lang='lat' dir='ltr'><strong>plane</strong></span> <span class='ocrx_word' id='word_1_241' title='bbox 2679 1826 2826 1880; x_wconf 86' lang='lat' dir='ltr'><strong>nulla</strong></span> <span class='ocrx_word' id='word_1_242' title='bbox 2857 1836 2960 1891; x_wconf 90' lang='lat' dir='ltr'><strong>est,</strong></span> <span class='ocrx_word' id='word_1_243' title='bbox 3000 1842 3063 1881; x_wconf 84' lang='lat' dir='ltr'><strong>ex</strong></span> <span class='ocrx_word' id='word_1_244' title='bbox 3091 1828 3346 1880; x_wconf 79' lang='lat' dir='ltr'><strong>universo</strong></span> <span class='ocrx_word' id='word_1_245' title='bbox 3387 1816 3567 1879; x_wconf 85' lang='lat' dir='ltr'><strong>rerum</strong></span> 
     </span>
    </p>
   </div>
   <div class='ocr_carea' id='block_1_36' title="bbox 326 1901 1895 1990">
    <p class='ocr_par' dir='ltr' id='par_1_36' title="bbox 326 1901 1895 1990">
     <span class='ocr_line' id='line_1_36' title="bbox 326 1901 1895 1990; baseline 0.015 -38"><span class='ocrx_word' id='word_1_246' title='bbox 326 1901 426 1970; x_wconf 77' lang='grc' dir='ltr'>τὴν</span> <span class='ocrx_word' id='word_1_247' title='bbox 457 1903 778 1974; x_wconf 70' lang='grc' dir='ltr'>ἐπιθυμίαν.</span> <span class='ocrx_word' id='word_1_248' title='bbox 814 1909 925 1962; x_wconf 80' lang='grc' dir='ltr'><strong>Καὶ</strong></span> <span class='ocrx_word' id='word_1_249' title='bbox 957 1911 1234 1968; x_wconf 86' lang='grc' dir='ltr'>δείκνυσιν</span> <span class='ocrx_word' id='word_1_250' title='bbox 1266 1915 1404 1988; x_wconf 78' lang='grc' dir='ltr'>αὐτὴ</span> <span class='ocrx_word' id='word_1_251' title='bbox 1452 1918 1656 1987; x_wconf 73' lang='grc' dir='ltr'>τρυφὴ,</span> <span class='ocrx_word' id='word_1_252' title='bbox 1702 1919 1770 1973; x_wconf 72' lang='grc' dir='ltr'><strong>ἵν’</strong></span> <span class='ocrx_word' id='word_1_253' title='bbox 1799 1921 1895 1990; x_wconf 78' lang='grc' dir='ltr'><strong>ἀφ’</strong></span> 
     </span>
    </p>
   </div>
   <div class='ocr_carea' id='block_1_37' title="bbox 327 1991 1899 2083">
    <p class='ocr_par' dir='ltr' id='par_1_37' title="bbox 327 1991 1899 2083">
     <span class='ocr_line' id='line_1_37' title="bbox 327 1991 1899 2083; baseline 0.015 -39"><span class='ocrx_word' id='word_1_254' title='bbox 327 1991 513 2057; x_wconf 77' lang='grc' dir='ltr'>ἑστίας</span> <span class='ocrx_word' id='word_1_255' title='bbox 541 1997 678 2064; x_wconf 76' lang='grc' dir='ltr'>ἡμῖν</span> <span class='ocrx_word' id='word_1_256' title='bbox 719 1999 905 2072; x_wconf 79' lang='grc' dir='ltr'>δειχθῇ</span> <span class='ocrx_word' id='word_1_257' title='bbox 942 2003 1002 2056; x_wconf 77' lang='grc' dir='ltr'>τὸ</span> <span class='ocrx_word' id='word_1_258' title='bbox 1033 2007 1418 2077; x_wconf 88' lang='grc' dir='ltr'>προκείμενον.</span> <span class='ocrx_word' id='word_1_259' title='bbox 1453 2010 1578 2063; x_wconf 89' lang='grc' dir='ltr'>Τῶν</span> <span class='ocrx_word' id='word_1_260' title='bbox 1633 2011 1742 2081; x_wconf 89' lang='grc' dir='ltr'><strong>γάρ</strong></span> <span class='ocrx_word' id='word_1_261' title='bbox 1788 2013 1899 2083; x_wconf 81' lang='grc' dir='ltr'>ἠδί-</span> 
     </span>
    </p>
   </div>
   <div class='ocr_carea' id='block_1_38' title="bbox 323 2087 1897 2174">
    <p class='ocr_par' dir='ltr' id='par_1_38' title="bbox 323 2087 1897 2174">
     <span class='ocr_line' id='line_1_38' title="bbox 323 2087 1897 2174; baseline 0.013 -38"><span class='ocrx_word' id='word_1_262' title='bbox 323 2100 470 2138; x_wconf 86' lang='grc' dir='ltr'>στων</span> <span class='ocrx_word' id='word_1_263' title='bbox 499 2087 868 2157; x_wconf 77' lang='grc' dir='ltr'>ἀπολαύοντες</span> <span class='ocrx_word' id='word_1_264' title='bbox 893 2095 973 2159; x_wconf 87' lang='grc' dir='ltr'><strong>είς</strong></span> <span class='ocrx_word' id='word_1_265' title='bbox 995 2097 1174 2166; x_wconf 84' lang='grc' dir='ltr'>κόρον,</span> <span class='ocrx_word' id='word_1_266' title='bbox 1197 2094 1360 2169; x_wconf 82' lang='grc' dir='ltr'>ἦττον</span> <span class='ocrx_word' id='word_1_267' title='bbox 1387 2101 1566 2154; x_wconf 79' lang='grc' dir='ltr'>αὐτῶν</span> <span class='ocrx_word' id='word_1_268' title='bbox 1587 2101 1897 2174; x_wconf 85' lang='grc' dir='ltr'>ὀρεγόμεθα</span> 
     </span>
    </p>
   </div>
   <div class='ocr_carea' id='block_1_39' title="bbox 320 2176 1896 2264">
    <p class='ocr_par' dir='ltr' id='par_1_39' title="bbox 320 2176 1896 2264">
     <span class='ocr_line' id='line_1_39' title="bbox 320 2176 1896 2264; baseline 0.014 -36"><span class='ocrx_word' id='word_1_269' title='bbox 320 2176 436 2229; x_wconf 87' lang='grc' dir='ltr'><strong>τῶν</strong></span> <span class='ocrx_word' id='word_1_270' title='bbox 491 2179 884 2254; x_wconf 76' lang='grc' dir='ltr'>ἀφισταμένων</span> <span class='ocrx_word' id='word_1_271' title='bbox 942 2187 1133 2253; x_wconf 85' lang='grc' dir='ltr'>ἀπλῶς</span> <span class='ocrx_word' id='word_1_272' title='bbox 1166 2189 1362 2260; x_wconf 78' lang='grc' dir='ltr'>ἡδέων.</span> <span class='ocrx_word' id='word_1_273' title='bbox 1408 2191 1527 2246; x_wconf 82' lang='grc' dir='ltr'>Κᾶν</span> <span class='ocrx_word' id='word_1_274' title='bbox 1565 2195 1646 2258; x_wconf 90' lang='grc' dir='ltr'><strong>είς</strong></span> <span class='ocrx_word' id='word_1_275' title='bbox 1703 2195 1896 2264; x_wconf 77' lang='grc' dir='ltr'>ἡδονὴν</span> 
     </span>
    </p>
   </div>
   <div class='ocr_carea' id='block_1_40' title="bbox 319 2268 1893 2359">
    <p class='ocr_par' dir='ltr' id='par_1_40' title="bbox 319 2268 1893 2359">
     <span class='ocr_line' id='line_1_40' title="bbox 319 2268 1893 2359; baseline 0.013 -39"><span class='ocrx_word' id='word_1_276' title='bbox 319 2268 547 2325; x_wconf 67' lang='grc' dir='ltr'>ἔλαττον</span> <span class='ocrx_word' id='word_1_277' title='bbox 575 2274 672 2344; x_wconf 76' lang='grc' dir='ltr'><strong>ἔχῃ</strong></span> <span class='ocrx_word' id='word_1_278' title='bbox 703 2276 763 2330; x_wconf 78' lang='grc' dir='ltr'>τὸ</span> <span class='ocrx_word' id='word_1_279' title='bbox 809 2280 1286 2351; x_wconf 83' lang='grc' dir='ltr'>προσδοκώμενον,</span> <span class='ocrx_word' id='word_1_280' title='bbox 1322 2284 1536 2354; x_wconf 75' lang='grc' dir='ltr'>πέφυκε</span> <span class='ocrx_word' id='word_1_281' title='bbox 1572 2285 1785 2354; x_wconf 79' lang='grc' dir='ltr'>θέλγειν</span> <span class='ocrx_word' id='word_1_282' title='bbox 1814 2288 1893 2359; x_wconf 86' lang='grc' dir='ltr'><strong>τῷ</strong></span> 
     </span>
    </p>
   </div>
   <div class='ocr_carea' id='block_1_41' title="bbox 319 2361 1897 2446">
    <p class='ocr_par' dir='ltr' id='par_1_41' title="bbox 319 2361 1897 2446">
     <span class='ocr_line' id='line_1_41' title="bbox 319 2361 1897 2446; baseline 0.014 -35"><span class='ocrx_word' id='word_1_283' title='bbox 319 2361 733 2429; x_wconf 78' lang='grc' dir='ltr'>προσδοκᾶσθαι</span> <span class='ocrx_word' id='word_1_284' title='bbox 757 2383 772 2399; x_wconf 72' lang='grc'><strong><em>⁸</em></strong></span> <span class='ocrx_word' id='word_1_285' title='bbox 801 2370 900 2422; x_wconf 91' lang='grc' dir='ltr'><strong>καί</strong></span> <span class='ocrx_word' id='word_1_286' title='bbox 944 2373 1050 2424; x_wconf 86' lang='grc' dir='ltr'><strong>πού</strong></span> <span class='ocrx_word' id='word_1_287' title='bbox 1087 2389 1172 2436; x_wconf 86' lang='grc' dir='ltr'><strong>τις</strong></span> <span class='ocrx_word' id='word_1_288' title='bbox 1199 2373 1518 2446; x_wconf 78' lang='grc' dir='ltr'>ἐπεθύμησε</span> <span class='ocrx_word' id='word_1_289' title='bbox 1550 2377 1766 2441; x_wconf 76' lang='grc' dir='ltr'>πολλοῖς</span> <span class='ocrx_word' id='word_1_290' title='bbox 1797 2363 1897 2432; x_wconf 83' lang='grc' dir='ltr'>πε-</span> 
     </span>
    </p>
   </div>
   <div class='ocr_carea' id='block_1_42' title="bbox 321 2454 1896 2536">
    <p class='ocr_par' dir='ltr' id='par_1_42' title="bbox 321 2454 1896 2536">
     <span class='ocr_line' id='line_1_42' title="bbox 321 2454 1896 2536; baseline 0.013 -33"><span class='ocrx_word' id='word_1_291' title='bbox 321 2454 678 2524; x_wconf 77' lang='grc' dir='ltr'>ριρρεόμενος</span> <span class='ocrx_word' id='word_1_292' title='bbox 728 2459 978 2526; x_wconf 86' lang='grc' dir='ltr'>ἀγαθοῖς,</span> <span class='ocrx_word' id='word_1_293' title='bbox 1017 2461 1044 2515; x_wconf 86' lang='grc' dir='ltr'><strong>δ</strong></span> <span class='ocrx_word' id='word_1_294' title='bbox 1077 2463 1215 2534; x_wconf 76' lang='grc' dir='ltr'>μηδὲ</span> <span class='ocrx_word' id='word_1_295' title='bbox 1251 2468 1364 2528; x_wconf 86' lang='grc' dir='ltr'>τοῖς</span> <span class='ocrx_word' id='word_1_296' title='bbox 1405 2466 1615 2530; x_wconf 85' lang='grc' dir='ltr'>δούλοις</span> <span class='ocrx_word' id='word_1_297' title='bbox 1653 2468 1719 2523; x_wconf 84' lang='grc' dir='ltr'>ἂν</span> <span class='ocrx_word' id='word_1_298' title='bbox 1749 2470 1896 2536; x_wconf 78' lang='grc' dir='ltr'>ἔδοξε</span> 
     </span>
    </p>
   </div>
   <div class='ocr_carea' id='block_1_43' title="bbox 321 2544 1898 2633">
    <p class='ocr_par' dir='ltr' id='par_1_43' title="bbox 321 2544 1898 2633">
     <span class='ocr_line' id='line_1_43' title="bbox 321 2544 1898 2633; baseline 0.013 -38"><span class='ocrx_word' id='word_1_299' title='bbox 321 2544 614 2612; x_wconf 84' lang='grc' dir='ltr'>μεθεκτόν.</span> <span class='ocrx_word' id='word_1_300' title='bbox 645 2551 737 2604; x_wconf 89' lang='grc' dir='ltr'>Δεῖ</span> <span class='ocrx_word' id='word_1_301' title='bbox 755 2552 818 2621; x_wconf 80' lang='grc' dir='ltr'>δὴ</span> <span class='ocrx_word' id='word_1_302' title='bbox 851 2554 1171 2624; x_wconf 86' lang='grc' dir='ltr'>φρονήσεως</span> <span class='ocrx_word' id='word_1_303' title='bbox 1196 2557 1351 2628; x_wconf 76' lang='grc' dir='ltr'>ἡμῖν,</span> <span class='ocrx_word' id='word_1_304' title='bbox 1379 2558 1522 2613; x_wconf 84' lang='grc' dir='ltr'>ὥστε</span> <span class='ocrx_word' id='word_1_305' title='bbox 1567 2560 1644 2632; x_wconf 82' lang='grc' dir='ltr'><strong>τῷ</strong></span> <span class='ocrx_word' id='word_1_306' title='bbox 1687 2562 1764 2633; x_wconf 85' lang='grc' dir='ltr'>νῷ</span> <span class='ocrx_word' id='word_1_307' title='bbox 1792 2580 1898 2616; x_wconf 74' lang='grc' dir='ltr'>παο</span> 
     </span>
    </p>
   </div>
   <div class='ocr_carea' id='block_1_44' title="bbox 318 2635 1896 2724">
    <p class='ocr_par' dir='ltr' id='par_1_44' title="bbox 318 2635 1896 2724">
     <span class='ocr_line' id='line_1_44' title="bbox 318 2635 1896 2724; baseline 0.016 -40"><span class='ocrx_word' id='word_1_308' title='bbox 318 2635 655 2705; x_wconf 78' lang='grc' dir='ltr'>ραεάλλουσι</span> <span class='ocrx_word' id='word_1_309' title='bbox 684 2640 754 2694; x_wconf 89' lang='grc' dir='ltr'><strong>τά</strong></span> <span class='ocrx_word' id='word_1_310' title='bbox 802 2641 932 2698; x_wconf 77' lang='grc' dir='ltr'>ὄντα</span> <span class='ocrx_word' id='word_1_311' title='bbox 975 2646 1089 2710; x_wconf 82' lang='grc' dir='ltr'>τοῖς</span> <span class='ocrx_word' id='word_1_312' title='bbox 1120 2646 1374 2716; x_wconf 81' lang='grc' dir='ltr'>ἀποῦσιν,</span> <span class='ocrx_word' id='word_1_313' title='bbox 1417 2648 1586 2721; x_wconf 80' lang='grc' dir='ltr'>ὀρθήν</span> <span class='ocrx_word' id='word_1_314' title='bbox 1623 2667 1744 2705; x_wconf 87' lang='grc' dir='ltr'>τινα</span> <span class='ocrx_word' id='word_1_315' title='bbox 1789 2651 1896 2724; x_wconf 71' lang='grc' dir='ltr'><strong>ψῆ-</strong></span> 
     </span>
    </p>
   </div>
   <div class='ocr_carea' id='block_1_45' title="bbox 315 2730 783 2799">
    <p class='ocr_par' dir='ltr' id='par_1_45' title="bbox 315 2730 783 2799">
     <span class='ocr_line' id='line_1_45' title="bbox 315 2730 783 2799; baseline 0.021 -20"><span class='ocrx_word' id='word_1_316' title='bbox 315 2745 424 2797; x_wconf 79' lang='grc' dir='ltr'><strong>φον</strong></span> <span class='ocrx_word' id='word_1_317' title='bbox 452 2730 783 2799; x_wconf 75' lang='grc' dir='ltr'>ἐξενεγκεῖν.</span> 
     </span>
    </p>
   </div>
   <div class='ocr_carea' id='block_1_46' title="bbox 2004 1914 3571 1987">
    <p class='ocr_par' dir='ltr' id='par_1_46' title="bbox 2004 1914 3571 1987">
     <span class='ocr_line' id='line_1_46' title="bbox 2004 1914 3571 1987; baseline -0.003 -17"><span class='ocrx_word' id='word_1_318' title='bbox 2004 1931 2256 1982; x_wconf 91' lang='lat' dir='ltr'><strong>numero,</strong></span> <span class='ocrx_word' id='word_1_319' title='bbox 2291 1931 2429 1985; x_wconf 90' lang='lat' dir='ltr'><strong>quas</strong></span> <span class='ocrx_word' id='word_1_320' title='bbox 2466 1915 2714 1971; x_wconf 84' lang='lat' dir='ltr'><strong>homines</strong></span> <span class='ocrx_word' id='word_1_321' title='bbox 2739 1924 3022 1986; x_wconf 82' lang='lat' dir='ltr'><strong>expetunt,</strong></span> <span class='ocrx_word' id='word_1_322' title='bbox 3053 1932 3172 1987; x_wconf 65' lang='lat' dir='ltr'><strong>quae</strong></span> <span class='ocrx_word' id='word_1_323' title='bbox 3196 1917 3252 1970; x_wconf 91' lang='lat' dir='ltr'><strong>in</strong></span> <span class='ocrx_word' id='word_1_324' title='bbox 3279 1930 3337 1970; x_wconf 89' lang='lat' dir='ltr'><strong>se</strong></span> <span class='ocrx_word' id='word_1_325' title='bbox 3359 1914 3571 1983; x_wconf 88' lang='lat' dir='ltr'><strong>cupidi-</strong></span> 
     </span>
    </p>
   </div>
   <div class='ocr_carea' id='block_1_47' title="bbox 2005 2006 3569 2079">
    <p class='ocr_par' dir='ltr' id='par_1_47' title="bbox 2005 2006 3569 2079">
     <span class='ocr_line' id='line_1_47' title="bbox 2005 2006 3569 2079; baseline -0.001 -18"><span class='ocrx_word' id='word_1_326' title='bbox 2005 2015 2168 2061; x_wconf 81' lang='lat' dir='ltr'><strong>tatem</strong></span> <span class='ocrx_word' id='word_1_327' title='bbox 2215 2016 2458 2063; x_wconf 87' lang='lat' dir='ltr'><strong>nostram</strong></span> <span class='ocrx_word' id='word_1_328' title='bbox 2494 2009 2689 2063; x_wconf 87' lang='lat' dir='ltr'><strong>sistere</strong></span> <span class='ocrx_word' id='word_1_329' title='bbox 2743 2009 2942 2079; x_wconf 87' lang='lat' dir='ltr'><strong>possit.</strong></span> <span class='ocrx_word' id='word_1_330' title='bbox 2973 2009 3310 2079; x_wconf 84' lang='lat' dir='ltr'><strong>Argumeuto</strong></span> <span class='ocrx_word' id='word_1_331' title='bbox 3338 2018 3421 2061; x_wconf 91' lang='lat' dir='ltr'><strong>est</strong></span> <span class='ocrx_word' id='word_1_332' title='bbox 3453 2006 3569 2075; x_wconf 87' lang='lat' dir='ltr'><strong>ipsa</strong></span> 
     </span>
    </p>
   </div>
   <div class='ocr_carea' id='block_1_48' title="bbox 2001 2084 3621 2171">
    <p class='ocr_par' dir='ltr' id='par_1_48' title="bbox 2001 2084 3621 2171">
     <span class='ocr_line' id='line_1_48' title="bbox 2001 2084 3621 2171; baseline -0.001 -18"><span class='ocrx_word' id='word_1_333' title='bbox 2001 2100 2274 2170; x_wconf 85' lang='lat' dir='ltr'><strong>voluptas,</strong></span> <span class='ocrx_word' id='word_1_334' title='bbox 2329 2099 2607 2166; x_wconf 88' lang='lat' dir='ltr'><strong>utalare,</strong></span> <span class='ocrx_word' id='word_1_335' title='bbox 2662 2100 2807 2171; x_wconf 90' lang='lat' dir='ltr'><strong>quod</strong></span> <span class='ocrx_word' id='word_1_336' title='bbox 2867 2100 3042 2165; x_wconf 89' lang='lat' dir='ltr'><strong>aiunt,</strong></span> <span class='ocrx_word' id='word_1_337' title='bbox 3093 2113 3204 2153; x_wconf 89' lang='lat' dir='ltr'><strong>rem</strong></span> <span class='ocrx_word' id='word_1_338' title='bbox 3238 2098 3568 2168; x_wconf 84' lang='lat' dir='ltr'><strong>propositam</strong></span> <span class='ocrx_word' id='word_1_339' title='bbox 3617 2084 3621 2087; x_wconf 60' lang='grc'><em>’</em></span> 
     </span>
    </p>
   </div>
   <div class='ocr_carea' id='block_1_49' title="bbox 2005 2189 3570 2260">
    <p class='ocr_par' dir='ltr' id='par_1_49' title="bbox 2005 2189 3570 2260">
     <span class='ocr_line' id='line_1_49' title="bbox 2005 2189 3570 2260; baseline -0.001 -16"><span class='ocrx_word' id='word_1_340' title='bbox 2005 2191 2380 2246; x_wconf 84' lang='lat' dir='ltr'><strong>ostendamus.</strong></span> <span class='ocrx_word' id='word_1_341' title='bbox 2431 2191 2638 2260; x_wconf 79' lang='lat' dir='ltr'><strong>Quippe</strong></span> <span class='ocrx_word' id='word_1_342' title='bbox 2696 2190 3268 2260; x_wconf 88' lang='lat' dir='ltr'><strong>cumjucundissimis</strong></span> <span class='ocrx_word' id='word_1_343' title='bbox 3301 2189 3464 2244; x_wconf 88' lang='lat' dir='ltr'><strong>rebus</strong></span> <span class='ocrx_word' id='word_1_344' title='bbox 3503 2189 3570 2243; x_wconf 89' lang='lat' dir='ltr'><strong>ad</strong></span> 
     </span>
    </p>
   </div>
   <div class='ocr_carea' id='block_1_50' title="bbox 1999 2277 3569 2350">
    <p class='ocr_par' dir='ltr' id='par_1_50' title="bbox 1999 2277 3569 2350">
     <span class='ocr_line' id='line_1_50' title="bbox 1999 2277 3569 2350; baseline -0.005 -10"><span class='ocrx_word' id='word_1_345' title='bbox 1999 2285 2306 2340; x_wconf 89' lang='lat' dir='ltr'><strong>satietatem</strong></span> <span class='ocrx_word' id='word_1_346' title='bbox 2329 2281 2580 2347; x_wconf 87' lang='lat' dir='ltr'><strong>fruimur,</strong></span> <span class='ocrx_word' id='word_1_347' title='bbox 2617 2282 2798 2335; x_wconf 87' lang='lat' dir='ltr'><strong>minus</strong></span> <span class='ocrx_word' id='word_1_348' title='bbox 2827 2296 2919 2336; x_wconf 91' lang='lat' dir='ltr'><strong>eas</strong></span> <span class='ocrx_word' id='word_1_349' title='bbox 2945 2282 3271 2350; x_wconf 84' lang='lat' dir='ltr'><strong>appetiurus,</strong></span> <span class='ocrx_word' id='word_1_350' title='bbox 3289 2296 3452 2350; x_wconf 91' lang='lat' dir='ltr'><strong>quam</strong></span> <span class='ocrx_word' id='word_1_351' title='bbox 3475 2277 3569 2349; x_wconf 78' lang='lat' dir='ltr'><strong>ju-</strong></span> 
     </span>
    </p>
   </div>
   <div class='ocr_carea' id='block_1_51' title="bbox 1998 2371 3572 2443">
    <p class='ocr_par' dir='ltr' id='par_1_51' title="bbox 1998 2371 3572 2443">
     <span class='ocr_line' id='line_1_51' title="bbox 1998 2371 3572 2443; baseline -0.005 -12"><span class='ocrx_word' id='word_1_352' title='bbox 1998 2376 2177 2431; x_wconf 88' lang='lat' dir='ltr'><strong>cunda</strong></span> <span class='ocrx_word' id='word_1_353' title='bbox 2196 2373 2544 2442; x_wconf 79' lang='lat' dir='ltr'><strong>simpliciter,</strong></span> <span class='ocrx_word' id='word_1_354' title='bbox 2580 2388 2702 2443; x_wconf 65' lang='lat' dir='ltr'><strong>quae</strong></span> <span class='ocrx_word' id='word_1_355' title='bbox 2735 2389 2842 2427; x_wconf 91' lang='lat' dir='ltr'><strong>non</strong></span> <span class='ocrx_word' id='word_1_356' title='bbox 2875 2372 3094 2428; x_wconf 88' lang='lat' dir='ltr'><strong>adsunt.</strong></span> <span class='ocrx_word' id='word_1_357' title='bbox 3128 2371 3205 2427; x_wconf 86' lang='lat' dir='ltr'><strong>Ac</strong></span> <span class='ocrx_word' id='word_1_358' title='bbox 3238 2373 3362 2426; x_wconf 88' lang='lat' dir='ltr'><strong>licet</strong></span> <span class='ocrx_word' id='word_1_359' title='bbox 3391 2371 3572 2424; x_wconf 87' lang='lat' dir='ltr'><strong>minus</strong></span> 
     </span>
    </p>
   </div>
   <div class='ocr_carea' id='block_1_52' title="bbox 1999 2464 3567 2538">
    <p class='ocr_par' dir='ltr' id='par_1_52' title="bbox 1999 2464 3567 2538">
     <span class='ocr_line' id='line_1_52' title="bbox 1999 2464 3567 2538; baseline -0.003 -16"><span class='ocrx_word' id='word_1_360' title='bbox 1999 2468 2290 2538; x_wconf 86' lang='lat' dir='ltr'><strong>voluptatis</strong></span> <span class='ocrx_word' id='word_1_361' title='bbox 2324 2467 2541 2528; x_wconf 88' lang='lat' dir='ltr'><strong>habeat,</strong></span> <span class='ocrx_word' id='word_1_362' title='bbox 2578 2468 2725 2535; x_wconf 92' lang='lat' dir='ltr'><strong>quod</strong></span> <span class='ocrx_word' id='word_1_363' title='bbox 2781 2466 2834 2519; x_wconf 91' lang='lat' dir='ltr'><strong>in</strong></span> <span class='ocrx_word' id='word_1_364' title='bbox 2881 2466 3287 2535; x_wconf 83' lang='lat' dir='ltr'><strong>exspectatione</strong></span> <span class='ocrx_word' id='word_1_365' title='bbox 3327 2464 3567 2532; x_wconf 88' lang='lat' dir='ltr'><strong>positum</strong></span> 
     </span>
    </p>
   </div>
   <div class='ocr_carea' id='block_1_53' title="bbox 2000 2556 3573 2627">
    <p class='ocr_par' dir='ltr' id='par_1_53' title="bbox 2000 2556 3573 2627">
     <span class='ocr_line' id='line_1_53' title="bbox 2000 2556 3573 2627; baseline -0.006 -11"><span class='ocrx_word' id='word_1_366' title='bbox 2000 2569 2103 2623; x_wconf 88' lang='lat' dir='ltr'><strong>est,</strong></span> <span class='ocrx_word' id='word_1_367' title='bbox 2134 2570 2312 2614; x_wconf 85' lang='lat' dir='ltr'><strong>tamen</strong></span> <span class='ocrx_word' id='word_1_368' title='bbox 2346 2557 2462 2627; x_wconf 89' lang='lat' dir='ltr'><strong>ipsa</strong></span> <span class='ocrx_word' id='word_1_369' title='bbox 2491 2556 2575 2611; x_wconf 90' lang='lat' dir='ltr'><strong>sui</strong></span> <span class='ocrx_word' id='word_1_370' title='bbox 2595 2557 3004 2625; x_wconf 75' lang='lat' dir='ltr'><strong>exspectatione</strong></span> <span class='ocrx_word' id='word_1_371' title='bbox 3039 2556 3313 2610; x_wconf 85' lang='lat' dir='ltr'><strong>delectare</strong></span> <span class='ocrx_word' id='word_1_372' title='bbox 3343 2568 3573 2608; x_wconf 83' lang='lat' dir='ltr'><strong>consue-</strong></span> 
     </span>
    </p>
   </div>
   <div class='ocr_carea' id='block_1_54' title="bbox 1999 2633 3572 2720">
    <p class='ocr_par' dir='ltr' id='par_1_54' title="bbox 1999 2633 3572 2720">
     <span class='ocr_line' id='line_1_54' title="bbox 1999 2633 3572 2720; baseline -0.004 -14"><span class='ocrx_word' id='word_1_373' title='bbox 1999 2652 2102 2706; x_wconf 89' lang='lat' dir='ltr'><strong>vit.</strong></span> <span class='ocrx_word' id='word_1_374' title='bbox 2141 2651 2257 2704; x_wconf 93' lang='lat' dir='ltr'><strong>lmo</strong></span> <span class='ocrx_word' id='word_1_375' title='bbox 2298 2650 2551 2720; x_wconf 88' lang='lat' dir='ltr'><strong>pluribus</strong></span> <span class='ocrx_word' id='word_1_376' title='bbox 2578 2649 2700 2718; x_wconf 88' lang='lat' dir='ltr'><strong>quis</strong></span> <span class='ocrx_word' id='word_1_377' title='bbox 2751 2649 2911 2704; x_wconf 91' lang='lat' dir='ltr'><strong>bonis</strong></span> <span class='ocrx_word' id='word_1_378' title='bbox 2958 2647 3207 2709; x_wconf 78' lang='lat' dir='ltr'><strong>affluens,</strong></span> <span class='ocrx_word' id='word_1_379' title='bbox 3261 2648 3317 2702; x_wconf 93' lang='lat' dir='ltr'><strong>id</strong></span> <span class='ocrx_word' id='word_1_380' title='bbox 3362 2633 3572 2716; x_wconf 66' lang='lat' dir='ltr'><strong>appetit</strong></span> 
     </span>
    </p>
   </div>
   <div class='ocr_carea' id='block_1_55' title="bbox 2001 2737 3568 2810">
    <p class='ocr_par' dir='ltr' id='par_1_55' title="bbox 2001 2737 3568 2810">
     <span class='ocr_line' id='line_1_55' title="bbox 2001 2737 3568 2810; baseline -0.003 -15"><span class='ocrx_word' id='word_1_381' title='bbox 2001 2740 2316 2810; x_wconf 87' lang='lat' dir='ltr'><strong>aliquando,</strong></span> <span class='ocrx_word' id='word_1_382' title='bbox 2351 2739 2508 2808; x_wconf 90' lang='lat' dir='ltr'><strong>cujus</strong></span> <span class='ocrx_word' id='word_1_383' title='bbox 2547 2738 2664 2792; x_wconf 83' lang='lat' dir='ltr'><strong>fieri</strong></span> <span class='ocrx_word' id='word_1_384' title='bbox 2705 2739 3002 2808; x_wconf 87' lang='lat' dir='ltr'><strong>participes</strong></span> <span class='ocrx_word' id='word_1_385' title='bbox 3050 2754 3121 2793; x_wconf 83' lang='lat' dir='ltr'><strong>ne</strong></span> <span class='ocrx_word' id='word_1_386' title='bbox 3153 2738 3297 2794; x_wconf 87' lang='lat' dir='ltr'><strong>servi</strong></span> <span class='ocrx_word' id='word_1_387' title='bbox 3345 2737 3568 2806; x_wconf 86' lang='lat' dir='ltr'><strong>quidem</strong></span> 
     </span>
    </p>
   </div>
   <div class='ocr_carea' id='block_1_56' title="bbox 314 2821 3566 2913">
    <p class='ocr_par' dir='ltr' id='par_1_56' title="bbox 314 2821 3566 2913">
     <span class='ocr_line' id='line_1_56' title="bbox 314 2821 3566 2913; baseline 0.003 -40"><span class='ocrx_word' id='word_1_388' title='bbox 314 2821 541 2879; x_wconf 78' lang='lat' dir='ltr'><strong>vellent.</strong></span> <span class='ocrx_word' id='word_1_389' title='bbox 595 2825 862 2884; x_wconf 83' lang='lat' dir='ltr'><strong>Nimirum</strong></span> <span class='ocrx_word' id='word_1_390' title='bbox 917 2831 1205 2913; x_wconf 79' lang='lat' dir='ltr'><strong>prudentia</strong></span> <span class='ocrx_word' id='word_1_391' title='bbox 1273 2833 1433 2891; x_wconf 90' lang='lat' dir='ltr'><strong>nobis</strong></span> <span class='ocrx_word' id='word_1_392' title='bbox 1467 2844 1552 2893; x_wconf 90' lang='lat' dir='ltr'><strong>est</strong></span> <span class='ocrx_word' id='word_1_393' title='bbox 1600 2851 1766 2909; x_wconf 89' lang='lat' dir='ltr'><strong>opus,</strong></span> <span class='ocrx_word' id='word_1_394' title='bbox 1829 2841 1888 2890; x_wconf 87' lang='lat' dir='ltr'><strong>ut</strong></span> <span class='ocrx_word' id='word_1_395' title='bbox 1927 2839 2110 2889; x_wconf 87' lang='lat' dir='ltr'><strong>mente</strong></span> <span class='ocrx_word' id='word_1_396' title='bbox 2137 2839 2521 2902; x_wconf 88' lang='lat' dir='ltr'><strong>comparantes</strong></span> <span class='ocrx_word' id='word_1_397' title='bbox 2541 2830 2830 2900; x_wconf 69' lang='lat' dir='ltr'><strong>praesentia</strong></span> <span class='ocrx_word' id='word_1_398' title='bbox 2865 2844 2989 2884; x_wconf 87' lang='lat' dir='ltr'><strong>cum</strong></span> <span class='ocrx_word' id='word_1_399' title='bbox 3016 2829 3105 2896; x_wconf 81' lang='lat' dir='ltr'><strong>iis,</strong></span> <span class='ocrx_word' id='word_1_400' title='bbox 3167 2844 3288 2899; x_wconf 83' lang='lat' dir='ltr'><strong>quae</strong></span> <span class='ocrx_word' id='word_1_401' title='bbox 3345 2830 3566 2904; x_wconf 76' lang='lat' dir='ltr'><strong>absunt,</strong></span> 
     </span>
    </p>
   </div>
   <div class='ocr_carea' id='block_1_57' title="bbox 312 2918 1468 2984">
    <p class='ocr_par' dir='ltr' id='par_1_57' title="bbox 312 2918 1468 2984">
     <span class='ocr_line' id='line_1_57' title="bbox 312 2918 1468 2984; baseline 0.011 -17"><span class='ocrx_word' id='word_1_402' title='bbox 312 2920 525 2968; x_wconf 76' lang='lat' dir='ltr'><strong>rectam</strong></span> <span class='ocrx_word' id='word_1_403' title='bbox 548 2918 840 2984; x_wconf 86' lang='lat' dir='ltr'><strong>quamdam</strong></span> <span class='ocrx_word' id='word_1_404' title='bbox 862 2925 1184 2978; x_wconf 89' lang='lat' dir='ltr'><strong>sententiam</strong></span> <span class='ocrx_word' id='word_1_405' title='bbox 1208 2922 1468 2980; x_wconf 86' lang='lat' dir='ltr'><strong>feramus.</strong></span> 
     </span>
    </p>
   </div>
   <div class='ocr_carea' id='block_1_58' title="bbox 1047 3014 1702 3070">
    <p class='ocr_par' dir='ltr' id='par_1_58' title="bbox 1047 3014 1702 3070">
     <span class='ocr_line' id='line_1_58' title="bbox 1047 3014 1702 3070; baseline 0.008 -2"><span class='ocrx_word' id='word_1_406' title='bbox 1047 3014 1170 3070; x_wconf 78' lang='lat'><strong>08&#39;.</strong></span> <span class='ocrx_word' id='word_1_407' title='bbox 1697 3053 1702 3059; x_wconf 93' lang='lat'><strong><em>-</em></strong></span> 
     </span>
    </p>
   </div>
   <div class='ocr_carea' id='block_1_59' title="bbox 392 3098 1888 3176">
    <p class='ocr_par' dir='ltr' id='par_1_59' title="bbox 392 3098 1888 3176">
     <span class='ocr_line' id='line_1_59' title="bbox 392 3098 1888 3176; baseline 0.007 -25"><span class='ocrx_word' id='word_1_408' title='bbox 392 3098 576 3168; x_wconf 81' lang='grc' dir='ltr'>Ζημία</span> <span class='ocrx_word' id='word_1_409' title='bbox 621 3101 856 3174; x_wconf 84' lang='grc' dir='ltr'>μεγίστη</span> <span class='ocrx_word' id='word_1_410' title='bbox 890 3106 1002 3166; x_wconf 82' lang='grc' dir='ltr'>τοῖς</span> <span class='ocrx_word' id='word_1_411' title='bbox 1040 3106 1334 3176; x_wconf 86' lang='grc' dir='ltr'>πράγμασι</span> <span class='ocrx_word' id='word_1_412' title='bbox 1379 3106 1439 3160; x_wconf 78' lang='grc' dir='ltr'><strong>τὸ</strong></span> <span class='ocrx_word' id='word_1_413' title='bbox 1465 3107 1768 3176; x_wconf 86' lang='grc' dir='ltr'>διαχεῖσθαι</span> <span class='ocrx_word' id='word_1_414' title='bbox 1794 3107 1888 3161; x_wconf 66' lang='grc' dir='ltr'><strong>τὸν</strong></span> 
     </span>
    </p>
   </div>
   <div class='ocr_carea' id='block_1_60' title="bbox 2661 3006 2899 3063">
    <p class='ocr_par' dir='ltr' id='par_1_60' title="bbox 2661 3006 2899 3063">
     <span class='ocr_line' id='line_1_60' title="bbox 2661 3006 2899 3063; baseline 0.004 -1"><span class='ocrx_word' id='word_1_415' title='bbox 2661 3006 2899 3063; x_wconf 84' lang='lat' dir='ltr'><strong>LXXIX.</strong></span> 
     </span>
    </p>
   </div>
   <div class='ocr_carea' id='block_1_61' title="bbox 2067 3097 3566 3156">
    <p class='ocr_par' dir='ltr' id='par_1_61' title="bbox 2067 3097 3566 3156">
     <span class='ocr_line' id='line_1_61' title="bbox 2067 3097 3566 3156; baseline -0.002 -1"><span class='ocrx_word' id='word_1_416' title='bbox 2067 3099 2467 3156; x_wconf 90' lang='lat' dir='ltr'><strong>Tristissimum</strong></span> <span class='ocrx_word' id='word_1_417' title='bbox 2498 3098 2666 3154; x_wconf 89' lang='lat' dir='ltr'><strong>rebus</strong></span> <span class='ocrx_word' id='word_1_418' title='bbox 2697 3098 2890 3154; x_wconf 76' lang='lat' dir='ltr'><strong>all‘erre</strong></span> <span class='ocrx_word' id='word_1_419' title='bbox 2912 3097 3172 3154; x_wconf 84' lang='lat' dir='ltr'><strong>damnum</strong></span> <span class='ocrx_word' id='word_1_420' title='bbox 3204 3097 3343 3154; x_wconf 91' lang='lat' dir='ltr'><strong>solet</strong></span> <span class='ocrx_word' id='word_1_421' title='bbox 3363 3098 3566 3153; x_wconf 78' lang='lat' dir='ltr'><strong>animo~</strong></span> 
     </span>
    </p>
   </div>
   <div class='ocr_carea' id='block_1_62' title="bbox 308 3186 1889 3288">
    <p class='ocr_par' dir='ltr' id='par_1_62' title="bbox 308 3186 1889 3270">
     <span class='ocr_line' id='line_1_62' title="bbox 308 3186 1889 3270; baseline 0.006 -32"><span class='ocrx_word' id='word_1_422' title='bbox 308 3187 450 3241; x_wconf 80' lang='grc' dir='ltr'>νοῦν</span> <span class='ocrx_word' id='word_1_423' title='bbox 480 3190 593 3252; x_wconf 89' lang='grc' dir='ltr'>τοῖς</span> <span class='ocrx_word' id='word_1_424' title='bbox 629 3191 907 3270; x_wconf 29' lang='grc' dir='ltr'>ἄρχουσι-ν.</span> <span class='ocrx_word' id='word_1_425' title='bbox 943 3192 1075 3248; x_wconf 83' lang='grc' dir='ltr'>Ὅτε</span> <span class='ocrx_word' id='word_1_426' title='bbox 1107 3193 1165 3248; x_wconf 85' lang='grc' dir='ltr'>δὲ</span> <span class='ocrx_word' id='word_1_427' title='bbox 1192 3186 1456 3249; x_wconf 85' lang='grc' dir='ltr'>ἀδύνατον</span> <span class='ocrx_word' id='word_1_428' title='bbox 1481 3195 1638 3265; x_wconf 78' lang='grc' dir='ltr'>φλογὶ</span> <span class='ocrx_word' id='word_1_429' title='bbox 1674 3195 1889 3266; x_wconf 89' lang='grc' dir='ltr'>φροντί-</span> 
     </span>
    </p>
   </div>
   <div class='ocr_carea' id='block_1_63' title="bbox 1993 3186 3567 3288">
    <p class='ocr_par' dir='ltr' id='par_1_63' title="bbox 1998 3189 3567 3264">
     <span class='ocr_line' id='line_1_63' title="bbox 1998 3189 3567 3264; baseline -0.003 -16"><span class='ocrx_word' id='word_1_430' title='bbox 1998 3210 2119 3250; x_wconf 90' lang='lat' dir='ltr'><strong>rum</strong></span> <span class='ocrx_word' id='word_1_431' title='bbox 2143 3189 2146 3191; x_wconf 12' lang='grc' dir='ltr'><strong>Α</strong></span> <span class='ocrx_word' id='word_1_432' title='bbox 2173 3193 2231 3249; x_wconf 92' lang='lat' dir='ltr'><strong>in</strong></span> <span class='ocrx_word' id='word_1_433' title='bbox 2267 3192 2605 3264; x_wconf 88' lang='lat' dir='ltr'><strong>principibus</strong></span> <span class='ocrx_word' id='word_1_434' title='bbox 2632 3190 2980 3246; x_wconf 76' lang='lat' dir='ltr'><strong>exhilaratio.</strong></span> <span class='ocrx_word' id='word_1_435' title='bbox 3045 3190 3152 3245; x_wconf 90' lang='lat' dir='ltr'><strong>Sed</strong></span> <span class='ocrx_word' id='word_1_436' title='bbox 3184 3189 3405 3259; x_wconf 80' lang='lat' dir='ltr'><strong>quando</strong></span> <span class='ocrx_word' id='word_1_437' title='bbox 3448 3190 3567 3244; x_wconf 82' lang='lat' dir='ltr'><strong>fieri</strong></span> 
     </span>
    </p>
   </div>
   <div class='ocr_carea' id='block_1_64' title="bbox 308 3277 1889 3359">
    <p class='ocr_par' dir='ltr' id='par_1_64' title="bbox 308 3277 1889 3359">
     <span class='ocr_line' id='line_1_64' title="bbox 308 3277 1889 3359; baseline 0.007 -27"><span class='ocrx_word' id='word_1_438' title='bbox 308 3277 426 3332; x_wconf 80' lang='grc' dir='ltr'><strong>δων</strong></span> <span class='ocrx_word' id='word_1_439' title='bbox 452 3279 809 3354; x_wconf 75' lang='grc' dir='ltr'>ἐγκαρτερεῖν</span> <span class='ocrx_word' id='word_1_440' title='bbox 837 3285 1105 3355; x_wconf 82' lang='grc' dir='ltr'>διηνεκῶς</span> <span class='ocrx_word' id='word_1_441' title='bbox 1138 3289 1231 3341; x_wconf 78' lang='grc' dir='ltr'>τὸν</span> <span class='ocrx_word' id='word_1_442' title='bbox 1261 3289 1594 3359; x_wconf 86' lang='grc' dir='ltr'>κρατοῦντα,</span> <span class='ocrx_word' id='word_1_443' title='bbox 1635 3289 1889 3344; x_wconf 87' lang='grc' dir='ltr'>τοσοῦτον</span> 
     </span>
    </p>
   </div>
   <div class='ocr_carea' id='block_1_65' title="bbox 1993 3277 3568 3359">
    <p class='ocr_par' dir='ltr' id='par_1_65' title="bbox 1999 3281 3568 3356">
     <span class='ocr_line' id='line_1_65' title="bbox 1999 3281 3568 3356; baseline -0.004 -13"><span class='ocrx_word' id='word_1_444' title='bbox 1999 3286 2210 3356; x_wconf 83' lang='lat' dir='ltr'><strong>nequit,</strong></span> <span class='ocrx_word' id='word_1_445' title='bbox 2242 3293 2299 3340; x_wconf 92' lang='lat' dir='ltr'><strong>ut</strong></span> <span class='ocrx_word' id='word_1_446' title='bbox 2323 3291 2588 3354; x_wconf 87' lang='lat' dir='ltr'><strong>perpetuo</strong></span> <span class='ocrx_word' id='word_1_447' title='bbox 2611 3299 2870 3340; x_wconf 88' lang='lat' dir='ltr'><strong>curarum</strong></span> <span class='ocrx_word' id='word_1_448' title='bbox 2905 3281 3179 3338; x_wconf 79' lang='lat' dir='ltr'><strong>ﬂammam</strong></span> <span class='ocrx_word' id='word_1_449' title='bbox 3206 3283 3474 3338; x_wconf 86' lang='lat' dir='ltr'><strong>sustineat</strong></span> <span class='ocrx_word' id='word_1_450' title='bbox 3500 3283 3568 3349; x_wconf 89' lang='lat' dir='ltr'><strong>is,</strong></span> 
     </span>
    </p>
   </div>
   <div class='ocr_carea' id='block_1_66' title="bbox 308 3369 1891 3450">
    <p class='ocr_par' dir='ltr' id='par_1_66' title="bbox 308 3369 1891 3450">
     <span class='ocr_line' id='line_1_66' title="bbox 308 3369 1891 3450; baseline 0.008 -30"><span class='ocrx_word' id='word_1_451' title='bbox 308 3371 340 3421; x_wconf 82' lang='grc' dir='ltr'>ὁ</span> <span class='ocrx_word' id='word_1_452' title='bbox 373 3369 502 3434; x_wconf 85' lang='grc' dir='ltr'>νοῦς</span> <span class='ocrx_word' id='word_1_453' title='bbox 529 3372 886 3427; x_wconf 83' lang='grc' dir='ltr'>ἀπολελύσθω</span> <span class='ocrx_word' id='word_1_454' title='bbox 918 3377 1241 3445; x_wconf 84' lang='grc' dir='ltr'>φροντίδων,</span> <span class='ocrx_word' id='word_1_455' title='bbox 1271 3380 1396 3433; x_wconf 79' lang='grc' dir='ltr'>ὅσον</span> <span class='ocrx_word' id='word_1_456' title='bbox 1424 3396 1484 3432; x_wconf 89' lang='grc' dir='ltr'><strong>τε</strong></span> <span class='ocrx_word' id='word_1_457' title='bbox 1513 3379 1616 3448; x_wconf 76' lang='grc' dir='ltr'><strong>τὴν</strong></span> <span class='ocrx_word' id='word_1_458' title='bbox 1650 3380 1891 3450; x_wconf 85' lang='grc' dir='ltr'>ἀθυμίαν</span> 
     </span>
    </p>
   </div>
   <div class='ocr_carea' id='block_1_67' title="bbox 303 3460 1892 3544">
    <p class='ocr_par' dir='ltr' id='par_1_67' title="bbox 303 3460 1892 3544">
     <span class='ocr_line' id='line_1_67' title="bbox 303 3460 1892 3544; baseline 0.008 -30"><span class='ocrx_word' id='word_1_459' title='bbox 303 3460 686 3530; x_wconf 79' lang='grc' dir='ltr'>ἀποσοϐῆσαι,</span> <span class='ocrx_word' id='word_1_460' title='bbox 738 3465 833 3518; x_wconf 74' lang='grc' dir='ltr'>καὶ</span> <span class='ocrx_word' id='word_1_461' title='bbox 879 3469 954 3536; x_wconf 79' lang='grc' dir='ltr'>μὴ</span> <span class='ocrx_word' id='word_1_462' title='bbox 1009 3471 1296 3538; x_wconf 82' lang='grc' dir='ltr'>συνεχέσιν</span> <span class='ocrx_word' id='word_1_463' title='bbox 1341 3471 1575 3542; x_wconf 77' lang='grc' dir='ltr'>ὄμϐροις</span> <span class='ocrx_word' id='word_1_464' title='bbox 1623 3471 1719 3525; x_wconf 87' lang='grc' dir='ltr'><strong>τοῦ</strong></span> <span class='ocrx_word' id='word_1_465' title='bbox 1765 3474 1892 3544; x_wconf 74' lang='grc' dir='ltr'>τῇδε</span> 
     </span>
    </p>
   </div>
   <div class='ocr_carea' id='block_1_68' title="bbox 302 3552 1892 3634">
    <p class='ocr_par' dir='ltr' id='par_1_68' title="bbox 302 3552 1892 3634">
     <span class='ocr_line' id='line_1_68' title="bbox 302 3552 1892 3634; baseline 0.01 -30"><span class='ocrx_word' id='word_1_466' title='bbox 302 3552 439 3624; x_wconf 82' lang='grc' dir='ltr'>βίου</span> <span class='ocrx_word' id='word_1_467' title='bbox 492 3558 956 3629; x_wconf 82' lang='grc' dir='ltr'>κατακλυσθῆναι.</span> <span class='ocrx_word' id='word_1_468' title='bbox 1006 3562 1226 3616; x_wconf 85' lang='grc' dir='ltr'>Πολλῶν</span> <span class='ocrx_word' id='word_1_469' title='bbox 1273 3564 1382 3634; x_wconf 83' lang='grc' dir='ltr'><strong>γὰρ</strong></span> <span class='ocrx_word' id='word_1_470' title='bbox 1419 3565 1588 3620; x_wconf 73' lang='grc' dir='ltr'>ὄντων</span> <span class='ocrx_word' id='word_1_471' title='bbox 1620 3564 1717 3618; x_wconf 80' lang='grc' dir='ltr'><strong>καὶ</strong></span> <span class='ocrx_word' id='word_1_472' title='bbox 1773 3583 1892 3620; x_wconf 89' lang='grc' dir='ltr'>ποι-</span> 
     </span>
    </p>
   </div>
   <div class='ocr_carea' id='block_1_69' title="bbox 303 3646 1890 3725">
    <p class='ocr_par' dir='ltr' id='par_1_69' title="bbox 303 3646 1890 3725">
     <span class='ocr_line' id='line_1_69' title="bbox 303 3646 1890 3725; baseline 0.008 -25"><span class='ocrx_word' id='word_1_473' title='bbox 303 3646 515 3711; x_wconf 81' lang='grc' dir='ltr'>κίλων,</span> <span class='ocrx_word' id='word_1_474' title='bbox 545 3649 657 3702; x_wconf 89' lang='grc' dir='ltr'><strong>τῶν</strong></span> <span class='ocrx_word' id='word_1_475' title='bbox 709 3651 1032 3722; x_wconf 84' lang='grc' dir='ltr'>μεθημέραν</span> <span class='ocrx_word' id='word_1_476' title='bbox 1063 3654 1158 3707; x_wconf 78' lang='grc' dir='ltr'>καὶ</span> <span class='ocrx_word' id='word_1_477' title='bbox 1205 3655 1426 3725; x_wconf 86' lang='grc' dir='ltr'>νύκτωρ</span> <span class='ocrx_word' id='word_1_478' title='bbox 1471 3657 1890 3725; x_wconf 77' lang='grc' dir='ltr'>ἀναγκαζόντων</span> 
     </span>
    </p>
   </div>
   <div class='ocr_carea' id='block_1_70' title="bbox 298 3738 1888 3819">
    <p class='ocr_par' dir='ltr' id='par_1_70' title="bbox 298 3738 1888 3819">
     <span class='ocr_line' id='line_1_70' title="bbox 298 3738 1888 3819; baseline 0.008 -29"><span class='ocrx_word' id='word_1_479' title='bbox 298 3738 649 3808; x_wconf 74' lang='grc' dir='ltr'>φροντίζειν,</span> <span class='ocrx_word' id='word_1_480' title='bbox 667 3741 906 3806; x_wconf 82' lang='grc' dir='ltr'>εὐκόλως</span> <span class='ocrx_word' id='word_1_481' title='bbox 933 3744 1001 3798; x_wconf 81' lang='grc' dir='ltr'>ἂν</span> <span class='ocrx_word' id='word_1_482' title='bbox 1032 3747 1128 3799; x_wconf 72' lang='grc' dir='ltr'><strong>καὶ</strong></span> <span class='ocrx_word' id='word_1_483' title='bbox 1153 3747 1182 3800; x_wconf 83' lang='grc' dir='ltr'><strong>ὁ</strong></span> <span class='ocrx_word' id='word_1_484' title='bbox 1207 3746 1392 3816; x_wconf 81' lang='grc' dir='ltr'>ἄρχων</span> <span class='ocrx_word' id='word_1_485' title='bbox 1419 3747 1516 3818; x_wconf 82' lang='grc' dir='ltr'>τὴν</span> <span class='ocrx_word' id='word_1_486' title='bbox 1541 3747 1685 3818; x_wconf 80' lang='grc' dir='ltr'>ζωὴν</span> <span class='ocrx_word' id='word_1_487' title='bbox 1712 3766 1888 3819; x_wconf 83' lang='grc' dir='ltr'>προσ-</span> 
     </span>
    </p>
   </div>
   <div class='ocr_carea' id='block_1_71' title="bbox 300 3830 1888 3912">
    <p class='ocr_par' dir='ltr' id='par_1_71' title="bbox 300 3830 1888 3912">
     <span class='ocr_line' id='line_1_71' title="bbox 300 3830 1888 3912; baseline 0.008 -28"><span class='ocrx_word' id='word_1_488' title='bbox 300 3830 630 3897; x_wconf 76' lang='grc' dir='ltr'>απολέσειε,</span> <span class='ocrx_word' id='word_1_489' title='bbox 666 3835 960 3906; x_wconf 86' lang='grc' dir='ltr'>πράγμασι</span> <span class='ocrx_word' id='word_1_490' title='bbox 1005 3838 1256 3893; x_wconf 88' lang='grc' dir='ltr'>παλαίων</span> <span class='ocrx_word' id='word_1_491' title='bbox 1304 3841 1412 3903; x_wconf 75' lang='grc' dir='ltr'>ἀεὶ,</span> <span class='ocrx_word' id='word_1_492' title='bbox 1449 3842 1719 3912; x_wconf 88' lang='grc' dir='ltr'>μηδαμῶς</span> <span class='ocrx_word' id='word_1_493' title='bbox 1768 3844 1888 3906; x_wconf 79' lang='grc' dir='ltr'>τοῖς</span> 
     </span>
    </p>
   </div>
   <div class='ocr_carea' id='block_1_72' title="bbox 297 3917 1890 3999">
    <p class='ocr_par' dir='ltr' id='par_1_72' title="bbox 297 3917 1890 3999">
     <span class='ocr_line' id='line_1_72' title="bbox 297 3917 1890 3999; baseline 0.008 -24"><span class='ocrx_word' id='word_1_494' title='bbox 297 3917 604 3992; x_wconf 78' lang='grc' dir='ltr'>λογισμοῖς</span> <span class='ocrx_word' id='word_1_495' title='bbox 634 3928 942 3999; x_wconf 73' lang='grc' dir='ltr'>ἐκεχειρίαν</span> <span class='ocrx_word' id='word_1_496' title='bbox 982 3929 1205 3983; x_wconf 80' lang='grc' dir='ltr'>διδοῦσι.</span> <span class='ocrx_word' id='word_1_497' title='bbox 1238 3933 1378 3984; x_wconf 80' lang='grc' dir='ltr'>Φασὶ</span> <span class='ocrx_word' id='word_1_498' title='bbox 1405 3932 1461 3985; x_wconf 76' lang='grc' dir='ltr'>δὲ</span> <span class='ocrx_word' id='word_1_499' title='bbox 1482 3921 1746 3988; x_wconf 61' lang='grc' dir='ltr'>καίτινα</span> <span class='ocrx_word' id='word_1_500' title='bbox 1782 3934 1890 3988; x_wconf 87' lang='grc' dir='ltr'><strong>τῶν</strong></span> 
     </span>
    </p>
   </div>
   <div class='ocr_carea' id='block_1_73' title="bbox 296 4014 1889 4096">
    <p class='ocr_par' dir='ltr' id='par_1_73' title="bbox 296 4014 1889 4096">
     <span class='ocr_line' id='line_1_73' title="bbox 296 4014 1889 4096; baseline 0.006 -27"><span class='ocrx_word' id='word_1_501' title='bbox 296 4014 489 4069; x_wconf 78' lang='grc' dir='ltr'>πάλαι</span> <span class='ocrx_word' id='word_1_502' title='bbox 527 4018 820 4085; x_wconf 88' lang='grc' dir='ltr'>μεγίστων,</span> <span class='ocrx_word' id='word_1_503' title='bbox 872 4020 1058 4092; x_wconf 74' lang='grc' dir='ltr'>άόρῶς</span> <span class='ocrx_word' id='word_1_504' title='bbox 1101 4024 1214 4085; x_wconf 87' lang='grc' dir='ltr'>τοῖς</span> <span class='ocrx_word' id='word_1_505' title='bbox 1249 4023 1428 4092; x_wconf 82' lang='grc' dir='ltr'>φίλοις</span> <span class='ocrx_word' id='word_1_506' title='bbox 1477 4025 1889 4096; x_wconf 87' lang='grc' dir='ltr'>συνευωχούμε-</span> 
     </span>
    </p>
   </div>
   <div class='ocr_carea' id='block_1_74' title="bbox 294 4112 1887 4190">
    <p class='ocr_par' dir='ltr' id='par_1_74' title="bbox 294 4112 1887 4190">
     <span class='ocr_line' id='line_1_74' title="bbox 294 4112 1887 4190; baseline 0.007 -30"><span class='ocrx_word' id='word_1_507' title='bbox 294 4126 432 4174; x_wconf 88' lang='grc' dir='ltr'>νον,</span> <span class='ocrx_word' id='word_1_508' title='bbox 465 4112 660 4177; x_wconf 87' lang='grc' dir='ltr'>είπεῖν,</span> <span class='ocrx_word' id='word_1_509' title='bbox 690 4113 807 4176; x_wconf 12' lang='grc' dir='ltr'>,δεῖν</span> <span class='ocrx_word' id='word_1_510' title='bbox 855 4114 946 4168; x_wconf 85' lang='grc' dir='ltr'><strong>τδν</strong></span> <span class='ocrx_word' id='word_1_511' title='bbox 995 4113 1121 4169; x_wconf 91' lang='grc' dir='ltr'>νοῦν</span> <span class='ocrx_word' id='word_1_512' title='bbox 1160 4117 1462 4187; x_wconf 83' lang='grc' dir='ltr'>φροντίδων</span> <span class='ocrx_word' id='word_1_513' title='bbox 1495 4118 1663 4185; x_wconf 85' lang='grc' dir='ltr'>λύειν,</span> <span class='ocrx_word' id='word_1_514' title='bbox 1699 4118 1887 4190; x_wconf 87' lang='grc' dir='ltr'>ῶσπερ</span> 
     </span>
    </p>
   </div>
   <div class='ocr_carea' id='block_1_75' title="bbox 216 4201 1888 4278">
    <p class='ocr_par' dir='ltr' id='par_1_75' title="bbox 216 4201 1888 4278">
     <span class='ocr_line' id='line_1_75' title="bbox 216 4201 1888 4278; baseline 0.007 -26"><span class='ocrx_word' id='word_1_515' title='bbox 216 4276 219 4277; x_wconf 13' lang='grc' dir='ltr'><em>ν</em></span> <span class='ocrx_word' id='word_1_516' title='bbox 293 4202 378 4253; x_wconf 73' lang='grc' dir='ltr'><strong>τὰ</strong></span> <span class='ocrx_word' id='word_1_517' title='bbox 415 4201 544 4266; x_wconf 81' lang='grc' dir='ltr'>τόξα</span> <span class='ocrx_word' id='word_1_518' title='bbox 578 4205 688 4256; x_wconf 88' lang='grc' dir='ltr'><strong>τῶν</strong></span> <span class='ocrx_word' id='word_1_519' title='bbox 714 4207 924 4275; x_wconf 86' lang='grc' dir='ltr'>νευρῶν</span> <span class='ocrx_word' id='word_1_520' title='bbox 947 4208 1280 4278; x_wconf 86' lang='grc' dir='ltr'>ἀπολύομεν,</span> <span class='ocrx_word' id='word_1_521' title='bbox 1312 4211 1360 4262; x_wconf 87' lang='grc' dir='ltr'><strong>εί</strong></span> <span class='ocrx_word' id='word_1_522' title='bbox 1389 4210 1680 4278; x_wconf 80' lang='grc' dir='ltr'>μέλλοιμεν</span> <span class='ocrx_word' id='word_1_523' title='bbox 1705 4211 1888 4275; x_wconf 81' lang='grc' dir='ltr'>αὐτοῖς</span> 
     </span>
    </p>
   </div>
   <div class='ocr_carea' id='block_1_76' title="bbox 301 4291 1888 4371">
    <p class='ocr_par' dir='ltr' id='par_1_76' title="bbox 301 4291 1888 4371">
     <span class='ocr_line' id='line_1_76' title="bbox 301 4291 1888 4371; baseline 0.006 -27"><span class='ocrx_word' id='word_1_524' title='bbox 301 4295 566 4361; x_wconf 82' lang='grc' dir='ltr'>ίσχυροῖς</span> <span class='ocrx_word' id='word_1_525' title='bbox 590 4291 746 4359; x_wconf 78' lang='grc' dir='ltr'>αὖθις</span> <span class='ocrx_word' id='word_1_526' title='bbox 776 4297 1038 4367; x_wconf 83' lang='grc' dir='ltr'>χρῆσθαι,</span> <span class='ocrx_word' id='word_1_527' title='bbox 1087 4299 1496 4353; x_wconf 73' lang='grc' dir='ltr'>ἑπαναλαόοὖσι</span> <span class='ocrx_word' id='word_1_528' title='bbox 1526 4299 1627 4371; x_wconf 78' lang='grc' dir='ltr'>τὴν</span> <span class='ocrx_word' id='word_1_529' title='bbox 1675 4301 1888 4355; x_wconf 75' lang='grc' dir='ltr'>οἰκείαν</span> 
     </span>
    </p>
   </div>
   <div class='ocr_carea' id='block_1_77' title="bbox 293 4388 1888 4465">
    <p class='ocr_par' dir='ltr' id='par_1_77' title="bbox 293 4388 1888 4465">
     <span class='ocr_line' id='line_1_77' title="bbox 293 4388 1888 4465; baseline 0.026 -32"><span class='ocrx_word' id='word_1_530' title='bbox 293 4388 566 4453; x_wconf 69' lang='grc' dir='ltr'>δύναμιν.</span> <span class='ocrx_word' id='word_1_531' title='bbox 603 4388 751 4458; x_wconf 78' lang='grc' dir='ltr'>Πλήν</span> <span class='ocrx_word' id='word_1_532' title='bbox 775 4407 838 4458; x_wconf 89' lang='grc' dir='ltr'><strong>γε</strong></span> <span class='ocrx_word' id='word_1_533' title='bbox 866 4393 931 4462; x_wconf 78' lang='grc' dir='ltr'>τῇ</span> <span class='ocrx_word' id='word_1_534' title='bbox 965 4392 1213 4462; x_wconf 76' lang='grc' dir='ltr'>ῥᾳστώνῃ</span> <span class='ocrx_word' id='word_1_535' title='bbox 1245 4393 1529 4463; x_wconf 72' lang='grc' dir='ltr'>χρώμεθαο</span> <span class='ocrx_word' id='word_1_536' title='bbox 1558 4391 1634 4457; x_wconf 65' lang='grc' dir='ltr'><strong>ὥς</strong></span> <span class='ocrx_word' id='word_1_537' title='bbox 1656 4411 1759 4458; x_wconf 62' lang='grc' dir='ltr'><strong>τινί</strong></span> <span class='ocrx_word' id='word_1_538' title='bbox 1787 4395 1888 4465; x_wconf 70' lang='grc' dir='ltr'><strong>τῆς</strong></span> 
     </span>
    </p>
   </div>
   <div class='ocr_carea' id='block_1_78' title="bbox 294 4476 1885 4555">
    <p class='ocr_par' dir='ltr' id='par_1_78' title="bbox 294 4476 1885 4555">
     <span class='ocr_line' id='line_1_78' title="bbox 294 4476 1885 4555; baseline 0.005 -25"><span class='ocrx_word' id='word_1_539' title='bbox 294 4476 554 4542; x_wconf 80' lang='grc' dir='ltr'>ἀθυμίας</span> <span class='ocrx_word' id='word_1_540' title='bbox 578 4477 888 4550; x_wconf 81' lang='grc' dir='ltr'>βοηθήματι</span> <span class='ocrx_word' id='word_1_541' title='bbox 911 4499 927 4514; x_wconf 79' lang='grc' dir='ltr'><strong><em>ο</em></strong></span> <span class='ocrx_word' id='word_1_542' title='bbox 958 4481 1133 4545; x_wconf 82' lang='grc' dir='ltr'>ἄλλως</span> <span class='ocrx_word' id='word_1_543' title='bbox 1162 4483 1219 4536; x_wconf 85' lang='grc' dir='ltr'>δὲ</span> <span class='ocrx_word' id='word_1_544' title='bbox 1246 4482 1416 4552; x_wconf 80' lang='grc' dir='ltr'>αὐτὴν</span> <span class='ocrx_word' id='word_1_545' title='bbox 1446 4485 1885 4555; x_wconf 80' lang='grc' dir='ltr'>ἀποῤῥίτιτομεν,</span> 
     </span>
    </p>
   </div>
   <div class='ocr_carea' id='block_1_79' title="bbox 296 4568 1875 4646">
    <p class='ocr_par' dir='ltr' id='par_1_79' title="bbox 296 4568 1875 4646">
     <span class='ocr_line' id='line_1_79' title="bbox 296 4568 1875 4646; baseline 0.006 -24"><span class='ocrx_word' id='word_1_546' title='bbox 296 4571 399 4622; x_wconf 76' lang='grc' dir='ltr'>ἵνα</span> <span class='ocrx_word' id='word_1_547' title='bbox 438 4568 511 4638; x_wconf 79' lang='grc' dir='ltr'>μὴ</span> <span class='ocrx_word' id='word_1_548' title='bbox 541 4570 676 4623; x_wconf 80' lang='grc' dir='ltr'>πολὺ</span> <span class='ocrx_word' id='word_1_549' title='bbox 716 4573 928 4642; x_wconf 75' lang='grc' dir='ltr'>τρυφᾷν</span> <span class='ocrx_word' id='word_1_550' title='bbox 951 4574 1281 4644; x_wconf 79' lang='grc' dir='ltr'>ἐφιεμένοις,</span> <span class='ocrx_word' id='word_1_551' title='bbox 1307 4575 1444 4628; x_wconf 81' lang='grc' dir='ltr'>πολὺ</span> <span class='ocrx_word' id='word_1_552' title='bbox 1483 4577 1622 4646; x_wconf 78' lang='grc' dir='ltr'>πρὸς</span> <span class='ocrx_word' id='word_1_553' title='bbox 1649 4577 1875 4632; x_wconf 83' lang='grc' dir='ltr'>τούναν·</span> 
     </span>
    </p>
   </div>
   <div class='ocr_carea' id='block_1_80' title="bbox 1993 3377 3569 3450">
    <p class='ocr_par' dir='ltr' id='par_1_80' title="bbox 1993 3377 3569 3450">
     <span class='ocr_line' id='line_1_80' title="bbox 1993 3377 3569 3450; baseline -0.002 -17"><span class='ocrx_word' id='word_1_554' title='bbox 1993 3380 2090 3450; x_wconf 88' lang='lat' dir='ltr'><strong>qui</strong></span> <span class='ocrx_word' id='word_1_555' title='bbox 2127 3393 2311 3434; x_wconf 91' lang='lat' dir='ltr'><strong>rerum</strong></span> <span class='ocrx_word' id='word_1_556' title='bbox 2367 3377 2594 3447; x_wconf 88' lang='lat' dir='ltr'><strong>potitur,</strong></span> <span class='ocrx_word' id='word_1_557' title='bbox 2637 3385 2865 3433; x_wconf 84' lang='lat' dir='ltr'><strong>eatenus</strong></span> <span class='ocrx_word' id='word_1_558' title='bbox 2926 3391 3081 3432; x_wconf 88' lang='lat' dir='ltr'><strong>mens</strong></span> <span class='ocrx_word' id='word_1_559' title='bbox 3112 3377 3265 3431; x_wconf 90' lang='lat' dir='ltr'><strong>curis</strong></span> <span class='ocrx_word' id='word_1_560' title='bbox 3301 3377 3569 3439; x_wconf 86' lang='lat' dir='ltr'><strong>solvatur,</strong></span> 
     </span>
    </p>
   </div>
   <div class='ocr_carea' id='block_1_81' title="bbox 1992 3467 3570 3542">
    <p class='ocr_par' dir='ltr' id='par_1_81' title="bbox 1992 3467 3570 3542">
     <span class='ocr_line' id='line_1_81' title="bbox 1992 3467 3570 3542; baseline -0.003 -16"><span class='ocrx_word' id='word_1_561' title='bbox 1992 3478 2266 3542; x_wconf 88' lang='lat' dir='ltr'><strong>quatenus</strong></span> <span class='ocrx_word' id='word_1_562' title='bbox 2290 3477 2346 3524; x_wconf 77' lang='lat' dir='ltr'><strong>et</strong></span> <span class='ocrx_word' id='word_1_563' title='bbox 2365 3470 2531 3523; x_wconf 86' lang='lat' dir='ltr'><strong>animi</strong></span> <span class='ocrx_word' id='word_1_564' title='bbox 2564 3469 2869 3525; x_wconf 84' lang='lat' dir='ltr'><strong>molestiam</strong></span> <span class='ocrx_word' id='word_1_565' title='bbox 2895 3467 3151 3538; x_wconf 86' lang='lat' dir='ltr'><strong>depellat,</strong></span> <span class='ocrx_word' id='word_1_566' title='bbox 3172 3482 3274 3524; x_wconf 91' lang='lat' dir='ltr'><strong>nec</strong></span> <span class='ocrx_word' id='word_1_567' title='bbox 3299 3467 3570 3522; x_wconf 89' lang='lat' dir='ltr'><strong>imbribus</strong></span> 
     </span>
    </p>
   </div>
   <div class='ocr_carea' id='block_1_82' title="bbox 1996 3562 3570 3635">
    <p class='ocr_par' dir='ltr' id='par_1_82' title="bbox 1996 3562 3570 3635">
     <span class='ocr_line' id='line_1_82' title="bbox 1996 3562 3570 3635; baseline -0.001 -17"><span class='ocrx_word' id='word_1_568' title='bbox 1996 3563 2163 3635; x_wconf 82' lang='lat' dir='ltr'><strong>hujus</strong></span> <span class='ocrx_word' id='word_1_569' title='bbox 2195 3563 2321 3618; x_wconf 80' lang='lat' dir='ltr'><strong>vitae</strong></span> <span class='ocrx_word' id='word_1_570' title='bbox 2341 3563 2618 3618; x_wconf 89' lang='lat' dir='ltr'><strong>continuis</strong></span> <span class='ocrx_word' id='word_1_571' title='bbox 2639 3563 2921 3618; x_wconf 85' lang='lat' dir='ltr'><strong>obruatur.</strong></span> <span class='ocrx_word' id='word_1_572' title='bbox 2947 3562 3082 3618; x_wconf 81' lang='lat' dir='ltr'><strong>Nam</strong></span> <span class='ocrx_word' id='word_1_573' title='bbox 3097 3577 3219 3616; x_wconf 92' lang='lat' dir='ltr'><strong>cum</strong></span> <span class='ocrx_word' id='word_1_574' title='bbox 3251 3562 3415 3616; x_wconf 88' lang='lat' dir='ltr'><strong>multa</strong></span> <span class='ocrx_word' id='word_1_575' title='bbox 3439 3563 3570 3628; x_wconf 90' lang='lat' dir='ltr'><strong>sint,</strong></span> 
     </span>
    </p>
   </div>
   <div class='ocr_carea' id='block_1_83' title="bbox 1995 3654 3570 3725">
    <p class='ocr_par' dir='ltr' id='par_1_83' title="bbox 1995 3654 3570 3725">
     <span class='ocr_line' id='line_1_83' title="bbox 1995 3654 3570 3725; baseline -0.003 -13"><span class='ocrx_word' id='word_1_576' title='bbox 1995 3669 2174 3725; x_wconf 88' lang='lat' dir='ltr'><strong>eaque</strong></span> <span class='ocrx_word' id='word_1_577' title='bbox 2199 3655 2370 3719; x_wconf 87' lang='lat' dir='ltr'><strong>varia,</strong></span> <span class='ocrx_word' id='word_1_578' title='bbox 2423 3669 2544 3724; x_wconf 65' lang='lat' dir='ltr'><strong>qua</strong></span> <span class='ocrx_word' id='word_1_579' title='bbox 2577 3663 2685 3709; x_wconf 88' lang='lat' dir='ltr'><strong>tam</strong></span> <span class='ocrx_word' id='word_1_580' title='bbox 2722 3654 2986 3717; x_wconf 90' lang='lat' dir='ltr'><strong>interdiu,</strong></span> <span class='ocrx_word' id='word_1_581' title='bbox 3019 3669 3182 3723; x_wconf 89' lang='lat' dir='ltr'><strong>quam</strong></span> <span class='ocrx_word' id='word_1_582' title='bbox 3215 3663 3377 3708; x_wconf 92' lang='lat' dir='ltr'><strong>noctu</strong></span> <span class='ocrx_word' id='word_1_583' title='bbox 3413 3655 3570 3723; x_wconf 86' lang='lat' dir='ltr'><strong>prin-</strong></span> 
     </span>
    </p>
   </div>
   <div class='ocr_carea' id='block_1_84' title="bbox 1992 3744 3568 3817">
    <p class='ocr_par' dir='ltr' id='par_1_84' title="bbox 1992 3744 3568 3817">
     <span class='ocr_line' id='line_1_84' title="bbox 1992 3744 3568 3817; baseline 0 -15"><span class='ocrx_word' id='word_1_584' title='bbox 1992 3748 2169 3817; x_wconf 85' lang='lat' dir='ltr'><strong>cipem</strong></span> <span class='ocrx_word' id='word_1_585' title='bbox 2205 3744 2497 3802; x_wconf 91' lang='lat' dir='ltr'><strong>sollicitum</strong></span> <span class='ocrx_word' id='word_1_586' title='bbox 2537 3759 2660 3799; x_wconf 88' lang='lat' dir='ltr'><strong>esse</strong></span> <span class='ocrx_word' id='word_1_587' title='bbox 2723 3756 2947 3816; x_wconf 79' lang='lat' dir='ltr'><strong>cogunt,</strong></span> <span class='ocrx_word' id='word_1_588' title='bbox 2985 3745 3145 3801; x_wconf 85' lang='lat' dir='ltr'><strong>facile</strong></span> <span class='ocrx_word' id='word_1_589' title='bbox 3171 3747 3336 3802; x_wconf 90' lang='lat' dir='ltr'><strong>vitam</strong></span> <span class='ocrx_word' id='word_1_590' title='bbox 3374 3748 3568 3802; x_wconf 83' lang='lat' dir='ltr'><strong>amise-</strong></span> 
     </span>
    </p>
   </div>
   <div class='ocr_carea' id='block_1_85' title="bbox 1995 3833 3570 3906">
    <p class='ocr_par' dir='ltr' id='par_1_85' title="bbox 1995 3833 3570 3906">
     <span class='ocr_line' id='line_1_85' title="bbox 1995 3833 3570 3906; baseline 0.004 -21"><span class='ocrx_word' id='word_1_591' title='bbox 1995 3833 2088 3897; x_wconf 90' lang='lat' dir='ltr'><strong>rit,</strong></span> <span class='ocrx_word' id='word_1_592' title='bbox 2123 3847 2336 3900; x_wconf 85' lang='lat' dir='ltr'><strong>semper</strong></span> <span class='ocrx_word' id='word_1_593' title='bbox 2366 3847 2491 3887; x_wconf 91' lang='lat' dir='ltr'><strong>cum</strong></span> <span class='ocrx_word' id='word_1_594' title='bbox 2539 3835 2773 3903; x_wconf 86' lang='lat' dir='ltr'><strong>negotiis</strong></span> <span class='ocrx_word' id='word_1_595' title='bbox 2813 3835 3200 3899; x_wconf 73' lang='lat' dir='ltr'><strong>colluctando,</strong></span> <span class='ocrx_word' id='word_1_596' title='bbox 3235 3852 3356 3906; x_wconf 83' lang='lat' dir='ltr'><strong>quae</strong></span> <span class='ocrx_word' id='word_1_597' title='bbox 3388 3838 3570 3892; x_wconf 84' lang='lat' dir='ltr'><strong>nullas</strong></span> 
     </span>
    </p>
   </div>
   <div class='ocr_carea' id='block_1_86' title="bbox 1991 3922 3572 3995">
    <p class='ocr_par' dir='ltr' id='par_1_86' title="bbox 1991 3922 3572 3995">
     <span class='ocr_line' id='line_1_86' title="bbox 1991 3922 3572 3995; baseline 0.004 -19"><span class='ocrx_word' id='word_1_598' title='bbox 1991 3922 2212 3976; x_wconf 92' lang='lat' dir='ltr'><strong>omnino</strong></span> <span class='ocrx_word' id='word_1_599' title='bbox 2235 3922 2658 3995; x_wconf 86' lang='lat' dir='ltr'><strong>cogitationibus</strong></span> <span class='ocrx_word' id='word_1_600' title='bbox 2673 3923 2917 3978; x_wconf 87' lang='lat' dir='ltr'><strong>inducias</strong></span> <span class='ocrx_word' id='word_1_601' title='bbox 2939 3926 3572 3983; x_wconf 76' lang='lat' dir='ltr'><strong>concedant.Perhihent</strong></span> 
     </span>
    </p>
   </div>
   <div class='ocr_carea' id='block_1_87' title="bbox 1988 4011 3564 4083">
    <p class='ocr_par' dir='ltr' id='par_1_87' title="bbox 1988 4011 3564 4083">
     <span class='ocr_line' id='line_1_87' title="bbox 1988 4011 3564 4083; baseline 0.004 -19"><span class='ocrx_word' id='word_1_602' title='bbox 1988 4011 2282 4082; x_wconf 85' lang='lat' dir='ltr'><strong>quemdam</strong></span> <span class='ocrx_word' id='word_1_603' title='bbox 2341 4013 2643 4067; x_wconf 83' lang='lat' dir='ltr'><strong>maximum</strong></span> <span class='ocrx_word' id='word_1_604' title='bbox 2700 4014 2978 4083; x_wconf 88' lang='lat' dir='ltr'><strong>quondam</strong></span> <span class='ocrx_word' id='word_1_605' title='bbox 3012 4016 3214 4080; x_wconf 87' lang='lat' dir='ltr'><strong>virum,</strong></span> <span class='ocrx_word' id='word_1_606' title='bbox 3250 4017 3400 4071; x_wconf 87' lang='lat' dir='ltr'><strong>laute</strong></span> <span class='ocrx_word' id='word_1_607' title='bbox 3437 4034 3564 4072; x_wconf 91' lang='lat' dir='ltr'><strong>cttm</strong></span> 
     </span>
    </p>
   </div>
   <div class='ocr_carea' id='block_1_88' title="bbox 1991 4104 3569 4175">
    <p class='ocr_par' dir='ltr' id='par_1_88' title="bbox 1991 4104 3569 4175">
     <span class='ocr_line' id='line_1_88' title="bbox 1991 4104 3569 4175; baseline 0.005 -17"><span class='ocrx_word' id='word_1_608' title='bbox 1991 4104 2183 4159; x_wconf 90' lang='lat' dir='ltr'><strong>amicis</strong></span> <span class='ocrx_word' id='word_1_609' title='bbox 2218 4105 2554 4175; x_wconf 89' lang='lat' dir='ltr'><strong>epulantem,</strong></span> <span class='ocrx_word' id='word_1_610' title='bbox 2618 4106 2847 4171; x_wconf 82' lang='lat' dir='ltr'><strong>dixisse,</strong></span> <span class='ocrx_word' id='word_1_611' title='bbox 2883 4117 3121 4163; x_wconf 89' lang='lat' dir='ltr'><strong>mentem</strong></span> <span class='ocrx_word' id='word_1_612' title='bbox 3151 4111 3301 4165; x_wconf 90' lang='lat' dir='ltr'><strong>curis</strong></span> <span class='ocrx_word' id='word_1_613' title='bbox 3338 4112 3569 4166; x_wconf 88' lang='lat' dir='ltr'><strong>solven-</strong></span> 
     </span>
    </p>
   </div>
   <div class='ocr_carea' id='block_1_89' title="bbox 1991 4195 3566 4273">
    <p class='ocr_par' dir='ltr' id='par_1_89' title="bbox 1991 4195 3566 4273">
     <span class='ocr_line' id='line_1_89' title="bbox 1991 4195 3566 4273; baseline 0.005 -22"><span class='ocrx_word' id='word_1_614' title='bbox 1991 4195 2114 4252; x_wconf 89' lang='lat' dir='ltr'><strong>dam</strong></span> <span class='ocrx_word' id='word_1_615' title='bbox 2146 4212 2287 4264; x_wconf 87' lang='lat' dir='ltr'><strong>esse,</strong></span> <span class='ocrx_word' id='word_1_616' title='bbox 2315 4198 2459 4252; x_wconf 84' lang='lat' dir='ltr'><strong>sicut</strong></span> <span class='ocrx_word' id='word_1_617' title='bbox 2483 4213 2644 4253; x_wconf 86' lang='lat' dir='ltr'><strong>arcus</strong></span> <span class='ocrx_word' id='word_1_618' title='bbox 2675 4215 2937 4255; x_wconf 88' lang='lat' dir='ltr'><strong>enervare</strong></span> <span class='ocrx_word' id='word_1_619' title='bbox 2963 4201 3259 4266; x_wconf 87' lang='lat' dir='ltr'><strong>soleamus,</strong></span> <span class='ocrx_word' id='word_1_620' title='bbox 3290 4204 3566 4273; x_wconf 87' lang='lat' dir='ltr'><strong>siquidem</strong></span> 
     </span>
    </p>
   </div>
   <div class='ocr_carea' id='block_1_90' title="bbox 1989 4288 3564 4356">
    <p class='ocr_par' dir='ltr' id='par_1_90' title="bbox 1989 4288 3564 4356">
     <span class='ocr_line' id='line_1_90' title="bbox 1989 4288 3564 4356; baseline 0.005 -14"><span class='ocrx_word' id='word_1_621' title='bbox 1989 4288 2099 4342; x_wconf 89' lang='lat' dir='ltr'><strong>illis</strong></span> <span class='ocrx_word' id='word_1_622' title='bbox 2131 4289 2324 4342; x_wconf 90' lang='lat' dir='ltr'><strong>iterum</strong></span> <span class='ocrx_word' id='word_1_623' title='bbox 2355 4288 2550 4343; x_wconf 88' lang='lat' dir='ltr'><strong>validis</strong></span> <span class='ocrx_word' id='word_1_624' title='bbox 2587 4289 2666 4344; x_wconf 91' lang='lat' dir='ltr'><strong>uti</strong></span> <span class='ocrx_word' id='word_1_625' title='bbox 2699 4290 2932 4347; x_wconf 89' lang='lat' dir='ltr'><strong>velimus</strong></span> <span class='ocrx_word' id='word_1_626' title='bbox 2958 4332 2973 4356; x_wconf 90' lang='lat'><strong>,</strong></span> <span class='ocrx_word' id='word_1_627' title='bbox 3027 4291 3346 4350; x_wconf 90' lang='lat' dir='ltr'><strong>instauratis</strong></span> <span class='ocrx_word' id='word_1_628' title='bbox 3373 4310 3564 4351; x_wconf 87' lang='lat' dir='ltr'><strong>eorum</strong></span> 
     </span>
    </p>
   </div>
   <div class='ocr_carea' id='block_1_91' title="bbox 1991 4379 3562 4453">
    <p class='ocr_par' dir='ltr' id='par_1_91' title="bbox 1991 4379 3562 4453">
     <span class='ocr_line' id='line_1_91' title="bbox 1991 4379 3562 4453; baseline 0.004 -19"><span class='ocrx_word' id='word_1_629' title='bbox 1991 4379 2222 4434; x_wconf 87' lang='lat' dir='ltr'><strong>viribus.</strong></span> <span class='ocrx_word' id='word_1_630' title='bbox 2252 4380 2359 4435; x_wconf 88' lang='lat' dir='ltr'><strong>Sed</strong></span> <span class='ocrx_word' id='word_1_631' title='bbox 2397 4381 2498 4436; x_wconf 92' lang='lat' dir='ltr'><strong>hac</strong></span> <span class='ocrx_word' id='word_1_632' title='bbox 2531 4391 2714 4436; x_wconf 87' lang='lat' dir='ltr'><strong>tamen</strong></span> <span class='ocrx_word' id='word_1_633' title='bbox 2746 4383 3078 4440; x_wconf 85' lang='lat' dir='ltr'><strong>relaxatione</strong></span> <span class='ocrx_word' id='word_1_634' title='bbox 3101 4385 3294 4441; x_wconf 88' lang='lat' dir='ltr'><strong>saltem</strong></span> <span class='ocrx_word' id='word_1_635' title='bbox 3333 4388 3562 4453; x_wconf 89' lang='lat' dir='ltr'><strong>utimur,</strong></span> 
     </span>
    </p>
   </div>
   <div class='ocr_carea' id='block_1_92' title="bbox 1994 4471 3564 4552">
    <p class='ocr_par' dir='ltr' id='par_1_92' title="bbox 1994 4471 3564 4552">
     <span class='ocr_line' id='line_1_92' title="bbox 1994 4471 3564 4552; baseline 0.007 -28"><span class='ocrx_word' id='word_1_636' title='bbox 1994 4471 2160 4526; x_wconf 87' lang='lat' dir='ltr'><strong>veluti</strong></span> <span class='ocrx_word' id='word_1_637' title='bbox 2209 4475 2445 4543; x_wconf 87' lang='lat' dir='ltr'><strong>quodam</strong></span> <span class='ocrx_word' id='word_1_638' title='bbox 2492 4475 2838 4546; x_wconf 70' lang='lat' dir='ltr'><strong>aegritudinis</strong></span> <span class='ocrx_word' id='word_1_639' title='bbox 2891 4479 3066 4532; x_wconf 91' lang='lat' dir='ltr'><strong>animi</strong></span> <span class='ocrx_word' id='word_1_640' title='bbox 3105 4479 3404 4552; x_wconf 86' lang='lat' dir='ltr'><strong>remedio;</strong></span> <span class='ocrx_word' id='word_1_641' title='bbox 3439 4497 3564 4535; x_wconf 87' lang='lat' dir='ltr'><strong>cum</strong></span> 
     </span>
    </p>
   </div>
   <div class='ocr_carea' id='block_1_93' title="bbox 1911 4555 3562 4645">
    <p class='ocr_par' dir='ltr' id='par_1_93' title="bbox 1911 4555 3562 4645">
     <span class='ocr_line' id='line_1_93' title="bbox 1911 4555 3562 4645; baseline 0.005 -27"><span class='ocrx_word' id='word_1_642' title='bbox 1911 4555 1955 4611; x_wconf 79' lang='grc' dir='ltr'><strong>Ι)</strong></span> <span class='ocrx_word' id='word_1_643' title='bbox 1984 4579 2108 4619; x_wconf 83' lang='lat' dir='ltr'><strong>eam</strong></span> <span class='ocrx_word' id='word_1_644' title='bbox 2169 4563 2462 4645; x_wconf 73' lang='lat' dir='ltr'><strong>czeteroqui</strong></span> <span class='ocrx_word' id='word_1_645' title='bbox 2501 4566 2841 4636; x_wconf 89' lang='lat' dir='ltr'><strong>rcjiciamus,</strong></span> <span class='ocrx_word' id='word_1_646' title='bbox 2880 4584 2948 4623; x_wconf 88' lang='lat' dir='ltr'><strong>ne</strong></span> <span class='ocrx_word' id='word_1_647' title='bbox 2994 4569 3297 4639; x_wconf 86' lang='lat' dir='ltr'><strong>voluptates</strong></span> <span class='ocrx_word' id='word_1_648' title='bbox 3330 4571 3562 4626; x_wconf 92' lang='lat' dir='ltr'><strong>nimium</strong></span> 
     </span>
    </p>
   </div>
   <div class='ocr_carea' id='block_1_94' title="bbox 294 4657 1889 4740">
    <p class='ocr_par' dir='ltr' id='par_1_94' title="bbox 294 4664 1878 4740">
     <span class='ocr_line' id='line_1_94' title="bbox 294 4664 1878 4740; baseline 0.007 -27"><span class='ocrx_word' id='word_1_649' title='bbox 294 4665 429 4736; x_wconf 65' lang='grc' dir='ltr'>τίον</span> <span class='ocrx_word' id='word_1_650' title='bbox 459 4664 591 4733; x_wconf 78' lang='grc' dir='ltr'>ἡμῖν</span> <span class='ocrx_word' id='word_1_651' title='bbox 639 4667 876 4734; x_wconf 79' lang='grc' dir='ltr'>περιστῇ</span> <span class='ocrx_word' id='word_1_652' title='bbox 923 4667 985 4719; x_wconf 85' lang='grc' dir='ltr'><strong>τὺ</strong></span> <span class='ocrx_word' id='word_1_653' title='bbox 1023 4667 1292 4736; x_wconf 85' lang='grc' dir='ltr'>βούλημα.</span> <span class='ocrx_word' id='word_1_654' title='bbox 1337 4669 1410 4722; x_wconf 85' lang='grc' dir='ltr'>Τὸ</span> <span class='ocrx_word' id='word_1_655' title='bbox 1446 4670 1556 4740; x_wconf 84' lang='grc' dir='ltr'>γὰρ</span> <span class='ocrx_word' id='word_1_656' title='bbox 1603 4671 1661 4732; x_wconf 78' lang='grc' dir='ltr'>ἐς</span> <span class='ocrx_word' id='word_1_657' title='bbox 1708 4669 1878 4738; x_wconf 78' lang='grc' dir='ltr'>ἀκρον</span> 
     </span>
    </p>
   </div>
   <div class='ocr_carea' id='block_1_95' title="bbox 1993 4657 3562 4740">
    <p class='ocr_par' dir='ltr' id='par_1_95' title="bbox 1993 4657 3562 4728">
     <span class='ocr_line' id='line_1_95' title="bbox 1993 4657 3562 4728; baseline 0.004 -16"><span class='ocrx_word' id='word_1_658' title='bbox 1993 4658 2351 4726; x_wconf 83' lang='lat' dir='ltr'><strong>captantibus,</strong></span> <span class='ocrx_word' id='word_1_659' title='bbox 2372 4657 2422 4711; x_wconf 93' lang='lat' dir='ltr'><strong>in</strong></span> <span class='ocrx_word' id='word_1_660' title='bbox 2440 4658 2712 4714; x_wconf 88' lang='lat' dir='ltr'><strong>diversam</strong></span> <span class='ocrx_word' id='word_1_661' title='bbox 2733 4668 2942 4728; x_wconf 90' lang='lat' dir='ltr'><strong>partem</strong></span> <span class='ocrx_word' id='word_1_662' title='bbox 2963 4660 3178 4718; x_wconf 90' lang='lat' dir='ltr'><strong>animus</strong></span> <span class='ocrx_word' id='word_1_663' title='bbox 3195 4663 3402 4718; x_wconf 89' lang='lat' dir='ltr'><strong>tendat.</strong></span> <span class='ocrx_word' id='word_1_664' title='bbox 3425 4662 3562 4718; x_wconf 87' lang='lat' dir='ltr'><strong>Nam</strong></span> 
     </span>
    </p>
   </div>
   <div class='ocr_carea' id='block_1_96' title="bbox 297 4751 1810 4828">
    <p class='ocr_par' dir='ltr' id='par_1_96' title="bbox 297 4751 1810 4828">
     <span class='ocr_line' id='line_1_96' title="bbox 297 4751 1810 4828; baseline 0.005 -21"><span class='ocrx_word' id='word_1_665' title='bbox 297 4755 614 4824; x_wconf 86' lang='grc' dir='ltr'>διαχεῖσθαι</span> <span class='ocrx_word' id='word_1_666' title='bbox 647 4757 705 4820; x_wconf 81' lang='grc' dir='ltr'>ἐς</span> <span class='ocrx_word' id='word_1_667' title='bbox 740 4758 907 4828; x_wconf 82' lang='grc' dir='ltr'>ἀκρον</span> <span class='ocrx_word' id='word_1_668' title='bbox 937 4761 1300 4814; x_wconf 84' lang='grc' dir='ltr'>συνεστάλθαι</span> <span class='ocrx_word' id='word_1_669' title='bbox 1329 4764 1504 4815; x_wconf 87' lang='grc' dir='ltr'>ποιεῖν</span> <span class='ocrx_word' id='word_1_670' title='bbox 1540 4760 1753 4815; x_wconf 87' lang='grc' dir='ltr'>είωθεν.</span> <span class='ocrx_word' id='word_1_671' title='bbox 1805 4751 1810 4762; x_wconf 78' lang='grc'><strong>’</strong></span> 
     </span>
    </p>
   </div>
   <div class='ocr_carea' id='block_1_97' title="bbox 1062 4935 1811 4992">
    <p class='ocr_par' dir='ltr' id='par_1_97' title="bbox 1062 4935 1811 4992">
     <span class='ocr_line' id='line_1_97' title="bbox 1062 4935 1811 4992; baseline 0.001 -1"><span class='ocrx_word' id='word_1_672' title='bbox 1062 4935 1147 4992; x_wconf 82' lang='grc' dir='ltr'><strong>Π⁹.</strong></span> <span class='ocrx_word' id='word_1_673' title='bbox 1803 4981 1811 4992; x_wconf 96' lang='grc'><strong>.</strong></span> 
     </span>
    </p>
   </div>
   <div class='ocr_carea' id='block_1_98' title="bbox 385 5022 1887 5100">
    <p class='ocr_par' dir='ltr' id='par_1_98' title="bbox 385 5022 1887 5100">
     <span class='ocr_line' id='line_1_98' title="bbox 385 5022 1887 5100; baseline 0.002 -22"><span class='ocrx_word' id='word_1_674' title='bbox 385 5024 505 5078; x_wconf 80' lang='grc' dir='ltr'><strong>Οὒκ</strong></span> <span class='ocrx_word' id='word_1_675' title='bbox 535 5022 683 5079; x_wconf 77' lang='grc' dir='ltr'>ἐστιν</span> <span class='ocrx_word' id='word_1_676' title='bbox 714 5026 890 5090; x_wconf 77' lang='grc' dir='ltr'>οὐδεὶς</span> <span class='ocrx_word' id='word_1_677' title='bbox 921 5029 976 5081; x_wconf 83' lang='grc' dir='ltr'>ὲν</span> <span class='ocrx_word' id='word_1_678' title='bbox 1011 5026 1343 5098; x_wconf 85' lang='grc' dir='ltr'>ἀνθρώποις,</span> <span class='ocrx_word' id='word_1_679' title='bbox 1370 5027 1426 5091; x_wconf 77' lang='grc' dir='ltr'>ὃς</span> <span class='ocrx_word' id='word_1_680' title='bbox 1461 5030 1528 5083; x_wconf 79' lang='grc' dir='ltr'><strong>ἀν</strong></span> <span class='ocrx_word' id='word_1_681' title='bbox 1557 5029 1760 5100; x_wconf 83' lang='grc' dir='ltr'>σπουδῇ</span> <span class='ocrx_word' id='word_1_682' title='bbox 1792 5028 1887 5082; x_wconf 67' lang='grc' dir='ltr'>καὶ</span> 
     </span>
    </p>
   </div>
   <div class='ocr_carea' id='block_1_99' title="bbox 306 5117 1887 5192">
    <p class='ocr_par' dir='ltr' id='par_1_99' title="bbox 306 5117 1887 5192">
     <span class='ocr_line' id='line_1_99' title="bbox 306 5117 1887 5192; baseline 0.003 -24"><span class='ocrx_word' id='word_1_683' title='bbox 306 5118 505 5178; x_wconf 77' lang='grc' dir='ltr'>πόνοις</span> <span class='ocrx_word' id='word_1_684' title='bbox 560 5117 829 5187; x_wconf 84' lang='grc' dir='ltr'>διηνεκῶς</span> <span class='ocrx_word' id='word_1_685' title='bbox 878 5121 1184 5190; x_wconf 74' lang='grc' dir='ltr'>χρήσαιτο·</span> <span class='ocrx_word' id='word_1_686' title='bbox 1228 5121 1344 5175; x_wconf 75' lang='grc' dir='ltr'>ἀλλ’</span> <span class='ocrx_word' id='word_1_687' title='bbox 1395 5122 1623 5192; x_wconf 76' lang='grc' dir='ltr'>ἡφύσις</span> <span class='ocrx_word' id='word_1_688' title='bbox 1671 5124 1887 5191; x_wconf 78' lang='grc' dir='ltr'>ἑκάστῳ</span> 
     </span>
    </p>
   </div>
   <div class='ocr_carea' id='block_1_100' title="bbox 305 5207 1885 5282">
    <p class='ocr_par' dir='ltr' id='par_1_100' title="bbox 305 5207 1885 5282">
     <span class='ocr_line' id='line_1_100' title="bbox 305 5207 1885 5282; baseline 0.003 -22"><span class='ocrx_word' id='word_1_689' title='bbox 305 5207 679 5271; x_wconf 80' lang='grc' dir='ltr'>σπουδάζοντι</span> <span class='ocrx_word' id='word_1_690' title='bbox 711 5209 804 5262; x_wconf 77' lang='grc' dir='ltr'><strong>καὶ</strong></span> <span class='ocrx_word' id='word_1_691' title='bbox 829 5210 1188 5280; x_wconf 82' lang='grc' dir='ltr'>παραμυθίας</span> <span class='ocrx_word' id='word_1_692' title='bbox 1215 5213 1363 5275; x_wconf 82' lang='grc' dir='ltr'>τινὸς</span> <span class='ocrx_word' id='word_1_693' title='bbox 1400 5212 1637 5282; x_wconf 78' lang='grc' dir='ltr'>ἐφίεται.</span> <span class='ocrx_word' id='word_1_694' title='bbox 1671 5212 1885 5276; x_wconf 80' lang='grc' dir='ltr'>Ἀλλοις</span> 
     </span>
    </p>
   </div>
   <div class='ocr_carea' id='block_1_101' title="bbox 305 5297 1883 5373">
    <p class='ocr_par' dir='ltr' id='par_1_101' title="bbox 305 5297 1883 5373">
     <span class='ocr_line' id='line_1_101' title="bbox 305 5297 1883 5373; baseline 0.003 -22"><span class='ocrx_word' id='word_1_695' title='bbox 305 5301 413 5364; x_wconf 76' lang='grc' dir='ltr'>μὲν</span> <span class='ocrx_word' id='word_1_696' title='bbox 446 5297 542 5352; x_wconf 80' lang='grc' dir='ltr'>οὖν</span> <span class='ocrx_word' id='word_1_697' title='bbox 567 5299 702 5353; x_wconf 82' lang='grc' dir='ltr'>ἀλλα</span> <span class='ocrx_word' id='word_1_698' title='bbox 725 5300 861 5370; x_wconf 72' lang='grc' dir='ltr'>πρὸς</span> <span class='ocrx_word' id='word_1_699' title='bbox 890 5301 1161 5372; x_wconf 80' lang='grc' dir='ltr'>ρᾳθυμίαν</span> <span class='ocrx_word' id='word_1_700' title='bbox 1187 5303 1510 5373; x_wconf 77' lang='grc' dir='ltr'>ἐξεύρηταιο</span> <span class='ocrx_word' id='word_1_701' title='bbox 1547 5302 1630 5356; x_wconf 82' lang='grc' dir='ltr'>σοὶ</span> <span class='ocrx_word' id='word_1_702' title='bbox 1659 5303 1714 5356; x_wconf 81' lang='grc' dir='ltr'>δὲ</span> <span class='ocrx_word' id='word_1_703' title='bbox 1744 5304 1883 5370; x_wconf 85' lang='grc' dir='ltr'><strong>μετά</strong></span> 
     </span>
    </p>
   </div>
   <div class='ocr_carea' id='block_1_102' title="bbox 304 5389 1882 5466">
    <p class='ocr_par' dir='ltr' id='par_1_102' title="bbox 304 5389 1882 5466">
     <span class='ocr_line' id='line_1_102' title="bbox 304 5389 1882 5466; baseline 0.003 -22"><span class='ocrx_word' id='word_1_704' title='bbox 304 5392 516 5453; x_wconf 84' lang='grc' dir='ltr'>πόνους</span> <span class='ocrx_word' id='word_1_705' title='bbox 547 5389 676 5452; x_wconf 78' lang='grc' dir='ltr'>τοὺς</span> <span class='ocrx_word' id='word_1_706' title='bbox 706 5391 990 5466; x_wconf 73' lang='grc' dir='ltr'>βασιλεῦσι</span> <span class='ocrx_word' id='word_1_707' title='bbox 1020 5393 1402 5464; x_wconf 83' lang='grc' dir='ltr'>προσήκοντας</span> <span class='ocrx_word' id='word_1_708' title='bbox 1432 5395 1675 5466; x_wconf 86' lang='grc' dir='ltr'>ἀρκείτω</span> <span class='ocrx_word' id='word_1_709' title='bbox 1696 5396 1764 5448; x_wconf 86' lang='grc' dir='ltr'><strong>τά</strong></span> <span class='ocrx_word' id='word_1_710' title='bbox 1799 5395 1882 5464; x_wconf 89' lang='grc' dir='ltr'><strong>βι-</strong></span> 
     </span>
    </p>
   </div>
   <div class='ocr_carea' id='block_1_103' title="bbox 305 5461 1882 5557">
    <p class='ocr_par' dir='ltr' id='par_1_103' title="bbox 305 5461 1882 5557">
     <span class='ocr_line' id='line_1_103' title="bbox 305 5461 1882 5557; baseline 0.003 -23"><span class='ocrx_word' id='word_1_711' title='bbox 305 5481 462 5542; x_wconf 75' lang='grc' dir='ltr'>ϐλία,</span> <span class='ocrx_word' id='word_1_712' title='bbox 494 5481 592 5535; x_wconf 73' lang='grc' dir='ltr'>καὶ</span> <span class='ocrx_word' id='word_1_713' title='bbox 631 5482 691 5534; x_wconf 84' lang='grc' dir='ltr'>τὸ</span> <span class='ocrx_word' id='word_1_714' title='bbox 729 5461 934 5548; x_wconf 67' lang='grc' dir='ltr'>πεδίον,</span> <span class='ocrx_word' id='word_1_715' title='bbox 969 5461 1231 5552; x_wconf 79' lang='grc' dir='ltr'>ἑκάτερον</span> <span class='ocrx_word' id='word_1_716' title='bbox 1278 5486 1418 5555; x_wconf 86' lang='grc' dir='ltr'><strong>μετά</strong></span> <span class='ocrx_word' id='word_1_717' title='bbox 1456 5461 1651 5557; x_wconf 80' lang='grc' dir='ltr'>καιροῦ</span> <span class='ocrx_word' id='word_1_718' title='bbox 1677 5502 1692 5518; x_wconf 81' lang='grc' dir='ltr'><strong>ο</strong></span> <span class='ocrx_word' id='word_1_719' title='bbox 1722 5461 1818 5539; x_wconf 61' lang='grc' dir='ltr'><strong>καῖ</strong></span> <span class='ocrx_word' id='word_1_720' title='bbox 1848 5487 1882 5555; x_wconf 84' lang='grc' dir='ltr'><strong>ἡ</strong></span> 
     </span>
    </p>
   </div>
   <div class='ocr_carea' id='block_1_104' title="bbox 305 5571 1882 5648">
    <p class='ocr_par' dir='ltr' id='par_1_104' title="bbox 305 5571 1882 5648">
     <span class='ocr_line' id='line_1_104' title="bbox 305 5571 1882 5648; baseline 0.006 -26"><span class='ocrx_word' id='word_1_721' title='bbox 305 5571 521 5640; x_wconf 81' lang='grc' dir='ltr'>σχέδιος</span> <span class='ocrx_word' id='word_1_722' title='bbox 553 5574 682 5625; x_wconf 88' lang='grc' dir='ltr'><strong>σκιά</strong></span> <span class='ocrx_word' id='word_1_723' title='bbox 735 5576 963 5645; x_wconf 81' lang='grc' dir='ltr'>σκηνῆς,</span> <span class='ocrx_word' id='word_1_724' title='bbox 997 5574 1031 5645; x_wconf 78' lang='grc' dir='ltr'>ἦ</span> <span class='ocrx_word' id='word_1_725' title='bbox 1078 5575 1316 5643; x_wconf 86' lang='grc' dir='ltr'>φύλλων,</span> <span class='ocrx_word' id='word_1_726' title='bbox 1368 5577 1400 5646; x_wconf 77' lang='grc' dir='ltr'>ἢ</span> <span class='ocrx_word' id='word_1_727' title='bbox 1437 5575 1648 5647; x_wconf 73' lang='grc' dir='ltr'>ἄντρων</span> <span class='ocrx_word' id='word_1_728' title='bbox 1672 5593 1687 5608; x_wconf 79' lang='grc' dir='ltr'><strong>ο</strong></span> <span class='ocrx_word' id='word_1_729' title='bbox 1729 5578 1822 5631; x_wconf 75' lang='grc' dir='ltr'>καὶ</span> <span class='ocrx_word' id='word_1_730' title='bbox 1847 5580 1882 5648; x_wconf 75' lang='grc' dir='ltr'><strong>ἡ</strong></span> 
     </span>
    </p>
   </div>
   <div class='ocr_carea' id='block_1_105' title="bbox 306 5662 1884 5739">
    <p class='ocr_par' dir='ltr' id='par_1_105' title="bbox 306 5662 1884 5739">
     <span class='ocr_line' id='line_1_105' title="bbox 306 5662 1884 5739; baseline 0.004 -24"><span class='ocrx_word' id='word_1_731' title='bbox 306 5662 518 5733; x_wconf 80' lang='grc' dir='ltr'>ἀηδὼν,</span> <span class='ocrx_word' id='word_1_732' title='bbox 549 5663 599 5715; x_wconf 85' lang='grc' dir='ltr'><strong>εί</strong></span> <span class='ocrx_word' id='word_1_733' title='bbox 627 5663 783 5734; x_wconf 87' lang='grc' dir='ltr'>τύχοι</span> <span class='ocrx_word' id='word_1_734' title='bbox 806 5680 820 5696; x_wconf 89' lang='grc'><strong>·</strong></span> <span class='ocrx_word' id='word_1_735' title='bbox 849 5665 884 5735; x_wconf 78' lang='grc' dir='ltr'><strong>ἧ</strong></span> <span class='ocrx_word' id='word_1_736' title='bbox 904 5665 953 5718; x_wconf 83' lang='grc' dir='ltr'>τ’</span> <span class='ocrx_word' id='word_1_737' title='bbox 985 5668 1323 5737; x_wconf 80' lang='grc' dir='ltr'>ἀναπηδῶσα</span> <span class='ocrx_word' id='word_1_738' title='bbox 1347 5668 1518 5739; x_wconf 79' lang='grc' dir='ltr'>πηγὴ,</span> <span class='ocrx_word' id='word_1_739' title='bbox 1547 5670 1638 5723; x_wconf 54' lang='grc' dir='ltr'><strong>καί⁵</strong></span> <span class='ocrx_word' id='word_1_740' title='bbox 1666 5671 1720 5723; x_wconf 80' lang='grc' dir='ltr'>αἱ</span> <span class='ocrx_word' id='word_1_741' title='bbox 1753 5669 1884 5739; x_wconf 78' lang='grc' dir='ltr'>περὶ</span> 
     </span>
    </p>
   </div>
   <div class='ocr_carea' id='block_1_106' title="bbox 303 5751 1883 5831">
    <p class='ocr_par' dir='ltr' id='par_1_106' title="bbox 303 5751 1883 5831">
     <span class='ocr_line' id='line_1_106' title="bbox 303 5751 1883 5831; baseline 0.008 -26"><span class='ocrx_word' id='word_1_742' title='bbox 303 5751 521 5826; x_wconf 82' lang='grc' dir='ltr'>ταύτην</span> <span class='ocrx_word' id='word_1_743' title='bbox 544 5755 806 5827; x_wconf 83' lang='grc' dir='ltr'>βοτάναι·</span> <span class='ocrx_word' id='word_1_744' title='bbox 842 5757 988 5814; x_wconf 88' lang='grc' dir='ltr'>λιτόν</span> <span class='ocrx_word' id='word_1_745' title='bbox 1020 5778 1076 5814; x_wconf 88' lang='grc' dir='ltr'><strong>τε</strong></span> <span class='ocrx_word' id='word_1_746' title='bbox 1101 5761 1194 5814; x_wconf 74' lang='grc' dir='ltr'>καὶ</span> <span class='ocrx_word' id='word_1_747' title='bbox 1225 5762 1533 5831; x_wconf 77' lang='grc' dir='ltr'>αὐτόματον</span> <span class='ocrx_word' id='word_1_748' title='bbox 1553 5761 1704 5831; x_wconf 74' lang='grc' dir='ltr'>ὄψον,</span> <span class='ocrx_word' id='word_1_749' title='bbox 1733 5763 1883 5829; x_wconf 79' lang='grc' dir='ltr'>ἥδιον</span> 
     </span>
    </p>
   </div>
   <div class='ocr_carea' id='block_1_107' title="bbox 1993 4747 3567 4817">
    <p class='ocr_par' dir='ltr' id='par_1_107' title="bbox 1993 4747 3567 4817">
     <span class='ocr_line' id='line_1_107' title="bbox 1993 4747 3567 4817; baseline 0.006 -17"><span class='ocrx_word' id='word_1_750' title='bbox 1993 4755 2235 4802; x_wconf 82' lang='lat' dir='ltr'><strong>extrema</strong></span> <span class='ocrx_word' id='word_1_751' title='bbox 2284 4747 2530 4817; x_wconf 69' lang='lat' dir='ltr'><strong>quiedam</strong></span> <span class='ocrx_word' id='word_1_752' title='bbox 2595 4747 2922 4805; x_wconf 77' lang='lat' dir='ltr'><strong>cxhilaratio</strong></span> <span class='ocrx_word' id='word_1_753' title='bbox 2971 4765 3138 4808; x_wconf 81' lang='lat' dir='ltr'><strong>causa</strong></span> <span class='ocrx_word' id='word_1_754' title='bbox 3169 4753 3409 4810; x_wconf 82' lang='lat' dir='ltr'><strong>vicissim</strong></span> <span class='ocrx_word' id='word_1_755' title='bbox 3441 4769 3567 4810; x_wconf 83' lang='lat' dir='ltr'><strong>esse</strong></span> 
     </span>
    </p>
   </div>
   <div class='ocr_carea' id='block_1_108' title="bbox 1986 4839 2676 4897">
    <p class='ocr_par' dir='ltr' id='par_1_108' title="bbox 1986 4839 2676 4897">
     <span class='ocr_line' id='line_1_108' title="bbox 1986 4839 2676 4897; baseline 0 -3"><span class='ocrx_word' id='word_1_756' title='bbox 1986 4839 2240 4896; x_wconf 84' lang='lat' dir='ltr'><strong>maeroris</strong></span> <span class='ocrx_word' id='word_1_757' title='bbox 2259 4841 2493 4896; x_wconf 81' lang='lat' dir='ltr'><strong>extremi</strong></span> <span class='ocrx_word' id='word_1_758' title='bbox 2513 4842 2676 4897; x_wconf 89' lang='lat' dir='ltr'><strong>solet.</strong></span> 
     </span>
    </p>
   </div>
   <div class='ocr_carea' id='block_1_109' title="bbox 2662 4933 2878 4991">
    <p class='ocr_par' dir='ltr' id='par_1_109' title="bbox 2662 4933 2878 4991">
     <span class='ocr_line' id='line_1_109' title="bbox 2662 4933 2878 4991; baseline 0.019 -4"><span class='ocrx_word' id='word_1_759' title='bbox 2662 4933 2748 4988; x_wconf 89' lang='lat' dir='ltr'><strong>LX</strong></span> <span class='ocrx_word' id='word_1_760' title='bbox 2761 4934 2878 4991; x_wconf 84' lang='lat' dir='ltr'><strong>XX.</strong></span> 
     </span>
    </p>
   </div>
   <div class='ocr_carea' id='block_1_110' title="bbox 2062 5022 3562 5096">
    <p class='ocr_par' dir='ltr' id='par_1_110' title="bbox 2062 5022 3562 5096">
     <span class='ocr_line' id='line_1_110' title="bbox 2062 5022 3562 5096; baseline 0.001 -17"><span class='ocrx_word' id='word_1_761' title='bbox 2062 5022 2298 5079; x_wconf 90' lang='lat' dir='ltr'><strong>Omnino</strong></span> <span class='ocrx_word' id='word_1_762' title='bbox 2353 5024 2668 5080; x_wconf 89' lang='lat' dir='ltr'><strong>mortalium</strong></span> <span class='ocrx_word' id='word_1_763' title='bbox 2707 5040 2870 5081; x_wconf 88' lang='lat' dir='ltr'><strong>nemo</strong></span> <span class='ocrx_word' id='word_1_764' title='bbox 2905 5037 3008 5092; x_wconf 89' lang='lat' dir='ltr'><strong>est,</strong></span> <span class='ocrx_word' id='word_1_765' title='bbox 3062 5027 3156 5096; x_wconf 91' lang='lat' dir='ltr'><strong>qui</strong></span> <span class='ocrx_word' id='word_1_766' title='bbox 3204 5028 3363 5082; x_wconf 72' lang='lat' dir='ltr'><strong>seniis</strong></span> <span class='ocrx_word' id='word_1_767' title='bbox 3397 5030 3562 5081; x_wconf 80' lang='lat' dir='ltr'><strong>rel-us</strong></span> 
     </span>
    </p>
   </div>
   <div class='ocr_carea' id='block_1_111' title="bbox 1991 5115 3557 5188">
    <p class='ocr_par' dir='ltr' id='par_1_111' title="bbox 1991 5115 3557 5188">
     <span class='ocr_line' id='line_1_111' title="bbox 1991 5115 3557 5188; baseline 0.003 -18"><span class='ocrx_word' id='word_1_768' title='bbox 1991 5124 2155 5186; x_wconf 85' lang='lat' dir='ltr'><strong>atque</strong></span> <span class='ocrx_word' id='word_1_769' title='bbox 2184 5115 2467 5172; x_wconf 87' lang='lat' dir='ltr'><strong>laboribus</strong></span> <span class='ocrx_word' id='word_1_770' title='bbox 2495 5118 2742 5175; x_wconf 81' lang='lat' dir='ltr'><strong>intentus</strong></span> <span class='ocrx_word' id='word_1_771' title='bbox 2765 5133 2885 5174; x_wconf 85' lang='lat' dir='ltr'><strong>esse</strong></span> <span class='ocrx_word' id='word_1_772' title='bbox 2923 5129 3186 5188; x_wconf 90' lang='lat' dir='ltr'><strong>perpetuo</strong></span> <span class='ocrx_word' id='word_1_773' title='bbox 3216 5121 3386 5187; x_wconf 88' lang='lat' dir='ltr'><strong>possit</strong></span> <span class='ocrx_word' id='word_1_774' title='bbox 3414 5139 3426 5174; x_wconf 91' lang='lat'><strong>:</strong></span> <span class='ocrx_word' id='word_1_775' title='bbox 3462 5121 3557 5175; x_wconf 77' lang='lat' dir='ltr'><strong>sed</strong></span> 
     </span>
    </p>
   </div>
   <div class='ocr_carea' id='block_1_112' title="bbox 1993 5208 3556 5279">
    <p class='ocr_par' dir='ltr' id='par_1_112' title="bbox 1993 5208 3556 5279">
     <span class='ocr_line' id='line_1_112' title="bbox 1993 5208 3556 5279; baseline 0.001 -17"><span class='ocrx_word' id='word_1_776' title='bbox 1993 5208 2107 5278; x_wconf 88' lang='lat' dir='ltr'><strong>ipsa</strong></span> <span class='ocrx_word' id='word_1_777' title='bbox 2141 5217 2333 5264; x_wconf 90' lang='lat' dir='ltr'><strong>natura</strong></span> <span class='ocrx_word' id='word_1_778' title='bbox 2356 5208 2625 5279; x_wconf 89' lang='lat' dir='ltr'><strong>cujusque</strong></span> <span class='ocrx_word' id='word_1_779' title='bbox 2647 5211 2794 5266; x_wconf 82' lang='lat' dir='ltr'><strong>seria</strong></span> <span class='ocrx_word' id='word_1_780' title='bbox 2817 5210 3129 5271; x_wconf 87' lang='lat' dir='ltr'><strong>tractantis,</strong></span> <span class='ocrx_word' id='word_1_781' title='bbox 3150 5209 3366 5276; x_wconf 82' lang='lat' dir='ltr'><strong>aliquod</strong></span> <span class='ocrx_word' id='word_1_782' title='bbox 3392 5210 3556 5264; x_wconf 86' lang='lat' dir='ltr'><strong>etiam</strong></span> 
     </span>
    </p>
   </div>
   <div class='ocr_carea' id='block_1_113' title="bbox 1995 5298 3556 5370">
    <p class='ocr_par' dir='ltr' id='par_1_113' title="bbox 1995 5298 3556 5370">
     <span class='ocr_line' id='line_1_113' title="bbox 1995 5298 3556 5370; baseline -0.001 -16"><span class='ocrx_word' id='word_1_783' title='bbox 1995 5299 2256 5354; x_wconf 88' lang='lat' dir='ltr'><strong>solatium</strong></span> <span class='ocrx_word' id='word_1_784' title='bbox 2286 5299 2584 5354; x_wconf 86' lang='lat' dir='ltr'><strong>desiderat.</strong></span> <span class='ocrx_word' id='word_1_785' title='bbox 2637 5301 2774 5354; x_wconf 87' lang='lat' dir='ltr'><strong>Aliis</strong></span> <span class='ocrx_word' id='word_1_786' title='bbox 2804 5299 2971 5370; x_wconf 86' lang='lat' dir='ltr'><strong>igitur</strong></span> <span class='ocrx_word' id='word_1_787' title='bbox 3002 5299 3107 5353; x_wconf 90' lang='lat' dir='ltr'><strong>alia</strong></span> <span class='ocrx_word' id='word_1_788' title='bbox 3136 5298 3356 5352; x_wconf 77' lang='lat' dir='ltr'><strong>levandi</strong></span> <span class='ocrx_word' id='word_1_789' title='bbox 3389 5301 3556 5354; x_wconf 86' lang='lat' dir='ltr'><strong>animi</strong></span> 
     </span>
    </p>
   </div>
   <div class='ocr_carea' id='block_1_114' title="bbox 1995 5390 3558 5460">
    <p class='ocr_par' dir='ltr' id='par_1_114' title="bbox 1995 5390 3558 5460">
     <span class='ocr_line' id='line_1_114' title="bbox 1995 5390 3558 5460; baseline 0 -16"><span class='ocrx_word' id='word_1_790' title='bbox 1995 5404 2162 5444; x_wconf 87' lang='lat' dir='ltr'><strong>causa</strong></span> <span class='ocrx_word' id='word_1_791' title='bbox 2196 5399 2413 5460; x_wconf 88' lang='lat' dir='ltr'><strong>reperta</strong></span> <span class='ocrx_word' id='word_1_792' title='bbox 2441 5398 2589 5444; x_wconf 88' lang='lat' dir='ltr'><strong>sunt.</strong></span> <span class='ocrx_word' id='word_1_793' title='bbox 2631 5392 2697 5444; x_wconf 81' lang='lat' dir='ltr'><strong>At</strong></span> <span class='ocrx_word' id='word_1_794' title='bbox 2746 5391 2842 5444; x_wconf 88' lang='lat' dir='ltr'><strong>tibi</strong></span> <span class='ocrx_word' id='word_1_795' title='bbox 2878 5398 3002 5458; x_wconf 88' lang='lat' dir='ltr'><strong>post</strong></span> <span class='ocrx_word' id='word_1_796' title='bbox 3047 5390 3434 5444; x_wconf 87' lang='lat' dir='ltr'><strong>convenientes</strong></span> <span class='ocrx_word' id='word_1_797' title='bbox 3471 5406 3558 5444; x_wconf 86' lang='lat' dir='ltr'><strong>re-</strong></span> 
     </span>
    </p>
   </div>
   <div class='ocr_carea' id='block_1_115' title="bbox 1992 5482 3556 5556">
    <p class='ocr_par' dir='ltr' id='par_1_115' title="bbox 1992 5482 3556 5556">
     <span class='ocr_line' id='line_1_115' title="bbox 1992 5482 3556 5556; baseline 0 -19"><span class='ocrx_word' id='word_1_798' title='bbox 1992 5485 2148 5556; x_wconf 87' lang='lat' dir='ltr'><strong>gibus</strong></span> <span class='ocrx_word' id='word_1_799' title='bbox 2169 5483 2387 5536; x_wconf 87' lang='lat' dir='ltr'><strong>labores</strong></span> <span class='ocrx_word' id='word_1_800' title='bbox 2416 5482 2541 5536; x_wconf 89' lang='lat' dir='ltr'><strong>libri</strong></span> <span class='ocrx_word' id='word_1_801' title='bbox 2572 5482 2843 5537; x_wconf 84' lang='lat' dir='ltr'><strong>sulllciant</strong></span> <span class='ocrx_word' id='word_1_802' title='bbox 2865 5491 2918 5536; x_wconf 92' lang='lat' dir='ltr'><strong>et</strong></span> <span class='ocrx_word' id='word_1_803' title='bbox 2945 5495 3172 5551; x_wconf 87' lang='lat' dir='ltr'><strong>campus</strong></span> <span class='ocrx_word' id='word_1_804' title='bbox 3198 5499 3211 5547; x_wconf 90' lang='lat'><strong>;</strong></span> <span class='ocrx_word' id='word_1_805' title='bbox 3240 5489 3556 5551; x_wconf 89' lang='lat' dir='ltr'><strong>utrumque,</strong></span> 
     </span>
    </p>
   </div>
   <div class='ocr_carea' id='block_1_116' title="bbox 1991 5573 3560 5644">
    <p class='ocr_par' dir='ltr' id='par_1_116' title="bbox 1991 5573 3560 5644">
     <span class='ocr_line' id='line_1_116' title="bbox 1991 5573 3560 5644; baseline -0.003 -12"><span class='ocrx_word' id='word_1_806' title='bbox 1991 5592 2115 5632; x_wconf 90' lang='lat' dir='ltr'><strong>cum</strong></span> <span class='ocrx_word' id='word_1_807' title='bbox 2147 5573 2496 5631; x_wconf 89' lang='lat' dir='ltr'><strong>commodum</strong></span> <span class='ocrx_word' id='word_1_808' title='bbox 2530 5575 2635 5629; x_wconf 90' lang='lat' dir='ltr'><strong>erit</strong></span> <span class='ocrx_word' id='word_1_809' title='bbox 2661 5594 2676 5641; x_wconf 89' lang='lat'><strong>;</strong></span> <span class='ocrx_word' id='word_1_810' title='bbox 2719 5583 2773 5630; x_wconf 89' lang='lat' dir='ltr'><strong>et</strong></span> <span class='ocrx_word' id='word_1_811' title='bbox 2803 5573 2995 5630; x_wconf 90' lang='lat' dir='ltr'><strong>umbra</strong></span> <span class='ocrx_word' id='word_1_812' title='bbox 3025 5575 3257 5644; x_wconf 81' lang='lat' dir='ltr'><strong>simplex</strong></span> <span class='ocrx_word' id='word_1_813' title='bbox 3295 5589 3359 5628; x_wconf 88' lang='lat' dir='ltr'><strong>ac</strong></span> <span class='ocrx_word' id='word_1_814' title='bbox 3390 5573 3560 5629; x_wconf 83' lang='lat' dir='ltr'><strong>inela-</strong></span> 
     </span>
    </p>
   </div>
   <div class='ocr_carea' id='block_1_117' title="bbox 1992 5665 3550 5735">
    <p class='ocr_par' dir='ltr' id='par_1_117' title="bbox 1992 5665 3550 5735">
     <span class='ocr_line' id='line_1_117' title="bbox 1992 5665 3550 5735; baseline -0.002 -12"><span class='ocrx_word' id='word_1_815' title='bbox 1992 5669 2183 5723; x_wconf 88' lang='lat' dir='ltr'><strong>borata</strong></span> <span class='ocrx_word' id='word_1_816' title='bbox 2217 5667 2300 5722; x_wconf 91' lang='lat' dir='ltr'><strong>vel</strong></span> <span class='ocrx_word' id='word_1_817' title='bbox 2347 5667 2568 5722; x_wconf 88' lang='lat' dir='ltr'><strong>tentorii</strong></span> <span class='ocrx_word' id='word_1_818' title='bbox 2628 5667 2710 5722; x_wconf 86' lang='lat' dir='ltr'><strong>vel</strong></span> <span class='ocrx_word' id='word_1_819' title='bbox 2743 5665 3047 5735; x_wconf 83' lang='lat' dir='ltr'><strong>frondium,</strong></span> <span class='ocrx_word' id='word_1_820' title='bbox 3105 5666 3188 5720; x_wconf 82' lang='lat' dir='ltr'><strong>vel</strong></span> <span class='ocrx_word' id='word_1_821' title='bbox 3219 5675 3504 5721; x_wconf 80' lang='lat' dir='ltr'><strong>autrorum</strong></span> <span class='ocrx_word' id='word_1_822' title='bbox 3535 5708 3550 5734; x_wconf 89' lang='lat'><strong>,</strong></span> 
     </span>
    </p>
   </div>
   <div class='ocr_carea' id='block_1_118' title="bbox 1990 5755 3556 5830">
    <p class='ocr_par' dir='ltr' id='par_1_118' title="bbox 1990 5755 3556 5830">
     <span class='ocr_line' id='line_1_118' title="bbox 1990 5755 3556 5830; baseline -0.001 -13"><span class='ocrx_word' id='word_1_823' title='bbox 1990 5769 2043 5817; x_wconf 90' lang='lat' dir='ltr'><strong>et</strong></span> <span class='ocrx_word' id='word_1_824' title='bbox 2065 5759 2319 5830; x_wconf 89' lang='lat' dir='ltr'><strong>luscinia,</strong></span> <span class='ocrx_word' id='word_1_825' title='bbox 2357 5759 2402 5818; x_wconf 83' lang='lat' dir='ltr'><strong>si</strong></span> <span class='ocrx_word' id='word_1_826' title='bbox 2461 5759 2634 5826; x_wconf 87' lang='lat' dir='ltr'><strong>adsit;</strong></span> <span class='ocrx_word' id='word_1_827' title='bbox 2678 5770 2734 5820; x_wconf 89' lang='lat' dir='ltr'><strong>et</strong></span> <span class='ocrx_word' id='word_1_828' title='bbox 2759 5760 2884 5820; x_wconf 87' lang='lat' dir='ltr'><strong>fons</strong></span> <span class='ocrx_word' id='word_1_829' title='bbox 2915 5761 3140 5827; x_wconf 86' lang='lat' dir='ltr'><strong>saliens,</strong></span> <span class='ocrx_word' id='word_1_830' title='bbox 3168 5767 3224 5817; x_wconf 88' lang='lat' dir='ltr'><strong>et</strong></span> <span class='ocrx_word' id='word_1_831' title='bbox 3256 5760 3400 5818; x_wconf 84' lang='lat' dir='ltr'><strong>circa</strong></span> <span class='ocrx_word' id='word_1_832' title='bbox 3431 5755 3556 5816; x_wconf 77' lang='lat' dir='ltr'><strong>fon-</strong></span> 
     </span>
    </p>
   </div>
  </div>
