3920 6200
407 327 505 385 371
1557 335 1953 396 MANUELIS

2096 337 2436 401 ιτεοιοαῐ
3521 348 3628 414 3'72

405 448 511 492 tetu
545 437 765 501 herba);
802 448 855 491 et
886 438 990 495 vile
1018 438 1237 507 quidem
1288 441 1580 496 obsonium
1617 442 1971 511 oblatumque

2096 446 2127 500 ῑέ
2172 450 2464 521 πεινήσασι
2512 450 2606 505 καὶ
2660 443 2995 518 πανδαισίας
3029 454 3132 525 τῆς
3160 454 3323 510 οίκοι.
3369 454 3476 509 Ἐῶ
3525 459 3634 528 γὰρ

406 522 675 594 fortuito;
738 527 832 584 sed
884 528 1083 585 famem
1134 530 1510 597 efferentibus,
1576 533 1740 589 etiam
1798 534 1967 590 dubia

2096 534 2253 602 ,ἐγειν
2287 537 2597 608 ἀμϐροσίαν
2640 548 2734 594 καὶ
2763 542 2985 613 νέκταρ,
3024 522 3100 599 τὰ.
3125 545 3355 613 μυθικὰ,
3389 522 3637 616 πρὸςίοῗς

406 624 582 681 εοεαε,
614 619 757 673 domi
805 626 1039 683 structa,
1092 618 1411 689 jucundius.
1443 621 1598 677 Mitto
1632 638 1866 691 namque
1903 624 1969 678 de

2096 647 2100 673 ι
2134 625 2286 694 φίλος
2322 644 2403 681 σοι
2439 629 2624 695 ἵππος,
2655 633 2684 685 ὁ
2719 632 2890 701 κύων,
2933 636 2961 687 ὁ
2989 634 3165 705 ἱέραξ,
3195 637 3229 706 ή
3255 637 3392 707 πρὸς
3430 638 3499 691 τὰ
3542 638 3640 707 θη-

400 710 673 764 ambrOsia
704 719 755 764 et
788 718 1027 777 nectare,
1041 709 1304 766 fabulosis
1335 712 1517 777 rebus,
1536 712 1707 783 loqui.
1735 713 1973 769 Accedat

2096 716 2170 769 ›ία
2201 718 2308 793 τῶν
2360 719 2533 789 βελῶν
2581 720 2799 791 ἄφεσις,
2850 725 2981 778 ποτὲ
3021 725 3121 796 μὲν
3151 727 3348 798 λάθρα,
3403 729 3535 781 ποτὲ
3577 728 3638 782 δὲ

401 800 489 856 iis
527 801 621 855 tibi
657 801 857 859 charos
884 815 1086 872 equus,
1115 812 1169 858 et
1206 804 1361 857 canis
1388 812 1441 857 et
1474 804 1760 873 accipiter,
1809 814 1863 859 et
1891 813 1971 860 te-

400 894 580 946 lorum
616 893 669 946 in
703 892 847 949 foras
874 894 1118 959 emissio,
1156 910 1302 950 nunc
1324 896 1462 950 clam
1487 935 1500 957 .
1536 910 1681 950 nunc
1713 896 1871 966 pleno
1894 896 1972 949 l‘a-

401 983 592 1038 cienda
618 999 806 1047 cursu,
830 994 988 1054 prout
1024 985 1153 1055 ipsae
1182 995 1355 1040 semet
1389 986 1715 1055 obtulerint.
1748 987 1851 1041 Sed
1885 987 1967 1041 his

404 1084 577 1137 utere,
608 1089 715 1129 non
745 1084 1002 1145 tauquam
1037 1077 1164 1137 line,
1195 1076 1288 1133 sed
1318 1075 1509 1132 melius
1546 1077 1751 1146 aliquid
1792 1077 1968 1146 respi-

405 1167 577 1231 ciens,
602 1176 659 1221 ut
691 1167 1056 1223 valetudinem
1092 1170 1312 1234 bonam,
1357 1180 1413 1224 ut
1446 1170 1890 1240 popularitatem,
1912 1178 1972 1223 ut

406 1258 819 1326 experientiam,
847 1274 964 1328 quae
988 1259 1187 1314 milites
1207 1260 1415 1315 deceat.
1448 1259 1523 1313 Ita
1551 1258 1663 1322 ﬁet,
1696 1267 1757 1312 ut
1789 1256 1967 1327 prazda

408 1362 515 1401 non
544 1351 767 1433 potitus,
805 1365 968 1419 quam
998 1364 1212 1419 semper
1241 1349 1468 1416 adipisci
1499 1364 1605 1402 non
1631 1342 1781 1415 licet,
1813 1347 1970 1401 volu-

2075 807 2261 878 δρόμῳ
2293 812 2583 880 χρωμένῳ,
2623 816 2847 871 ἐπειδὰν
2880 810 3157 881 κάκείνοις
3201 820 3399 873 ταυτὸν
3440 820 3639 887 γίγνη-

2077 915 2189 952 ται.
2217 900 2308 969 Μὴ
2333 901 2450 970 χρῶ
2476 903 2530 955 δὲ
2557 903 2771 969 τούτοις
2794 907 2868 969 ώς
2894 909 3060 973 τέλει,
3085 908 3202 962 ἀλλ’
3223 910 3447 979 ἀφορῶν
3472 909 3555 971 είς
3578 926 3639 961 τι

2077 988 2307 1058 βέλτιον,
2339 992 2576 1059 εὐεξίαν,
2614 998 2918 1063 κοινωνίαν,
2954 1001 3246 1069 ἐμπειρίαν
3272 999 3642 1069 στρατιώταις

2075 1086 2416 1155 πρέπουσαν.
2469 1087 2658 1160 Ταύτῃ
2687 1091 2912 1159 καὶτῆς
2958 1092 3131 1163 θήρας
3179 1094 3471 1164 ἀποτυχὼν
3495 1094 3644 1157 (ούδέ

2074 1173 2182 1255 γὰρ
2220 1174 2310 1227 ἀεὶ
2338 1178 2630 1248 τυγχάνειν
2661 1176 2773 1234 οἶόν
2794 1182 2907 1250 τε),
2941 1185 3043 1253 τῆς
3073 1184 3417 1254 εὐφροσύνης
3444 1184 3545 1236 οὐκ
3572 1182 3642 1236 ἂν

2075 1260 2363 1332 ἁμάρτοις,
2413 1268 2471 1321 ἐν
2518 1266 2602 1333 οἷς
2653 1271 2754 1325 οὐκ
2812 1270 2959 1326 ἐστιν
3001 1275 3318 1345 ἅποτυχεῖν,
3370 1274 3438 1328 δι’
3470 1272 3507 1327 ἃ
3556 1288 3644 1326 σοι

2077 1350 2356 1421 προῦργου
2389 1353 2637 1423 γίγνεται
2665 1357 2726 1410 τὸ
2757 1357 2952 1431 θηρᾷν.

408 1451 551 1512 ptate
588 1451 769 1497 tamen
794 1444 847 1497 in
891 1445 959 1498 iis
988 1445 1213 1500 minime
1248 1458 1460 1506 careas,
1491 1458 1612 1513 quae
1644 1443 1833 1497 abesse
1865 1454 2163 1513 nequeunt,
2194 1456 2247 1503 et
2280 1463 2515 1518 quorum
2586 1466 2755 1509 causa
2823 1452 3062 1509 venandi
3131 1453 3375 1510 laborem
3447 1449 3642 1522 praei;

408 1552 511 1604 pue
546 1536 804 1605 suscipis.

1072 1626 1310 1682 LXXXI.

2798 1630 2929 1687 ΠΜ.

477 1714 621 1769 Cave
682 1716 1000 1785 permiseris
1034 1717 1103 1772 ad
1135 1726 1187 1771 te
1215 1718 1401 1773 venire
1434 1716 1656 1788 propius
1715 1717 1973 1788 hypocri-

2161 1717 2478 1790 ’Υπόκρισις
2505 1719 2649 1775 ἔστω
2671 1738 2754 1777 σοι
2787 1724 3042 1794 μισητὸν,
3076 1724 3172 1778 καὶ
3201 1724 3419 1795 μακρὰν
3448 1724 3478 1776 ὀ
3507 1722 3649 1777 ταύ-

410 1816 543 1872 tam,
576 1809 669 1862 sed
700 1811 877 1865 omnis
906 1809 1184 1864 simulatio
1216 1809 1310 1864 tibi
1340 1807 1697 1865 exsecrabilis
1726 1816 1872 1874 esto,
1909 1823 1977 1862 ne

412 1898 730 1966 imprudens
763 1899 889 1965 lupo
928 1915 991 1953 ac
1042 1901 1239 1968 piratae
1289 1899 1471 1965 fidem,
1528 1912 1629 1968 pro
1659 1906 1878 1967 pastore
1914 1912 1978 1952 ac

412 1989 798 2055 gubernatore,
824 1988 1049 2044 habeas.
1074 1990 1131 2043 ln
1158 2003 1276 2051 eos,
1293 1990 1386 2058 qui
1405 1989 1536 2044 false
1559 1997 1791 2058 carpunt
1813 1989 1976 2054 alios,

415 2079 563 2134 nullo
608 2094 730 2135 cum
783 2081 1026 2149 ipsorum
1080 2079 1284 2147 fructu,
1317 2080 1525 2136 salibus
1568 2081 1685 2150 ipse
1733 2079 1980 2150 paternis

417 2172 621 2227 utitor:
660 2182 719 2226 ut
744 2172 845 2228 bos
879 2172 1100 2241 quidem
1137 2172 1435 2242 ignominia
1472 2173 1694 2236 liberes,
1743 2172 1834 2242 qui
1859 2186 1982 2226 car-

417 2271 621 2329 puntur
653 2263 895 2332 inquam,
929 2263 1049 2319 illos
1078 2278 1208 2319 vero
1239 2264 1595 2319 modestiores
1616 2263 1983 2320 eﬂicias.Cre—

418 2352 529 2407 dita
568 2354 814 2408 [ideituae
846 2353 1011 2407 verba
1035 2368 1146 2407 non
1169 2354 1323 2408 aliter
1357 2353 1653 2419 custodies,
1687 2369 1752 2408 ac
1777 2354 1824 2410 si
1859 2354 1981 2423 quis

419 2445 691 2515 ingentem
726 2443 842 2498 auri
870 2444 977 2497 vim
1007 2446 1148 2512 apud
1211 2457 1259 2499 te
1291 2445 1659 2515 deposuisset.
1691 2444 1983 2500 Juramen-

421 2538 489 2590 tis
514 2545 568 2590 tu
590 2537 805 2606 quidem
835 2536 1156 2600 abstinebis,
1189 2536 1281 2592 sed
1303 2536 1518 2591 interim
1554 2552 1735 2592 mores
1764 2537 1840 2591 tui
1864 2535 1985 2591 uni-

422 2628 593 2684 versis
628 2629 831 2697 optima
866 2643 1095 2699 qumque
1119 2629 1183 2683 de
1218 2638 1269 2683 te
1300 2628 1681 2700 polliceantur.
1719 2625 1983 2681 Votorum

421 2720 830 2789 conceptionem
878 2720 1095 2789 putabis
1132 2734 1254 2775 esse
1304 2736 1417 2775 rem
1460 2719 1671 2789 plenam
1714 2718 1982 2785 horroris,

422 2811 513 2866 sed
545 2822 597 2866 tu
634 2818 741 2864 tam
782 2810 911 2873 Deo,
945 2825 1105 2878 quam
1162 2810 1499 2875 hominibus,
1537 2811 1812 2880 promissa
1842 2824 1985 2878 prte-

2077 1828 2176 1881 την
2206 1812 2601 1883 ἐργαζόμενος,
2639 1814 2711 1884 μή
2768 1832 2899 1869 ποτε
2935 1815 3105 1888 λάθῃς
3142 1815 3443 1877 πιστεύσας
3493 1812 3648 1883 λύκῳ

2077 1917 2137 1952 τε
2161 1900 2256 1952 καὶ
2278 1903 2511 1971 πειρατῇ
2536 1902 2657 1955 ἀντὶ
2695 1905 2955 1974 ποιμένος
2979 1908 3074 1957 καὶ
3108 1904 3467 1975 κυϐερνήτου.
3492 1903 3653 1956 Σκῶ-

2080 2008 2182 2045 πτε
2211 1991 2267 2045 δέ
2302 1994 2583 2063 πατρικῶς
2611 1996 2737 2057 τοὺς
2788 1994 3062 2049 σκώπτειν
3093 1995 3289 2074 ἄλλους
3339 1994 3647 2057 ἐθέλοντας,

2079 2083 2177 2136 οὒκ
2205 2082 2473 2151 ὠφελείας
2498 2084 2692 2138 ἐνεκαο
2718 2087 2866 2150 ὅπως
2896 2086 3021 2149 τοὺς
3046 2087 3147 2157 μὲν
3176 2086 3439 2156 αίσχύνης
3470 2082 3652 2137 ἀπαλ-

2082 2173 2321 2240 λάξειας,
2356 2173 2501 2244 λέγω
2529 2176 2594 2246 δὴ
2640 2177 2768 2240 τοὺς
2799 2179 3133 2247 πάσχοντας,
3163 2177 3288 2239 τοὺς
3320 2175 3375 2229 δὲ
3426 2191 3650 2243 σωφρο-

2081 2264 2371 2335 νεστέρους
2401 2266 2683 2338 ἐργάσαιο.
2731 2257 3102 2330 numnam
3127 2268 3184 2322 δέ
3231 2281 3313 2321 σοι
3343 2267 3503 2336 λόγον
3534 2266 3652 2318 δια-

2084 2356 2342 2425 φύλαττε,
2376 2356 2408 2427 ἢ
2440 2357 2495 2410 εί
2522 2374 2605 2420 τις
2652 2358 2718 2413 ἄν
2751 2375 2834 2412 σοι
2880 2359 3106 2428 χρυσίον
3140 2358 3301 2428 ἁδρὸν
3354 2354 3647 2427 παρέθετο.

2085 2446 2305 2517 Ὀρκων
2342 2445 2400 2500 δέ
2434 2464 2528 2499 σου
2564 2447 2909 2516 φειδομένου,
2944 2448 3277 2517 ἐπαγγελίας
3302 2445 3514 2514 ἀγαθὰς
3543 2446 3653 2498 πᾶ·

2086 2553 2171 2589 σιν
2199 2538 2247 2590 οἱ
2277 2538 2467 2607 τρόποι
2496 2538 2809 2594 διδότωσαν.
2839 2540 3071 2609 Φρικτὺν
3103 2540 3204 2609 μὲν
3237 2534 3379 2593 εἶναι
3402 2539 3461 2593 τὺ
3495 2537 3653 2605 εῦξαυ

2088 2627 2215 2681 σθαι
2249 2628 2390 2683 πάνυ
2424 2628 2632 2697 νόμιζε,
2660 2630 2762 2691 τὰς
2802 2630 3123 2698 ὑποσχέσεις
3153 2630 3209 2682 δέ
3255 2629 3375 2699 Θεῷ
3401 2631 3496 2682 καὶ
3533 2632 3652 2691 τοῖς

2086 2720 2396 2791 ἀνθρώποις
2432 2716 2665 2774 ἐκτέλει.
2695 2720 3022 2790 Μεμνῆσθαι
3053 2722 3235 2791 μέντοι
3279 2720 3390 2774 τῶν
3418 2720 3556 2789 πρὸς
3588 2719 3653 2773 σι

2086 2812 2194 2865 τῶν
2220 2811 2395 2866 ἄλλων
2418 2811 2675 2865 εὐποιιῶν
2701 2812 2978 2883 προσῆκον
3003 2807 3145 2866 εἶναί
3171 2828 3265 2865 σου
3297 2811 3510 2880 νόμιζε,
3538 2811 3651 2864 τῶν

423 2902 614 2957 stabis.
680 2902 884 2957 Decere
911 2910 962 2957 te
999 2902 1383 2965 arbitraberis,
1437 2894 1499 2955 ut
1537 2910 1886 2971 acceptorum
1918 2902 1986 2957 ab

2096 2900 2245 2971 παρὰ
2285 2900 2379 2952 σοῦ
2433 2900 2570 2971 πρὸς
2617 2901 2814 2963 ἄλλους
2861 2894 3349 2972 ἐπιλανθανόμενος
3374 2918 3389 2934 ο
3429 2901 3552 2953 θέλε
3594 2900 3654 2952 δέ

423 2996 542 3050 aliis
574 2994 959 3049 beneﬁciorum
1000 2993 1337 3060 memineris,
1372 2993 1467 3048 sed
1498 2994 1621 3048 aliis
1647 2992 1743 3048 abs
1775 3003 1828 3048 te
1849 3008 1987 3062 prat-

2096 2991 2452 3056 πλεονεκτεῖν,
2498 2978 2868 3060 οὐχ’ύστερεῖν
2904 2993 3287 3062 ἀμειϐόμενος.
3322 2992 3436 3045 Κᾶν
3477 2990 3655 3043 ταῦτα

424 3090 677 3142 stitorum
712 3086 1080 3141 obliviscaris.
1112 3087 1176 3138 Et
1225 3084 1451 3154 quidem
1487 3084 1706 3137 vincere
1733 3098 1989 3152 compen-

2096 3080 2351 3151 πράττων
2402 3070 2669 3151 διατελῇξ,
2725 3081 2943 3151 φεύγων
2972 3082 3163 3136 καὶτὸ
3215 3081 3414 3151 ὕφαλον
3462 3075 3656 3149 αἷσχος

426 3179 611 3234 sandis
663 3178 965 3237 beneﬁciis,
1002 3190 1109 3230 non
1174 3175 1321 3228 vinci
1390 3173 1547 3228 velis.
1581 3172 1716 3239 Quae
1739 3174 1782 3228 si
1814 3173 1992 3228 facere

428 3284 533 3324 non
585 3267 825 3331 desines,
887 3266 1165 3320 occultum
1223 3279 1442 3334 quoque
1495 3265 1733 3322 dedecus
1775 3264 1991 3333 fugiens

430 3362 579 3428 (nam
609 3360 759 3412 larva
780 3372 1052 3426 sceuaque
1081 3358 1168 3411 vix
1190 3359 1355 3411 etiam
1382 3357 1588 3411 scurris
1619 3356 1991 3419 concedenda,

429 3450 523 3519 qui
556 3450 638 3504 vel
662 3449 921 3517 colaphos
966 3448 1215 3517 accipere
1276 3464 1386 3504 non
1420 3447 1694 3509 dubitant,
1729 3457 1789 3501 ut
1817 3447 1989 3501 risum

434 3541 554 3595 aliis
577 3539 884 3608 moveant):
944 3539 1248 3594 orationem
1283 3547 1432 3593 tuam
1483 3537 1848 3608 jurisjurandi
1877 3538 1995 3593 loco

436 3632 763 3687 mortalibus
789 3630 1063 3686 universis
1091 3629 1447 3703 suffecturam
1484 3629 1747 3684 arbitror.

1095 3719 1354 3776 LXXXII.

508 3816 653 3870 Viris
686 3814 1024 3885 principibus
1057 3812 1204 3867 haud
1240 3812 1381 3867 male
1405 3809 1996 3877 conveniuntgravitas

439 3922 600 3979 atque
632 3905 1189 3979 magniﬁcentia;sed
1241 3903 1521 3957 miscenda
1566 3902 1666 3956 tibi
1690 3916 1909 3970 semper
1946 3900 1998 3955 ei

438 4000 654 4071 frigori,
687 3999 832 4069 quod
854 3996 1033 4052 inesse
1065 3994 1318 4063 gravitati
1352 3993 1568 4047 videtur
1595 3999 1724 4062 apta
1750 3992 1995 4059 quaedam

439 4094 716 4147 suavitas:
752 4099 806 4146 et
836 4089 1140 4152 severitati,
1166 4104 1286 4157 quae
1317 4085 1738 4154 magniﬁcentia:
1780 4084 1999 4139 videtur

440 4186 641 4247 inesse,
681 4190 831 4251 grata
865 4179 1112 4248 quaedam
1144 4176 1481 4247 popularitas
1507 4192 1522 4228 :
1548 4183 1608 4228 ut
1638 4174 1725 4228 bis
1780 4187 2000 4242 quoque

442 4276 604 4331 rebus
629 4275 861 4343 imperio
890 4281 981 4327 tuo
1043 4271 1210 4325 decus
1262 4268 1552 4329 concilies,
1610 4274 1664 4320 et
1711 4266 1999 4319 audientes

442 4368 589 4422 dicto
612 4367 862 4421 subditos
896 4365 947 4419 in
988 4364 1055 4417 iis
1079 4363 1303 4425 trabeas,
1338 4360 1523 4428 quwvi
1558 4359 1760 4414 mentis
1787 4357 1995 4427 optime

444 4457 817 4529 perspexeris;
855 4455 1063 4521 absque
1094 4466 1203 4519 quo
1232 4450 1321 4513 sit,
1349 4450 1486 4502 nihil
1544 4448 1692 4502 utilis
1749 4450 1829 4501 rei
1881 4445 1998 4501 ﬁeri

446 4548 660 4620 poterit.
690 4547 753 4600 Et
784 4563 848 4600 ex
883 4553 1007 4598 voto
1043 4557 1175 4597 sane
1202 4557 1290 4595 res
1329 4539 1425 4592 tibi
1453 4552 1559 4592 non
1590 4553 1781 4607 parum
1819 4550 2002 4591 succe-

445 4642 556 4706 det,
589 4639 634 4695 si
669 4638 963 4707 benignum
1002 4643 1055 4688 et
1112 4630 1516 4686 formidabilem
1580 4630 1635 4682 in
1692 4642 1807 4691 eos,
1862 4641 2001 4695 quos

448 4729 719 4792 convenit,
754 4739 802 4781 te
829 4741 1006 4796 geres,
1039 4740 1139 4779 nec
1162 4725 1252 4793 jus
1284 4731 1434 4776 tuum
1472 4722 1524 4774 iu
1552 4718 1808 4774 omnibus
1834 4733 2001 4773 accu-

451 4832 563 4875 rate
585 4819 877 4888 spectabis,
903 4827 956 4871 et
990 4830 1181 4885 poenas
1208 4829 1315 4868 non
1348 4812 1415 4866 ab
1465 4810 1721 4866 omnibus
1778 4809 1999 4876 exiges:

450 4912 685 4965 maxime
726 4924 874 4975 vero,
902 4908 948 4964 si
985 4922 1089 4961 non
1125 4906 1303 4960 minus
1327 4904 1506 4967 lactis,
1570 4917 1734 4970 quam
1792 4901 2001 4964 verbis,

451 5019 541 5057 eos
570 5001 944 5072 persuadebis,
964 4999 1167 5053 rectius
1194 4998 1313 5061 tibi,
1345 5010 1505 5065 quam
1524 4994 1789 5062 ipsismet,
1816 5007 2003 5046 eorum

449 5111 570 5150 esse
591 5102 873 5162 perspecta
904 5091 1209 5147 commoda.
1270 5088 1479 5156 Quippe
1518 5086 1561 5139 si
1617 5084 1863 5138 futurum
1913 5099 2008 5151 pa-

451 5190 644 5252 ruerit,
684 5198 741 5242 ut
768 5186 988 5241 monitis
1024 5184 1133 5238 tuis
1171 5182 1637 5251 obtemperantes,
1704 5177 1822 5247 ejus
1880 5178 2010 5231 obe-

451 5280 671 5335 dientia:
704 5278 940 5333 fructum
983 5277 1176 5340 ferant,
1213 5274 1376 5328 etiam
1411 5271 1569 5326 factis
1606 5271 1859 5324 hortatus
1886 5277 2009 5323 tuos

454 5382 792 5426 antevertere
833 5368 1147 5424 studebunt.
1177 5364 1287 5419 Iloc
1321 5360 1568 5426 medicis,
1608 5359 1711 5413 hoc
1736 5356 2012 5428 guberna-

342 5498 347 5503 η
456 5464 685 5528 toribus,
713 5465 815 5515 hoc
840 5458 1152 5528 pastoribus
1198 5457 1446 5527 largitur,
1483 5452 1727 5507 utetiam
1783 5447 2010 5503 nutibus

456 5556 730 5625 impellere
742 5552 975 5624 possint.

1082 5636 1371 5693 LXXXIII.

529 5737 734 5793 Imitari
767 5736 906 5791 nolis
942 5735 1056 5802 ejus
1084 5732 1251 5786 animi
1278 5729 1478 5796 studia,
1510 5741 1665 5796 quem
1695 5739 1805 5780 non
1837 5738 2009 5789 amas,

2096 3174 2179 3245 (τὸ
2207 3174 2317 3244 γὰρ
2365 3178 2732 3244 προσωπεῖον,
2768 3177 2920 3247 καὶὴ
2951 3176 3145 3246 σκηνὴ,
3181 3176 3332 3244 μόλις
3382 3192 3487 3229 που
3522 3190 3659 3240 συγο

2092 3264 2345 3336 χωρητέα
2384 3265 2771 3333 γελωτοποιοῖς
2820 3268 3154 3339 ἀνθρώποις,
3185 3268 3235 3321 οἳ
3274 3266 3367 3321 καὶ
3402 3266 3495 3318 ἐπὶ
3526 3265 3661 3335 κόρ-

2095 3357 2197 3426 ρης
2227 3355 2573 3426 ῥαπίζονται,
2619 3356 2758 3409 ὥστε
2792 3342 2917 3420 τοῦς
2964 3357 3157 3421 ἄλλους
3196 3355 3467 3423 γελάσαι),
3498 3350 3662 3424 οἶμαί

2096 3464 2179 3499 σοι
2209 3448 2302 3499 καὶ.
2344 3447 2502 3515 λόγον
2534 3446 2653 3502 ἀνθ’
2704 3449 2870 3518 ὅρκου
2911 3450 3059 3520 πρὸς
3099 3450 3346 3511 ἅπαντας
3400 3447 3665 3518 ἀρκέσειν

2096 3540 2192 3594 ἀνθ
2199 3539 2435 3629 ρώπουςῖ

2814 3717 2939 3773 ΠΒ’.

2170 3810 2444 3881 Σεμνότης
2474 3811 2569 3864 καὶ
2601 3808 3048 3881 μεγαλοπρέπεια
3075 3807 3340 3878 ἡγεμόσιν
3374 3806 3475 3860 οὐκ
3506 3806 3661 3876 ἀπᾴ-

2098 3903 2197 3957 δει.
2228 3903 2319 3954 Δεῖ
2364 3918 2423 3954 σε
2457 3901 2513 3955 δέ
2547 3903 2741 3972 κιρνᾷν
2778 3902 2885 3955 ἀεὶ
2920 3900 3015 3954 τοῦ
3069 3900 3170 3969 μὲν
3211 3898 3410 3969 σεμνοῦ
3463 3902 3532 3968 τῇ
3568 3898 3659 3949 δο-

2100 3994 2271 4065 κούσῃ
2305 3992 2607 4063 ψυχρότητι
2635 3993 2735 4062 τὴν
2780 3994 3114 4062 γιγνομένην
3162 3990 3417 4062 ήδύτητα,
3465 3989 3565 4043 τοῦ
3602 3989 3663 4043 st

2106 4082 2560 4156 μεγαλοπρεποῦς
2603 4082 2680 4153 τῷ
2722 4081 3020 4153 ἀμειλίκτῳ
3068 4081 3314 4136 δοκοῦντι
3366 4082 3662 4134 κοινωνίαν

2101 4176 2437 4245 χαρίεσσανο
2479 4174 2629 4239 ὅπως
2675 4174 2890 4241 φαίνοιο
2919 4174 3011 4226 καὶ
3047 4174 3224 4226 τοῖσδε
3274 4173 3505 4244 πρέπων
3529 4176 3665 4241 ήγε-

2106 4267 2287 4337 μονίᾳ,
2320 4262 2415 4317 καὶ
2446 4265 2636 4335 σχοίης
2680 4282 2743 4333 γε
2777 4265 2903 4328 τοὺς
2943 4264 3049 4318 ὑπὸ
3081 4265 3140 4318 σὲ
3177 4264 3554 4333 πειθομένους,
3581 4258 3665 4326 οἷς

2106 4352 2171 4411 ἂν
2203 4356 2278 4418 ώς
2308 4357 2505 4426 ἄριστα
2530 4355 2716 4425 γνοίης
2742 4371 2759 4387 ο
2794 4350 2853 4410 οὗ
2882 4357 3050 4426 χωρὶς
3080 4357 3229 4410 οὐδὲν
3261 4356 3377 4409 ἐστι
3406 4354 3665 4422 γενέσθαι

2107 4448 2214 4501 τῶν
2245 4449 2439 4515 ὀνῆσαι
2481 4447 2817 4516 δυναμένων.
2859 4446 3063 4500 Τούτου
3090 4447 3146 4499 δὲ
3179 4445 3437 4515 ἐπιτυχὴς
3469 4444 3537 4497 ἂν
3567 4446 3664 4511 γέ-

2105 4556 2237 4602 νοιο,
2270 4539 2367 4608 οὐχ
2408 4539 2612 4608 ἣκιστα
2641 4538 2741 4608 μὲν
2784 4538 2858 4591 ῶν
2888 4539 3125 4609 χρηστὸς
3168 4539 3264 4591 καὶ
3308 4536 3538 4606 φοϐερὸς
3584 4530 3669 4598 οἷς

2104 4629 2396 4699 προσήκει,
2430 4630 2524 4682 καὶ
2575 4630 2649 4699 μὴ
2694 4630 2755 4681 τὸ
2799 4629 2998 4683 σαυτοῦ
3051 4630 3269 4682 σκοπῶν
3312 4629 3555 4699 ἀκριϐῶς
3609 4629 3667 4680 ὲν

2105 4721 2297 4785 ἅπασι,
2332 4723 2423 4773 καὶ
2460 4722 2617 4784 δίκας
2642 4722 2700 4774 ού
2740 4723 2891 4791 παρὰ
2935 4721 3155 4773 πάντων
3193 4720 3521 4788 λαμϐάνων
3558 4719 3669 4786 pd-

2104 4813 2261 4865 λιστα
2289 4813 2366 4878 δὲ,
2399 4814 2448 4866 εί
2483 4813 2695 4875 πείθεις
2738 4813 2935 4875 αὐτοὺς
2975 4812 3154 4884 ἔργοις
3194 4807 3546 4883 οὺχκῆττονῆ
3580 4808 3670 4861 λό-

2106 4920 2249 4972 γοις,
2280 4905 2355 4966 ὡς
2382 4905 2468 4975 ἄρ’
2504 4904 2727 4957 ἐκείνων
2769 4904 2991 4972 ἄμεινον
3024 4904 3083 4955 τὸ
3116 4902 3342 4955 ἐκείνων
3387 4902 3668 4969 συμφέρον

2107 4996 2412 5048 ἐπίστασαι.
2453 4994 2663 5063 Σαφοῦς
2695 4995 2803 5064 γὰρ
2840 4995 3123 5063 γεγονότος
3173 4994 3404 5057 ἐκείνου,
3439 4992 3514 5055 ώς
3548 5008 3668 5045 πει-

2111 5086 2363 5156 θομένοις
2395 5104 2477 5140 σοι
2534 5087 2887 5156 παραινοῦντι
2919 5087 2977 5140 εὖ
3024 5088 3090 5140 ἂν
3140 5087 3293 5155 σχοίη
3342 5084 3581 5137 τουτοισὶ
3609 5083 3669 5134 τὸ

2112 5179 2423 5242 πεπεῖσθαι,
2455 5180 2657 5249 φθάσαι
2690 5196 2785 5232 σου
2812 5181 2909 5242 τὰς
2940 5179 3289 5248 παραινέσεις
3324 5177 3670 5245 ἐθελήσουσιν

2113 5268 2313 5341 ἔργοις.
2364 5270 2533 5322 Τοῦτο
2589 5271 2813 5339 ίατροῖς,
2863 5269 3022 5322 τοῦτο
3072 5270 3456 5338 κυϐερνήταις,
3510 5265 3671 5321 τοῦτο

2112 5362 2336 5432 ποιμέσι
2364 5342 2544 5415 δίδωσι
2574 5361 2635 5414 to
2660 5364 2753 5415 καὶ
2782 5364 2895 5425 τοῖς
2929 5362 3193 5430 νεύμασιν
3223 5361 3399 5427 ἄγειν.

2834 5628 2960 5682 III".

2185 5715 2292 5783 Ἧς
2345 5720 2440 5781 μὲν
2500 5722 2598 5777 οὐκ
2637 5722 2765 5790 ἐρᾷς
2798 5720 2994 5788 ψυχῆς,
3046 5719 3121 5783 ὡς
3153 5718 3254 5773 ούκ
3308 5716 3521 5779 ἐρώσης
3563 5711 3671 5768 τῶν
