3920 6200
298 328 400 389 373

1247 318 1653 387 PRECEPTA
1696 326 2163 388 EDUCATIONI
2178 330 2217 388 S
2257 328 2408 389 REG
2422 329 2538 389 11E.

3419 326 3529 387 δτι

295 439 497 505 καλῶν,
536 436 743 508 ταύτης
778 438 853 508 μὴ
882 436 1053 508 μιμοῦ
1078 436 1149 491 τὰ
1179 438 1589 509 ἐπιτηδεύματα
1608 459 1622 473 ο
1726 439 1771 491 δ’
1799 434 1859 493 αὖ

1970 441 2113 493 velut
2145 440 2499 495 honestarum
2554 453 2737 493 rerum
2801 437 3022 492 minime
3076 437 3404 493 studiosum.
3464 442 3533 491 At

299 529 557 585 σύνοισθα
599 529 802 597 ἀγαθὰ,
838 529 1009 599 ,τήνδε
1058 529 1247 600 ζήλου.
1282 530 1500 585 Μᾶλλον
1546 531 1623 592 δὲ,
1671 530 1860 599 ὶπειδὴ

300 623 491 693 μηδεὶς
542 622 847 691 ἀνθρώπων
881 621 1032 674 ιστὶν
1080 622 1113 691 ἢ
1171 622 1329 676 πάνθ’
1370 621 1507 690 ὁμοῦ
1558 621 1859 690 τὰγαθά,ἢ

299 712 469 783 μηδέν
497 729 553 765 τι
604 709 967 781 κεκτημένος,
1003 710 1097 765 καὶ
1146 708 1325 762 ἔνεστί
1366 726 1471 761 που
1518 709 1611 761 καὶ
1657 707 1863 776 φαῦλον

294 805 465 871 ἄνδρα
496 802 734 872 χρηστὸν
778 801 934 867 λόγον
982 802 1177 863 εἰπεῖν,
1214 800 1305 852 καὶ
1350 797 1667 852 τούναντίον
1702 796 1861 863 γενέ·

296 897 440 958 σθαι,
470 895 725 961 κρεῖσσον
753 893 962 945 εἰπόντι
1017 891 1184 944 καλὸν
1216 890 1526 959 πεισθῆναι,
1559 888 1664 942 κᾶν
1719 889 1863 942 ἐκεῖο

295 1003 383 1047 νος
409 986 509 1037 οῦκ
537 983 865 1055 ἐργάζηται,
905 984 941 1052 ἢ
974 984 1143 1036 τᾶλλα
1174 984 1274 1051 μὲν
1303 980 1417 1034 ὄντι
1442 979 1685 1051 χρηστῷ,
1720 980 1860 1049 φαῦ·

294 1078 385 1128 λον
440 1077 488 1129 δ’
538 1076 747 1129 εἰπόντι
798 1074 1108 1128 συνθέσθαι.
1164 1074 1349 1127 Κακὸν
1398 1076 1430 1143 ἡ
1478 1073 1594 1143 ἔρις
1657 1074 1752 1126 xui.
1801 1073 1862 1126 τὸ

292 1170 587 1223 ἀντίτυπον
608 1183 623 1200 ’
663 1168 835 1222 κακὸν
867 1166 930 1220 τὸ
968 1168 1137 1220 πᾶσιν
1170 1165 1509 1230 ἀκολουθεῖν,
1540 1167 1633 1219 καὶ
1658 1167 1720 1220 τὸ
1754 1184 1861 1231 μα-

291 1258 583 1311 λάττεσθαι
609 1274 690 1323 τε,
720 1261 818 1313 καὶ
843 1258 1102 1311 ἕλκεσθαι
1126 1255 1218 1310 νοῦ
1261 1258 1577 1326 χαυνότητι.
1617 1259 1710 1310 Ἐκ
1738 1258 1858 1312 δια-

292 1352 497 1419 μέτρου
542 1352 644 1419 μὶν
696 1351 854 1404 ταυτὶ⁵
907 1350 1167 1419 διέχετον,
1218 1349 1391 1419 ἄμφω
1436 1348 1493 1401 δὲ
1542 1349 1691 1419 λύμη
1747 1352 1860 1414 τοῖς

289 1444 676 1512 κεκτημένοις.
717 1444 793 1497 Τὸ
833 1445 880 1497 δ’
911 1446 1083 1499 εἴκειν
1133 1444 1313 1512 λόγοις
1348 1445 1595 1513 ἀγαθοῖς,
1643 1446 1764 1499 ὅθεν
1794 1446 1861 1501 ἄν

290 1553 421 1588 ποτε
454 1538 722 1604 λέγοιντο,
758 1538 919 1591 τοῦτο
951 1538 1009 1590 δὲ
1055 1538 1223 1601 μέσον
1248 1538 1413 1603 ἐστὶν,
1455 1538 1701 1609 ἔντορνον
1739 1539 1861 1592 ὅλον

288 1628 555 1697 ἀκριϐῶς,
597 1629 732 1698 μηδὲ
764 1628 841 1699 τῷ
868 1629 1045 1700 μώμῳ
1080 1628 1252 1699 λαϐὴν
1282 1630 1547 1701 παρέχον.
1580 1630 1724 1699 Πρὸς
1750 1629 1859 1700 γὰρ

286 1721 377 1773 τὸν
405 1723 681 1789 φεύγοντα
726 1722 825 1786 τὰς
854 1724 1164 1792 ἀκρότητας
1200 1723 1325 1792 μηδ’
1364 1721 1431 1775 ἂν
1460 1724 1672 1775 ἐκεῖνον
1703 1718 1857 1791 οἶμαι

1968 532 2126 599 cujus
2150 532 2245 585 tibi
2278 531 2509 585 virtutes
2537 540 2681 584 notas
2708 538 2856 593 sunt,
2901 545 3026 585 eum
3078 535 3360 584 aenmtare.
3417 529 3532 584 [mo

1967 623 2175 692 potius,
2214 636 2337 677 cum
2374 623 2625 676 mortalis
2653 637 2814 676 nemo
2843 622 2935 684 sit,
2983 623 3035 675 in
3074 636 3183 690 quo
3219 621 3300 674 vel
3332 631 3529 675 cuncta

1967 714 2129 767 simul
2160 714 2270 769 sint
2306 714 2464 777 bona,
2502 714 2586 769 vel
2628 714 2854 767 omnino
2881 714 3113 778 nullum,
3146 728 3382 781 cumque
3406 715 3524 766 lieri

1967 805 2165 871 possit,
2192 813 2250 857 ut
2273 804 2356 857 vir
2380 805 2559 860 malus
2594 805 2873 875 egregium
2904 806 3130 859 verbum
3170 804 3437 873 proferat,
3468 820 3532 858 ac

1968 893 2085 948 vice
2116 909 2270 949 versa
2307 912 2320 948 :
2352 903 2575 964 praestat
2602 896 2649 949 ei
2676 910 2890 965 parere,
2926 896 3015 965 qui
3046 896 3173 951 boni
3197 897 3326 964 quid
3347 906 3533 965 protu-

1966 986 2049 1051 lit,
2083 986 2296 1040 tametsi
2332 986 2512 1041 verbis
2542 987 2683 1041 facta
2736 1003 2846 1041 non
2911 988 3311 1056 respondeant,
3365 1003 3528 1057 quam

1970 1077 2176 1131 homini
2207 1078 2501 1146 caeteroqui
2538 1078 2702 1143 bono,
2727 1078 2823 1131 sed
2855 1077 2946 1145 qui
2982 1077 3108 1130 mali
3129 1077 3257 1144 quid
3284 1086 3557 1141 pronunv'

1965 1167 2140 1232 tiavit,
2172 1167 2673 1224 assentiri.Malum
2716 1168 2847 1238 quid
2873 1177 2958 1222 est
2990 1168 3273 1222 contentio
3325 1176 3379 1221 et
3437 1167 3532 1219 ad.

1966 1260 2205 1315 versatio
2238 1277 2252 1314 :
2277 1262 2506 1326 malum,
2539 1275 2732 1317 omnes
2753 1261 2932 1330 sequi,
2950 1260 3113 1326 ﬂecti,
3140 1260 3358 1314 levitate
3378 1274 3533 1312 men-

1968 1348 2037 1403 tis
2071 1348 2294 1417 impelli.
2332 1349 2542 1404 Distant
2568 1350 2681 1404 haec
2716 1350 2935 1419 quidem
2977 1366 3007 1403 a
3056 1364 3115 1404 se
3168 1349 3402 1403 invicem
3467 1362 3533 1399 ex

1966 1440 2275 1509 intervallo,
2315 1442 2407 1496 sed
2444 1443 2607 1496 ambo
2665 1442 2965 1511 perniciem
3028 1441 3267 1495 aﬂ‘erunt
3330 1440 3416 1503 iis,
3479 1439 3530 1491 in

1965 1533 2165 1603 quibus
2190 1521 2480 1590 exsistunt.
2513 1534 2580 1587 At
2610 1533 2952 1588 orationibus
3017 1531 3215 1586 cedere
3268 1531 3449 1593 bonis,
3502 1542 3549 1581 ar

1964 1641 2293 1697 quocunque
2318 1625 2533 1680 tandem
2581 1624 2956 1695 proferantur,
2995 1623 3048 1677 id
3070 1638 3196 1677 vero
3226 1632 3279 1677 et
3309 1622 3531 1693 politis-

1965 1718 2166 1773 simum
2205 1720 2365 1789 plane
2396 1717 2650 1787 quiddam
2698 1726 2801 1780 est,
2834 1730 2898 1771 ac
2953 1730 3021 1770 ne
3068 1714 3250 1769 Momo
3307 1717 3530 1784 quidem

286 1814 689 1882 ἀναισχυντεῖν.
733 1816 840 1867 Καὶ
876 1815 1153 1885 πανταχοῦ
1181 1815 1237 1868 δὲ
1281 1814 1563 1885 χρώμενον
1599 1816 1720 1878 ταῖς
1757 1832 1854 1885 με·

1966 1811 2058 1881 ipsi
2083 1810 2525 1880 reprehensionis
2558 1823 2751 1862 ansam
2780 1807 3003 1876 praebet.
3038 1805 3254 1875 Quippe
3279 1821 3346 1860 ne
3388 1807 3531 1860 hunc

290 1904 501 1973 σότησι,
559 1903 772 1971 φαίνοιο
821 1905 888 1959 ἂν
929 1908 1049 1968 ταῖς
1082 1908 1304 1974 ἀρεταῖς
1354 1906 1655 1978 χρώμενος.
1693 1907 1859 1978 Ὄρος

288 1996 398 2066 γὰρ
423 1996 609 2051 αὐτῶν
648 1998 707 2050 τὸ
736 1997 904 2067 μέσον
928 1998 1105 2066 ἔδοξεν
1137 1995 1301 2055 εἶναι.

1011 2286 1136 2340 ῐ1Δ’.

353 2396 581 2453 Ἠκιστ’
610 2398 677 2452 ἂν
706 2398 998 2471 ἅρμόσειεν
1020 2400 1387 2473 αὐτοκράτορι
1411 2401 1443 2473 ἢ
1474 2401 1692 2472 βουλαῖς
1728 2404 1861 2457 ὕπο-

283 2492 569 2561 τετάχθαι,
594 2492 669 2554 ὡς
693 2491 784 2559 ὑφ’
808 2492 1111 2563 ἁρμοσταῖς
1146 2494 1336 2546 ἑαυτὸν
1369 2495 1634 2561 ποιοῦντι,
1659 2495 1693 2566 ἦ
1718 2512 1860 2548 τισιν

284 2583 592 2651 ἀξιολόγοις
616 2585 939 2655 ἐπιχειρεῖν,
972 2584 1045 2654 μὴ
1078 2586 1260 2647 καλῶς
1293 2585 1734 2657 βεϐουλευμένῳ,
1766 2587 1860 2641 καὶ

285 2675 385 2736 τὰς
418 2674 645 2744 γνώμας
689 2676 867 2744 ἔχοντι
923 2677 1032 2727 τῶν
1076 2677 1398 2744 φιλούντων.
1456 2678 1782 2732 Βουλευτέον
1814 2678 1859 2732 δ’

291 2769 358 2821 ἂν
386 2770 472 2835 εἴη
507 2768 566 2820 τὸ
623 2769 747 2839 μήτ’
798 2768 1058 2821 ἀδύνατον
1102 2768 1288 2831 καλὸν,
1320 2770 1458 2840 μήτε
1491 2770 1714 2839 εὐχερὲς
1761 2771 1858 2839 μὲν

290 2861 626 2930 πραχθῆναι,
654 2861 824 2914 κακὸν
850 2862 925 2925 δὲ,
957 2863 1095 2932 μήτε
1132 2879 1182 2915 τι
1210 2862 1320 2914 τῶν
1350 2850 1668 2924 άναγκαίως
1698 2863 1859 2931 ἐπερ-

286 2953 540 3020 χομένων
561 2968 574 2981 ·
622 2952 741 3005 ἀλλ’
774 2953 801 3004 ὃ
840 2954 1079 3021 σπουδῆς
1111 2954 1202 3006 καὶ
1238 2956 1550 3025 φρονήσεως
1584 2953 1745 3023 ἔργον
1776 2952 1856 3020 δν,

284 3045 474 3111 ὀνήσει
505 3059 566 3109 γε
619 3042 800 3106 καλῶς
838 3042 1111 3113 πραχθέν·
1146 3044 1237 3096 καὶ
1280 3043 1354 3113 μὴ
1388 3042 1650 3113 πραχθὲν,
1682 3042 1715 3113 ἢ
1758 3060 1859 3096 κα-

1962 1900 2179 1971 quidem
2204 1900 2442 1971 arbitror
2468 1899 2814 1969 impudenter
2843 1898 3113 1952 adversus
3160 1897 3312 1949 illum
3343 1910 3529 1966 agere,

1961 1965 2454 2059 quiextremitat'es
2477 1965 2629 2043 vitat.
2668 1987 2910 2057 Denique
2939 1986 2986 2041 si
3034 1986 3213 2041 media
3259 1965 3425 2040 rebus
3478 1987 3532 2042 in

1961 2078 2589 2150 omnibus’amplecteris
2626 2081 2877 2135 virtutes.
2932 2077 3069 2132 Nam
3098 2092 3289 2133 earum
3329 2077 3526 2131 finitio:

1962 2186 2087 2229 nem
2120 2172 2327 2242 placuit
2354 2187 2421 2228 ex
2451 2188 2538 2240 eo,
2563 2174 2708 2243 quod
2760 2172 3000 2227 medium
3038 2171 3131 2238 sit,
3172 2170 3529 2228 constituere.

2607 2285 2890 2341 LXXXIV.

2037 2404 2287 2461 Decuerit
2306 2404 2729 2474 haudquaquam
2756 2402 3163 2471 imperatorem,
3183 2398 3529 2455 vel'consiliis

1958 2500 2155 2553 alienis
2182 2513 2303 2554 esse
2331 2497 2663 2568 subjectum,
2706 2493 2864 2564 quasi
2914 2493 3352 2547 moderatoribus
3407 2506 3531 2546 sese

1961 2588 2392 2652 submittentem,
2415 2586 2499 2641 vel
2520 2584 2755 2655 alicujus
2776 2584 3035 2638 momenti
3063 2598 3151 2637 res
3173 2582 3352 2636 moliri
3378 2584 3529 2651 prius

1960 2694 2121 2749 quam
2156 2688 2303 2733 recte
2333 2677 2744 2741 consultaverit,
2782 2689 3085 2743 eorumque
3143 2674 3468 2736 sententias,
3500 2689 3530 2725 a

1959 2772 2156 2839 quibus
2181 2770 2447 2838 diligitur,
2470 2768 2752 2821 habeat.ln
2782 2766 3241 2821 consultationem
3280 2780 3407 2820 vero
3435 2766 3529 2817 de-

1958 2862 2289 2924 ducendum,
2324 2875 2423 2913 nec
2456 2860 2682 2924 bonum,
2720 2859 2865 2927 quod
2900 2859 3016 2913 tieri
3073 2859 3285 2926 nequit,
3342 2873 3440 2912 nec
3482 2859 3527 2910 si

1960 2950 2085 3021 quid
2119 2950 2311 3005 ell'cctu
2346 2951 2521 3013 facile,
2560 2950 2656 3004 sed
2710 2949 3061 3011 tnalnm,nec
3112 2950 3378 3017 quidquid
3437 2964 3531 3001 ne-

1959 3042 2198 3101 cessario
2223 3050 2437 3096 constat
2488 3049 2807 3095 eventurum
2852 3058 2869 3097 :
2901 3039 2993 3093 sed
3024 3038 3166 3109 quod
3192 3054 3314 3092 cum
3348 3040 3528 3093 studio

286 3135 424 3199 κῶς,
479 3133 685 3202 ζημίαν
729 3136 973 3204 ἐνεγκεῖν
1006 3134 1252 3187 δύναται.
1297 3134 1493 3208 ιςαλῶς
1522 3134 1578 3187 δὲ
1627 3132 1693 3187 ἂν
1737 3132 1853 3186 τότε

1966 3135 2361 3204 prudentiaque
2385 3132 2567 3201 perlici
2604 3132 2804 3201 possit,
2833 3141 2980 3185 recte
3003 3130 3206 3184 factum
3234 3130 3526 3193 conducct,

285 3224 587 3294 πραχθείη,
621 3226 747 3277 ὅταν
779 3221 811 3301 ᾖ
868 3225 987 3293 μεθ’
1019 3223 1232 3278 ἑαυτοῦ
1264 3225 1604 3295 κεκτημένον
1651 3223 1857 3277 τούτων

218 3326 219 3329 ‘
286 3318 350 3385 δὴ
384 3317 493 3369 τῶν
529 3316 759 3404 τελικιὶν
790 3316 1139 3387 καλουμένων
1170 3315 1494 3387 ὀλόκληρον,
1534 3318 1581 3368 εί
1611 3315 1854 3381 δυνατὸν,

284 3413 389 3477 τὴν
435 3409 639 3474 ἐξάδαο
688 3411 736 3462 εί
766 3410 823 3461 δὲ
870 3409 965 3478 μὴ,
1007 3409 1075 3461 τά
1119 3408 1295 3461 πλείω
1338 3407 1564 3471 τούτων,
1603 3407 1635 3476 ἢ
1691 3407 1757 3460 τά
1796 3424 1856 3475 γε

287 3498 528 3567 κρείττω
588 3499 681 3550 καλ⁸
735 3496 1059 3566 τελεώτερα.
1115 3496 1295 3549 Καλὸν
1346 3497 1401 3549 δὲ
1453 3495 1547 3549 καὶ
1603 3496 1710 3564 πρὸ
1756 3495 1858 3563 τῆς

286 3591 483 3660 χρείας
516 3589 904 3659 βουλεύεσθαι·
936 3589 1012 3651 ὡς
1038 3589 1106 3659 ἢν
1130 3587 1323 3658 ἐπείγῃ
1354 3587 1413 3639 τδ
1446 3586 1854 3657 βουλευόμενον,

289 3683 540 3752 ταρπχῆς
587 3682 684 3744 τὰς
717 3680 957 3744 διανοίας
1004 3680 1294 3751 ἐμπιπλῶν
1325 3679 1574 3750 ἐμποδὼν
1620 3676 1750 3730 αὐτὸ
1776 3676 1857 3743 γί-

288 3789 442 3827 νεται
477 3774 543 3843 τῇ
575 3770 751 3839 οἰκεία
778 3767 1086 3841 διορθώσει.

1010 4057 1136 4112 HE'.

374 4174 436 4228 Ὀ
464 4173 716 4243 βασιλεὺς
762 4174 999 4241 ἐννόμως
1042 4172 1173 4236 ζῶν,
1217 4171 1309 4224 καὶ
1338 4171 1523 4240 νόμοις
1552 4172 1701 4237 ἄγων
1733 4173 1858 4231 τοὺς

294 4265 387 4317 ὑπ’
416 4263 602 4328 αὐτὸν,
635 4262 892 4326 καθάπαξ
951 4262 1194 4324 ἐναντίος
1248 4262 1366 4313 ἐστὶ
1411 4263 1523 4322 τοῖς
1575 4263 1859 4330 τυραννεῖν

290 4357 596 4416 ἐθέλουσιν,
627 4356 675 4409 οῖ
721 4356 887 4423 νόμον
916 4353 1269 4423 ἀπαράϐατον
1302 4353 1486 4421 ἔχουσι
1519 4354 1614 4415 τὰς
1649 4354 1858 4406 ἑαυτῶν

289 4449 509 4517 ἡδονάς.
560 4449 830 4500 Ἐοικέναι
862 4448 968 4516 γὰρ
1018 4444 1257 4499 δοκεῖτὸ
1293 4444 1599 4513 βασιλεύειν
1634 4445 1712 4515 τῷ
1759 4462 1855 4497 τυ-

290 4536 534 4608 ραννεῖν.
588 4537 910 4590 Διίστασθον
940 4537 997 4591 δὲ
1033 4536 1299 4606 ἀλλήλων,
1357 4536 1481 4587 ὅσον
1524 4536 1634 4588 οὐδ’
1681 4537 1859 4589 εἰπεῖν

290 4631 544 4697 εὐχερές.
578 4628 669 4697 Τῷ
697 4628 794 4699 μὲν
826 4632 936 4698 γὰρ
978 4629 1226 4697 τυράννῳ
1258 4627 1317 4680 τὺ
1347 4625 1610 4680 δύνασθαι
1646 4628 1707 4679 τδ
1736 4629 1862 4691 τοὺς

291 4722 382 4772 ὑπ’
419 4720 615 4788 ἐκείνῳ
671 4719 900 4787 χαυνοῦν
948 4721 1097 4775 ἐστι·
1134 4720 1240 4771 κᾶν
1280 4719 1435 4787 ἰσχὺν
1483 4719 1761 4789 προσλάϐῃ
1805 4720 1863 4771 τὸ

292 4812 491 4872 κοινὸν,
534 4811 869 4880 ὀνειροπολεῖ
907 4810 1007 4879 τὴν
1033 4808 1197 4863 αὑτοῦ
1230 4812 1553 4879 καθαίρεσιν
1574 4827 1586 4841 ·
1615 4810 1643 4862 δ
1665 4811 1709 4863 δ’
1735 4811 1864 4879 ἀλη-

294 4904 398 4964 θῶς
436 4902 692 4971 βασιλεὺς
723 4904 831 4963 τοῖς
878 4902 1334 4971 ὑποταττομένοις
1368 4903 1415 4954 oi
1456 4902 1709 4971 πλήθεσι,
1759 4918 1863 4956 πα-

293 4994 438 5063 τρὸς,
470 4993 752 5061 ποιμένος,
785 4991 990 5062 ἰατροῦ,
1017 4992 1358 5057 διδασκάλου,
1390 4993 1482 5045 καὶ
1514 4993 1567 5044 ei
1588 5010 1640 5043 τι
1671 4993 1857 5061 σχῆμα

292 5088 515 5138 δύναται
566 5084 783 5147 σώζειν,
824 5086 988 5136 τόπον
1044 5084 1231 5147 σώζων
1276 5084 1561 5152 τυγχάνει.
1606 5085 1860 5152 Νομίζων

293 5179 342 5230 δὲ
369 5182 426 5230 ἐν
457 5176 539 5246 τῷ
570 5176 735 5241 κοινῷ
768 5176 1117 5228 συνίστασθαι
1154 5175 1397 5227 τόκείνου
1438 5177 1737 5245 συμφέρον,
1770 5176 1860 5228 καὶ

296 5270 516 5341 Χριστῷ
547 5268 829 5331 διακονῶν,
866 5270 959 5320 καὶ
992 5268 1325 5336 μιμούμενος
1359 5269 1521 5321 αὐτὸν
1555 5270 1757 5337 μᾶλλον
1784 5269 1859 5339 τῷ

293 5362 561 5414 διακονεῖν
592 5361 626 5429 ἦ
674 5360 749 5429 τῷ
800 5360 1008 5429 ἄρχειν,
1068 5362 1243 5432 χαίρει
1290 5361 1639 5432 βελτιῶντὴν
1686 5361 1861 5432 ἀρχὴν

294 5456 398 5505 τῶν
457 5452 855 5522 βελτιουμένων
902 5450 1146 5521 ἄμεινον.
1202 5452 1333 5523 Εἵης
1385 5470 1475 5523 μοι
1520 5452 1777 5518 τοιοῦτος,
1818 5448 1862 5507 ὦ

296 5546 546 5611 φίλτατε.
1188 5554 1194 5560 ’

1964 3239 2025 3279 ac
2062 3238 2166 3277 non
2195 3225 2393 3276 factum
2417 3225 2497 3277 vel
2520 3222 2719 3277 factum
2749 3222 3305 3285 male,detrimentum
3335 3221 3529 3277 alferre

1964 3317 2178 3385 poterit.
2203 3314 2355 3369 Tunc
2386 3324 2564 3369 autem
2591 3322 2736 3370 recte
2767 3314 2967 3368 factum
2998 3314 3121 3378 erit,
3142 3330 3265 3367 cum
3294 3315 3526 3385 integre,

1965 3406 2009 3460 si
2056 3406 2168 3459 fleri
2211 3407 2432 3475 poterit,
2471 3421 2563 3460 sex
2596 3406 2714 3460 illas
2753 3406 3011 3471 virtutes,
3046 3422 3185 3476 quas
3244 3417 3525 3461 extre-mas

1965 3507 2183 3568 vocant,
2206 3499 2539 3553 continebit:
2561 3499 2645 3553 sin
2682 3507 2888 3563 autem,
2908 3500 2993 3553 vel
3026 3502 3283 3571 majorem
3311 3502 3523 3554 illarum

1964 3600 2194 3659 partem,
2216 3591 2299 3645 vel
2326 3590 2731 3660 praestantiores
2758 3599 2922 3660 atque
2950 3584 3321 3658 perfectiores.
3351 3592 3525 3645 Etiam

1964 3683 2166 3737 bonum
2194 3693 2297 3745 est,
2329 3683 2755 3738 deliberationes
2788 3685 2961 3753 prius,
3012 3700 3177 3754 quam
3236 3684 3307 3737 sit
3360 3699 3522 3751 opus,

1966 3771 2213 3836 institui;
2243 3771 2463 3840 quippe,
2496 3772 2637 3839 quod
2670 3772 2721 3824 in
2774 3774 3233 3828 consultationem
3282 3774 3450 3836 venit,
3478 3774 3524 3827 si

1964 3861 2195 3914 nimium
2245 3871 2450 3929 urgeat,
2486 3862 2887 3929 perturbatione
2952 3871 3163 3917 mentes
3214 3863 3443 3931 implet,
3474 3872 3528 3918 ct

1964 3964 2073 4019 quo
2103 3950 2283 4004 minus
2309 3949 2494 4004 haberi
2530 3951 2826 4005 remedium
2860 3952 3050 4021 possit,
3081 3953 3324 4021 impedit.

2612 4058 2871 4113 LXXXV.

1956 4159 1962 4165 ’
2036 4168 2239 4239 Etipse
2263 4168 2732 4239 secundumleges
2790 4168 3001 4232 vivens,
3050 4178 3104 4225 et
3149 4170 3401 4228 subditos
3457 4188 3557 4229 ex.

1966 4260 2143 4331 legum
2170 4259 2485 4329 praescripto
2511 4259 2817 4329 gubernans
2843 4274 2962 4323 rex,
2993 4262 3154 4330 plane
3179 4263 3434 4320 diversus
3459 4267 3528 4321 ab

1966 4354 2031 4408 iis
2058 4361 2162 4417 est,
2195 4353 2288 4422 qui
2324 4353 2665 4423 tyrannidem
2706 4367 2966 4408 exercere
3025 4355 3215 4409 volunt
3246 4373 3261 4421 ;
3326 4373 3527 4412 unam-

1966 4462 2072 4515 que
2100 4445 2266 4514 legem
2304 4444 2667 4498 inviolabilem
2694 4444 2914 4510 habent,
2941 4460 3073 4501 suas
3107 4447 3366 4502 nimirum
3402 4450 3527 4505 lihi-

1964 4538 2144 4593 dines.
2167 4534 2305 4589 Nam
2336 4536 2581 4605 quzedam
2609 4536 2751 4588 inter
2779 4535 2987 4604 regium
3053 4538 3415 4607 dominatum,
3475 4552 3529 4597 et

1966 4629 2331 4709 tvrannidem,
2358 4644 2478 4685 esse
2516 4628 2811 4683 similitudo
2843 4629 3057 4683 videtur
3084 4647 3097 4685 :
3123 4633 3216 4686 sed
3251 4642 3464 4688 tantum
3498 4651 3527 4689 a

1966 4722 2279 4777 seinvicem
2317 4719 2653 4789 discrepant,
2716 4731 2982 4789 quantum
3017 4736 3084 4775 ne
3131 4723 3364 4779 dicendo
3406 4727 3530 4795 qui-

1966 4813 2086 4867 dem
2114 4811 2375 4881 explicari
2410 4810 2567 4864 facile
2591 4820 2787 4880 potest.
2817 4812 3103 4879 Tyrannus
3140 4817 3193 4870 in
3242 4833 3308 4871 eo
3338 4830 3530 4887 poten-

1970 4904 2096 4956 tiam
2130 4917 2283 4957 suam
2313 4902 2471 4955 sitam
2497 4912 2672 4967 putat.
2703 4904 2749 4957 si
2770 4917 2899 4957 suos
2929 4903 3043 4972 ipse
3078 4906 3329 4962 subditos
3372 4909 3527 4963 debi-

1970 4992 2124 5057 litet;
2164 5009 2227 5047 ac
2255 4993 2299 5048 si
2342 5008 2429 5046 res
2462 4992 2676 5060 publica
2734 4996 2901 5050 robur
2964 4997 3186 5066 aliquod
3255 5002 3523 5069 acquirat,

1969 5084 2307 5138 eversionem
2328 5085 2576 5154 protinus
2604 5086 2718 5154 ipse
2739 5101 2892 5140 suam
2924 5089 3178 5142 somniat.
3235 5090 3404 5145 Verus
3428 5106 3529 5145 au-

1970 5186 2076 5231 tem
2118 5192 2211 5231 rex
2239 5192 2366 5247 erga
2393 5178 2669 5247 subjectos
2698 5179 2802 5232 sibi
2858 5181 3107 5246 populos,
3168 5182 3362 5248 patris,
3430 5198 3529 5251 pa.

1969 5269 2155 5329 storis,
2195 5270 2412 5335 medici,
2443 5271 2705 5333 doctoris,
2739 5280 2789 5324 et
2818 5272 2861 5325 si
2895 5286 3000 5337 qua
3031 5270 3191 5324 saluti
3244 5272 3527 5326 consulere

1968 5374 2196 5429 persona
2238 5368 2433 5429 potest,
2458 5361 2577 5430 ejus
2619 5362 2796 5415 locum
2831 5360 3058 5414 obtinet.
3100 5360 3347 5431 Cumque
3374 5375 3526 5415 com-

1974 5450 2191 5503 modum
2216 5466 2374 5503 suum
2417 5450 2685 5506 contineri
2740 5440 2957 5518 publico
3019 5460 3188 5519 putet,
3239 5460 3294 5506 et
3323 5451 3527 5508 Clll'iSli

1974 5542 2219 5595 minister
2247 5543 2336 5603 sit,
2364 5550 2417 5595 ct
2440 5544 2613 5611 magis
2657 5542 2810 5595 illum
2870 5542 3112 5596 imitetur
3161 5544 3528 5609 inserviendo,

298 5651 458 5705 quam
484 5635 802 5703 imperando
831 5652 845 5691 :
872 5636 992 5707 plus
1040 5638 1337 5706 voluptatis
1386 5638 1556 5707 capit,
1628 5651 1853 5708 regnum
1895 5635 2087 5691 melius
2112 5634 2414 5701 efficiendo,
2455 5649 2617 5704 quam
2657 5635 2756 5703 ilii,
2791 5634 2855 5689 ad
2884 5648 3023 5707 quos
3077 5636 3198 5707 ejus
3268 5638 3346 5694 rei
3406 5636 3526 5692 fru-

305 5737 421 5781 ctus
450 5728 719 5798 pervenit.
748 5726 896 5785 Talis
930 5730 1061 5788 mihi
1090 5733 1186 5795 sis,
1221 5732 1543 5789 charissime
1576 5730 1671 5785 ﬁli.
