3920 6200
404 244 511 304 5'75

1043 364 1324 421 LXXXVI.

473 474 621 531 Veiis
651 476 866 545 quidem
890 478 954 531 ad
999 477 1069 543 id,
1105 495 1213 548 quo
1247 482 1299 534 in
1341 468 1499 537 bonis
1522 491 1824 539 extremum
1853 495 1956 552 est,

401 568 719 635 pervenire;
780 567 877 623 sed
910 568 1078 635 scias,
1107 571 1157 624 id
1213 571 1456 627 studium
1485 574 1539 626 in
1595 590 1782 629 eorum
1836 590 1959 631 esse

400 670 651 719 numero,
684 671 808 726 qua
842 660 1029 727 perﬁci
1069 671 1371 729 nequeunt.
1404 662 1614 719 Interea
1645 681 1712 721 ne
1771 667 1959 723 doleas

396 749 537 812 quod
565 764 818 815 currens,
849 759 1046 805 metam
1079 767 1184 806 non
1218 754 1474 824 attingas.
1506 754 1621 811 Non
1652 758 1794 812 enim
1854 760 1958 815 hoc

396 842 773 903 spectandum,
840 844 988 911 quod
1038 844 1243 899 bonum
1306 847 1375 901 sit
1407 848 1647 915 aliquod,
1672 850 1953 906 hominum

395 934 593 986 virtute
625 934 933 1000 sublimius,
953 937 1045 989 sed
1070 937 1213 1005 quod
1239 938 1306 1002 is,
1334 939 1425 1009 qui
1458 955 1621 995 cursu
1654 941 1719 995 ad
1754 942 1802 995 id
1827 958 1957 997 con-

397 1023 592 1085 tendit,
630 1027 855 1094 propius
889 1043 1103 1096 semper
1129 1030 1366 1085 accedat.
1406 1029 1562 1085 Hunc
1590 1032 1690 1087 sibi
1722 1034 1813 1102 qui
1839 1047 1958 1097 sco-

396 1130 525 1181 pnm
565 1119 777 1181 statuit,
840 1134 1078 1187 eumque
1128 1129 1498 1176 consentanea
1524 1125 1736 1179 ratione
1776 1134 1958 1193 petere

397 1223 503 1260 non
538 1209 972 1279 desinit,sa:pius
1004 1212 1219 1279 quidem
1251 1214 1510 1283 attinget;
1542 1229 1605 1269 ac
1649 1216 1772 1271 licet
1800 1218 1960 1272 aber-

396 1306 498 1361 ret,
550 1298 781 1366 amplius
832 1309 1012 1354 tamen
1081 1302 1286 1371 aliquid
1340 1302 1575 1368 habebit,
1622 1322 1783 1374 quam
1839 1309 1953 1362 alii.

396 1383 529 1437 Nam
556 1386 646 1454 qui
680 1397 881 1441 temere
924 1387 1198 1452 feruntur,
1249 1390 1424 1443 instar
1474 1392 1693 1445 navium
1747 1393 1956 1448 instru-

396 1483 578 1528 mento
607 1490 705 1529 suo
731 1476 1030 1555 carentium
1064 1493 1078 1540 ;
1106 1475 1311 1546 quique
1341 1478 1535 1532 vitiose
1569 1479 1833 1545 viventes,
1864 1479 1956 1534 be-

396 1580 462 1619 ne
492 1568 670 1621 vivere
697 1568 863 1622 videri
898 1568 1110 1630 volunt,
1139 1584 1312 1637 eaque
1345 1585 1405 1624 re
1459 1571 1825 1634 delectantur,
1859 1570 1946 1625 his

1580 257 1974 319 MANUELIS
2009 260 2447 323 PALEOLOGI

1980 381 2029 436 Α

3506 270 3609 333 378

2764 382 2905 452 ne".

2126 486 2258 540 Θέλε
2291 487 2387 555 μὲν
2432 485 2487 551 ις
2523 486 2749 557 ἔσχατον
2779 491 2890 543 τῶν
2936 491 3113 545 καλῶν
3146 491 3340 557 ἐλθεῖν,
3373 490 3612 559 γίνωσκε

2058 577 2113 631 δὲ
2140 578 2396 632 ἀδύνατον
2425 578 2521 647 τῆν
2565 578 2750 649 ἔφεσιν
2779 580 2981 651 ταύτην
3008 576 3174 637 οὖσαν
3196 598 3213 617 ο
3251 583 3344 635 καὶ
3376 582 3452 651 μὴ
3487 583 3619 637 ἀθύ-

2062 688 2174 739 μει,
2217 672 2426 741 τρέχων
2456 672 2573 741 μὲν,
2627 673 2726 725 οὐκ
2778 674 3166 742 ἐφικνούμενος
3207 675 3285 728 δέ.
3313 674 3448 735 Οὐδὲ
3505 675 3617 746 γὰρ

2059 762 2216 815 τοῦτο
2240 762 2320 814 δεῖ
2359 764 2605 827 σκοπεῖν,
2638 763 2720 816 ὅτι
2741 764 2978 831 τάγαθὸν
3006 765 3336 836 ὑψηλότερον
3361 766 3461 835 τῆς
3484 767 3617 834 ἀρε-

2057 851 2157 921 τῆς
2185 852 2293 905 τῶν
2320 851 2621 921 ἀνθρώπων
2647 869 2662 885 ’
2704 853 2819 906 ἀλλ’
2851 856 3044 923 ὅτιπερ
3081 855 3110 907 δ
3145 855 3353 925 τρέχων
3388 855 3463 917 ὡς
3486 856 3619 910 αὐτὸ

2056 944 2336 1012 ἐγγυτέρω
2367 944 2596 1011 γίνεται.
2629 945 2740 998 Καὶ
2780 944 2809 997 δ
2836 944 2993 999 τοῦτο
3024 944 3246 1014 θέμενος
3284 945 3463 1015 ἐαυτῷ
3495 962 3621 1001 σκο-

2059 1032 2182 1097 πὸν,
2212 1034 2307 1085 καὶ
2351 1033 2429 1101 τῷ
2457 1034 2629 1087 εἰκότι
2657 1033 2867 1103 βάλλων
2906 1036 2967 1088 ού
3001 1036 3327 1105 παυόμενος,
3356 1036 3617 1099 πολλάκις

2061 1122 2161 1192 μὲν
2196 1124 2555 1192 ἐπιτεύξεται,
2586 1125 2695 1190 ἕξει
2730 1127 2787 1179 δέ
2840 1144 2892 1181 τι
2940 1128 3104 1181 πλέον
3135 1127 3243 1182 τῶν
3285 1128 3479 1195 ἀλλων,
3512 1128 3620 1181 κᾶν

2059 1216 2340 1287 ἀποτύχτγ
2372 1219 2485 1279 τοῖς
2519 1218 2617 1287 μὲν
2648 1218 2759 1288 γὰρ
2788 1218 2864 1283 ὡς
2908 1220 3067 1290 ἔτυχε
3094 1220 3441 1290 φερομένοις,
3473 1221 3618 1273 κατά

2056 1304 2125 1357 τὰ
2182 1306 2555 1376 ἀνερμάτιστα
2602 1307 2793 1371 πλοῖα,
2850 1308 2945 1361 καὶ
2993 1307 3159 1371 ζῶσιν
3214 1310 3272 1359 ἐν
3320 1306 3620 1378 φαυλότητι

2057 1395 2245 1467 ὥσπερ
2280 1399 2336 1449 ἐν
2374 1394 2725 1468 χρηστότητι,
2760 1401 2858 1454 καὶ
2884 1400 3167 1470 ἡδομένοις
3197 1399 3277 1467 τῷ
3303 1400 3615 1467 πράγματι,

2056 1486 2164 1540 οὐδ’
2200 1488 2257 1539 ἐν
2287 1488 2465 1541 ἐλπίσι
2497 1489 2741 1543 κείσεται
2776 1491 2887 1544 τῶν
2912 1491 3099 1544 κακῶν
3137 1491 3170 1559 ὴ
3204 1488 3511 1560 διόρθωσις.
3556 1488 3618 1541 '0

2056 1575 2113 1628 δὲ
2165 1575 2445 1646 λογισμοῖς
2506 1577 2837 1646 ίθυνόμενος,
2886 1578 2990 1631 κᾶν
3035 1578 3291 1649 ἁμάρτῃ,
3349 1576 3620 1643 ἀνάγκαις

396 1674 463 1712 ne
498 1662 763 1728 speranda
793 1661 1009 1731 quidem
1041 1661 1306 1716 malorum
1332 1662 1661 1716 emendatio.
1690 1661 1792 1726 Qui
1828 1676 1953 1716 vero

2062 1665 2264 1729 πάσαις
2309 1666 2633 1737 αἰσθήσεται
2670 1666 2765 1721 τοῦ
2799 1666 3002 1733 δεινοῦ,
3030 1667 3167 1735 ὅπερ
3205 1664 3348 1735 ἁρχὴ
3398 1661 3623 1736 διορθώ-

397 1751 626 1805 rationis
678 1751 1135 1820 praeceptionibus
1172 1752 1414 1822 ’regitur,
1481 1754 1693 1808 etiamsi
1746 1762 1954 1823 peccet,

396 1842 594 1895 malum
629 1851 806 1895 tamen
847 1842 1022 1910 ipsum
1060 1844 1382 1899 necessario
1415 1845 1633 1910 sentiet,
1699 1845 1754 1899 id
1808 1846 1955 1914 quod

394 1934 793 1989 emendationis
813 1942 897 1987 est
930 1934 1146 1988 initium

1022 2025 1327 2082 LXXXVII.

463 2141 631 2212 Siqui
660 2154 885 2198 mortem
922 2144 973 2198 in
999 2144 1157 2199 bellis
1183 2144 1501 2209 formidant,
1537 2146 1571 2200 ii
1628 2145 1810 2216 fugere
1863 2158 1955 2200 so-

394 2236 540 2301 lent;
568 2246 619 2290 et
650 2236 740 2304 qui
776 2236 1009 2305 fugient,
1045 2239 1218 2307 magis
1256 2239 1478 2305 cadunt,
1501 2254 1663 2309 quam
1697 2238 1792 2309 qui
1814 2252 1959 2294 mor-

394 2335 499 2379 tem
528 2334 965 2389 contemnentes,
1004 2334 1150 2382 stare
1178 2327 1405 2382 malunt.
1448 2329 1542 2381 Est
1600 2328 1746 2383 enim
1812 2327 1957 2398 peri-

390 2415 572 2470 culosa
606 2426 879 2486 tergorum
895 2418 1158 2473 adversus
1203 2434 1399 2475 manus
1426 2434 1627 2488 pugna.
1652 2418 1843 2474 Itidem
1862 2422 1955 2488 qui

390 2508 626 2579 gladium
649 2519 919 2573 metuunt,
952 2511 1021 2564 ab
1075 2525 1142 2565 eo
1164 2512 1550 2578 conficiuntur,
1586 2528 1650 2567 ne
1708 2513 1957 2583 sepultu-

393 2614 463 2652 rae
490 2599 708 2668 quidem
744 2600 1006 2655 honorem
1052 2603 1453 2671 impctrantes:
1528 2612 1582 2657 at
1639 2605 1730 2673 qui
1786 2604 1955 2659 veluti

392 2698 619 2743 mortem
654 2690 949 2759 oppetituri
983 2692 1302 2761 pugnant,ii
1324 2692 1522 2761 saepius
1548 2692 1800 2747 victorias
1834 2692 1952 2747 adi-

390 2781 679 2848 piscentes,
706 2790 758 2835 ct
790 2796 902 2836 rem
930 2793 1181 2850 gerentes
1206 2782 1430 2850 optime,
1465 2797 1571 2836 non
1633 2784 1954 2852 superstites

391 2873 551 2927 modo
584 2882 731 2937 sunt,
763 2889 949 2927 verum
981 2874 1142 2928 etiam
1170 2886 1508 2928 coronantur
1542 2883 1593 2927 et
1637 2875 1953 2943 aequissima

389 2966 605 3034 quidem
630 2974 922 3035 utrumque
946 2965 1173 3020 ratione.
1192 2965 1320 3019 Nam
1340 2965 1404 3019 de
1423 2980 1525 3019 non
1555 2968 1842 3021 metuendo
1868 2965 1950 3031 ﬁt,

2059 1775 2219 1821 σεως.

2771 2032 2895 2088 ΠΖ¹.

2137 2144 2395 2199 Ἐπὶςτῶν
2420 2146 2675 2217 πολέμων
2696 2146 2745 2198 οἰ
2773 2145 3089 2215 φρίττοντες
3110 2142 3203 2196 τὸν
3228 2142 3481 2207 θάνατον,
3506 2142 3616 2195 οἵδε

2056 2235 2319 2304 φεύγουσι
2349 2251 2363 2267 ο
2412 2238 2505 2289 καὶ
2565 2235 2856 2305 φεύγοντές
2909 2251 2973 2302 γε
3019 2234 3310 2287 πίπτουσιν
3368 2233 3515 2303 ἢπερ
3567 2234 3617 2285 oi

2056 2328 2359 2397 ἱστάμενοι,
2380 2326 2849 2396 καταφρονοῦντες
2874 2326 3127 2381 θανάτου.
3149 2324 3307 2394 Δεινὴ
3326 2324 3436 2395 γὰρ
3468 2325 3617 2394 μάχη

2057 2418 2242 2473 νώτων
2272 2421 2409 2488 πρὸς
2440 2420 2650 2487 χεῖρας,
2686 2419 2781 2470 καὶ
2826 2417 3193 2489 ὀρρωδοῦντες
3228 2417 3289 2469 τὸ
3318 2416 3492 2483 ξίφος,
3524 2415 3617 2485 ἔρ-

2053 2526 2151 2578 γον
2189 2508 2379 2562 τούτου
2411 2509 2674 2577 γίνονται,
2718 2508 2854 2577 μηδὲ
2896 2508 3027 2575 γοῦν
3058 2507 3235 2578 ταφῆς
3280 2506 3614 2575 ἀξιούμενοι.

2055 2600 2118 2652 Οἳ
2165 2599 2207 2652 δ’
2259 2599 2333 2661 ὡς
2380 2598 2764 2667 τεθνηξόμενοι
2808 2599 3188 2668 διαμάχονται,
3244 2596 3378 2662 ζῶσί
3427 2614 3488 2649 τε
3523 2598 3617 2649 καὶ

2055 2689 2473 2759 στεφανοῦνται,
2521 2689 2783 2752 πολλάκις
2829 2687 3234 2759 περιγινόμενοι
3277 2705 3336 2742 τε
3365 2688 3461 2740 καὶ
3502 2687 3621 2756 ἀρι-

2056 2784 2339 2847 στεύοντες
2374 2784 2523 2853 μάλα
2560 2800 2623 2851 γε
2653 2783 2874 2845 εἰκότως
2906 2782 3213 2851 ἀμφότερα.
3262 2782 3357 2835 Ἐκ
3383 2780 3483 2849 μὲν
3510 2780 3618 2848 γὰρ

2053 2878 2147 2930 τοῦ
2192 2877 2265 2946 μὴ
2297 2874 2577 2945 φοϐεῖσθαι
2624 2874 2685 2927 τὸ
2720 2874 2998 2939 ἵστασθαι,
3038 2873 3175 2942 μετὰ
3218 2872 3275 2925 δέ
3308 2871 3417 2924 τῶν
3451 2870 3617 2939 βεὸηο

2056 2968 2230 3021 κότων
2258 2968 2290 3036 ἡ
2317 2968 2461 3035 νίκη.
2480 2964 2695 3017 Τούτων
2726 2963 2782 3016 δέ
2817 2964 2864 3015 oi
2897 2964 3149 3031 στέφανοι
3180 2962 3478 3029 γίγνονται.
3510 2960 3617 3011 Καὶ

390 3067 448 3111 ιιι
476 3066 667 3118 stetur,
688 3070 716 3109 a
740 3056 994 3110 stantium
1028 3071 1152 3109 vero
1185 3056 1452 3123 partibus,
1479 3055 1739 3119 victoria;
1775 3059 1951 3108 victo-

2062 3063 2104 3112 εἰ
2130 3061 2241 3121 τοῖς
2275 3026 2531 3126 εὐψύχοις
2560 3055 2740 3120 ταυτὶ,
2774 3056 2933 3125 δῆλον
2973 3026 3054 3107 ὅτι
3084 3026 3342 3107 τάναντία
3370 3053 3481 3114 τοῖς
3507 3049 3617 3103 δει-

394 3161 482 3201 res
516 3156 694 3200 autem
726 3146 946 3199 coronis
968 3147 1273 3213 petiuntur,
1306 3154 1471 3212 atque
1505 3146 1616 3199 haec
1648 3147 1691 3200 si
1718 3146 1953 3200 strenuis

2062 3150 2187 3211 λοῖς.
2240 3150 2300 3201 Εἰ
2346 3149 2401 3201 δὲ
2449 3149 2541 3202 καὶ
2570 3146 2817 3199 πεσεῖταί
2848 3162 2929 3207 τις
2976 3148 3034 3198 ἐν
3060 3145 3137 3214 τῷ
3189 3145 3469 3212 πολεμεῖν,
3522 3141 3621 3193 καὶ

389 3254 443 3291 et
483 3236 744 3290 animosis
796 3236 1143 3302 contingunt,
1177 3236 1382 3289 timidis
1412 3236 1628 3289 evenire
1678 3237 1953 3290 contraria

2062 3239 2273 3309 φεύγων
2304 3239 2462 3301 ἄλλος
2494 3238 2602 3300 σῶς
2640 3239 2901 3307 ἐπανήξει
2932 3254 2945 3268 ’
2973 3235 3088 3289 ἀλλ’
3114 3236 3202 3288 ὅδε
3233 3234 3332 3305 μὲν
3364 3235 3462 3304 τῆς
3496 3232 3619 3302 μετ’

389 3337 566 3396 paret.
599 3326 752 3392 Quod
796 3326 843 3381 si
889 3328 1126 3381 maxime
1153 3328 1277 3396 quis
1326 3328 1487 3381 cadat
1539 3328 1592 3381 in
1652 3342 1853 3397 pugna,
1904 3338 1953 3383 et

2062 3333 2317 3400 αἰσχύνης
2341 3330 2487 3398 ζωῆς
2513 3328 2867 3398 οἰκτείρεται,
2900 3329 3107 3390 ἐκεῖνος
3143 3327 3208 3380 δδ
3228 3326 3498 3397 μακάριος
3521 3323 3617 3376 τοῦ

390 3417 528 3472 alius
563 3417 851 3471 incolumis
876 3425 1200 3481 revertatur,
1237 3427 1415 3471 tamen
1443 3418 1586 3470 hunc
1611 3417 1859 3471 homines
1878 3419 1953 3470 ob

2062 3424 2194 3493 μετὰ
2250 3422 2406 3492 δόξης
2455 3422 2714 3475 θανάτου.
2758 3422 2830 3473 Τὸ
2875 3421 2930 3473 δὲ
2979 3419 3045 3487 δὴ
3098 3418 3373 3487 θαύματος
3421 3418 3618 3484 γέμον,

392 3509 806 3579 ignominiosam
830 3510 992 3562 vitam
1032 3506 1382 3571 miserantur,
1417 3507 1567 3561 illum
1597 3522 1761 3563 causa
1802 3523 1950 3561 mor-

2062 3515 2255 3575 πάντες
2290 3513 2388 3581 μὲν
2433 3512 2579 3565 ίσασι
2614 3511 2769 3565 τάδε·
2804 3509 3050 3578 γίγνεται
3084 3509 3129 3563 δ’
3174 3504 3266 3561 οῦν
3311 3508 3370 3560 τὸ
3418 3506 3619 3567 δεινὸν,

388 3604 461 3657 tis
494 3600 655 3655 obita:
682 3615 804 3654 cum
831 3600 1000 3671 gloria
1030 3600 1248 3654 beatum
1290 3598 1614 3666 praedicant.
1657 3597 1777 3652 Jam
1802 3599 1949 3669 quod

2062 3595 2353 3670 ιῆς’ψυχῆς
2388 3602 2522 3671 ἡμῖν
2571 3601 2876 3670 τραπείσης
2922 3601 3027 3653 ὑπό
3063 3617 3156 3651 του
3209 3597 3621 3666 δεδιττομένου.

389 3692 619 3765 prodigii
659 3696 811 3762 quasi
838 3687 1055 3761 plenum
1079 3700 1182 3754 est,
1218 3700 1418 3745 norunt
1446 3694 1557 3745 haec
1578 3690 1797 3759 quidem
1836 3705 1953 3744 om-

2062 3691 2219 3744 ’Δλλὰ
2247 3694 2327 3743 σοὶ
2376 3691 2450 3761 μὴ
2486 3692 2787 3761 προπεπῶς
2843 3692 2977 3761 μηδέ
3010 3690 3209 3751 ἀδίκως
3255 3688 3513 3757 ἀραμένῳ
3544 3687 3621 3738 τὰ

389 3801 509 3847 nes,
541 3795 594 3839 et
626 3786 824 3839 malum
861 3795 1038 3839 tamen
1073 3784 1397 3847 admittitur,
1463 3782 1747 3836 conversis
1806 3781 1953 3835 velut

2062 3782 2211 3845 ὅπλα,
2248 3783 2274 3833 ὁ
2310 3780 2427 3850 μετ’
2460 3781 2711 3842 εὐκλείας
2761 3779 2993 3843 θάνατος
3041 3778 3399 3850 προτιμᾶσθω
3439 3779 3471 3846 ἢ
3501 3779 3620 3837 τοῖς

391 3878 445 3930 in
474 3876 654 3948 fugam
694 3878 893 3932 animis
920 3877 988 3931 ab
1022 3876 1202 3944 aliqua
1241 3890 1300 3930 re
1324 3873 1628 3929 territante.
1664 3872 1785 3927 Tibi
1821 3887 1952 3927 vero

2062 3873 2333 3943 πολεμίοις
2368 3872 2776 3943 παραχωρῆσαι
2812 3871 3104 3943 θριάμϐου.

391 3987 492 4028 nec
518 3984 722 4026 temere
746 3984 842 4025 nec
871 3969 1074 4039 injuste
1104 3983 1253 4023 arma
1323 3967 1583 4036 capienti,
1634 3964 1816 4033 potior
1855 3964 2147 4034 conjuncta
2222 3980 2346 4020 cum
2406 3965 2575 4034 gloria
2633 3978 2782 4018 mors
2845 3972 2983 4031 esto,
3028 3978 3191 4033 quam
3245 3975 3304 4020 ut
3362 3962 3620 4017 hostibus

392 4063 728 4133 triumphum
748 4062 823 4115 de
852 4068 903 4114 te
930 4060 1225 4115 concedas.

1009 4175 1340 4234 LXXXVIII.

464 4301 685 4355 Minime
707 4299 812 4353 hoc
841 4296 936 4351 tibi
967 4302 1249 4363 tantopere
1275 4294 1633 4361 spectandum
1654 4304 1721 4343 ne
1739 4289 1948 4344 viribus

2770 4167 2901 4221 IIH'.

2132 4284 2240 4351 Οὐχ
2271 4281 2412 4335 οὕτω
2451 4298 2532 4332 σοι
2560 4280 2826 4351 προσήκει
2870 4282 3112 4345 σκοπεῖν,
3144 4281 3291 4343 ὅπως
3322 4280 3397 4351 μὴ
3436 4280 3618 4348 γένοιο

393 4391 827 4448 adversariorum
854 4386 1209 4448 succumbas,
1236 4393 1398 4453 atque
1428 4399 1495 4438 ne
1527 4384 1594 4436 ab
1646 4383 1731 4447 iis,
1761 4380 1851 4450 qui
1899 4387 1951 4434 te

2062 4374 2168 4428 τῶν
2210 4373 2728 4443 ἀνταγωνιζομένων
2771 4374 3027 4447 ἐλάττων,
3068 4374 3255 4442 ῶσπερ
3286 4376 3361 4442 μὴ
3414 4374 3520 4427 τῶν
3552 4392 3616 4427 σε

391 4491 594 4548 amant,
630 4482 684 4535 in
709 4480 803 4535 illo
830 4480 1091 4548 praeclaro
1114 4476 1423 4530 dilectionis
1456 4472 1760 4528 certamine
1784 4486 1949 4541 supe-

393 4576 551 4631 reris.
592 4574 744 4627 Licet
776 4570 1204 4632 hostishostem,
1249 4568 1376 4621 licet
1420 4565 1766 4620 adversarius
1817 4564 1951 4618 alte-

393 4683 510 4722 rum
540 4664 919 4735 prostraverit,
947 4660 1102 4715 multi
1140 4667 1322 4713 tamen
1378 4656 1609 4711 fortuna:
1657 4654 1947 4709 victoriam

393 4766 671 4825 acceptam
706 4755 902 4809 ferent.
928 4755 996 4807 At
1024 4753 1124 4816 illi,
1146 4753 1238 4821 qui
1264 4751 1332 4805 ab
1362 4748 1674 4804 amantibus
1715 4745 1950 4800 amando

391 4849 651 4910 vincitur,
682 4862 753 4902 ne
786 4845 1007 4915 quidem
1034 4860 1175 4899 unus
1208 4843 1475 4913 ignoverit
1502 4855 1715 4904 eorum,
1756 4838 1847 4908 qui
1871 4852 1954 4891 re—

392 4949 477 4994 cte
496 4939 727 5008 diligere
752 4946 975 4992 norunt.
1006 4934 1370 5001 Quamobrem
1418 4941 1574 5002 turpe
1609 4931 1827 5002 quidem
1853 4930 1952 4983 h0-

393 5031 593 5094 stibus,
643 5029 736 5084 sed
796 5028 1034 5098 turpius,
1082 5026 1392 5081 amantibus
1448 5024 1765 5078 inferiorem
1807 5036 1948 5077 esse.

392 5121 650 5177 Omnium
687 5135 817 5174 vero
850 5118 1221 5188 turpissimum
1248 5132 1368 5171 esse
1398 5116 1634 5178 videtur,
1660 5114 1774 5169 leve
1794 5113 1953 5182 quid-

392 5214 518 5263 dam
553 5220 743 5279 putare
774 5209 999 5263 liberos.
1062 5205 1255 5260 Studio
1315 5204 1670 5258 laudabilium
1728 5217 1950 5272 operum

392 5303 553 5371 longo
579 5309 835 5370 parentes
867 5315 932 5353 ex
962 5299 1246 5352 intervallo
1271 5305 1589 5366 sequantur.
1624 5293 1689 5346 Et
1712 5307 1951 5361 quonam

391 5402 550 5456 pacto
570 5389 692 5459 quis
724 5389 880 5443 aliter
912 5388 977 5441 de
1005 5388 1084 5441 eis
1110 5393 1336 5449 statuat,
1372 5385 1441 5449 si,
1472 5400 1595 5439 cum
1620 5382 1760 5437 ferre
1794 5382 1951 5435 liberi

396 5488 687 5549 nequeant,
703 5481 834 5549 quin
863 5479 1171 5533 haereditate
1193 5477 1459 5545 majorum
1480 5489 1703 5531 suorum
1726 5472 1952 5527 faculta-

395 5579 474 5621 tes
494 5569 776 5623 universas
794 5568 1011 5630 adeant,
1028 5569 1279 5621 virtutem
1301 5582 1488 5622 eorum
1507 5566 1661 5637 quasi
1681 5564 1953 5635 piaculum

395 5660 664 5725 quoddam
689 5659 1017 5725 reiecerint?
1041 5658 1217 5715 [labes
1242 5669 1347 5713 tam
1374 5676 1399 5712 a
1432 5670 1599 5727 patre,
1618 5672 1777 5727 quam
1799 5672 1826 5710 a
1849 5672 1955 5710 ma-

2055 4466 2353 4536 φιλούντων
2383 4464 2774 4534 ἀπολειφθῆναι
2808 4465 2943 4535 πρὸς
2980 4466 3079 4537 τὴν
3113 4465 3321 4535 ἀγαθὴν
3350 4466 3452 4530 τῆς
3478 4466 3620 4533 ἀγά-

2054 4574 2164 4626 πης
2197 4555 2463 4625 ἅμιλλαν·
2502 4554 2606 4607 κᾶν
2646 4553 2903 4623 πολέμιος
2933 4554 3124 4624 ἐχθρὸν
3150 4555 3476 4624 κατενέγκῃ,
3511 4555 3618 4607 κᾶν

2054 4648 2344 4710 ἀντίπαλος
2393 4647 2603 4714 ἕτερον,
2654 4646 2839 4698 πολλοί
2884 4649 2949 4717 τῇ
2982 4646 3120 4717 τύχῃ
3155 4646 3460 4713 λογιοῦνται
3514 4646 3615 4712 τὴν

2056 4736 2232 4807 νίκην.
2267 4736 2597 4805 Ἠττωμένῳ
2618 4736 2674 4788 δέ
2701 4735 2997 4803 φιλούντων
3020 4736 3130 4789 οὐδ’
3155 4737 3221 4789 ἂν
3243 4731 3323 4798 εἷς
3349 4737 3614 4806 συγγνοίη

2052 4829 2163 4881 τῶν
2209 4830 2382 4896 φιλεῖν
2431 4828 2841 4898 ἐπισταμένων
2891 4827 3020 4881 ὥστ’
3066 4829 3289 4898 αἰσχρὸν
3348 4828 3447 4898 μὲν
3508 4829 3616 4881 τῶν

2055 4922 2288 4991 ἐχθρῶν,
2338 4922 2551 4991 αἴσχιον
2582 4920 2639 4974 δι
2677 4920 2784 4972 τῶν
2828 4920 3125 4988 φιλούντων
3167 4921 3316 4991 ἥττω
3354 4922 3611 4992 φανῆναι.

2055 5019 2212 5069 Δοκεῖ
2238 5016 2295 5068 δὲ
2350 5015 2649 5084 αἴσχιστον.
2680 5013 2896 5066 πάντων
2944 5012 3148 5080 κοῦφον
3202 5013 3456 5083 ἡγεῖσθαι
3487 5014 3614 5075 τοὺς

2058 5107 2254 5169 παῖδας
2286 5107 2518 5159 κατόπιν
2551 5106 2686 5158 ἰέναι
2712 5106 2913 5174 γονέων
2942 5104 3021 5166 είς
3046 5104 3145 5173 τὴν
3166 5104 3275 5157 τῶν
3308 5103 3615 5157 σπουδαίων

2056 5198 2232 5267 ἔργων
2288 5198 2623 5264 ἐπιμέλειαν.
2660 5197 2767 5248 Καὶ
2805 5197 2920 5258 πῶς
2968 5212 3052 5257 τις
3100 5194 3274 5257 ἄλλως
3318 5196 3533 5265 κρινεῖ;
3564 5195 3612 5246 εἰ

2056 5290 2163 5342 τῶν
2202 5288 2410 5341 ἑαυτῶν
2448 5290 2546 5358 μὲν
2601 5288 2882 5356 προγόνων
2925 5288 2974 5341 οἰ
3013 5285 3203 5347 παῖδες
3237 5286 3337 5337 ούκ
3384 5284 3451 5337 ἂν
3483 5285 3613 5337 ἀνά-

2058 5397 2269 5450 σχοιντο
2306 5382 2382 5451 μὴ
2425 5381 2604 5450 πάσης
2634 5381 2733 5450 τῆς
2774 5380 2963 5443 οὐσίας
3008 5380 3389 5449 κληρονομεῖν,
3430 5376 3529 5443 τὴν
3556 5376 3611 5427 δὲ

2056 5474 2283 5526 ἐκείνων
2313 5472 2513 5543 ἀρετὴν
2543 5473 2615 5534 ὼς
2654 5472 2787 5539 ἄγος
2828 5470 3193 5541 ἀπορρίψαιεν
3220 5487 3235 5536 ;
3273 5467 3455 5537 Ἔχεις
3482 5466 3613 5519 πολε

2057 5564 2180 5626 λοὺς
2227 5567 2321 5615 καὶ
2369 5565 2504 5635 πρὸς
2536 5564 2762 5633 πατρὸς,
2800 5562 2896 5615 καὶ
2943 5562 3076 5631 πρὸς
3120 5560 3325 5631 μητρὸς
3372 5557 3610 5626 ἀγαθοὺς

2059 5657 2375 5725 προγόνους.
2407 5656 2559 5709 Ἔστι
2598 5671 2681 5709 σοι
2717 5656 2877 5725 φύστς
2909 5654 3084 5724 ἀγαθὴ
3120 5653 3269 5722 παρὰ
3303 5650 3438 5705 Θεοῦ
3467 5649 3607 5701 δεδοο
