3920 6200
298 279 395 342 377

1244 280 1658 345 PRIECEPTA
1696 278 2220 342 EDUCATIONIS
2254 280 2530 343 BEGI/E.

3404 279 3514 341 378

300 394 459 462 μένη.
495 392 741 447 Εὐλαϐοῦ
790 392 956 462 φύσιν
996 394 1207 467 ἀγαθὴν
1246 397 1624 469 καταισχῦναι,
1665 398 1745 466 τῷ
1780 396 1855 467 μὴ

1962 403 2063 458 tre,
2100 394 2302 448 multos
2350 392 2601 463 egregios
2631 407 2798 457 avos;
2828 391 3001 448 habes
3035 391 3267 447 indolem
3294 392 3518 455 bonam,

295 484 493 557 ζηλοῦν
516 486 640 550 τοὺς
679 488 918 556 ἀγαθοὺς
950 489 1056 543 τῶν
1083 490 1381 561 προγόνων.

1016 670 1141 724 ΠΘ¹.

358 768 599 836 Σημεῖον
635 765 895 835 στρατιᾶς
924 764 1123 833 κακῆς,
1148 764 1244 817 καὶ
1271 763 1499 833 φεύγειν
1528 763 1695 835 οῦσης
1721 765 1859 820 έτοί-

294 875 419 928 μου,
470 858 533 910 τὸ
574 856 889 927 μεθημέραν
937 856 1159 918 ἑαυτοὺς
1201 857 1582 926 ἀφανίζοντας,
1638 857 1857 929 νύκτωρ

294 948 625 1017 ἐπιφύισθαι
653 950 769 1010 τοῖς
816 946 1049 1017 ἐχθροῖς.
1084 947 1239 1016 Μήτε
1289 946 1420 1016 γοῦν
1463 946 1626 1010 αύτδς
1654 949 1858 1013 τνυκτὸς

292 1040 383 1092 ἐπὶ
408 1041 538 1103 τοὺς
579 1040 807 1110 ἐχθροὺς
841 1040 1145 1110 ἑκδράμῃς,
1172 1039 1239 1109 ἢν
1288 1041 1361 1111 μὴ
1400 1041 1703 1111 κατεπείγῃ
1732 1042 1858 1111 χρό-

290 1149 399 1195 νος,
426 1134 524 1185 καὶ
547 1132 608 1185 τὸ
632 1133 848 1200 νικῆσαι
879 1133 1148 1202 πρόδηλον
1172 1131 1228 1205 ᾖ,
1258 1133 1291 1201 ἢ
1320 1133 1414 1186 καὶ
1437 1133 1626 1204 ἓτερον
1655 1135 1853 1199 εἰπεῖν,

290 1221 357 1289 ἦν
393 1219 521 1289 μηδ’
552 1222 611 1273 ἐν
639 1220 823 1273 ἐλπίσι
852 1222 1051 1290 κέηται
1079 1220 1140 1275 τὸ
1166 1223 1440 1293 κρατῆσαι
1468 1224 1739 1292 φανερῶς,
1762 1225 1856 1278 καὶ

288 1312 350 1363 τὸ
399 1312 796 1380 ἐπιτεταμένον
834 1312 933 1382 τῆς
984 1313 1165 1383 μάχης
1217 1313 1413 1385 ἀπειλῇ
1474 1331 1556 1367 σοι
1601 1314 1852 1369 θάνατον.

289 1402 442 1471 Mirr:
481 1402 589 1471 μὴν
635 1403 744 1456 τῶν
795 1403 1055 1457 ἐναντίων
1089 1404 1279 1467 νυκτὸς
1330 1404 1712 1473 ἐφαλλομένων
1763 1405 1857 1458 ἐκ-

1959 483 2223 539 diviuitus
2252 484 2347 538 tibi
2371 499 2687 539 concessam
2720 498 2903 548 :eave,
2924 484 3237 553 praeclaram
3258 484 3522 548 indolem,

1958 576 2250 646 praeclaros
2276 588 2408 630 avos
2435 574 2579 629 haud
2607 575 2935 641 aemulando,
2964 575 3446 632 dehonestaveris.

2583 664 2871 719 LXXXIX.

2029 754 2266 810 Omnino
2296 756 2510 825 signum
2540 763 2625 812 est
2652 757 2926 812 exercitus
2982 757 3186 826 ignavi,
3236 764 3291 812 et
3314 756 3380 811 ad
3438 755 3525 810 fu-

1959 847 2213 918 giendum
2246 849 2443 917 parati,
2476 849 2520 903 si
2575 849 2787 917 seipsos
2852 849 3092 903 interdiu
3150 850 3519 913 occultantes,

1961 947 2123 993 noctu
2158 940 2340 994 hostes
2362 939 2701 994 adoriantur.
2744 938 2854 994 Nec
2882 940 3048 1009 igitur
3101 940 3216 1009 ipse
3246 950 3407 995 noctu
3460 942 3514 995 in

1959 1030 2146 1085 hostes
2178 1032 2538 1099 procurreris,
2581 1032 2685 1087 nisi
2711 1040 2925 1098 tempus
2957 1040 3168 1101 urgeat,
3191 1040 3245 1086 et
3291 1032 3523 1087 victoria

1960 1130 2012 1176 te
2038 1121 2336 1190 potiturum
2367 1122 2645 1177 evidenter
2676 1132 2970 1192 appareat;
3005 1122 3110 1187 vel,
3144 1133 3204 1176 ut
3233 1122 3389 1176 aliter
3442 1122 3524 1176 lo-

1957 1226 2117 1282 quar,
2152 1212 2197 1268 si
2223 1227 2325 1268 nec
2347 1213 2615 1281 speranda
2646 1214 2718 1269 sit
2770 1224 2959 1284 aperto
2982 1214 3153 1269 Marte
3176 1215 3427 1277 victoria,
3471 1222 3526 1268 et

1959 1318 2153 1373 pugna:
2186 1303 2483 1359 vehemens
2518 1305 2752 1375 impetus
2804 1315 3032 1360 mortem
3104 1307 3203 1361 tibi
3264 1307 3521 1369 minetur,

1946 1407 2059 1449 nec
2082 1394 2410 1449 adversariis
2433 1405 2598 1450 noctu
2631 1405 2682 1451 te
2712 1397 3122 1459 invadentibus,
3179 1398 3364 1451 animo
3395 1412 3522 1465 per-

290 1493 557 1561 πλήττου.
582 1493 769 1565 Σκότῳ
796 1493 925 1564 γάρ,
949 1494 1043 1547 καὶ
1060 1493 1240 1563 ψόφῳ,
1264 1496 1357 1547 καὶ
1380 1497 1585 1563 φωναῖς
1611 1495 1855 1559 ἐλπίζον-

1962 1488 2216 1544 turberis.
2250 1488 2383 1542 Nam
2417 1489 2543 1557 quia
2576 1490 2831 1556 tenebris,
2857 1500 2911 1545 et
2942 1492 3199 1560 Strepitu,
3223 1498 3281 1545 et
3317 1488 3523 1543 clamo-

288 1599 379 1645 τες
414 1582 660 1652 τρέψειν,
691 1583 753 1635 ού
790 1585 1134 1652 γενναιότητι
1162 1584 1366 1655 ψυχῆς,
1413 1585 1532 1639 ούδέ
1563 1584 1855 1657 καρτερίᾳ,

1962 1579 2133 1643 ribus,
2166 1594 2270 1633 non
2306 1579 2474 1634 animi
2511 1582 2852 1645 strenuitate,
2880 1596 2980 1636 nec
3005 1582 3251 1636 laborum
3284 1581 3522 1635 toleran-

290 1673 513 1728 ἐπειδὰν
532 1675 716 1736 αὐτοῖς
736 1675 798 1728 ού
823 1674 943 1729 κατ’
965 1675 1188 1739 ἐλπίδας
1209 1679 1433 1749 χωρήσῃ
1454 1678 1746 1748 τούγχείρη
1758 1695 1851 1746 μα,

1962 1669 2052 1732 tia,
2088 1684 2146 1725 se
2180 1677 2307 1724 tuos
2347 1670 2400 1723 in
2441 1670 2622 1739 fugam
2657 1680 2877 1726 acturos
2928 1680 3185 1741 sperant,
3222 1685 3348 1726 cum
3400 1671 3516 1739 pri-

293 1762 523 1832 μηδενὸς
569 1762 856 1827 διώκοντος
911 1765 1057 1833 μάλα
1100 1766 1382 1835 φεύγουσι.
1430 1770 1523 1821 Δεῖ
1551 1768 1608 1823 δὲ
1660 1769 1790 1831 πᾶν,
1826 1768 1854 1821 ὃ

1962 1775 2104 1814 mum
2127 1774 2224 1829 pro
2245 1776 2339 1830 spe
2357 1769 2620 1830 concepta
2649 1772 2874 1818 conatus
2906 1763 3009 1817 iste
3033 1778 3141 1817 non
3163 1761 3518 1824 successerit,

292 1854 477 1907 δίδωσι
531 1855 992 1924 περιγενήσεσθαι
1037 1857 1363 1928 προσδοκᾷν,
1416 1858 1498 1921 είς
1542 1859 1854 1929 τούμφανές

1962 1851 2249 1905 admodum
2275 1838 2639 1920 persequente
2664 1854 2884 1909 nemine
2925 1854 3166 1922 fugiunt.
3196 1854 3374 1909 Debes
3424 1868 3523 1910 au-

290 1945 448 2012 ἇγειν
501 1950 564 2015 τῇ
604 1949 851 2018 στρατιᾷ,
894 1948 1040 2011 ὅπως
1074 1949 1138 2001 ἀν
1188 1964 1269 2001 σοι
1323 1948 1709 2011 κοινωνοῦντες
1754 1950 1854 2019 τῆς

1962 1952 2064 1997 tem
2098 1943 2365 2013 quidquid
2380 1944 2624 1998 victorize
2651 1959 2804 2014 spem
2826 1945 2925 1999 tibi
2958 1946 3262 2013 pollicetur,
3297 1945 3367 1999 ob
3398 1959 3521 1999 ocu-

288 2038 471 2107 δόξης,
528 2039 846 2110 ἀδεέστερον
880 2042 975 2095 καὶ
1013 2040 1108 2095 τοῦ
1156 2040 1393 2112 πολέμου
1439 2042 1851 2110 κοινωνήσαιεν.

1962 2034 2039 2089 los
2070 2035 2333 2089 exercitui
2369 2051 2593 2104 ponere,
2624 2044 2683 2091 ut
2715 2036 2768 2090 in
2788 2038 3101 2107 Opinionem
3140 2046 3288 2091 tuam
3313 2045 3545 2110 pertrao,

288 2132 365 2186 Ού
416 2132 579 2200 μόνον
632 2133 741 2203 γὰρ
776 2135 835 2187 τὸ
871 2136 1087 2204 ίσχυρδν
1132 2138 1226 2187 καὶ
1260 2133 1489 2204 φοϐερὸν
1532 2133 1654 2188 καθ’
1700 2135 1852 2199 αὐτὸ,

1962 2128 2050 2192 cti,
2082 2130 2390 2198 promptius
2424 2130 2477 2183 in
2507 2130 2819 2185 societatem
2842 2145 3033 2200 pugnae
3049 2131 3289 2185 veniant.
3311 2129 3525 2199 Quippe

288 2223 426 2277 ἀλλά
452 2224 518 2294 δὴ
548 2225 643 2279 καὶ
692 2227 751 2278 τὸ
793 2225 983 2279 δοκοῦν
1020 2226 1278 2296 βλάπτειν
1316 2226 1497 2280 εἴωθε.
1551 2228 1632 2280 Τὰ
1673 2227 1853 2297 πλήθη

1962 2232 2061 2271 non
2093 2226 2304 2274 tantum
2339 2220 2411 2284 id,
2440 2220 2585 2289 quod
2616 2236 2808 2290 reapse
2838 2223 3076 2276 validum
3108 2232 3211 2287 est,
3240 2237 3303 2275 ac
3334 2222 3523 2278 formi-

288 2318 397 2387 γὰρ
424 2320 505 2383 είς
533 2318 690 2386 δόξαν
722 2318 927 2391 μᾶλλον
957 2319 989 2390 ἢ
1018 2320 1248 2391 τάληθὲς
1274 2319 1600 2374 ἀποϐλέπει.

348 2646 546 2732 Ἐίδότι
601 2677 667 2732 ἀν
710 2693 817 2737 που
862 2591 1102 2748 λέγοιμιλ.
1154 2676 1337 2743 ’ἰξεύει
1378 2678 1477 2747 μὲν
1527 2679 1554 2731 ὁ
1585 2676 1854 2748 θηρευτὴς

282 2768 496 2832 αἰετὸν,
556 2767 669 2822 ἀλλ’
720 2769 1047 2838 ἀπροόπτως
1096 2767 1418 2838 ποιούμενον
1465 2767 1563 2831 τὰς
1614 2769 1693 2829 είς
1730 2766 1855 2829 τοὺς

284 2859 563 2928 πτόρθους
597 2862 949 2926 καταγωγὰς.
989 2860 1099 2913 Καὶ
1131 2858 1271 2911 λέων
1310 2858 1408 2927 μὲν
1437 2857 1715 2911 ἁλίσκεται
1747 2856 1853 2909 πά-

282 2967 439 3018 γαις,
463 2950 583 3002 ἀλλ’
614 2951 962 3019 ἀπρονοήτως
990 2950 1241 3018 βαδίζων.
1274 2951 1571 3021 Κορυδαλοὶ
1597 2950 1652 3003 δὲ
1674 2950 1856 3019 πάγης

1955 2309 2155 2374 dabile,
2192 2327 2378 2365 verum
2399 2313 2562 2365 etiam
2594 2313 2739 2382 quod
2772 2328 2895 2368 esse
2922 2315 3158 2376 videtur,
3215 2328 3413 2367 nocere
3434 2329 3525 2369 so-

1955 2400 2050 2455 let.
2086 2401 2222 2456 Nam
2264 2402 2457 2472 vulgus
2489 2404 2768 2461 hominum
2802 2406 2972 2475 magis
3016 2404 3329 2475 opinionem
3357 2420 3520 2475 quam

1960 2493 2244 2550 veritatem
2279 2504 2511 2567 spectat.

2696 2584 2809 2641 XC.

2027 2682 2215 2738 Dicam
2242 2680 2450 2750 aliquid
2478 2680 2893 2736 non'nescieuti.
2929 2679 3091 2734 Visco
3115 2678 3335 2748 quidem
3371 2679 3525 2749 aqui-
3554 2687 3561 2693 ‘

1955 2775 2060 2829 1am
2100 2782 2323 2827 venator
2351 2773 2517 2841 capit,
2541 2775 2635 2828 sed
2657 2773 3025 2842 imprudenter
3044 2772 3098 2826 in
3127 2773 3380 2826 arborum
3402 2786 3527 2827 sese

1956 2878 2139 2918 ramos
2162 2861 2556 2918 demittentem.
2579 2862 2765 2916 Itidem
2787 2863 2871 2916 leo
2893 2860 3147 2931 indagine
3171 2862 3407 2930 capitur,
3428 2862 3525 2917 sed

1959 2965 2162 3010 temere
2204 2952 2580 3023 progrediens.
2617 2952 2871 3007 Galeritae
2918 2966 3048 3006 vero
3093 2953 3367 3006 tendicula
3401 2952 3524 3022 capi

283 3041 560 3109 ἀνώτεροι
586 3042 660 3103 ὡς
686 3041 1094 3096 ἐπιτοπλεῐστόν
1123 3044 1282 3107 είσιν,
1323 3043 1398 3105 ὼς
1439 3042 1512 3112 μὴ
1545 3042 1853 3113 προπετῶς,

1962 3048 2278 3118 plerumque
2318 3054 2615 3113 nequeunt,
2639 3045 2785 3115 q'uod
2821 3061 2924 3100 non
2968 3054 3174 3100 temere
3212 3060 3311 3099 nec
3364 3044 3526 3099 avide

286 3132 434 3201 μηδέ
466 3130 662 3200 λίχνως
699 3132 810 3183 τῶν
836 3132 916 3193 είς
946 3130 1156 3204 τροφὴν
1190 3133 1651 3202 προκαλουμένων
1688 3131 1858 3185 ἀπτό-

285 3240 471 3293 μενοι.
522 3223 585 3274 Ἢ
609 3222 665 3274 δὲ
697 3222 898 3292 δορκέκ
946 3223 1130 3292 ἔργοις
1175 3224 1359 3286 αὐτοῖς
1392 3224 1701 3277 συνιστῶσα
1738 3220 1859 3275 τοῦ·

280 3333 460 3386 νομα,
488 3314 703 3385 βρόχοις
733 3316 835 3368 ούκ
864 3316 1135 3379 εὐάλωτος
1163 3318 1429 3385 γίγνεται.
1461 3317 1571 3370 Καὶ
1597 3316 1767 3368 πολλά
1794 3330 1853 3381 γε

279 3409 460 3478 ῑτερα
492 3406 669 3475 πολλῷ
714 3407 922 3459 τούτων
968 3408 1296 3477 φαυλότερα,
1348 3408 1518 3477 σοφὴν
1550 3406 1857 3460 ἐπιδεικνύ-

282 3517 434 3571 μενα
468 3498 696 3562 δίαιταν,
730 3498 840 3551 τῶν
869 3499 1326 3553 ἐπιϐουλευόντων
1366 3500 1660 3571 καταγελᾷ.
1691 3499 1856 3549 Ὥστε

277 3596 404 3654 τοῖς
438 3591 751 3661 ἀνθρώποις
781 3592 1111 3662 προσέχουσι
1142 3593 1343 3661 μᾶλλον
1367 3593 1475 3645 τῶν
1508 3592 1713 3662 θηρίων
1744 3590 1861 3656 ἐξέ-

281 3701 415 3738 σται
447 3684 739 3745 ἐπιϐουλὰς
765 3683 1070 3753 διαδρᾶναι.
1102 3684 1306 3754 Πολλῆς
1334 3684 1433 3753 μὲν
1457 3681 1548 3736 οὖν
1576 3683 1857 3753 φροντίδος

278 3774 367 3829 δεῖ
412 3775 509 3826 καὶ
546 3773 785 3834 ἰδιώταις
816 3772 1061 3841 ἀνδράσι,
1113 3776 1248 3843 μόνα
1278 3789 1342 3841 γε
1383 3774 1451 3826 τὰ
1494 3773 1619 3827 κατ’
1661 3772 1857 3836 αὐτοὺς

280 3863 633 3934 ἐνεργοῦσιν,
671 3866 720 3917 εί
769 3864 849 3917 δεῖ
874 3865 949 3934 μὴ
998 3866 1331 3935 πειραθῆναι
1366 3864 1580 3918 πολλῶν
1630 3864 1815 3917 κακῶν
1838 3879 1854 3895 ο

278 3959 402 4017 τοῖς
440 3954 497 4007 δὲ
526 3951 751 4024 λαχοῦσι
790 3955 1158 4025 προΐστασθαι
1205 3956 1585 4025 ἐπιμελεῖσθαι
1623 3955 1730 4008 τῶν
1762 3953 1857 4008 ἀλ-

278 4048 396 4100 λων
427 4045 491 4101 τὸ
514 4047 623 4098 πᾶν
648 4047 704 4098 ἐν
730 4044 807 4113 τῷ
834 4044 1141 4116 φροντίζειν
1167 4047 1315 4101 ἐστὶν
1339 4045 1480 4115 ὑπὲρ
1504 4044 1612 4099 τῶν
1638 4044 1856 4098 κοινῶνο

276 4139 341 4191 τὸ
372 4140 634 4206 προνοεῖν
679 4136 773 4191 καὶ
810 4138 1120 4205 οἰκονομεῖν
1170 4137 1389 4207 φυλακὴ
1422 4138 1533 4190 τῶν
1579 4136 1854 4207 ὑπαρχόν-

277 4246 394 4283 των
421 4228 681 4299 ἀκριϐὴς,
714 4229 822 4280 τῶν
847 4230 948 4280 οὐκ
971 4228 1143 4281 ὄντων
1169 4230 1438 4298 πορισμὸς
1470 4228 1721 4296 ἄφθονος,
1750 4246 1856 4282 σω-

278 4322 456 4391 τηρία
490 4320 601 4372 τῶν
632 4320 736 4372 ὑπὸ
766 4322 943 4391 χεῖρα,
974 4320 1190 4391 ἐχθροῖς
1223 4321 1469 4389 ὀλέθριον
1498 4321 1670 4390 βέλος.
1700 4321 1772 4374 Τὸ
1800 4321 1857 4374 δὲ

283 4414 360 4484 μὴ
414 4412 711 4481 προσέχειν
757 4415 850 4465 καὶ
898 4412 1123 4485 ἀμελεῖν
1173 4412 1532 4482 προκαλεῖται
1577 4416 1647 4466 τὰ
1686 4414 1855 4478 δεινὰ,

279 4504 585 4573 ἐφέλκεται
614 4503 682 4555 τὰ
728 4503 1051 4572 βλάπτοντα.
1100 4503 1173 4556 Τὸ
1205 4504 1313 4556 πᾶν
1346 4506 1625 4573 συντόμως
1659 4506 1855 4569 είπεῖν,

278 4594 595 4666 διαφθείροι
627 4596 693 4648 ἂν
726 4596 821 4648 καὶ⁵
857 4594 1117 4664 βουκόλῳ,
1161 4596 1255 4649 καὶ⁵
1284 4596 1515 4662 αίπόλῳ,
1548 4596 1644 4648 καὶ
1696 4598 1857 4648 ίππο-

280 4687 477 4757 φορϐᾦ
520 4686 620 4756 τὴν
654 4676 849 4757 ἀρχὴν,
891 4685 1052 4753 μήτοι
1097 4701 1161 4753 γε
1207 4686 1522 4756 στρατηγῷ.
1558 4684 1696 4747 Τοὺς
1745 4684 1854 4753 γὰρ

281 4778 548 4846 βασιλέας
578 4778 947 4848 παρέρχομαι,
975 4775 1295 4844 τηλικοῦτον
1325 4777 1477 4846 ἅρμα
1508 4776 1853 4838 ἐλαύνοντας·

279 4864 354 4921 ὢν
391 4870 508 4937 γὰρ
536 4868 599 4936 δὴ
629 4868 787 4939 χρεία
816 4869 929 4931 τοῖς
963 4867 1172 4937 ἥττοσι,
1205 4867 1381 4938 πολλῷ
1410 4886 1471 4936 γε
1505 4869 1705 4921 μᾶλλον
1744 4869 1855 4931 τοῖς

282 4962 616 5033 κρείττοσιν.

1018 5227 1137 5293 ι.,Α’.

370 5315 503 5369 ’ἰδοὺ
535 5315 631 5367 καὶ
656 5318 750 5369 νῦν
776 5318 1060 5387 εἰρήσεται
1090 5318 1200 5371 τῶν
1228 5320 1546 5387 ἀναγκαίων
1600 5338 1681 5373 σοι
1713 5322 1853 5389 γνῶ-

291 5422 400 5462 δαι.
431 5407 493 5458 Et
522 5406 903 5475 ἐπιστημόνως
932 5424 1014 5469 τις
1049 5410 1163 5471 τοῖς
1204 5410 1310 5463 ἀνά
1338 5412 1529 5482 χεῖρας
1562 5413 1852 5482 πράγμασι

280 5494 484 5564 χρῷτο,
510 5495 664 5548 οὐδὲν
689 5495 923 5549 κωλύσει
955 5498 1050 5551 καὶ
1083 5500 1339 5554 τάναντία
1368 5504 1446 5565 είς
1475 5502 1533 5555 ἐν
1564 5518 1618 5554 τι
1664 5503 1851 5571 φέρειν

281 5586 395 5638 τῶν
421 5586 669 5654 ἀγαθῶν.
696 5588 806 5640 Καὶ
848 5588 1043 5641 σκόπει
1068 5588 1131 5659 δή
1169 5608 1257 5659 μοι
1285 5593 1377 5645 τὸν
1413 5593 1596 5661 λόγον.
1628 5594 1701 5646 Τὸ
1750 5593 1851 5663 μὲν

283 5677 394 5744 γὰρ
421 5676 776 5751 ἐπιλελῆσθαι
811 5678 888 5748 τῷ
933 5682 1241 5749 μεμνῆσθαι
1278 5685 1701 5740 ἐναντιώτατον·
1734 5687 1847 5739 ἀλλ’

1960 3139 2170 3196 soleant
2193 3153 2349 3193 escas
2382 3138 2667 3208 attingere.
2695 3136 2895 3191 Dorcas
2930 3151 3153 3206 quoque
3179 3137 3387 3191 nomini
3421 3153 3521 3192 suo

1958 3245 2017 3285 re
2048 3230 2163 3299 ipsa
2193 3230 2349 3283 fidem
2378 3227 2602 3293 faciens,
2635 3227 2840 3296 laqueis
2882 3227 3025 3282 haud
3070 3227 3229 3283 facile
3275 3230 3394 3297 capi
3428 3244 3525 3299 po-

1960 3332 2081 3378 test.
2102 3322 2289 3377 ltidem
2315 3322 2418 3376 alia
2444 3321 2611 3375 multa
2638 3321 2792 3389 longe
2809 3321 2895 3377 his
2914 3322 3265 3391 ignobiliora,
3284 3324 3527 3380 vafricia:

1958 3416 2280 3468 documenta
2320 3412 2610 3483 singularis
2635 3412 2870 3476 edentia,
2902 3414 3081 3468 rident
3111 3429 3227 3478 eos,
3262 3428 3289 3467 a
3321 3414 3526 3484 quibus

1957 3505 2092 3574 ipsis
2118 3504 2329 3559 insidiae
2361 3512 2667 3559 struuntur.
2700 3496 3042 3573 Quapropter
3076 3504 3120 3559 si
3151 3504 3391 3558 animum
3427 3507 3528 3560 ho-

1960 3596 2132 3649 mines
2170 3595 2449 3649 advertere
2482 3595 2671 3662 velint,
2711 3594 2925 3650 felicius
2959 3610 3120 3664 quam
3186 3596 3317 3665 ipsa:
3376 3596 3523 3660 ferte,

1956 3683 2184 3739 insidias
2212 3685 2415 3738 evitare
2446 3692 2720 3752 poterunt.
2758 3684 3050 3739 Enimvero
3116 3699 3311 3754 magna
3337 3685 3522 3753 priva-

1957 3777 2029 3831 tis
2057 3790 2274 3845 quoque
2316 3775 2632 3829 hominibus
2675 3789 2813 3844 Opus
2835 3784 2919 3829 est
2940 3790 3093 3839 cura,
3114 3776 3526 3830 suas‘duutaxat

1958 3882 2047 3922 res
2093 3867 2403 3934 agentibus,
2440 3874 2498 3919 ut
2534 3866 2819 3934 complura
2846 3866 2985 3919 mala
3017 3881 3125 3920 non
3150 3866 3502 3935 experiantur

1956 3956 2026 4009 At
2057 3956 2141 4019 iis,
2176 3955 2372 4024 quibus
2409 3955 2602 4024 obtigit
2627 3962 2738 4008 tum
2762 3954 2882 4009 aliis
2916 3970 3173 4025 prmesse,
3203 3965 3314 4008 tum
3333 3968 3521 4009 curam

1956 4060 2141 4100 eorum
2169 4059 2373 4119 gerere,
2394 4058 2608 4097 summa
2640 4060 2822 4099 rerum
2856 4044 2909 4097 in
2938 4044 3384 4099 sollicitudinede
3424 4058 3522 4097 ue-

1958 4136 2124 4207 gotiis
2152 4134 2381 4205 publicis
2403 4142 2489 4189 est
2532 4133 2659 4188 sita.
2700 4132 2971 4187 Nimirum
3004 4133 3290 4202 providere
3331 4135 3518 4199 rebus,

1957 4239 2011 4284 et
2036 4230 2253 4284 easdem
2281 4238 2428 4283 recte
2457 4227 2813 4290 constituere,
2858 4225 3207 4295 praesentium
3246 4226 3518 4281 bonorum

1964 4328 2218 4375 accurata
2245 4318 2703 4383 estconservatio,
2732 4328 2785 4372 et
2812 4318 3105 4386 acquisitio
3152 4318 3374 4387 c0piosa
3424 4334 3521 4373 eo-

1960 4428 2100 4475 rum,
2137 4426 2254 4480 quae
2283 4410 2684 4473 desiderantur,
2702 4419 2754 4465 et
2771 4410 3113 4466 subditorum
3148 4409 3313 4475 salus,
3340 4420 3393 4466 et
3425 4412 3526 4466 lto~

1959 4504 2132 4558 stibus
2155 4502 2375 4557 exitiale
2438 4502 2627 4557 telum.
2690 4503 3029 4558 Atsecordia
3080 4503 3523 4572 negligentiaque

1957 4597 2074 4651 dira
2103 4594 2254 4649 elicit
2286 4593 2518 4658 mala,et
2544 4594 2768 4648 attrahit
2795 4594 2955 4648 noxia
2974 4611 3001 4663 _;
3036 4592 3294 4648 brevibus
3327 4604 3387 4646 ut
3444 4604 3526 4648 to-

1958 4696 2065 4741 tam
2108 4700 2221 4741 rem
2251 4684 2605 4752 complectar,
2632 4685 2745 4737 haec
2775 4692 2829 4737 et
2884 4684 3143 4750 bubulco,
3167 4693 3222 4737 et
3270 4685 3521 4753 caprario

1958 4777 2256 4847 etequario
2285 4776 2525 4846 regimen
2565 4790 2728 4831 omne
2758 4776 3079 4845 perdiderit,
3124 4778 3324 4831 nedum
3342 4776 3525 4846 copia-

1956 4884 2075 4923 rum
2110 4869 2446 4938 imperatori.
2467 4852 2682 4936 Quippe
2713 4883 2868 4937 reges
2892 4868 2986 4938 qui
3011 4869 3170 4923 talem
3197 4878 3519 4939 tantumque

1955 4975 2177 5015 currum
2211 4968 2401 5028 agunt,
2433 4959 2598 5012 etiam
2616 4958 2835 5014 silentio
2890 4970 3176 5030 praetereo.
3227 4961 3362 5017 Nam
3397 4978 3521 5032 qua:

1960 5070 2045 5109 res
2084 5053 2138 5107 in
2168 5052 2259 5116 iis,
2290 5051 2382 5121 qui
2416 5062 2546 5105 sunt
2571 5050 2878 5119 inferiores,
2928 5054 3100 5109 multo
3125 5056 3296 5126 magis
3319 5058 3374 5109 in
3424 5070 3520 5125 po-

1959 5143 2285 5200 lentioribus
2323 5142 2701 5212 requiruntur.

2661 5232 2796 5287 XCI.

2027 5326 2163 5379 Ecce
2196 5340 2342 5380 nunc
2368 5338 2586 5393 quoque
2634 5323 2847 5377 dicetur
2891 5323 3092 5392 aliquid
3144 5323 3361 5391 cognitu
3421 5323 3515 5378 tibi

1954 5416 2346 5469 necessarium.
2384 5416 2439 5491 Si
2466 5415 2637 5483 perite
2657 5415 2781 5484 quis
2803 5414 3163 5483 praesentibus
3188 5424 3373 5468 utatur
3430 5430 3518 5469 re-

1955 5505 2076 5569 bus,
2110 5506 2244 5559 nihil
2278 5507 2551 5575 impediet,
2573 5507 2867 5574 quominus
2900 5514 2955 5560 et
2984 5506 3089 5560 illis
3113 5508 3401 5562 contrariae
3420 5508 3518 5563 bo-

1956 5612 2084 5651 num
2104 5597 2171 5651 ad
2196 5596 2408 5666 aliquod
2428 5600 2668 5653 tendant.
2702 5596 2766 5651 Et
2786 5597 2909 5655 vide
2937 5598 3092 5664 mihi,
3112 5614 3318 5669 quaeso,
3345 5601 3517 5656 ratio-

1954 5704 2099 5747 nem.
2150 5690 2405 5745 Oblivisci
2445 5706 2505 5746 ac
2557 5690 2890 5758 meminisse,
2934 5693 3170 5749 maxime
3227 5696 3509 5749 contraria
