3920 6200
432 307 541 369 379

1595 312 1993 393 MANUELIS
2034 321 2479 385 PALAZOLOGI

3557 330 3663 394 380

423 426 569 472 sunt.
612 418 680 471 At
706 434 836 473 vero
858 419 1081 474 siambo
1101 419 1157 474 in
1187 420 1308 476 loco
1334 421 1486 489 fiant,
1517 432 1680 479 erunt
1707 427 1760 480 in
1796 428 1988 496 primis

2104 437 2142 488 εἰ
2183 439 2321 505 μετὰ
2356 439 2451 493 τοῦ
2484 438 2676 511 καιροῦ
2706 440 2945 508 γίγνοιτο
2984 438 3151 511 ἄμφω
3178 457 3264 507 γε,
3298 440 3443 495 πάνυ
3474 443 3659 496 καλόν·

426 511 606 577 bona;
637 511 973 578 caeteroquiu
1022 519 1314 581 utrumque
1370 515 1617 570 noxium.
1671 518 1852 586 Atque
1891 520 1993 573 hoc

2104 528 2269 592 inm;
2296 529 2342 581 δ’
2377 529 2442 582 ἂν
2483 530 2745 600 ἑκάτερον
2770 527 3058 599 βλαϐερόν.
3090 529 3201 583 Καὶ
3239 528 3475 598 δηλώσει
3505 529 3660 597 λόγος

424 603 518 655 tibi
550 602 693 657 dicto
714 602 953 671 quodam
979 604 1368 669 explicabitur,
1398 608 1797 675 complectente
1850 626 1994 680 pra:-

2104 619 2325 684 ὲκεῖνος,
2367 619 2806 690 αῖνιγματώδους
2839 620 3218 690 παραινέσεως
3262 620 3666 691 ὲφαπτόμενος,

422 693 724 762 ceptionem
752 693 1180 763 aenigmaticam,
1206 704 1261 749 ut
1297 706 1531 751 mentem
1564 708 1713 753 tuam
1769 707 1992 767 excitet,

421 800 488 838 ne
519 785 706 839 leviter
742 794 795 840 et
825 788 1158 850 summatim,
1189 802 1311 856 quae
1376 789 1658 851 dicuntur,
1710 791 1992 860 inspiciat,

420 878 512 930 sed
544 879 878 932 intellectum
907 892 1096 933 eorum
1122 880 1368 933 studiose
1391 882 1746 951 pervestiget.
1776 881 1831 937 Si
1852 884 1991 938 obli-

423 971 637 1026 visccns
662 987 876 1037 eorum,
896 986 1018 1043 qua:
1040 987 1069 1026 a
1102 982 1257 1042 tergo
1279 982 1427 1038 sunt,
1456 974 1715 1029 ulteriora
1735 985 1993 1030 contento

422 1078 585 1117 cursu
618 1066 984 1133 persequaris,
1022 1066 1066 1120 si
1110 1080 1320 1120 memor
1375 1080 1402 1119 a
1440 1075 1591 1135 tergo
1645 1067 1993 1133 relictorum,

426 1170 590 1223 porro
630 1172 690 1210 se
719 1157 1000 1211 offerentia
1034 1158 1257 1212 vitanda
1318 1167 1550 1222 statuas,
1599 1174 1703 1212 non
1753 1159 1993 1227 amissis,

418 1262 547 1314 qua!
575 1262 719 1315 pone
749 1257 894 1312 sunt,
934 1250 1101 1303 etiam
1137 1249 1280 1317 quod
1339 1251 1713 1319 persequeris,
1765 1252 1994 1307 omnino

423 1341 876 1407 assequeris,eta
908 1342 1204 1405 pralteritis
1257 1342 1539 1407 liberatus,
1598 1344 1757 1399 facile
1811 1359 1995 1409 perse-

421 1431 642 1495 quentia
672 1446 887 1501 quoaue
909 1433 1126 1490 vitabis.
1158 1433 1228 1489 At
1250 1435 1368 1490 vice
1390 1451 1569 1502 versa,
1593 1437 1739 1506 quod
1772 1436 1998 1492 exitiale

420 1519 612 1576 fuerit.

1132 1618 1298 1675 XCII.

484 1725 693 1784 Revera
737 1732 1077 1801 splendidum
1123 1742 1499 1789 ornamentum
1533 1744 1584 1789 et
1611 1736 1765 1791 firma
1825 1739 1995 1795 turris
2030 1763 2073 1819 Β

420 1828 506 1872 est
560 1823 908 1879 taciturnitas
963 1824 1052 1885 iis,
1105 1824 1199 1895 qui
1244 1840 1307 1879 ea
1358 1827 1567 1894 prmditi
1614 1838 1759 1891 sunt,
1813 1828 2001 1887 Potius

419 1912 599 1963 autem
625 1913 954 1982 junioribus,
998 1931 1161 1984 quam
1219 1917 1313 1984 qui
1375 1929 1618 1984 vegetam
1675 1921 1739 1973 ad
1787 1929 1999 1977 atatem

418 2011 732 2065 prrvenere,
771 2007 1046 2057 convenit.
1078 2002 1192 2056 lmo
1218 2014 1269 2057 et
1295 2005 1439 2058 virili
1466 2009 1647 2075 potius
1677 2010 1820 2063 aetati
1877 2026 2003 2065 con-

419 2088 566 2142 venit
620 2106 783 2158 quam
834 2078 987 2146 virili
1031 2094 1489 2163 provectioribus.
1539 2096 1675 2152 Nam
1733 2100 2000 2170 quidquid

416 2189 577 2243 aetate
619 2182 956 2251 provectius,
1003 2184 1325 2255 simpliciter
1354 2196 1415 2242 ut
1443 2187 1637 2258 dicam,
1668 2192 1999 2261 experientia

420 2272 624 2342 majore
678 2285 920 2344 praestat.
968 2276 1032 2330 Et
1087 2277 1376 2335 decentius
1428 2279 1597 2335 dubio
1646 2283 1835 2352 procul
1894 2296 1999 2352 est,

420 2365 611 2420 audire
648 2367 821 2438 magis
864 2369 1227 2437 experientes,
1255 2386 1418 2441 quam
1464 2371 1697 2428 licenter
1748 2372 2003 2431 rudiores

418 2459 652 2527 garrire.
684 2458 968 2529 Loquendi
1006 2476 1139 2516 sane
1171 2470 1386 2533 tempus
1417 2464 1522 2519 hoc
1559 2480 1683 2521 esse
1735 2467 1999 2536 arbitror,

421 2566 544 2604 cum
573 2552 1013 2620 respondendum
1040 2562 1144 2616 est,
1182 2569 1307 2609 cum
1338 2556 1567 2611 crimine
1611 2572 1838 2626 asperso
1880 2574 2002 2615 sus-

417 2638 666 2709 cipienda
717 2641 987 2707 defensio,
1045 2643 1128 2697 vel
1182 2643 1249 2698 de
1318 2658 1377 2699 re
1422 2645 1677 2715 quapiam
1711 2645 1997 2703 docendus

417 2735 579 2797 alius,
617 2742 762 2789 recte
795 2735 1120 2790 docentibus
1154 2739 1393 2806 cognita,
1444 2738 1786 2811 dicentisque
1822 2741 2002 2811 digni-

415 2827 510 2879 tati
545 2826 900 2882 conveniente
929 2844 943 2893 ;
971 2843 1198 2899 quaeque
1230 2830 1459 2900 prolata,
1492 2828 1728 2886 fructum
1763 2833 2001 2895 aliquem

415 2917 672 2985 attulerit,
704 2920 921 2975 silentio
966 2937 1167 2987 pressa.
1195 2924 1466 2979 nocuerit.
1494 2922 1803 2996 theroqni
1872 2942 2001 2981 vero

414 3010 697 3076 quiescere
752 3018 992 3079 praestat,
1040 3011 1117 3065 uti
1188 3011 1548 3081 philosophus
1600 3011 1693 3068 ille
1755 3014 2000 3071 medicus

417 3100 580 3157 dixit.

1097 3193 1291 3250 XCIII.

485 3307 625 3362 Ante
662 3321 749 3363 res
781 3308 920 3363 alias
963 3309 1397 3377 pulcherrimum
1431 3309 1559 3379 quid
1593 3318 1699 3378 est,
1729 3310 1784 3365 in
1820 3311 2001 3367 omni-

420 3398 520 3450 bus
546 3413 707 3453 nosse
729 3401 857 3465 quid
893 3409 1136 3470 prmstet,
1173 3416 1234 3454 ac
1265 3400 1577 3455 facultatem
1634 3402 1833 3456 habere
1863 3417 2002 3470 prae-

415 3487 562 3541 clare
627 3488 843 3542 dicendi
878 3498 1061 3552 ,etca
1114 3490 1374 3544 facultate
1430 3491 1663 3561 multum
1702 3489 1876 3544 videri
1932 3492 1998 3545 ad

420 3580 861 3648 p~-rsuadeudum
908 3596 1095 3651 posse,
1137 3597 1435 3652 rerumque
1466 3582 1823 3650 pulchrarum
1846 3596 2001 3636 amn-

417 3688 531 3726 rem
565 3673 836 3742 sapienter
877 3674 1077 3729 animis
1124 3674 1334 3729 indere.
1368 3671 1475 3728 Sed
1526 3682 1704 3728 tamen
1736 3688 1885 3737 eum,
1907 3676 2001 3742 qui

416 3764 582 3831 norit,
610 3774 664 3819 et
690 3765 871 3820 verbis
915 3766 1139 3835 exponit
1186 3765 1435 3831 meliora,
1478 3773 1674 3835 sponte
1730 3765 2001 3820 deteriora

416 3854 617 3920 facere,
649 3872 749 3911 nec
780 3857 951 3923 dictu,
986 3871 1084 3911 nec
1115 3858 1520 3928 cogitatumihi
1573 3858 1795 3928 quidem
1843 3858 2003 3913 facile

417 3946 653 4011 videtur,
686 3949 876 4018 quanti
934 3963 1021 4004 res
1057 3964 1120 4003 ea
1174 3949 1458 4004 dedecoris
1503 3950 1664 4019 plena
1721 3949 1813 4005 sit.
1863 3947 1999 4003 Nam

416 4050 578 4109 turpe
626 4038 886 4107 quiddam
945 4048 1052 4105 est,
1110 4039 1315 4095 malum
1377 4040 1613 4105 facinus,
1669 4055 2002 4111 quocunque

417 4136 581 4189 modo
616 4134 707 4188 fiat
734 4149 749 4187 :
779 4132 1015 4203 turpius,
1048 4148 1157 4187 non
1187 4133 1505 4202 ignoranter
1542 4132 1849 4188 admissum
1880 4148 2004 4189 sce-

416 4228 508 4283 lus
542 4244 557 4282 :
590 4228 747 4297 longe
812 4227 1216 4296 turpissimum,
1264 4239 1413 4288 eum,
1446 4226 1538 4295 qui
1594 4226 1757 4280 docet
1822 4225 2000 4292 alios,

418 4321 548 4390 quid
586 4335 799 4389 a'quum
850 4328 1171 4388 rectumque
1200 4317 1289 4381 sit,
1319 4317 1664 4385 aliorumque
1694 4318 1858 4372 vitam
1878 4332 2002 4373 cor-

415 4412 593 4479 rigere
624 4419 825 4478 potest,
856 4410 1100 4479 seipsum
1148 4409 1505 4464 correctionis
1522 4418 1800 4478 expertem
1837 4412 2001 4468 relin-

414 4517 601 4573 quere.
641 4502 868 4556 Omnem
902 4503 1005 4556 hoc
1038 4501 1451 4558 excusationem
1489 4501 1650 4557 tollit.

1098 4613 1287 4671 XCIV.

484 4730 822 4800 Temperatre
854 4730 1070 4799 ingenio
1105 4730 1365 4784 doctrinm
1393 4730 1526 4785 ItIIlII
1549 4730 1992 4801 mquiparandum

414 4827 583 4892 venit,
621 4825 752 4878 nihil
807 4824 1024 4887 ingenio
1058 4823 1272 4887 melius,
1307 4825 1450 4903 quod
1512 4826 1761 4880 doctrina
1822 4826 1994 4880 collu-

414 4928 649 4973 stratum
684 4926 787 4970 est.
833 4915 968 4969 Nam
1005 4924 1059 4969 et
1114 4913 1435 4968 alterutrum
1464 4931 1560 4985 per
1599 4931 1658 4970 se
1700 4917 1991 4986 pulchrum

414 5020 466 5062 υι
494 5009 731 5080 Optabile
762 5010 899 5078 quid
920 5008 1083 5063 luerit
1115 5024 1127 5060 :
1167 5019 1220 5062 at
1267 5024 1396 5063 vero
1428 5010 1473 5062 si
1517 5009 1680 5063 ambo
1709 5018 1907 5064 coeant
1936 5010 1990 5064 in

416 5121 612 5170 unum,
671 5105 859 5158 babm!
916 5120 1076 5172 quam
1131 5103 1473 5168 admiranda,
1523 5119 1687 5173 quam
1750 5090 1989 5175 egregia,

415 5214 577 5266 quam
607 5205 874 5265 praestans
914 5196 1250 5264 coniunctio.
1290 5196 1546 5249 Animum
1574 5210 1637 5250 ca
1666 5211 1863 5265 purum
1894 5212 1989 5266 pu-

418 5291 614 5343 riorem
669 5289 874 5354 efﬁcit;
912 5289 1168 5343 sordibus
1246 5288 1528 5349 refertum,
1590 5288 1747 5340 facile
1775 5288 1988 5354 abluit;

414 5384 659 5450 adeoque
705 5390 813 5433 tam
871 5379 1073 5438 animo,
1131 5391 1294 5446 quam
1346 5376 1461 5445 pari
1523 5376 1647 5431 huic
1692 5378 1942 5431 usuvenit
1976 5419 1991 5443 ,

416 5452 561 5540 quod
585 5471 748 5539 capiti
776 5478 829 5525 et
880 5470 1145 5524 ambabus
1198 5467 1471 5521 manibus.
1496 5464 1629 5520 Nam
1675 5466 1843 5521 altera
1872 5466 1996 5536 qui-

417 5562 536 5615 dem
590 5561 815 5615 alteram
870 5562 1152 5628 abstergit,
1183 5574 1303 5613 cum
1340 5573 1458 5612 eam
1491 5558 1556 5611 ad
1608 5574 1721 5611 rem
1763 5569 1813 5613 et
1853 5573 1993 5627 aqua

418 5661 472 5703 ct
506 5669 720 5721 mappa,
757 5662 809 5706 et
840 5652 981 5705 nitro
1013 5651 1082 5706 sit
1105 5665 1240 5717 opus
1275 5666 1289 5705 :
1317 5648 1507 5704 faciem
1538 5664 1687 5714 vero,
1721 5660 1776 5703 et
1811 5656 1991 5715 caput,

420 5736 708 5803 ῖυῐιιιιιιειιο
745 5754 1003 5800 nrmtcrca
1041 5758 1258 5803 corpus.
1295 5756 1491 5796 manus
1522 5741 1694 5795 amba:
1760 5741 1990 5795 nitidum

2026 3148 2073 3209 Ο

2097 711 2245 773 ὅπως
2281 729 2366 764 σοι
2412 713 2504 767 τὸν
2550 711 2676 766 νοῦν
2719 713 2984 783 διεγείρῃ,
3041 711 3115 781 μὴ
3162 710 3501 776 ἐπιπολαίως
3535 714 3668 781 όρᾷν

2094 806 2223 866 τοὺς
2270 804 2503 871 λόγους,
2556 803 2673 858 ἀλλ’
2725 803 3009 872 ἐπιμελῶς
3055 802 3312 873 θηρεύειν
3344 803 3445 871 τὴν
3496 802 3669 855 τῶνδε

2098 895 2339 961 γνῶσιν.
2411 895 2538 948 Ἐάν
2584 895 2695 949 τῶν
2741 895 2967 949 ὄπισθεν
3018 894 3539 963 ἐπιλανθανόμενος,
3598 895 3672 947 τὰ

2101 983 2291 1052 πρόσω
2327 1000 2389 1050 γε
2416 983 2618 1054 διώκῃς
2648 984 2886 1053 συντόνῳ
2927 984 3150 1055 δρόμῳο
3188 982 3284 1036 ἐὰν
3315 983 3675 1053 μεμνημένος

2097 1073 2207 1126 τῶν
2238 1074 2485 1141 ὄπισθεν,
2508 1079 2735 1143 φεύγειν
2768 1075 3030 1147 βουλεύσῃ
3088 1078 3155 1132 τά
3185 1076 3496 1147 ἔμπροσθεν
3521 1092 3535 1105 ·
3571 1077 3678 1129 οὐκ

2099 1166 2367 1229 ἀπολέσας
2401 1168 2467 1220 τά
2492 1167 2741 1234 δπισθεν,
2781 1170 2876 1223 καὶ
2915 1171 2975 1224 τὸ
3004 1170 3343 1239 διωκόμενον
3380 1169 3679 1239 καταλήψῃ

2102 1255 2340 1318 πάντωςο
2367 1257 2477 1309 τῶν
2509 1274 2570 1309 τε
2590 1258 2915 1325 φθασάντων
2941 1258 3297 1325 ἀπαλλαγεὶς,
3332 1258 3529 1329 ῥᾳδίως
3560 1259 3684 1310 δια-

2101 1348 2276 1419 φεύξῃ
2301 1350 2396 1402 καὶ
2444 1352 2510 1404 τὰ
2553 1352 2841 1407 διώκοντα.
2894 1354 2969 1406 Τὸ
3015 1352 3061 1405 δ’
3109 1350 3511 1420 ἐνηλλαγμένον
3558 1350 3683 1402 ὀλέ-

2101 1442 2273 1511 θριον.
3224 1478 3229 1479 κ

2846 1626 2962 1693 ur.

2179 1738 2246 1793 Ἦ
2265 1740 2444 1810 σιωπὴ
2473 1740 2677 1809 κόσμος
2700 1739 2971 1809 Ααμπρδς,
2996 1738 3204 1808 πύργος
3235 1738 3446 1809 ἰσχυρὸς
3477 1738 3687 1807 κεκτη-

2104 1831 2306 1900 μένοις.
2355 1832 2637 1902 Προσήκει
2668 1832 2726 1884 δὲ
2760 1831 3051 1899 νεωτέροις
3106 1829 3307 1900 μᾶλλον
3354 1832 3385 1900 ἢ
3438 1834 3550 1893 τοῖς
3597 1834 3687 1894 εἰς

2098 1924 2283 1995 ἀκμὴν
2304 1926 2656 1994 ἀφιγμένοις.
2694 1925 2755 1978 Et
2799 1924 2856 1977 δὲ
2886 1922 3068 1994 βούλει
3095 1908 3310 1990 γείκαὶ
3342 1926 3406 1994 τῇ
3437 1924 3548 1975 τῶν
3578 1924 3685 1976 ἁν-

2099 2015 2241 2084 δρῶν
2292 2016 2482 2087 ἡλικίᾳ
2524 2018 2796 2087 προσήκει
2850 2016 3053 2086 μᾶλλον
3103 2016 3136 2085 ἦ
3184 2018 3305 2078 ταῖς
3362 2015 3686 2086 ὑπερϐεϐη-

2100 2106 2405 2171 κυῖαιςστὸν
2455 2108 2649 2179 ἄνδρα.
2690 2108 2764 2161 Τδ
2812 2112 2920 2177 γὰρ
2949 2107 3012 2178 δὴ
3048 2107 3444 2177 πρεσϐύτερον,
3484 2107 3684 2170 ἁπλῶς

2100 2200 2296 2266 εἰπεῖν,
2355 2201 2774 2269 ἐμπειρότερον.
2829 2199 2940 2253 Καὶ
2989 2199 3138 2253 ἔστιν
3189 2197 3428 2267 ἀτεχνῶς
3472 2198 3686 2267 εὖπρεο

2102 2290 2373 2360 πέστερον
2404 2291 2823 2361 ὲμπειροτέρων
2859 2290 3103 2355 ἀκούειν,
3132 2288 3164 2359 ἦ
3195 2288 3685 2360 παρρησιάζεσθαι

2098 2383 2226 2445 τοὺς
2248 2382 2655 2453 ἁπειροτέρους.
2678 2380 2849 2452 Οῐμαι
2875 2383 2939 2452 δὴ
2972 2381 3163 2449 καιρὸν
3182 2375 3321 2434 εῖναι
3346 2379 3442 2434 τοῦ
3472 2380 3685 2446 λέγειν,

2100 2474 2230 2528 ὅταν
2256 2476 2658 2547 ἀποκρίνασθαι
2685 2476 2801 2547 δέῃ,
2847 2476 2977 2529 ὅταν
3004 2473 3414 2543 ἀπολογηθῆναι
3447 2470 3685 2525 διαϐαλ-

2100 2565 2348 2635 λόμενον,
2383 2567 2417 2638 ἡ
2459 2584 2512 2621 τι
2540 2567 2817 2621 διδάσκειν
2866 2567 2960 2619 τὸν
2991 2565 3201 2635 ἕτερον.
3239 2562 3436 2625 Καλῶς
3466 2578 3531 2629 γε
3562 2563 3686 2623 τοῖς

2100 2649 2411 2708 διδάσκουσι
2455 2656 2924 2725 γιγνωσκόμενον,
2968 2654 3047 2724 τῷ
3094 2651 3338 2724 σχήματι
3367 2668 3422 2704 τε
3465 2651 3687 2717 πρέπον

2099 2745 2196 2799 τοῦ
2226 2746 2495 2812 λέγοντος,
2531 2748 2625 2800 καὶ
2662 2747 2690 2799 ὂ
2740 2746 2931 2817 λεχθὲν
2967 2746 3032 2798 ἂν
3071 2746 3273 2813 ὢνησε,
3313 2741 3591 2811 σιωπηθὲν
3618 2740 3686 2794 δὲ

2101 2838 2357 2909 ἔϐλαψεν.
2395 2839 2602 2903 ¹’Δλλως
2626 2839 2681 2893 δὲ
2702 2839 2936 2911 ἡσυχίαν
2964 2839 3121 2906 ἄγειν
3144 2837 3379 2909 βέλτιον,
3409 2836 3553 2889 κατὰ
3586 2834 3685 2886 τὸν

2103 2931 2397 3003 φιλόσοφον
2428 2933 2632 3003 ἰατρόν.

2809 3200 2925 3269 1,1".

2175 3316 2477 3372 Κάλλιστον
2524 3316 2724 3371 ειδέναι
2764 3315 2824 3368 τδ
2870 3314 3079 3384 βέλτιον
3102 3314 3193 3368 ἐπὶ
3230 3314 3339 3366 τῶν
3395 3314 3682 3383 ἁπάντων,

2103 3408 2193 3462 καὶ
2226 3407 2458 3478 δύναμιν
2490 3408 2637 3478 ἔχειν
2668 3407 2848 3470 καλῶς
2876 3408 3075 3470 εἰπεῖν,
3105 3408 3197 3460 καὶ
3237 3406 3464 3461 πιθανὸν
3498 3408 3683 3477 ταύτῃ

2101 3500 2298 3565 δοκεῖν,
2332 3502 2425 3553 καὶ
2479 3500 2571 3554 τὸν
2616 3501 2724 3554 τῶν
2777 3501 2961 3555 καλῶν
3015 3500 3193 3571 ἔρωτα
3245 3500 3425 3568 σοφῶς
3467 3500 3680 3568 ψυχαῖς

2102 3590 2455 3659 ὲμφυτεύειν.
2497 3590 2688 3643 Εῖδότα
2718 3589 2762 3641 δ’
2794 3589 2909 3654 οὖν,
2956 3590 3053 3642 καὶ
3096 3588 3323 3657 λέγοντα
3352 3588 3418 3640 τὰ
3450 3587 3679 3657 βελτίω,

2103 3682 2171 3736 τὰ
2200 3682 2368 3752 χείρω
2392 3682 2650 3752 πράττειν
2674 3682 2889 3745 ἑκόντα,
2912 3679 3023 3734 οὔτ’
3048 3680 3248 3744 εἰπεῖν,
3280 3678 3392 3731 οὔτ’
3421 3680 3683 3746 ἐννοῆσαι

2104 3773 2287 3844 ῥᾴδιον
2324 3774 2449 3844 ἐμοὶ⁵
2482 3774 2757 3842 φαίνεται,
2804 3775 2937 3843 ὅσης
2973 3772 3239 3843 αἰσχύνης
3277 3773 3475 3842 μεστόν
3505 3772 3685 3823 ἐστιν.

2102 3864 2339 3935 Αἰσχρὸν
2371 3866 2469 3935 μὲν
2493 3867 2602 3935 γὰρ
2625 3864 2825 3933 πρᾶξις
2850 3865 3016 3934 κακὴ,
3043 3865 3190 3925 ὅπως
3214 3863 3337 3915 ποτ’
3359 3861 3425 3914 ἂν
3442 3861 3681 3930 γένοιτοο

2103 3955 2315 4026 αἴσχιον
2342 3956 2398 4009 δὲ
2428 3955 2489 4009 τὺ
2542 3956 2733 4021 κακὸν,
2789 3956 2889 4010 οὐκ
2926 3954 3142 4025 ἀγνοίᾳ)
3166 3953 3470 4022 γινόμενον·
3501 3952 3684 4019 αἰσχι-

2104 4065 2229 4103 στον
2268 4049 2387 4120 μεθ’
2420 4049 2728 4119 ὑπερϐολῆς
2759 4049 2821 4101 τὸ
2843 4048 2971 4113 τοὺς
3010 4048 3236 4117 ἑτέρους
3264 4045 3592 4098 διδάσκοντα
3619 4043 3684 4096 τὸ

2102 4142 2425 4213 προσῆκον,
2478 4143 2573 4194 καὶ
2630 4141 2784 4211 βίους
2842 4139 3021 4195 ἄλλων
3076 4138 3273 4209 ὀρθοῦν
3332 4127 3681 4205 δυνάμενον,

2102 4232 2267 4287 αὑτὸν
2294 4236 2485 4305 τηρεῖν
2514 4232 2877 4304 ἀδιόρθωτον.
2915 4233 2957 4285 Τ
2961 4230 3087 4285 οῦτο
3117 4233 3301 4286 πᾶσαν
3336 4228 3683 4299 παραίτησιν

2100 4327 2341 4396 ἀναιρεῖ.

2488 4656 2509 4677 ρ
2839 4614 2954 4679 HN-

2172 4728 2341 4782 Οὐδὲν
2372 4727 2561 4797 σοφίας
2591 4726 2864 4791 ἀντάξιον,
2885 4726 3083 4795 εὐφυΐᾳ
3112 4720 3540 4793 συγκραθείσης·
3566 4718 3682 4773 οὐδ’

2097 4822 2327 4891 εὐφυΐας
2356 4822 2580 4892 ἄμεινον
2618 4822 2782 4895 σοφίᾳ
2809 4820 3331 4889 λελαμπρυσμένης.
3382 4814 3681 4883 Ἑκάτερον

2101 4914 2201 4985 μὲν
2235 4915 2345 4986 γὰρ
2383 4915 2548 4969 καλὸν
2575 4917 2669 4968 καὶ
2698 4914 2936 4981 ζηλωτὸν
2961 4913 3028 4965 ἂν
3058 4913 3168 4982 εἴη·
3202 4914 3251 4965 εἰ
3281 4912 3337 4964 δὲ
3362 4910 3679 4964 συνέλθοιεν

2096 5007 2284 5076 ἄμφω,
2311 5007 2473 5076 βαϐαὶ
2490 5007 2590 5075 τῆς
2620 5006 2918 5072 συζυγίαςι
2951 5005 3023 5067 ὡς
3043 5003 3340 5072 θαυμασία,
3365 5004 3441 5063 ὡς
3466 5002 3678 5070 ἀγαθὴ,

2095 5098 2170 5161 ὼς
2195 5099 2420 5168 άρίστηῑ
2450 5099 2713 5168 Καθαρὰν
2740 5100 2839 5167 μὲν
2864 5096 3030 5150 οὖσαν
3058 5096 3154 5165 τὴν
3187 5096 3386 5164 ψυχὴν,
3409 5092 3678 5161 καθαρωο

2094 5190 2259 5260 τέραν
2282 5191 2532 5261 ἐμφαίνει
2554 5207 2569 5221 ο
2602 5191 2771 5261 ῥύπου
2794 5191 2849 5244 δὲ
2873 5188 3337 5260 πεπληρωμένην,
3361 5185 3674 5239 ἀποπλύνει

2096 5282 2315 5351 ῥᾳδίως.
2337 5283 2443 5335 Καὶ
2462 5283 2822 5352 συμϐαίνειτῇ
2846 5285 2989 5352 ψυχῇ
3010 5284 3103 5334 καὶ
3121 5284 3184 5349 τῇ
3206 5278 3675 5349 ξυνωρίδιταύτῃν

2096 5376 2123 5427 ὅ
2152 5391 2214 5439 γε
2245 5374 2308 5438 δὴ
2372 5376 2437 5443 τῇ
2471 5375 2682 5445 κεφαλῇ
2733 5376 2826 5427 καὶ
2855 5377 2977 5426 ταῖν
3009 5376 3191 5441 χεροῖν
3225 5370 3602 5439 ἀμφοτέραιςο
3637 5371 3676 5437 ὴ

2095 5466 2203 5535 γὰρ
2221 5466 2383 5537 ἑτέρα
2405 5467 2506 5535 τὴν
2526 5466 2721 5535 λοιπὴν
2743 5466 3079 5533 ἀποσμήχει,
3099 5461 3250 5515 ὕδατί
3271 5479 3349 5523 τε,
3369 5462 3466 5513 καὶ
3493 5458 3677 5526 ἐκμά-

2096 5572 2246 5622 κτρῳ
2268 5558 2359 5609 καὶ
2382 5556 2545 5626 νίτρῳ
2568 5557 2631 5623 γέ
2656 5572 2757 5608 που
2790 5557 3005 5621 δεῆσαν.
3031 5554 3328 5623 Πρόσωπον
3366 5549 3420 5602 δὲ
3450 5552 3541 5601 καὶ
3578 5564 3674 5600 κε-

2097 5647 2295 5718 φαλὴν,
2338 5647 2434 5700 καὶ
2466 5648 2601 5717 πρός
2626 5664 2689 5713 γε
2725 5646 2821 5699 έτιι
2847 5647 2955 5699 πᾶν
2992 5646 3175 5712 σῶμα,
3211 5644 3524 5711 ἀμφότεραι
3568 5655 3676 5689 και

2098 5740 2379 5795 θαίρονσιν
2425 5739 2479 5790 αἱ
2506 5741 2706 5799 γεῖοες.
2734 5735 2915 5789 ’Ύδωο
2949 5735 3025 5795 δὲ,
3059 5734 3153 5786 καὶ
3203 5732 3537 5795 ἔκμακτρον,
3571 5726 3673 5779 καὶ
