3850 6200
323 291 430 357 383

968 407 1197 466 XCVIII.

397 498 591 553 Sciunt
617 514 833 562 omnes,
860 499 1038 569 ipsum
1073 516 1167 569 per
1191 516 1249 555 se
1276 499 1461 555 vivere
1484 500 1688 556 bonum
1746 515 1888 555 esse.

318 588 519 643 Verum
548 589 655 643 alio
685 591 920 659 quodam
953 592 1115 644 modo
1138 592 1245 643 vita
1275 599 1446 645 morte
1465 591 1704 645 deterior
1730 590 1888 644 inve-

320 683 489 744 nitur,
516 696 637 749 quae
660 682 870 736 scilicet
896 689 1111 735 aetatem
1142 697 1303 734 unam
1343 697 1465 736 cum
1487 684 1593 735 alia
1642 680 1886 747 niuta’ns,

316 769 583 838 quasique
606 772 919 838 proficiens,
952 770 1120 825 animi
1174 770 1315 824 bona
1366 771 1645 827 diminuit.
1695 770 1889 825 Itidem

318 868 495 929 turpe,
521 862 746 931 capillos
761 861 978 931 quidem
996 863 1191 926 albari,
1209 863 1302 918 sed
1323 864 1567 918 animum
1588 862 1884 934 denigrari.

322 954 505 1009 Solent
530 942 709 1008 autem
743 959 857 1009 haec
886 956 1202 1019 usuvenire,
1243 954 1463 1025 quando
1490 970 1611 1010 cum
1640 954 1888 1010 aetatibus

323 1046 438 1114 ipsa
468 1046 681 1099 vivendi
717 1046 860 1100 ratio
889 1061 997 1100 non
1032 1047 1200 1101 sumit
1230 1048 1649 1104 incrementum.
1681 1047 1888 1116 Magnae

321 1137 537 1205 quidem
566 1135 804 1191 infamiae
852 1138 1011 1206 plena
1042 1154 1129 1193 res
1156 1147 1260 1202 est,
1288 1138 1563 1195 hominem
1615 1150 1886 1195 maturum

316 1234 370 1279 et
402 1240 608 1289 senem,
638 1228 690 1280 in
717 1241 922 1282 morem
949 1228 1099 1297 pueri
1132 1243 1250 1283 sese
1279 1245 1489 1297 gerere.
1546 1229 1611 1283 Et
1664 1231 1888 1284 omnino

317 1318 558 1371 deterius
594 1332 807 1387 sapere,
834 1335 997 1388 quam
1030 1331 1179 1383 aetas,
1208 1336 1314 1389 qua
1368 1321 1601 1391 quisque
1639 1333 1743 1386 est,
1787 1338 1886 1391 po-

320 1408 515 1472 stulat,
541 1424 640 1463 nec
677 1411 965 1465 honestum
990 1420 1072 1465 est
1108 1428 1208 1465 nec
1228 1413 1572 1477 bonum,nec
1597 1413 1883 1469 laudabile.

318 1502 659 1572 Quapropter
677 1504 723 1557 si
748 1505 913 1558 vitam
940 1504 1277 1574 gloriamque
1299 1520 1483 1559 veram
1514 1507 1746 1575 appetis,
1776 1523 1888 1578 quo

320 1592 415 1646 tibi
443 1595 649 1647 servire
680 1606 921 1649 nostram
954 1597 1096 1650 hanc
1122 1597 1439 1661 forationem
1500 1598 1756 1661 arbitror,
1802 1598 1889 1654 fac

318 1684 427 1739 vita
460 1693 549 1738 tua
571 1700 849 1741 concessae
877 1687 974 1741 tibi
1024 1686 1286 1743 divinitus
1332 1689 1480 1744 atati
1539 1691 1885 1759 respondeat.

1004 1777 1197 1835 XCIX.

388 1867 523 1923 Tam
565 1869 809 1938 pulvere,
843 1885 1008 1940 quam
1039 1873 1258 1941 spiritu,
1288 1873 1453 1928 rebus
1476 1874 1732 1942 diversis,
1761 1890 1888 1931 cum

320 1970 635 2016 constemus
671 1962 941 2026 homines,
967 1964 1233 2030 quasique
1262 1966 1512 2033 duplices
1537 1966 1638 2035 (uti
1664 1967 1886 2036 quidem

321 2052 539 2108 videtur
567 2054 584 2121 )
616 2053 790 2108 simus
819 2072 833 2109 :
870 2056 1016 2123 parti
1043 2055 1223 2110 viliori
1251 2056 1683 2124 praestantiorem
1717 2058 1888 2129 subji-

323 2145 521 2210 cimus,
552 2147 810 2216 nulloque
839 2148 892 2201 in
914 2148 1091 2218 pretio
1122 2150 1391 2219 potiorem
1417 2149 1564 2206 illam
1600 2150 1888 2210 habemus.

323 2236 489 2304 Digna
520 2253 646 2293 vero
679 2240 950 2309 vituperio
973 2256 1080 2307 res,
1105 2257 1171 2295 ne
1187 2242 1407 2311 quidem
1432 2258 1460 2297 a
1486 2244 1643 2298 nobis
1662 2244 1779 2312 pari
1802 2259 1889 2298 ra-

322 2330 470 2383 tione
495 2346 617 2383 cum
648 2346 814 2387 carne
839 2334 1077 2398 mortali,
1111 2350 1231 2403 qua:
1255 2335 1431 2404 pulvis
1452 2351 1479 2387 a
1496 2335 1606 2390 Deo
1623 2336 1891 2394 formatus

320 2428 421 2483 est,
443 2420 807 2475 immortalem
825 2423 1091 2486 animum,
1117 2440 1229 2478 rem
1254 2416 1517 2479 divinitus
1545 2425 1887 2493 inspiratam,

324 2510 378 2565 in
421 2512 632 2566 honore
657 2512 867 2567 haberi.
902 2512 1103 2569 Verum
1143 2514 1382 2570 scientes
1413 2531 1538 2570 esse
1568 2516 1759 2571 vitium
1788 2519 1893 2573 hoc

324 2601 647 2671 ignorantiae
680 2602 923 2671 plenum,
960 2606 1252 2675 magnique
1302 2606 1617 2661 detrimenti
1667 2623 1889 2663 causam

322 2695 582 2763 praebere,
616 2698 758 2764 quod
793 2696 925 2749 nulli
954 2704 1038 2751 est
1063 2698 1184 2751 usui
1220 2712 1447 2767 corpus,
1484 2708 1540 2753 ut
1562 2700 1768 2753 oraculi
1808 2699 1893 2754 di-

322 2787 433 2841 vini
465 2788 647 2841 verbis
673 2795 914 2851 utamur,
952 2789 1189 2843 tenuiter
1236 2790 1546 2858 tnodiclque
1584 2789 1891 2858 foveamus,

319 2892 389 2931 ne
416 2877 665 2946 spiritum
690 2878 837 2932 illum
867 2879 1142 2934 vivificum
1162 2881 1317 2950 quasi
1352 2892 1527 2937 morte
1558 2885 1889 2941 multemus.

318 2966 453 3022 Nam
481 2969 534 3023 in
562 2971 992 3039 repugnantibus
1019 2975 1313 3038 universis,
1359 2975 1404 3029 si
1460 2977 1709 3032 alterutri
1760 2979 1890 3047 quid

1509 294 1905 354 MANUELIS
1942 256 2391 360 P’ALZEOLOGI

1906 416 1954 471 Α

1916 1740 1965 1800 Β

3453 298 3559 364 381,

2718 413 2837 482 ῌΥ.

2067 504 2141 556 Τὸ
2166 505 2266 572 ζῇν
2294 506 2427 559 αὐτὸ
2468 505 2594 560 καθ’
2628 506 2761 559 αὐτὸ
2808 506 2996 572 καλὸν,
3028 508 3122 560 καὶ
3175 508 3378 569 πάντες
3410 506 3560 560 ῖσασι

1992 595 2168 650 τοῦτο.
2202 599 2328 668 Ζωὴ
2360 598 2416 651 δὲ
2452 599 2654 668 τρόπον
2690 598 2878 667 ἕτερον
2916 598 3147 653 Θανάτου
3176 597 3378 668 χείρων
3413 596 3563 666 εὑρί-

1995 705 2204 755 σκεται,
2235 690 2269 759 ἢ
2305 690 2403 753 τὰς
2431 690 2648 761 ἡλικίας
2678 691 3003 761 άμείὸουσα,
3034 694 3128 744 καὶ
3160 692 3324 744 οἱονεὶ
3354 689 3563 759 προκό-

1990 796 2221 845 πτουσα,
2267 781 2334 834 τά
2376 780 2476 851 τῆς
2516 782 2694 852 ψυχῆς
2731 785 2874 852 μειοῖ
2904 782 3378 851 πλεονεκτήματα.
3422 781 3559 833 Aia-

1989 868 2119 937 χρὸν
2151 869 2210 922 δὲ
2244 871 2337 923 καὶ
2378 871 2477 941 τὴν
2506 873 2670 942 τρίχα
2709 872 3115 936 λευκαίνεσθαι,
3152 872 3253 941 τὴν
3289 872 3345 924 δὲ
3377 869 3560 939 ψυχὴν

1992 960 2365 1028 μελαίνεσθαι.
2415 963 2585 1015 Ταυτὶ
2624 963 2683 1017 δὲ
2718 964 2930 1032 πέφυκε
2977 963 3282 1031 γίγνεσθαι,
3314 963 3443 1016 ὅταν
3478 960 3559 1030 μὴ

1992 1050 2325 1120 συναύξηται
2353 1057 2475 1116 ταῖς
2514 1053 2757 1121 ἡλικίαις
2781 1054 2810 1106 ό
2843 1053 2976 1123 βίος·
3007 1053 3083 1116 ὡς
3133 1052 3333 1121 πολλῆς
3359 1051 3559 1120 αίσχὺι-

1989 1155 2086 1208 νης
2117 1141 2290 1207 γέμον
2322 1141 2477 1210 ἀνδρὶ
2501 1141 2694 1209 τελείῳ
2728 1144 2821 1196 καὶ⁵
2853 1146 3070 1213 γέροντι
3096 1145 3209 1204 τοῖς
3236 1141 3328 1194 τοῦ
3364 1140 3557 1201 παιδὸς

1990 1231 2389 1286 πολιτεύεσθαι.
2424 1234 2602 1295 Ὅλως
2631 1234 2688 1288 δὲ
2719 1235 2885 1305 χείρω
2931 1236 3149 1304 φρονεῖν
3177 1235 3279 1302 τῆς
3304 1235 3362 1286 ὲν
3466 1234 3557 1295 τίς

1989 1320 2133 1372 ἐστιν
2166 1320 2401 1389 ἡλικίας.
2430 1322 2492 1374 οὐ
2524 1321 2705 1387 καλὸν,
2740 1324 2841 1374 οὑκ
2870 1322 3094 1390 ἀγαθὸν,
3120 1322 3221 1373 οὐκ
3243 1318 3556 1373 ἐπαινετόν.

1990 1410 2053 1464 Εί
2085 1412 2217 1479 γοῦν
2240 1413 2455 1481 ἀληθῶς
2482 1415 2628 1483 ζωῆς
2653 1414 2748 1465 καὶ
2780 1412 2936 1483 δόξης
2967 1410 3254 1481 ἐπιθυμεῖς
3284 1408 3462 1479 (ταυτὶ
3492 1408 3555 1460 δὲ

1990 1502 2177 1556 τοῦτον
2202 1505 2293 1557 τὸν
2315 1504 2471 1573 λόγον
2502 1504 2796 1574 ἁρμόττειν
2826 1500 3026 1573 οἶμαι),
3048 1504 3254 1571 πάρεχε
3280 1502 3392 1569 βίον
3414 1517 3555 1554 κατ-

1991 1595 2223 1665 άλληλον
2255 1595 2335 1667 τῷ
2357 1598 2511 1668 παρὰ
2535 1595 2671 1650 Θεοῦ
2706 1596 2978 1667 δεδομένῳ
3005 1594 3307 1666 σοι’χρόνιρ.

2073 1868 2161 1931 '0;
2195 1868 2359 1935 ἔοικε,
2388 1868 2566 1924 διπλοῖ
2586 1887 2731 1932 τινες
2761 1870 2914 1934 ὄντες
2939 1870 2990 1923 οῑ
3016 1869 3293 1940 ἄνθρωποι
3316 1868 3372 1934 ἐξ
3396 1870 3557 1922 ὲναν-

1990 1960 2142 2025 τίων,
2175 1961 2297 2030 χοὸς
2323 1963 2419 2015 καὶ
2438 1962 2766 2032 πνεύματος,
2793 1962 2872 2033 τῷ
2898 1962 3211 2033 φαυλοτέρῳ
3232 1962 3292 2014 τὸ
3306 1962 3560 2031 κρεῖττον

1993 2051 2389 2122 ὕποτάττομεν,
2414 2055 2546 2123 παρ’
2585 2052 2739 2107 οὐδὲν
2777 2054 2839 2107 τὸ
2865 2055 3114 2124 κρεῖττον
3153 2054 3393 2120 θέμενοι.
3423 2050 3557 2106 Οῖον

1992 2141 2048 2195 δὲ
2077 2142 2215 2209 πρὸς
2269 2140 2529 2212 μέμψεως
2557 2142 2738 2212 λόγον,
2776 2144 2911 2213 μηδὲ
2942 2144 3074 2213 γοῦν
3116 2145 3175 2198 ἑν
3220 2145 3319 2214 ῖσῳ
3353 2144 3561 2213 θνητῆς

1995 2235 2216 2304 σαρκὸς,
2255 2234 2592 2287 θεοπλάστου
2630 2235 2852 2302 κόνεως,
2882 2234 3063 2305 ψυχὴν
3106 2236 3272 2310 τιμᾷν
3300 2234 3557 2300 ἀείζωον,

1993 2324 2185 2395 χρῆμά
2208 2342 2259 2376 τι
2291 2323 2671 2379 θεόπνευστον.
2714 2325 2854 2379 Ἀλλ’
2879 2326 3104 2394 ἀγνοίας
3133 2312 3353 2393 γνόντες
3382 2325 3559 2394 γέμον

1992 2420 2141 2471 τουτὶ
2162 2417 2223 2469 τὸ
2246 2418 2439 2483 πάθος,
2458 2418 2554 2471 καὶ
2584 2416 2785 2486 πολλῆς
2826 2417 3028 2488 ζημίας
3056 2417 3365 2486 παραίτιον,
3394 2416 3559 2483 ὀλίγα

1995 2509 2423 2579 περιθάλπωμεν
2451 2508 2513 2563 τὸ
2550 2509 2716 2580 μηδὲν
2761 2508 2994 2579 ὠφελεῖν
3039 2510 3339 2579 δυνάμενον
3369 2509 3557 2578 σῶμα,

1994 2603 2136 2655 κατὰ.
2159 2602 2252 2654 τὸν
2274 2601 2416 2654 θεῖον
2449 2603 2628 2655 εἰπεῖν
2655 2602 2927 2673 χρησμόνο
2956 2602 3042 2656 ἵνα
3068 2602 3143 2673 μὴ
3168 2601 3230 2655 ca
3254 2601 3558 2671 ζωογονοῦν

1992 2691 2235 2763 ὡσπερεὶ
2257 2693 2449 2762 νεκρὸν
2470 2695 2861 2763 ἀποφαίνωμεν
2889 2694 3127 2765 πνεῦμα.
3158 2693 3283 2747 Ἐπὶ
3303 2694 3412 2765 γὰρ
3442 2678 3559 2748 τῶν

1992 2786 2384 2856 ἀντικειμένων
2404 2788 2682 2855 ἀπάντων,
2707 2788 2774 2842 ἂν
2795 2788 3008 2859 θατέρῳ
3038 2806 3089 2841 τι
3111 2788 3313 2858 ξυμὸῇ,
3342 2787 3560 2858 θατέρῳ

1992 2879 2303 2934 τούναντίον
2351 2870 2673 2934 ἀκολουθεῖ·
2707 2881 2803 2935 καὶ
2831 2883 2931 2950 τῆς
2963 2881 3165 2949 σαρκὸς
3201 2880 3558 2949 εὖεκτούσης,

1995 2974 2174 3027 νοσεῖν
2204 2972 2421 3043 ἀνάγκη
2467 2974 2528 3026 τὸ
2560 2975 2802 3044 πνεῦμα.
2847 2974 3205 3029 ’Δντίκεινται
3250 2974 3357 3044 γὰρ
3389 2971 3560 3045 άλλη-

319 3062 549 3124 accidat,
580 3062 634 3116 in
665 3063 836 3119 altero
854 3065 1131 3120 diversum
1161 3068 1291 3136 quid
1325 3069 1579 3137 sequitur
1606 3087 1619 3123 :
1647 3081 1698 3123 et
1730 3085 1894 3125 carne
1921 3074 1962 3132 C
1994 3069 2131 3133 λοις.

318 3154 455 3209 belle
489 3165 695 3217 curata.
728 3156 979 3222 spiritum
1008 3158 1358 3229 languescere
1380 3174 1602 3216 necesse
1618 3159 1890 3231 est._Sunt

318 3247 461 3303 enim
486 3247 604 3303 haec
636 3249 1020 3318 repugnantia.

1069 3341 1133 3397 C.

390 3429 709 3487 Obtinendze
743 3439 851 3486 tam
883 3433 935 3487 in
959 3433 1059 3488 hac
1078 3434 1211 3498 vita,
1238 3450 1400 3505 quam
1432 3436 1485 3490 in
1514 3438 1704 3505 altera,
1730 3451 1890 3493 coro-

322 3533 425 3582 me,
455 3520 538 3573 vis
564 3535 961 3589 perpaucorum
990 3524 1281 3578 verborum
1305 3523 1565 3580 facillime
1592 3513 1902 3583 suffecerit,

321 3605 551 3677 Deﬂecte
573 3610 787 3676 amato,
818 3610 1274 3682 inquitdivusille
1299 3615 1544 3681 Davides,
1582 3627 1632 3670 et
1676 3619 1763 3686 fac
1805 3619 1894 3672 bo-

321 3717 467 3753 num.
501 3701 640 3768 Quid
673 3704 800 3758 huic
817 3707 1099 3762 sententiae
1132 3706 1228 3776 p'ar
1244 3723 1363 3763 esse
1391 3711 1604 3778 possit?
1635 3713 1765 3781 quid
1787 3712 1893 3767 uti-

323 3794 432 3849 lius
461 3794 484 3847 ?
512 3796 640 3865 quid
671 3797 1023 3865 expeditius?
1052 3800 1094 3854 O
1118 3801 1454 3869 spiritualem
1483 3804 1833 3875 sapientiam,
1859 3821 1892 3862 ο

322 3886 601 3956 singulare
624 3891 822 3945 mentis
844 3906 1072 3947 acumen
1097 3893 1149 3947 in
1179 3909 1265 3956 eo,
1287 3896 1380 3964 qui
1404 3896 1566 3966 hujus
1591 3908 1785 3954 auctor
1809 3909 1893 3955 est

322 3979 621 4044 sententiae,
660 3995 781 4048 quae
815 3982 1036 4050 quidem
1088 3983 1330 4053 perfecta
1374 3986 1627 4054 perfectis
1679 4003 1709 4043 a
1766 4004 1893 4059 per-

325 4065 468 4121 fecto
496 4075 582 4131 est
609 4069 830 4124 tradita.
866 4069 1133 4125 Nimirum
1169 4073 1212 4127 is
1247 4082 1426 4128 mente
1472 4074 1732 4145 praeditus
1786 4087 1890 4144 est,

321 4159 558 4228 quicum
582 4175 639 4215 se
670 4162 943 4231 pulverem
972 4167 1418 4235 norit,terr:nque
1434 4167 1592 4221 matri
1650 4167 1893 4223 debitum

320 4268 442 4308 esse
473 4253 914 4321 persolvendum,
938 4255 1122 4310 Davidi
1143 4256 1547 4326 obtemperans,
1567 4258 1895 4327 resipiscen-

324 4344 396 4397 tia
423 4355 649 4398 mortem
676 4353 975 4400 antevertet
1012 4360 1028 4399 :
1073 4346 1366 4402 vitiositate
1399 4348 1547 4402 omni
1577 4357 1761 4411 exuta,
1798 4351 1893 4403 bo-

323 4436 515 4505 nisque
542 4438 817 4504 operibus,
856 4439 919 4491 ad
946 4453 1067 4508 qius
1092 4439 1295 4493 conditi
1317 4454 1530 4502 sumus,
1572 4440 1766 4509 opiﬁce
1807 4457 1894 4497 re-

324 4541 441 4579 rum
464 4525 694 4594 placato.
724 4525 803 4579 Tu
833 4529 1073 4595 quidem,
1106 4528 1430 4583 charissima
1465 4528 1560 4591 fili,
1598 4539 1893 4599 utrumque

326 4616 551 4682 faciens,
584 4618 652 4671 ob
674 4626 928 4673 neutrum
960 4620 1162 4674 elatum
1185 4630 1236 4674 te
1279 4634 1518 4689 unquam
1570 4622 1742 4689 gerito
1773 4637 1786 4673 :
1824 4636 1893 4675 ne

323 4708 442 4774 tibi,
468 4707 803 4765 Pbarisaeunr
839 4710 1011 4777 illum,
1036 4715 1126 4781 qui
1152 4712 1408 4766 virtutem
1431 4711 1644 4767 colebat
1662 4712 1749 4767 ille
1772 4712 1893 4782 qui-

323 4798 444 4852 dem
490 4798 544 4851 in
581 4800 846 4869 moribus,
880 4800 975 4856 sed
993 4816 1333 4871 nequaquam
1357 4802 1635 4857 modestus
1664 4817 1786 4859 esse
1807 4804 1891 4858 di-

322 4888 548 4953 dicerat,
580 4890 720 4946 male
768 4892 999 4958 imitato,
1041 4894 1225 4949 multis
1257 4895 1475 4965 egregie
1528 4904 1678 4962 parta
1717 4895 1887 4949 sudo-

324 4980 497 5047 ribus,
520 4982 982 5050 quemadmodum
996 4994 1050 5041 et
1067 4984 1168 5056 ipsi
1192 4986 1466 5051 usuvenit,
1488 4985 1590 5040 levi
1609 4996 1887 5041 momento

321 5074 652 5131 adimantur.

2741 3339 2824 3392 P'.

2073 3427 2169 3499 Ῥη
2180 3426 2364 3498 μάτων
2386 3429 2582 3497 ὀλίγων
2599 3429 2829 3500 δύναμις
2854 3430 3030 3501 ῥᾷστα
3051 3428 3116 3485 ἂν
3141 3429 3424 3501 ἀρκέσειεν
3450 3423 3559 3483 ὧδε

1993 3520 2157 3574 κάκεῖ
2179 3521 2545 3588 στεφανῶσαι.
2584 3522 2908 3576 Ἔκκλινον
2934 3521 3063 3589 ἀπὸ¹
3096 3520 3304 3583 κακοῦ,
3335 3522 3502 3590 φησιν
3532 3523 3563 3575 ὁ

1996 3613 2139 3673 θεῖος
2166 3610 2350 3676 Δαὸὶδ,
2384 3612 2485 3666 καί
2524 3614 2788 3681 ποίησον
2815 3613 3058 3681 ἀγαθόν.
3096 3612 3161 3666 Τί
3190 3613 3293 3679 τῆς
3328 3611 3565 3680 γνώμης

1997 3702 2200 3773 ταύτης
2228 3703 2425 3769 γένοιτ’
2459 3704 2525 3758 ἂν
2550 3705 2664 3757 ῐσον
2687 3721 2703 3771 ;
2730 3705 2783 3758 τί
2817 3704 3275 3774 ὠφελιμώτερονς
3307 3705 3360 3756 τί
3391 3703 3565 3772 ταχύ-

1996 3811 2190 3864 τερον;
2224 3796 2290 3848 Ὦ
2325 3797 2703 3865 πνευματικῆς
2734 3794 2961 3863 σοφίαςι
2995 3794 3270 3866 ὣφρενῶν
3298 3794 3565 3862 ὀξύτητος

1995 3885 2092 3940 τοῦ
2136 3887 2435 3951 δεδωκότος
2467 3887 2567 3958 τὴν
2611 3887 2862 3957 γνώμην,
2905 3886 3119 3941 τελείαν
3151 3888 3377 3950 τελείοις
3405 3890 3564 3957 παρὰ

1994 3979 2205 4033 τελείου
2252 3978 2671 4049 γεγενημένηνι
2726 3979 2873 4033 Νοῦν
2904 3979 2996 4048 ἀρ’
3024 3979 3164 4048 ἔχων
3195 3973 3349 4042 οὗτός
3390 3981 3562 4046 ἐστιν,

1996 4070 2056 4134 ὃς
2084 4068 2259 4135 εἰδὼς,
2296 4069 2370 4132 ὡς
2394 4067 2513 4120 ἔστι
2543 4070 2697 4138 χοῦς,
2741 4071 2836 4123 καὶ
2859 4055 3039 4123 δεῖλτδ
3080 4070 3239 4138 χρέος
3269 4069 3567 4121 ἀποδοῦναι

1995 4164 2069 4230 γῇ
2096 4162 2160 4232 τῇ
2193 4160 2381 4229 μητρὶ,
2412 4159 2491 4229 τῷ
2513 4159 2678 4213 Δαὸὶδ
2708 4159 3048 4228 πειθόμενος,
3070 4158 3267 4225 φθάσει
3296 4158 3564 4227 μετανοίᾳ

1996 4252 2088 4304 τὸν
2116 4251 2370 4305 θάνατον·
2399 4250 2584 4303 πᾶσαν
2616 4250 2717 4319 μὲν
2762 4250 2965 4307 κακίαν
2997 4249 3174 4315 ἐκδὺς,
3222 4252 3473 4319 χρηστοῖς
3502 4249 3564 4301 δὲ

1998 4339 2202 4412 ἔργοις,
2234 4341 2323 4410 ἐφ’
2350 4335 2434 4403 οἷς
2483 4339 2750 4411 ἐπλάσθη,
2787 4341 2948 4393 ἵλεων
2994 4341 3086 4395 τὸν
3116 4340 3363 4408 πλάστην
3395 4340 3565 4408 ὲργαυ

1998 4436 2254 4503 σάμενος.
2292 4431 2403 4486 Καὶ
2434 4433 2497 4502 δὴ
2528 4433 2701 4486 ποιῶν
2746 4432 3054 4503 ἀμφότερα,
3099 4431 3232 4500 μηδὲ
3272 4431 3338 4483 δι’
3369 4431 3566 4498 ἕτερον

1995 4525 2361 4594 ἐπαιρόμενος
2382 4522 2588 4593 φάνηθί
2633 4539 2788 4587 ποτε,
2813 4523 3062 4591 φίλτατε·
3101 4522 3190 4576 ῖνα
3240 4520 3314 4591 μὴ
3338 4520 3427 4572 τὸν
3453 4521 3564 4573 Φα-

1998 4622 2207 4692 ρισαῖον
2238 4621 2465 4684 ἐκεῖνον,
2494 4616 2587 4671 τὸν
2632 4615 2908 4669 ἀσκοῦντα
2954 4615 3054 4684 μὲν
3081 4613 3301 4686 τρόπων
3330 4611 3566 4681 ἀρετὴν,

1998 4712 2266 4782 μηδαμῶς
2284 4711 2341 4763 δὲ
2388 4709 2703 4778 μετριάζειν
2753 4706 3131 4777 μεμαθηκότα,
3168 4702 3354 4765 κακῶς
3385 4699 3564 4770 ζηλῶ-

1992 4822 2114 4867 σας.
2168 4804 2233 4856 τά
2290 4802 2508 4863 πολλοῖς
2567 4801 2758 4869 ίδρῶσι
2815 4796 3233 4868 κατωρθωμένα
3281 4812 3364 4848 σοι
3409 4793 3563 4847 πάνυ

1994 4896 2192 4967 ῥᾳδίως
2220 4895 2548 4966 ἀφαιρεθῇς,
2582 4893 2772 4964 ὥσπερ
2803 4892 3040 4960 κάκείνῴ
3065 4886 3448 4960 συμϐέϐηκεν.
