  <div class='ocr_page' id='page_1' title='image "/cluster/home/n/w/nwhite01/storage/ocr_20150623/156/hvd.32044073502650/198.png"; bbox 0 0 3920 6200; ppageno 0'>
   <div class='ocr_carea' id='block_1_1' title="bbox 251 301 363 365">
    <p class='ocr_par' dir='ltr' id='par_1_1' title="bbox 251 301 363 365">
     <span class='ocr_line' id='line_1_1' title="bbox 251 301 363 365; baseline -0.018 0"><span class='ocrx_word' id='word_1_1' title='bbox 251 301 363 365; x_wconf 83' lang='lat'><strong>385</strong></span> 
     </span>
    </p>
   </div>
   <div class='ocr_carea' id='block_1_2' title="bbox 314 440 751 455">
    <p class='ocr_par' dir='ltr' id='par_1_2' title="bbox 314 440 751 455">
     <span class='ocr_line' id='line_1_2' title="bbox 314 440 751 455; baseline 0 -1"><span class='ocrx_word' id='word_1_2' title='bbox 314 440 751 455; x_wconf 72' lang='lat'><strong>————————-</strong></span> 
     </span>
    </p>
   </div>
   <div class='ocr_carea' id='block_1_3' title="bbox 1697 305 2078 369">
    <p class='ocr_par' dir='ltr' id='par_1_3' title="bbox 1697 305 2078 369">
     <span class='ocr_line' id='line_1_3' title="bbox 1697 305 2078 369; baseline 0.013 -5"><span class='ocrx_word' id='word_1_3' title='bbox 1697 305 1985 369; x_wconf 79' lang='lat' dir='ltr'><strong>ORATIO</strong></span> <span class='ocrx_word' id='word_1_4' title='bbox 2028 308 2078 369; x_wconf 83' lang='grc' dir='ltr'><strong>ἰ.</strong></span> 
     </span>
    </p>
   </div>
   <div class='ocr_carea' id='block_1_4' title="bbox 756 442 3383 474">
    <p class='ocr_par' dir='ltr' id='par_1_4' title="bbox 756 442 3383 474">
     <span class='ocr_line' id='line_1_4' title="bbox 756 442 3383 474; baseline 0 0"><span class='ocrx_word' id='word_1_5' title='bbox 756 442 3383 474; x_wconf 50' lang='lat' dir='ltr'><strong>M—</strong></span> 
     </span>
    </p>
   </div>
   <div class='ocr_carea' id='block_1_5' title="bbox 753 596 2988 775">
    <p class='ocr_par' dir='ltr' id='par_1_5' title="bbox 753 596 2988 775">
     <span class='ocr_line' id='line_1_5' title="bbox 753 596 2988 775; baseline 0.009 -19"><span class='ocrx_word' id='word_1_6' title='bbox 753 606 1162 761; x_wconf 90' lang='lat' dir='ltr'><strong>MAN</strong></span> <span class='ocrx_word' id='word_1_7' title='bbox 1171 604 1723 765; x_wconf 87' lang='lat' dir='ltr'><strong>UELIS</strong></span> <span class='ocrx_word' id='word_1_8' title='bbox 1834 596 2988 775; x_wconf 65' lang='lat' dir='ltr'><strong>PALZEOLOGI</strong></span> 
     </span>
    </p>
   </div>
   <div class='ocr_carea' id='block_1_6' title="bbox 1548 856 2377 944">
    <p class='ocr_par' dir='ltr' id='par_1_6' title="bbox 1548 856 2377 944">
     <span class='ocr_line' id='line_1_6' title="bbox 1548 856 2377 944; baseline 0.01 -9"><span class='ocrx_word' id='word_1_9' title='bbox 1548 875 1650 935; x_wconf 86' lang='lat' dir='ltr'><strong>AD</strong></span> <span class='ocrx_word' id='word_1_10' title='bbox 1688 856 2066 940; x_wconf 82' lang='lat' dir='ltr'><strong>JOANNEM</strong></span> <span class='ocrx_word' id='word_1_11' title='bbox 2098 882 2377 944; x_wconf 86' lang='lat' dir='ltr'><strong>FlLlUM</strong></span> 
     </span>
    </p>
   </div>
   <div class='ocr_carea' id='block_1_7' title="bbox 564 1060 3175 1203">
    <p class='ocr_par' dir='ltr' id='par_1_7' title="bbox 564 1060 3175 1203">
     <span class='ocr_line' id='line_1_7' title="bbox 564 1060 3175 1203; baseline 0.005 -28"><span class='ocrx_word' id='word_1_12' title='bbox 564 1060 1391 1179; x_wconf 83' lang='lat' dir='ltr'><strong>OBATIONES</strong></span> <span class='ocrx_word' id='word_1_13' title='bbox 1467 1065 1683 1181; x_wconf 84' lang='lat' dir='ltr'><strong>VII</strong></span> <span class='ocrx_word' id='word_1_14' title='bbox 1800 1067 3175 1203; x_wconf 79' lang='lat' dir='ltr'><strong>ETHlCO-POLITIC/E.</strong></span> 
     </span>
    </p>
   </div>
   <div class='ocr_carea' id='block_1_8' title="bbox 965 1416 1026 1473">
    <p class='ocr_par' dir='ltr' id='par_1_8' title="bbox 965 1416 1026 1473">
     <span class='ocr_line' id='line_1_8' title="bbox 965 1416 1026 1473; baseline 0 -32"><span class='ocrx_word' id='word_1_15' title='bbox 965 1416 1026 1473; x_wconf 59' lang='grc' dir='ltr'><strong>Δ,</strong></span> 
     </span>
    </p>
   </div>
   <div class='ocr_carea' id='block_1_9' title="bbox 1846 1422 1893 1478">
    <p class='ocr_par' dir='ltr' id='par_1_9' title="bbox 1846 1422 1893 1478">
     <span class='ocr_line' id='line_1_9' title="bbox 1846 1422 1893 1478; baseline 0 0"><span class='ocrx_word' id='word_1_16' title='bbox 1846 1422 1893 1478; x_wconf 81' lang='grc' dir='ltr'><strong>Α</strong></span> 
     </span>
    </p>
   </div>
   <div class='ocr_carea' id='block_1_10' title="bbox 1842 1302 1911 1322">
    <p class='ocr_par' dir='ltr' id='par_1_10' title="bbox 1842 1302 1911 1322">
     <span class='ocr_line' id='line_1_10' title="bbox 1842 1302 1911 1322; baseline 0 -3"><span class='ocrx_word' id='word_1_17' title='bbox 1842 1302 1911 1322; x_wconf 56' lang='grc' dir='ltr'><strong>ηρ</strong></span> 
     </span>
    </p>
   </div>
   <div class='ocr_carea' id='block_1_11' title="bbox 2678 1422 2720 1475">
    <p class='ocr_par' dir='ltr' id='par_1_11' title="bbox 2678 1422 2720 1475">
     <span class='ocr_line' id='line_1_11' title="bbox 2678 1422 2720 1475; baseline 0 0"><span class='ocrx_word' id='word_1_18' title='bbox 2678 1422 2720 1475; x_wconf 83' lang='grc'><strong>1.</strong></span> 
     </span>
    </p>
   </div>
   <div class='ocr_carea' id='block_1_12' title="bbox 246 1509 1812 1587">
    <p class='ocr_par' dir='ltr' id='par_1_12' title="bbox 246 1509 1812 1587">
     <span class='ocr_line' id='line_1_12' title="bbox 246 1509 1812 1587; baseline 0.01 -25"><span class='ocrx_word' id='word_1_19' title='bbox 246 1513 442 1584; x_wconf 76' lang='grc' dir='ltr'>Λόγος</span> <span class='ocrx_word' id='word_1_20' title='bbox 466 1510 899 1587; x_wconf 59' lang='grc' dir='ltr'>προτρεπτικρς</span> <span class='ocrx_word' id='word_1_21' title='bbox 920 1510 1276 1587; x_wconf 49' lang='grc' dir='ltr'><strong>εις-λέγους’,</strong></span> <span class='ocrx_word' id='word_1_22' title='bbox 1315 1509 1413 1565; x_wconf 63' lang='grc' dir='ltr'><strong>καὶ</strong></span> <span class='ocrx_word' id='word_1_23' title='bbox 1439 1511 1572 1581; x_wconf 63' lang='grc' dir='ltr'><strong>περὶ</strong></span> <span class='ocrx_word' id='word_1_24' title='bbox 1595 1510 1812 1580; x_wconf 77' lang='grc' dir='ltr'>ἀρετῆς</span> 
     </span>
    </p>
   </div>
   <div class='ocr_carea' id='block_1_13' title="bbox 1917 1509 3490 1587">
    <p class='ocr_par' dir='ltr' id='par_1_13' title="bbox 1922 1513 3490 1587">
     <span class='ocr_line' id='line_1_13' title="bbox 1922 1513 3490 1587; baseline 0.008 -23"><span class='ocrx_word' id='word_1_25' title='bbox 1922 1513 2106 1567; x_wconf 80' lang='lat' dir='ltr'><strong>Oratio</strong></span> <span class='ocrx_word' id='word_1_26' title='bbox 2121 1514 2424 1567; x_wconf 78' lang='lat' dir='ltr'><strong>hortatoria</strong></span> <span class='ocrx_word' id='word_1_27' title='bbox 2442 1514 2510 1566; x_wconf 83' lang='lat' dir='ltr'><strong>ad</strong></span> <span class='ocrx_word' id='word_1_28' title='bbox 2531 1513 2844 1587; x_wconf 69' lang='lat' dir='ltr'><strong>eloquentia:</strong></span> <span class='ocrx_word' id='word_1_29' title='bbox 2879 1516 3078 1584; x_wconf 78' lang='lat' dir='ltr'><strong>studia,</strong></span> <span class='ocrx_word' id='word_1_30' title='bbox 3102 1520 3264 1587; x_wconf 80' lang='lat' dir='ltr'><strong><em>deque</em></strong></span> <span class='ocrx_word' id='word_1_31' title='bbox 3304 1523 3490 1577; x_wconf 79' lang='lat' dir='ltr'><strong>virtute</strong></span> 
     </span>
    </p>
   </div>
   <div class='ocr_carea' id='block_1_14' title="bbox 672 1580 1382 1649">
    <p class='ocr_par' dir='ltr' id='par_1_14' title="bbox 672 1580 1382 1649">
     <span class='ocr_line' id='line_1_14' title="bbox 672 1580 1382 1649; baseline 0.001 -14"><span class='ocrx_word' id='word_1_32' title='bbox 672 1580 773 1635; x_wconf 71' lang='grc' dir='ltr'><strong>καί</strong></span> <span class='ocrx_word' id='word_1_33' title='bbox 809 1580 1036 1649; x_wconf 76' lang='grc' dir='ltr'>ἀγαθοῦ</span> <span class='ocrx_word' id='word_1_34' title='bbox 1063 1580 1382 1649; x_wconf 76' lang='grc' dir='ltr'>ἄρχοντος.</span> 
     </span>
    </p>
   </div>
   <div class='ocr_carea' id='block_1_15' title="bbox 312 1692 1816 1763">
    <p class='ocr_par' dir='ltr' id='par_1_15' title="bbox 312 1692 1816 1763">
     <span class='ocr_line' id='line_1_15' title="bbox 312 1692 1816 1763; baseline 0.001 -16"><span class='ocrx_word' id='word_1_35' title='bbox 312 1694 426 1748; x_wconf 82' lang='grc' dir='ltr'><strong>Τοῦ</strong></span> <span class='ocrx_word' id='word_1_36' title='bbox 455 1693 637 1757; x_wconf 88' lang='grc' dir='ltr'>καλῶς</span> <span class='ocrx_word' id='word_1_37' title='bbox 662 1692 988 1749; x_wconf 69' lang='grc' dir='ltr'>δπίστασθαι</span> <span class='ocrx_word' id='word_1_38' title='bbox 1006 1694 1188 1763; x_wconf 86' lang='grc' dir='ltr'>λέγειν</span> <span class='ocrx_word' id='word_1_39' title='bbox 1216 1694 1371 1748; x_wconf 80' lang='grc' dir='ltr'>οὐδὲν</span> <span class='ocrx_word' id='word_1_40' title='bbox 1398 1695 1465 1750; x_wconf 87' lang='grc' dir='ltr'><strong>ἀν</strong></span> <span class='ocrx_word' id='word_1_41' title='bbox 1496 1696 1705 1763; x_wconf 83' lang='grc' dir='ltr'>γένοιτο</span> <span class='ocrx_word' id='word_1_42' title='bbox 1720 1695 1816 1748; x_wconf 90' lang='grc' dir='ltr'>λυ-</span> 
     </span>
    </p>
   </div>
   <div class='ocr_carea' id='block_1_16' title="bbox 250 1783 1816 1857">
    <p class='ocr_par' dir='ltr' id='par_1_16' title="bbox 250 1783 1816 1857">
     <span class='ocr_line' id='line_1_16' title="bbox 250 1783 1816 1857; baseline -0.001 -16"><span class='ocrx_word' id='word_1_43' title='bbox 250 1788 631 1857; x_wconf 78' lang='grc' dir='ltr'>σιτελέστερον</span> <span class='ocrx_word' id='word_1_44' title='bbox 652 1787 915 1857; x_wconf 87' lang='grc' dir='ltr'>ἀρχουσιν</span> <span class='ocrx_word' id='word_1_45' title='bbox 946 1786 1227 1840; x_wconf 73' lang='grc' dir='ltr'>ἐθέλουσιν</span> <span class='ocrx_word' id='word_1_46' title='bbox 1258 1787 1484 1857; x_wconf 78' lang='grc' dir='ltr'><strong>ἀγαθοῖς</strong></span> <span class='ocrx_word' id='word_1_47' title='bbox 1516 1783 1684 1851; x_wconf 73' lang='grc' dir='ltr'>εἶναι,</span> <span class='ocrx_word' id='word_1_48' title='bbox 1723 1787 1816 1843; x_wconf 79' lang='grc' dir='ltr'><strong>νοῦ</strong></span> 
     </span>
    </p>
   </div>
   <div class='ocr_carea' id='block_1_17' title="bbox 248 1878 1816 1952">
    <p class='ocr_par' dir='ltr' id='par_1_17' title="bbox 248 1878 1816 1952">
     <span class='ocr_line' id='line_1_17' title="bbox 248 1878 1816 1952; baseline -0.001 -18"><span class='ocrx_word' id='word_1_49' title='bbox 248 1898 307 1934; x_wconf 86' lang='grc' dir='ltr'><strong>τε</strong></span> <span class='ocrx_word' id='word_1_50' title='bbox 341 1880 513 1952; x_wconf 80' lang='grc' dir='ltr'><strong>βάρος</strong></span> <span class='ocrx_word' id='word_1_51' title='bbox 538 1880 751 1950; x_wconf 74' lang='grc' dir='ltr'>ἔχουσι,</span> <span class='ocrx_word' id='word_1_52' title='bbox 778 1881 875 1933; x_wconf 70' lang='grc' dir='ltr'>καὶ</span> <span class='ocrx_word' id='word_1_53' title='bbox 900 1878 1035 1949; x_wconf 77' lang='grc' dir='ltr'>πρὸς</span> <span class='ocrx_word' id='word_1_54' title='bbox 1062 1878 1124 1931; x_wconf 76' lang='grc' dir='ltr'>τὸ</span> <span class='ocrx_word' id='word_1_55' title='bbox 1154 1882 1304 1949; x_wconf 78' lang='grc' dir='ltr'>κοινῇ</span> <span class='ocrx_word' id='word_1_56' title='bbox 1335 1881 1579 1934; x_wconf 77' lang='grc' dir='ltr'><strong>συνοῖσον</strong></span> <span class='ocrx_word' id='word_1_57' title='bbox 1626 1880 1816 1950; x_wconf 83' lang='grc' dir='ltr'>ὁρῶσι,</span> 
     </span>
    </p>
   </div>
   <div class='ocr_carea' id='block_1_18' title="bbox 249 1972 1818 2043">
    <p class='ocr_par' dir='ltr' id='par_1_18' title="bbox 249 1972 1818 2043">
     <span class='ocr_line' id='line_1_18' title="bbox 249 1972 1818 2043; baseline -0.001 -18"><span class='ocrx_word' id='word_1_58' title='bbox 249 1974 363 2026; x_wconf 85' lang='grc' dir='ltr'><strong>τῶν</strong></span> <span class='ocrx_word' id='word_1_59' title='bbox 392 1991 455 2026; x_wconf 79' lang='grc' dir='ltr'><strong>τε</strong></span> <span class='ocrx_word' id='word_1_60' title='bbox 501 1972 728 2041; x_wconf 78' lang='grc' dir='ltr'>ἀγαθῶν</span> <span class='ocrx_word' id='word_1_61' title='bbox 781 1972 977 2043; x_wconf 74' lang='grc' dir='ltr'>ἐρῶσι,</span> <span class='ocrx_word' id='word_1_62' title='bbox 1034 1972 1131 2025; x_wconf 81' lang='grc' dir='ltr'>καὶ</span> <span class='ocrx_word' id='word_1_63' title='bbox 1188 1972 1353 2042; x_wconf 83' lang='grc' dir='ltr'>μηδὲν</span> <span class='ocrx_word' id='word_1_64' title='bbox 1398 1975 1499 2039; x_wconf 78' lang='grc' dir='ltr'>τῆς</span> <span class='ocrx_word' id='word_1_65' title='bbox 1558 1972 1818 2042; x_wconf 77' lang='grc' dir='ltr'><strong>ἀληθείας</strong></span> 
     </span>
    </p>
   </div>
   <div class='ocr_carea' id='block_1_19' title="bbox 248 2062 1811 2137">
    <p class='ocr_par' dir='ltr' id='par_1_19' title="bbox 248 2062 1811 2137">
     <span class='ocr_line' id='line_1_19' title="bbox 248 2062 1811 2137; baseline -0.001 -19"><span class='ocrx_word' id='word_1_66' title='bbox 248 2064 595 2137; x_wconf 79' lang='grc' dir='ltr'><strong>προτιμῶσι.</strong></span> <span class='ocrx_word' id='word_1_67' title='bbox 628 2062 804 2117; x_wconf 80' lang='grc' dir='ltr'>Τοῦτο</span> <span class='ocrx_word' id='word_1_68' title='bbox 845 2065 1084 2117; x_wconf 79' lang='grc' dir='ltr'>τουτοισὶ</span> <span class='ocrx_word' id='word_1_69' title='bbox 1135 2067 1248 2128; x_wconf 83' lang='grc' dir='ltr'>τοῖς</span> <span class='ocrx_word' id='word_1_70' title='bbox 1297 2064 1527 2135; x_wconf 80' lang='grc' dir='ltr'>ἀνδράσι</span> <span class='ocrx_word' id='word_1_71' title='bbox 1563 2067 1811 2134; x_wconf 85' lang='grc' dir='ltr'>κρεῖττον</span> 
     </span>
    </p>
   </div>
   <div class='ocr_carea' id='block_1_20' title="bbox 246 2154 1819 2227">
    <p class='ocr_par' dir='ltr' id='par_1_20' title="bbox 246 2154 1819 2227">
     <span class='ocr_line' id='line_1_20' title="bbox 246 2154 1819 2227; baseline -0.001 -16"><span class='ocrx_word' id='word_1_72' title='bbox 246 2156 554 2227; x_wconf 85' lang='grc' dir='ltr'>ἀτεχνῶςῆ</span> <span class='ocrx_word' id='word_1_73' title='bbox 590 2155 870 2219; x_wconf 78' lang='grc' dir='ltr'>πλουτεῖν,</span> <span class='ocrx_word' id='word_1_74' title='bbox 897 2157 995 2209; x_wconf 69' lang='grc' dir='ltr'>καὶ</span> <span class='ocrx_word' id='word_1_75' title='bbox 1016 2156 1145 2218; x_wconf 84' lang='grc' dir='ltr'>τοὺς</span> <span class='ocrx_word' id='word_1_76' title='bbox 1186 2154 1280 2208; x_wconf 80' lang='grc' dir='ltr'>τοῦ</span> <span class='ocrx_word' id='word_1_77' title='bbox 1313 2156 1553 2225; x_wconf 84' lang='grc' dir='ltr'>Κροίσου</span> <span class='ocrx_word' id='word_1_78' title='bbox 1613 2155 1819 2224; x_wconf 87' lang='grc' dir='ltr'>θησαυ-</span> 
     </span>
    </p>
   </div>
   <div class='ocr_carea' id='block_1_21' title="bbox 248 2245 1819 2319">
    <p class='ocr_par' dir='ltr' id='par_1_21' title="bbox 248 2245 1819 2319">
     <span class='ocr_line' id='line_1_21' title="bbox 248 2245 1819 2319; baseline -0.001 -17"><span class='ocrx_word' id='word_1_79' title='bbox 248 2250 384 2319; x_wconf 72' lang='grc' dir='ltr'>ροὺς</span> <span class='ocrx_word' id='word_1_80' title='bbox 408 2250 493 2310; x_wconf 83' lang='grc' dir='ltr'><strong>είς</strong></span> <span class='ocrx_word' id='word_1_81' title='bbox 525 2247 832 2316; x_wconf 75' lang='grc' dir='ltr'><strong>ἀσφαλείας</strong></span> <span class='ocrx_word' id='word_1_82' title='bbox 858 2246 1019 2313; x_wconf 86' lang='grc' dir='ltr'>λόγον</span> <span class='ocrx_word' id='word_1_83' title='bbox 1058 2245 1195 2299; x_wconf 81' lang='grc' dir='ltr'>πολὺ</span> <span class='ocrx_word' id='word_1_84' title='bbox 1223 2245 1434 2312; x_wconf 83' lang='grc' dir='ltr'>νικῶν,,</span> <span class='ocrx_word' id='word_1_85' title='bbox 1465 2247 1819 2316; x_wconf 73' lang='grc' dir='ltr'>ἰσχυρότερον</span> 
     </span>
    </p>
   </div>
   <div class='ocr_carea' id='block_1_22' title="bbox 244 2338 1821 2411">
    <p class='ocr_par' dir='ltr' id='par_1_22' title="bbox 244 2338 1821 2411">
     <span class='ocr_line' id='line_1_22' title="bbox 244 2338 1821 2411; baseline 0 -19"><span class='ocrx_word' id='word_1_86' title='bbox 244 2342 350 2411; x_wconf 80' lang='grc' dir='ltr'>τῆς</span> <span class='ocrx_word' id='word_1_87' title='bbox 415 2340 620 2411; x_wconf 77' lang='grc' dir='ltr'>Ξέρξου</span> <span class='ocrx_word' id='word_1_88' title='bbox 684 2339 1062 2409; x_wconf 78' lang='grc' dir='ltr'>πολυχειρίας,</span> <span class='ocrx_word' id='word_1_89' title='bbox 1118 2338 1411 2408; x_wconf 84' lang='grc' dir='ltr'>σφενδόνης</span> <span class='ocrx_word' id='word_1_90' title='bbox 1480 2338 1656 2405; x_wconf 82' lang='grc' dir='ltr'>Γύγου</span> <span class='ocrx_word' id='word_1_91' title='bbox 1719 2339 1821 2408; x_wconf 82' lang='grc' dir='ltr'>τῆς</span> 
     </span>
    </p>
   </div>
   <div class='ocr_carea' id='block_1_23' title="bbox 248 2428 1820 2501">
    <p class='ocr_par' dir='ltr' id='par_1_23' title="bbox 248 2428 1820 2501">
     <span class='ocr_line' id='line_1_23' title="bbox 248 2428 1820 2501; baseline -0.002 -17"><span class='ocrx_word' id='word_1_92' title='bbox 248 2431 496 2501; x_wconf 86' lang='grc' dir='ltr'>μυθικῆς</span> <span class='ocrx_word' id='word_1_93' title='bbox 529 2431 627 2485; x_wconf 79' lang='grc' dir='ltr'><strong>σὺν</strong></span> <span class='ocrx_word' id='word_1_94' title='bbox 653 2430 732 2500; x_wconf 82' lang='grc' dir='ltr'>τῷ</span> <span class='ocrx_word' id='word_1_95' title='bbox 755 2428 905 2498; x_wconf 87' lang='grc' dir='ltr'><strong>καλῷ</strong></span> <span class='ocrx_word' id='word_1_96' title='bbox 940 2428 1252 2499; x_wconf 85' lang='grc' dir='ltr'>βιαιότερον</span> <span class='ocrx_word' id='word_1_97' title='bbox 1273 2444 1289 2461; x_wconf 74' lang='grc' dir='ltr'><strong><em>ο</em></strong></span> <span class='ocrx_word' id='word_1_98' title='bbox 1331 2430 1424 2481; x_wconf 76' lang='grc' dir='ltr'>καὶ</span> <span class='ocrx_word' id='word_1_99' title='bbox 1451 2428 1589 2492; x_wconf 84' lang='grc' dir='ltr'><strong>ὅλως</strong></span> <span class='ocrx_word' id='word_1_100' title='bbox 1612 2429 1820 2482; x_wconf 87' lang='grc' dir='ltr'>τούτων</span> 
     </span>
    </p>
   </div>
   <div class='ocr_carea' id='block_1_24' title="bbox 244 2519 1821 2591">
    <p class='ocr_par' dir='ltr' id='par_1_24' title="bbox 244 2519 1821 2591">
     <span class='ocr_line' id='line_1_24' title="bbox 244 2519 1821 2591; baseline -0.003 -16"><span class='ocrx_word' id='word_1_101' title='bbox 244 2521 669 2591; x_wconf 82' lang='grc' dir='ltr'>ἀνυσιμώτερόν</span> <span class='ocrx_word' id='word_1_102' title='bbox 694 2537 756 2574; x_wconf 89' lang='grc' dir='ltr'><strong>τε</strong></span> <span class='ocrx_word' id='word_1_103' title='bbox 787 2521 881 2573; x_wconf 66' lang='grc' dir='ltr'><strong>καλ⁸</strong></span> <span class='ocrx_word' id='word_1_104' title='bbox 934 2519 1284 2591; x_wconf 84' lang='grc' dir='ltr'>τιμιώτερον,</span> <span class='ocrx_word' id='word_1_105' title='bbox 1336 2520 1461 2574; x_wconf 83' lang='grc' dir='ltr'>ὅσον</span> <span class='ocrx_word' id='word_1_106' title='bbox 1498 2521 1605 2573; x_wconf 75' lang='grc' dir='ltr'>οὐδ’</span> <span class='ocrx_word' id='word_1_107' title='bbox 1643 2522 1821 2574; x_wconf 79' lang='grc' dir='ltr'>εἰπεῖν</span> 
     </span>
    </p>
   </div>
   <div class='ocr_carea' id='block_1_25' title="bbox 245 2610 1821 2684">
    <p class='ocr_par' dir='ltr' id='par_1_25' title="bbox 245 2610 1821 2684">
     <span class='ocr_line' id='line_1_25' title="bbox 245 2610 1821 2684; baseline -0.003 -14"><span class='ocrx_word' id='word_1_108' title='bbox 245 2617 314 2670; x_wconf 81' lang='grc' dir='ltr'>ἂν</span> <span class='ocrx_word' id='word_1_109' title='bbox 342 2617 433 2683; x_wconf 74' lang='grc' dir='ltr'>εἴη</span> <span class='ocrx_word' id='word_1_110' title='bbox 466 2616 575 2667; x_wconf 89' lang='grc' dir='ltr'><strong>τῶν</strong></span> <span class='ocrx_word' id='word_1_111' title='bbox 620 2614 888 2684; x_wconf 85' lang='grc' dir='ltr'>εύχερῶν.</span> <span class='ocrx_word' id='word_1_112' title='bbox 920 2613 1224 2681; x_wconf 80' lang='grc' dir='ltr'>Σκοπῶμεν</span> <span class='ocrx_word' id='word_1_113' title='bbox 1263 2610 1329 2682; x_wconf 80' lang='grc' dir='ltr'>δὴ</span> <span class='ocrx_word' id='word_1_114' title='bbox 1358 2611 1468 2666; x_wconf 88' lang='grc' dir='ltr'><strong>τῶν</strong></span> <span class='ocrx_word' id='word_1_115' title='bbox 1513 2612 1821 2682; x_wconf 83' lang='grc' dir='ltr'>εἰρημένων</span> 
     </span>
    </p>
   </div>
   <div class='ocr_carea' id='block_1_26' title="bbox 243 2702 1815 2777">
    <p class='ocr_par' dir='ltr' id='par_1_26' title="bbox 243 2702 1815 2777">
     <span class='ocr_line' id='line_1_26' title="bbox 243 2702 1815 2777; baseline -0.004 -16"><span class='ocrx_word' id='word_1_116' title='bbox 243 2707 468 2777; x_wconf 79' lang='grc' dir='ltr'>ἀνδρῶν</span> <span class='ocrx_word' id='word_1_117' title='bbox 495 2706 743 2770; x_wconf 72' lang='grc' dir='ltr'>ἕκαστον,</span> <span class='ocrx_word' id='word_1_118' title='bbox 779 2705 875 2757; x_wconf 74' lang='grc' dir='ltr'>καὶ</span> <span class='ocrx_word' id='word_1_119' title='bbox 921 2705 973 2756; x_wconf 87' lang='grc' dir='ltr'><strong>τί</strong></span> <span class='ocrx_word' id='word_1_120' title='bbox 1018 2720 1147 2757; x_wconf 84' lang='grc' dir='ltr'>ποτε</span> <span class='ocrx_word' id='word_1_121' title='bbox 1181 2703 1498 2769; x_wconf 77' lang='grc' dir='ltr'>δεδύνηνται</span> <span class='ocrx_word' id='word_1_122' title='bbox 1539 2702 1815 2772; x_wconf 84' lang='grc' dir='ltr'>κατορθῶ·</span> 
     </span>
    </p>
   </div>
   <div class='ocr_carea' id='block_1_27' title="bbox 246 2790 1817 2875">
    <p class='ocr_par' dir='ltr' id='par_1_27' title="bbox 246 2790 1817 2875">
     <span class='ocr_line' id='line_1_27' title="bbox 246 2790 1817 2875; baseline -0.004 -23"><span class='ocrx_word' id='word_1_123' title='bbox 246 2816 370 2863; x_wconf 90' lang='grc' dir='ltr'>σαι,</span> <span class='ocrx_word' id='word_1_124' title='bbox 398 2797 468 2850; x_wconf 88' lang='grc' dir='ltr'><strong>δι’</strong></span> <span class='ocrx_word' id='word_1_125' title='bbox 500 2790 573 2850; x_wconf 81' lang='grc' dir='ltr'>ὧν</span> <span class='ocrx_word' id='word_1_126' title='bbox 599 2813 666 2865; x_wconf 84' lang='grc' dir='ltr'><strong>γε</strong></span> <span class='ocrx_word' id='word_1_127' title='bbox 689 2795 1013 2865; x_wconf 82' lang='grc' dir='ltr'>νενομίκασι</span> <span class='ocrx_word' id='word_1_128' title='bbox 1056 2793 1202 2863; x_wconf 77' lang='grc' dir='ltr'>μέγα</span> <span class='ocrx_word' id='word_1_129' title='bbox 1237 2810 1292 2847; x_wconf 83' lang='grc' dir='ltr'><strong>τι</strong></span> <span class='ocrx_word' id='word_1_130' title='bbox 1324 2794 1420 2847; x_wconf 67' lang='grc' dir='ltr'><strong>καλ⁸</strong></span> <span class='ocrx_word' id='word_1_131' title='bbox 1451 2797 1700 2862; x_wconf 85' lang='grc' dir='ltr'>γενναῖον</span> <span class='ocrx_word' id='word_1_132' title='bbox 1721 2794 1817 2875; x_wconf 66' lang='grc' dir='ltr'>δυ-</span> 
     </span>
    </p>
   </div>
   <div class='ocr_carea' id='block_1_28' title="bbox 245 2886 1810 2962">
    <p class='ocr_par' dir='ltr' id='par_1_28' title="bbox 245 2886 1810 2962">
     <span class='ocr_line' id='line_1_28' title="bbox 245 2886 1810 2962; baseline -0.006 -17"><span class='ocrx_word' id='word_1_133' title='bbox 245 2889 520 2962; x_wconf 77' lang='grc' dir='ltr'>νήσεσθαι</span> <span class='ocrx_word' id='word_1_134' title='bbox 569 2887 912 2959; x_wconf 75' lang='grc' dir='ltr'>δεδρακέναι.</span> <span class='ocrx_word' id='word_1_135' title='bbox 976 2887 1209 2939; x_wconf 86' lang='grc' dir='ltr'>Ἔπειτα</span> <span class='ocrx_word' id='word_1_136' title='bbox 1256 2886 1349 2939; x_wconf 79' lang='grc' dir='ltr'>τὸν</span> <span class='ocrx_word' id='word_1_137' title='bbox 1390 2886 1570 2953; x_wconf 88' lang='grc' dir='ltr'>λόγοις</span> <span class='ocrx_word' id='word_1_138' title='bbox 1605 2886 1810 2938; x_wconf 82' lang='grc' dir='ltr'>εὐδόκι-</span> 
     </span>
    </p>
   </div>
   <div class='ocr_carea' id='block_1_29' title="bbox 245 2975 1818 3051">
    <p class='ocr_par' dir='ltr' id='par_1_29' title="bbox 245 2975 1818 3051">
     <span class='ocr_line' id='line_1_29' title="bbox 245 2975 1818 3051; baseline -0.005 -16"><span class='ocrx_word' id='word_1_139' title='bbox 245 3000 352 3051; x_wconf 87' lang='grc' dir='ltr'><strong>μον</strong></span> <span class='ocrx_word' id='word_1_140' title='bbox 418 2978 661 3033; x_wconf 78' lang='grc' dir='ltr'>τουτοισὶ</span> <span class='ocrx_word' id='word_1_141' title='bbox 725 2976 1152 3047; x_wconf 76' lang='grc' dir='ltr'>παραϐάλωμεν,</span> <span class='ocrx_word' id='word_1_142' title='bbox 1200 2975 1329 3030; x_wconf 84' lang='grc' dir='ltr'>δντα</span> <span class='ocrx_word' id='word_1_143' title='bbox 1373 2993 1438 3043; x_wconf 87' lang='grc' dir='ltr'><strong>γε</strong></span> <span class='ocrx_word' id='word_1_144' title='bbox 1502 2976 1596 3030; x_wconf 80' lang='grc' dir='ltr'>καὶ</span> <span class='ocrx_word' id='word_1_145' title='bbox 1649 2975 1818 3028; x_wconf 80' lang='grc' dir='ltr'>τᾶλλα</span> 
     </span>
    </p>
   </div>
   <div class='ocr_carea' id='block_1_30' title="bbox 240 3066 1817 3140">
    <p class='ocr_par' dir='ltr' id='par_1_30' title="bbox 240 3066 1817 3140">
     <span class='ocr_line' id='line_1_30' title="bbox 240 3066 1817 3140; baseline -0.006 -13"><span class='ocrx_word' id='word_1_146' title='bbox 240 3071 502 3127; x_wconf 80' lang='grc' dir='ltr'>τοιοῦτον</span> <span class='ocrx_word' id='word_1_147' title='bbox 534 3066 920 3140; x_wconf 79' lang='grc' dir='ltr'>ἀρχοντα,οίον</span> <span class='ocrx_word' id='word_1_148' title='bbox 948 3069 1112 3132; x_wconf 82' lang='grc' dir='ltr'>εὐθὺς</span> <span class='ocrx_word' id='word_1_149' title='bbox 1143 3066 1687 3139; x_wconf 75' lang='grc' dir='ltr'>ὲπροοιμιασάμεθα.</span> <span class='ocrx_word' id='word_1_150' title='bbox 1710 3066 1817 3119; x_wconf 69' lang='grc' dir='ltr'><strong>Καὶ</strong></span> 
     </span>
    </p>
   </div>
   <div class='ocr_carea' id='block_1_31' title="bbox 243 3158 1818 3235">
    <p class='ocr_par' dir='ltr' id='par_1_31' title="bbox 243 3158 1818 3235">
     <span class='ocr_line' id='line_1_31' title="bbox 243 3158 1818 3235; baseline -0.005 -17"><span class='ocrx_word' id='word_1_151' title='bbox 243 3166 363 3235; x_wconf 84' lang='grc' dir='ltr'><strong>γὰρ</strong></span> <span class='ocrx_word' id='word_1_152' title='bbox 400 3163 530 3233; x_wconf 72' lang='grc' dir='ltr'>τῇδέ</span> <span class='ocrx_word' id='word_1_153' title='bbox 564 3179 640 3231; x_wconf 86' lang='grc' dir='ltr'><strong>πη</strong></span> <span class='ocrx_word' id='word_1_154' title='bbox 692 3161 1087 3229; x_wconf 81' lang='grc' dir='ltr'>διακρίνοντας,</span> <span class='ocrx_word' id='word_1_155' title='bbox 1155 3161 1253 3214; x_wconf 88' lang='grc' dir='ltr'><strong>ούκ</strong></span> <span class='ocrx_word' id='word_1_156' title='bbox 1306 3158 1463 3229; x_wconf 71' lang='grc' dir='ltr'>οἶμαί</span> <span class='ocrx_word' id='word_1_157' title='bbox 1493 3175 1556 3227; x_wconf 84' lang='grc' dir='ltr'><strong>γε</strong></span> <span class='ocrx_word' id='word_1_158' title='bbox 1619 3159 1818 3229; x_wconf 78' lang='grc' dir='ltr'>ῥᾳδίως</span> 
     </span>
    </p>
   </div>
   <div class='ocr_carea' id='block_1_32' title="bbox 240 3250 1818 3326">
    <p class='ocr_par' dir='ltr' id='par_1_32' title="bbox 240 3250 1818 3326">
     <span class='ocr_line' id='line_1_32' title="bbox 240 3250 1818 3326; baseline -0.023 22"><span class='ocrx_word' id='word_1_159' title='bbox 240 3257 400 3326; x_wconf 64' lang='grc' dir='ltr'><strong>ἡμᾶς</strong></span> <span class='ocrx_word' id='word_1_160' title='bbox 427 3253 835 3324; x_wconf 61' lang='grc' dir='ltr'><strong>ἐξαμαρτήπιν</strong></span> <span class='ocrx_word' id='word_1_161' title='bbox 864 3253 964 3320; x_wconf 61' lang='grc' dir='ltr'><strong>τῆς</strong></span> <span class='ocrx_word' id='word_1_162' title='bbox 996 3252 1276 3321; x_wconf 80' lang='grc' dir='ltr'>ἀληθείας.</span> <span class='ocrx_word' id='word_1_163' title='bbox 1320 3250 1380 3305; x_wconf 81' lang='grc' dir='ltr'><strong>Ὅ</strong></span> <span class='ocrx_word' id='word_1_164' title='bbox 1410 3253 1508 3321; x_wconf 73' lang='grc' dir='ltr'><strong>μδν</strong></span> <span class='ocrx_word' id='word_1_165' title='bbox 1531 3250 1624 3303; x_wconf 79' lang='grc' dir='ltr'>οὖν</span> <span class='ocrx_word' id='word_1_166' title='bbox 1649 3250 1818 3311; x_wconf 76' lang='grc' dir='ltr'>πολὺς</span> 
     </span>
    </p>
   </div>
   <div class='ocr_carea' id='block_1_33' title="bbox 241 3343 1817 3416">
    <p class='ocr_par' dir='ltr' id='par_1_33' title="bbox 241 3343 1817 3416">
     <span class='ocr_line' id='line_1_33' title="bbox 241 3343 1817 3416; baseline -0.003 -16"><span class='ocrx_word' id='word_1_167' title='bbox 241 3349 463 3409; x_wconf 67' lang='grc' dir='ltr'>ἐκεῖνος</span> <span class='ocrx_word' id='word_1_168' title='bbox 496 3349 696 3416; x_wconf 82' lang='grc' dir='ltr'>χρυσδς</span> <span class='ocrx_word' id='word_1_169' title='bbox 716 3346 809 3399; x_wconf 80' lang='grc' dir='ltr'>τὸν</span> <span class='ocrx_word' id='word_1_170' title='bbox 839 3346 928 3399; x_wconf 70' lang='grc' dir='ltr'><strong>ἐπ’</strong></span> <span class='ocrx_word' id='word_1_171' title='bbox 953 3344 1103 3414; x_wconf 86' lang='grc' dir='ltr'><strong>αύτῷ</strong></span> <span class='ocrx_word' id='word_1_172' title='bbox 1148 3345 1293 3414; x_wconf 84' lang='grc' dir='ltr'>μέγα</span> <span class='ocrx_word' id='word_1_173' title='bbox 1330 3343 1631 3415; x_wconf 82' lang='grc' dir='ltr'>φρονοῦντα</span> <span class='ocrx_word' id='word_1_174' title='bbox 1653 3344 1817 3413; x_wconf 85' lang='grc' dir='ltr'><strong>Κροῖ⁶</strong></span> 
     </span>
    </p>
   </div>
   <div class='ocr_carea' id='block_1_34' title="bbox 243 3433 1816 3506">
    <p class='ocr_par' dir='ltr' id='par_1_34' title="bbox 243 3433 1816 3506">
     <span class='ocr_line' id='line_1_34' title="bbox 243 3433 1816 3506; baseline -0.003 -16"><span class='ocrx_word' id='word_1_175' title='bbox 243 3454 341 3492; x_wconf 86' lang='grc' dir='ltr'><strong>σον</strong></span> <span class='ocrx_word' id='word_1_176' title='bbox 371 3436 686 3506; x_wconf 81' lang='grc' dir='ltr'>ψευσθέντα</span> <span class='ocrx_word' id='word_1_177' title='bbox 730 3435 839 3489; x_wconf 89' lang='grc' dir='ltr'><strong>τῶν</strong></span> <span class='ocrx_word' id='word_1_178' title='bbox 890 3434 1119 3489; x_wconf 74' lang='grc' dir='ltr'>ἐλπίδων</span> <span class='ocrx_word' id='word_1_179' title='bbox 1152 3437 1427 3502; x_wconf 81' lang='grc' dir='ltr'>ἀπέφηνε,</span> <span class='ocrx_word' id='word_1_180' title='bbox 1471 3434 1566 3486; x_wconf 80' lang='grc' dir='ltr'>καὶ</span> <span class='ocrx_word' id='word_1_181' title='bbox 1592 3433 1816 3501; x_wconf 80' lang='grc' dir='ltr'>γέγονεν</span> 
     </span>
    </p>
   </div>
   <div class='ocr_carea' id='block_1_35' title="bbox 240 3524 1815 3598">
    <p class='ocr_par' dir='ltr' id='par_1_35' title="bbox 240 3524 1815 3598">
     <span class='ocr_line' id='line_1_35' title="bbox 240 3524 1815 3598; baseline -0.006 -13"><span class='ocrx_word' id='word_1_182' title='bbox 240 3533 517 3598; x_wconf 76' lang='grc' dir='ltr'>ἄντικρυς</span> <span class='ocrx_word' id='word_1_183' title='bbox 540 3528 687 3596; x_wconf 79' lang='grc' dir='ltr'>αὐτῷ</span> <span class='ocrx_word' id='word_1_184' title='bbox 719 3527 908 3598; x_wconf 86' lang='grc' dir='ltr'>συκίνη</span> <span class='ocrx_word' id='word_1_185' title='bbox 968 3526 1259 3595; x_wconf 74' lang='grc' dir='ltr'>ἐπικουρία</span> <span class='ocrx_word' id='word_1_186' title='bbox 1294 3524 1351 3596; x_wconf 22' lang='grc' dir='ltr'><strong>Λή</strong></span> <span class='ocrx_word' id='word_1_187' title='bbox 1397 3526 1491 3579; x_wconf 65' lang='grc' dir='ltr'><strong>ἐπὶ</strong></span> <span class='ocrx_word' id='word_1_188' title='bbox 1537 3527 1815 3595; x_wconf 77' lang='grc' dir='ltr'>χρήμασιν</span> 
     </span>
    </p>
   </div>
   <div class='ocr_carea' id='block_1_36' title="bbox 240 3617 1817 3689">
    <p class='ocr_par' dir='ltr' id='par_1_36' title="bbox 240 3617 1817 3689">
     <span class='ocr_line' id='line_1_36' title="bbox 240 3617 1817 3689; baseline -0.004 -14"><span class='ocrx_word' id='word_1_189' title='bbox 240 3623 433 3684; x_wconf 68' lang='grc' dir='ltr'>ἐλπὶς,</span> <span class='ocrx_word' id='word_1_190' title='bbox 459 3619 663 3674; x_wconf 71' lang='grc' dir='ltr'>οὑτωσὶ</span> <span class='ocrx_word' id='word_1_191' title='bbox 696 3620 913 3688; x_wconf 81' lang='grc' dir='ltr'>νεκροῖς</span> <span class='ocrx_word' id='word_1_192' title='bbox 945 3618 1225 3687; x_wconf 80' lang='grc' dir='ltr'>κειμένοις</span> <span class='ocrx_word' id='word_1_193' title='bbox 1250 3618 1321 3671; x_wconf 85' lang='grc' dir='ltr'><strong>δι’</strong></span> <span class='ocrx_word' id='word_1_194' title='bbox 1351 3618 1675 3689; x_wconf 84' lang='grc' dir='ltr'>ἀχρηστίαν.</span> <span class='ocrx_word' id='word_1_195' title='bbox 1705 3617 1817 3669; x_wconf 78' lang='grc' dir='ltr'><strong>Καὶ</strong></span> 
     </span>
    </p>
   </div>
   <div class='ocr_carea' id='block_1_37' title="bbox 245 3708 1817 3785">
    <p class='ocr_par' dir='ltr' id='par_1_37' title="bbox 245 3708 1817 3785">
     <span class='ocr_line' id='line_1_37' title="bbox 245 3708 1817 3785; baseline -0.004 -17"><span class='ocrx_word' id='word_1_196' title='bbox 245 3718 357 3785; x_wconf 77' lang='grc' dir='ltr'>μὴν</span> <span class='ocrx_word' id='word_1_197' title='bbox 404 3715 503 3767; x_wconf 71' lang='grc' dir='ltr'>καὶ</span> <span class='ocrx_word' id='word_1_198' title='bbox 534 3712 622 3765; x_wconf 87' lang='grc' dir='ltr'><strong>διά</strong></span> <span class='ocrx_word' id='word_1_199' title='bbox 667 3709 859 3763; x_wconf 82' lang='grc' dir='ltr'>τοῦτον</span> <span class='ocrx_word' id='word_1_200' title='bbox 910 3708 1153 3762; x_wconf 81' lang='grc' dir='ltr'>ἀπόλωλε</span> <span class='ocrx_word' id='word_1_201' title='bbox 1184 3708 1323 3780; x_wconf 80' lang='grc' dir='ltr'>πρὸς</span> <span class='ocrx_word' id='word_1_202' title='bbox 1358 3709 1436 3779; x_wconf 83' lang='grc' dir='ltr'>τῷ</span> <span class='ocrx_word' id='word_1_203' title='bbox 1468 3709 1632 3779; x_wconf 75' lang='grc' dir='ltr'>μηδὲν</span> <span class='ocrx_word' id='word_1_204' title='bbox 1686 3725 1817 3763; x_wconf 85' lang='grc' dir='ltr'>κατ-</span> 
     </span>
    </p>
   </div>
   <div class='ocr_carea' id='block_1_38' title="bbox 205 3795 1814 3879">
    <p class='ocr_par' dir='ltr' id='par_1_38' title="bbox 205 3795 1814 3879">
     <span class='ocr_line' id='line_1_38' title="bbox 205 3795 1814 3879; baseline -0.01 -15"><span class='ocrx_word' id='word_1_205' title='bbox 205 3804 572 3879; x_wconf 80' lang='grc' dir='ltr'>.ωρθωκέναι</span> <span class='ocrx_word' id='word_1_206' title='bbox 623 3802 732 3855; x_wconf 90' lang='grc' dir='ltr'><strong>τῶν</strong></span> <span class='ocrx_word' id='word_1_207' title='bbox 781 3800 901 3854; x_wconf 88' lang='grc' dir='ltr'>κατ’</span> <span class='ocrx_word' id='word_1_208' title='bbox 934 3800 1141 3854; x_wconf 77' lang='grc' dir='ltr'>ἐλπίδα.</span> <span class='ocrx_word' id='word_1_209' title='bbox 1177 3801 1377 3853; x_wconf 78' lang='grc' dir='ltr'>Καινὸν</span> <span class='ocrx_word' id='word_1_210' title='bbox 1433 3800 1490 3851; x_wconf 78' lang='grc' dir='ltr'>δὲ</span> <span class='ocrx_word' id='word_1_211' title='bbox 1522 3795 1677 3869; x_wconf 71' lang='grc' dir='ltr'>οἶμαι</span> <span class='ocrx_word' id='word_1_212' title='bbox 1711 3816 1814 3869; x_wconf 90' lang='grc' dir='ltr'>μη-</span> 
     </span>
    </p>
   </div>
   <div class='ocr_carea' id='block_1_39' title="bbox 240 3889 1813 3968">
    <p class='ocr_par' dir='ltr' id='par_1_39' title="bbox 240 3889 1813 3968">
     <span class='ocr_line' id='line_1_39' title="bbox 240 3889 1813 3968; baseline -0.007 -15"><span class='ocrx_word' id='word_1_213' title='bbox 240 3900 354 3962; x_wconf 75' lang='grc' dir='ltr'>δὲν,</span> <span class='ocrx_word' id='word_1_214' title='bbox 394 3896 533 3968; x_wconf 81' lang='grc' dir='ltr'>μηδὲ</span> <span class='ocrx_word' id='word_1_215' title='bbox 562 3894 809 3958; x_wconf 84' lang='grc' dir='ltr'>ἀπεικὸς,</span> <span class='ocrx_word' id='word_1_216' title='bbox 838 3894 886 3945; x_wconf 88' lang='grc' dir='ltr'><strong>εί</strong></span> <span class='ocrx_word' id='word_1_217' title='bbox 912 3891 1274 3961; x_wconf 75' lang='grc' dir='ltr'>περιέστηκεν</span> <span class='ocrx_word' id='word_1_218' title='bbox 1300 3889 1447 3959; x_wconf 79' lang='grc' dir='ltr'>αὐτῷ</span> <span class='ocrx_word' id='word_1_219' title='bbox 1487 3891 1623 3960; x_wconf 76' lang='grc' dir='ltr'>πρὸς</span> <span class='ocrx_word' id='word_1_220' title='bbox 1653 3890 1813 3943; x_wconf 84' lang='grc' dir='ltr'>τούν-</span> 
     </span>
    </p>
   </div>
   <div class='ocr_carea' id='block_1_40' title="bbox 240 3981 1811 4059">
    <p class='ocr_par' dir='ltr' id='par_1_40' title="bbox 240 3981 1811 4059">
     <span class='ocr_line' id='line_1_40' title="bbox 240 3981 1811 4059; baseline -0.006 -15"><span class='ocrx_word' id='word_1_221' title='bbox 240 3992 434 4045; x_wconf 78' lang='grc' dir='ltr'>αντίον</span> <span class='ocrx_word' id='word_1_222' title='bbox 464 3990 501 4059; x_wconf 76' lang='grc' dir='ltr'><strong>ἠ</strong></span> <span class='ocrx_word' id='word_1_223' title='bbox 542 3987 691 4051; x_wconf 84' lang='grc' dir='ltr'>δόξα,</span> <span class='ocrx_word' id='word_1_224' title='bbox 732 3984 997 4056; x_wconf 84' lang='grc' dir='ltr'>μηδαμῶς</span> <span class='ocrx_word' id='word_1_225' title='bbox 1049 3985 1137 4037; x_wconf 75' lang='grc' dir='ltr'><strong>ἐπ’</strong></span> <span class='ocrx_word' id='word_1_226' title='bbox 1177 3985 1370 4054; x_wconf 73' lang='grc' dir='ltr'>ἀρετῇ,</span> <span class='ocrx_word' id='word_1_227' title='bbox 1403 3981 1519 4036; x_wconf 81' lang='grc' dir='ltr'>ἀλλ’</span> <span class='ocrx_word' id='word_1_228' title='bbox 1564 3982 1656 4034; x_wconf 71' lang='grc' dir='ltr'><strong>ἐπὶ</strong></span> <span class='ocrx_word' id='word_1_229' title='bbox 1714 3998 1811 4052; x_wconf 83' lang='grc' dir='ltr'>με·</span> 
     </span>
    </p>
   </div>
   <div class='ocr_carea' id='block_1_41' title="bbox 2444 1585 2945 1655">
    <p class='ocr_par' dir='ltr' id='par_1_41' title="bbox 2444 1585 2945 1655">
     <span class='ocr_line' id='line_1_41' title="bbox 2444 1585 2945 1655; baseline 0.008 -19"><span class='ocrx_word' id='word_1_230' title='bbox 2444 1600 2506 1636; x_wconf 82' lang='lat' dir='ltr'><strong>ac</strong></span> <span class='ocrx_word' id='word_1_231' title='bbox 2536 1585 2667 1638; x_wconf 84' lang='lat' dir='ltr'><strong>bono</strong></span> <span class='ocrx_word' id='word_1_232' title='bbox 2690 1586 2945 1655; x_wconf 77' lang='lat' dir='ltr'><strong>principe.</strong></span> 
     </span>
    </p>
   </div>
   <div class='ocr_carea' id='block_1_42' title="bbox 1991 1695 3489 1769">
    <p class='ocr_par' dir='ltr' id='par_1_42' title="bbox 1991 1695 3489 1769">
     <span class='ocr_line' id='line_1_42' title="bbox 1991 1695 3489 1769; baseline 0.003 -18"><span class='ocrx_word' id='word_1_233' title='bbox 1991 1695 2097 1762; x_wconf 85' lang='lat' dir='ltr'><strong>Qui</strong></span> <span class='ocrx_word' id='word_1_234' title='bbox 2126 1696 2255 1751; x_wconf 88' lang='lat' dir='ltr'><strong>boni</strong></span> <span class='ocrx_word' id='word_1_235' title='bbox 2285 1711 2405 1753; x_wconf 87' lang='lat' dir='ltr'><strong>esse</strong></span> <span class='ocrx_word' id='word_1_236' title='bbox 2427 1698 2699 1767; x_wconf 81' lang='lat' dir='ltr'><strong>principes</strong></span> <span class='ocrx_word' id='word_1_237' title='bbox 2723 1697 2931 1764; x_wconf 82' lang='lat' dir='ltr'><strong>volunt,</strong></span> <span class='ocrx_word' id='word_1_238' title='bbox 2957 1706 3010 1752; x_wconf 91' lang='lat' dir='ltr'><strong>et</strong></span> <span class='ocrx_word' id='word_1_239' title='bbox 3043 1698 3238 1755; x_wconf 87' lang='lat' dir='ltr'><strong>mentis</strong></span> <span class='ocrx_word' id='word_1_240' title='bbox 3268 1700 3489 1769; x_wconf 75' lang='lat' dir='ltr'><strong>aliquod</strong></span> 
     </span>
    </p>
   </div>
   <div class='ocr_carea' id='block_1_43' title="bbox 1918 1789 3489 1859">
    <p class='ocr_par' dir='ltr' id='par_1_43' title="bbox 1918 1789 3489 1859">
     <span class='ocr_line' id='line_1_43' title="bbox 1918 1789 3489 1859; baseline 0.004 -18"><span class='ocrx_word' id='word_1_241' title='bbox 1918 1789 2129 1857; x_wconf 90' lang='lat' dir='ltr'><strong>pondus</strong></span> <span class='ocrx_word' id='word_1_242' title='bbox 2160 1789 2382 1852; x_wconf 88' lang='lat' dir='ltr'><strong>habent,</strong></span> <span class='ocrx_word' id='word_1_243' title='bbox 2412 1790 2503 1859; x_wconf 89' lang='lat' dir='ltr'><strong>qui</strong></span> <span class='ocrx_word' id='word_1_244' title='bbox 2539 1790 2811 1859; x_wconf 84' lang='lat' dir='ltr'><strong>publicam</strong></span> <span class='ocrx_word' id='word_1_245' title='bbox 2842 1801 3093 1859; x_wconf 75' lang='lat' dir='ltr'><strong>spectant</strong></span> <span class='ocrx_word' id='word_1_246' title='bbox 3122 1793 3410 1847; x_wconf 90' lang='lat' dir='ltr'><strong>utilitatem</strong></span> <span class='ocrx_word' id='word_1_247' title='bbox 3436 1802 3489 1847; x_wconf 80' lang='lat' dir='ltr'><strong>et</strong></span> 
     </span>
    </p>
   </div>
   <div class='ocr_carea' id='block_1_44' title="bbox 1918 1878 3491 1945">
    <p class='ocr_par' dir='ltr' id='par_1_44' title="bbox 1918 1878 3491 1945">
     <span class='ocr_line' id='line_1_44' title="bbox 1918 1878 3491 1945; baseline 0.004 -14"><span class='ocrx_word' id='word_1_248' title='bbox 1918 1878 2187 1933; x_wconf 86' lang='lat' dir='ltr'><strong>bonarum</strong></span> <span class='ocrx_word' id='word_1_249' title='bbox 2214 1896 2395 1935; x_wconf 91' lang='lat' dir='ltr'><strong>rerum</strong></span> <span class='ocrx_word' id='word_1_250' title='bbox 2423 1891 2693 1945; x_wconf 81' lang='lat' dir='ltr'><strong>amantes,</strong></span> <span class='ocrx_word' id='word_1_251' title='bbox 2720 1881 2860 1934; x_wconf 85' lang='lat' dir='ltr'><strong>nihil</strong></span> <span class='ocrx_word' id='word_1_252' title='bbox 2894 1882 3127 1935; x_wconf 85' lang='lat' dir='ltr'><strong>veritate</strong></span> <span class='ocrx_word' id='word_1_253' title='bbox 3156 1884 3363 1936; x_wconf 88' lang='lat' dir='ltr'><strong>ducunt</strong></span> <span class='ocrx_word' id='word_1_254' title='bbox 3394 1899 3491 1937; x_wconf 90' lang='lat' dir='ltr'><strong>au-</strong></span> 
     </span>
    </p>
   </div>
   <div class='ocr_carea' id='block_1_45' title="bbox 1919 1971 3486 2046">
    <p class='ocr_par' dir='ltr' id='par_1_45' title="bbox 1919 1971 3486 2046">
     <span class='ocr_line' id='line_1_45' title="bbox 1919 1971 3486 2046; baseline 0.005 -21"><span class='ocrx_word' id='word_1_255' title='bbox 1919 1971 2151 2040; x_wconf 87' lang='lat' dir='ltr'><strong>thuius.</strong></span> <span class='ocrx_word' id='word_1_256' title='bbox 2176 1971 2243 2027; x_wconf 89' lang='lat' dir='ltr'><strong>iis</strong></span> <span class='ocrx_word' id='word_1_257' title='bbox 2274 1971 2421 2025; x_wconf 89' lang='lat' dir='ltr'><strong>nulla</strong></span> <span class='ocrx_word' id='word_1_258' title='bbox 2455 1987 2543 2027; x_wconf 88' lang='lat' dir='ltr'><strong>res</strong></span> <span class='ocrx_word' id='word_1_259' title='bbox 2576 1973 2696 2028; x_wconf 86' lang='lat' dir='ltr'><strong>usui</strong></span> <span class='ocrx_word' id='word_1_260' title='bbox 2728 1974 2904 2043; x_wconf 89' lang='lat' dir='ltr'><strong>magis</strong></span> <span class='ocrx_word' id='word_1_261' title='bbox 2936 1988 3057 2029; x_wconf 88' lang='lat' dir='ltr'><strong>esse</strong></span> <span class='ocrx_word' id='word_1_262' title='bbox 3085 1985 3282 2044; x_wconf 83' lang='lat' dir='ltr'><strong>potest,</strong></span> <span class='ocrx_word' id='word_1_263' title='bbox 3324 1993 3486 2046; x_wconf 85' lang='lat' dir='ltr'><strong>quam</strong></span> 
     </span>
    </p>
   </div>
   <div class='ocr_carea' id='block_1_46' title="bbox 1918 2060 3489 2131">
    <p class='ocr_par' dir='ltr' id='par_1_46' title="bbox 1918 2060 3489 2131">
     <span class='ocr_line' id='line_1_46' title="bbox 1918 2060 3489 2131; baseline 0.003 -14"><span class='ocrx_word' id='word_1_264' title='bbox 1918 2071 2066 2117; x_wconf 87' lang='lat' dir='ltr'><strong>recte</strong></span> <span class='ocrx_word' id='word_1_265' title='bbox 2084 2061 2344 2131; x_wconf 86' lang='lat' dir='ltr'><strong>loquendi</strong></span> <span class='ocrx_word' id='word_1_266' title='bbox 2363 2062 2615 2117; x_wconf 87' lang='lat' dir='ltr'><strong>scientia.</strong></span> <span class='ocrx_word' id='word_1_267' title='bbox 2636 2060 2821 2117; x_wconf 86' lang='lat' dir='ltr'><strong>Potius</strong></span> <span class='ocrx_word' id='word_1_268' title='bbox 2840 2064 2983 2118; x_wconf 89' lang='lat' dir='ltr'><strong>enim</strong></span> <span class='ocrx_word' id='word_1_269' title='bbox 3009 2068 3112 2119; x_wconf 91' lang='lat' dir='ltr'><strong>hoc</strong></span> <span class='ocrx_word' id='word_1_270' title='bbox 3134 2066 3213 2120; x_wconf 86' lang='lat' dir='ltr'><strong>eis</strong></span> <span class='ocrx_word' id='word_1_271' title='bbox 3236 2074 3339 2131; x_wconf 88' lang='lat' dir='ltr'><strong>est,</strong></span> <span class='ocrx_word' id='word_1_272' title='bbox 3372 2083 3489 2121; x_wconf 85' lang='lat' dir='ltr'><strong>om-</strong></span> 
     </span>
    </p>
   </div>
   <div class='ocr_carea' id='block_1_47' title="bbox 1920 2155 3489 2229">
    <p class='ocr_par' dir='ltr' id='par_1_47' title="bbox 1920 2155 3489 2229">
     <span class='ocr_line' id='line_1_47' title="bbox 1920 2155 3489 2229; baseline 0.003 -20"><span class='ocrx_word' id='word_1_273' title='bbox 1920 2169 2043 2210; x_wconf 87' lang='lat' dir='ltr'><strong>nem</strong></span> <span class='ocrx_word' id='word_1_274' title='bbox 2062 2162 2216 2209; x_wconf 82' lang='lat' dir='ltr'><strong>extra</strong></span> <span class='ocrx_word' id='word_1_275' title='bbox 2249 2155 2708 2216; x_wconf 77' lang='lat' dir='ltr'><strong>controversiam.</strong></span> <span class='ocrx_word' id='word_1_276' title='bbox 2734 2170 2897 2225; x_wconf 85' lang='lat' dir='ltr'><strong>quam</strong></span> <span class='ocrx_word' id='word_1_277' title='bbox 2931 2172 3096 2224; x_wconf 88' lang='lat' dir='ltr'><strong>opum</strong></span> <span class='ocrx_word' id='word_1_278' title='bbox 3123 2158 3324 2225; x_wconf 81' lang='lat' dir='ltr'><strong>copiae;</strong></span> <span class='ocrx_word' id='word_1_279' title='bbox 3349 2175 3489 2229; x_wconf 81' lang='lat' dir='ltr'><strong>prae-</strong></span> 
     </span>
    </p>
   </div>
   <div class='ocr_carea' id='block_1_48' title="bbox 1918 2247 3486 2318">
    <p class='ocr_par' dir='ltr' id='par_1_48' title="bbox 1918 2247 3486 2318">
     <span class='ocr_line' id='line_1_48' title="bbox 1918 2247 3486 2318; baseline 0.003 -16"><span class='ocrx_word' id='word_1_280' title='bbox 1918 2247 2046 2302; x_wconf 85' lang='lat' dir='ltr'><strong>sidii</strong></span> <span class='ocrx_word' id='word_1_281' title='bbox 2085 2247 2207 2317; x_wconf 86' lang='lat' dir='ltr'><strong>plus</strong></span> <span class='ocrx_word' id='word_1_282' title='bbox 2242 2247 2404 2302; x_wconf 86' lang='lat' dir='ltr'><strong>habet</strong></span> <span class='ocrx_word' id='word_1_283' title='bbox 2444 2261 2607 2316; x_wconf 88' lang='lat' dir='ltr'><strong>quam</strong></span> <span class='ocrx_word' id='word_1_284' title='bbox 2638 2249 2811 2302; x_wconf 62' lang='lat' dir='ltr'><strong>Croesi</strong></span> <span class='ocrx_word' id='word_1_285' title='bbox 2853 2248 2995 2317; x_wconf 89' lang='lat' dir='ltr'><strong>regis</strong></span> <span class='ocrx_word' id='word_1_286' title='bbox 3044 2249 3276 2303; x_wconf 81' lang='lat' dir='ltr'><strong>thesauri</strong></span> <span class='ocrx_word' id='word_1_287' title='bbox 3313 2266 3327 2314; x_wconf 92' lang='lat'><strong>;</strong></span> <span class='ocrx_word' id='word_1_288' title='bbox 3364 2251 3486 2318; x_wconf 87' lang='lat' dir='ltr'><strong>plus</strong></span> 
     </span>
    </p>
   </div>
   <div class='ocr_carea' id='block_1_49' title="bbox 1920 2337 3483 2406">
    <p class='ocr_par' dir='ltr' id='par_1_49' title="bbox 1920 2337 3483 2406">
     <span class='ocr_line' id='line_1_49' title="bbox 1920 2337 3483 2406; baseline 0.001 -15"><span class='ocrx_word' id='word_1_289' title='bbox 1920 2337 2155 2400; x_wconf 82' lang='lat' dir='ltr'><strong>roboris,</strong></span> <span class='ocrx_word' id='word_1_290' title='bbox 2210 2352 2373 2406; x_wconf 86' lang='lat' dir='ltr'><strong>quam</strong></span> <span class='ocrx_word' id='word_1_291' title='bbox 2431 2337 2736 2393; x_wconf 87' lang='lat' dir='ltr'><strong>immensus</strong></span> <span class='ocrx_word' id='word_1_292' title='bbox 2778 2338 2867 2391; x_wconf 90' lang='lat' dir='ltr'><strong>ille</strong></span> <span class='ocrx_word' id='word_1_293' title='bbox 2908 2337 3105 2393; x_wconf 76' lang='lat' dir='ltr'><strong>Xerxis</strong></span> <span class='ocrx_word' id='word_1_294' title='bbox 3164 2339 3483 2395; x_wconf 80' lang='lat' dir='ltr'><strong>exercitus:</strong></span> 
     </span>
    </p>
   </div>
   <div class='ocr_carea' id='block_1_50' title="bbox 1920 2428 3487 2503">
    <p class='ocr_par' dir='ltr' id='par_1_50' title="bbox 1920 2428 3487 2503">
     <span class='ocr_line' id='line_1_50' title="bbox 1920 2428 3487 2503; baseline 0.004 -22"><span class='ocrx_word' id='word_1_295' title='bbox 1920 2431 2041 2498; x_wconf 83' lang='lat' dir='ltr'><strong>plus</strong></span> <span class='ocrx_word' id='word_1_296' title='bbox 2082 2429 2304 2495; x_wconf 79' lang='lat' dir='ltr'><strong>virium,</strong></span> <span class='ocrx_word' id='word_1_297' title='bbox 2354 2444 2478 2483; x_wconf 93' lang='lat' dir='ltr'><strong>cum</strong></span> <span class='ocrx_word' id='word_1_298' title='bbox 2533 2428 2786 2494; x_wconf 79' lang='lat' dir='ltr'><strong>honesto,</strong></span> <span class='ocrx_word' id='word_1_299' title='bbox 2829 2445 2993 2498; x_wconf 90' lang='lat' dir='ltr'><strong>quam</strong></span> <span class='ocrx_word' id='word_1_300' title='bbox 3046 2431 3211 2503; x_wconf 85' lang='lat' dir='ltr'><strong>Gygis</strong></span> <span class='ocrx_word' id='word_1_301' title='bbox 3258 2433 3347 2486; x_wconf 91' lang='lat' dir='ltr'><strong>illa</strong></span> <span class='ocrx_word' id='word_1_302' title='bbox 3400 2435 3487 2487; x_wconf 82' lang='lat' dir='ltr'><strong>fa-</strong></span> 
     </span>
    </p>
   </div>
   <div class='ocr_carea' id='block_1_51' title="bbox 1922 2521 3486 2591">
    <p class='ocr_par' dir='ltr' id='par_1_51' title="bbox 1922 2521 3486 2591">
     <span class='ocr_line' id='line_1_51' title="bbox 1922 2521 3486 2591; baseline 0.004 -16"><span class='ocrx_word' id='word_1_303' title='bbox 1922 2521 2114 2576; x_wconf 88' lang='lat' dir='ltr'><strong>bulosa</strong></span> <span class='ocrx_word' id='word_1_304' title='bbox 2165 2522 2287 2590; x_wconf 84' lang='lat' dir='ltr'><strong>pala</strong></span> <span class='ocrx_word' id='word_1_305' title='bbox 2323 2538 2337 2575; x_wconf 89' lang='lat'><strong>:</strong></span> <span class='ocrx_word' id='word_1_306' title='bbox 2375 2521 2610 2591; x_wconf 89' lang='lat' dir='ltr'><strong>denique</strong></span> <span class='ocrx_word' id='word_1_307' title='bbox 2659 2530 2813 2575; x_wconf 92' lang='lat' dir='ltr'><strong>tanto</strong></span> <span class='ocrx_word' id='word_1_308' title='bbox 2868 2523 2953 2576; x_wconf 89' lang='lat' dir='ltr'><strong>his</strong></span> <span class='ocrx_word' id='word_1_309' title='bbox 3010 2533 3063 2577; x_wconf 91' lang='lat' dir='ltr'><strong>et</strong></span> <span class='ocrx_word' id='word_1_310' title='bbox 3113 2523 3385 2581; x_wconf 75' lang='lat' dir='ltr'><strong>efﬁcacius</strong></span> <span class='ocrx_word' id='word_1_311' title='bbox 3432 2536 3486 2582; x_wconf 87' lang='lat' dir='ltr'><strong>et</strong></span> 
     </span>
    </p>
   </div>
   <div class='ocr_carea' id='block_1_52' title="bbox 1922 2613 3480 2687">
    <p class='ocr_par' dir='ltr' id='par_1_52' title="bbox 1922 2613 3480 2687">
     <span class='ocr_line' id='line_1_52' title="bbox 1922 2613 3480 2687; baseline 0.004 -21"><span class='ocrx_word' id='word_1_312' title='bbox 1922 2613 2150 2681; x_wconf 87' lang='lat' dir='ltr'><strong>majoris</strong></span> <span class='ocrx_word' id='word_1_313' title='bbox 2200 2623 2281 2668; x_wconf 89' lang='lat' dir='ltr'><strong>est</strong></span> <span class='ocrx_word' id='word_1_314' title='bbox 2329 2614 2509 2682; x_wconf 91' lang='lat' dir='ltr'><strong>pretii,</strong></span> <span class='ocrx_word' id='word_1_315' title='bbox 2545 2624 2809 2681; x_wconf 85' lang='lat' dir='ltr'><strong>quantum</strong></span> <span class='ocrx_word' id='word_1_316' title='bbox 2861 2629 2927 2669; x_wconf 91' lang='lat' dir='ltr'><strong>ne</strong></span> <span class='ocrx_word' id='word_1_317' title='bbox 2979 2614 3212 2671; x_wconf 86' lang='lat' dir='ltr'><strong>dicendo</strong></span> <span class='ocrx_word' id='word_1_318' title='bbox 3260 2618 3480 2687; x_wconf 87' lang='lat' dir='ltr'><strong>quidem</strong></span> 
     </span>
    </p>
   </div>
   <div class='ocr_carea' id='block_1_53' title="bbox 1922 2702 3483 2777">
    <p class='ocr_par' dir='ltr' id='par_1_53' title="bbox 1922 2702 3483 2777">
     <span class='ocr_line' id='line_1_53' title="bbox 1922 2702 3483 2777; baseline 0.003 -20"><span class='ocrx_word' id='word_1_319' title='bbox 1922 2704 2181 2773; x_wconf 80' lang='lat' dir='ltr'><strong>explicari</strong></span> <span class='ocrx_word' id='word_1_320' title='bbox 2215 2703 2373 2757; x_wconf 79' lang='lat' dir='ltr'><strong>facile</strong></span> <span class='ocrx_word' id='word_1_321' title='bbox 2403 2703 2597 2771; x_wconf 89' lang='lat' dir='ltr'><strong>possit.</strong></span> <span class='ocrx_word' id='word_1_322' title='bbox 2628 2702 2692 2755; x_wconf 81' lang='lat' dir='ltr'><strong>Et</strong></span> <span class='ocrx_word' id='word_1_323' title='bbox 2709 2704 3123 2759; x_wconf 87' lang='lat' dir='ltr'><strong>consideremus</strong></span> <span class='ocrx_word' id='word_1_324' title='bbox 3146 2721 3277 2760; x_wconf 88' lang='lat' dir='ltr'><strong>sane</strong></span> <span class='ocrx_word' id='word_1_325' title='bbox 3293 2724 3483 2777; x_wconf 86' lang='lat' dir='ltr'><strong>quem-</strong></span> 
     </span>
    </p>
   </div>
   <div class='ocr_carea' id='block_1_54' title="bbox 1921 2778 3481 2864">
    <p class='ocr_par' dir='ltr' id='par_1_54' title="bbox 1921 2778 3481 2864">
     <span class='ocr_line' id='line_1_54' title="bbox 1921 2778 3481 2864; baseline -0.007 -13"><span class='ocrx_word' id='word_1_326' title='bbox 1921 2778 2050 2852; x_wconf 85' lang='lat' dir='ltr'><strong>libet</strong></span> <span class='ocrx_word' id='word_1_327' title='bbox 2076 2796 2293 2859; x_wconf 92' lang='lat' dir='ltr'><strong>horum,</strong></span> <span class='ocrx_word' id='word_1_328' title='bbox 2328 2808 2466 2862; x_wconf 92' lang='lat' dir='ltr'><strong>quos</strong></span> <span class='ocrx_word' id='word_1_329' title='bbox 2497 2794 2761 2857; x_wconf 82' lang='lat' dir='ltr'><strong>diximus,</strong></span> <span class='ocrx_word' id='word_1_330' title='bbox 2791 2810 3021 2864; x_wconf 60' lang='lat' dir='ltr'><strong>quaeque</strong></span> <span class='ocrx_word' id='word_1_331' title='bbox 3048 2798 3129 2851; x_wconf 82' lang='lat' dir='ltr'><strong>vis</strong></span> <span class='ocrx_word' id='word_1_332' title='bbox 3170 2813 3357 2853; x_wconf 87' lang='lat' dir='ltr'><strong>earum</strong></span> <span class='ocrx_word' id='word_1_333' title='bbox 3392 2817 3481 2854; x_wconf 81' lang='lat' dir='ltr'><strong>re-</strong></span> 
     </span>
    </p>
   </div>
   <div class='ocr_carea' id='block_1_55' title="bbox 1918 2882 3479 2959">
    <p class='ocr_par' dir='ltr' id='par_1_55' title="bbox 1918 2882 3479 2959">
     <span class='ocr_line' id='line_1_55' title="bbox 1918 2882 3479 2959; baseline 0.001 -17"><span class='ocrx_word' id='word_1_334' title='bbox 1918 2902 2039 2942; x_wconf 90' lang='lat' dir='ltr'><strong>rum</strong></span> <span class='ocrx_word' id='word_1_335' title='bbox 2074 2885 2258 2949; x_wconf 89' lang='lat' dir='ltr'><strong>fuerit,</strong></span> <span class='ocrx_word' id='word_1_336' title='bbox 2285 2885 2484 2953; x_wconf 90' lang='lat' dir='ltr'><strong>quibus</strong></span> <span class='ocrx_word' id='word_1_337' title='bbox 2516 2882 2593 2939; x_wconf 87' lang='lat' dir='ltr'><strong>illi</strong></span> <span class='ocrx_word' id='word_1_338' title='bbox 2634 2885 2795 2939; x_wconf 85' lang='lat' dir='ltr'><strong>rebus</strong></span> <span class='ocrx_word' id='word_1_339' title='bbox 2846 2901 2906 2941; x_wconf 88' lang='lat' dir='ltr'><strong>se</strong></span> <span class='ocrx_word' id='word_1_340' title='bbox 2955 2897 3174 2954; x_wconf 88' lang='lat' dir='ltr'><strong>patrare</strong></span> <span class='ocrx_word' id='word_1_341' title='bbox 3226 2905 3479 2959; x_wconf 88' lang='lat' dir='ltr'><strong>magnum</strong></span> 
     </span>
    </p>
   </div>
   <div class='ocr_carea' id='block_1_56' title="bbox 1918 2975 3480 3047">
    <p class='ocr_par' dir='ltr' id='par_1_56' title="bbox 1918 2975 3480 3047">
     <span class='ocr_line' id='line_1_56' title="bbox 1918 2975 3480 3047; baseline 0.004 -17"><span class='ocrx_word' id='word_1_342' title='bbox 1918 2977 2190 3047; x_wconf 90' lang='lat' dir='ltr'><strong>quoddam</strong></span> <span class='ocrx_word' id='word_1_343' title='bbox 2217 2991 2281 3030; x_wconf 89' lang='lat' dir='ltr'><strong>ac</strong></span> <span class='ocrx_word' id='word_1_344' title='bbox 2311 2976 2494 3029; x_wconf 88' lang='lat' dir='ltr'><strong>nobile</strong></span> <span class='ocrx_word' id='word_1_345' title='bbox 2512 2975 2725 3031; x_wconf 83' lang='lat' dir='ltr'><strong>facinus</strong></span> <span class='ocrx_word' id='word_1_346' title='bbox 2756 2990 2915 3044; x_wconf 79' lang='lat' dir='ltr'><strong>posse</strong></span> <span class='ocrx_word' id='word_1_347' title='bbox 2962 2986 3247 3046; x_wconf 89' lang='lat' dir='ltr'><strong>putarunt.</strong></span> <span class='ocrx_word' id='word_1_348' title='bbox 3279 2981 3480 3036; x_wconf 86' lang='lat' dir='ltr'><strong>Deinde</strong></span> 
     </span>
    </p>
   </div>
   <div class='ocr_carea' id='block_1_57' title="bbox 1918 3068 3481 3127">
    <p class='ocr_par' dir='ltr' id='par_1_57' title="bbox 1918 3068 3481 3127">
     <span class='ocr_line' id='line_1_57' title="bbox 1918 3068 3481 3127; baseline -0.001 -1"><span class='ocrx_word' id='word_1_349' title='bbox 1918 3070 2120 3126; x_wconf 87' lang='lat' dir='ltr'><strong>nostris</strong></span> <span class='ocrx_word' id='word_1_350' title='bbox 2146 3069 2296 3124; x_wconf 86' lang='lat' dir='ltr'><strong>hisce</strong></span> <span class='ocrx_word' id='word_1_351' title='bbox 2314 3068 2756 3123; x_wconf 81' lang='lat' dir='ltr'><strong>commendatum</strong></span> <span class='ocrx_word' id='word_1_352' title='bbox 2776 3070 3112 3125; x_wconf 83' lang='lat' dir='ltr'><strong>orationibus</strong></span> <span class='ocrx_word' id='word_1_353' title='bbox 3128 3076 3193 3125; x_wconf 89' lang='lat' dir='ltr'><strong>ad</strong></span> <span class='ocrx_word' id='word_1_354' title='bbox 3224 3086 3317 3127; x_wconf 87' lang='lat' dir='ltr'><strong>eos</strong></span> <span class='ocrx_word' id='word_1_355' title='bbox 3334 3088 3481 3127; x_wconf 85' lang='lat' dir='ltr'><strong>com-</strong></span> 
     </span>
    </p>
   </div>
   <div class='ocr_carea' id='block_1_58' title="bbox 1918 3161 3476 3234">
    <p class='ocr_par' dir='ltr' id='par_1_58' title="bbox 1918 3161 3476 3234">
     <span class='ocr_line' id='line_1_58' title="bbox 1918 3161 3476 3234; baseline 0.004 -18"><span class='ocrx_word' id='word_1_356' title='bbox 1918 3176 2195 3231; x_wconf 85' lang='lat' dir='ltr'><strong>paremus,</strong></span> <span class='ocrx_word' id='word_1_357' title='bbox 2224 3161 2525 3229; x_wconf 89' lang='lat' dir='ltr'><strong>priucipem</strong></span> <span class='ocrx_word' id='word_1_358' title='bbox 2560 3168 2751 3215; x_wconf 63' lang='lat' dir='ltr'><strong>caetera</strong></span> <span class='ocrx_word' id='word_1_359' title='bbox 2776 3177 2996 3231; x_wconf 90' lang='lat' dir='ltr'><strong>quoque</strong></span> <span class='ocrx_word' id='word_1_360' title='bbox 3024 3164 3209 3227; x_wconf 88' lang='lat' dir='ltr'><strong>talem,</strong></span> <span class='ocrx_word' id='word_1_361' title='bbox 3260 3168 3476 3234; x_wconf 89' lang='lat' dir='ltr'><strong>qualem</strong></span> 
     </span>
    </p>
   </div>
   <div class='ocr_carea' id='block_1_59' title="bbox 1917 3250 3478 3326">
    <p class='ocr_par' dir='ltr' id='par_1_59' title="bbox 1917 3250 3478 3326">
     <span class='ocr_line' id='line_1_59' title="bbox 1917 3250 3478 3326; baseline 0.004 -19"><span class='ocrx_word' id='word_1_362' title='bbox 1917 3252 2099 3307; x_wconf 86' lang='lat' dir='ltr'><strong>statim</strong></span> <span class='ocrx_word' id='word_1_363' title='bbox 2124 3254 2191 3305; x_wconf 89' lang='lat' dir='ltr'><strong>ab</strong></span> <span class='ocrx_word' id='word_1_364' title='bbox 2220 3251 2373 3304; x_wconf 87' lang='lat' dir='ltr'><strong>initio</strong></span> <span class='ocrx_word' id='word_1_365' title='bbox 2401 3250 3036 3321; x_wconf 85' lang='lat' dir='ltr'><strong>delineavimus.Quippe</strong></span> <span class='ocrx_word' id='word_1_366' title='bbox 3058 3254 3102 3308; x_wconf 92' lang='lat' dir='ltr'><strong>si</strong></span> <span class='ocrx_word' id='word_1_367' title='bbox 3131 3255 3478 3326; x_wconf 89' lang='lat' dir='ltr'><strong>hocquodam</strong></span> 
     </span>
    </p>
   </div>
   <div class='ocr_carea' id='block_1_60' title="bbox 1918 3343 3479 3409">
    <p class='ocr_par' dir='ltr' id='par_1_60' title="bbox 1918 3343 3479 3409">
     <span class='ocr_line' id='line_1_60' title="bbox 1918 3343 3479 3409; baseline 0.006 -12"><span class='ocrx_word' id='word_1_368' title='bbox 1918 3344 2080 3398; x_wconf 90' lang='lat' dir='ltr'><strong>modo</strong></span> <span class='ocrx_word' id='word_1_369' title='bbox 2100 3357 2329 3397; x_wconf 81' lang='lat' dir='ltr'><strong>examen</strong></span> <span class='ocrx_word' id='word_1_370' title='bbox 2368 3343 2705 3409; x_wconf 87' lang='lat' dir='ltr'><strong>instituatur,</strong></span> <span class='ocrx_word' id='word_1_371' title='bbox 2746 3344 2889 3399; x_wconf 90' lang='lat' dir='ltr'><strong>haud</strong></span> <span class='ocrx_word' id='word_1_372' title='bbox 2921 3345 3080 3401; x_wconf 78' lang='lat' dir='ltr'><strong>facile</strong></span> <span class='ocrx_word' id='word_1_373' title='bbox 3113 3362 3213 3403; x_wconf 90' lang='lat' dir='ltr'><strong>nos</strong></span> <span class='ocrx_word' id='word_1_374' title='bbox 3272 3364 3302 3404; x_wconf 91' lang='lat' dir='ltr'><strong>a</strong></span> <span class='ocrx_word' id='word_1_375' title='bbox 3351 3366 3479 3406; x_wconf 84' lang='lat' dir='ltr'><strong>vero</strong></span> 
     </span>
    </p>
   </div>
   <div class='ocr_carea' id='block_1_61' title="bbox 1917 3432 3482 3504">
    <p class='ocr_par' dir='ltr' id='par_1_61' title="bbox 1917 3432 3482 3504">
     <span class='ocr_line' id='line_1_61' title="bbox 1917 3432 3482 3504; baseline 0.004 -16"><span class='ocrx_word' id='word_1_376' title='bbox 1917 3435 2272 3489; x_wconf 88' lang='lat' dir='ltr'><strong>aberraturos</strong></span> <span class='ocrx_word' id='word_1_377' title='bbox 2295 3432 2553 3489; x_wconf 86' lang='lat' dir='ltr'><strong>arbitror.</strong></span> <span class='ocrx_word' id='word_1_378' title='bbox 2593 3433 2787 3504; x_wconf 83' lang='lat' dir='ltr'><strong>Ingens</strong></span> <span class='ocrx_word' id='word_1_379' title='bbox 2811 3434 2974 3504; x_wconf 89' lang='lat' dir='ltr'><strong>igitur</strong></span> <span class='ocrx_word' id='word_1_380' title='bbox 2996 3436 3084 3490; x_wconf 92' lang='lat' dir='ltr'><strong>illa</strong></span> <span class='ocrx_word' id='word_1_381' title='bbox 3102 3438 3183 3492; x_wconf 81' lang='lat' dir='ltr'><strong>vis</strong></span> <span class='ocrx_word' id='word_1_382' title='bbox 3198 3439 3339 3503; x_wconf 91' lang='lat' dir='ltr'><strong>auri,</strong></span> <span class='ocrx_word' id='word_1_383' title='bbox 3361 3455 3482 3496; x_wconf 85' lang='lat' dir='ltr'><strong>ma-</strong></span> 
     </span>
    </p>
   </div>
   <div class='ocr_carea' id='block_1_62' title="bbox 1916 3523 3480 3599">
    <p class='ocr_par' dir='ltr' id='par_1_62' title="bbox 1916 3523 3480 3599">
     <span class='ocr_line' id='line_1_62' title="bbox 1916 3523 3480 3599; baseline 0.004 -21"><span class='ocrx_word' id='word_1_384' title='bbox 1916 3540 2052 3595; x_wconf 89' lang='lat' dir='ltr'><strong>gnos</strong></span> <span class='ocrx_word' id='word_1_385' title='bbox 2079 3523 2148 3579; x_wconf 92' lang='lat' dir='ltr'><strong>ob</strong></span> <span class='ocrx_word' id='word_1_386' title='bbox 2172 3538 2289 3578; x_wconf 90' lang='lat' dir='ltr'><strong>eam</strong></span> <span class='ocrx_word' id='word_1_387' title='bbox 2324 3533 2599 3593; x_wconf 75' lang='lat' dir='ltr'><strong>gerentem</strong></span> <span class='ocrx_word' id='word_1_388' title='bbox 2628 3525 2845 3581; x_wconf 86' lang='lat' dir='ltr'><strong>animos</strong></span> <span class='ocrx_word' id='word_1_389' title='bbox 2893 3525 3141 3581; x_wconf 62' lang='lat' dir='ltr'><strong>Croesum</strong></span> <span class='ocrx_word' id='word_1_390' title='bbox 3193 3542 3480 3599; x_wconf 76' lang='lat' dir='ltr'><strong>exspecta-</strong></span> 
     </span>
    </p>
   </div>
   <div class='ocr_carea' id='block_1_63' title="bbox 1920 3614 3481 3691">
    <p class='ocr_par' dir='ltr' id='par_1_63' title="bbox 1920 3614 3481 3691">
     <span class='ocr_line' id='line_1_63' title="bbox 1920 3614 3481 3691; baseline 0.004 -20"><span class='ocrx_word' id='word_1_391' title='bbox 1920 3618 2066 3671; x_wconf 89' lang='lat' dir='ltr'><strong>tione</strong></span> <span class='ocrx_word' id='word_1_392' title='bbox 2099 3630 2196 3669; x_wconf 90' lang='lat' dir='ltr'><strong>sua</strong></span> <span class='ocrx_word' id='word_1_393' title='bbox 2230 3614 2551 3670; x_wconf 88' lang='lat' dir='ltr'><strong>frustratum</strong></span> <span class='ocrx_word' id='word_1_394' title='bbox 2584 3616 2771 3685; x_wconf 89' lang='lat' dir='ltr'><strong>elusit,</strong></span> <span class='ocrx_word' id='word_1_395' title='bbox 2805 3632 3083 3687; x_wconf 91' lang='lat' dir='ltr'><strong>quamque</strong></span> <span class='ocrx_word' id='word_1_396' title='bbox 3102 3635 3251 3688; x_wconf 88' lang='lat' dir='ltr'><strong>spem</strong></span> <span class='ocrx_word' id='word_1_397' title='bbox 3284 3637 3481 3691; x_wconf 84' lang='lat' dir='ltr'><strong>posue-</strong></span> 
     </span>
    </p>
   </div>
   <div class='ocr_carea' id='block_1_64' title="bbox 1917 3707 3475 3778">
    <p class='ocr_par' dir='ltr' id='par_1_64' title="bbox 1917 3707 3475 3778">
     <span class='ocr_line' id='line_1_64' title="bbox 1917 3707 3475 3778; baseline 0.004 -15"><span class='ocrx_word' id='word_1_398' title='bbox 1917 3715 2002 3763; x_wconf 86' lang='lat' dir='ltr'><strong>rat</strong></span> <span class='ocrx_word' id='word_1_399' title='bbox 2034 3707 2087 3761; x_wconf 92' lang='lat' dir='ltr'><strong>in</strong></span> <span class='ocrx_word' id='word_1_400' title='bbox 2120 3707 2372 3776; x_wconf 89' lang='lat' dir='ltr'><strong>pecunia,</strong></span> <span class='ocrx_word' id='word_1_401' title='bbox 2397 3722 2517 3774; x_wconf 76' lang='lat' dir='ltr'><strong>quae</strong></span> <span class='ocrx_word' id='word_1_402' title='bbox 2541 3707 2673 3761; x_wconf 92' lang='lat' dir='ltr'><strong>nulli</strong></span> <span class='ocrx_word' id='word_1_403' title='bbox 2701 3709 2848 3778; x_wconf 89' lang='lat' dir='ltr'><strong>quod</strong></span> <span class='ocrx_word' id='word_1_404' title='bbox 2874 3720 3018 3772; x_wconf 81' lang='lat' dir='ltr'><strong>esset</strong></span> <span class='ocrx_word' id='word_1_405' title='bbox 3053 3712 3199 3777; x_wconf 87' lang='lat' dir='ltr'><strong>usui,</strong></span> <span class='ocrx_word' id='word_1_406' title='bbox 3262 3724 3475 3769; x_wconf 84' lang='lat' dir='ltr'><strong>mortua</strong></span> 
     </span>
    </p>
   </div>
   <div class='ocr_carea' id='block_1_65' title="bbox 1915 3800 3476 3873">
    <p class='ocr_par' dir='ltr' id='par_1_65' title="bbox 1915 3800 3476 3873">
     <span class='ocr_line' id='line_1_65' title="bbox 1915 3800 3476 3873; baseline 0.006 -21"><span class='ocrx_word' id='word_1_407' title='bbox 1915 3801 2070 3871; x_wconf 90' lang='lat' dir='ltr'><strong>quasi</strong></span> <span class='ocrx_word' id='word_1_408' title='bbox 2091 3800 2307 3870; x_wconf 87' lang='lat' dir='ltr'><strong>jacebat</strong></span> <span class='ocrx_word' id='word_1_409' title='bbox 2336 3842 2352 3868; x_wconf 96' lang='lat'><strong>,</strong></span> <span class='ocrx_word' id='word_1_410' title='bbox 2388 3816 2453 3856; x_wconf 90' lang='lat' dir='ltr'><strong>ea</strong></span> <span class='ocrx_word' id='word_1_411' title='bbox 2487 3803 2645 3869; x_wconf 86' lang='lat' dir='ltr'><strong>plane</strong></span> <span class='ocrx_word' id='word_1_412' title='bbox 2665 3801 2983 3857; x_wconf 81' lang='lat' dir='ltr'><strong>ﬁculnumei</strong></span> <span class='ocrx_word' id='word_1_413' title='bbox 3014 3806 3322 3873; x_wconf 66' lang='lat' dir='ltr'><strong>praesidium</strong></span> <span class='ocrx_word' id='word_1_414' title='bbox 3355 3807 3476 3864; x_wconf 87' lang='lat' dir='ltr'><strong>fuit.</strong></span> 
     </span>
    </p>
   </div>
   <div class='ocr_carea' id='block_1_66' title="bbox 1916 3893 3478 3969">
    <p class='ocr_par' dir='ltr' id='par_1_66' title="bbox 1916 3893 3478 3969">
     <span class='ocr_line' id='line_1_66' title="bbox 1916 3893 3478 3969; baseline 0.005 -22"><span class='ocrx_word' id='word_1_415' title='bbox 1916 3894 2033 3948; x_wconf 89' lang='lat' dir='ltr'><strong>lmo</strong></span> <span class='ocrx_word' id='word_1_416' title='bbox 2068 3900 2288 3963; x_wconf 81' lang='lat' dir='ltr'><strong>propter</strong></span> <span class='ocrx_word' id='word_1_417' title='bbox 2318 3893 2424 3948; x_wconf 87' lang='lat' dir='ltr'><strong>hoc</strong></span> <span class='ocrx_word' id='word_1_418' title='bbox 2473 3895 2649 3963; x_wconf 87' lang='lat' dir='ltr'><strong>ipsum</strong></span> <span class='ocrx_word' id='word_1_419' title='bbox 2685 3909 2905 3959; x_wconf 89' lang='lat' dir='ltr'><strong>aurum,</strong></span> <span class='ocrx_word' id='word_1_420' title='bbox 2937 3905 3296 3967; x_wconf 75' lang='lat' dir='ltr'><strong>praeterquam</strong></span> <span class='ocrx_word' id='word_1_421' title='bbox 3330 3901 3478 3969; x_wconf 88' lang='lat' dir='ltr'><strong>quod</strong></span> 
     </span>
    </p>
   </div>
   <div class='ocr_carea' id='block_1_67' title="bbox 1916 3983 3475 4054">
    <p class='ocr_par' dir='ltr' id='par_1_67' title="bbox 1916 3983 3475 4054">
     <span class='ocr_line' id='line_1_67' title="bbox 1916 3983 3475 4054; baseline 0.003 -14"><span class='ocrx_word' id='word_1_422' title='bbox 1916 3985 2050 4040; x_wconf 87' lang='lat' dir='ltr'><strong>nihil</strong></span> <span class='ocrx_word' id='word_1_423' title='bbox 2078 3999 2266 4039; x_wconf 89' lang='lat' dir='ltr'><strong>eorum</strong></span> <span class='ocrx_word' id='word_1_424' title='bbox 2291 3983 2540 4051; x_wconf 88' lang='lat' dir='ltr'><strong>perfecit,</strong></span> <span class='ocrx_word' id='word_1_425' title='bbox 2572 4000 2694 4053; x_wconf 71' lang='lat' dir='ltr'><strong>quae</strong></span> <span class='ocrx_word' id='word_1_426' title='bbox 2722 4000 2820 4053; x_wconf 81' lang='lat' dir='ltr'><strong>sps</strong></span> <span class='ocrx_word' id='word_1_427' title='bbox 2870 3987 3257 4054; x_wconf 85' lang='lat' dir='ltr'><strong>destinaverat,</strong></span> <span class='ocrx_word' id='word_1_428' title='bbox 3311 3993 3475 4046; x_wconf 88' lang='lat' dir='ltr'><strong>etiam</strong></span> 
     </span>
    </p>
   </div>
   <div class='ocr_carea' id='block_1_68' title="bbox 237 4072 1812 4150">
    <p class='ocr_par' dir='ltr' id='par_1_68' title="bbox 237 4072 1807 4150">
     <span class='ocr_line' id='line_1_68' title="bbox 237 4072 1807 4150; baseline -0.008 -13"><span class='ocrx_word' id='word_1_429' title='bbox 237 4084 465 4144; x_wconf 81' lang='grc' dir='ltr'>τάλλοις</span> <span class='ocrx_word' id='word_1_430' title='bbox 518 4079 911 4150; x_wconf 75' lang='grc' dir='ltr'>τεθαρρηκότι.</span> <span class='ocrx_word' id='word_1_431' title='bbox 972 4076 1145 4131; x_wconf 72' lang='grc' dir='ltr'>Ταυτὶ</span> <span class='ocrx_word' id='word_1_432' title='bbox 1194 4077 1303 4146; x_wconf 77' lang='grc' dir='ltr'>γὰρ</span> <span class='ocrx_word' id='word_1_433' title='bbox 1328 4076 1439 4137; x_wconf 87' lang='grc' dir='ltr'>τοῖς</span> <span class='ocrx_word' id='word_1_434' title='bbox 1502 4072 1807 4144; x_wconf 81' lang='grc' dir='ltr'>χρωμένοις</span> 
     </span>
    </p>
   </div>
   <div class='ocr_carea' id='block_1_69' title="bbox 1917 4072 3477 4150">
    <p class='ocr_par' dir='ltr' id='par_1_69' title="bbox 1917 4074 3477 4149">
     <span class='ocr_line' id='line_1_69' title="bbox 1917 4074 3477 4149; baseline 0.004 -20"><span class='ocrx_word' id='word_1_435' title='bbox 1917 4076 2092 4146; x_wconf 90' lang='lat' dir='ltr'><strong>periit.</strong></span> <span class='ocrx_word' id='word_1_436' title='bbox 2111 4074 2297 4143; x_wconf 87' lang='lat' dir='ltr'><strong>Neque</strong></span> <span class='ocrx_word' id='word_1_437' title='bbox 2316 4090 2444 4128; x_wconf 83' lang='lat' dir='ltr'><strong>vero</strong></span> <span class='ocrx_word' id='word_1_438' title='bbox 2461 4090 2660 4128; x_wconf 80' lang='lat' dir='ltr'><strong>novum</strong></span> <span class='ocrx_word' id='word_1_439' title='bbox 2680 4084 2771 4129; x_wconf 92' lang='lat' dir='ltr'><strong>aut</strong></span> <span class='ocrx_word' id='word_1_440' title='bbox 2789 4076 3105 4144; x_wconf 83' lang='lat' dir='ltr'><strong>absurdum,</strong></span> <span class='ocrx_word' id='word_1_441' title='bbox 3124 4094 3240 4133; x_wconf 76' lang='lat' dir='ltr'><strong>mea</strong></span> <span class='ocrx_word' id='word_1_442' title='bbox 3260 4082 3477 4149; x_wconf 82' lang='lat' dir='ltr'><strong>quidem</strong></span> 
     </span>
    </p>
   </div>
   <div class='ocr_carea' id='block_1_70' title="bbox 238 4162 1809 4240">
    <p class='ocr_par' dir='ltr' id='par_1_70' title="bbox 238 4162 1809 4240">
     <span class='ocr_line' id='line_1_70' title="bbox 238 4162 1809 4240; baseline -0.008 -13"><span class='ocrx_word' id='word_1_443' title='bbox 238 4176 457 4236; x_wconf 73' lang='grc' dir='ltr'>αὐτοῖς,</span> <span class='ocrx_word' id='word_1_444' title='bbox 495 4173 568 4233; x_wconf 85' lang='grc' dir='ltr'>ὡς</span> <span class='ocrx_word' id='word_1_445' title='bbox 602 4169 732 4240; x_wconf 83' lang='grc' dir='ltr'>χρὴ,</span> <span class='ocrx_word' id='word_1_446' title='bbox 767 4170 885 4239; x_wconf 80' lang='grc' dir='ltr'>μετ’</span> <span class='ocrx_word' id='word_1_447' title='bbox 928 4170 1245 4236; x_wconf 67' lang='grc' dir='ltr'>ἐπιστήμης</span> <span class='ocrx_word' id='word_1_448' title='bbox 1277 4166 1430 4235; x_wconf 77' lang='grc' dir='ltr'>ἀνδρὶ</span> <span class='ocrx_word' id='word_1_449' title='bbox 1487 4162 1809 4233; x_wconf 85' lang='grc' dir='ltr'>πρεπούσης</span> 
     </span>
    </p>
   </div>
   <div class='ocr_carea' id='block_1_71' title="bbox 237 4254 1809 4329">
    <p class='ocr_par' dir='ltr' id='par_1_71' title="bbox 237 4254 1809 4329">
     <span class='ocr_line' id='line_1_71' title="bbox 237 4254 1809 4329; baseline -0.008 -10"><span class='ocrx_word' id='word_1_450' title='bbox 237 4267 395 4319; x_wconf 78' lang='grc' dir='ltr'>δοκεῖ</span> <span class='ocrx_word' id='word_1_451' title='bbox 446 4280 500 4318; x_wconf 86' lang='grc' dir='ltr'><strong>τι</strong></span> <span class='ocrx_word' id='word_1_452' title='bbox 525 4264 815 4316; x_wconf 76' lang='grc' dir='ltr'>κάλλιστον</span> <span class='ocrx_word' id='word_1_453' title='bbox 852 4256 991 4313; x_wconf 76' lang='grc' dir='ltr'>εἶναι</span> <span class='ocrx_word' id='word_1_454' title='bbox 1021 4260 1097 4329; x_wconf 82' lang='grc' dir='ltr'>τῷ</span> <span class='ocrx_word' id='word_1_455' title='bbox 1129 4259 1227 4329; x_wconf 85' lang='grc' dir='ltr'>βίῳ</span> <span class='ocrx_word' id='word_1_456' title='bbox 1272 4256 1488 4326; x_wconf 85' lang='grc' dir='ltr'>τούτῳ.-</span> <span class='ocrx_word' id='word_1_457' title='bbox 1521 4258 1614 4320; x_wconf 81' lang='grc' dir='ltr'>Εἰς</span> <span class='ocrx_word' id='word_1_458' title='bbox 1665 4254 1809 4307; x_wconf 80' lang='grc' dir='ltr'>τοῦτ’</span> 
     </span>
    </p>
   </div>
   <div class='ocr_carea' id='block_1_72' title="bbox 239 4346 1811 4425">
    <p class='ocr_par' dir='ltr' id='par_1_72' title="bbox 239 4346 1811 4425">
     <span class='ocr_line' id='line_1_72' title="bbox 239 4346 1811 4425; baseline -0.008 -15"><span class='ocrx_word' id='word_1_459' title='bbox 239 4356 395 4425; x_wconf 83' lang='grc' dir='ltr'><strong>αύτῷ</strong></span> <span class='ocrx_word' id='word_1_460' title='bbox 425 4356 480 4409; x_wconf 69' lang='grc' dir='ltr'>δὲ</span> <span class='ocrx_word' id='word_1_461' title='bbox 520 4358 681 4425; x_wconf 87' lang='grc' dir='ltr'>μόνον</span> <span class='ocrx_word' id='word_1_462' title='bbox 713 4353 904 4423; x_wconf 78' lang='grc' dir='ltr'>ὁρῶσι,</span> <span class='ocrx_word' id='word_1_463' title='bbox 949 4352 1010 4405; x_wconf 83' lang='grc' dir='ltr'>τὸ</span> <span class='ocrx_word' id='word_1_464' title='bbox 1058 4350 1438 4420; x_wconf 77' lang='grc' dir='ltr'>θησαυρίζειν,</span> <span class='ocrx_word' id='word_1_465' title='bbox 1488 4349 1584 4401; x_wconf 77' lang='grc' dir='ltr'>καὶ</span> <span class='ocrx_word' id='word_1_466' title='bbox 1636 4346 1811 4399; x_wconf 78' lang='grc' dir='ltr'>εὐδαι-</span> 
     </span>
    </p>
   </div>
   <div class='ocr_carea' id='block_1_73' title="bbox 243 4440 1806 4517">
    <p class='ocr_par' dir='ltr' id='par_1_73' title="bbox 243 4440 1806 4517">
     <span class='ocr_line' id='line_1_73' title="bbox 243 4440 1806 4517; baseline -0.007 -17"><span class='ocrx_word' id='word_1_467' title='bbox 243 4448 443 4517; x_wconf 78' lang='grc' dir='ltr'>μονίαν</span> <span class='ocrx_word' id='word_1_468' title='bbox 467 4449 560 4499; x_wconf 69' lang='grc' dir='ltr'>καὶ</span> <span class='ocrx_word' id='word_1_469' title='bbox 589 4446 742 4507; x_wconf 78' lang='grc' dir='ltr'>τέλος</span> <span class='ocrx_word' id='word_1_470' title='bbox 774 4443 937 4498; x_wconf 81' lang='grc' dir='ltr'>τοῦτο</span> <span class='ocrx_word' id='word_1_471' title='bbox 967 4442 1303 4513; x_wconf 76' lang='grc' dir='ltr'>νομίζουσιν,</span> <span class='ocrx_word' id='word_1_472' title='bbox 1334 4441 1618 4509; x_wconf 80' lang='grc' dir='ltr'>ὑπηρέτης</span> <span class='ocrx_word' id='word_1_473' title='bbox 1651 4440 1806 4490; x_wconf 84' lang='grc' dir='ltr'>ἀπω-</span> 
     </span>
    </p>
   </div>
   <div class='ocr_carea' id='block_1_74' title="bbox 239 4530 1809 4605">
    <p class='ocr_par' dir='ltr' id='par_1_74' title="bbox 239 4530 1809 4605">
     <span class='ocr_line' id='line_1_74' title="bbox 239 4530 1809 4605; baseline -0.003 -16"><span class='ocrx_word' id='word_1_474' title='bbox 239 4540 392 4600; x_wconf 83' lang='grc' dir='ltr'>λείας</span> <span class='ocrx_word' id='word_1_475' title='bbox 419 4540 449 4590; x_wconf 88' lang='grc' dir='ltr'><strong>ό</strong></span> <span class='ocrx_word' id='word_1_476' title='bbox 476 4538 730 4601; x_wconf 81' lang='grc' dir='ltr'>πλοῦτος,</span> <span class='ocrx_word' id='word_1_477' title='bbox 786 4537 879 4589; x_wconf 73' lang='grc' dir='ltr'>καὶ</span> <span class='ocrx_word' id='word_1_478' title='bbox 932 4536 1204 4605; x_wconf 83' lang='grc' dir='ltr'>μεγίστων</span> <span class='ocrx_word' id='word_1_479' title='bbox 1238 4534 1457 4586; x_wconf 84' lang='grc' dir='ltr'>ὀνειδῶν</span> <span class='ocrx_word' id='word_1_480' title='bbox 1491 4531 1682 4594; x_wconf 77' lang='grc' dir='ltr'>αἴτιος.</span> <span class='ocrx_word' id='word_1_481' title='bbox 1749 4530 1809 4585; x_wconf 86' lang='lat'><strong>&#39;0</strong></span> 
     </span>
    </p>
   </div>
   <div class='ocr_carea' id='block_1_75' title="bbox 241 4622 1807 4699">
    <p class='ocr_par' dir='ltr' id='par_1_75' title="bbox 241 4622 1807 4699">
     <span class='ocr_line' id='line_1_75' title="bbox 241 4622 1807 4699; baseline -0.004 -17"><span class='ocrx_word' id='word_1_482' title='bbox 241 4631 296 4682; x_wconf 79' lang='grc' dir='ltr'>δέ</span> <span class='ocrx_word' id='word_1_483' title='bbox 320 4647 389 4697; x_wconf 86' lang='grc' dir='ltr'><strong>γε</strong></span> <span class='ocrx_word' id='word_1_484' title='bbox 411 4631 507 4683; x_wconf 77' lang='grc' dir='ltr'>καὶ</span> <span class='ocrx_word' id='word_1_485' title='bbox 531 4631 637 4699; x_wconf 84' lang='grc' dir='ltr'>πρὸ</span> <span class='ocrx_word' id='word_1_486' title='bbox 664 4628 761 4681; x_wconf 82' lang='grc' dir='ltr'>τοῦ</span> <span class='ocrx_word' id='word_1_487' title='bbox 791 4626 928 4681; x_wconf 80' lang='grc' dir='ltr'>Θεοῦ</span> <span class='ocrx_word' id='word_1_488' title='bbox 967 4628 1028 4680; x_wconf 87' lang='grc' dir='ltr'>τὸ</span> <span class='ocrx_word' id='word_1_489' title='bbox 1065 4626 1420 4694; x_wconf 74' lang='grc' dir='ltr'>θησαυρίζειν</span> <span class='ocrx_word' id='word_1_490' title='bbox 1440 4622 1593 4693; x_wconf 76' lang='grc' dir='ltr'>οἶμαι</span> <span class='ocrx_word' id='word_1_491' title='bbox 1614 4623 1807 4689; x_wconf 68' lang='grc' dir='ltr'>τιθεὶς,</span> 
     </span>
    </p>
   </div>
   <div class='ocr_carea' id='block_1_76' title="bbox 242 4716 1806 4789">
    <p class='ocr_par' dir='ltr' id='par_1_76' title="bbox 242 4716 1806 4789">
     <span class='ocr_line' id='line_1_76' title="bbox 242 4716 1806 4789; baseline -0.004 -15"><span class='ocrx_word' id='word_1_492' title='bbox 242 4722 341 4774; x_wconf 73' lang='grc' dir='ltr'>καὶ</span> <span class='ocrx_word' id='word_1_493' title='bbox 390 4721 469 4782; x_wconf 86' lang='grc' dir='ltr'><strong>είς</strong></span> <span class='ocrx_word' id='word_1_494' title='bbox 504 4721 667 4789; x_wconf 88' lang='grc' dir='ltr'>μόνον</span> <span class='ocrx_word' id='word_1_495' title='bbox 697 4719 792 4771; x_wconf 82' lang='grc' dir='ltr'><strong>τὸν</strong></span> <span class='ocrx_word' id='word_1_496' title='bbox 827 4718 1031 4789; x_wconf 83' lang='grc' dir='ltr'>χρυσὸν</span> <span class='ocrx_word' id='word_1_497' title='bbox 1087 4718 1465 4786; x_wconf 83' lang='grc' dir='ltr'>ἀνηρτημένος</span> <span class='ocrx_word' id='word_1_498' title='bbox 1523 4716 1806 4786; x_wconf 81' lang='grc' dir='ltr'>ὑπάρχων,</span> 
     </span>
    </p>
   </div>
   <div class='ocr_carea' id='block_1_77' title="bbox 243 4806 1810 4881">
    <p class='ocr_par' dir='ltr' id='par_1_77' title="bbox 243 4806 1810 4881">
     <span class='ocr_line' id='line_1_77' title="bbox 243 4806 1810 4881; baseline -0.005 -16"><span class='ocrx_word' id='word_1_499' title='bbox 243 4811 452 4881; x_wconf 77' lang='grc' dir='ltr'>χρυσὸν</span> <span class='ocrx_word' id='word_1_500' title='bbox 477 4812 685 4863; x_wconf 75' lang='grc' dir='ltr'>ἐκεῖνον</span> <span class='ocrx_word' id='word_1_501' title='bbox 720 4810 812 4862; x_wconf 77' lang='grc' dir='ltr'>τὸν</span> <span class='ocrx_word' id='word_1_502' title='bbox 864 4808 1081 4862; x_wconf 74' lang='grc' dir='ltr'>ἐοικότα</span> <span class='ocrx_word' id='word_1_503' title='bbox 1131 4808 1321 4871; x_wconf 87' lang='grc' dir='ltr'>λίθοις,</span> <span class='ocrx_word' id='word_1_504' title='bbox 1366 4809 1480 4870; x_wconf 87' lang='grc' dir='ltr'>τοῖς</span> <span class='ocrx_word' id='word_1_505' title='bbox 1537 4806 1810 4860; x_wconf 84' lang='grc' dir='ltr'>ὑποκεκα-</span> 
     </span>
    </p>
   </div>
   <div class='ocr_carea' id='block_1_78' title="bbox 244 4895 1805 4971">
    <p class='ocr_par' dir='ltr' id='par_1_78' title="bbox 244 4895 1805 4971">
     <span class='ocr_line' id='line_1_78' title="bbox 244 4895 1805 4971; baseline -0.004 -19"><span class='ocrx_word' id='word_1_506' title='bbox 244 4900 547 4971; x_wconf 73' lang='grc' dir='ltr'>λυμμένοις</span> <span class='ocrx_word' id='word_1_507' title='bbox 580 4902 800 4969; x_wconf 87' lang='grc' dir='ltr'>συχνοῖς</span> <span class='ocrx_word' id='word_1_508' title='bbox 838 4898 1045 4962; x_wconf 77' lang='grc' dir='ltr'>ὕδασιν,</span> <span class='ocrx_word' id='word_1_509' title='bbox 1074 4896 1124 4950; x_wconf 82' lang='grc' dir='ltr'>οἳ</span> <span class='ocrx_word' id='word_1_510' title='bbox 1152 4899 1287 4966; x_wconf 78' lang='grc' dir='ltr'>πρὸς</span> <span class='ocrx_word' id='word_1_511' title='bbox 1309 4897 1462 4950; x_wconf 75' lang='grc' dir='ltr'>οὐδὲν</span> <span class='ocrx_word' id='word_1_512' title='bbox 1497 4895 1805 4966; x_wconf 84' lang='grc' dir='ltr'>όνήσουσιν,</span> 
     </span>
    </p>
   </div>
   <div class='ocr_carea' id='block_1_79' title="bbox 247 4986 1809 5061">
    <p class='ocr_par' dir='ltr' id='par_1_79' title="bbox 247 4986 1809 5061">
     <span class='ocr_line' id='line_1_79' title="bbox 247 4986 1809 5061; baseline -0.004 -17"><span class='ocrx_word' id='word_1_513' title='bbox 247 4994 300 5045; x_wconf 83' lang='grc' dir='ltr'><strong>εί</strong></span> <span class='ocrx_word' id='word_1_514' title='bbox 332 4993 409 5061; x_wconf 79' lang='grc' dir='ltr'>μή</span> <span class='ocrx_word' id='word_1_515' title='bbox 445 5008 548 5046; x_wconf 88' lang='grc' dir='ltr'><strong>που</strong></span> <span class='ocrx_word' id='word_1_516' title='bbox 580 4993 676 5044; x_wconf 71' lang='grc' dir='ltr'><strong>καὶ</strong></span> <span class='ocrx_word' id='word_1_517' title='bbox 706 4991 951 5059; x_wconf 81' lang='grc' dir='ltr'>γένοιντο</span> <span class='ocrx_word' id='word_1_518' title='bbox 977 4988 1253 5056; x_wconf 86' lang='grc' dir='ltr'>ναυαγίων</span> <span class='ocrx_word' id='word_1_519' title='bbox 1287 4990 1473 5051; x_wconf 84' lang='grc' dir='ltr'>αῖτιοι,</span> <span class='ocrx_word' id='word_1_520' title='bbox 1515 4986 1809 5056; x_wconf 75' lang='grc' dir='ltr'>ἠλαζονεύ-</span> 
     </span>
    </p>
   </div>
   <div class='ocr_carea' id='block_1_80' title="bbox 250 5077 1809 5152">
    <p class='ocr_par' dir='ltr' id='par_1_80' title="bbox 250 5077 1809 5152">
     <span class='ocr_line' id='line_1_80' title="bbox 250 5077 1809 5152; baseline -0.004 -17"><span class='ocrx_word' id='word_1_521' title='bbox 250 5099 386 5135; x_wconf 87' lang='grc' dir='ltr'>σατο</span> <span class='ocrx_word' id='word_1_522' title='bbox 404 5084 513 5136; x_wconf 77' lang='grc' dir='ltr'>πᾶν</span> <span class='ocrx_word' id='word_1_523' title='bbox 547 5083 794 5137; x_wconf 87' lang='grc' dir='ltr'>ἀνύσειν.</span> <span class='ocrx_word' id='word_1_524' title='bbox 836 5082 975 5144; x_wconf 79' lang='grc' dir='ltr'>Τοὺς</span> <span class='ocrx_word' id='word_1_525' title='bbox 994 5080 1106 5152; x_wconf 82' lang='grc' dir='ltr'><strong>γὰρ</strong></span> <span class='ocrx_word' id='word_1_526' title='bbox 1139 5080 1239 5149; x_wconf 82' lang='grc' dir='ltr'>τῆς</span> <span class='ocrx_word' id='word_1_527' title='bbox 1267 5078 1447 5148; x_wconf 81' lang='grc' dir='ltr'>ψυχῆς</span> <span class='ocrx_word' id='word_1_528' title='bbox 1494 5077 1809 5146; x_wconf 79' lang='grc' dir='ltr'>ὀφθαλμοὺς</span> 
     </span>
    </p>
   </div>
   <div class='ocr_carea' id='block_1_81' title="bbox 247 5168 1809 5245">
    <p class='ocr_par' dir='ltr' id='par_1_81' title="bbox 247 5168 1809 5245">
     <span class='ocr_line' id='line_1_81' title="bbox 247 5168 1809 5245; baseline -0.005 -16"><span class='ocrx_word' id='word_1_529' title='bbox 247 5175 625 5245; x_wconf 70' lang='grc' dir='ltr'>ἀμϐλυώττων</span> <span class='ocrx_word' id='word_1_530' title='bbox 669 5177 696 5227; x_wconf 85' lang='grc' dir='ltr'><strong>ὁ</strong></span> <span class='ocrx_word' id='word_1_531' title='bbox 732 5176 965 5242; x_wconf 82' lang='grc' dir='ltr'>Κροῖσος</span> <span class='ocrx_word' id='word_1_532' title='bbox 986 5172 1066 5242; x_wconf 83' lang='grc' dir='ltr'>τῷ</span> <span class='ocrx_word' id='word_1_533' title='bbox 1091 5174 1192 5242; x_wconf 82' lang='grc' dir='ltr'>τῆς</span> <span class='ocrx_word' id='word_1_534' title='bbox 1242 5169 1607 5241; x_wconf 84' lang='grc' dir='ltr'>φιλαργυρίας</span> <span class='ocrx_word' id='word_1_535' title='bbox 1653 5168 1809 5238; x_wconf 85' lang='grc' dir='ltr'>νοσή-</span> 
     </span>
    </p>
   </div>
   <div class='ocr_carea' id='block_1_82' title="bbox 253 5260 1808 5337">
    <p class='ocr_par' dir='ltr' id='par_1_82' title="bbox 253 5260 1808 5337">
     <span class='ocr_line' id='line_1_82' title="bbox 253 5260 1808 5337; baseline -0.003 -20"><span class='ocrx_word' id='word_1_536' title='bbox 253 5282 408 5335; x_wconf 85' lang='grc' dir='ltr'>ματι,</span> <span class='ocrx_word' id='word_1_537' title='bbox 442 5264 777 5337; x_wconf 76' lang='grc' dir='ltr'>πορρωτέρω</span> <span class='ocrx_word' id='word_1_538' title='bbox 813 5264 923 5317; x_wconf 89' lang='grc' dir='ltr'><strong>τῶν</strong></span> <span class='ocrx_word' id='word_1_539' title='bbox 969 5266 1120 5334; x_wconf 83' lang='grc' dir='ltr'>παρὰ</span> <span class='ocrx_word' id='word_1_540' title='bbox 1177 5263 1343 5325; x_wconf 81' lang='grc' dir='ltr'>πόδας</span> <span class='ocrx_word' id='word_1_541' title='bbox 1384 5262 1651 5330; x_wconf 84' lang='grc' dir='ltr'>κειμένων</span> <span class='ocrx_word' id='word_1_542' title='bbox 1708 5260 1808 5315; x_wconf 84' lang='grc' dir='ltr'>οὐκ</span> 
     </span>
    </p>
   </div>
   <div class='ocr_carea' id='block_1_83' title="bbox 1914 4166 3479 4242">
    <p class='ocr_par' dir='ltr' id='par_1_83' title="bbox 1914 4166 3479 4242">
     <span class='ocr_line' id='line_1_83' title="bbox 1914 4166 3479 4242; baseline 0.003 -21"><span class='ocrx_word' id='word_1_543' title='bbox 1914 4166 2205 4231; x_wconf 82' lang='lat' dir='ltr'><strong>sententia,</strong></span> <span class='ocrx_word' id='word_1_544' title='bbox 2230 4181 2342 4220; x_wconf 92' lang='lat' dir='ltr'><strong>rem</strong></span> <span class='ocrx_word' id='word_1_545' title='bbox 2367 4166 2524 4220; x_wconf 90' lang='lat' dir='ltr'><strong>aliter</strong></span> <span class='ocrx_word' id='word_1_546' title='bbox 2551 4167 2839 4229; x_wconf 82' lang='lat' dir='ltr'><strong>cecidisse.</strong></span> <span class='ocrx_word' id='word_1_547' title='bbox 2860 4183 3022 4236; x_wconf 89' lang='lat' dir='ltr'><strong>quam</strong></span> <span class='ocrx_word' id='word_1_548' title='bbox 3051 4170 3193 4223; x_wconf 88' lang='lat' dir='ltr'><strong>illius</strong></span> <span class='ocrx_word' id='word_1_549' title='bbox 3218 4183 3332 4224; x_wconf 86' lang='lat' dir='ltr'><strong>erat</strong></span> <span class='ocrx_word' id='word_1_550' title='bbox 3358 4174 3479 4242; x_wconf 86' lang='lat' dir='ltr'><strong>opi-</strong></span> 
     </span>
    </p>
   </div>
   <div class='ocr_carea' id='block_1_84' title="bbox 1912 4257 3478 4327">
    <p class='ocr_par' dir='ltr' id='par_1_84' title="bbox 1912 4257 3478 4327">
     <span class='ocr_line' id='line_1_84' title="bbox 1912 4257 3478 4327; baseline 0.003 -14"><span class='ocrx_word' id='word_1_551' title='bbox 1912 4259 2122 4327; x_wconf 90' lang='lat' dir='ltr'><strong>nio,qui</strong></span> <span class='ocrx_word' id='word_1_552' title='bbox 2154 4258 2402 4312; x_wconf 84' lang='lat' dir='ltr'><strong>fiduciam</strong></span> <span class='ocrx_word' id='word_1_553' title='bbox 2427 4273 2534 4311; x_wconf 92' lang='lat' dir='ltr'><strong>non</strong></span> <span class='ocrx_word' id='word_1_554' title='bbox 2567 4258 2620 4311; x_wconf 91' lang='lat' dir='ltr'><strong>in</strong></span> <span class='ocrx_word' id='word_1_555' title='bbox 2654 4257 2872 4323; x_wconf 78' lang='lat' dir='ltr'><strong>virtute,</strong></span> <span class='ocrx_word' id='word_1_556' title='bbox 2893 4259 2988 4314; x_wconf 87' lang='lat' dir='ltr'><strong>sed</strong></span> <span class='ocrx_word' id='word_1_557' title='bbox 3018 4262 3250 4316; x_wconf 86' lang='lat' dir='ltr'><strong>metallis</strong></span> <span class='ocrx_word' id='word_1_558' title='bbox 3296 4263 3478 4317; x_wconf 89' lang='lat' dir='ltr'><strong>collo-</strong></span> 
     </span>
    </p>
   </div>
   <div class='ocr_carea' id='block_1_85' title="bbox 1910 4349 3480 4423">
    <p class='ocr_par' dir='ltr' id='par_1_85' title="bbox 1910 4349 3480 4423">
     <span class='ocr_line' id='line_1_85' title="bbox 1910 4349 3480 4423; baseline 0.001 -16"><span class='ocrx_word' id='word_1_559' title='bbox 1910 4360 2155 4407; x_wconf 85' lang='lat' dir='ltr'><strong>caverat.</strong></span> <span class='ocrx_word' id='word_1_560' title='bbox 2179 4349 2312 4404; x_wconf 88' lang='lat' dir='ltr'><strong>Nam</strong></span> <span class='ocrx_word' id='word_1_561' title='bbox 2348 4350 2437 4404; x_wconf 90' lang='lat' dir='ltr'><strong>illa</strong></span> <span class='ocrx_word' id='word_1_562' title='bbox 2465 4360 2610 4406; x_wconf 83' lang='lat' dir='ltr'><strong>recte</strong></span> <span class='ocrx_word' id='word_1_563' title='bbox 2632 4350 2929 4416; x_wconf 90' lang='lat' dir='ltr'><strong>utentibus,</strong></span> <span class='ocrx_word' id='word_1_564' title='bbox 2956 4366 3051 4406; x_wconf 88' lang='lat' dir='ltr'><strong>ceu</strong></span> <span class='ocrx_word' id='word_1_565' title='bbox 3073 4366 3169 4421; x_wconf 90' lang='lat' dir='ltr'><strong>par</strong></span> <span class='ocrx_word' id='word_1_566' title='bbox 3183 4363 3286 4416; x_wconf 83' lang='lat' dir='ltr'><strong>est,</strong></span> <span class='ocrx_word' id='word_1_567' title='bbox 3307 4369 3480 4423; x_wconf 83' lang='lat' dir='ltr'><strong>eaque</strong></span> 
     </span>
    </p>
   </div>
   <div class='ocr_carea' id='block_1_86' title="bbox 1910 4443 3479 4514">
    <p class='ocr_par' dir='ltr' id='par_1_86' title="bbox 1910 4443 3479 4514">
     <span class='ocr_line' id='line_1_86' title="bbox 1910 4443 3479 4514; baseline 0.002 -14"><span class='ocrx_word' id='word_1_568' title='bbox 1910 4460 2032 4500; x_wconf 87' lang='lat' dir='ltr'><strong>cum</strong></span> <span class='ocrx_word' id='word_1_569' title='bbox 2051 4444 2357 4514; x_wconf 87' lang='lat' dir='ltr'><strong>prudentia,</strong></span> <span class='ocrx_word' id='word_1_570' title='bbox 2381 4457 2500 4512; x_wconf 86' lang='lat' dir='ltr'><strong>quae</strong></span> <span class='ocrx_word' id='word_1_571' title='bbox 2521 4443 2691 4496; x_wconf 83' lang='lat' dir='ltr'><strong>virum</strong></span> <span class='ocrx_word' id='word_1_572' title='bbox 2714 4448 2890 4506; x_wconf 88' lang='lat' dir='ltr'><strong>decet,</strong></span> <span class='ocrx_word' id='word_1_573' title='bbox 2911 4443 3329 4508; x_wconf 89' lang='lat' dir='ltr'><strong>pulcherrimum</strong></span> <span class='ocrx_word' id='word_1_574' title='bbox 3354 4448 3479 4503; x_wconf 69' lang='lat' dir='ltr'><strong>vitae</strong></span> 
     </span>
    </p>
   </div>
   <div class='ocr_carea' id='block_1_87' title="bbox 1912 4534 3475 4603">
    <p class='ocr_par' dir='ltr' id='par_1_87' title="bbox 1912 4534 3475 4603">
     <span class='ocr_line' id='line_1_87' title="bbox 1912 4534 3475 4603; baseline 0.001 -12"><span class='ocrx_word' id='word_1_575' title='bbox 1912 4537 2075 4603; x_wconf 85' lang='lat' dir='ltr'><strong>hujus</strong></span> <span class='ocrx_word' id='word_1_576' title='bbox 2105 4543 2488 4589; x_wconf 87' lang='lat' dir='ltr'><strong>ornamentum</strong></span> <span class='ocrx_word' id='word_1_577' title='bbox 2525 4547 2648 4588; x_wconf 88' lang='lat' dir='ltr'><strong>esse</strong></span> <span class='ocrx_word' id='word_1_578' title='bbox 2678 4534 2953 4589; x_wconf 82' lang='lat' dir='ltr'><strong>videntur.</strong></span> <span class='ocrx_word' id='word_1_579' title='bbox 2985 4534 3086 4600; x_wconf 87' lang='lat' dir='ltr'><strong>Qui</strong></span> <span class='ocrx_word' id='word_1_580' title='bbox 3121 4551 3249 4590; x_wconf 81' lang='lat' dir='ltr'><strong>vero</strong></span> <span class='ocrx_word' id='word_1_581' title='bbox 3304 4539 3475 4593; x_wconf 84' lang='lat' dir='ltr'><strong>solam</strong></span> 
     </span>
    </p>
   </div>
   <div class='ocr_carea' id='block_1_88' title="bbox 1913 4625 3474 4698">
    <p class='ocr_par' dir='ltr' id='par_1_88' title="bbox 1913 4625 3474 4698">
     <span class='ocr_line' id='line_1_88' title="bbox 1913 4625 3474 4698; baseline 0.001 -16"><span class='ocrx_word' id='word_1_582' title='bbox 1913 4628 2297 4683; x_wconf 89' lang='lat' dir='ltr'><strong>thesaurorum</strong></span> <span class='ocrx_word' id='word_1_583' title='bbox 2342 4625 2718 4681; x_wconf 85' lang='lat' dir='ltr'><strong>collectionem</strong></span> <span class='ocrx_word' id='word_1_584' title='bbox 2759 4626 3076 4693; x_wconf 86' lang='lat' dir='ltr'><strong>respiciunt,</strong></span> <span class='ocrx_word' id='word_1_585' title='bbox 3103 4643 3332 4698; x_wconf 87' lang='lat' dir='ltr'><strong>eamque</strong></span> <span class='ocrx_word' id='word_1_586' title='bbox 3362 4639 3474 4684; x_wconf 93' lang='lat' dir='ltr'><strong>tum</strong></span> 
     </span>
    </p>
   </div>
   <div class='ocr_carea' id='block_1_89' title="bbox 1912 4717 3480 4789">
    <p class='ocr_par' dir='ltr' id='par_1_89' title="bbox 1912 4717 3480 4789">
     <span class='ocr_line' id='line_1_89' title="bbox 1912 4717 3480 4789; baseline 0.003 -17"><span class='ocrx_word' id='word_1_587' title='bbox 1912 4719 2247 4782; x_wconf 87' lang='lat' dir='ltr'><strong>felicitatem,</strong></span> <span class='ocrx_word' id='word_1_588' title='bbox 2264 4725 2375 4772; x_wconf 89' lang='lat' dir='ltr'><strong>tum</strong></span> <span class='ocrx_word' id='word_1_589' title='bbox 2402 4717 2561 4771; x_wconf 78' lang='lat' dir='ltr'><strong>ﬁnem</strong></span> <span class='ocrx_word' id='word_1_590' title='bbox 2586 4719 2761 4787; x_wconf 89' lang='lat' dir='ltr'><strong>ipsum</strong></span> <span class='ocrx_word' id='word_1_591' title='bbox 2782 4726 3049 4785; x_wconf 85' lang='lat' dir='ltr'><strong>statuunt,</strong></span> <span class='ocrx_word' id='word_1_592' title='bbox 3070 4720 3135 4774; x_wconf 89' lang='lat' dir='ltr'><strong>iis</strong></span> <span class='ocrx_word' id='word_1_593' title='bbox 3157 4736 3285 4789; x_wconf 92' lang='lat' dir='ltr'><strong>opes</strong></span> <span class='ocrx_word' id='word_1_594' title='bbox 3308 4723 3371 4775; x_wconf 88' lang='lat' dir='ltr'><strong>ad</strong></span> <span class='ocrx_word' id='word_1_595' title='bbox 3399 4724 3480 4775; x_wconf 86' lang='lat' dir='ltr'><strong>in—</strong></span> 
     </span>
    </p>
   </div>
   <div class='ocr_carea' id='block_1_90' title="bbox 1910 4808 3479 4882">
    <p class='ocr_par' dir='ltr' id='par_1_90' title="bbox 1910 4808 3479 4882">
     <span class='ocr_line' id='line_1_90' title="bbox 1910 4808 3479 4882; baseline 0.001 -16"><span class='ocrx_word' id='word_1_596' title='bbox 1910 4810 2132 4866; x_wconf 86' lang='lat' dir='ltr'><strong>teritum</strong></span> <span class='ocrx_word' id='word_1_597' title='bbox 2160 4810 2428 4873; x_wconf 85' lang='lat' dir='ltr'><strong>serviunt,</strong></span> <span class='ocrx_word' id='word_1_598' title='bbox 2451 4808 2793 4879; x_wconf 66' lang='lat' dir='ltr'><strong>infamiaeque</strong></span> <span class='ocrx_word' id='word_1_599' title='bbox 2812 4812 3064 4866; x_wconf 65' lang='lat' dir='ltr'><strong>maximae</strong></span> <span class='ocrx_word' id='word_1_600' title='bbox 3095 4828 3317 4867; x_wconf 87' lang='lat' dir='ltr'><strong>causam</strong></span> <span class='ocrx_word' id='word_1_601' title='bbox 3342 4830 3479 4882; x_wconf 73' lang='lat' dir='ltr'><strong>prm-</strong></span> 
     </span>
    </p>
   </div>
   <div class='ocr_carea' id='block_1_91' title="bbox 1912 4899 3479 4976">
    <p class='ocr_par' dir='ltr' id='par_1_91' title="bbox 1912 4899 3479 4976">
     <span class='ocr_line' id='line_1_91' title="bbox 1912 4899 3479 4976; baseline 0.002 -19"><span class='ocrx_word' id='word_1_602' title='bbox 1912 4902 2057 4957; x_wconf 90' lang='lat' dir='ltr'><strong>bent.</strong></span> <span class='ocrx_word' id='word_1_603' title='bbox 2082 4899 2150 4953; x_wconf 83' lang='lat' dir='ltr'><strong>At</strong></span> <span class='ocrx_word' id='word_1_604' title='bbox 2169 4899 2392 4954; x_wconf 74' lang='lat' dir='ltr'><strong>Crmsus</strong></span> <span class='ocrx_word' id='word_1_605' title='bbox 2416 4900 2505 4953; x_wconf 89' lang='lat' dir='ltr'><strong>ille</strong></span> <span class='ocrx_word' id='word_1_606' title='bbox 2536 4908 2745 4963; x_wconf 89' lang='lat' dir='ltr'><strong>noster,</strong></span> <span class='ocrx_word' id='word_1_607' title='bbox 2772 4902 2864 4970; x_wconf 91' lang='lat' dir='ltr'><strong>qui</strong></span> <span class='ocrx_word' id='word_1_608' title='bbox 2902 4905 3162 4971; x_wconf 75' lang='lat' dir='ltr'><strong>majorem</strong></span> <span class='ocrx_word' id='word_1_609' title='bbox 3178 4919 3479 4976; x_wconf 82' lang='lat' dir='ltr'><strong>congeren-</strong></span> 
     </span>
    </p>
   </div>
   <div class='ocr_carea' id='block_1_92' title="bbox 1911 4991 3478 5061">
    <p class='ocr_par' dir='ltr' id='par_1_92' title="bbox 1911 4991 3478 5061">
     <span class='ocr_line' id='line_1_92' title="bbox 1911 4991 3478 5061; baseline 0.004 -15"><span class='ocrx_word' id='word_1_610' title='bbox 1911 4992 2104 5046; x_wconf 87' lang='lat' dir='ltr'><strong>darum</strong></span> <span class='ocrx_word' id='word_1_611' title='bbox 2126 5005 2313 5061; x_wconf 85' lang='lat' dir='ltr'><strong>opum,</strong></span> <span class='ocrx_word' id='word_1_612' title='bbox 2331 5005 2493 5059; x_wconf 87' lang='lat' dir='ltr'><strong>quam</strong></span> <span class='ocrx_word' id='word_1_613' title='bbox 2516 4991 2707 5060; x_wconf 90' lang='lat' dir='ltr'><strong>ipsius,</strong></span> <span class='ocrx_word' id='word_1_614' title='bbox 2726 5000 2788 5045; x_wconf 92' lang='lat' dir='ltr'><strong>ut</strong></span> <span class='ocrx_word' id='word_1_615' title='bbox 2809 4995 3066 5057; x_wconf 89' lang='lat' dir='ltr'><strong>arbitror,</strong></span> <span class='ocrx_word' id='word_1_616' title='bbox 3088 4996 3177 5049; x_wconf 82' lang='lat' dir='ltr'><strong>Dei</strong></span> <span class='ocrx_word' id='word_1_617' title='bbox 3208 4997 3478 5053; x_wconf 89' lang='lat' dir='ltr'><strong>rationem</strong></span> 
     </span>
    </p>
   </div>
   <div class='ocr_carea' id='block_1_93' title="bbox 1910 5082 3479 5157">
    <p class='ocr_par' dir='ltr' id='par_1_93' title="bbox 1910 5082 3479 5157">
     <span class='ocr_line' id='line_1_93' title="bbox 1910 5082 3479 5157; baseline 0.004 -21"><span class='ocrx_word' id='word_1_618' title='bbox 1910 5082 2242 5145; x_wconf 86' lang='lat' dir='ltr'><strong>babebat,ct</strong></span> <span class='ocrx_word' id='word_1_619' title='bbox 2264 5097 2293 5136; x_wconf 89' lang='lat' dir='ltr'><strong>a</strong></span> <span class='ocrx_word' id='word_1_620' title='bbox 2326 5082 2445 5136; x_wconf 88' lang='lat' dir='ltr'><strong>solo</strong></span> <span class='ocrx_word' id='word_1_621' title='bbox 2478 5083 2746 5152; x_wconf 90' lang='lat' dir='ltr'><strong>pendebat</strong></span> <span class='ocrx_word' id='word_1_622' title='bbox 2782 5098 2939 5147; x_wconf 85' lang='lat' dir='ltr'><strong>auro,</strong></span> <span class='ocrx_word' id='word_1_623' title='bbox 2966 5086 3056 5139; x_wconf 89' lang='lat' dir='ltr'><strong>illo</strong></span> <span class='ocrx_word' id='word_1_624' title='bbox 3100 5088 3323 5157; x_wconf 86' lang='lat' dir='ltr'><strong>inquam</strong></span> <span class='ocrx_word' id='word_1_625' title='bbox 3378 5105 3479 5143; x_wconf 84' lang='lat' dir='ltr'><strong>au-</strong></span> 
     </span>
    </p>
   </div>
   <div class='ocr_carea' id='block_1_94' title="bbox 1910 5172 3480 5243">
    <p class='ocr_par' dir='ltr' id='par_1_94' title="bbox 1910 5172 3480 5243">
     <span class='ocr_line' id='line_1_94' title="bbox 1910 5172 3480 5243; baseline 0.003 -16"><span class='ocrx_word' id='word_1_626' title='bbox 1910 5188 1997 5239; x_wconf 87' lang='lat' dir='ltr'><strong>ro,</strong></span> <span class='ocrx_word' id='word_1_627' title='bbox 2024 5172 2169 5242; x_wconf 87' lang='lat' dir='ltr'><strong>quod</strong></span> <span class='ocrx_word' id='word_1_628' title='bbox 2203 5172 2270 5228; x_wconf 87' lang='lat' dir='ltr'><strong>iis</strong></span> <span class='ocrx_word' id='word_1_629' title='bbox 2299 5173 2616 5228; x_wconf 88' lang='lat' dir='ltr'><strong>eratsimile</strong></span> <span class='ocrx_word' id='word_1_630' title='bbox 2642 5172 2935 5242; x_wconf 88' lang='lat' dir='ltr'><strong>lapidibus,</strong></span> <span class='ocrx_word' id='word_1_631' title='bbox 2962 5176 3053 5243; x_wconf 90' lang='lat' dir='ltr'><strong>qui</strong></span> <span class='ocrx_word' id='word_1_632' title='bbox 3096 5176 3389 5243; x_wconf 86' lang='lat' dir='ltr'><strong>profundis</strong></span> <span class='ocrx_word' id='word_1_633' title='bbox 3426 5181 3480 5232; x_wconf 92' lang='lat' dir='ltr'><strong>in</strong></span> 
     </span>
    </p>
   </div>
   <div class='ocr_carea' id='block_1_95' title="bbox 1910 5264 3480 5335">
    <p class='ocr_par' dir='ltr' id='par_1_95' title="bbox 1910 5264 3480 5335">
     <span class='ocr_line' id='line_1_95' title="bbox 1910 5264 3480 5335; baseline 0.004 -17"><span class='ocrx_word' id='word_1_634' title='bbox 1910 5264 2072 5335; x_wconf 88' lang='lat' dir='ltr'><strong>aquis</strong></span> <span class='ocrx_word' id='word_1_635' title='bbox 2109 5265 2303 5332; x_wconf 89' lang='lat' dir='ltr'><strong>abditi,</strong></span> <span class='ocrx_word' id='word_1_636' title='bbox 2330 5266 2533 5319; x_wconf 88' lang='lat' dir='ltr'><strong>nullam</strong></span> <span class='ocrx_word' id='word_1_637' title='bbox 2563 5267 2629 5319; x_wconf 83' lang='lat' dir='ltr'><strong>ad</strong></span> <span class='ocrx_word' id='word_1_638' title='bbox 2656 5280 2768 5320; x_wconf 88' lang='lat' dir='ltr'><strong>rem</strong></span> <span class='ocrx_word' id='word_1_639' title='bbox 2794 5274 2921 5320; x_wconf 89' lang='lat' dir='ltr'><strong>sunt</strong></span> <span class='ocrx_word' id='word_1_640' title='bbox 2949 5266 3132 5331; x_wconf 82' lang='lat' dir='ltr'><strong>utiles,</strong></span> <span class='ocrx_word' id='word_1_641' title='bbox 3151 5269 3255 5323; x_wconf 90' lang='lat' dir='ltr'><strong>nisi</strong></span> <span class='ocrx_word' id='word_1_642' title='bbox 3280 5268 3480 5324; x_wconf 88' lang='lat' dir='ltr'><strong>fortas-</strong></span> 
     </span>
    </p>
   </div>
   <div class='ocr_carea' id='block_1_96' title="bbox 248 5353 1812 5451">
    <p class='ocr_par' dir='ltr' id='par_1_96' title="bbox 248 5353 1801 5426">
     <span class='ocr_line' id='line_1_96' title="bbox 248 5353 1801 5426; baseline -0.001 -17"><span class='ocrx_word' id='word_1_643' title='bbox 248 5356 473 5409; x_wconf 64' lang='grc' dir='ltr'>ἐδύνατο</span> <span class='ocrx_word' id='word_1_644' title='bbox 496 5358 737 5426; x_wconf 83' lang='grc' dir='ltr'>βλέπειν.</span> <span class='ocrx_word' id='word_1_645' title='bbox 765 5356 930 5409; x_wconf 79' lang='grc' dir='ltr'>Ὅθεν</span> <span class='ocrx_word' id='word_1_646' title='bbox 961 5356 1028 5426; x_wconf 79' lang='grc' dir='ltr'>δὴ</span> <span class='ocrx_word' id='word_1_647' title='bbox 1054 5356 1147 5409; x_wconf 79' lang='grc' dir='ltr'>καὶ</span> <span class='ocrx_word' id='word_1_648' title='bbox 1172 5356 1235 5408; x_wconf 86' lang='grc' dir='ltr'>τὸ</span> <span class='ocrx_word' id='word_1_649' title='bbox 1262 5353 1682 5425; x_wconf 84' lang='grc' dir='ltr'>κατορωρύχθαι</span> <span class='ocrx_word' id='word_1_650' title='bbox 1704 5370 1801 5407; x_wconf 87' lang='grc' dir='ltr'>πο-</span> 
     </span>
    </p>
   </div>
   <div class='ocr_carea' id='block_1_97' title="bbox 1917 5353 3473 5451">
    <p class='ocr_par' dir='ltr' id='par_1_97' title="bbox 1917 5355 3473 5428">
     <span class='ocr_line' id='line_1_97' title="bbox 1917 5355 3473 5428; baseline 0.001 -15"><span class='ocrx_word' id='word_1_651' title='bbox 1917 5372 1969 5413; x_wconf 76' lang='lat' dir='ltr'><strong>se</strong></span> <span class='ocrx_word' id='word_1_652' title='bbox 2000 5355 2298 5425; x_wconf 87' lang='lat' dir='ltr'><strong>naufragiis</strong></span> <span class='ocrx_word' id='word_1_653' title='bbox 2327 5366 2388 5411; x_wconf 90' lang='lat' dir='ltr'><strong>ut</strong></span> <span class='ocrx_word' id='word_1_654' title='bbox 2418 5356 2764 5412; x_wconf 89' lang='lat' dir='ltr'><strong>occasionem</strong></span> <span class='ocrx_word' id='word_1_655' title='bbox 2810 5358 3107 5428; x_wconf 76' lang='lat' dir='ltr'><strong>praebeant,</strong></span> <span class='ocrx_word' id='word_1_656' title='bbox 3175 5360 3359 5415; x_wconf 87' lang='lat' dir='ltr'><strong>omnia</strong></span> <span class='ocrx_word' id='word_1_657' title='bbox 3411 5373 3473 5415; x_wconf 87' lang='lat' dir='ltr'><strong>se</strong></span> 
     </span>
    </p>
   </div>
   <div class='ocr_carea' id='block_1_98' title="bbox 246 5447 1802 5520">
    <p class='ocr_par' dir='ltr' id='par_1_98' title="bbox 246 5447 1802 5520">
     <span class='ocr_line' id='line_1_98' title="bbox 246 5447 1802 5520; baseline -0.001 -19"><span class='ocrx_word' id='word_1_658' title='bbox 246 5450 345 5502; x_wconf 76' lang='grc' dir='ltr'><strong>λὺν</strong></span> <span class='ocrx_word' id='word_1_659' title='bbox 360 5448 519 5519; x_wconf 85' lang='grc' dir='ltr'><strong>ἀύτῷ</strong></span> <span class='ocrx_word' id='word_1_660' title='bbox 547 5449 751 5520; x_wconf 81' lang='grc' dir='ltr'>χρυσὸν</span> <span class='ocrx_word' id='word_1_661' title='bbox 782 5450 1075 5519; x_wconf 86' lang='grc' dir='ltr'>σωτηρίαν,</span> <span class='ocrx_word' id='word_1_662' title='bbox 1108 5448 1205 5501; x_wconf 78' lang='grc' dir='ltr'>καὶ</span> <span class='ocrx_word' id='word_1_663' title='bbox 1238 5448 1469 5519; x_wconf 80' lang='grc' dir='ltr'>τρυφὴν,</span> <span class='ocrx_word' id='word_1_664' title='bbox 1506 5447 1599 5515; x_wconf 71' lang='grc' dir='ltr'>καὶ</span> <span class='ocrx_word' id='word_1_665' title='bbox 1649 5447 1802 5516; x_wconf 86' lang='grc' dir='ltr'>βασι-</span> 
     </span>
    </p>
   </div>
   <div class='ocr_carea' id='block_1_99' title="bbox 242 5536 1803 5609">
    <p class='ocr_par' dir='ltr' id='par_1_99' title="bbox 242 5536 1803 5609">
     <span class='ocr_line' id='line_1_99' title="bbox 242 5536 1803 5609; baseline 0.001 -18"><span class='ocrx_word' id='word_1_666' title='bbox 242 5539 401 5592; x_wconf 87' lang='grc' dir='ltr'>λείαν</span> <span class='ocrx_word' id='word_1_667' title='bbox 432 5541 667 5608; x_wconf 77' lang='grc' dir='ltr'>ἐνόμιζε.</span> <span class='ocrx_word' id='word_1_668' title='bbox 696 5541 806 5594; x_wconf 73' lang='grc' dir='ltr'><strong>Καὶ</strong></span> <span class='ocrx_word' id='word_1_669' title='bbox 844 5541 1013 5603; x_wconf 77' lang='grc' dir='ltr'>πολὺς</span> <span class='ocrx_word' id='word_1_670' title='bbox 1040 5536 1110 5609; x_wconf 83' lang='grc' dir='ltr'>ἦν</span> <span class='ocrx_word' id='word_1_671' title='bbox 1141 5541 1231 5595; x_wconf 89' lang='grc' dir='ltr'><strong>διά</strong></span> <span class='ocrx_word' id='word_1_672' title='bbox 1262 5540 1420 5594; x_wconf 83' lang='grc' dir='ltr'>τοῦτο</span> <span class='ocrx_word' id='word_1_673' title='bbox 1476 5540 1617 5593; x_wconf 75' lang='grc' dir='ltr'><strong>κατά</strong></span> <span class='ocrx_word' id='word_1_674' title='bbox 1664 5538 1803 5593; x_wconf 61' lang='grc' dir='ltr'>πάνυ</span> 
     </span>
    </p>
   </div>
   <div class='ocr_carea' id='block_1_100' title="bbox 243 5628 1805 5700">
    <p class='ocr_par' dir='ltr' id='par_1_100' title="bbox 243 5628 1805 5700">
     <span class='ocr_line' id='line_1_100' title="bbox 243 5628 1805 5700; baseline 0.001 -19"><span class='ocrx_word' id='word_1_675' title='bbox 243 5645 357 5681; x_wconf 85' lang='grc' dir='ltr'><strong>των</strong></span> <span class='ocrx_word' id='word_1_676' title='bbox 395 5629 772 5699; x_wconf 66' lang='grc' dir='ltr'>ἔπαιρόμενος,</span> <span class='ocrx_word' id='word_1_677' title='bbox 803 5634 897 5685; x_wconf 72' lang='grc' dir='ltr'>καὶ</span> <span class='ocrx_word' id='word_1_678' title='bbox 924 5631 1195 5700; x_wconf 83' lang='grc' dir='ltr'>μηδαμῶς</span> <span class='ocrx_word' id='word_1_679' title='bbox 1246 5632 1610 5700; x_wconf 82' lang='grc' dir='ltr'>κοιμώμενος,</span> <span class='ocrx_word' id='word_1_680' title='bbox 1668 5628 1805 5698; x_wconf 56' lang='lat' dir='ltr'><strong>Mat</strong></span> 
     </span>
    </p>
   </div>
   <div class='ocr_carea' id='block_1_101' title="bbox 245 5705 1807 5792">
    <p class='ocr_par' dir='ltr' id='par_1_101' title="bbox 245 5705 1807 5792">
     <span class='ocr_line' id='line_1_101' title="bbox 245 5705 1807 5792; baseline 0.003 -23"><span class='ocrx_word' id='word_1_681' title='bbox 245 5720 565 5789; x_wconf 83' lang='grc' dir='ltr'>κραιπαλῶν</span> <span class='ocrx_word' id='word_1_682' title='bbox 606 5705 756 5789; x_wconf 62' lang='grc' dir='ltr'>οίῗθῳ,</span> <span class='ocrx_word' id='word_1_683' title='bbox 793 5725 1016 5791; x_wconf 75' lang='grc' dir='ltr'>μονονοὺ</span> <span class='ocrx_word' id='word_1_684' title='bbox 1068 5722 1483 5792; x_wconf 62' lang='grc' dir='ltr'>παμφθέγγετο</span> <span class='ocrx_word' id='word_1_685' title='bbox 1504 5738 1519 5754; x_wconf 91' lang='grc'><strong>·</strong></span> <span class='ocrx_word' id='word_1_686' title='bbox 1551 5723 1643 5775; x_wconf 76' lang='grc' dir='ltr'><strong>καὶ</strong></span> <span class='ocrx_word' id='word_1_687' title='bbox 1676 5720 1807 5773; x_wconf 75' lang='grc' dir='ltr'><strong>ταῦ-</strong></span> 
     </span>
    </p>
   </div>
   <div class='ocr_carea' id='block_1_102' title="bbox 1908 5447 3485 5520">
    <p class='ocr_par' dir='ltr' id='par_1_102' title="bbox 1908 5447 3485 5520">
     <span class='ocr_line' id='line_1_102' title="bbox 1908 5447 3485 5520; baseline 0.003 -18"><span class='ocrx_word' id='word_1_688' title='bbox 1908 5447 2273 5517; x_wconf 89' lang='lat' dir='ltr'><strong>perfecturam</strong></span> <span class='ocrx_word' id='word_1_689' title='bbox 2294 5451 2649 5517; x_wconf 79' lang='lat' dir='ltr'><strong>gloriabatur.</strong></span> <span class='ocrx_word' id='word_1_690' title='bbox 2669 5449 2802 5505; x_wconf 86' lang='lat' dir='ltr'><strong>Nam</strong></span> <span class='ocrx_word' id='word_1_691' title='bbox 2824 5452 2967 5520; x_wconf 89' lang='lat' dir='ltr'><strong>quod</strong></span> <span class='ocrx_word' id='word_1_692' title='bbox 2985 5452 3161 5506; x_wconf 89' lang='lat' dir='ltr'><strong>oculis</strong></span> <span class='ocrx_word' id='word_1_693' title='bbox 3178 5451 3344 5505; x_wconf 90' lang='lat' dir='ltr'><strong>animi</strong></span> <span class='ocrx_word' id='word_1_694' title='bbox 3381 5463 3485 5506; x_wconf 72' lang='grc' dir='ltr'>σει·</span> 
     </span>
    </p>
   </div>
   <div class='ocr_carea' id='block_1_103' title="bbox 1915 5532 3485 5616">
    <p class='ocr_par' dir='ltr' id='par_1_103' title="bbox 1915 5532 3485 5616">
     <span class='ocr_line' id='line_1_103' title="bbox 1915 5532 3485 5616; baseline 0.004 -23"><span class='ocrx_word' id='word_1_695' title='bbox 1915 5538 2133 5601; x_wconf 90' lang='lat' dir='ltr'><strong>cutiret,</strong></span> <span class='ocrx_word' id='word_1_696' title='bbox 2154 5539 2224 5593; x_wconf 93' lang='lat' dir='ltr'><strong>ob</strong></span> <span class='ocrx_word' id='word_1_697' title='bbox 2254 5540 2497 5593; x_wconf 62' lang='lat' dir='ltr'><strong>avaritiae</strong></span> <span class='ocrx_word' id='word_1_698' title='bbox 2525 5545 2796 5605; x_wconf 81' lang='lat' dir='ltr'><strong>morbum,</strong></span> <span class='ocrx_word' id='word_1_699' title='bbox 2822 5532 3138 5612; x_wconf 85' lang='lat' dir='ltr'><strong>remotiora,</strong></span> <span class='ocrx_word' id='word_1_700' title='bbox 3164 5560 3328 5615; x_wconf 89' lang='lat' dir='ltr'><strong>quam</strong></span> <span class='ocrx_word' id='word_1_701' title='bbox 3364 5562 3485 5616; x_wconf 71' lang='lat' dir='ltr'><strong>quae</strong></span> 
     </span>
    </p>
   </div>
   <div class='ocr_carea' id='block_1_104' title="bbox 1915 5628 3486 5708">
    <p class='ocr_par' dir='ltr' id='par_1_104' title="bbox 1915 5628 3486 5708">
     <span class='ocr_line' id='line_1_104' title="bbox 1915 5628 3486 5708; baseline 0.005 -24"><span class='ocrx_word' id='word_1_702' title='bbox 1915 5638 2040 5684; x_wconf 89' lang='lat' dir='ltr'><strong>ante</strong></span> <span class='ocrx_word' id='word_1_703' title='bbox 2068 5628 2228 5696; x_wconf 78' lang='lat' dir='ltr'><strong>pedes</strong></span> <span class='ocrx_word' id='word_1_704' title='bbox 2255 5640 2416 5685; x_wconf 90' lang='lat' dir='ltr'><strong>erant</strong></span> <span class='ocrx_word' id='word_1_705' title='bbox 2457 5632 2582 5694; x_wconf 86' lang='lat' dir='ltr'><strong>sita,</strong></span> <span class='ocrx_word' id='word_1_706' title='bbox 2611 5636 2923 5702; x_wconf 86' lang='lat' dir='ltr'><strong>prospicere</strong></span> <span class='ocrx_word' id='word_1_707' title='bbox 2968 5651 3076 5691; x_wconf 90' lang='lat' dir='ltr'><strong>non</strong></span> <span class='ocrx_word' id='word_1_708' title='bbox 3111 5645 3338 5708; x_wconf 86' lang='lat' dir='ltr'><strong>poterat.</strong></span> <span class='ocrx_word' id='word_1_709' title='bbox 3365 5637 3486 5705; x_wconf 84' lang='lat' dir='ltr'><strong>Quo</strong></span> 
     </span>
    </p>
   </div>
   <div class='ocr_carea' id='block_1_105' title="bbox 1916 5722 3464 5801">
    <p class='ocr_par' dir='ltr' id='par_1_105' title="bbox 1916 5722 3464 5801">
     <span class='ocr_line' id='line_1_105' title="bbox 1916 5722 3464 5801; baseline 0.008 -25"><span class='ocrx_word' id='word_1_710' title='bbox 1916 5722 2101 5789; x_wconf 78' lang='lat' dir='ltr'><strong>fiebat,</strong></span> <span class='ocrx_word' id='word_1_711' title='bbox 2126 5730 2185 5775; x_wconf 92' lang='lat' dir='ltr'><strong>ut</strong></span> <span class='ocrx_word' id='word_1_712' title='bbox 2210 5723 2528 5779; x_wconf 85' lang='lat' dir='ltr'><strong>immensam</strong></span> <span class='ocrx_word' id='word_1_713' title='bbox 2556 5724 2671 5778; x_wconf 89' lang='lat' dir='ltr'><strong>auri</strong></span> <span class='ocrx_word' id='word_1_714' title='bbox 2692 5726 2797 5779; x_wconf 82' lang='lat' dir='ltr'><strong>vim</strong></span> <span class='ocrx_word' id='word_1_715' title='bbox 2819 5727 3119 5799; x_wconf 83' lang='lat' dir='ltr'><strong>defossam,</strong></span> <span class='ocrx_word' id='word_1_716' title='bbox 3151 5746 3252 5801; x_wconf 88' lang='lat' dir='ltr'><strong>pro</strong></span> <span class='ocrx_word' id='word_1_717' title='bbox 3282 5730 3464 5789; x_wconf 85' lang='lat' dir='ltr'><strong>salute</strong></span> 
     </span>
    </p>
   </div>
  </div>
