3920 6200
422 309 531 374 387

1588 312 1986 373 MANUELIS
2021 313 2468 381 PAL/EOLOGI
2534 316 2537 317 7
2620 322 2641 339 λ

3572 324 3669 386 383

425 444 525 498 pro
542 425 774 489 deliciis,
808 440 905 495 pro
940 438 1105 495 regno
1124 425 1369 481 duceret.
1394 425 1475 481 0b
1496 425 1638 481 hanc
1669 440 1892 481 causam
1918 425 2012 479 ad-

2121 428 2188 483 τά
2218 447 2304 498 γε,
2332 434 2471 501 πρὸς
2500 432 2671 503 ἄνδρα
2706 432 3092 503 διαλεγόμενος
3115 426 3158 501 ᾧ
3196 450 3261 502 γε
3320 433 3458 503 πρὸς
3483 406 3670 489 ἐὑδαιο

424 534 619 577 versus
644 532 832 573 omnes
859 516 1088 570 nimium
1121 528 1389 586 quantum
1417 526 1655 579 tumens,
1684 532 1785 571 nec
1838 518 2003 571 ullam

434 612 656 678 capiens
688 609 951 677 quietem,
979 624 1077 663 nec
1112 609 1243 661 vino
1277 623 1336 663 se
1374 608 1652 663 inebrians
1698 616 1908 662 tantum
1952 606 2019 662 in.

428 715 685 757 sermone
732 700 1003 754 delirabat
1035 715 1049 752 :
1084 708 1139 753 et
1172 699 1264 752 illo
1288 699 1509 768 quidem
1538 713 1667 755 cum
1701 698 1818 753 viro
1845 697 2011 752 collo.

426 808 625 861 quens,
646 792 737 861 qui
767 806 950 844 veram
990 790 1055 843 ad
1082 789 1394 843 felicitatem
1416 805 1610 843 aurum
1641 804 1749 842 non
1782 788 1883 842 nisi
1910 802 2008 857 pro

429 883 959 944 ludibriohabebat,
1007 882 1223 935 etiamsi
1260 882 1382 949 quis
1414 882 1623 947 integra
1657 895 1786 935 saxa
1823 881 1875 933 in
1908 894 2011 934 au-

427 992 549 1030 rum
585 991 872 1039 conversa,
908 975 1032 1042 ejus
1078 974 1143 1027 ad
1182 974 1345 1042 pedes
1382 972 1691 1041 abiecisset.
1732 972 1862 1026 Erat
1916 972 2007 1025 hic

425 1067 772 1122 Atheniensis
800 1067 889 1120 ille
932 1066 1234 1135 legislator,
1270 1065 1359 1119 cui
1393 1080 1593 1119 nomen
1630 1064 1821 1128 Solon,
1844 1078 2005 1133 quem

428 1158 678 1213 homines
724 1156 1136 1211 admirabantur
1181 1154 1411 1209 Athenis
1462 1155 1571 1209 illis
1615 1154 1833 1218 aureis,
1884 1166 2007 1223 qua

426 1251 598 1320 plena:
625 1249 675 1303 id
710 1249 971 1317 temporis
1001 1246 1418 1301 admirabilibus
1448 1245 1582 1299 viris
1618 1254 1796 1299 erant.
1825 1243 1890 1298 Et
1914 1245 2005 1313 qui

426 1358 535 1396 non
566 1356 781 1409 aequum
813 1347 948 1399 erat,
968 1352 1160 1391 omnes
1184 1338 1335 1391 illum
1363 1336 1622 1390 admirari
1644 1337 1668 1388 ’ί
1688 1334 1818 1389 Nam
1863 1337 2008 1390 inter

427 1441 507 1485 tot
527 1431 819 1501 praeclaros
836 1438 891 1483 et
914 1429 1164 1497 egregios
1190 1427 1354 1490 viros,
1380 1427 1473 1495 qui
1494 1426 1679 1481 referti
1708 1426 1860 1495 copia
1883 1428 2006 1496 plu-

424 1524 568 1575 rium
595 1521 950 1574 honestarum
980 1520 1363 1587 bonarumque
1382 1534 1564 1572 rerum
1590 1527 1798 1580 essent,
1831 1533 2004 1571 unum

426 1613 662 1682 aliquem
693 1626 1025 1680 quocunque
1057 1611 1218 1665 modo
1245 1620 1474 1667 caeteros
1524 1611 1781 1673 anteisse,
1814 1624 2004 1685 parum

424 1706 601 1769 abest,
624 1705 757 1773 quin
788 1702 948 1757 tidem
975 1716 1238 1771 superare
1270 1702 1549 1757 videatur.
1579 1700 1681 1755 Hic
1719 1707 1904 1758 tamen
1952 1708 2008 1755 et

2118 524 2308 590 μονίαν
2337 525 2436 593 τὴν
2470 524 2648 594 ἀληθῆ
2679 525 2855 595 γέλως
2889 522 2957 598 ἦν
2992 526 3169 597 σαφὴς
3189 528 3217 579 ό
3252 529 3479 598 χρυσὸς,
3511 527 3566 581 εῐ
3593 547 3672 593 τις

2111 613 2177 683 δὴ
2201 615 2297 668 καὶ
2336 614 2520 677 λίθους
2553 617 2709 681 ὅλους
2757 618 2922 690 τέχνῃ
2975 616 3215 688 χρυσοῦς
3277 620 3672 689 ἐργασάμενος,
3728 604 3731 609 Δ

2114 706 2296 774 φέρων
2356 707 2527 760 έκείθει
2563 708 2738 778 τούτῳ
2780 710 2894 779 πρὸ
2946 710 3055 763 τῶν
3108 712 3303 765 ποδῶν.
3357 713 3675 783 Νομοθέτης

2123 798 2367 867 Ἀθηνῶν
2426 800 2638 863 οὑτοσὶ,
2676 802 2858 855 Σόλων
2912 804 3462 873 προσαγορευόμενος
3484 800 3572 873 ἦν,
3618 808 3677 859 ὲν

2108 892 2230 953 ταῖς
2281 894 2515 961 χρυσαῖς
2557 891 2812 962 Ἀθήναις
2857 893 3289 964 θαυμαζόμενος,
3341 894 3677 963 θαυμαστῶν
3756 906 3759 909 ’

2108 980 2187 1048 τῷ
2222 981 2527 1049 τηνικαῦτα
2554 982 2856 1050 γεμούσαις
2888 982 3120 1051 ἀνδρῶν.
3180 983 3373 1037 Καίτοι
3412 986 3531 1048 πῶς
3575 988 3678 1041 οὐκ

2109 1071 2263 1135 ἄξιον
2285 1073 2494 1135 πάντας
2522 1074 2835 1143 θαυμάσαι;
2865 1075 2939 1129 Τὸ
2969 1076 3082 1145 γάρ
3109 1077 3165 1128 ἐν
3196 1078 3437 1132 τοσοῖσδε
3485 1078 3681 1142 καλοῖς

2108 1180 2169 1216 τε
2196 1167 2293 1217 καὶ
2338 1166 2566 1233 ἀγαθοῖς
2611 1166 2896 1236 ἀνδράσιν,
2937 1167 3420 1237 ὲμπεπλησμένοις
3466 1169 3682 1223 πολλῶν

2107 1255 2291 1308 καλῶν
2346 1273 2407 1309 τε
2466 1258 2562 1309 καὶ
2601 1256 2845 1325 ἀγαθῶν,
2873 1258 2969 1310 ἕνα
2997 1260 3119 1313 τινὰ
3168 1260 3291 1313 καθ’
3325 1261 3504 1315 ὁτιοῦν
3552 1263 3683 1326 τοὺς

2108 1346 2309 1408 ἄλλους
2346 1346 2688 1414 ὑπερελάσαι
2740 1349 2942 1418 μικροῦ
2992 1350 3103 1402 δεῖν
3155 1352 3459 1405 κινδυνεύει
3505 1353 3686 1422 παρέ-

2098 1453 2227 1517 χειν
2249 1436 2579 1492 διαπιστεῖν.
2630 1439 2772 1492 Ἀλλ’
2813 1435 2970 1502 οὗτός
2993 1457 3057 1508 γε
3103 1442 3201 1494 καὶ
3244 1444 3303 1494 ἐν
3329 1444 3512 1507 αὐτοῖς
3541 1447 3688 1512 μετά

2104 1525 2169 1577 τὸ
2188 1525 2331 1578 θεῖον
2392 1527 2720 1596 σεδάσμιος,
2753 1529 2813 1581 ού
2867 1529 2946 1598 τῷ
2989 1530 3189 1599 χρυσὸν
3240 1534 3535 1599 κεκτῆσθαι
3588 1537 3689 1587 καὶ

2108 1620 2387 1687 χορηγεῖν.
2419 1619 2565 1673 Οὐδὲ
2594 1620 2703 1689 γάρ
2726 1615 2797 1692 ἦν
2844 1621 3038 1691 ἐκείνῳ
3065 1624 3233 1685 πολὺς
3280 1625 3503 1693 χρυσὸς,
3554 1627 3686 1679 ούδέ

2109 1726 2175 1777 γε
2206 1709 2489 1780 προύργου
2548 1712 2871 1782 τάργύριον,
2926 1715 2975 1767 εί
3011 1714 3086 1784 μὴ
3118 1714 3299 1778 καλῶς
3350 1716 3689 1786 ἁθροίζοιτο,

425 1796 569 1852 inter
596 1797 745 1858 illos,
777 1795 1081 1849 secundum
1119 1796 1310 1859 Deum,
1347 1794 1683 1851 venerabilis
1702 1801 1844 1857 erat,
1896 1807 2006 1847 non

2116 1803 2211 1855 καὶ
2254 1804 2510 1872 κρεῖττον
2571 1780 2942 1869 ἀναλίσκοιτο,
2988 1780 3085 1859 καῖ
3149 1780 3436 1877 ἑκάτερον,
3466 1810 3569 1863 σὺν
3603 1780 3691 1880 τῶ

425 1891 568 1957 quod
601 1902 792 1940 aurum
820 1886 1142 1955 possideret,
1176 1899 1241 1939 ac
1271 1884 1667 1953 suppeditaret.
1704 1883 1824 1938 Non
1858 1882 2006 1936 enim

426 1978 739 2033 abundabat
764 1990 922 2042 auro,
949 1990 1053 2029 nec
1068 1984 1354 2044 argentum
1380 1975 1619 2029 habebat
1642 1975 1693 2028 in
1714 1974 2010 2046 pretio,ni—

427 2071 471 2126 si
489 2080 631 2125 recte
657 2069 1085 2139 colligeretur,et
1104 2068 1304 2122 melius
1319 2066 1742 2137 expenderetur,
1757 2076 1813 2122 et
1830 2067 1883 2121 in
1931 2067 2012 2121 lo-

427 2175 492 2214 co
528 2171 821 2227 utrumque
840 2160 1018 2212 ﬁeret.
1045 2152 1256 2228 Quippe
1287 2172 1389 2213 nec
1423 2159 1559 2227 ipes,
1594 2172 1699 2213 nec
1753 2157 1828 2211 illi
1872 2172 2011 2226 quos

422 2252 573 2306 dicto
597 2250 877 2303 audientes
902 2249 1157 2312 habebat,
1193 2256 1480 2315 tant0pere
1514 2248 1785 2315 putabant
1831 2261 1997 2317 expec

427 2340 624 2394 tendas
649 2339 772 2393 illas
808 2337 930 2391 auri
974 2352 1213 2405 massas,
1247 2352 1483 2407 quarum
1516 2351 1647 2392 sane
1670 2337 2010 2407 mancipium

423 2445 550 2484 cum
595 2430 816 2484 Crmsus
848 2436 1014 2494 esset,
1042 2444 1139 2498 pro
1165 2428 1388 2482 domino
1439 2443 1500 2483 se
1554 2429 1794 2498 gerebat.
1854 2429 2012 2485 Unde

432 2536 535 2574 nec
558 2522 704 2573 curae
724 2519 907 2573 Soloni
948 2519 1072 2582 fuit,
1109 2528 1168 2573 ut
1190 2528 1359 2572 artem
1393 2518 1631 2587 aliquam
1654 2518 1867 2574 civibus
1891 2519 2008 2574 suis

432 2611 729 2673 inveniret,
747 2625 851 2679 qua
878 2610 1105 2664 omnino
1129 2610 1461 2664 ditescerent
1483 2626 1496 2662 :
1521 2624 1630 2663 non
1657 2609 1798 2664 hanc
1822 2608 2013 2664 metal-

426 2704 618 2765 iicam,
651 2717 750 2756 nec
804 2696 977 2765 illam,
1003 2701 1216 2769 Opinor,
1246 2700 1334 2755 cui
1365 2701 1435 2755 ab
1464 2715 1600 2754 auro
1643 2701 2007 2785 conficiendo-

428 2810 626 2851 nomeu
658 2803 741 2847 est
767 2792 976 2847 datum.
999 2791 1115 2845 Non
1142 2795 1238 2847 has
1263 2793 1333 2846 ob
1358 2806 1445 2846 res
1467 2792 1551 2845 vir
1567 2794 1804 2861 optimus
1828 2793 1898 2848 ab
1911 2808 2014 2864 op-

426 2884 580 2939 tinnis
601 2885 753 2949 viris,
789 2883 1059 2937 maximus
1087 2898 1118 2936 a
1148 2882 1408 2937 maximis
1438 2883 1761 2949 habebatur,
1782 2892 1837 2937 et
1871 2898 2016 2939 nunc

424 2974 881 3045 qu0quecunctis
912 2973 1081 3027 fuisse
1102 2972 1316 3027 videtur
1344 2990 1358 3026 :
1387 2974 1482 3027 sed
1510 2975 1657 3042 quod
1679 2984 1875 3043 prater
1891 2975 2001 3029 alia

423 3068 600 3121 multa
630 3064 1192 3134 praeclaraquel‘acta,
1236 3079 1361 3133 qua:
1401 3076 1816 3133 prmcesserant,
1866 3067 2011 3137 leges

424 3160 600 3214 bonas
626 3158 839 3212 civibus
870 3157 1187 3210 omnimodo
1218 3156 1377 3210 bonis
1405 3155 1613 3212 tulerit.
1660 3156 1834 3210 Tanto
1877 3172 2008 3211 vero

426 3249 801 3318 praestiterunt
831 3261 997 3314 opere
1023 3244 1217 3314 priscis
1270 3245 1478 3314 legibus
1531 3246 1601 3300 ab
1654 3248 1773 3316 ipso
1830 3246 2009 3312 factm,

423 3337 621 3407 quanti
654 3334 1223 3398 venitmstimandum,
1248 3334 1393 3402 quod
1427 3335 1511 3389 ba:
1557 3345 1848 3404 postremae
1894 3338 2012 3391 iue-

432 3428 564 3492 rint,
580 3436 635 3483 et
652 3436 917 3480 aeternum
937 3425 1144 3479 civitati
1175 3424 1518 3479 duraverint.
1549 3426 1684 3481 Nam
1718 3429 1851 3483 visae
1872 3437 2007 3483 sunt

431 3517 563 3582 illis,
582 3517 786 3587 quibus
801 3524 957 3572 erant
974 3516 1115 3580 latae,
1138 3518 1372 3587 publicis
1389 3518 1633 3587 ipsorum
1652 3522 2009 3586 ornamentis.

430 3623 752 3680 quanquam
777 3622 840 3662 ea
865 3606 1148 3662 civitatum
1180 3608 1411 3661 aliarum
1435 3619 1762 3665 ornamenta
1792 3626 2015 3681 supera-

429 3708 579 3764 rent,
613 3702 770 3771 longe
796 3698 1139 3766 illustriores,
1181 3700 1409 3769 ipsaque
1434 3714 1585 3766 arce,
1616 3716 1782 3771 quam
1832 3704 2015 3756 muni-

429 3793 631 3848 tiorem
660 3792 875 3847 caeteris
902 3791 1103 3861 ubique
1132 3800 1399 3846 terrarum
1424 3793 1843 3859 existimabant,
1861 3794 2003 3848 insi-

430 3886 615 3956 gniter
646 3883 994 3949 munitiores,
1025 3884 1188 3953 longo
1213 3882 1449 3952 denique
1504 3884 1793 3939 intervallo
1847 3885 2014 3941 rebus

436 3974 564 4038 illis,
593 3974 791 4041 quibus
820 3987 879 4028 se
903 3972 1210 4042 jactabant,
1238 3974 1511 4029 meliores.
1564 3974 1624 4029 In
1675 3975 1823 4030 hunc
1872 3991 2007 4047 ergo

427 4064 657 4124 modum
691 4061 855 4118 Solon
871 4063 1380 4132 sapientiacculmen
1412 4065 1613 4134 attigit,
1646 4066 1791 4135 quod
1817 4080 1878 4120 ea
1906 4082 2015 4136 pra:

424 4155 637 4224 .quovis
667 4171 803 4211 auro
836 4156 888 4208 in
911 4155 1085 4225 pretio
1106 4156 1423 4213 haberetur.
1447 4160 1521 4213 At
1539 4158 1763 4214 Crmsus
1783 4159 1919 4215 adeo
1939 4171 2018 4215 te-

424 4246 717 4301 mulentus
742 4261 805 4300 ex
830 4246 925 4301 illo
954 4246 1086 4305 vitio
1109 4263 1233 4312 suo,
1253 4249 1688 4305 animadvertere
1710 4265 1821 4305 non
1861 4259 2015 4320 pote-

426 4348 542 4401 rrat,
568 4338 746 4405 qualis
778 4337 867 4391 ille
897 4337 980 4391 vir
1009 4347 1179 4401 esset.
1209 4349 1262 4393 et
1286 4339 1432 4406 apud
1459 4340 1675 4406 qualem
1729 4341 2012 4397 hominem

2098 1893 2289 1966 υκαιρῷ
2312 1897 2577 1963 γίγνοιτο.
2622 1896 2760 1950 Οὔτε
2799 1898 2907 1967 γὰρ
2940 1898 3090 1969 αύτῷ
3138 1900 3349 1972 τάνδρὶ,
3384 1901 3509 1955 οὔτε
3569 1903 3689 1973 μὴν

2108 1990 2224 2050 τοῖς
2252 1988 2605 2058 πειθομένοις
2639 1989 2808 2058 αὐτῷ,
2832 1988 2980 2043 οὕτω
3015 1992 3488 2060 περισπούδαστον
3513 1990 3583 2063 ἦν
3617 1997 3691 2049 τὰ

2108 2082 2206 2135 τοῦ
2233 2079 2441 2151 χρυσοῦ
2466 2080 2754 2150 ψήγματα,
2779 2074 2855 2134 ῶν
2887 2081 2916 2133 ὁ
2941 2083 3174 2152 Κροῖσος
3193 2083 3380 2147 δοῦλος
3409 2086 3505 2151 ῶν,
3526 2088 3694 2157 ἡγεῖ.

2111 2186 2174 2222 το
2198 2168 2391 2239 κύριος
2415 2164 2579 2223 εἶναι.
2618 2170 2783 2223 Ὅθεν
2814 2170 2941 2224 οὐδὲ
2988 2172 3239 2242 μηχανὴν
3270 2176 3300 2228 ό
3354 2174 3532 2229 Σόλων
3560 2178 3688 2243 ἑξε-

2115 2258 2359 2329 ζήτησεν
2415 2261 2712 2331 εὑρηκέναι
2741 2263 2858 2326 τοῖς
2895 2263 3139 2326 πολίταις
3182 2267 3298 2329 τοῖς
3330 2267 3496 2319 αὐτοῦ
3542 2270 3693 2339 πρὸς

2111 2353 2176 2405 τὸ
2229 2352 2525 2422 δυνηθῆναι
2567 2355 3007 2424 χρηματίζεσθαι
3057 2358 3239 2409 πάντα
3276 2360 3511 2430 τρόπον’
3555 2360 3691 2414 οὔτε

2112 2442 2324 2515 ταύτην
2347 2443 2410 2514 δή
2449 2462 2590 2513 φημι
2638 2444 2740 2513 τὴν
2773 2445 3123 2515 μεταλλικὴν,
3152 2447 3277 2502 οὔτε
3325 2451 3432 2521 μὴν
3474 2452 3573 2521 τὴν
3609 2449 3695 2506 οἷ-

2118 2552 2218 2607 μαι
2251 2536 2645 2606 χρυσοποιικὴν
2677 2536 3046 2606 καλουμένην.
3077 2541 3192 2592 Οὐκ
3236 2541 3343 2611 ἀρα
3394 2543 3479 2596 διὰ
3509 2543 3692 2597 ταῦτα

2114 2628 2336 2697 ἀριστος
2365 2626 2635 2697 ἀρίστοις,
2658 2629 2752 2683 καὶ
2800 2629 3061 2696 μέγιστος
3100 2632 3382 2699 μεγίστοις
3411 2634 3549 2705 ἀνὴρ
3589 2637 3695 2688 ἀν-

2117 2717 2278 2786 δράσι
2306 2717 2611 2787 νομίζοιτο,
2636 2718 2732 2769 καὶ⁵
2756 2717 2853 2771 νῦν
2889 2735 2951 2785 γε
2978 2721 3142 2773 πᾶσιν
3180 2721 3259 2775 ἔτι
3295 2722 3445 2776 δοκεῖ
3471 2743 3483 2754 ·
3516 2727 3594 2796 τῷ
3627 2729 3693 2782 δὲ

2116 2809 2316 2878 νόμους
2370 2806 2615 2875 ἀγαθοὺς
2675 2808 2770 2860 ἐπὶ
2816 2808 3034 2873 πολλοῖς
3084 2828 3143 2863 τε
3182 2814 3275 2865 καὶ
3302 2813 3484 2876 καλοῖς
3514 2816 3696 2883 ἑφθα-

2120 2899 2246 2952 κόσι
2275 2899 2523 2962 πολίταις
2574 2900 2751 2952 πάντα
2785 2902 3014 2969 ἀγαθοῖς
3056 2905 3391 2961 τεθεικέναι.
3428 2908 3694 2982 Τοσούτῳ

2119 2987 2176 3040 δὲ
2202 2989 2559 3059 ὐπερήλασαν
2604 2991 2731 3052 τοὺς
2769 2992 3181 3062 πρεσϐυτέρους
3220 2996 3270 3048 οἱ
3318 3000 3471 3068 παρά
3526 3000 3693 3055 τοῦδε

2119 3080 2506 3148 γεγενημένοι,
2535 3081 2645 3149 ὅσῳ
2670 3081 3020 3146 τελευταίους
3045 3086 3245 3150 αὐτοὺς
3268 3089 3550 3155 γενέσθαι,
3583 3098 3697 3147 καὶ

2114 3168 2426 3222 διαιωνίσαι
2476 3159 2554 3240 ’τῇ
2616 3172 2793 3226 πόλει.
2844 3174 3072 3239 Ἐδοξαν
3120 3179 3229 3249 γὰρ
3286 3184 3420 3245 τοῖς,
3476 3185 3545 3236 δι’
3586 3186 3698 3252 οὓς

2114 3256 2386 3324 ἐγένοντο,
2426 3258 2638 3329 κόσμου
2698 3262 2799 3330 μὲν
2849 3264 2945 3316 τοῦ
2980 3266 3113 3335 παρ’
3173 3269 3362 3334 αὐτοῖς
3397 3273 3693 3344 δημοσίου,

2116 3349 2419 3418 καίτοι’γε
2465 3352 2921 3417 πλεονεκτοῦντος
2972 3359 3080 3411 τῶν
3140 3361 3199 3413 έν
3229 3363 3416 3429 ἄλλαις
3470 3369 3695 3437 πόλεσι,

2119 3439 2319 3531 κομιδῆ
2350 3445 2812 3514 περιφανέστεροι
2837 3461 2851 3477 ο
2887 3449 3058 3516 αὐτῆς
3083 3451 3141 3504 δὲ
3180 3456 3550 3526 ἀκροπόλεως,
3580 3464 3697 3531 τῆς

2116 3530 2298 3593 αὐτοῖς
2357 3531 2726 3604 νομιζομένης
2767 3536 3179 3611 ἀσφαλεστέρας
3213 3546 3321 3598 τῶν
3360 3530 3695 3620 ἁπανταχοῦ

2110 3622 2239 3690 γῆς,
2270 3623 2569 3693 ὑπερφυῶς
2596 3627 2995 3700 ἀσφαλέστεροι
3017 3648 3030 3664 ’
3055 3636 3147 3687 καὶ
3177 3635 3313 3699 ὅλως
3351 3654 3412 3705 γε
3439 3641 3697 3710 βελτίους

2116 3713 2247 3801 τῶν,
2280 3711 2364 3779 οἷς
2395 3718 2682 3786 ἐφρόνουν,
2713 3720 2893 3790 πολλῷ
2919 3722 2997 3794 τῷ
3039 3726 3215 3796 μέσῳ.
3253 3730 3408 3784 Οὖτω
3446 3734 3545 3801 μὲν
3585 3733 3699 3789 οὖν

2116 3796 2275 3866 οὗτος
2304 3808 2446 3876 ἀνὴρ
2468 3806 2682 3879 προῦὄη
2718 3810 2855 3880 πρὸς
2880 3812 3054 3884 ἀκρον
3081 3820 3293 3886 σοφίας,
3321 3821 3397 3891 τῷ
3421 3796 3697 3892 τιμᾶσθαι

2117 3895 2327 3965 ταύτην
2354 3899 2555 3961 παντὸς
2576 3902 2799 3970 χρυσίου
2822 3922 2835 3935 ο
2864 3904 3010 3959 οῦτω
3059 3908 3115 3961 δὲ
3148 3910 3367 3979 μεθύων
3399 3914 3479 3982 τῷ
3520 3918 3696 3972 πάθει

2117 3986 2374 4053 Κροῖσος,
2416 3989 2515 4059 οὑχ
2546 3989 2661 4054 οῖός
2683 3993 2729 4045 τ’
2756 3988 2825 4063 ἦν
2855 3996 3234 4063 αἰσθάνεσθαι,
3262 3996 3373 4066 οἷος
3414 4004 3490 4057 ῶν
3540 4009 3697 4060 ἐκεῖ-

2117 4090 2209 4137 νος
2270 4078 2555 4146 τυγχάνει,
2597 4082 2688 4134 καὶ
2747 4084 2885 4154 πρὸς
2946 4080 3058 4138 οἷον
3104 4089 3476 4147 ἐπεδείκνυτο.
3522 4096 3695 4149 Τουτὶ

2120 4165 2231 4234 γάρ
2280 4166 2454 4235 δήπου
2507 4170 2569 4223 τὸ
2613 4172 2785 4235 πάθος
2846 4169 2921 4228 ὧν
2952 4175 3018 4229 ἂν
3050 4179 3309 4245 καθάπαξ
3364 4187 3693 4255 κρατήσειε,

2120 4256 2328 4309 τούτων
2360 4261 2478 4321 ταῖς
2507 4260 2710 4331 ψυχαῖς
2761 4266 2977 4335 ἑντήκει
3036 4269 3233 4322 ἑαυτοῦ
3286 4274 3514 4345 διηνεκῆ
3567 4296 3695 4332 τινα

2121 4348 2319 4417 δίψαν·
2366 4352 2434 4422 ἢν
2485 4354 2547 4405 τὸ
2579 4357 2944 4424 μετεχόμενον
2996 4361 3289 4431 ἀειδήποτε
3357 4371 3691 4435 πωσαῦξον,

433 4426 797 4496 gloriaretur.
834 4426 985 4491 Quos
1014 4429 1163 4482 enim
1196 4428 1387 4482 vitium
1424 4428 1532 4482 hoc
1561 4431 1729 4485 semel
1758 4441 2012 4502 occupat,

2116 4438 2193 4503 ὡς
2242 4442 2344 4509 ῦλη
2394 4444 2506 4515 πῦρ
2555 4462 2615 4497 τε
2665 4448 2760 4501 καὶ
2800 4449 2996 4517 φλόγα,
3038 4426 3161 4516 ταῖς
3216 4456 3324 4508 τῶν
3366 4426 3693 4515 ἑαλωκότων

430 4532 629 4571 eorum
658 4517 858 4572 animis
879 4518 1168 4585 quamdam
1194 4519 1277 4572 sui
1307 4530 1623 4588 perpetuam
1647 4520 1794 4576 sitim
1830 4521 2017 4577 instil-

442 4606 737 4674 iatzquam
790 4606 925 4660 illud
978 4608 1348 4676 ipsum,quod
1389 4608 1713 4678 percipitur,
1736 4627 2014 4681 nunquam

426 4712 554 4751 -non
589 4699 761 4767 magis
793 4712 855 4755 ac
876 4700 1049 4768 magis
1078 4714 1307 4767 augens,
1338 4701 1415 4753 uti
1438 4701 1694 4757 materies
1733 4703 1912 4769 ignem
1964 4713 2020 4760 et

407 4785 741 4849 \ﬂanztnam,
781 4795 991 4842 mentes
1041 4798 1415 4857 correptorum
1445 4790 1549 4851 hoc
1592 4792 1783 4848 morbo
1827 4794 2017 4863 vitiat;

444 4878 650 4947 quippe
712 4880 827 4932 heri
895 4880 1105 4947 nequit,
1136 4888 1194 4933 ut
1214 4880 1467 4950 quiaeger
1499 4889 1585 4937 est
1610 4884 1814 4949 animo,
1840 4900 2020 4943 mente

441 4984 615 5022 sanus
641 4969 733 5024 sit.
761 4970 817 5024 id
849 4972 1010 5024 etiam
1029 4970 1221 5026 Crmso
1251 4972 1528 5027 usuvenit.
1555 4975 1890 5044 Argumento
1914 4986 2018 5044 est,

440 5060 592 5130 quod
626 5060 843 5119 Solonis
871 5064 935 5116 ad
962 5063 1142 5132 ipsum
1168 5064 1410 5121 monitus
1431 5066 1765 5137 consiliaque
1782 5084 2018 5139 respue-

444 5153 543 5216 rit,
562 5167 681 5220 qua:
702 5153 782 5207 vel
805 5153 1044 5222 Ulysses,
1070 5150 1380 5219 velNestor,
1400 5156 1480 5210 vel
1500 5158 1677 5226 quivis
1697 5159 1856 5226 alius,
1875 5161 2022 5217 civili

441 5244 721 5311 sapientia
757 5245 916 5311 longe
944 5246 1157 5299 caeteris
1190 5255 1478 5313 prmstans,
1506 5250 1700 5303 merito
1734 5254 2021 5319 reterittts,

448 5350 571 5389 tneo
598 5334 815 5404 quidem
839 5334 1069 5402 judicio,
1090 5336 1299 5403 fuiSael,
1332 5354 1397 5393 ac
1429 5339 1659 5401 suismet
1675 5342 1909 5403 decretis
1931 5360 2025 5398 an-

424 5428 788 5494 deposuisset.
805 5427 877 5481 At
891 5426 1110 5483 Crmsus
1129 5443 1233 5487 non
1253 5429 1324 5483 ita
1345 5434 1471 5494 ,βοά
1493 5441 1699 5487 tantum
1722 5449 1830 5493 non
1848 5435 2027 5493 ridere

432 5534 654 5583 senem,
672 5533 910 5588 spesque
935 5519 1001 5575 de
1020 5521 1266 5588 pecuniis
1290 5537 1514 5589 prorsus
1533 5525 1812 5587 inutilibus
1829 5542 2026 5583 conce-

446 5618 595 5679 ptas,
621 5618 676 5663 ct
698 5625 864 5665 vanas
894 5611 1135 5679 quidem,
1159 5612 1360 5673 ducere
1384 5616 2029 5681 potioresadmonitioni-

442 5697 766 5769 busrcapse
798 5701 1003 5767 aureis,
1049 5717 1280 5771 quaeque
1309 5705 1502 5761 salutis
1524 5715 1578 5761 ct
1609 5708 1793 5777 gloriae
1824 5725 2026 5779 paran-

2122 4535 2291 4623 φρεσὶ
2322 4532 2670 4602 λυμαίνεται.
2705 4540 2781 4591 οὐ
2807 4540 2917 4610 γὰρ
2942 4542 3058 4595 ἐστι
3096 4545 3359 4600 νοσοῦντα
3384 4550 3483 4618 τὴν
3508 4552 3694 4623 ψυχὴν

2120 4622 2292 4691 ὑγιῶς
2327 4624 2474 4695 ἔχειν
2520 4627 2619 4691 τὰς
2652 4631 2881 4699 φρένας.
2939 4633 3111 4688 Ταυτὶ
3151 4639 3246 4690 καὶ
3292 4641 3513 4712 Κροίσῳ
3550 4622 3697 4711 συμ-

2122 4712 2351 4784 ϐέϐηκε.
2389 4718 2679 4786 Καὶιδηλοῖ
2700 4721 2760 4773 τὸ
2787 4722 3084 4778 διαπτύσαι
3106 4727 3204 4790 τὰς
3242 4732 3379 4801 πρὸς
3407 4734 3577 4785 αὐτὸν
3596 4739 3695 4791 τοῦ

2124 4806 2363 4871 Σόλωνος
2417 4814 2795 4880 παραινέσεις,
2826 4818 2922 4869 καὶ
2962 4818 3030 4871 τὰ
3082 4818 3433 4892 βουλεύματα
3458 4841 3473 4855 ο
3522 4826 3560 4880 ἃ
3592 4830 3696 4881 κᾶν

2134 4896 2445 4963 Ὀδυσσεὺς,
2498 4899 2601 4954 κᾶν
2632 4902 2885 4973 Νέστωρ,
2922 4908 3027 4960 κᾶν
3091 4911 3342 4965 ὁστισοῦν
3383 4915 3475 4967 ἐπὶ
3523 4917 3696 4987 σοφίᾳ

2123 4988 2379 5075 πολιτικῇ
2440 4992 2575 5044 πολὺ
2607 4993 2716 5045 τῶν
2758 4995 2951 5049 ,ἀλλων
2980 4998 3300 5067 διενεγκὼν,
3346 5005 3589 5075 ᾐσχύνθη
3632 5024 3690 5060 τε

2122 5071 2279 5145 οἶμαι
2306 5078 2553 5142 δικαίως,
2584 5083 2680 5134 καὶ
2714 5084 2824 5137 τῶν
2862 5087 3009 5139 ίδίων
3032 5089 3324 5158 δογμάτων
3354 5071 3669 5166 προῦθηκεν

2137 5166 2276 5221 Ἀλλ’
2304 5169 2332 5220 ό
2362 5171 2601 5238 Κροῖσός
2632 5190 2695 5241 γε
2737 5175 2835 5247 οὐχ
2881 5176 3086 5243 οὕτως·
3120 5182 3258 5235 ἀλλά
3304 5188 3532 5253 μονονοὺ
3564 5206 3699 5241 κατ-

2128 5259 2294 5325 εγέλα
2327 5260 2423 5311 τοῦ
2455 5261 2729 5333 γέροντος,
2774 5267 2867 5319 καὶ
2923 5270 3107 5341 πολλῷ
3142 5272 3386 5340 βελτίους
3426 5272 3532 5345 ἦγε
3592 5281 3695 5341 τὰς

2126 5349 2235 5402 ἀπὸ
2264 5352 2566 5420 χρημάτων
2604 5353 2743 5417 ὅλως
2774 5358 3067 5428 ἀχρήστων
3110 5363 3277 5423 κενὰς
3313 5365 3539 5426 ἐλπίδας
3569 5386 3697 5422 νου-

2127 5440 2325 5493 θεσιῶν
2363 5444 2582 5512 χρυσῶν
2626 5445 2706 5512 τῷ
2752 5434 2890 5511 sin.
2931 5452 3025 5504 καὶ
3085 5455 3361 5525 σωτηρίας
3410 5458 3693 5527 ἀφορμάς,

2128 5533 2223 5585 καὶ
2245 5532 2404 5598 δόξης
2443 5538 2857 5605 παρεχομένων.
2891 5539 3078 5604 Οὕτως
3122 5543 3267 5598 ἑάλω
3324 5546 3419 5599 τοῦ
3457 5551 3693 5617 χρυσοῦ,

2128 5624 2223 5675 καὶ
2246 5624 2396 5676 τόνδε
2423 5626 2584 5693 μόνον
2604 5626 2903 5698 θαυμάζων
2956 5627 3048 5701 ἦν,
3108 5635 3213 5698 ἓως
3255 5638 3321 5692 ἐκ
3351 5638 3453 5705 τῆς
3496 5640 3695 5708 πείρας

2132 5714 2304 5782 αὐτῆς
2342 5715 2653 5787 μεμάθηκε,
2687 5720 2780 5774 καὶ
2835 5722 3054 5789 ἐπέγνω
3094 5725 3289 5779 ἑαυτὸν
3333 5726 3695 5795 ἐξηπατημέ-
