3920 6200
263 288 371 351 389

1734 285 2025 346 ORATIO
2054 286 2105 348 Ι.

3403 304 3509 367 390

260 418 377 455 νον.
409 400 549 456 οὑδέ
573 400 789 471 χρόνος,
815 400 995 471 οἶμαι,
1028 401 1220 465 πολὺς,
1273 400 1371 455 καὶ
1417 370 1659 472 όνεκρδς
1686 401 1801 454 ἐκεῖ

1905 446 1907 452 .
1933 398 2014 452 da:
2038 401 2275 458 rationes
2300 406 2724 474 suppeditarent.
2749 405 2932 477 Usque
2951 410 3087 466 adeo
3099 410 3168 466 ab
3194 426 3331 470 auro
3349 418 3507 472 reda-

257 512 354 557 νος
412 495 620 563 χρυσὸς
668 495 977 565 μετάμελον
1035 494 1186 563 αύτῷ
1245 495 1522 563 παρέσχεν
1568 494 1829 563 ἀνόνητον

257 588 365 653 καὶ,
387 586 492 655 τῆς
524 589 656 656 περὶ
686 586 839 639 τόνδε
889 586 1124 653 πλάνης,
1157 585 1251 639 καὶ
1282 586 1392 639 τῶν
1429 585 1693 648 ἀπονοίας
1734 588 1831 656 ρη-

261 656 478 745 μάτων.
510 674 593 741 οἷς
624 678 872 730 ἀπειθῶν
892 676 970 747 τῷ
997 679 1390 747 σωφρονίζοντι
1426 678 1825 748 κατεκέχρητο.

264 771 367 831 ὐς
396 768 505 838 γὰρ
534 768 663 838 χθὲς
692 768 785 821 καὶ
816 770 1082 841 πρότριτα
1118 769 1206 822 διὰ
1228 771 1320 822 τὸν
1376 768 1607 822 πλοῦτον
1660 769 1827 835 ἐκόμ-

258 859 459 923 παζεν,
484 860 654 928 αἴρων
677 858 871 927 ὀφρὺν,
899 860 992 911 καὶ
1022 858 1365 928 ἀκροϐατῶν.
1425 862 1519 913 καὶ
1581 859 1671 914 τὸν
1725 859 1825 911 αύ-

256 948 393 1018 χένα
428 951 627 1003 τείνων
666 950 749 1012 είς
798 949 1047 1018 οὐρανὸν,
1079 951 1218 1012 ὅλως
1269 951 1631 1021 ἐπαιρόμενος
1682 953 1824 1006 κατὰ

256 1043 367 1094 τῶν
390 1041 561 1094 αὑτοῦ
590 1042 900 1111 βελτιόνων,
948 1040 1222 1112 Ἀθηναίῳ
1253 1040 1454 1095 Σόλωνι
1496 1041 1823 1111 διαλεγόμε-

259 1150 372 1197 νος,
398 1132 557 1196 οὗτος
597 1132 761 1195 αὐτὸς
789 1132 931 1201 μετὰ
964 1131 1172 1202 βραχύν
1230 1149 1353 1186 τινα
1396 1132 1612 1201 χρόνον,
1641 1128 1819 1201 οἶμαι,

256 1230 325 1282 δι’
348 1230 554 1291 αὐτοὺς
584 1228 647 1298 δὴ
677 1229 805 1289 τοὺς
848 1230 1062 1297 σωροὶς
1096 1227 1205 1279 τῶν
1252 1225 1534 1295 μετάλλων
1570 1226 1728 1297 ὤφθη
1757 1243 1820 1294 γε

256 1321 441 1373 κλάων
487 1321 627 1390 μετὰ
654 1319 814 1389 βοῆς,
861 1318 1151 1389 Ἀθηναίου
1185 1317 1534 1387 μεμνημένος
1563 1317 1820 1383 Σόλωνος,

253 1413 493 1482 ὁπηνίκα
517 1412 629 1483 πῦρ
668 1410 911 1477 ἐξάλοιτο
945 1409 1069 1463 κατ’
1090 1407 1278 1472 αὑτοῦ,
1313 1408 1409 1462 καὶ
1443 1408 1531 1461 διὰ
1560 1408 1820 1478 τῷπλού-

251 1523 330 1575 τῳ
360 1505 609 1575 θαρρεῖν,
659 1503 979 1568 όνειδίζοιτο
1010 1502 1161 1572 παρά
1214 1500 1427 1571 Κύρου,
1483 1501 1576 1555 τοῦ
1602 1502 1701 1565 τὰς
1730 1502 1821 1555 εὑ·-

252 1597 403 1659 νοίας
427 1597 536 1648 τῶν
573 1595 663 1647 ὑπ’
694 1595 864 1665 αὐτῷ,
893 1595 987 1648 καὶ
1028 1591 1295 1663 φρουρὰν,
1343 1592 1441 1646 καὶ
1478 1592 1815 1666 θησαυροὺς,

254 1689 351 1741 καὶ
376 1688 485 1757 ὅτῳ
519 1686 588 1740 ἂν
615 1685 874 1754 βασιλεὺς
928 1683 1155 1749 σώζοιτό
1187 1701 1246 1737 τε
1310 1686 1407 1738 καὶ
1438 1679 1497 1737 εὖ
1559 1688 1812 1755 πράττοι,
1844 1722 1891 1783 Β

256 1779 483 1847 μεγέθει
510 1780 828 1849 φρονήσεως
877 1781 1239 1848 κεκτημένου.
1281 1778 1445 1833 Ἀλλά
1490 1780 1599 1849 μὴν
1628 1780 1816 1833 κάκεί-

252 1889 363 1935 νως
395 1871 588 1939 γέγονε
622 1869 785 1940 δῆλον
815 1868 876 1922 τὸ
908 1871 1008 1938 τῆς
1054 1870 1248 1939 σοφίας
1297 1872 1392 1925 καὶ
1424 1870 1518 1924 τοῦ
1579 1873 1813 1926 πλούτου

248 1965 530 2035 διάφορον.
571 1962 649 2016 Δι’
677 1964 885 2015 ἐκεῖνον
915 1963 1015 2033 μὲν
1046 1962 1154 2033 γὰρ
1188 1964 1217 2015 ό
1258 1965 1601 2033 κεκτημένος
1650 1967 1813 2020 αὑτὸν

245 2056 522 2109 ἐκέκαυτο
542 2070 557 2086 ο
595 2053 833 2125 τοῦνομα
859 2054 917 2107 δέ
952 2054 1043 2108 τοῦ
1076 2055 1315 2117 Σόλωνος
1343 2055 1507 2109 αὐτὸν
1543 2057 1813 2126 ἐρρύσατο

245 2148 350 2217 τῆς
381 2147 600 2217 φλογὸς,
624 2146 769 2201 κατὰ
798 2147 1079 2217 πάρεργον
1114 2145 1301 2217 ῥηθέν.
1348 2148 1421 2199 Οὐ
1456 2148 1563 2218 γὰρ
1590 2148 1652 2216 δὴ
1677 2149 1813 2219 πρὸς

248 2241 536 2311 σωτηρίαν
570 2239 707 2294 ἐϐόα
738 2241 974 2308 Κροῖσος
1008 2238 1091 2301 τὸ,
1127 2237 1327 2302 Σόλων,
1361 2238 1559 2301 Σόλων,
1590 2239 1706 2292 ἀλλ’
1735 2241 1810 2303 ὠς

250 2330 403 2399 μάλα
424 2347 487 2397 γε
525 2330 825 2399 Θαυμάςων
856 2330 949 2382 τὸν
985 2329 1173 2399 ἄνδρα,
1232 2330 1310 2382 ὅτ’
1350 2330 1441 2384 ἐπὶ
1475 2330 1584 2384 τῶν
1639 2332 1809 2396 ξύλων

245 2418 568 2487 ἐφήπλωτο,
614 2422 828 2480 τούτοις
872 2418 1406 2489 συγκανθησόμενος.
1467 2420 1645 2490 Ἑώρα
1699 2422 1808 2493 γὰρ

242 2510 344 2581 τὴν
382 2511 443 2564 ἐν
479 2510 672 2580 ἐκείνῳ
721 2511 915 2578 σοφίαν
968 2510 1065 2563 καὶ
1106 2510 1590 2579 προφητεύουσαψ
1628 2513 1807 2579 ἔξεστι

238 2600 299 2653 δέ
336 2618 424 2654 σοι
453 2600 842 2673 καθαρώτερον
872 2598 1075 2666 γνῶναι
1107 2600 1180 2653 τὰ
1226 2600 1352 2671 περὶ
1397 2601 1588 2664 τῶνδε,
1624 2603 1717 2656 ἐάν
1743 2621 1805 2669 γε

237 2688 276 2765 ᾖ
314 2691 625 2761 βουλομένῳ
652 2692 976 2758 διεξελθεῖν,
1012 2692 1064 2744 εί
1093 2692 1175 2752 τίς
1207 2708 1265 2743 τε
1312 2691 1471 2755 ἄλλος
1501 2694 1634 2761 περὶ
1684 2694 1808 2746 τού-

235 2800 356 2836 των
374 2784 652 2853 ἱστόρηκε,
682 2783 898 2847 καὶτὰς
924 2782 1212 2852 Ἡροδότου
1241 2783 1482 2847 Μούσας.
1507 2784 1678 2838 Ταυτὶ
1704 2785 1805 2854 μέν

233 2873 340 2930 οὖν
369 2879 504 2947 ἡμῖν
528 2875 842 2943 ἀρκούντως
863 2876 999 2945 ἡμῖν
1026 2875 1162 2944 ἔχει,
1194 2875 1292 2928 ὅσα
1333 2879 1427 2928 καὶ
1489 2876 1681 2942 σοφίαν
1715 2894 1804 2946 μι-

232 2970 377 3037 κρὸν
406 2967 666 3037 ὑμνῆσαι,
699 2966 793 3018 καὶ
814 2964 1092 3033 ἐξελέγξαι
1115 2964 1201 3018 τὸν
1225 2965 1455 3018 πλοῦτον
1472 2967 1640 3035 μηδὲν
1668 2968 1803 3037 ἀλη-

1934 503 2054 547 ctus
2073 496 2123 549 in
2140 505 2461 566 potestatem
2481 510 2617 566 erat,
2638 500 2798 571 idque
2813 503 2986 557 solum
3006 505 3400 574 admirabatur,
3415 511 3511 581 do-

1932 598 2032 669 nec
2056 586 2172 653 ipsa
2197 586 2392 641 didicit
2416 592 2773 658 experientia,
2801 608 2964 661 seque
2993 592 3280 665 deceptum
3305 614 3507 669 cogno-

1934 676 2032 731 vit.
2073 676 2184 734 Nec
2211 681 2467 747 multum,
2492 683 2707 752 opinor,
2737 689 2997 753 temporis
3028 688 3359 755 intercessit,
3379 707 3501 746 cum

1930 777 2207 824 mortuum
2252 772 2383 825 illud
2413 788 2602 827 aurum
2637 776 2784 841 fecit,
2808 788 2865 828 ut
2893 792 3016 832 eum
3058 781 3205 834 nullo
3233 780 3345 849 jam
3372 797 3496 835 cum

1927 860 2108 914 fructu
2140 864 2433 930 ptenitcret
2465 874 2576 917 tum
2604 869 2811 923 erroris
2836 868 2901 923 de
2935 885 3070 923 auro
3096 871 3202 937 sui,
3238 881 3348 926 tum
3372 889 3498 942 pro-

1928 950 2192 1005 iectorum
2224 953 2290 1007 ab
2338 957 2577 1010 amentia
2612 959 2922 1031 verborum,
2958 961 3177 1029 quibus,
3212 964 3496 1035 castiganti

1926 1058 2034 1096 non
2063 1045 2471 1115 obtemperans,
2496 1064 2630 1103 usus
2653 1049 2853 1105 fuerat.
2887 1052 2990 1117 Qui
3037 1054 3183 1108 enim
3232 1056 3345 1108 heri
3390 1073 3494 1110 nu-

1924 1136 2157 1205 diusqne
2181 1140 2374 1193 tertius
2408 1156 2466 1195 se
2496 1152 2715 1211 propter
2746 1158 2879 1212 opes
2912 1145 3200 1215 magnifice
3223 1146 3492 1215 jactahat,

1924 1228 2184 1281 attollens
2215 1230 2531 1299 supercilia,
2558 1236 2897 1301 summisque
2916 1238 3111 1305 pedum
3133 1238 3318 1306 digitis
3342 1239 3492 1293 ince-

1922 1316 2077 1383 dens,
2107 1327 2159 1373 et
2188 1320 2253 1373 ad
2280 1321 2476 1376 coelum
2502 1337 2675 1390 usque
2688 1324 2955 1379 cervicem
2986 1328 3291 1403 porrigens,
3318 1337 3495 1383 totus-

1921 1422 2027 1474 que
2053 1419 2271 1464 tumens
2293 1411 2555 1468 adversus
2580 1414 2830 1471 homines
2854 1432 2913 1471 se
2931 1418 3203 1485 meliores,
3224 1437 3334 1491 quo
3354 1430 3494 1475 tem-

1921 1513 2052 1567 pore
2076 1514 2198 1554 cum
2223 1501 2420 1557 Solone
2438 1503 2757 1561 Atheniensi
2789 1508 3199 1574 colloqnebatur
3223 1528 3239 1564 :
3263 1513 3348 1566 hic
3378 1514 3493 1581 ipse

1923 1599 2043 1657 post
2066 1590 2225 1645 breve
2248 1601 2486 1662 tempus,
2522 1604 2582 1649 ut
2633 1597 2891 1664 arbitror,
2919 1609 3140 1669 prapter
3183 1602 3308 1658 illos
3344 1604 3493 1672 ipsos

1919 1682 2264 1738 metallorum
2296 1700 2525 1741 acervos
2552 1687 2661 1742 alta
2698 1703 2833 1743 voce
2887 1690 3106 1759 plorare
3155 1706 3489 1763 conspectus

1919 1782 2023 1839 est,
2051 1774 2268 1829 Solonis
2292 1775 2442 1833 illius
2458 1777 2811 1834 Atheniensis
2837 1781 3178 1847 recordatus,
3200 1798 3323 1838 cum
3345 1784 3486 1853 ignis

1921 1864 1974 1920 in
2005 1882 2127 1921 eum
2162 1868 2420 1935 insiliret,
2450 1878 2504 1923 et
2531 1870 2675 1938 quod
2706 1871 2764 1925 in
2806 1871 3001 1940 opibus
3032 1872 3285 1926 ﬁduciam
3315 1874 3488 1928 collo-

1920 1966 2097 2013 casset
2118 2000 2133 2024 ,
2163 1960 2542 2030 obiurgaretur
2568 1976 2597 2015 a
2622 1961 2786 2032 Cyro,
2816 1962 2909 2032 qui
2938 1964 3285 2018 subditorum
3317 1964 3485 2021 bene-

1917 2048 2306 2116 volentiam,et
2330 2051 2568 2122 prasidii
2600 2053 2814 2120 loco,et
2845 2056 3324 2121 thesaurorum,et
3354 2072 3485 2126 qna-

1916 2143 2124 2197 rumvis
2155 2158 2361 2209 rerum,
2394 2145 2599 2214 quibus
2628 2155 2683 2200 et
2705 2147 3055 2202 incolumitas
3085 2152 3484 2218 etprosperltas

1916 2234 2063 2302 regia
2075 2236 2407 2302 continetur,
2422 2236 2589 2290 animi
2606 2238 3030 2309 magnitudinem
3048 2253 3479 2309 comparaverat.

1917 2323 2057 2391 Quin
2084 2335 2138 2381 et
2181 2326 2272 2381 ilia
2302 2342 2384 2393 re,
2413 2330 2686 2397 quodnam
2714 2338 2862 2385 esset
2886 2338 2999 2385 tum
3045 2332 3477 2401 sapientiae,tuttt

1914 2429 2076 2485 opum
2101 2417 2420 2485 discrimen,
2445 2420 2719 2489 apparuit.
2739 2418 2872 2473 Nam
2898 2431 3275 2492 propter-opes
3301 2424 3366 2489 is,
3385 2426 3478 2494 qui

1912 2521 2005 2561 eas
2039 2509 2376 2577 possidebat,
2410 2521 2637 2567 exustus
2670 2512 2859 2567 fuisset
2891 2530 2905 2568 :
2941 2523 2996 2568 at
3020 2514 3239 2569 Solonis
3282 2530 3479 2571 nomen

1912 2598 2085 2654 obiter
2100 2616 2443 2671 expressum,
2458 2619 2487 2657 e
2502 2604 2732 2659 ﬂammis
2750 2606 3022 2661 hominem
3041 2607 3257 2677 eripuit.
3273 2607 3485 2680 Quippe

1910 2705 2019 2745 non
2044 2692 2237 2746 salutis
2266 2694 2619 2762 impetrandae
2642 2710 2807 2750 causa
2837 2697 3055 2753 Solonis
3082 2715 3278 2754 nomen
3321 2704 3476 2756 Crte-

1910 2797 2005 2838 sus
2024 2784 2415 2853 ingeminabat,
2445 2788 2541 2840 sed
2562 2788 2709 2856 quod
2735 2803 3063 2858 magnopere
3098 2791 3270 2846 virum
3299 2794 3475 2847 admi-

1866 2890 1873 2891 ί
1909 2884 2146 2941 raretur,
2171 2891 2279 2945 quo
2311 2886 2551 2945 tempore
2586 2879 2748 2947 lignis
2770 2880 3059 2947 impositus
3088 2883 3324 2950 jacehat,
3348 2901 3472 2940 cum

1909 2964 2110 3020 eisdem
2135 2967 2589 3022 concremandus.
2613 2967 3007 3040 Videbatgenim
3031 2973 3349 3040 sapientiam
3376 2977 3479 3028 So-

231 3060 354 3121 θῶς
382 3059 538 3122 ὄντα,
604 3059 653 3111 εί
691 3056 767 3128 μὴ
815 3053 882 3109 δι’
915 3057 1104 3126 ἕτερόν
1159 3072 1213 3108 τι
1254 3057 1563 3125 συνάγοιτο,
1595 3059 1687 3111 καὶ
1738 3059 1801 3115 διέ

1907 3055 2049 3111 ionis
2078 3056 2239 3111 etiam
2255 3056 2587 3111 vaticinandi
2614 3059 2663 3111 vi
2691 3062 2995 3129 praeditam.
3029 3060 3091 3114 Et
3121 3062 3231 3115 haec
3253 3064 3465 3130 quidem

228 3152 423 3205 ἐκεῖνο
470 3151 635 3205 πάλιν
667 3148 1038 3219 σκορπίζοιτο,
1072 3149 1167 3202 καὶ
1189 3150 1301 3201 τοῖν
1331 3151 1648 3219 εἰρημένοιν
1677 3151 1805 3206 ἐκάί

230 3260 402 3313 τερον
429 3242 488 3296 οὐ
517 3243 605 3295 διὰ
634 3241 827 3311 θυμὸν,
862 3240 974 3294 οὐδ’
1034 3240 1227 3311 ὀργὴν,
1267 3239 1378 3294 οὐδ’
1403 3242 1702 3312 ἐπιθυμίαν
1725 3242 1801 3315 μὴ

194 3340 211 3353 ⁸
232 3334 524 3403 σώφρονα,
554 3333 690 3387 ἀλλὰ
717 3332 858 3399 λόγῳ
894 3330 1157 3399 γίγνοιτο.
1188 3330 1342 3383 Δοκῶ
1382 3333 1489 3401 γάρ
1529 3348 1620 3400 μοι
1647 3334 1797 3400 εἰρη-

230 3423 397 3482 κέειαι
441 3423 693 3478 τοσοῦτον
715 3423 881 3478 ἕνεκα
904 3421 999 3476 τοῦ
1032 3420 1399 3492 προκειμένου
1429 3421 1656 3487 σκοποῦ,
1674 3423 1799 3476 ὅσον

225 3516 297 3581 ἐξ
352 3514 589 3587 ὀνύχων,
656 3515 813 3583 φασὶ,
871 3515 968 3568 καὶ
1022 3513 1087 3566 ἐκ
1143 3512 1239 3566 τοῦ
1293 3512 1625 3581 κρασπέδου,
1671 3513 1798 3566 νοῦν

226 3608 420 3677 έχουσι
472 3605 663 3659 λέοντα
694 3605 790 3657 καὶ
831 3603 1063 3673 ὕφασμα
1120 3602 1407 3673 ἀρκέσειεν
1454 3602 1523 3655 ἂν
1576 3603 1799 3658 εἰδέναι.

228 3695 362 3752 Οἷον
397 3698 506 3766 γάρ
526 3713 611 3759 τις
644 3698 769 3767 ὄρος
802 3712 892 3765 μοι
929 3695 1187 3764 φαίνεται
1218 3694 1370 3745 τουτὶ
1403 3693 1464 3745 τὸ
1491 3694 1801 3749 τελευταῖον

228 3790 402 3861 ρηθὶν
449 3788 542 3842 τοῦ
577 3788 759 3851 καλῶς
816 3804 876 3841 τε
913 3786 1291 3856 θησαυρίζειν,
1352 3786 1450 3838 καὶ
1498 3787 1596 3855 μή.
1636 3787 1801 3840 Ὅθεν

230 3883 470 3936 ὕστατον
499 3882 658 3936 τοῦτο
686 3884 902 3952 φράσας
933 3880 1065 3946 περὶ
1101 3880 1195 3933 τοῦ
1228 3877 1460 3931 πλούτου
1496 3894 1555 3929 τε
1586 3878 1795 3945 ἁπλῶς,

226 3974 330 4027 καὶ
362 3973 457 4026 τοῦ
508 3975 713 4044 τρόπου
752 3972 1022 4043 βασιλέως
1076 3971 1288 4038 Λυδῶν,
1315 3968 1410 4023 τοῦ
1454 3968 1585 4037 περὶ
1616 3969 1796 4023 αὐτῶν

225 4069 651 4139 ἀπαλλάττομαι
679 4070 863 4134 λόγου.

1910 3145 2117 3200 clarius
2163 3160 2493 3215 cognoscere
2543 3149 2767 3217 potet-is,
2800 3149 2845 3203 si
2886 3151 3159 3221 perlegere
3189 3162 3299 3207 tum
3333 3154 3471 3210 alios

1906 3235 2147 3290 volueris
2177 3236 2485 3302 historicos,
2513 3244 2626 3291 tum
2652 3237 2913 3294 Herodoti
2942 3239 3148 3298 Musas.
3182 3243 3467 3301 Nobisista

1907 3344 2042 3383 sane
2071 3328 2367 3395 suﬂiciant,
2399 3330 2600 3400 quibus
2626 3339 2681 3386 et
2706 3332 2973 3401 sapientia
3006 3335 3193 3401 paucis
3244 3338 3468 3393 laudata

1906 3420 2000 3487 sit,
2018 3432 2071 3477 et
2095 3432 2371 3477 ostensum
2403 3438 2594 3493 reapse
2622 3424 2757 3478 nihil
2780 3439 2901 3480 esse
2930 3426 3170 3494 divitias,
3199 3431 3302 3484 nisi
3328 3434 3465 3489 alte-

1905 3513 2020 3569 rius
2038 3514 2116 3568 rei
2136 3528 2296 3569 causa
2318 3515 2664 3583 colligantur,
2688 3517 2824 3570 etob
2848 3518 3094 3573 eamdem
3120 3536 3336 3577 rursum
3351 3524 3463 3578 dis-

1900 3614 2237 3674 pergantur:
2267 3616 2428 3675 atque
2454 3605 2648 3659 horum
2682 3615 2976 3676 utrumque
2998 3624 3103 3663 non
3129 3613 3464 3677 periracun-

1899 3695 2067 3759 diam,
2093 3708 2191 3748 nec
2225 3692 2385 3759 iratn,
2418 3710 2519 3748 nec
2548 3695 2900 3763 cupiditatem
2929 3713 3120 3764 parum
3157 3700 3458 3769 honestam,

1899 3789 1992 3844 sed
2021 3804 2143 3841 cum
2170 3787 2381 3842 ratione
2409 3788 2515 3841 ﬁat.
2546 3786 2756 3856 Quippe
2783 3795 2991 3840 tantum
3024 3803 3052 3840 a
3087 3790 3244 3845 nobis
3293 3792 3359 3845 de
3408 3810 3465 3846 te

1898 3880 2177 3950 preposita
2203 3879 2405 3933 dictum
2437 3880 2692 3944 arbitror,
2725 3889 2987 3948 quantum
3010 3891 3191 3935 mente
3221 3885 3471 3950 praeditis

1903 3972 2038 4027 satis
2064 3969 2551 4039 sitagnoscendum
2589 3984 2653 4021 ex
2686 3971 2982 4038 unguibus,
3014 3974 3158 4039 quod
3183 3974 3358 4037 aiunt,
3410 3986 3464 4028 et

1905 4063 2123 4125 lacinia,
2155 4072 2267 4115 tum
2293 4059 2528 4122 leonem,
2562 4066 2674 4111 tum
2705 4073 2963 4126 pannum.
2992 4059 3123 4111 Nam
3160 4062 3292 4115 mihi
3342 4063 3462 4132 qui-

224 4159 351 4214 dem
378 4160 480 4215 hoc
520 4170 797 4229 postremo
832 4161 956 4215 loco
983 4158 1187 4214 dictum
1220 4158 1435 4214 videtur
1453 4174 1573 4215 esse
1595 4161 1748 4229 quasi
1785 4162 1871 4217 lex
1902 4158 2149 4232 quaedam
2170 4162 2346 4227 rectae
2380 4149 2721 4222 collectionis
2746 4152 3150 4219 thesaurorum,
3183 4158 3264 4209 vel
3297 4170 3462 4231 secus

222 4254 505 4311 institute.
542 4253 778 4323 Ideoque
812 4266 1127 4322 supremum
1179 4252 1281 4306 hoc
1307 4260 1416 4305 tam
1472 4252 1539 4306 de
1568 4251 1772 4306 divitiis
1805 4248 2147 4322 simpliciter,
2176 4258 2334 4315 quam
2367 4241 2432 4295 de
2455 4238 2724 4310 Lydorum
2763 4241 2907 4310 regis
2940 4245 3159 4312 ingenio
3208 4247 3453 4315 prolocu-

225 4362 336 4415 tus,
363 4350 601 4418 amplius
639 4352 705 4405 de
736 4351 816 4404 eis
845 4350 1028 4404 dicere
1049 4347 1405 4417 supersedeo.

293 4453 385 4502 Δεῖ
436 4449 493 4501 δέ
553 4464 657 4499 που
713 4445 862 4499 τόνδε
926 4446 1263 4515 μεταγαγεῖν
1316 4444 1409 4496 ἐπὶ
1443 4442 1541 4513 τὴν
1588 4441 1787 4511 Ξέρξου

1963 4428 2320 4491 Traducenda
2354 4440 2484 4482 vero
2509 4424 2575 4479 ad
2608 4425 2881 4496 ingentem
2925 4424 3118 4480 Xerxis
3152 4430 3453 4481 exercitum

229 4544 489 4614 στρατιὰν
519 4542 618 4609 τὴν
652 4539 878 4609 πολλὴν,
928 4538 1028 4607 τὴν
1075 4538 1320 4605 φρίττειν
1354 4538 1782 4606 παρασκευάσα-

227 4650 321 4686 σαν
355 4632 608 4701 δύναμιν,
647 4630 740 4683 καὶ
767 4629 949 4681 πάντα
978 4626 1237 4680 σείσασαν
1262 4626 1495 4693 πέρατα,
1525 4628 1591 4695 τῇ
1624 4626 1782 4696 φήμῃ

223 4740 282 4775 τε
336 4724 426 4775 καὶ
480 4723 602 4782 ταῖς
632 4708 913 4781 ἀπειλαῖς
1036 4717 1100 4786 δὴ
1154 4714 1399 4785 σκηπτοῦ
1437 4732 1582 4777 τινος
1625 4716 1783 4782 δίκην

227 4813 583 4882 ἐπενεχθεῖσα
611 4808 885 4878 πολλαχοῦ
916 4806 1045 4875 γῆς,
1077 4805 1206 4858 ἔνθα
1245 4807 1319 4874 μὴ
1347 4800 1415 4874 ἦν
1467 4802 1661 4872 ἀρετὴ.
1695 4797 1782 4854 οἷα

234 4906 328 4972 μὲν
356 4905 531 4958 ἐδίδου
552 4903 781 4974 θαρρεῖν
810 4900 889 4968 τῷ
915 4896 1250 4967 συνειλοχότι
1278 4896 1485 4964 ταύτην
1502 4895 1781 4962 λαμπραῖς

230 4996 471 5063 ἐλπίσιν;
506 4990 619 5048 οἷον
647 4994 690 5047 δ’
714 4992 905 5044 ἔπειτα
935 4991 1175 5060 παρέσχε
1241 4989 1546 5057 μετάμελον
1588 4987 1780 5056 ἀνόνη-

230 5103 346 5151 τον;
379 5088 644 5144 Εἰκότως.
687 5083 782 5136 Ἐκ
815 5081 915 5151 μὲν
958 5082 1065 5153 γὰρ
1102 5078 1288 5140 ἁπλῶς
1332 5079 1441 5131 τῶν
1495 5078 1777 5146 κατορθωο

233 5179 403 5245 μάτων
428 5177 605 5245 μείζω
640 5177 867 5244 παρεῖχε
892 5170 1299 5242 τεκμαίρεσθαι
1332 5172 1442 5223 τῶν
1466 5170 1571 5240 ήδη
1611 5185 1774 5236 γεγε-

228 5270 481 5337 νημλνων·
512 5269 597 5321 ὅτι
636 5268 691 5320 δὲ
716 5267 874 5319 ταυτὶ
907 5265 1004 5333 τῆς
1040 5263 1230 5334 τύχης,
1285 5261 1386 5315 οὐκ
1420 5262 1630 5332 ἀρετῆς
1680 5257 1768 5331 ἦν,

226 5361 340 5424 τοὺς
383 5362 528 5416 κατὰ
557 5361 760 5425 ταύτης
818 5357 1209 5427 ἐπαιρομένους
1277 5354 1378 5407 οὐκ
1438 5354 1661 5424 ἀληθεῖς
1709 5370 1774 5420 γε

230 5454 431 5519 μάντεις
468 5454 741 5521 ἀπέφηνε.
785 5451 904 5513 [ιὼς
957 5449 1064 5517 γὰρ
1096 5449 1163 5501 ἂν
1212 5447 1543 5516 κρατήσειεν
1571 5446 1773 5515 ἀρετῆς

226 5542 372 5611 τύχη,
403 5546 468 5614 ῆν
502 5544 580 5613 μὴ
606 5542 666 5595 τὺ
695 5543 839 5594 θεῖον
891 5540 1181 5610 ὀργίζηται
1227 5539 1323 5590 καὶ
1356 5538 1625 5607 περιορᾷς
1663 5535 1771 5588 Καὶ

227 5632 363 5686 τοῦτο
384 5640 574 5703 γέγονε
602 5634 784 5703 δῆλον,
815 5634 913 5702 ούχ
937 5627 1097 5702 ἦττον
1167 5630 1267 5701 μέν
1291 5630 1385 5683 καὶ
1415 5631 1531 5692 τοῖς
1566 5626 1770 5700 προλα-

230 5718 363 5775 ϐοῦσι
386 5725 776 5793 κατορθώμασι
814 5723 927 5777 τῶν
958 5722 1227 5793 Ἑλλήνων
1252 5739 1264 5754 ⁶
1304 5721 1544 5792 μάλιστα
1582 5719 1637 5772 δέ
1674 5733 1772 5772 κα-

1889 4529 2085 4590 oratio,
2114 4534 2168 4579 et
2230 4522 2295 4575 ad
2346 4520 2465 4575 illas
2509 4519 2717 4587 capias,
2767 4534 2889 4587 qua:
2940 4517 3081 4572 farina
3135 4520 3338 4588 pariter
3390 4536 3454 4573 ae

1890 4622 2055 4677 minis
2131 4630 2321 4671 omnes
2366 4613 2499 4665 ﬁnes
2540 4621 2594 4665 et
2637 4611 2910 4680 trepidare
2953 4613 3332 4680 compulerunt
3399 4624 3460 4666 et

1890 4714 2619 4779 conquassatum:quaeque
2672 4703 2724 4756 in
2787 4704 3062 4769 complura
3122 4712 3283 4757 terrae
3338 4705 3455 4757 lora

1892 4803 2135 4859 fulminis
2164 4801 2216 4854 in
2252 4812 2456 4851 morem
2490 4797 2703 4860 delatae,
2762 4797 2849 4847 ubi
2888 4795 3032 4848 nulla
3083 4798 3255 4850 virtus
3310 4808 3450 4854 erat.

1888 4904 2154 4967 quantum
2188 4891 2263 4945 illi
2288 4889 2518 4950 ﬁduciae,
2542 4902 2746 4957 quzeso,
2766 4888 3206 4953 suppeditabant,
3239 4891 3330 4957 qui
3358 4905 3457 4945 eas

1886 4985 2160 5056 splendida
2199 4981 2430 5052 quadam
2463 4995 2558 5050 spe
2603 4978 2928 5047 collegerat?
2963 4990 3225 5046 quantum
3277 4982 3452 5046 pmni-

1884 5078 2067 5132 tcntiae
2101 5076 2357 5145 deinceps
2390 5073 2596 5127 inutilis
2621 5070 2965 5125 attulerunt?
2997 5069 3059 5120 Et
3089 5072 3280 5123 merito
3323 5072 3451 5137 qui-

1881 5168 2042 5231 dem;
2098 5181 2220 5221 nam
2277 5163 2600 5231 simpliciter
2644 5178 2711 5215 ex
2752 5161 2917 5215 rebus
2973 5174 3232 5228 proSpet-e
3281 5170 3452 5227 gcsls

1880 5257 2085 5325 majora
2137 5255 2421 5323 praeteritis
2474 5253 2749 5321 conjicere
2788 5251 3009 5303 dabant.
3046 5248 3148 5302 Sed
3183 5250 3444 5318 quoniam

1878 5349 1968 5403 illa
2003 5348 2252 5408 fortunae,
2280 5359 2384 5398 non
2428 5343 2646 5396 virtutis
2675 5349 2850 5403 erant,
2884 5340 3089 5393 idcirco
3120 5339 3449 5407 superbien-

1877 5447 1958 5495 tes
2018 5438 2280 5491 adversns
2350 5436 2512 5495 hanc,
2567 5442 2716 5486 vates
2751 5432 2977 5484 minime
3018 5446 3235 5484 veraces
3269 5432 3447 5484 exsti-

1875 5539 2076 5584 terunt.
2106 5527 2224 5593 Quo
2250 5524 2395 5580 enim
2448 5533 2606 5593 pacto
2642 5521 2859 5575 fortuna
2915 5524 3171 5574 virtutem
3229 5520 3444 5584 vicerit,

1872 5622 1975 5676 nisi
2012 5620 2152 5673 Deus
2181 5619 2350 5673 iratus
2377 5618 2467 5679 sit,
2486 5626 2539 5672 et
2571 5613 2906 5671 connivcat?
2933 5615 3075 5682 quod
3115 5626 3245 5666 sane
3270 5613 3449 5664 mani-

1873 5714 2013 5770 festo
2054 5708 2229 5781 paruit
2264 5719 2378 5764 tum
2411 5709 2479 5765 de
2525 5707 2869 5773 superiorum
2931 5714 3242 5766 temporum
3297 5700 3436 5756 iaci-
