3850 6200
375 290 476 354 391

1549 286 1941 349 MANUELIS
1970 286 2420 347 PAUEOLOGI

3511 280 3613 342 392

376 399 607 454 norihus
629 396 943 453 Graecorum
960 395 1226 473 egregiis,
1256 402 1369 450 tum
1391 394 1476 450 vel
1503 396 1756 460 maxime,
1781 408 1952 463 quan-

2087 395 2281 464 άδηλον
2312 394 2558 463 γέγονεν,
2601 391 2761 462 ήνίκα
2792 389 2855 460 δὴ
2904 392 3018 454 τοῖς
3050 389 3366 459 Ἀθηναίοις
3412 391 3613 459 προσέ-

377 494 449 546 do
506 492 770 545 universae
821 489 990 560 capite
1040 489 1272 545 Persicae
1320 489 1686 543 Athenienses
1740 487 1946 541 adortae

378 591 524 644 sunt,
557 580 849 634 admodum
884 581 990 635 illa:
1014 580 1233 649 quidem
1273 580 1492 643 acriter,
1525 587 1586 632 ut
1617 594 1809 633 cervos
1859 579 1946 632 leo

378 675 551 739 solet;
584 674 679 728 sed
703 688 824 727 mox
866 673 919 726 in
967 674 1132 742 pedes
1168 685 1285 726 sese
1321 671 1704 739 conjicientes,
1755 669 1949 738 quasi-

380 779 487 832 que
520 779 804 818 cervorum
838 778 989 817 more
1021 764 1272 818 leonibus
1319 772 1470 833 terga
1502 762 1715 825 dantes,
1752 761 1847 829 qui
1882 773 1951 813 ne

384 855 641 909 latratum
678 854 899 923 quidem
932 854 1075 908 ferre
1104 862 1351 923 possunt.
1397 852 1533 907 'Ium
1572 866 1699 907 vero
1758 851 1825 904 de
1855 848 1947 914 iis,

386 962 509 1015 quae
538 960 734 1015 passus
769 954 873 1008 est,
915 957 1061 999 recte
1092 960 1186 999 rex
1227 945 1438 1011 didicit,
1496 960 1603 999 non
1649 940 1955 997 multitudi-

388 1053 536 1101 nem,
570 1041 662 1091 sed
696 1038 951 1091 virtutem
988 1038 1187 1106 ubique
1217 1039 1460 1100 vincere,
1494 1051 1593 1091 nec
1618 1051 1740 1091 cum
1771 1034 1951 1099 bonis,

388 1130 601 1183 etiamsi
630 1129 784 1197 pauci
816 1127 946 1193 sint,
980 1132 1177 1184 multos
1234 1145 1353 1184 esse
1381 1129 1799 1197 comparandos,
1833 1128 1956 1180 licet

390 1236 582 1275 omnes
628 1220 817 1273 ordine
870 1223 1005 1274 lines
1035 1222 1089 1273 in
1133 1222 1392 1275 ditionem
1430 1220 1702 1289 redigant.
1733 1217 1865 1272 Nam
1904 1226 1957 1271 et

392 1313 680 1379 conjuncta
712 1325 835 1364 cum
872 1311 1073 1364 virtute
1103 1321 1393 1379 paupertas
1424 1311 1491 1365 iis
1517 1321 1599 1364 est
1655 1308 1953 1371 honestior,

393 1403 486 1471 qui
514 1403 719 1470 absque
754 1386 952 1454 virtute
1011 1401 1225 1454 divitiis
1265 1400 1562 1464 abundant,
1617 1409 1671 1452 et
1707 1398 1959 1453 obscuris

396 1494 506 1546 nati
543 1493 855 1561 parentibus
888 1501 988 1547 hoc
1026 1492 1181 1546 modo
1208 1493 1361 1561 longe
1388 1502 1515 1546 sunt
1546 1491 1808 1546 clariores
1851 1491 1958 1545 illis

395 1582 487 1650 qui
528 1583 597 1633 ob
637 1581 977 1635 nobilitatem
1032 1596 1151 1636 sese
1208 1581 1482 1650 jactitant.
1533 1579 1589 1633 ln
1648 1581 1957 1634 universum

397 1675 628 1743 denique
666 1676 955 1743 conjuncta
989 1689 1111 1729 cum
1157 1675 1377 1739 virtute,
1407 1673 1553 1747 clara
1587 1682 1745 1728 sunt:
1777 1660 1835 1727 et
1875 1687 1961 1726 se-

2050 488 2214 543 6αλεν
2248 489 2283 557 ἡ
2315 488 2555 558 Περσικὴ
2579 488 2731 539 πᾶσα
2762 485 2993 554 δύναμις
3014 486 3183 555 δριμὺ
3244 486 3341 554 μὲν
3377 484 3610 552 σφόδρα,

2050 564 2304 650 καθάπερ
2330 579 2467 633 λέων
2497 580 2742 649 ἐλάφοις,
2782 578 2955 629 ἔπειτ’
2983 579 3181 647 ἐχρῆτο
3211 579 3324 638 τοῖς
3355 574 3617 641 «too-turb;

2051 671 2162 726 ἀπὸ
2220 672 2451 725 λεόντων
2512 669 2760 737 φυγοῦσα
2808 668 2966 737 δίκην
3029 667 3266 736 ἐλάφων,
3327 667 3434 718 τῶν
3491 665 3619 735 μηδ’

2055 762 2259 832 ὑλακὴν
2292 763 2534 829 ἐνεγκεῖν
2577 760 2912 826 δυναμένων.
2954 759 3162 828 Ἔμαθε
3195 758 3258 828 δὴ
3282 760 3400 811 τότε
3431 758 3619 818 καλῶς

2055 854 2113 919 ἐξ
2134 848 2209 907 ὧν
2241 870 2304 921 γε
2332 840 2619 906 ἐπεπόνθει
2656 852 2934 922 βασιλεὺς,
2968 852 3043 913 ώς
3075 852 3135 903 οὐ
3162 852 3220 904 τὸ
3249 852 3476 919 πλῆθος,
3503 849 3621 903 ἀλλ’

2056 946 2230 1019 ἀρετὴ
2259 947 2318 1000 τὸ
2348 945 2511 999 νικῶν
2544 948 2665 997 ἐστι
2698 947 2976 1021 ⁴πανταχῆ
2998 961 3015 976 ·
3075 944 3172 996 καλ⁸
3222 943 3283 996 ού
3346 944 3454 1012 χρὴ
3504 930 3622 1004 τοῖς

2056 1039 2305 1108 ἀγαθοῖς,
2341 1038 2444 1091 κᾶν
2474 1033 2609 1091 ῶσιν
2649 1036 3035 1105 εὐαρίθμητοι,
3082 1036 3209 1095 τοὺς
3247 1034 3477 1096 πολλοὺς
3511 1052 3621 1085 παι

2059 1131 2331 1203 ραθεῖναι,
2362 1131 2411 1182 εί
2438 1129 2502 1198 δή
2538 1129 2631 1181 καὶ
2680 1128 2899 1180 πάντων
2944 1126 3073 1194 ἐξῆς
3118 1126 3456 1195 κρατήσαιεν
3510 1124 3621 1174 τῶν

2058 1224 2372 1294 τερμάτων.
2402 1223 2512 1275 Καὶ
2537 1220 2646 1290 γάρ
2668 1236 2751 1271 τοι
2786 1221 2880 1271 καὶ
2929 1218 3089 1270 πενία
3131 1216 3251 1285 μετ’
3281 1216 3482 1285 ἀρετῆς
3533 1231 3621 1266 τι-

2062 1319 2305 1389 μιωτέρα
2329 1315 2438 1368 τῶν
2473 1314 2685 1379 πλούτῳ
2707 1312 3006 1382 κομώντων
3058 1311 3275 1379 ἐκείνης
3317 1311 3479 1364 ἄνευ·
3527 1310 3625 1361 καὶ

2060 1410 2107 1463 οἱ
2144 1408 2203 1473 ἐξ
2227 1407 2459 1476 ἀσήμων
2496 1404 2682 1467 παῖδες
2705 1402 2797 1455 τὸν
2848 1401 3053 1472 τρόπον
3087 1398 3281 1452 τοῦτον
3336 1398 3628 1467 διαφερόν-

2058 1519 2165 1562 τως
2190 1486 2565 1569 λαμπρότεροί
2585 1497 2695 1549 τῶν
2746 1491 3167 1562 σεμνυνομένων
3214 1491 3300 1544 ἐπ’
3330 1490 3584 1559 εὐγενείᾳ
3609 1506 3623 1520 ·

2060 1596 2157 1648 καὶ
2192 1594 2329 1654 ὅλως
2366 1593 2435 1644 τὰ
2481 1592 2579 1644 σὺν
2627 1588 2795 1657 ἀρετῇ
2848 1586 2941 1640 καὶ
2977 1585 3211 1653 λαμπρά
3241 1600 3259 1617 ο
3303 1584 3370 1637 τὰ
3421 1583 3630 1647 ταύτης

2062 1686 2118 1739 δὲ
2149 1685 2223 1756 μὴ
2256 1684 2551 1753 μετέχοντα
2585 1674 2915 1733 τούναντίον.
2956 1676 3117 1730 Ἀλλὰ
3143 1677 3435 1745 σκοπῶμεν
3469 1676 3628 1742 ἀκριο

396 1780 514 1830 cus,
539 1767 758 1819 virtutis
792 1767 1052 1834 expertia.
1096 1765 1198 1819 Sed
1232 1765 1643 1820 consideremus
1673 1773 1957 1828 accurate,

2080 1779 2196 1843 Ξῶς,
2227 1779 2276 1831 εί
2305 1777 2476 1841 δοκεῖ,
2522 1772 2785 1843 στρατιὰν
2840 1772 2988 1841 ἥττω
3049 1769 3339 1823 δεικνῦσαν
3388 1767 3630 1836 ἀριθμὸν

398 1860 441 1913 si
474 1861 669 1927 placet,
724 1862 1025 1913 exercitum
1058 1859 1206 1913 omni
1256 1874 1486 1914 numero
1518 1858 1879 1927 superiorem,
1915 1856 1997 1929 si.

402 1953 525 2019 quis
575 1965 696 2002 eum
762 1948 1269 2021 recensere'velit;
1342 1948 1437 2018 qui
1493 1950 1749 2016 quoniam
1806 1946 1965 2001 facile

404 2034 713 2109 cumplures
751 2041 816 2093 ad
846 2051 1033 2109 gentes
1086 2040 1295 2095 irruere
1331 2040 1523 2109 potuit,
1588 2040 1833 2093 omnium
1869 2054 1966 2108 po-

403 2143 627 2194 stremo,
661 2132 897 2200 pessimo
932 2130 1039 2186 fato
1069 2146 1189 2195 suo,
1219 2142 1427 2184 terram
1445 2128 1577 2182 adiit
1606 2127 1965 2183 alentem‘ho-

406 2228 598 2286 mines,
632 2225 721 2291 qui
751 2226 976 2277 honeSto
1004 2239 1065 2277 ac
1096 2223 1281 2275 virtuti
1316 2230 1513 2275 cuncta
1544 2219 1965 2290 postponebant.

406 2319 497 2373 Hae
533 2335 658 2372 vero
694 2320 823 2372 tales
853 2333 916 2371 ac
948 2326 1110 2371 tanta:
1136 2318 1326 2385 copim,
1376 2322 1547 2369 totum
1603 2314 1745 2369 Asia:
1781 2314 1966 2376 robur,

404 2413 489 2465 vel
519 2413 768 2464 universa
801 2411 981 2477 potius
1015 2409 1168 2472 Asia,
1199 2407 1472 2476 siquidem
1512 2415 1563 2459 et
1592 2407 1707 2475 ipsa
1755 2417 1972 2474 quoque

408 2503 575 2573 Libya
606 2517 710 2556 non
746 2503 952 2565 aderat,
984 2516 1103 2570 qua:
1135 2500 1236 2554 sibi
1269 2498 1559 2554 convenire
1603 2497 1887 2566 putabant,
1914 2502 1974 2548 ut

410 2611 505 2665 per
535 2610 685 2649 mare
719 2594 924 2662 pedites
956 2592 1291 2654 incederent,
1350 2598 1635 2657 terrasque
1671 2587 1873 2642 solidas
1923 2594 1976 2638 et

409 2682 752 2744 continentes
784 2686 1013 2756 navigiis
1046 2683 1450 2753 transjicerent,
1497 2690 1552 2736 et
1609 2680 1841 2734 urbibus
1873 2693 1976 2730 nu-

411 2782 611 2835 merari
645 2780 1038 2833 medimnorum
1063 2778 1115 2830 in
1146 2791 1349 2829 morem
1393 2782 1737 2841 repererunt,
1774 2778 1828 2826 et
1854 2770 1977 2823 inu-

410 2876 588 2931 sitatis
623 2873 786 2927 rebus
821 2885 994 2940 usque
1055 2870 1192 2924 adeo
1226 2868 1545 2940 studebant,
1604 2872 1664 2918 ut
1695 2862 1975 2933 {pusillum

409 2967 692 3029 ducerent,
724 2964 769 3017 si
804 2977 909 3015 non
942 2961 1024 3015 his
1051 2961 1181 3014 solis
1209 2958 1357 3013 omni
1406 2958 1648 3026 subjecta
1680 2954 1782 3009 soli
1836 2965 1979 3007 terra

411 3059 717 3124 potirentur
745 3051 1143 3122 (turpissimum
1179 3063 1414 3117 namque
1445 3047 1580 3110 fore,
1618 3046 1661 3100 si
1712 3044 1796 3097 vel
1839 3042 1980 3097 bello

414 3152 563 3198 esset
626 3156 763 3210 opus
828 3141 1093 3193 adversus
1141 3151 1501 3206 quoscunque
1563 3135 1844 3197 mortales,
1887 3139 1981 3183 aut.

413 3235 676 3288 adversus
706 3245 898 3284 omnes
934 3230 1191 3297 pariter):
1228 3229 1340 3282 hanc
1376 3242 1507 3296 ergo
1542 3225 1836 3280 multitudo
1861 3224 1984 3277 bar-

416 3327 619 3387 barica,
660 3338 765 3390 qua
798 3321 1023 3375 inferior
1051 3322 1228 3375 omnis
1260 3327 1379 3372 erat.
1426 3317 1706 3387 cogitatio,
1765 3330 1794 3368 a
1848 3330 1982 3385 pau-

415 3418 497 3471 cis
527 3414 820 3470 admodum
880 3412 1019 3466 victa
1072 3411 1333 3464 militibus
1373 3417 1475 3472 est,
1535 3407 1630 3462 sed
1685 3406 1779 3474 qui
1836 3405 1980 3474 digiti

419 3509 603 3564 multis
642 3515 825 3563 essent
851 3505 1108 3575 praemiis.
1141 3502 1309 3556 Erant
1343 3501 1396 3555 hi
1428 3499 1813 3563 Athenienses,
1844 3510 1984 3567 quos

418 3613 697 3655 armorum
760 3598 974 3667 peritia,
1016 3604 1069 3649 et
1108 3593 1273 3648 animi
1305 3592 1642 3657 fortitudine,
1685 3591 1870 3646 multis
1898 3600 1985 3644 at-

418 3712 525 3766 que
553 3693 718 3749 claris
772 3694 977 3763 patitos
1014 3692 1258 3756 coronis,
1294 3699 1405 3744 tum
1445 3691 1663 3760 priscis,
1704 3698 1817 3743 tum
1864 3702 1988 3757 pro-

422 3789 582 3844 ximis
614 3785 970 3856 temporibus,
1003 3798 1071 3837 ne
1118 3783 1172 3836 id
1223 3782 1440 3851 quidem
1496 3781 1738 3850 praalium
1794 3780 1986 3835 iisdem

420 3881 691 3951 spoliavit.
729 3877 841 3931 lmo
874 3877 1033 3944 longe
1086 3873 1490 3944 pulchriorihus
1548 3883 1605 3927 et
1666 3872 1986 3942 majoribus,

420 3991 584 4045 quant
640 3974 744 4026 illae
782 3972 990 4041 priores
1056 3968 1295 4030 fuerant,
1340 3967 1452 4021 haec
1509 3967 1588 4021 eis
1640 3965 1988 4019 benefaciens

421 4081 598 4137 pugna
630 4074 794 4133 caput
829 4060 1062 4116 ornavit.
1102 4059 1205 4112 Par
1230 4058 1374 4114 enim
1410 4065 1552 4122 erat,
1586 4067 1646 4110 ut
1672 4055 1815 4126 quod
1854 4070 1991 4124 pra:-

420 4160 550 4213 lium
585 4157 866 4227 pulchrius
894 4164 1055 4222 atque
1092 4153 1265 4220 majus
1316 4150 1511 4205 fuisset
1540 4149 1663 4202 aliis
1714 4146 1989 4210 omnibus,

423 4264 583 4306 antea
635 4247 913 4316 pugnatis,
954 4245 1005 4298 id
1039 4254 1146 4297 tam
1198 4244 1325 4304 sibi,
1362 4257 1520 4309 quam
1579 4239 1862 4299 militibus,
1898 4235 1990 4305 qui

421 4361 535 4400 rem
573 4341 982 4411 praeclarissime
1044 4335 1363 4403 gessissent,
1414 4332 1715 4386 consimilia
1774 4343 1993 4398 quoque

2065 1870 2308 1932 ἅπαντα,
2345 1869 2392 1920 εί
2422 1865 2665 1937 βούλοιτό
2702 1881 2783 1927 τις
2813 1864 3025 1930 ἐκείνην
3063 1862 3404 1933 ἐξαριθμεῖν,
3453 1863 3488 1929 ἥ
3548 1858 3629 1927 τῷ

2069 1963 2265 2034 ῥᾳδίως
2287 1961 2367 2022 είς
2400 1958 2527 2027 ἔθνη
2559 1955 2855 2024 πάμπολλα
2889 1953 3231 2020 είσκωμάσαι
3280 1950 3631 2019 δεδυνῆσθαι,

2069 2056 2302 2108 ὕστατον
2358 2052 2579 2106 πάντων
2617 2048 2875 2117 ἐκώμασε
2925 2048 3161 2116 κακίστη
3218 2043 3383 2114 μοίρᾳ
3431 2044 3635 2108 ἑαυτῆς

2070 2147 2151 2208 είς
2187 2145 2294 2214 γῆν
2348 2142 2658 2211 ἀνθρώποις
2714 2140 3046 2210 τρέφουσαν,
3085 2136 3285 2206 ὕστερα
3328 2136 3510 2189 πάντα
3548 2135 3638 2188 θε-

2074 2240 2269 2308 μένους
2308 2235 2401 2288 τοῦ
2432 2234 2601 2288 καλοῦ
2633 2233 2724 2285 καὶ
2787 2233 2886 2300 τῆς
2925 2231 3147 2308 ἀρετῆς.
3195 2228 3345 2299 Αὕτη
3382 2229 3439 2281 δέ
3470 2230 3502 2297 ή
3535 2245 3638 2298 τη-

2071 2304 2308 2399 λικαύτη
2340 2330 2435 2382 καὶ
2464 2326 2703 2395 τοσαύτη
2737 2304 2988 2394 δύναμις,
3030 2324 3063 2394 ή
3100 2325 3247 2376 πᾶσα
3305 2323 3405 2392 τῆς
3449 2321 3640 2383 Ἀσίας

2078 2394 2254 2491 ἰσχύς,
2292 2394 2493 2489 μᾶλλον
2552 2417 2608 2469 δέ
2641 2394 2800 2469 ’Ᾰσία
2861 2417 3032 2481 πᾶσα,
3070 2415 3119 2467 εί
3182 2416 3256 2485 μὴ
3326 2413 3421 2466 καὶ
3465 2411 3640 2481 Λιϐύη

2076 2513 2311 2584 προσῆν,
2338 2511 2372 2581 ἡ
2404 2510 2659 2573 πεζεύειν
2695 2507 2972 2562 θάλασσαν
3010 2508 3148 2576 αὐτῇ
3182 2506 3459 2576 προσῆκον
3490 2508 3646 2573 ἡγεῖ·

2076 2620 2160 2665 το,
2195 2602 2290 2653 καὶ
2311 2601 2467 2652 πλεῖν
2485 2599 2750 2667 ἠπείρους
2771 2600 2869 2650 οὐκ
2895 2598 3150 2667 ἀπηξίου,
3179 2597 3370 2649 πόλεσι
3398 2614 3455 2648 τε
3482 2595 3645 2666 ἀριθ-

2083 2694 2302 2764 μεῖσθαι
2339 2690 2611 2761 μεδίμνων
2638 2690 2794 2760 δίκην
2824 2692 3133 2760 ἐξεύρισκε,
3168 2692 3265 2743 καὶ
3296 2690 3509 2742 τοσόνδε
3530 2692 3646 2749 τοῖς

2081 2787 2290 2848 καινοῖς
2324 2784 2710 2853 ἐφιλοτιμεῖτο,
2742 2782 2817 2845 ώς
2849 2783 3046 2852 μικρὸν
3089 2783 3231 2836 πάνυ
3268 2781 3538 2850 νομίζειν,
3592 2783 3644 2834 εί

2085 2877 2160 2948 μή
2192 2881 2372 2947 μόνοις
2402 2876 2641 2927 τουτοισὶ
2668 2874 2768 2940 τῆς
2807 2874 2894 2940 ὑφ’
2926 2873 3062 2944 ήλίῳ
3117 2874 3451 2944 κρατήσειεν
3506 2872 3651 2939 (ἐσε-

2086 2967 2209 3019 σθαι
2239 2966 2348 3034 γὰρ
2376 2964 2485 3017 τῶν
2521 2964 2839 3034 αἰσχίστων,
2868 2965 2917 3015 εἰ
2968 2964 3061 3015 καί
3112 2980 3254 3026 τινος
3291 2964 3429 3033 αὐτῇ
3485 2962 3653 3016 πολέ-

2008 3090 2053 3152 C
2088 3075 2189 3126 μου
2223 3056 2436 3126 δεήσειε
2465 3054 2601 3123 πρὸς
2630 3053 2987 3107 οὑστινασοῦν
3017 3053 3127 3105 τῶν
3163 3054 3444 3119 ἁπάντων,
3486 3053 3516 3122 ἢ
3551 3056 3656 3105 καὶ

2084 3152 2220 3218 πρὸς
2244 3148 2453 3206 πάντας
2478 3145 2607 3215 ἐξῆς
2646 3145 2989 3214 ἀνθρώπους)
3021 3159 3034 3174 ·
3069 3144 3207 3215 αὕτη
3238 3145 3468 3215 τοίνυνή
3510 3147 3659 3213 πλη-

2085 3241 2182 3303 θὺς
2209 3241 2243 3311 ή
2275 3238 2609 3309 βαρϐαρικὴ,
2642 3232 2710 3308 ἦς
2760 3238 3022 3307 λογισμὸς
3076 3238 3223 3299 ἄπας
3260 3237 3486 3309 ἥττητο,
3537 3238 3659 3292 ὀλίο

2086 3352 2199 3404 γων
2234 3334 2376 3387 πάνυ
2405 3330 2755 3403 στρατιωτῶν
2786 3330 3042 3400 ἥττηται,
3089 3330 3299 3383 πολλῶν
3356 3348 3419 3398 γε
3464 3335 3659 3400 μέντοι

2087 3425 2267 3496 γερῶν
2291 3425 2480 3490 ἀξίων.
2526 3423 2830 3491 Ἀθηναίων
2853 3416 2998 3475 οὗτοι
3048 3423 3253 3489 παῖδες,
3289 3423 3384 3484 οὓς
3439 3423 3661 3476 πολλῶν

2087 3535 2147 3571 τε
2180 3519 2273 3571 καὶ
2305 3516 2576 3587 λαμπρῶν
2614 3514 2986 3583 τετυχηκότας
3021 3515 3301 3584 στεφάνων
3332 3518 3444 3578 τοῖς
3482 3516 3660 3569 πάλαι

2089 3609 2323 3678 χρόνοις,
2359 3607 2453 3660 καὶ
2493 3608 2602 3670 τοῖς
2629 3606 2816 3673 ὲγγὺιῖ.
2848 3605 3030 3658 ὅπλων
3089 3607 3354 3677 ἐμπειρία
3389 3609 3481 3660 καὶ
3520 3624 3663 3675 γεν-

2090 3702 2357 3771 ναιότητι,
2386 3699 2494 3753 οὐδ’
2525 3702 2553 3753 ὁ
2591 3698 2899 3770 τηνικαῦτα
2950 3699 3185 3769 πόλεμος
3236 3701 3459 3752 ἐκείνων
3507 3701 3666 3753 ἐστέ-

2096 3809 2259 3862 ρησε,
2313 3791 2501 3861 Πολλῷ
2556 3792 2655 3860 μὲν
2711 3791 2804 3844 οὗν
2866 3791 3113 3845 καλλίοσι
3153 3793 3247 3845 καὶ
3276 3792 3489 3861 μείζοσι
3542 3793 3664 3846 τῶν

2093 3884 2417 3953 φθασάντων
2459 3884 2621 3946 αὐτός
2669 3900 2734 3952 γε
2790 3882 3003 3946 τούτοις
3056 3878 3115 3935 εὖ
3154 3883 3324 3937 ποιῶν
3377 3884 3663 3954 ἐκόσμησε

2094 3978 2361 4048 κεφαλήν.
2406 3977 2555 4030 Ἔδει
2585 3978 2694 4045 γὰρ
2747 3976 2908 4028 αὐτὸν
2961 3975 3167 4029 καλλίω
3217 3977 3310 4029 καὶ
3341 3977 3508 4044 μείζω
3549 3978 3667 4029 τῶν

2095 4071 2203 4140 πρὸ
2249 4068 2418 4122 αὑτοῦ
2459 4068 2829 4139 γεγενημένον
2885 4069 3166 4134 ἁπάντων,
3222 4069 3398 4137 ἐαυτῷ
3446 4084 3501 4120 τε
3564 4070 3667 4120 καὶ

2095 4165 2208 4225 τοῖς
2264 4160 2624 4231 ἀριστεύσασι
2680 4160 2944 4230 παρέχειν
2999 4156 3138 4213 ἆθλα
3183 4161 3515 4229 κατάλληλα,
3580 4163 3668 4213 αῖ-

2096 4253 2359 4324 δούμενον
2439 4253 2536 4322 μὲν
2592 4252 2908 4321 φιλοτιμίαν
2963 4253 3063 4323 τὴν
3130 4252 3343 4322 ἀληθῆ,
3408 4255 3668 4321 γενναιόο

2097 4361 2218 4415 τητι
2293 4344 2759 4416 λαμπρυνομένην
2835 4346 3130 4411 ἐπιεικῶς,
3205 4347 3519 4416 αἰδούμενον
3604 4347 3671 4400 δὲ

423 4434 642 4506 prazmia
708 4431 974 4484 donaret:
1035 4428 1106 4480 ob
1158 4424 1520 4479 reverentiam
1593 4422 1791 4489 partim
1857 4434 1976 4473 vera

2100 4436 2321 4508 ἀνδρίαν
2381 4437 2671 4506 ὑπερφυᾶ,
2740 4438 3063 4509 σωφροσύνῃ
3120 4438 3218 4508 μὲν
3278 4440 3507 4510 μεγίστῃ
3573 4456 3673 4492 κε-

423 4521 905 4598 magnanimitatis,
942 4534 1061 4587 quae
1103 4516 1301 4586 insigni
1337 4513 1706 4583 generositate
1739 4512 1989 4582 Splende-

424 4630 541 4685 ret;
572 4617 772 4685 partim
834 4610 1170 4666 fortitudinis
1220 4609 1456 4673 eximiae,
1500 4622 1624 4675 quae
1663 4615 1719 4659 et
1774 4604 1988 4658 modes-

425 4712 499 4764 tia
538 4708 775 4763 maxima
813 4713 957 4760 esset
1009 4712 1224 4767 ornata,
1285 4709 1337 4755 et
1370 4698 1643 4755 consimili
1704 4698 1990 4768 prudentia

423 4798 744 4872 conspicua",
780 4812 1106 4867 semperque
1132 4795 1360 4866 justitia:
1411 4807 1618 4858 comes,
1651 4805 1775 4846 cum
1814 4788 1992 4843 virtu-

426 4899 569 4953 tibus
619 4897 701 4950 eis
734 4891 1014 4961 subjectis.
1051 4889 1185 4943 Nam
1231 4887 1374 4958 quod
1426 4885 1757 4957 particulare
1809 4891 1912 4947 est,
1962 4897 1992 4935 a

425 4989 599 5056 magis
633 4986 872 5057 generali
909 4993 961 5038 et
1001 4990 1230 5052 cognato
1261 4994 1482 5034 necesse
1516 4987 1598 5032 est
1632 4976 1997 5045 comprehen-

423 5081 603 5135 datur.
643 5078 701 5132 ln
736 5079 879 5131 hunc
914 5077 1131 5131 modum
1164 5074 1341 5128 aﬂ‘ecti
1375 5088 1501 5142 erga
1556 5087 1773 5126 omnem
1824 5071 1995 5126 virtu-

425 5182 530 5226 tem
585 5172 965 5235 Athenienses,
1016 5181 1202 5238 pacem
1252 5169 1423 5238 pluris
1482 5166 1775 5229 faciebant,
1833 5180 1995 5234 quam

425 5264 717 5317 multorum
752 5272 905 5316 terra:
954 5261 1207 5331 jugerum
1237 5260 1693 5329 acquisitionem:
1726 5258 1999 5326 simulque

423 5357 638 5422 Persas,
671 5356 989 5427 injui-iarum
1022 5364 1275 5408 auctores
1310 5362 1363 5406 ct
1408 5368 1621 5416 avaros,
1653 5366 1761 5405 non
1802 5366 1832 5404 a
1884 5350 1999 5404 solo

425 5464 633 5505 tantum
669 5467 768 5506 suo
804 5450 1102 5520 patriisque
1126 5448 1379 5512 sedibus;
1421 5461 1607 5500 verum
1636 5454 1748 5500 tota
1781 5458 2001 5514 quoque

424 5540 627 5596 Graecia
664 5540 1018 5610 depellebant.
1056 5539 1119 5591 Et
1160 5539 1272 5591 hzcc
1316 5552 1448 5591 sane
1508 5537 1686 5589 facere
1749 5548 1857 5587 non
1905 5532 2002 5585 de-

425 5632 566 5686 siere
593 5648 807 5687 summa
844 5646 967 5686 cum
1008 5629 1408 5693 moderatione,
1445 5643 1565 5697 quae
1599 5626 1835 5694 cepisset
1866 5622 1999 5677 olim

427 5722 496 5775 ab
530 5723 660 5785 ipsis
698 5722 998 5786 maioribus
1028 5736 1151 5777 cum
1179 5720 1523 5788 praecedente
1547 5717 1704 5773 bonis
1744 5719 1796 5771 in
1835 5715 1999 5772 rebus

2098 4529 2483 4597 κοσμημένην,
2512 4527 2771 4595 φρονήσει
2817 4527 2871 4579 δέ
2914 4527 3077 4598 ὁμοίᾳ
3119 4528 3180 4580 τὸ
3206 4528 3327 4580 κατ’
3352 4529 3521 4596 αὐτὴν
3546 4532 3675 4584 ἐπι-

2094 4620 2463 4689 δεδειγμένην,
2512 4619 2602 4670 καὶ
2651 4618 2737 4670 ἀεὶ
2786 4619 2880 4670 σὺν
2927 4619 3004 4688 τῷ
3051 4620 3241 4689 δικαίῳ
3290 4619 3675 4691 πεζευομένην

2097 4712 2213 4778 ἅμα
2243 4728 2305 4779 γε
2334 4712 2454 4772 ταῖς
2485 4710 2575 4761 ὑπ’
2600 4708 2771 4770 αὑτὰς
2802 4710 3046 4778 ἀρεταῖς.
3081 4711 3155 4762 Τὸ
3185 4712 3294 4781 γὰρ
3325 4711 3389 4782 δὴ
3421 4714 3678 4782 μερικῶ-

2093 4819 2251 4872 τερον
2282 4803 2550 4869 ἀνάγκαις
2588 4800 2787 4862 πάσαις
2824 4800 3288 4870 περιληφθήσεται
3320 4802 3399 4872 τῷ
3432 4819 3676 4869 γενικω-

2095 4894 2237 4960 τὲρῳ
2283 4891 2376 4943 καὶ
2422 4891 2697 4956 συγγενεῖ.
2745 4888 2902 4941 Οὕτω
2945 4890 3011 4958 δὴ
3059 4892 3197 4960 πρὸς
3243 4892 3427 4943 πᾶσαν
3470 4892 3679 4962 ἀρετὴν

2098 4984 2313 5054 ἔχοντες
2340 4983 2635 5052 Ἀθηναῖοι.
2663 4982 2867 5051 ἐτίμων
2894 4981 2991 5051 μὲν
3017 4983 3263 5052 εἰρήνην,
3292 4985 3397 5051 πρὸ
3421 4984 3514 5036 τοῦ
3541 4985 3683 5037 πλέ-

2100 5074 2206 5145 θρα
2258 5073 2556 5142 πάμπολλα
2586 5072 2690 5141 γῆς
2744 5073 3194 5141 κερδᾶναιοτοὺς
3242 5071 3298 5124 δὲ
3351 5072 3680 5141 ὑϐρίζοντας

2100 5166 2193 5217 καὶ
2231 5165 2559 5221 πλεονέκτας
2601 5158 2921 5229 ἀνθρώπους
2964 5159 3025 5211 ού
3071 5159 3232 5228 μόνον
3262 5157 3363 5227 τῆς
3403 5159 3680 5226 σφετέρας

2100 5257 2282 5309 αὐτῶν
2309 5255 2434 5325 γῆς,
2463 5254 2557 5307 καὶ
2582 5254 2688 5306 τῶν
2719 5253 2961 5321 πατρίων
2988 5250 3157 5321 ἠθῶν,
3184 5250 3317 5304 ἀλλὰ
3349 5252 3441 5302 καὶ
3471 5252 3679 5313 παντὸς

2099 5351 2370 5420 ἠμύνοντο
2410 5346 2504 5399 τοῦ
2541 5343 2881 5415 Ἑλληνικοῦ.
2917 5345 3027 5397 Καὶ
3068 5344 3242 5396 ταῦτα
3284 5344 3349 5412 δὴ
3390 5343 3683 5405 ποιοῦντες

2102 5440 2513 5494 διατετελέκασι
2547 5437 2683 5509 μετὰ
2715 5437 2885 5505 πόσης
2913 5436 3015 5488 οίει
3047 5434 3423 5504 μετριότητος,
3452 5434 3683 5503 πόρρω-

2105 5533 2197 5584 θεν
2244 5532 2343 5602 μὲν
2388 5530 2675 5600 ἠργμένης
2719 5528 2783 5580 ἐκ
2827 5528 2935 5578 τῶν
2980 5527 3259 5596 προγόνων
3310 5518 3449 5594 μετὰ
3494 5524 3683 5591 πάσης

2076 5641 2078 5645 ν
2107 5624 2577 5694 προηγησαμένης
2611 5617 2923 5682 πλεονεξίας
2953 5618 3064 5670 τῶν
3095 5616 3317 5685 ἀγαθῶν
3338 5655 3353 5679 ,
3383 5615 3683 5683 κατιούσης

2106 5712 2159 5765 δὲ
2202 5712 2445 5777 δικαίως,
2490 5710 2678 5777 ῶσπερ
2720 5725 2804 5772 τις
2848 5705 3069 5774 κλῆρος,
3110 5707 3371 5771 χρηστοῖς
3408 5705 3687 5769 ἐκγόνοις,
