3920 6200
306 368 408 428 39:1

301 759 537 830 ὲροῢμέν
577 779 633 816 τι
674 765 1132 834 προύργιαίτερον
1173 771 1314 823 κατὰ
1356 773 1553 846 σχολὴν
1597 777 1736 845 μετά
1776 780 1869 831 τοῦ

298 852 513 921 καιροῦ,
558 858 952 924 συναιρομένου
993 861 1087 914 τοῦ
1133 863 1461 932 κρείττονος.
1507 867 1622 920 Νῦν
1663 868 1720 921 δὲ
1761 872 1868 923 τῶν

300 945 676 1014 προκειμένων
702 947 978 1018 ἐχώμεθα.
1009 953 1156 1006 Ἔδει
1189 957 1288 1024 μὲν
1316 955 1428 1022 οὖν,
1449 958 1504 1010 -εἰ
1537 960 1632 1011 καὶ
1665 961 1867 1023 πάντας

298 1037 540 1106 ἐλελήθει
587 1038 903 1112 βαρϐάρους
945 1044 1006 1097 τὸ
1049 1047 1151 1116 τῆς
1197 1049 1400 1119 ἀρετῆς
1440 1053 1660 1122 περιὸν,
1702 1055 1866 1108 αὐτὸν

294 1125 424 1192 γοῦν
463 1127 692 1196 βασιλέα
737 1135 813 1202 μὴ
854 1133 1158 1203 λεληθέναι,
1205 1140 1340 1207 μηδὲ
1381 1142 1625 1212 νομίζειν
1670 1145 1864 1216 πλήθει

294 1218 591 1286 κρατήσειν
626 1225 1082 1294 προαιρουμένων
1117 1227 1342 1299 πολέμῳ
1374 1229 1598 1285 πίπτειν
1629 1234 1736 1304 πρὸ
1768 1235 1861 1288 τοῦ

291 1305 535 1378 δεδέχθαι
561 1327 615 1363 τι
644 1311 753 1364 τῶν
783 1314 1050 1384 αἰσχρῶν.
1073 1317 1284 1384 Ἔδειξε
1317 1321 1425 1393 γὰρ
1457 1324 1484 1374 ὁ
1516 1327 1706 1394 χρόνος
1733 1329 1861 1390 τοὺς

293 1398 490 1467 ἄνδρας
525 1401 714 1456 τούσδε
749 1405 930 1474 πολλῷ
963 1423 1028 1476 γε
1063 1412 1319 1479 κρεῖττον
1351 1414 1768 1485 ἀσπαζομένους
1800 1420 1859 1471 τὸ

295 1486 409 1555 μεθ’
432 1488 614 1544 ὅπλων
644 1491 1083 1565 ἀγωνιζομένους
1108 1500 1366 1556 τεθνάναι
1394 1504 1536 1576 ὑπὲρ
1563 1506 1674 1575 τῶν
1703 1509 1857 1577 σφίσι

287 1575 675 1647 διαφερόντων,
703 1579 736 1652 ἢ
763 1585 909 1646 τινὲς
937 1587 1278 1654 ἀσπάζονται
1308 1575 1649 1664 πανηγύρεις
1673 1575 1855 1670 τρυφῇ

288 1667 378 1718 καὶ
403 1668 653 1742 ῥᾳθυμίᾳ
679 1676 1120 1746 προσηλωμένοι.
1149 1681 1209 1736 '0
1235 1683 1292 1735 δὲ
1317 1686 1383 1755 τῇ
1410 1686 1518 1738 τῶν
1543 1667 1856 1758 εύτυχήμάζ

286 1772 392 1808 των
426 1761 709 1832 κραιπάλῃ
729 1803 744 1828 ,
777 1768 871 1818 καὶ
902 1769 969 1837 τῇ
1007 1771 1174 1840 μανίᾳ
1209 1773 1318 1824 τῶν
1351 1773 1500 1844 αύτῷ
1535 1777 1850 1846 προσδοκω-

292 1850 466 1918 μένων
496 1856 940 1927 κατορθωμάτων
968 1861 1219 1934 καθάπερ
1248 1863 1400 1936 κῦμα
1425 1868 1652 1922 τύπτειν
1675 1871 1849 1942 ἠξίου,

287 1939 432 1995 εἶκον
460 1945 682 2016 ἀνέμοις
713 1951 864 2020 παρά
893 1953 954 2005 τδ
983 1953 1143 2021 δόξαν
1172 1957 1321 2028 αὑτῷ
1345 1974 1360 1991 ο
1395 1959 1538 2014 οὕτω
1569 1939 1851 2019 κάνταῦθα

285 2035 539 2103 νενόμικε
568 2037 930 2112 (θρασύτητος
957 2044 1217 2117 ἀκρασία)
1249 2052 1454 2105 καπνοῦ
1479 2069 1533 2106 τι
1563 2055 1727 2125 μέρος
1753 2057 1851 2127 ἀρ·
1885 2063 1890 2070 ’

283 2127 466 2182 κέσειν
490 2130 640 2200 αύτῷ
667 2133 759 2185 τοῦ
789 2135 848 2188 ἐν
875 2139 940 2208 τῇ
970 2137 1116 2211 ψυχῇ
1150 2143 1322 2213 πυρὸς
1351 2144 1588 2214 ζέοντος,
1619 2147 1762 2216 λέγω
1787 2149 1852 2222 δὴ

280 2225 372 2274 τοῦ
400 2225 558 2294 παρά
582 2226 738 2294 λόγον
765 2229 964 2300 θυμοῦ,
991 2236 1257 2289 πασσυδεὶ
1280 2238 1404 2300 τοὺς
1424 2239 1694 2310 ’Έλληνας
1723 2245 1851 2296 ἀνα·

280 2313 477 2368 λῶσαι.
523 2317 662 2371 Ἀλλ’
693 2321 728 2390 ή
776 2322 870 2390 τῆς
921 2325 1154 2396 ἀκαίρου
1207 2330 1523 2401 φιλοτιμίας
1575 2333 1849 2407 ὑπερϐολή

277 2405 431 2457 οὐδὲν
473 2409 665 2477 ἐκείνῳ
705 2412 870 2482 τιμῆς
913 2414 1222 2486 dust/cipe;
1263 2421 1400 2489 πρὸς
1439 2423 1497 2477 δὲ
1535 2405 1850 2480 τούναντίον

281 2496 470 2563 σαφῶς
510 2498 660 2568 αὐτῷ
700 2501 800 2570 τὴν
843 2505 1171 2574 προσδοκίαν
1213 2510 1600 2582 ἀντέστρεψεν.
1641 2515 1699 2570 ’0
1738 2519 1849 2590 γὰρ

276 2591 339 2659 τῇ
376 2588 579 2662 βροντῇ
611 2593 710 2662 τῆς
743 2595 931 2665 φήμης
961 2599 1028 2650 τὰ
1057 2598 1167 2652 τῶν
1199 2601 1411 2655 πολλῶν
1446 2607 1690 2677 κυκήσας
1723 2588 1850 2678 φροο

274 2683 517 2752 νήματα,
547 2686 640 2737 καὶ
665 2685 890 2751 τούτους
916 2689 1096 2756 δείξας
1126 2693 1577 2765 καλινδουμένους
1605 2699 1711 2769 πρὸ
1739 2701 1847 2753 τῶν

273 2772 458 2827 ποδῶν
507 2775 693 2842 αὐτοῦ,
741 2778 1040 2847 φθάνοντας
1091 2785 1158 2838 τὰ
1207 2788 1362 2840 τοῦδε
1419 2789 1846 2861 προστάγματα,

271 2867 508 2937 ἀκονητὶ
550 2871 643 2923 καὶ
675 2873 775 2943 τὴν
808 2875 1036 2931 Ἐλλάδα
1076 2881 1530 2952 προσκτήσασθαι
1571 2889 1844 2952 φανταζό-

274 2976 441 3025 μενος
462 3001 480 3026 ,
519 2962 612 3016 καὶ
649 2967 969 3038 παμπληθεὶ
999 2970 1061 3023 τὸ
1092 2971 1406 3044 Ἑλληνικὸν
1439 2977 1690 3050 καθάπερ
1722 2984 1848 3034 παῖ-

268 3053 364 3117 δάς
407 3071 569 3121 τινας
613 3057 775 3124 ἑλεῖν,
822 3061 1018 3126 παῖδάς
1060 3081 1125 3133 γε
1169 3067 1277 3121 τῶν
1321 3067 1715 3140 θρυπτομένων
1756 3075 1846 3126 ἐπ’

267 3145 510 3215 ἀγορᾶς,
554 3147 650 3200 καὶ
698 3151 1074 3220 προσεχόντων
1119 3155 1424 3227 ἀθύρμασι,
1471 3162 1565 3214 καὶ
1612 3180 1688 3234 μη

265 3238 398 3304 γοῦν
435 3243 812 3309 γεγευμένους
853 3246 1224 3323 προσήκοντος
1261 3251 1520 3320 ἀνδράσιν
1554 3255 1843 3326 ἐπιτηδεύ-

270 3347 480 3399 ματος,
516 3332 628 3385 stoc
651 3333 710 3386 ἓν
740 3350 802 3402 γε
829 3337 988 3389 τοῦτο
1018 3339 1438 3409 μεμαθηκότας,
1470 3345 1752 3415 ὀρχεῖσθαί
1782 3366 1840 3402 τε

265 3424 361 3479 καὶ
390 3422 748 3490 ἀκκίζεσθαι,
779 3427 1135 3494 γυναικώδεις
1162 3432 1258 3485 καὶ
1285 3435 1384 3504 τὴν
1414 3437 1595 3504 φύσιν,
1629 3439 1722 3493 καὶ
1746 3441 1844 3511 τὴν

265 3518 536 3588 γνώμην,
566 3521 661 3572 καὶ
688 3519 788 3588 τὴν
821 3521 1066 3575 παιδείαν
1097 3524 1446 3597 ὑπάρχοντας
1470 3547 1484 3562 ⁸
1515 3533 1544 3584 ό
1574 3533 1840 3602 σοϐαρὸς,

263 3608 358 3660 καὶ
395 3610 764 3678 ύπερνεφῶν,
795 3613 890 3665 καὶ
925 3619 1344 3686 γεγαυρωμένος
1364 3659 1380 3682 ,
1413 3622 1441 3673 ὁ
1473 3622 1714 3677 τοσαῦτα
1747 3627 1845 3695 έμ-

265 3699 524 3754 6ατεύων
565 3704 647 3765 είς
685 3703 756 3755 τὰ
793 3705 1064 3774 Ἑλλήνων
1102 3709 1427 3780 πράγματα,
1471 3714 1570 3768 ὅσα
1611 3719 1704 3769 καὶ
1743 3720 1844 3788 τὴν

263 3790 430 3843 τῶνδε
492 3794 600 3859 γῆν
650 3796 763 3857 τοῖς
812 3799 1120 3867 σατράπαις
1169 3801 1444 3874 διανέμειν
1496 3809 1576 3871 εἰς
1628 3808 1840 3879 ἀρχὴν,

263 3878 459 3953 ὥσπερ
495 3883 560 3935 ἂν
588 3886 636 3936 εἰ
661 3885 865 3958 ταύτην
892 3889 1057 3943 πάλαι
1090 3894 1415 3963 προείληφεν
1435 3911 1449 3926 ⁸
1476 3899 1672 3952 ὁπόσον
1699 3878 1846 3954 οἷκο-

264 3972 355 4026 θεν
387 3975 608 4044 σπουδῇ
637 3977 732 4031 ἐπὶ
757 3978 858 4047 τήν
890 3978 1118 4037 Ἐλλάδα
1144 3985 1251 4056 γῆν
1281 3987 1530 4059 ἔτρεχεν,
1565 3991 1843 4062 ὀνειροπο-

260 4065 436 4136 λήσας
467 4067 571 4130 τὰς
599 4069 716 4122 ἐκεῖ
742 4071 920 4136 νίκας,
949 4074 1044 4126 καλ⁵
1071 4075 1138 4127 τὰ
1168 4077 1276 4130 ἀπὸ
1305 4079 1412 4131 τῶν
1442 4060 1654 4150 ἐχθρῶν
1684 4060 1840 4154 έγερ·

263 4154 553 4226 θησόμενα
594 4158 769 4229 τούτῳ
809 4162 1079 4231 τρόπαια,
1125 4161 1378 4221 τοσοῦτον
1421 4170 1536 4223 ἀνω
1580 4175 1840 4242 ποταμῶν

261 4249 658 4318 παλινδρομῶν
683 4254 1043 4323 ἀνεδείκνυτο,
1069 4258 1189 4311 οὐδὲ
1217 4261 1350 4328 γοῦν
1375 4263 1544 4332 αὐτὴν
1568 4265 1666 4336 τὴν
1693 4267 1842 4334 πρώ-

260 4359 362 4413 την
394 4331 518 4406 οίός
546 4359 606 4394 τε
638 4345 926 4414 γενόμενος
958 4347 1279 4417 ὑπενεγκεῖν
1311 4331 1640 4424 προσϐολήντ
1678 4331 1838 4409 Ὀπόε-

261 4451 352 4487 σον
386 4437 512 4503 γὰρ
550 4434 615 4504 δὴ
649 4434 746 4505 τὴν
779 4439 1044 4508 ταχίστην
1080 4441 1167 4493 ἐπ’
1195 4442 1437 4507 ἐκείνους
1478 4446 1676 4515 ἤλαυνε
1698 4487 1713 4509 ,
1749 4465 1838 4502 το-

262 4527 413 4580 σόνδε
443 4527 680 4590 τούτους
709 4529 949 4598 αἰσχρῶς
976 4531 1229 4602 διέφευγε
1247 4575 1262 4600 ,
1296 4535 1456 4606 σῶμα
1487 4537 1582 4592 καὶ
1610 4541 1836 4611 γνώμην

261 4618 354 4669 καὶ
378 4617 572 4687 ψυχὴν
597 4617 734 4687 πρὸς
756 4620 1066 4674 τούναντίον
1090 4623 1236 4676 ἅπαν
1262 4627 1516 4696 τραπεὶς,
1549 4633 1644 4684 καὶ
1670 4634 1838 4686 πᾶσιν

260 4704 326 4778 ἦν
354 4712 641 4780 ἀφόρητος
671 4713 738 4780 τῇ
775 4712 999 4783 σπουδῇ.
1038 4714 1388 4787 Ἐπεθύμησε
1417 4719 1522 4789 γῆς
1554 4722 1836 4792 Περσίδος,

260 4801 592 4869 ἐπεθύμησε
624 4799 721 4853 τοῦ
755 4799 960 4870 ταύτης
1002 4804 1212 4858 καπνοῦ
1233 4845 1249 4870 ,
1286 4810 1428 4862 κατὰ
1464 4809 1554 4862 τὸν
1594 4810 1836 4882 Ὀμήρου

262 4892 628 4961 πλανώμενον
665 4893 946 4946 Ὀδυσσέα.
977 4895 1074 4948 Ἂν
1166 4915 1218 4950 τι
1250 4902 1430 4971 χεῖρον
1457 4903 1554 4956 καὶ
1585 4907 1796 4959 καπνοῦ
1818 4946 1834 4971 ,

265 4983 420 5062 φίλον
454 4983 610 5052 αὐτῷ
640 4983 914 5050 δέξασθαι,
947 4986 996 5038 εί
1033 4987 1192 5056 μόνον
1221 4989 1306 5062 είη
1338 4991 1447 5045 τῶν
1477 4993 1711 5051 οἴκοθεν.
1751 4998 1860 5062 Ὦς

264 5056 441 5142 εγωῆε
471 5069 630 5143 οἶμαι
653 5077 742 5127 τὸν
768 5075 940 5145 ἄνδρα
967 5077 1156 5131 τοῦτον
1181 5056 1668 5152 ὧδεψμεταδαλεῑν,
1695 5056 1837 5142 ὥστε

263 5165 482 5236 χαίρειν
528 5165 767 5218 ἐάσαντα
837 5168 1136 5236 στεφάνους
1173 5189 1233 5225 τε
1279 5174 1373 5230 καὶ
1413 5175 1700 5248 θρίαμϐον,
1744 5186 1838 5236 καὶ

262 5255 359 5324 τήν
389 5259 456 5310 εκ
487 5256 584 5325 τῆς
614 5257 771 5327 νίκης
802 5260 982 5314 πᾶσαν
1009 5260 1390 5334 λαμπρότητα,
1426 5269 1593 5338 μηδὲν
1624 5273 1839 5346 θαυμά-

264 5345 380 5410 ζειν
414 5348 613 5417 ἕτερον
652 5351 791 5421 πλὴν
827 5351 1031 5421 φυγῆς,
1069 5355 1421 5427 ἀνδραπόδοις
1462 5364 1563 5416 οὐκ
1604 5366 1672 5420 ἃν
1709 5345 1838 5439 πρε-

264 5439 498 5510 πούσης.
541 5439 700 5493 Ὀθεν
737 5442 849 5496 οὐδ’
877 5443 1137 5509 ἀπεικὸς,
1179 5447 1234 5499 εί
1269 5467 1350 5513 τις
1392 5453 1592 5508 ἔδωκεν
1630 5460 1837 5513 ἐκεῖνον

268 5531 397 5583 ἰδεῖν
426 5532 532 5592 τὰς
565 5535 620 5584 ὲν
647 5535 712 5604 τῇ
745 5536 1150 5603 γυναικωνίτιδι
1184 5541 1382 5612 κόρας,
1418 5549 1668 5619 στέργειν
1696 5556 1836 5608 κατά

264 5623 476 5691 κόρρης
518 5623 888 5694 τυφθήσεσθαι
932 5630 1066 5697 παρ’
1088 5631 1268 5685 αὐτῶν
1301 5634 1466 5691 ἕνεκα
1501 5640 1601 5710 τῆς
1644 5661 1836 5710 γυναι-

265 5712 476 5775 κώδους
509 5714 674 5766 αὐτοῦ
704 5717 901 5788 φυγῆς.
929 5719 1018 5790 Τῷ
1047 5723 1155 5794 γὰρ
1185 5725 1385 5781 αὐτίκα
1409 5737 1709 5804 τετράφθαι
1737 5741 1836 5808 τὴν

263 5799 449 5873 ψυχὴν
466 5844 482 5871 ,
512 5807 607 5859 καὶ
633 5810 759 5872 τοὺς
786 5812 1079 5879 λογισμοὺς
1096 5853 1110 5877 ,
1139 5817 1232 5868 καὶ
1260 5821 1510 5880 τοσοῦτον
1537 5829 1827 5899 ὀρρωδεῖν,

631 5899 904 5966 ΡΑτιιυι..
934 5907 1048 5966 Gn.
1094 5905 1274 5967 CLVI

1753 387 2035 452 DRA'l‘lO
2079 386 2121 458 ι.

301 484 578 553 χρηστοὺς
602 484 828 555 ζηλοῦσι
855 491 1068 556 γονέας.
1099 493 1333 564 ᾜδεσαν
1360 496 1471 570 γὰρ
1492 536 1507 563 ,
1538 500 1611 565 ὡς
1639 508 1874 574 ταυτησὶ
1906 512 1948 565 Λ
1981 513 2125 565 omni
2148 515 2466 571 θεουιιιιιιιὶιι

301 578 373 646 μὴ
412 575 699 648 παρούσης
738 579 848 634 οὐδ’
871 581 1018 635 ἅπαν
1049 585 1112 636 τδ
1144 587 1246 656 τῆς
1283 588 1490 662 ἀρετῆς
1528 595 1718 664 χρῆμα
1758 595 1847 650 οἶδε

1979 601 2102 658 dam
2129 605 2380 663 devoluta
2414 625 2472 664 es

297 685 355 720 τε
407 667 681 723 συνοίσειν
729 672 1046 745 ἀνθρώπῳο
1102 679 1232 746 περὶ
1281 674 1347 752 ἧς
1399 698 1461 748 γε
1513 687 1872 757 μετριότητος

3439 413 3546 478 394

2473 557 2489 581 ,
2525 523 2823 594 meritoque
2861 527 3007 584 velut
3049 531 3337 590 hzereditas
3395 554 3546 606 quas-

2476 619 2557 665 set
2583 616 2648 668 ad
2678 628 2926 684 posteros
2950 622 3114 690 frugi,
3155 627 3296 697 frugi
3334 647 3546 699 paren-

1979 703 2091 748 tum
2122 699 2485 756 aemulatores.
2519 702 2725 761 Norant
2752 711 2920 776 enim,
2962 716 3007 768 si
3045 716 3294 788 lmenon
3326 723 3544 779 adesset

1979 802 2044 841 ne
2079 789 2295 857 quidem
2323 795 2632 850 universam
2663 802 2873 855 virtutis
2896 805 3000 856 vim
3052 807 3254 863 homini
3283 814 3543 877 prodesse

1975 893 2176 948 posse:
2217 883 2284 938 de
2323 901 2428 952 qua
2460 889 2833 946 moderatione
2865 897 3168 954 studiosius
3211 903 3413 974 aliquid
3447 923 3542 974 per

1975 969 2169 1037 otium,
2206 974 2394 1028 divino
2422 977 2649 1044 jnvante
2678 984 2924 1052 numine,
2955 1003 3056 1041 suo
3087 969 3332 1060 tempore
3363 998 3542 1068 profe-

1974 1076 2178 1116 remus.
2220 1063 2377 1120 Nunc
2410 1068 2498 1130 iis,
2536 1085 2657 1139 quas
2691 1078 2966 1142 proposita
3005 1079 3163 1135 nobis
3197 1095 3348 1145 sunt,
3404 1089 3536 1141 insi-

1969 1162 2201 1209 stemus.
2237 1155 2391 1212 Licet
2439 1175 2590 1226 ergo.
2635 1179 2757 1231 qme
2806 1169 3026 1225 virtutis
3079 1178 3392 1238 praestantia
3446 1180 3538 1240 sit.

1967 1259 2160 1301 omnes
2187 1249 2500 1316 ignorarent
2521 1253 2742 1310 Barbari
2771 1271 2786 1322 ;
2840 1276 3020 1331 regem
3051 1265 3226 1333 ipsum
3261 1268 3311 1322 id
3344 1271 3537 1326 saltem

1967 1336 2222 1406 ignorare
2252 1356 2361 1396 non
2409 1349 2677 1412 oportuit,
2720 1365 2896 1420 neque
2945 1365 3139 1424 putare
3172 1359 3438 1427 futurum,
3479 1375 3539 1418 nt

1966 1432 2251 1486 hominum
2287 1435 2458 1504 copiis
2509 1453 2606 1492 eos
2645 1441 2698 1494 in
2732 1453 3065 1509 potestatem
3105 1452 3392 1520 redigeret,
3441 1456 3535 1525 qui

1964 1523 2104 1576 bello
2158 1525 2353 1580 cadere
2412 1529 2665 1593 mallent,
2717 1549 2877 1598 quam
2939 1545 3099 1608 turpe
3149 1544 3279 1610 quid
3332 1523 3536 1604 admit-

1962 1627 2094 1671 tere.
2154 1617 2370 1690 Quippe
2427 1633 2643 1692 tempus
2679 1627 2854 1689 ipsum
2893 1630 3214 1699 declaravit,
3272 1638 3359 1692 his
3399 1641 3534 1694 viris

1958 1708 2116 1777 longe
2143 1708 2314 1766 fuisse
2341 1712 2583 1780 charius,
2618 1717 2663 1770 si
2704 1720 2918 1786 armati,
2951 1738 3048 1790 pro
3080 1725 3242 1780 rebus
3287 1730 3402 1783 suis
3453 1731 3538 1786 di-

1958 1798 2246 1864 micantes,
2299 1806 2728 1871 occumberent,
2783 1825 2948 1878 quam
2983 1813 3126 1879 aliis,
3179 1817 3443 1887 voluptati
3478 1831 3532 1874 et

1957 1889 2186 1956 ignaviae
2216 1891 2440 1956 deditis,
2491 1899 2627 1964 grati
2676 1899 2930 1954 ludorum
2972 1901 3095 1958 festi
3127 1905 3244 1962 dies
3277 1925 3398 1963 esse
3433 1926 3529 1965 so-

1953 1978 2118 2034 leant.
2143 1980 2352 2040 Xerxes
2382 1999 2509 2038 vero
2526 2003 2908 2058 prosperorum
2929 2009 3280 2052 successuum
3310 2003 3531 2069 crapula

1955 2074 2113 2140 quasi
2144 2075 2376 2142 quadam
2417 2077 2704 2147 impulsus,
2757 2093 2812 2138 et
2841 2084 3031 2142 furore
3062 2091 3311 2157 profecto
3341 2094 3409 2149 de
3434 2112 3530 2163 spe

1955 2165 2318 2232 gerendarum
2355 2167 2592 2226 feliciter
2620 2189 2824 2239 rerum,
2853 2178 3020 2233 veluti
3055 2197 3204 2236 mare
3225 2186 3380 2253 prius
3404 2201 3529 2242 ver.

1955 2256 2132 2311 berari
2167 2256 2432 2327 jusserat,
2496 2264 2640 2329 quod
2699 2269 2874 2322 ventis
2939 2281 3137 2338 praeter
3191 2277 3523 2332 voluntatem

1955 2362 2108 2402 suam
2137 2352 2387 2418 cederet;
2423 2355 2494 2408 ita
2526 2357 2753 2425 putabat
2783 2359 2871 2415 hic
2893 2377 3112 2432 quoque
3146 2369 3202 2432 (ο
3253 2368 3527 2437 intempe-

1953 2451 2161 2496 rantem
2205 2445 2512 2520 audaciam)
2549 2452 2768 2519 paulum
2805 2453 2938 2508 fumi
2970 2456 3038 2511 de
3085 2460 3205 2528 igne
3259 2463 3351 2531 qui
3405 2463 3524 2532 ejus

1954 2535 2008 2586 in
2044 2536 2229 2590 animo
2255 2536 2528 2608 ﬂagraret,
2580 2541 2648 2596 de
2706 2543 2988 2601 iracundia
3036 2551 3266 2606 rationis
3299 2565 3524 2622 experte

1951 2625 2095 2691 dico,
2122 2625 2325 2684 Grazcis
2345 2632 2590 2687 funditus
2615 2634 2972 2692 absumendis
3002 2643 3382 2700 sulIecturum.
3413 2645 3518 2700 Sed

1953 2717 2120 2772 nimia
2155 2722 2236 2775 vis
2265 2723 2489 2778 absurdi
2543 2729 2708 2782 studii
2744 2732 2874 2786 nihil
2907 2735 2956 2787 ei
3009 2737 3215 2803 peperit
3269 2740 3519 2806 honoris,

1951 2822 2017 2862 ac
2047 2810 2322 2866 diversum
2353 2817 2537 2883 potius
2601 2820 2806 2874 exitum
2859 2825 2974 2890 spei
3013 2827 3179 2880 dedit.
3241 2827 3372 2883 Nam
3423 2832 3520 2900 qui

1953 2903 2189 2958 rumoris
2222 2906 2426 2959 tonitru
2456 2909 2818 2978 complurium
2843 2916 3258 2982 perturbaverat
3278 2923 3518 2985 animos.

1951 3006 2126 3060 eoque
2157 2995 2460 3066 redegerat,
2503 3008 2561 3054 ut
2592 3000 2860 3070 imperata
2917 3008 3087 3074 ipsius
3123 3011 3514 3081 anticipantes.

1951 3082 2017 3137 ad
2041 3085 2206 3152 pedes
2238 3086 2358 3154 ejus
2387 3102 2508 3144 sese
2537 3101 2985 3164 prosternerent;
3018 3099 3148 3154 dum
3178 3103 3385 3172 absque
3432 3105 3519 3160 la-

1693 3163 1841 3226 δενὸς
1870 3157 1914 3214 C
1948 3176 2078 3231 bore
2103 3192 2162 3232 se
2192 3176 2456 3235 Graeciam
2493 3157 2714 3253 quoque
2755 3157 3339 3259 ditioni'adjecturum
3378 3197 3516 3251 ima-

1947 3270 2188 3338 ginatur,
2228 3282 2509 3346 totamque
2543 3277 2858 3335 Graecorum
2891 3285 3163 3341 nationem
3203 3299 3515 3358 capturum,

1944 3376 2043 3416 ceu
2079 3379 2286 3433 pueros
2314 3369 2605 3438 quosdam,
2635 3375 2725 3442 qui
2756 3375 2978 3432 delicias
3007 3380 3059 3431 in
3097 3380 3211 3434 foro
3243 3381 3508 3446 facerent,

1942 3464 1995 3509 et
2030 3456 2252 3514 ludicris
2278 3459 2472 3517 intenti
2500 3476 2685 3519 essent
2708 3505 2724 3530 ,
2759 3481 2861 3522 nec
2893 3469 3063 3525 ullum
3117 3472 3336 3542 aliquod
3373 3491 3515 3546 opus

1944 3547 2096 3602 virile
2128 3549 2536 3619 degustassent,
2561 3555 2658 3610 sed
2713 3563 3098 3618 tantummodo
3149 3566 3347 3622 saltare
3374 3570 3517 3623 didi-

1941 3641 2165 3706 cissent,
2193 3659 2258 3698 ac
2287 3645 2538 3702 lascivire
2557 3690 2572 3713 ,
2609 3666 2710 3705 nec
2748 3668 2852 3708 non
2878 3657 3169 3712 muliebres
3200 3670 3253 3714 et
3283 3660 3515 3729 ingeniis

1941 3743 2145 3800 essent,
2194 3745 2248 3789 et
2297 3740 2511 3804 animis,
2552 3751 2607 3797 et
2663 3744 2987 3805 educatione
3036 3750 3256 3817 :ferox,
3294 3753 3512 3824 inquam

1941 3823 2050 3889 ille,
2081 3841 2355 3898 supraque
2396 3828 2571 3889 nubes
2597 3836 2798 3902 elatus,
2839 3848 3007 3911 atque
3043 3823 3386 3912 superbiens,
3414 3848 3512 3918 qui

1942 3925 2093 3972 tanto
2142 3935 2266 3975 cum
2305 3921 2444 3978 fastu
2504 3923 2816 3985 Graecorum
2856 3933 2908 3987 in
2966 3935 3104 3990 bona
3141 3938 3327 4006 pedem
3370 3940 3514 3996 infe-

1943 4012 2095 4066 rebat
2143 4023 2201 4068 ut
2233 4031 2420 4070 eorum
2452 4028 2652 4073 terram
2688 4039 2909 4096 quoque
2959 4031 3194 4099 satrapis
3242 4033 3357 4087 suis
3385 4047 3510 4088 eum

1941 4113 2205 4173 potestate
2235 4109 2526 4163 tenendam
2557 4111 2936 4188 distribueret,
2967 4134 3029 4173 ac
3051 4121 3096 4174 si
3126 4123 3332 4188 pridem
3361 4124 3510 4179 illam

1942 4207 2304 4265 occupasset;
2361 4201 2448 4256 hic
2509 4219 2663 4274 ergo,
2724 4218 2929 4274 quanta
2979 4225 3104 4265 cum
3159 4213 3511 4271 festinatione

1942 4288 2106 4342 domo
2137 4289 2432 4357 profectus,
2483 4292 2746 4351 Graeciam
2790 4314 2957 4356 cursu
3017 4304 3249 4372 petebat,
3289 4307 3378 4360 ubi
3428 4308 3512 4361 vi-

1942 4379 2146 4434 ctorias
2179 4379 2296 4451 ipse
2328 4383 2431 4439 sibi
2471 4386 2859 4458 somniaverat,
2881 4396 3278 4465 statuendaque
3309 4397 3379 4452 de
3407 4399 3512 4452 ho-

1870 4473 2114 4556 Dstibus
2167 4485 2388 4546 tropaea,
2450 4487 2594 4534 tanta
2648 4484 2892 4539 vicissim
2945 4502 3068 4542 cum
3129 4491 3512 4558 properatione

1945 4569 2228 4632 repetebat
2286 4567 2548 4625 adversos
2583 4587 2795 4641 amnes,
2828 4589 2953 4630 cum
2985 4593 3050 4632 ne
3101 4581 3340 4647 primum
3388 4581 3511 4651 qul-

1941 4653 2065 4710 dem
2095 4655 2407 4712 conflictum
2444 4661 2716 4716 sustinere
2767 4667 3056 4733 potuisset.
3092 4667 3227 4725 Nam
3274 4683 3510 4742 quanto-

1942 4759 2070 4814 pere
2097 4762 2289 4802 versus
2319 4749 2418 4803 hos
2447 4750 2652 4821 impetu
2684 4755 3044 4813 celeberrimo
3068 4763 3351 4832 pergebat,
3385 4775 3510 4822 tan-

1941 4928 2079 4984 alius
2103 4930 2267 4998 plane
2297 4940 2404 4986 tam
2436 4946 2690 5006 corpore,
2737 4956 2902 5010 quam
2949 4944 3162 5012 judicio
3219 4951 3512 5019 animoque

1941 5017 2139 5075 factus.
2163 5019 2435 5081 Omnibus
2462 5027 2532 5082 ob
2555 5028 2961 5090 festinationem
2987 5037 3344 5096 intolerabilis
3366 5017 3508 5098 erat.

1945 5107 2295 5167 Desiderabat
2326 5123 2526 5172 terram
2585 5119 2876 5190 Persidem,
2915 5127 3116 5181 fumum
3152 5131 3272 5198 ejus
3324 5149 3513 5188 exem-

1940 5201 2030 5269 plo
2063 5204 2365 5274 vagabundi
2401 5206 2613 5280 Ulyssis
2653 5212 2802 5269 illius
2842 5214 3114 5272 Homerici
3143 5221 3507 5278 desiderabat.

1937 5291 2113 5348 Etiam
2143 5297 2189 5350 si
2235 5299 2364 5367 quid
2397 5298 2547 5356 fumo
2579 5305 2840 5370 deterius,
2890 5307 3175 5364 admittere
3223 5315 3508 5380 gestit-bat.

1941 5385 2104 5437 modo
2155 5386 2304 5441 domi
2335 5401 2666 5449 versaretur.
2703 5397 2821 5461 Quo
2852 5398 2930 5464 fit,
2962 5410 3019 5453 ut
3064 5403 3315 5469 equidem
3363 5407 3506 5458 arhi-

1941 5479 2075 5536 trer,
2119 5476 2265 5531 hunc
2319 5480 2496 5534 virum
2538 5484 2676 5538 adeo
2719 5485 2892 5541 fuisse
2929 5501 3196 5545 nultatum
3259 5504 3318 5548 ut
3357 5513 3513 5550 coro-

1938 5565 2027 5618 nis
2057 5574 2110 5619 et
2162 5569 2456 5638 triumpho,
2495 5582 2660 5642 atque
2698 5578 2849 5631 omni
2901 5582 3142 5638 victoria:
3195 5586 3508 5653 splendore,

1940 5657 2120 5712 valere
2149 5660 2336 5728 justis,
2371 5664 2520 5718 aliud
2580 5667 2715 5722 nihil
2745 5685 2908 5739 quam
2960 5674 3161 5743 "ngam,
3192 5693 3259 5733 ne
3287 5680 3509 5748 quidem

1943 5751 2215 5820 mancipia
2268 5755 2572 5826 decentem,
2639 5763 3026 5823 admiraretur.
3083 5771 3197 5825 Nec
3261 5775 3512 5826 absimile

1939 5854 2090 5906 vero,
2118 5841 2163 5897 si
2189 5844 2311 5912 quis
2333 5859 2457 5902 eum
2487 5852 2680 5920 puellis
2702 5861 2934 5926 gynaecei
2961 5864 3314 5925 spectandum
3355 5862 3509 5917 exhi-

3071 5953 3141 6013 l3
