3920 6200
298 390 395 448 39ῗ

1721 384 2006 444 ORATIO
2041 366 2085 441 ἰ.

3443 376 3548 445 ana

295 493 395 546 οὐκ
439 490 660 555 ἀδοξίαν
708 491 902 563 αὐτήν.
952 492 1139 548 Πάντα
1171 493 1365 566 ἑορτὴν
1417 495 1601 565 ἠγεῖτο
1646 496 1713 548 τὰ
1741 496 1868 548 δυσ-

1977 492 2157 545 decori
2206 491 2469 545 rationem
2521 490 2774 545 habt-bat.
2827 490 3011 560 Usque
3067 490 3203 545 adeo
3246 506 3469 560 prorsus
3518 509 3546 543 ιι

295 584 470 657 χερῆ·
522 585 702 639 πάντα
754 585 1065 657 πανήγυριν
1140 588 1209 641 τὰ
1275 588 1446 641 δεινά.
1492 588 1679 658 Μηδὲν
1728 588 1868 656 πλὴν

1977 584 2389 651 cogitationibus
2422 625 2438 652 ,
2512 592 2675 637 tanta:
2725 583 2997 659 maiestati
3048 585 3548 650 convenientibus,

307 674 614 743 Ἀθηναίων
657 675 891 745 φοϐερὸν
918 716 933 741 ,
988 677 1155 747 μηδὲν
1207 681 1441 746 φευκτὸν
1485 680 1615 733 ἄνευ
1664 680 1864 732 αὐτῶν.

298 767 500 829 Μόνοις
530 766 746 829 τούτοις
787 768 997 831 πάντας
1034 770 1148 822 δεῖν
1178 770 1467 840 πρωτείων
1503 772 1719 833 πάντως
1763 788 1869 823 πα-

304 861 572 927 ραχωρεῖν
605 859 699 912 ἐπὶ
730 859 841 912 τῶν
867 861 1131 924 ἁπάντων
1153 878 1167 894 ⁸
1206 863 1305 915 καὶ⁵
1332 863 1462 925 τοὺς
1493 861 1653 916 τοῦτο
1692 862 1867 933 πράτ-

296 966 489 1013 τοντας
518 951 789 1021 μηδαμῶς
817 953 1199 1023 αίσχύνεσθαι.
1228 954 1293 1007 Τί
1321 955 1429 1025 χρὴ
1458 956 1627 1007 πολλὰ
1655 955 1868 1022 λέγεινς

296 1043 476 1113 Σεμνὰ
513 1043 615 1112 μὲν
646 1044 824 1099 πάντα
852 1046 919 1100 τὰ
948 1045 1197 1115 ἄκοσμα,
1227 1046 1418 1118 κέρδος
1446 1046 1503 1100 δὲ
1535 1046 1741 1118 ζημίαν
1769 1049 1873 1102 πᾶ-

297 1151 393 1187 σαν
418 1134 693 1205 ἐνόμιζεν,
721 1137 773 1190 εί
800 1137 906 1200 σῶς
933 1138 1400 1209 ὲπαναστρέψειεν
1424 1139 1605 1194 οίκαδε
1628 1155 1644 1173 ·
1671 1138 1870 1194 οὔκουν

296 1226 668 1295 ἠρυθρίασεν,
719 1228 908 1298 ἕτερος
965 1231 1315 1286 παντάπασιν
1364 1232 1424 1296 ἐξ
1475 1232 1638 1287 ἄλλου
1692 1232 1869 1303 πάντη

297 1317 646 1382 φαινόμενος.
692 1316 814 1369 Οὐδ’
843 1319 1033 1386 ἠγεῖτο
1073 1320 1344 1390 χαλεπὸν,
1391 1322 1441 1375 εί
1482 1321 1658 1392 ὁρῷτο
1703 1324 1872 1392 χείρω

298 1405 523 1471 πάσχων
567 1408 814 1471 ἐκείνων,
867 1408 903 1463 θ.
951 1412 1136 1481 μικρῷ
1184 1412 1420 1483 πρόσθεν
1471 1414 1687 1483 ἠπείλει
1736 1418 1870 1482 τοῖς,

298 1497 385 1564 ὑφ’
420 1494 497 1550 ὧν
553 1500 704 1553 ταῦτ’
740 1501 972 1571 ἔπασχε.
1028 1504 1222 1558 Καίτοι
1272 1507 1325 1558 τί
1382 1506 1503 1559 ποτ’
1539 1507 1606 1561 ἂν
1659 1509 1871 1577 αἴσχιον

297 1590 469 1669 είποις
526 1592 626 1661 τῆς
702 1591 876 1653 οὔτως
937 1597 996 1658 ἐς
1064 1596 1236 1668 ἄκρον
1303 1598 1640 1670 μεταϐολῆς,
1698 1599 1873 1665 οὕτως

296 1666 494 1750 ἀθρόον
542 1685 959 1754 γεγενημένης;
991 1666 1153 1754 Γένος
1188 1666 1479 1758 βατράχων
1532 1666 1761 1760 μηδενὸς
1788 1691 1873 1744 δει-

296 1771 617 1841 διττομένου
665 1775 767 1829 οὐκ
813 1777 871 1838 ἐς
921 1778 1086 1847 βυθὸν
1135 1781 1513 1847 καταδύονται,
1548 1780 1624 1847 ώς
1664 1786 1874 1854 ἀφανι-

299 1862 491 1931 σθῆναι
521 1869 633 1929 τοῖς
664 1868 953 1937 τέλμασιν.
984 1865 1151 1934 Οὗτος
1181 1871 1238 1925 δὲ
1271 1873 1531 1943 ἠνέσχετο
1561 1876 1810 1947 πάσχων,
1844 1880 1872 1930 ὀ

301 1956 492 2026 μηδενὶ
530 1957 641 2011 τῶν
689 1959 917 2013 πώποτε
966 1964 1355 2033 γεγενημένων
1403 1965 1709 2038 ἀνθρώπων
1750 1970 1873 2034 ταῖς

298 2049 429 2120 παρ’
472 2050 671 2103 ἑαυτοῦ
717 2053 1042 2118 φαντασίαις
1086 2053 1460 2124 ἐξισούμενος,
1504 2059 1642 2129 ὅπερ
1681 2060 1792 2113 οὐδ’
1820 2061 1872 2113 οί

299 2142 517 2201 πτῶκες
567 2137 853 2193 ποιοῦσιν·
904 2139 1158 2208 ἔφευγεν,
1208 2142 1455 2213 ἔτρεχεν,
1498 2145 1601 2198 ούκ
1650 2145 1872 2214 ἠρέμει,

302 2231 438 2301 μηδὲ
468 2232 560 2286 τὸν
589 2232 857 2286 διώκοντα
887 2231 1122 2303 βλέπων,
1151 2234 1185 2304 ἢ
1214 2236 1373 2289 σκιὰν
1406 2236 1546 2306 ὁρῶν
1577 2238 1811 2300 ἐκείνου.
1838 2239 1871 2309 ἢ

299 2322 487 2388 φωνῆς
537 2323 674 2385 ὅλως
732 2321 971 2376 ἀκούων.
1030 2325 1190 2388 Ἴσως
1237 2342 1300 2393 γε
1359 2329 1734 2397 παρεμυθεῖτο
1782 2329 1876 2381 τὶν

301 2410 597 2481 ἄνθρωπον
627 2412 802 2465 ταῦτα
836 2413 1136 2482 πάσχοντα,
1168 2407 1323 2484 οἶμαι
1350 2415 1405 2469 δὲ
1438 2419 1534 2470 καὶ
1561 2417 1874 2489 προῦτρεπε

296 2503 434 2576 προς
470 2503 570 2572 τὴν
610 2503 1019 2575 ἀνυπέρϐλητόν
1054 2522 1112 2559 τε
1142 2504 1237 2559 καὶ
1266 2506 1657 2577 άπαράὁλητον
1685 2509 1877 2579 ἐκτρο-

296 2596 427 2662 πὴν,
456 2595 517 2646 τὸ
564 2595 693 2657 τοὺς
750 2594 1356 2665 συναλαζονευομένους
1408 2597 1558 2668 αὐτῷ
1608 2599 1876 2670 πρότερον

294 2683 416 2735 τότε
462 2685 887 2755 συμφεύγοντας
916 2687 1048 2758 ὁρᾷν
1072 2687 1224 2741 οὐδὲν
1256 2687 1471 2742 ἐκείνου
1508 2688 1873 2760 σχολαίτερον.

297 2776 528 2830 Πάντων
562 2778 669 2845 γὰρ
713 2778 996 2848 προύργου
1031 2781 1259 2848 γέγονεν
1295 2781 1481 2845 αὐτοῖς
1516 2783 1549 2851 ή
1600 2783 1739 2853 πρὸς
1782 2784 1877 2837 τὸν

295 2865 445 2921 οἷκον
486 2870 767 2933 ἐπάνοδος.
801 2870 1019 2941 Ταύτης
1050 2872 1150 2926 οὐκ
1201 2872 1268 2927 ἂν
1315 2872 1587 2943 ἠλλάξατο
1620 2874 1878 2944 βασιλεὺς

297 2962 408 3013 τύδ’
446 2955 524 3013 ὧν
550 2965 721 3031 χωρὶς
747 2962 848 3015 οὐκ
878 2963 943 3017 ἂν
966 2961 1120 3033 ήξίου
1150 2964 1211 3018 τὸ
1243 2966 1375 3035 πρὶν
1414 2965 1626 3036 βιῶναι.
1657 2966 1875 3040 Ταύτης

297 3053 484 3105 πάντα
527 3051 757 3123 δεύτερα
807 3048 913 3126 ἦγε
960 3054 1058 3108 καὶ
1108 3055 1395 3126 βασιλείαν
1453 3057 1643 3129 αὐτὴν,
1675 3059 1879 3131 κλῆρον

293 3143 663 3208 δικαιότατον,
685 3150 747 3199 ὲκ
777 3148 985 3218 πατρὸς
1013 3146 1164 3221 αύτῷ
1194 3149 1584 3218 κατελθοῦσαν,
1611 3154 1879 3224 μεγίστην
1906 3170 1951 3233 C

291 3233 493 3291 οὖσαν.
546 3238 634 3300 Ὠς
681 3238 788 3309 γὰρ
822 3238 1019 3304 ἔοικεν,
1062 3243 1091 3294 ὀ
1146 3241 1311 3310 φόϐος
1356 3243 1538 3313 ψυχῆς
1588 3247 1876 3316 κρατήσας

291 3329 563 3392 καθάπαξ
619 3329 797 3382 δεινόν
834 3347 887 3383 τι
925 3324 1131 3404 ταύτης
1172 3334 1363 3388 ἐλάσαι
1419 3338 1525 3389 πᾶν
1571 3338 1797 3406 ἀγαθὸν,
1829 3344 1877 3393 εί

294 3419 370 3490 μὴ
399 3422 506 3474 σὺν
534 3421 678 3492 λόγῳ
713 3422 874 3476 τοῦτο
898 3428 1308 3496 προσκτήσαιτο
1334 3428 1412 3497 τῷ
1439 3432 1751 3502 γιγνομένῳ
1784 3434 1878 3487 καὶ

292 3513 592 3583 πρέποντι,
634 3509 756 3568 εἶτα
790 3516 887 3570 καὶ
921 3518 1103 3587 χρόνῳ
1134 3519 1311 3590 τούτῳ
1348 3524 1684 3589 συγγένοιτο.
1722 3525 1778 3587 ὃς
1811 3525 1878 3578 ἂν

290 3592 576 3673 περιόδοις
622 3606 719 3659 καὶ
768 3608 1007 3678 μήκεσιν
1061 3609 1207 3681 αὐτῇ
1253 3628 1317 3679 γε
1355 3612 1512 3667 τοῦτο
1568 3616 1879 3685 προστήξας

292 3697 392 3747 καὶ
424 3695 742 3763 παγιώσας,
778 3697 1155 3769 ἀμετάδλητον
1200 3703 1502 3774 ἀποφήναι.
1537 3707 1725 3759 Πείθει
1768 3708 1876 3760 δει-

295 3782 386 3843 λία
438 3786 703 3853 τρώσασα
756 3789 904 3853 νοῦν,
963 3789 1190 3861 ἀκράτῳ
1243 3791 1399 3862 φόϐῳ
1450 3794 1872 3864 κατασχεθέντα,

296 3876 504 3945 ῥᾳδίως
528 3876 985 3933 άνταλλάττεσθαι
1014 3881 1267 3950 μεγάλων
1300 3881 1397 3935 καὶ
1432 3884 1573 3936 πάνυ
1607 3883 1875 3954 λαμπρῶν

292 3967 484 4032 φαῦλα
522 3969 618 4020 καὶ
670 3969 856 4037 γελοῖα
905 3972 1243 4041 πράγματα,
1278 3975 1391 4026 -καὶ
1439 3974 1508 4027 τὰ
1557 3974 1875 4045 δυσχερείας

294 4056 501 4124 μεστὰ,
528 4060 622 4111 καὶ
658 4061 920 4131 μισητέα,
952 4065 1049 4114 καὶ
1100 4063 1392 4131 βδελυκτέι,
1425 4064 1501 4129 ὡς
1553 4068 1619 4119 τὰ
1666 4068 1876 4131 τούτοις

290 4149 542 4213 ἐναντία,
572 4152 666 4205 σὺν
698 4152 1011 4224 εὐφροσύνῃ
1044 4154 1325 4225 δέχεσθαι,
1366 4155 1504 4227 πρὸς
1542 4157 1711 4226 μόνην
1743 4160 1877 4212 ἀπο-

289 4238 571 4291 ϐλέποντα
597 4239 694 4310 τὴν
726 4241 818 4293 τοῦ
850 4241 1155 4307 λυποῦντος
1183 4243 1530 4314 ἀπαλλαγήν.
1563 4245 1725 4298 Τουτὶ
1773 4265 1878 4300 πα-

289 4327 399 4380 θὼν
442 4329 726 4397 βασιλεὺς,
760 4330 1042 4399 βασιλείαν
1096 4331 1195 4401 μὲν
1241 4332 1412 4403 αὐτὴν
1463 4332 1619 4402 παρὰ
1668 4331 1873 4401 φαῦλον

288 4420 551 4488 θέμενος,
599 4420 659 4472 τὸ
692 4422 1121 4488 προσκυνεῖσθαι
1175 4422 1373 4493 μικρὸν
1419 4423 1748 4493 ἡγούμενος,
1790 4442 1876 4493 μι-

288 4509 429 4576 κροῦ
459 4509 563 4562 καὶ
597 4510 702 4563 ὑπὸ
744 4513 961 4565 πάντων
1007 4512 1177 4565 ἐθνῶν
1219 4516 1352 4584 παρ’
1379 4515 1534 4567 οὐδέν
1568 4533 1619 4567 τι
1665 4515 1876 4583 λογιζό-
1909 4528 1951 4583 Β

292 4617 459 4666 μενος
503 4601 565 4652 τὸ
612 4601 717 4653 ὑπὸ
764 4602 856 4655 τὸν
908 4603 999 4655 ὑπ’
1031 4604 1195 4656 αὐτὸν
1229 4607 1457 4672 μονονοὺ
1504 4606 1600 4659 καὶ
1642 4606 1730 4659 ίσα
1755 4607 1876 4677 Θεῷ

186 4754 192 4758 η
289 4691 741 4760 θεραπεύεσθαι,
793 4694 997 4763 ἑορτῶν
1038 4712 1099 4747 τε
1156 4696 1431 4767 ἀλογήσας
1486 4698 1581 4749 καὶ
1625 4698 1877 4767 πανηγύ-

291 4797 463 4848 ρεων,
522 4776 609 4843 αἷς
673 4782 886 4854 ἔχαιρε,
938 4783 1192 4853 βασίλειά
1242 4802 1301 4838 τε
1364 4786 1460 4838 καὶ
1514 4787 1736 4857 λουτρὰ,
1783 4787 1876 4840 καὶ

188 4904 193 4909 ι
287 4871 668 4939 παραδείσους
722 4874 968 4938 ἐκείνους
1019 4876 1299 4946 περιιδὼν,
1332 4877 1367 4931 ἃ
1401 4879 1497 4930 καὶ
1544 4880 1637 4932 τοῦ
1672 4882 1873 4944 παντὸς

290 4962 602 5032 προετίμα,
646 4958 799 5034 οἶμαι
829 4965 886 5017 δὲ
914 4967 1010 5018 καὶ
1039 4969 1216 5038 νήσων
1244 4969 1488 5036 ἐκείνων,
1520 4970 1585 5032 ἃς
1621 4972 1733 5035 τοῖς
1773 4974 1874 5040 μά-

288 5069 500 5122 καρσιν
532 5054 837 5126 ἀπένειμαν
868 5059 917 5110 οί
947 5058 1069 5110 τότε
1098 5058 1528 5130 παραπαίοντες,
1557 5062 1872 5129 άσφοδελῶν

286 5162 344 5196 τε
378 5146 700 5213 λειμώνων,
739 5148 836 5201 καὶ
878 5149 1133 5203 Ἠλυσίου
1185 5152 1393 5215 πεδίου,
1422 5154 1515 5206 καὶ
1553 5154 1663 5207 τῶν
1696 5155 1873 5207 τοιού-

186 5264 203 5275 -
285 5252 398 5287 των
466 5237 756 5305 ἁπάντων,
817 5241 917 5309 τὴν
977 5242 1188 5295 ἰδιώτου
1252 5246 1447 5311 μοῖραν
1502 5245 1715 5317 ἐπῄνει,
1778 5247 1872 5298 καὶ

288 5328 554 5394 στέργειν
599 5329 815 5398 ἕτοιμος
859 5327 928 5400 ἦν
974 5333 1234 5399 δουλείαν,
1281 5336 1376 5385 καὶ
1427 5335 1605 5387 πάντα
1657 5340 1871 5406 φέρειν,

289 5420 458 5483 μόνον
488 5420 541 5470 εί
569 5419 818 5481 σώζοιτο.
857 5422 1031 5475 Λίθων
1060 5423 1118 5477 δὲ
1150 5428 1376 5477 ἐκείνων
1410 5427 1520 5479 τῶν
1551 5430 1759 5482 πολλῶν
1808 5449 1868 5483 τε

288 5511 385 5563 καὶ
414 5511 628 5577 καλῶν,
659 5514 753 5565 καὶ
786 5516 1064 5584 μεγάλων,
1097 5514 1177 5580 οἷς
1218 5521 1579 5589 ἐκεκόσμητο,
1613 5524 1703 5573 καὶ
1739 5525 1871 5575 πλα-

285 5606 454 5653 τένου
500 5605 601 5671 τῆς
641 5605 873 5674 χρυσῆς,
911 5609 1006 5659 καὶ
1050 5608 1113 5677 δὴ
1151 5612 1243 5661 καὶ
1281 5611 1448 5678 τύφου
1505 5613 1704 5675 παντὸς
1755 5616 1873 5666 ἑπιὲ

287 5690 650 5761 λελησμένος,
710 5698 995 5765 ἠσπάζετό
1042 5716 1099 5751 τε
1161 5702 1372 5767 πενίαν,
1437 5705 1530 5755 καὶ
1589 5706 1869 5772 προύτίθει

290 5786 587 5854 σχήματος
625 5790 787 5856 μόνον
831 5792 931 5843 ούκ
981 5792 1285 5846 ἀθανασίαν
1329 5793 1475 5863 αύτῴ
1508 5798 1866 5865 παρέχοντος.

1970 675 2287 739 destitutus,
2310 686 2669 755 praeterquam
2693 677 2835 746 quod
2862 677 3062 731 nullius
3088 692 3208 731 eum
3226 677 3300 731 rei
3326 677 3551 745 puderet

1974 781 2072 817 nec
2108 766 2335 834 periculi
2364 767 2663 836 quidquam
2691 773 2754 819 ad
2782 766 3027 821 animum
3063 769 3354 822 revocabat
3388 784 3400 820 :
3438 785 3546 839 non

1974 856 2178 925 ignem,
2220 872 2326 911 non
2379 856 2543 921 feras,
2603 872 2707 910 non
2764 857 2996 922 ruinam,
3048 873 3156 912 non
3192 874 3550 924 cenum,nou

1973 951 2279 1019 scopulum,
2308 966 2415 1005 non
2454 952 2781 1021 praecipitem
2802 953 3005 1017 locum,
3037 968 3144 1006 non
3187 953 3407 1019 famem,
3440 971 3548 1008 non

1974 1044 2144 1109 ipsam
2196 1041 2495 1097 infamiam.
2539 1043 2733 1098 Omnia
2790 1045 3017 1100 molesta
3072 1060 3170 1113 pro
3216 1044 3377 1111 festo,
3432 1049 3551 1102 dira

1976 1150 2073 1203 pro
2104 1133 2354 1188 ludorum
2390 1135 2701 1211 celebritate
2724 1136 2993 1203 ducebat;
3034 1138 3167 1191 nihil
3210 1138 3260 1193 ei
3289 1138 3551 1192 lormida-

1974 1224 2101 1289 bile,
2126 1233 2325 1293 praeter
2347 1224 2704 1281 Athenienses
2728 1244 2743 1291 ;
2767 1226 2901 1280 nihil
2923 1227 3166 1296 exceptis
3190 1227 3315 1293 illis,
3342 1226 3553 1298 fugien-

1972 1316 2099 1367 dum
2141 1332 2153 1367 :
2194 1314 2278 1368 his
2319 1315 2453 1368 solis
2485 1329 2675 1369 omnes
2719 1316 2944 1369 omnino
2977 1317 3176 1370 debere
3229 1318 3455 1385 primas,
3497 1319 3553 1371 in

1976 1404 2139 1457 rebus
2168 1404 2445 1468 omnibus,
2484 1405 2818 1472 concedere;
2851 1422 2949 1461 nec
2994 1408 3045 1460 id
3086 1407 3412 1463 facientibus
3442 1409 3553 1462 ullo

1978 1484 2136 1549 modo
2167 1494 2359 1563 pudori
2390 1509 2510 1550 esse
2538 1511 2717 1563 posse.
2740 1497 2880 1562 Quid
2908 1498 3093 1552 multis
3114 1513 3252 1567 opus
3281 1499 3403 1552 est?
3432 1515 3554 1552 om-

1978 1588 2067 1640 nia
2101 1587 2355 1641 indecora
2383 1602 2480 1656 pro
2513 1588 2776 1649 honestis,
2801 1604 2965 1642 omne
2994 1589 3252 1642 damnum
3282 1604 3376 1657 pro
3399 1589 3553 1643 lucro

1980 1676 2258 1745 ducebat;
2292 1678 2451 1731 modo
2478 1677 2663 1731 salvus
2689 1677 2910 1731 domum
2948 1685 3331 1731 reverteretur.
3366 1676 3555 1743 Itaque

1977 1783 2087 1821 non
2114 1767 2489 1828 erubescebat,
2522 1768 2667 1836 quod
2689 1766 2853 1820 alium
2895 1782 3118 1836 prorsus
3150 1781 3227 1848 ex;
3258 1766 3363 1820 alio
3389 1781 3447 1820 se
3475 1767 3556 1819 fa-

1905 1832 1946 1888 Β
1974 1868 2123 1913 ctum
2155 1859 2499 1924 ostenderet;
2528 1832 2630 1913 nec
2659 1873 2820 1929 grave
2844 1832 3085 1927 putabat,
3118 1859 3162 1913 si
3195 1836 3473 1911 hominum
3495 1857 3554 1911 in

1976 1951 2149 2006 oculis
2176 1951 2339 2005 etiam
2374 1951 2645 2005 deteriora
2682 1959 2976 2021 pateretur,
3010 1966 3171 2018 quam
3220 1966 3339 2019 qua:
3392 1951 3555 2020 paulo

1978 2054 2103 2096 ante
2126 2043 2436 2098 minabatur
2460 2044 2549 2108 iis,
2575 2057 2601 2096 a
2626 2045 2827 2114 quibus
2849 2044 2962 2097 hmc
2981 2044 3308 2113 patiebatur.
3335 2044 3403 2096 At
3427 2059 3554 2097 vero

1977 2134 2107 2202 quid
2140 2134 2244 2189 dici
2301 2135 2514 2204 turpius
2565 2135 2667 2189 hac
2716 2136 3016 2189 mutatione
3071 2138 3241 2205 possit
3285 2146 3553 2202 extrema,

1979 2236 2085 2280 tam
2122 2228 2301 2281 sttbito
2329 2226 2508 2281 facta?
2537 2225 2721 2292 Ranze,
2751 2229 2794 2282 si
2824 2228 2968 2281 nulla
3000 2244 3085 2282 res
3108 2236 3371 2284 terrorem
3402 2231 3555 2286 incn-

1978 2318 2095 2381 tiat,
2128 2317 2179 2370 in
2206 2317 2373 2373 altum
2414 2333 2471 2372 se
2498 2333 2603 2375 non
2633 2319 2974 2389 demergunt,
3011 2332 3068 2376 ut
3105 2322 3302 2376 abditre
3356 2322 3553 2392 palude

1979 2423 2246 2477 nusquam
2267 2419 2584 2479 appareant.
2615 2408 2711 2463 Hic
2744 2424 2893 2475 vero,
2917 2412 3013 2481 qui
3048 2413 3179 2467 nulli
3218 2414 3551 2480 mortalium,

1978 2500 2069 2568 qui
2107 2517 2345 2571 unquam
2371 2502 2719 2568 exstiterunt,
2745 2504 3230 2575 imaginationibus
3248 2523 3310 2561 ex
3336 2522 3394 2562 se
3420 2522 3555 2562 con-

1977 2594 2147 2661 Ceptis
2175 2607 2271 2661 par
2300 2602 2437 2659 erat,
2472 2595 2524 2648 id
2570 2594 2750 2650 facere
2792 2597 3074 2662 sustinuit,
3113 2601 3254 2668 quod
3292 2617 3358 2656 ne
3401 2602 3553 2671 lepo-

1981 2696 2067 2739 res
2091 2685 2310 2754 quidem
2354 2687 2585 2753 faciunt,
2639 2686 2901 2758 fugiebat,
2937 2693 3213 2757 currebat,
3252 2709 3359 2749 non
3391 2696 3549 2765 quie-

1981 2775 2189 2841 scebat,
2208 2792 2330 2831 cum
2348 2793 2445 2833 nec
2467 2791 2881 2850 persequentem
2901 2794 3168 2848 cerneret,
3184 2800 3284 2839 nec
3301 2787 3551 2845 umbram

1980 2867 2098 2937 ejus
2156 2869 2382 2934 videret,
2440 2880 2533 2943 aut
2568 2886 2756 2926 vocem
2796 2872 2959 2926 ullam
3015 2874 3245 2930 audiret.
3295 2874 3552 2934 Fortasse

1981 2960 2365 3017 consolabatur
2413 2962 2689 3016 hominem
2761 2962 2875 3017 haec
2928 2965 3334 3032 perferentem,
3388 2979 3552 3036 atque

1980 3052 2143 3107 etiam
2175 3053 2458 3122 incitabat,
2500 3053 2685 3119 credo,
2716 3056 2781 3109 ad
2816 3072 3089 3113 summam
3119 3066 3172 3112 et
3209 3058 3553 3129 incompara-

1986 3146 2147 3201 bilem
2175 3146 2312 3201 hanc
2342 3146 2654 3213 insaniam';
2691 3148 2832 3217 quod
2857 3163 2972 3215 eos,
3007 3164 3144 3217 quos
3183 3160 3342 3206 antea
3371 3154 3550 3208 socios

1981 3233 2251 3290 habuerat
2282 3236 2635 3303 arrogantiae,
2666 3252 2808 3290 nunc
2830 3238 2998 3292 nihilo
3025 3254 3083 3293 se
3110 3241 3387 3310 segniores
3414 3243 3553 3312 fugae

1980 3325 2161 3379 socios
2196 3326 2557 3395 conspiceret.
2589 3325 2722 3379 Nam
2770 3327 2906 3381 nihil
2952 3329 3032 3382 eis
3082 3340 3199 3384 erat
3245 3333 3547 3401 antiquius.

1979 3433 2141 3487 quam
2176 3417 2253 3470 uti
2286 3417 2507 3472 domum
2535 3417 2799 3483 redirent.
2830 3416 2965 3475 Cum
2992 3421 3097 3476 hac
3123 3424 3435 3480 reversione
3457 3442 3553 3481 rex

1980 3524 2082 3563 nec
2125 3509 2216 3563 illa
2249 3519 2660 3578 commntasset,
2694 3506 2904 3582 absque
2934 3515 3133 3583 quibus
3162 3526 3319 3571 antea
3363 3534 3431 3573 ne
3472 3520 3554 3572 vi-

1978 3615 2106 3656 vere
2150 3601 2368 3670 quidem
2410 3604 2694 3659 voluisset.
2748 3605 2885 3660 Huic
2933 3607 3116 3663 omnia
3159 3612 3550 3679 postponebat,

1980 3692 2271 3763 ipsumque
2324 3694 2459 3748 adeo
2490 3710 2744 3764 regnum,
2777 3699 2904 3767 jure
2936 3699 3175 3755 debitum
3204 3702 3251 3755 ei
3286 3704 3550 3771 patrimo-

1980 3784 2155 3850 nium,
2191 3785 2334 3854 quod
2367 3786 2762 3857 amplissimum
2803 3806 2831 3843 a
2864 3799 3016 3860 patre
3051 3805 3355 3863 acceperat.
3386 3795 3556 3854 Nimi-
3608 3794 3611 3799 ’

1982 3894 2101 3931 rum
2135 3887 2332 3944 metus,
2362 3880 2440 3933 uti
2485 3880 2719 3948 videtur,
2755 3883 2801 3938 si
2835 3886 3003 3939 semel
3048 3887 3291 3942 animum
3321 3902 3555 3961 occupa-

1979 3967 2137 4029 verit,
2171 3967 2546 4023 admirabilem
2579 3970 2682 4023 vim
2734 3971 2893 4025 habet
2922 3988 2990 4026 ex
3034 3990 3098 4028 eo
3130 3977 3358 4042 pellendi
3390 3987 3554 4033 autne

1982 4058 2223 4123 bonum;
2262 4059 2314 4111 in
2343 4068 2708 4115 consentanea
2745 4065 3077 4133 decenteque
3107 4068 3314 4121 ratione
3342 4069 3395 4123 id
3435 4074 3554 4125 ani-

1980 4162 2104 4201 mus
2121 4147 2390 4217 acquirat,
2416 4147 2576 4217 eique
2598 4158 2811 4221 tempus
2838 4154 2903 4207 ad
2936 4156 3154 4224 aliquod
3186 4160 3325 4213 adsit
3360 4176 3372 4211 :
3406 4164 3550 4231 qnutl

1982 4238 2072 4293 ubi
2118 4238 2310 4308 spatiis
2348 4240 2672 4310 quihusdam
2721 4243 3199 4314 intercedentibus,
3233 4254 3415 4304 animo
3460 4256 3553 4308 bo-

1981 4347 2106 4385 num
2140 4332 2318 4401 ipsum
2351 4331 2611 4400 inﬁxerit,
2643 4336 2986 4408 solidumque
3022 4339 3211 4397 iecerit
3235 4384 3252 4409 ,
3289 4345 3548 4402 itnmuta-
3578 4404 3583 4409 ,

1980 4422 2085 4475 bile
2116 4422 2382 4478 redditur.
2416 4422 2726 4493 Trepidatio
2773 4428 2818 4481 si
2874 4440 3109 4485 mentem
3158 4437 3546 4502 vulneraverit,

1982 4507 2273 4568 immodica
2307 4526 2609 4584 correptam
2644 4516 2958 4582 formidine,
2986 4520 3129 4576 facili
3152 4539 3271 4578 eam
3303 4540 3551 4583 momen-

1983 4614 2038 4657 to
2070 4604 2317 4673 impellit,
2348 4616 2409 4659 ut
2444 4622 2566 4661 cum
2604 4611 2812 4677 magnis
2839 4619 2893 4665 et
2931 4613 3087 4666 valde
3123 4615 3420 4683 splendidis
3467 4614 3552 4672 re;

1982 4695 2085 4749 bus
2141 4697 2267 4750 vilia
2302 4696 2641 4767 ridiculaque
2670 4711 3005 4768 commutet;
3038 4719 3100 4758 ac
3132 4706 3287 4774 plena
3324 4707 3552 4763 diliirul-

1981 4785 2127 4851 tatis,
2163 4785 2394 4855 odioque
2443 4795 2497 4841 et
2539 4792 2913 4845 exsecratione
2946 4795 3127 4861 digna,
3177 4798 3336 4851 veluti
3375 4802 3416 4852 si
3467 4800 3552 4852 his

1978 4879 2252 4932 contraria
2304 4878 2481 4933 forent
2514 4894 2637 4933 cum
2677 4884 2971 4951 voluptate.
3004 4887 3173 4940 solam
3206 4891 3441 4944 molestre
3474 4895 3550 4946 rei

1980 4971 2440 5041 prepnlsationem
2477 4986 2751 5041 spectans.
2781 4977 3064 5047 suscipiat.
3099 4979 3210 5034 lloc
3252 4999 3371 5035 eum
3426 4986 3551 5037 huic

1948 5076 2197 5131 ‘quoque
2227 5065 2335 5133 regi
2372 5064 2679 5125 accidisset,
2709 5083 2936 5137 regnum
2969 5071 3142 5137 ipsum
3186 5073 3546 5141 vilipendens,

1979 5156 2353 5208 adorationem
2387 5156 2764 5225 parvil‘aciens,
2794 5177 2899 5228 qua
2932 5176 3097 5229 prope
3122 5165 3334 5219 cunctis
3362 5182 3389 5217 a
3420 5182 3549 5232 gen-

1980 5247 2127 5299 tibus
2175 5248 2496 5314 colebatur;
2554 5264 2652 5318 pro
2684 5250 2853 5304 nihilo
2910 5253 3134 5318 ducens,
3187 5258 3331 5324 quod
3370 5258 3487 5309 suis
3518 5275 3545 5309 a

1977 5339 2210 5391 subditis
2254 5340 2301 5392 ei
2341 5338 2519 5393 cultus
2576 5355 2739 5408 prope
2785 5341 2968 5393 divino
3014 5358 3112 5410 par
3143 5345 3543 5407 exhiberetur;

1978 5430 2232 5497 neglectis
2250 5440 2301 5481 ct
2323 5429 2760 5482 solemnitatibus
2773 5439 2825 5483 et
2842 5431 3088 5483 ludorum
3112 5432 3545 5492 celebritatibus.

1975 5519 2178 5588 quibus
2201 5520 2400 5588 alioqui
2427 5520 2818 5584 delectabatur,
2846 5523 3130 5592 regiasque
3159 5540 3284 5580 cum
3314 5528 3545 5584 lavacrEs

1975 5611 2323 5679 etparadisis
2357 5621 2697 5680 aspernatus,
2754 5628 2875 5679 quae
2926 5617 3100 5671 cuivis
3156 5619 3230 5672 rei
3291 5620 3546 5688 praeferre

1973 5703 2221 5765 solebat;
2276 5703 2536 5773 itemque,
2582 5720 2699 5759 mea
2743 5722 2874 5761 sane
2911 5713 3188 5779 opinione,
3226 5713 3345 5767 illas
3394 5715 3545 5781 ipsas

1976 5798 2204 5863 insulas,
2237 5811 2374 5866 quas
2402 5811 2590 5851 eorum
2612 5804 2913 5869 temporum
2927 5802 3084 5857 deliri
3105 5806 3353 5861 homines
3375 5807 3546 5862 beatis
