3850 6200
323 239 423 308 ιοι

1735 246 2019 309 ORATIO
2054 250 2105 315 Ῑ.

3443 248 3562 309 [02‘

325 355 575 428 ὑϐρίζειν,
614 353 813 427 ῥᾳδίως
853 359 991 412 οῐσει
1016 356 1113 412 καὶ
1142 357 1345 413 δούλων
1391 357 1726 429 σκώμματα.
1756 358 1867 412 Καὶ

1983 356 2215 426 Cumque
2288 356 2436 427 regia
2524 356 2785 427 dignitate
2837 358 3097 428 praeditus
3149 367 3324 425 esset,
3381 373 3559 427 eaque

324 450 383 520 δὴ
421 448 515 502 καὶ
543 447 701 511 οὗτος
751 448 1033 518 βασιλεὺς,
1057 450 1303 512 τοιοῦτος
1359 450 1460 519 μὲν
1505 451 1565 503 τὸ
1595 450 1751 518 γένος
1777 448 1874 512 ὢν,

325 542 527 609 καὶτῆς
569 540 647 603 ὡς
684 542 902 608 ἀληθῶς
948 543 1198 607 παιδείας
1238 544 1526 613 ἀμέτοχος,
1563 541 1731 613 μόνης
1775 541 1877 611 τῆς

320 630 608 701 ἐπιθυμίας
626 631 723 686 τοῦ
748 631 1016 698 σώζεσθαι
1035 632 1297 701 γεγονὼς,
1317 631 1387 685 τὰ
1412 632 1640 688 τοιαῦτα
1666 632 1879 702 χαλεπὰ

322 720 608 789 νενοσήκει,
656 722 750 774 καὶ
790 720 1173 776 έναντιώσεσιν
1225 726 1424 788 ἄκραις
1478 721 1875 777 ἐνεπεπτώκει.

320 803 385 881 Ἥ
436 811 546 880 γὰρ
594 812 695 866 οὒκ
744 808 817 883 ἦν
872 815 1085 885 βιωτὸν,
1134 817 1181 868 si
1236 815 1311 886 μὴ
1368 816 1728 886 δωροφοροῑτο
1782 815 1881 867 καὶ

320 900 691 966 προσκυνοὴο,
718 902 873 971 παρά
913 921 973 956 τε
1007 905 1119 957 τῶν
1169 904 1597 973 ἀστυγειτόνων,
1631 905 1726 958 καὶ
1768 904 1891 957 τῶν.

317 988 471 1042 αὑτοῦ
498 989 743 1055 πάντων,
772 992 883 1049 τῶν
912 1011 970 1047 τε
998 995 1162 1065 πέριξ
1192 996 1290 1065 τῆς
1326 995 1607 1065 Περσίδος,
1641 997 1738 1049 καὶ
1767 995 1879 1051 τῶν

317 1080 649 1148 πορρωτάτω
719 1083 1047 1151 καθημένων
1105 1086 1315 1150 ἐθνῶν,
1367 1083 1524 1151 οὗτος
1581 1089 1746 1150 αὐτὸς
1812 1090 1877 1159 δὴ

315 1169 619 1236 γυμνωθεὶς
656 1170 735 1240 τῷ
775 1174 1001 1245 πολέμῳ
1048 1176 1251 1243 πάσης,
1296 1177 1373 1240 ὡς
1410 1181 1608 1243 εἰπεῖν,
1639 1182 1739 1246 τῆς
1785 1181 1879 1233 ού-

317 1260 445 1324 σίας,
493 1262 674 1317 ἔπειθ’
725 1264 866 1319 ἑκὼν
919 1266 1230 1322 ἀπεϐάλετο
1276 1269 1418 1323 ὅπλα
1473 1285 1533 1323 τε
1580 1272 1764 1325 έκείνα
1810 1273 1881 1326 τὰ

313 1353 557 1425 λαμπρὰ,
603 1358 699 1409 καὶ
738 1356 1027 1427 βασιλικὴν
1077 1360 1293 1428 σκευὴν,
1326 1359 1565 1423 ἅπασαν,
1612 1359 1688 1421 ὥς
1738 1356 1879 1415 εἶναι

312 1444 470 1515 ταύτῃ
496 1446 851 1518 κουφότερος,
884 1450 982 1502 καὶ
1022 1451 1152 1521 ῥᾷον
1196 1450 1460 1505 δύνασθαι
1490 1452 1756 1523 φέρεσθαι
1792 1452 1880 1521 ἐφ’

313 1534 518 1600 ἳππων,
576 1538 720 1604 μάλα
774 1540 973 1610 κομιδῇ
1040 1542 1585 1614 ταλαιπωρησὺτων
1644 1545 1881 1616 συντόνῳ

1983 448 2205 514 faceret,
2236 465 2357 517 qum
2384 450 2467 505 vel
2501 452 2829 523 mancipium
2866 453 3084 521 aliquod
3111 453 3315 522 pudore
3346 466 3554 520 praepes-

1982 541 2158 597 ditum
2211 557 2320 597 non
2361 543 2726 599 commisisset
2782 562 2799 612 ',
2846 547 3221 615 prodigiosum
3277 545 3548 615 quoddam

1981 642 2287 688 monstrum
2310 647 2431 689 esse
2459 636 2765 693 videbatur.
2803 637 2937 692 Nam
2969 638 3112 707 quod
3167 642 3253 692 vir
3290 638 3376 691 hic
3436 651 3557 690 mo-

1979 726 2136 791 dum,
2159 740 2259 781 ceu
2285 741 2382 794 par
2408 736 2513 793 est,
2547 729 2828 797 amplecti,
2887 730 3085 800 suique
3130 731 3397 784 rationem
3449 728 3553 783 ha-

1980 814 2132 877 bere.
2170 832 2467 887 numquam
2502 818 2788 875 didicisset
2822 836 2837 874 :
2874 820 2943 875 de
2994 823 3253 891 superbia
3307 822 3552 893 petulan-

1982 905 2168 975 tiaque
2196 921 2411 963 summa
2435 923 2707 963 summam
2761 910 2829 965 ad
2863 911 3245 980 abjectionem,
3270 915 3550 981 mancipiis

1979 998 2413 1063 convenientem,
2445 1014 2571 1055 cum
2606 998 2872 1056 dedecore
2903 1002 3250 1056 exorbitavit.
3287 1001 3361 1058 Ita
3390 1005 3555 1073 quid-

1980 1087 2110 1156 quid
2135 1088 2425 1143 barbarum
2452 1097 2507 1143 et
2546 1102 2739 1157 expers
2765 1096 2849 1142 est
2892 1088 3182 1153 doctrinae,
3236 1089 3282 1144 si
3324 1105 3550 1159 prospe-

1980 1175 2142 1229 ritate
2167 1174 2405 1241 frnatur,
2471 1177 2871 1232 intolerabilem
2906 1176 2959 1231 in
3014 1178 3231 1233 modum
3274 1195 3401 1249 erga
3449 1182 3553 1233 hu-

1982 1266 2225 1321 miliores
2256 1283 2317 1323 se
2343 1269 2501 1337 gerit,
2530 1270 2618 1323 sin
2646 1270 2737 1324 ille
2765 1270 2922 1339 quasi
2960 1270 3083 1326 fons
3116 1271 3421 1326 insolentia:
3451 1272 3555 1324 de-

1980 1355 2246 1423 bilitetur,
2266 1359 2351 1414 vel
2382 1361 2778 1431 mancipiorum
2814 1362 3047 1417 ludibria
3075 1363 3239 1417 facile
3276 1361 3435 1416 feret.
3464 1362 3555 1416 Sic

1980 1456 2039 1503 et
2068 1448 2169 1504 iste
2185 1462 2303 1516 rex,
2329 1450 2420 1505 tali
2445 1461 2745 1522 prognatus
2760 1467 2981 1523 genere,
3014 1468 3268 1524 veraeque
3288 1454 3557 1509 doctrinae

1968 1539 2231 1611 ignarus,
2250 1539 2519 1599 duntaxat
2550 1542 2945 1599 incolumitatis
2974 1545 3162 1600 studio
3193 1545 3414 1608 ductus,
3443 1552 3549 1599 tam

309 1625 499 1694 δρόμῳ.
534 1623 612 1680 'll
654 1629 756 1681 πού
790 1646 853 1696 γε
899 1634 995 1684 καὶ
1028 1631 1229 1695 ὄνειδος
1277 1634 1586 1702 ὑπήνεγκεν
1631 1634 1877 1706 εὐχερῶς

1983 1631 2239 1701 gravibus
2268 1633 2533 1691 laboravit
2555 1634 2721 1700 vitiis,
2753 1645 2807 1691 et
2832 1637 2895 1691 in
2932 1647 3176 1692 extreme
3225 1636 3549 1692 dissidentia

311 1719 451 1786 παρὰ
476 1718 592 1770 τῶν
616 1720 805 1780 αὑτοῦ,
841 1721 921 1785 είς
954 1721 1045 1784 οὓς
1068 1724 1175 1776 οὐδ’
1208 1724 1273 1777 ἂν
1298 1724 1453 1792 ἠξίου
1484 1725 1695 1795 συχνῶς
1723 1727 1876 1797 όρᾷν,

312 1811 640 1879 βεΰλημένος
699 1812 803 1865 ύπδ
862 1813 960 1866 τοῦ
1013 1804 1206 1883 τύφου.
1246 1814 1405 1869 Οὕτω
1448 1833 1566 1879 πως
1619 1816 1767 1888 αύτῷ
1810 1820 1883 1872 τὰ

312 1900 433 1971 πρὶν
456 1903 544 1965 είς
571 1904 884 1958 τούναντίον
925 1906 1354 1974 ἀντέστραπται.
1387 1907 1460 1959 To
1493 1907 1599 1976 γὰρ
1647 1910 1777 1979 περὶ
1813 1912 1880 1981 τῇ

309 1996 453 2066 ψυχῇ
471 1996 710 2049 δεδιέναι
737 1997 978 2051 τοιοῦτον
1004 1997 1295 2068 ἄνθρωπον
1324 1998 1453 2051 ὄντα
1476 1998 1662 2052 ἔπειθε
1692 2000 1881 2068 φέρειν

307 2088 491 2155 ἡδέως,
523 2088 555 2139 ὃ
584 2105 637 2139 τι
664 2087 730 2142 ἂν
760 2089 1039 2158 ένθυμηθῇ
1070 2105 1155 2151 τις
1185 2089 1369 2156 ἀηδὲς,
1406 2089 1503 2142 καὶ
1536 2087 1757 2151 λυπεῖν,
1787 2088 1883 2143 καὶ

306 2182 514 2234 δίκνειν
552 2181 880 2251 δυνάμενον.
917 2182 1177 2234 Ἔπειθεν
1235 2182 1491 2249 ἐφίεσθαι
1526 2181 1681 2251 ψιλὸν
1713 2181 1883 2251 όφθῆ-

308 2293 387 2328 ναι
419 2278 533 2338 τοῖς
569 2275 707 2328 οῑκοι
744 2275 985 2343 μένουσι,
1022 2276 1119 2328 καὶ
1154 2273 1300 2327 τοῦθ’
1334 2274 1592 2343 ἡγεῖσθαι
1627 2274 1882 2344 λαμπρό-

305 2382 455 2433 τερον
505 2365 625 2418 τῶν
680 2365 901 2417 πώποτε
955 2365 1343 2435 γεγενημένων
1386 2365 1539 2433 αὐτῷ
1586 2364 1877 2435 λαφύρων

307 2456 418 2525 μεθ’
471 2450 554 2510 ὧν
602 2472 665 2523 γε
716 2455 941 2520 Σούσοις
991 2456 1427 2527 ἐπανερχόμενος
1496 2452 1638 2525 (πῶς
1686 2455 1753 2508 ἄν
1795 2473 1881 2520 τις

305 2544 442 2597 εῐποι
483 2545 591 2615 τὴν
638 2546 731 2597 ἐπὶ
762 2544 977 2609 τούτοις
1028 2546 1365 2614 τελουμένην
1420 2543 1569 2613 αύτῷ
1618 2545 1815 2611 μανίαν
1840 2546 1877 2614 ;)

303 2635 400 2688 οὐκ
441 2636 700 2703 ὀλιγάκις
736 2636 1123 2706 ἐθριάμϐευεν,
1166 2635 1562 2705 εὐφημούντων
1607 2636 1701 2689 καὶ
1747 2653 1878 2707 κρο-

301 2727 537 2781 τούντων
570 2728 678 2780 τῶν
714 2728 1105 2791 ὑπαντώντων,
1141 2727 1235 2779 καὶ
1263 2727 1443 2782 πάντα
1481 2725 1543 2794 δὴ
1579 2726 1879 2780 ποιούντων

302 2817 467 2889 αύτῷ,
500 2818 707 2887 μικροῦ
758 2819 871 2872 δεῖν
908 2818 999 2871 ῐσα
1027 2817 1170 2887 Θεῷ.
1202 2818 1276 2871 Τὸ
1320 2820 1428 2885 γὰρ
1478 2818 1685 2887 σφόδρα
1724 2819 1881 2871 εὐτυ-

302 2913 412 2980 χεῖν
462 2910 671 2979 ἀρετὴν
723 2911 857 2963 ἰδίαν
914 2911 1304 2979 λογισάμενος,
1359 2910 1455 2964 καὶ
1500 2909 1578 2979 τῷ
1621 2909 1770 2979 παρὰ
1816 2909 1878 2962 τὸ

1984 1723 2197 1780 incidit.
2228 1724 2364 1779 Nam
2396 1726 2690 1782 vivendum
2727 1727 2828 1783 sibi
2854 1742 2962 1782 non
2991 1726 3385 1792 arbitrabatur,
3443 1727 3549 1779 nisi

1985 1812 2332 1871 deferrentur
2356 1817 2422 1872 ad
2456 1833 2579 1873 eum
2615 1833 2861 1882 munera,
2920 1818 3026 1873 nisi
3079 1820 3400 1872 adoraretur
3428 1825 3483 1871 et
3519 1831 3557 1869 a

1986 1905 2252 1973 ﬁnitimis,
2277 1917 2333 1964 et
2360 1910 2476 1964 suis
2509 1910 2786 1973 Omnibus,
2821 1920 2929 1963 tam
2964 1910 3109 1965 circa
3142 1908 3417 1964 Persidem
3453 1924 3552 1960 un-

1983 1997 2150 2067 dique
2210 2000 2356 2063 sitis,
2395 2015 2558 2069 quam
2601 2002 2829 2056 remotis
2882 2001 3203 2071 longissime
3247 2000 3548 2075 gentibus:

1985 2086 2076 2142 hic
2128 2088 2244 2158 ipse
2306 2090 2545 2145 nudatus
2596 2089 2649 2144 in
2674 2090 2816 2146 bello
2847 2091 3083 2157 cunctis,
3108 2104 3275 2159 prope
3298 2089 3547 2153 dixerim,

1982 2176 2357 2243 facultatibus,
2393 2196 2513 2233 mox
2543 2189 2599 2235 et
2627 2195 2778 2235 arma
2817 2181 2907 2236 illa
2934 2181 3218 2250 splendida
3245 2194 3369 2234 cum
3403 2181 3546 2233 amni

1982 2279 2180 2324 ornatu
2229 2271 2377 2341 regio
2403 2272 2576 2328 libens
2620 2272 2839 2341 abjicit;
2865 2280 2922 2326 ut
2948 2271 3121 2326 levior
3149 2281 3297 2326 esset
3327 2286 3393 2325 ac
3420 2270 3553 2323 faci-

1983 2357 2090 2413 lius
2130 2361 2198 2414 ab
2248 2362 2403 2430 equis
2438 2362 2640 2431 gestari
2693 2372 2897 2432 posset,
2954 2361 3046 2431 qui
3072 2370 3330 2417 contento
3384 2376 3549 2415 cursu

1982 2452 2221 2520 graviter
2297 2452 2690 2522 amigerentur.
2773 2450 3179 2522 Nonnunquam
3240 2460 3295 2507 et
3349 2452 3559 2521 probra-

1984 2558 2212 2597 suorutn
2242 2543 2401 2598 facile
2436 2545 2722 2607 tolerabat.
2749 2560 2887 2616 quos
2927 2554 3085 2600 antea
3107 2559 3217 2612 prae
3245 2542 3387 2597 fastu
3412 2557 3552 2610 sazpe

1981 2651 2049 2689 ne
2081 2636 2295 2704 quidem
2327 2627 2523 2690 intderi
2552 2637 2899 2706 dignabatur.
2923 2635 3107 2705 Usque
3137 2635 3272 2689 adeo
3292 2635 3563 2704 pristinus

1980 2728 2027 2780 ei
2053 2738 2229 2781 status
2268 2728 2332 2781 ad
2368 2730 2523 2798 longe
2550 2730 2829 2783 diversum
2851 2728 3329 2797 rediit.Namquod
3357 2726 3565 2781 anima.»

1979 2820 2224 2884 vitaeqtuu
2263 2832 2376 2869 sum
2408 2821 2487 2872 vir
2512 2820 2636 2872 talis
2656 2829 2939 2881 metueret,
2990 2819 3223 2887 idipsum
3257 2819 3303 2872 ei
3322 2833 3548 2886 perSna-

1980 2909 2177 2971 debat,
2244 2917 2305 2962 ut
2350 2908 2577 2963 libenter
2632 2907 2833 2970 ferret,
2894 2907 3155 2977 quidquid
3237 2908 3569 2962 acerbitatis.

302 3004 444 3066 εἰκὸς
490 3001 552 3054 εὖ
609 3002 894 3073 πράττειν,
943 3003 1069 3073 μηδ’
1124 3001 1428 3055 ὁπωστιοῦν
1484 3001 1877 3072 αἰσθανόμενος

1983 2999 2165 3051 animo
2195 2998 2318 3066 quis
2344 2996 2678 3066 conceperit,
2712 2996 2979 3066 quidquid
3002 2996 3193 3051 atferre
3246 2997 3547 3051 molestiam

301 3095 394 3161 τῆς
445 3093 651 3149 ἑαυτοῦ
706 3094 1101 3163 μαλακότητος,
1145 3093 1281 3148 ἀλλὰ
1334 3093 1794 3164 κατορχούμενος,
1828 3094 1882 3146 εῐ

299 3204 442 3248 τινες
472 3186 578 3253 μὲν
607 3183 717 3236 εἷεν
748 3187 1036 3253 κρείττους
1078 3184 1266 3249 αὑτοῦ,
1297 3184 1493 3251 πλήθει
1518 3184 1581 3237 δὲ
1612 3183 1880 3253 τοσαύτης

298 3277 584 3345 δυνάμεως
611 3278 808 3346 ἥττους
839 3277 1107 3340 γένοιντο,
1138 3276 1344 3345 τελχῖνι
1377 3276 1595 3344 δαίμονι
1629 3276 1880 3344 φθονερῷ

299 3369 805 3438 κατακεχρημένοι,
834 3367 1024 3437 ὥσπερ
1074 3383 1158 3430 τις
1209 3367 1394 3435 γίγας,
1429 3366 1461 3437 ἢ
1504 3367 1805 3437 Ἡρακλῆς,
1844 3367 1876 3437 ἢ

300 3463 356 3527 ἑξ
392 3463 679 3531 Ὀλύμπου
739 3460 966 3526 κατιὼν,
1005 3459 1265 3522 ἐπιεικῶς
1319 3458 1427 3512 τῶν
1476 3458 1652 3513 ἄλλων
1708 3476 1879 3511 κατα-

299 3556 538 3621 φρονῶν,
570 3553 723 3606 οὐδὲν
768 3547 835 3623 ἦν
877 3553 1023 3620 μέγα
1071 3553 1164 3604 καὶ
1214 3551 1432 3615 σεμνὸν,
1466 3550 1495 3602 δ
1543 3549 1619 3620 μὴ
1664 3550 1880 3619 πρέπον

298 3646 554 3714 ἐνόμιζεν
589 3644 789 3714 ἑαυτῷ.
834 3644 1089 3715 ’Δπονοίᾳ
1120 3643 1229 3714 γὰρ
1263 3644 1470 3712 ἐσχάτῃ
1497 3642 1877 3711 κατασχεθεὶς,

299 3737 434 3806 ὑψοῦ
475 3738 583 3807 τὴν
616 3736 861 3806 κεφαλὴν
907 3736 1104 3806 αῐρων,
1139 3734 1314 3804 ὁπόση
1352 3733 1587 3803 δύναμις
1619 3728 1686 3803 ἦν
1732 3732 1880 3799 αὐτῷ

296 3830 387 3883 καὶ
426 3829 662 3899 μονονοὺ
694 3829 991 3897 πετόμενος
1019 3828 1191 3881 θέλων
1220 3826 1535 3897 φαίνεσθαι,
1566 3824 1878 3895 καθήμενος

298 3923 389 3975 ἐπὶ
438 3922 539 3976 τοῦ
603 3921 879 3991 βασιλείου
931 3921 1146 3991 θρόνου,
1203 3921 1303 3982 τὰς
1355 3918 1676 3989 καθημέραν
1729 3921 1882 3989 τηλι-

297 4016 461 4069 κάσδε
501 4016 697 4083 τιμὰς,
734 4015 876 4085 ὑπὲρ
918 4015 1014 4085 τὴν
1045 4014 1207 4080 ἀξίαν
1235 4011 1426 4077 οὔσας,
1462 4012 1601 4081 μήτε
1634 4012 1742 4064 τῶν
1784 4011 1879 4063 τοῦ

296 4107 559 4175 σώματος
583 4107 750 4161 αὑτοῦ
780 4105 1299 4175 πλεονεκτημάτων,
1331 4106 1469 4173 μήτε
1502 4104 1610 4173 μὴν
1644 4103 1754 4155 τῶν
1783 4103 1882 4170 τῆς

293 4201 470 4268 duxi:
531 4201 861 4269 τοπαράπιν
916 4196 1170 4267 ἐνόμιζεν
1230 4196 1481 4266 ἀπᾴδειν.
1533 4196 1607 4247 Τὸ
1661 4194 1771 4261 γὰρ
1817 4194 1881 4263 δὴ

296 4291 491 4346 Γνῶθι
556 4290 787 4345 σαυτὸν
827 4290 992 4360 λῆρον
1053 4288 1312 4356 ἄντικρυς
1378 4284 1683 4355 ήγεῖτο,ἢ
1761 4284 1880 4336 οὐδὲ

1982 3098 2035 3143 et
2071 3088 2318 3144 mordere
2351 3098 2528 3158 potest
2562 3107 2573 3143 :
2609 3088 2989 3159 persuadebat,
3026 3100 3084 3143 ut
3141 3090 3318 3144 nudus
3358 3089 3427 3143 ab
3485 3089 3551 3142 iis

1986 3182 2231 3249 conspici
2266 3190 2515 3248 cuperet,
2573 3181 2720 3236 domi
2752 3184 2844 3251 qui
2878 3192 3216 3246 manserant,
3250 3183 3410 3251 idque
3450 3181 3551 3233 du-

1982 3288 2132 3328 ceret
2185 3273 2457 3328 illustrius
2504 3275 2785 3340 omnibus,
2846 3289 2968 3343 quae
3026 3290 3266 3343 unquam
3324 3274 3551 3341 adeptus

1983 3367 2179 3429 fuerat,
2216 3368 2451 3437 spoliis:
2480 3368 2806 3437 quibuscum
2829 3368 2967 3423 Susa
3014 3380 3291 3423 revertens
3330 3368 3553 3440 (quibus

1983 3458 2214 3530 obsecro
2266 3460 2445 3513 verbis
2494 3460 2761 3515 insaniam
2812 3462 2938 3529 quis
2961 3462 3344 3531 explicet,qua
3374 3457 3427 3514 in
3470 3460 3555 3514 his

1985 3549 2313 3618 utebatur?)
2347 3566 2453 3604 non
2491 3550 2702 3609 modice
2740 3554 3079 3623 triumphare
3113 3551 3342 3615 solebat,
3377 3552 3569 3606 accla-r

1983 3641 2260 3696 mantibus
2282 3653 2335 3695 et
2370 3641 2747 3709 plaudentibus
2784 3644 2871 3709 iis,
2903 3642 2997 3712 qui
3025 3643 3401 3706 occurrebant,
3430 3651 3550 3694 tan-

1982 3743 2208 3802 tumque
2237 3746 2345 3786 non
2373 3732 2421 3788 ei
2442 3742 2636 3788 cuncta
2667 3734 2771 3789 deo
2799 3734 2944 3803 paria
2967 3732 3359 3789 deferentibus.
3396 3730 3549 3797 Quod
3562 3752 3575 3776 -.

1982 3823 2127 3878 enim
2160 3839 2410 3893 magnam
2439 3826 2853 3895 prosperitatem
2883 3840 2979 3893 pro
3009 3826 3204 3878 virtute
3236 3839 3333 3878 sua
3382 3825 3551 3876 dure-

1984 3924 2094 3981 ret,
2141 3925 2193 3970 et
2223 3916 2295 3970 ob
2336 3932 2628 3971 successus
2659 3917 2983 3970 immodicos
3023 3932 3178 3971 suam
3210 3917 3323 3985 ipse
3382 3914 3554 3968 molli-

1984 4006 2109 4061 tiem
2159 4023 2268 4060 non
2315 4008 2583 4070 sentiret,
2647 4008 2742 4063 sed
2797 4007 3155 4075 proculcaret:
3196 4007 3448 4061 meliores
3494 4021 3553 4059 se

1986 4099 2207 4166 quidem
2231 4098 2402 4161 vires,
2444 4107 2719 4151 tantarum
2750 4109 2926 4151 tamen
2960 4098 3240 4165 copiarum
3298 4097 3551 4151 multitu-

1986 4189 2095 4245 dini
2115 4191 2446 4251 ccdentrs,et
2465 4190 2532 4243 ab
2552 4190 2748 4245 infesto
2766 4189 3058 4257 invidoque
3074 4188 3319 4243 daamonc
3339 4188 3548 4241 illusos:

1984 4282 2140 4351 quasi
2169 4283 2321 4349 gigas
2347 4282 2642 4350 quispiam,
2676 4282 2758 4335 vel
2794 4280 3076 4346 Hercules,
3104 4282 3188 4335 vel
3217 4296 3280 4335 ex
3317 4280 3573 4349 Olympo

296 4386 560 4453 ἀκήκοεν,
593 4382 701 4436 οὐδ’
732 4341 1010 4435 ἐϐούλετο.
1047 4380 1158 4449 Τὴν
1195 4341 1297 4446 γῆν
1336 4341 1438 4448 μὲν
1468 4378 1575 4446 γὰρ
1605 4341 1724 4447 ᾔδει
1776 4394 1879 4427 πα-

1983 4373 2073 4441 (ιυί
2099 4374 2488 4438 descendisset,
2514 4374 2799 4442 insigniter
2823 4373 2958 4427 alios
2989 4381 3372 4432 contemnens,
3409 4368 3563 4421 nihil-

292 4473 421 4540 τῶν,
452 4473 598 4541 (πῶς
627 4472 736 4541 γὰρ
757 4472 823 4525 ἂν
848 4470 1033 4540 ἠγνόει
1060 4468 1156 4522 καὶ
1180 4468 1338 4523 τοῦτο
1353 4467 1511 4536 ;)τὴν
1537 4466 1591 4519 δὲ
1630 4465 1876 4534 κορυφὴν

1983 4478 2254 4531 magnum,
2288 4464 2421 4517 nihil
2446 4473 2736 4535 angustum
2778 4473 2913 4528 erat,
2945 4464 3089 4527 quod
3126 4479 3184 4519 se
3218 4464 3408 4517 decere
3437 4475 3545 4514 non

293 4566 457 4620 αὑτοῦ
512 4567 578 4619 ού
622 4566 759 4619 πολὺ
816 4565 916 4634 τῆς
949 4561 1216 4632 οὐρανίας
1265 4559 1418 4630 οίμαι
1461 4550 1640 4613 δοκεῖν
1689 4558 1877 4628 ὰψίδος

1983 4554 2367 4611 arbitraretur.
2389 4556 2645 4612 Extrema
2677 4572 2919 4626 namque
2945 4566 3237 4626 correptus
3287 4555 3549 4617 amentia,
3607 4543 3618 4555 ”

293 4659 711 4726 ἀπολελεῖφθαι.
751 4658 925 4712 Ταυτὶ
960 4659 1068 4727 γὰρ
1120 4655 1307 4709 δίδωσι
1342 4654 1487 4707 νοεῖν
1514 4653 1542 4705 ό
1576 4651 1692 4721 βίος
1720 4649 1876 4703 τοῦδε

1983 4649 2201 4717 quantis
2231 4658 2447 4719 poterat
2477 4650 2689 4705 viribus
2721 4649 2776 4704 in
2828 4650 3062 4705 sublime
3099 4656 3261 4717 caput
3300 4646 3577 4701 attollens.

258 4802 269 4824 ε
293 4752 542 4822 τάνδρός.
577 4747 699 4803 Εἶεν
732 4750 829 4816 δὴο
862 4748 1068 4802 τούτων
1098 4747 1203 4816 γὰρ
1239 4746 1370 4808 ἴσως
1408 4744 1551 4806 ἃλις.

1983 4749 2299 4811 tantumque
2328 4755 2435 4795 non
2467 4741 2652 4796 volare
2702 4740 2874 4795 videri
2923 4741 3134 4803 volens,
3171 4738 3425 4809 quotiens
3493 4736 3547 4789 in

297 4848 442 4912 regio
459 4847 602 4903 solio
629 4844 964 4907 consideret,
1021 4843 1373 4913 quotidianos
1414 4840 1535 4896 illos
1578 4854 1643 4894 ac
1701 4846 1887 4894 tantos
1924 4837 2183 4902 honores,
2216 4838 2310 4907 qui
2335 4838 2838 4909 supradignitatem
2870 4838 3041 4905 ipsius
3098 4845 3303 4899 essent,
3373 4832 3552 4886 omni“

295 4959 364 4997 no
397 4943 650 5013 corporis
679 4941 957 5010 animique
994 4941 1079 4995 sui
1124 4939 1348 4994 dotibus
1393 4936 1612 4992 eximiis
1656 4943 1968 5005 competere
2025 4934 2269 5006 putabat.
2306 4933 2517 5005 Quippe
2578 4934 2804 4989 verbum
2842 4934 2995 4996 illud,
3062 4929 3235 4984 Nosce
3305 4928 3546 4996 teipsum,

296 5051 392 5105 pro
416 5036 605 5091 fabula
636 5050 861 5105 prorsus
898 5034 1131 5089 habebat
1159 5052 1176 5089 :
1203 5034 1290 5088 vel
1320 5046 1421 5087 nec
1452 5032 1720 5095 audierat,
1771 5046 1873 5087 nec
1912 5032 2103 5088 audire
2124 5032 2358 5087 volebat.
2375 5030 2542 5087 Norat
2567 5032 2661 5087 ille
2680 5031 2923 5100 quidem.
2957 5044 3015 5083 se
3069 5027 3281 5081 calcare
3323 5034 3544 5090 terram.

298 5130 426 5193 (quo
451 5126 676 5180 enimid
706 5135 867 5194 pacto
908 5126 1140 5181 nesciret
1162 5124 1201 5192 ;)
1235 5124 1331 5179 sed
1366 5124 1653 5187 verticem,
1677 5125 1869 5188 credo,
1910 5140 2072 5180 suum
2102 5125 2433 5194 opinabatur
2467 5125 2534 5179 ab
2574 5125 2669 5178 illo
2702 5122 2909 5178 cmlesti
2934 5119 3148 5175 fornice
3181 5132 3287 5169 non
3316 5115 3545 5167 multum

296 5221 505 5274 alwsse.
533 5218 666 5272 Nam
696 5230 755 5273 ut
777 5221 894 5274 haec
928 5220 995 5274 de
1023 5234 1092 5275 eo
1108 5220 1435 5289 cogitemus,
1469 5218 1586 5288 ipsa
1624 5218 1863 5274 hominis
1895 5219 2191 5285 vitafacit;
2233 5235 2299 5275 ac
2323 5221 2394 5275 sit
2427 5220 2497 5273 ita
2514 5232 2667 5282 sane,
2704 5231 2829 5270 nam
2866 5217 2934 5267 de
2984 5213 3067 5266 his
3087 5212 3321 5263 fortasse
3360 5207 3514 5262 satis.

366 5311 509 5381 Ὦρα
566 5313 613 5365 δ’
660 5313 724 5367 ἂν
770 5314 855 5383 εῐη
908 5314 1004 5367 καὶ
1053 5313 1116 5367 τὸ
1160 5312 1254 5368 τοῦ
1300 5312 1480 5381 Γύγου
1539 5311 1891 5383 κατόρθωμα·

298 5407 727 5472 παραγαγόντας
770 5407 852 5466 είς
902 5404 1092 5475 μέσον,
1124 5405 1346 5475 βασάνῳ
1390 5405 1553 5457 τοῦτο
1593 5420 1878 5474 προσαγα-

299 5502 431 5564 γεῖν.
470 5500 645 5561 Οὗτος
692 5498 873 5553 τοίνυν
916 5499 1124 5569 ποιμὴν
1165 5493 1363 5567 μὶνλῆν
1404 5497 1503 5565 τὴν
1542 5495 1734 5565 τύχην,
1771 5496 1877 5549 Λυ-

300 5590 398 5640 δῶν
446 5592 503 5643 δὲ
551 5589 808 5659 τύραννος
844 5589 1037 5658 γέγονε
1088 5591 1295 5659 στροφῇ
1352 5588 1667 5657 σφενδόνης.
1707 5587 1784 5649 ὦς
1810 5586 1873 5653 γέ

306 5698 495 5745 φασιν,
544 5681 594 5734 εί
650 5680 785 5745 τέως
842 5698 903 5748 γε
962 5682 1054 5736 τὸν
1119 5681 1287 5749 μῦθον
1341 5682 1416 5749 μὴ
1469 5681 1867 5748 ἀτιμάσαιμεν.

2052 5314 2291 5384 Tempus
2320 5322 2501 5368 autem
2533 5310 2719 5375 fuerit,
2754 5318 2811 5363 ut
2850 5306 3127 5377 egregium
3193 5301 3327 5355 illud
3384 5298 3549 5369 Gygis

1980 5405 2195 5459 facinus
2245 5404 2296 5456 in
2352 5401 2536 5456 medio
2586 5399 2935 5469 productum,
2974 5394 3213 5452 examini
3264 5392 3547 5448 sistamus.

1981 5498 2107 5550 Erat
2139 5496 2305 5564 igitur
2343 5494 2431 5549 hic
2459 5492 2675 5547 fortuna
2690 5500 2743 5546 et
2764 5489 3078 5545 conditione
3109 5484 3329 5555 quidem
3360 5484 3547 5553 opilio.

1982 5584 2075 5641 sed
2110 5584 2377 5655 Lydorum
2410 5594 2674 5653 tyrannus
2706 5579 2879 5634 factus
2908 5586 3010 5637 est,
3054 5576 3215 5644 idque
3242 5586 3335 5643 per
3366 5571 3547 5625 inver-

1980 5677 2189 5733 sionem
2222 5674 2375 5745 paler.
2434 5688 2531 5729 ccu
2586 5671 2913 5741 perhibent;
2978 5667 3247 5739 siquidem
3305 5662 3545 5723 fabulam
