3920 6200
421 217 528 277 403

1577 229 1974 296 MANUELIS
2020 235 2102 291 PA
2116 233 2468 295 lu‘EOLOGI
3532 232 3624 298 404

427 331 596 395 ipsam
633 349 736 384 nou
777 338 1207 403 repudiabimus.
1241 340 1424 409 Itaque
1457 344 1652 396 merito
1703 346 1833 411 palan
1862 344 1984 412 qui-

2093 344 2300 395 Ούκοῦν
2329 346 2425 412 τὴν
2456 344 2546 397 ἐπὶ
2569 346 2632 411 τῇ
2663 345 2924 414 σφενδόνῃ
2965 345 3212 413 μηχανὴν
3263 344 3625 414 θαυμάσαιμεν

421 421 543 475 dem
576 423 718 479 illius
753 437 921 481 artem
943 431 1352 497 admirabimur,
1385 435 1577 503 si'quis
1602 436 1740 490 hanc
1763 437 1983 505 Lydiam

423 515 684 578 fabulam,
745 535 842 572 ceu
877 521 1134 588 quiddam
1187 526 1556 590 verissimum,
1592 529 1982 583 admittendam

421 611 752 663 concesserit
785 629 796 664 :
831 621 1051 675 ateum,
1091 618 1181 682 qui
1221 618 1320 671 hac
1345 629 1458 673 arte
1509 636 1622 674 rem
1681 622 1883 690 peregit
1932 631 1986 674 et

420 699 675 763 confecit,
738 718 1017 773 nunquam
1074 709 1313 775 beatum,
1364 712 1409 764 si
1463 723 1607 767 recte
1631 715 1987 781 pronuntiare

420 790 688 852 volumus,
720 800 1203 866 nunquam'magni
1232 800 1536 855 faciendum
1572 803 1980 859 arbitrabimur.

419 879 786 945 Quamobrem
823 885 962 939 istuc
988 888 1010 940 ?
1041 887 1193 953 Quod
1224 891 1394 959 ipsius
1429 894 1691 947 machinae
1726 893 1985 961 perfectio

423 991 530 1029 non
569 977 784 1046 proprie
818 978 1044 1039 bonum.
1068 997 1168 1035 uec
1199 983 1441 1044 beatum,
1471 999 1573 1039 nec
1604 985 1984 1040 admirandum

420 1068 550 1136 quid
603 1079 748 1124 esset
801 1082 979 1126 mente
1043 1075 1307 1140 praeditis.
1368 1075 1500 1128 Nam
1551 1076 1750 1144 quoda
1785 1077 1985 1130 virtute

423 1170 659 1220 nonest,
695 1176 796 1213 nec
827 1161 1026 1215 bonum
1074 1173 1157 1217 est
1205 1165 1473 1233 proprie:
1537 1165 1680 1233 quod
1735 1166 1988 1219 inanimae

421 1267 638 1322 quoque
663 1269 750 1308 res
777 1256 1048 1310 universae
1070 1256 1404 1312 clamabunt.
1428 1257 1532 1323 Qui
1561 1259 1772 1312 virtutis
1795 1274 1986 1314 exsors

421 1342 752 1406 est,etiamsi
784 1345 987 1412 potitus
1030 1361 1220 1414 regno,
1245 1347 1393 1414 quod
1419 1347 1562 1416 ipsas
1615 1349 1756 1402 ultra
1808 1349 1987 1404 Gades

423 1449 482 1487 se
509 1435 770 1504 porrigat,
798 1451 990 1493 omnes
1015 1451 1170 1505 opes,
1199 1443 1377 1492 ornnia
1402 1440 1673 1508 mancipia
1687 1440 1986 1509 collegerit.

425 1532 480 1578 et
501 1526 708 1589 omnia,
741 1541 862 1596 quae
894 1528 946 1580 in
992 1528 1094 1582 hac
1151 1530 1257 1583 vita
1304 1528 1542 1596 iucunda
1592 1541 1718 1584 sunt
1756 1549 1770 1594 ;
1806 1547 1868 1584 ac
1907 1531 1991 1584 his

421 1615 618 1670 deinde
652 1616 868 1672 fruendi
921 1627 1129 1673 tantum
1165 1620 1266 1674 sibi
1323 1622 1662 1674 concesserit
1709 1623 1986 1691 temporis,
2025 1667 2063 1718 Β

422 1717 686 1776 quantum
715 1710 926 1764 libitum
980 1711 1144 1767 fuerit
1174 1730 1188 1766 :
1224 1729 1380 1781 nugae
1434 1714 1581 1768 isttec
1623 1715 1822 1768 virtute
1856 1729 1991 1783 pra:-

422 1800 573 1856 ditis.
601 1802 874 1872 Quidquid
907 1805 1050 1858 enim
1079 1807 1160 1859 vel
1188 1813 1398 1874 gestum
1433 1815 1536 1868 est,
1569 1807 1651 1859 vel
1671 1807 1987 1873 percipitur,

421 1892 465 1942 si
495 1907 622 1946 cum
649 1893 864 1958 virtute,
899 1893 1099 1946 bonum
1151 1912 1164 1947 :
1193 1896 1276 1947 sin
1315 1906 1518 1961 autem,
1540 1896 1893 1949 contrarium.
1924 1895 1991 1948 At

423 1980 599 2050 Gyges
650 1983 848 2036 virtute
912 1999 1016 2038 non
1063 1985 1288 2053 adeptus
1322 1997 1404 2041 est
1444 1987 1811 2058 tyrannidem,
1846 1987 1988 2056 quod

423 2089 554 2128 sane
612 2076 693 2130 vel
755 2075 884 2130 hinc
955 2087 1156 2147 paret:
1201 2079 1332 2131 nihil
1385 2082 1529 2133 enim
1596 2081 1783 2135 virtuti
1842 2095 1991 2136 com-

427 2180 592 2220 mune
643 2181 767 2220 cmn
829 2168 1132 2236 tyrannide,
1196 2185 1295 2224 nec
1356 2171 1636 2240 tyrannide
1699 2186 1987 2241 oppresso-

424 2271 545 2309 rum
612 2257 752 2312 bona
830 2275 954 2314 cum
1037 2261 1333 2326 voluntate,
1402 2277 1636 2324 praeesse
1722 2271 1989 2332 tyrannus

421 2358 624 2412 potest.
682 2350 916 2417 Quinam
943 2353 1284 2418 istuc?Quia
1355 2355 1403 2407 vi
1465 2355 1671 2409 coactis
1737 2355 1990 2423 imperat.

422 2437 528 2495 Ubi
556 2448 738 2494 autem
769 2442 869 2504 vis,
903 2443 976 2496 ibi
1009 2445 1260 2499 voluntas
1315 2446 1492 2500 abest.
1524 2445 1644 2510 Quo
1708 2446 1785 2508 tit,
1821 2455 1878 2498 ut
1910 2449 1990 2498 in-

424 2539 588 2586 vento
626 2531 861 2601 quodam
901 2543 956 2588 et
1008 2544 1128 2588 arte
1159 2534 1335 2607 Gyges
1371 2539 1423 2590 in
1453 2546 1776 2610 potestatem
1811 2539 1988 2606 gentis

429 2621 594 2678 unius
627 2638 856 2693 corpora
893 2627 1183 2694 redegerit,
1217 2629 1378 2682 etiam
1435 2629 1619 2684 invitae
1645 2647 1660 2694 ;
1688 2645 1786 2685 nec
1818 2633 1989 2685 homi-

425 2727 553 2766 num
580 2727 742 2781 supra
765 2715 974 2770 vicinos
1001 2715 1252 2781 fortium,
1277 2719 1380 2772 nisi
1405 2721 1741 2773 contrarium
1768 2735 1987 2789 quoque

422 2801 717 2857 dicendum
749 2813 874 2860 est:
911 2807 1012 2860 hoc
1041 2822 1172 2861 vero
1211 2823 1308 2862 nec
1342 2808 1652 2873 honestum,
1696 2825 1795 2863 nec
1829 2810 1988 2862 dura.

423 2893 552 2955 bile,
605 2896 750 2964 quod
783 2898 1028 2965 oppressi
1070 2899 1376 2968 tyrannide,
1437 2899 1582 2954 illam
1615 2901 1680 2954 ad
1713 2901 1988 2956 conditio-

2092 435 2156 485 ἂν
2187 435 2430 499 δικαίως,
2467 439 2513 488 εξ
2546 437 2662 504 δοίη
2693 455 2778 499 τις
2812 437 2904 489 τὸν
2935 436 3124 489 Λύδιον
3149 435 3333 488 τοῦτον
3371 436 3528 505 μῦθον
3558 439 3625 498 ὡς

2092 525 2457 594 ἀληθέστατον
2496 527 2796 592 δέξασθαι·
2831 529 2922 578 τὸν
2973 528 3028 580 δὲ
3088 529 3150 596 δὴ
3200 529 3497 596 περάναντα
3545 527 3627 578 καὶ

2092 615 2498 684 κατωρθωκότα
2531 619 2612 686 ’τῇ
2653 620 2890 686 μηχανῇ,
2929 617 3029 669 οὐκ
3076 619 3138 670 ἄν
3167 635 3292 670 ποτε
3321 618 3494 670 δίκαια
3523 635 3630 669 ποι-

2089 695 2275 765 οῦντες
2341 705 2635 774 εὐδαίμονα
2691 709 3023 776 νομίσαιμεν
3089 709 3180 758 καὶ
3236 707 3468 774 ζηλωτόν
3519 724 3627 758 τινα

2088 793 2251 849 εἶναι.
2283 797 2379 848 Διὰ
2409 796 2493 858 τί;
2533 798 2654 849 Ὀτι
2686 798 2747 849 τὸ
2791 800 2889 864 τῆς
2921 798 3172 866 μηχανῆς
3207 796 3534 863 ἀποτέλεσμα
3574 797 3627 848 ού

2090 887 2295 954 κυρίως
2342 888 2566 956 ἀγαθὸν,
2608 889 2728 941 οὐδὲ
2786 887 3067 957 εὔδαιμον,
3127 889 3245 940 ούδέ
3299 888 3524 956 ζηλωτόν
3570 905 3628 952 γε

2088 978 2213 1030 νοῦν
2259 978 2498 1048 ἔχουσιν.
2536 982 2600 1033 ’0
2650 981 2754 1051 γὰρ
2804 981 2904 1033 οῦκ
2951 981 3010 1044 ἐξ
3058 982 3259 1050 ἀρετῆς
3301 980 3416 1032 ούδέ
3446 980 3628 1044 ἀγαθὸν

2091 1069 2316 1137 κυρίως,
2349 1073 2395 1121 εἰ
2421 1070 2484 1140 δὴ
2512 1075 2606 1124 καὶ
2635 1071 2702 1124 τὰ
2736 1071 2920 1142 ἄψυχα
2963 1071 3143 1124 πάντα
3175 1072 3330 1122 τοῦτο
3359 1071 3632 1137 κεκράξον-

2089 1177 2198 1212 ται.
2235 1161 2355 1213 Κᾶν
2387 1162 2412 1212 ό
2441 1159 2651 1228 ταύτης
2685 1161 2930 1230 ἄμοιρος,
2976 1161 3147 1230 ἄρξας
3185 1161 3311 1212 εἴτι
3346 1161 3433 1211 καὶ
3467 1159 3632 1211 Γαδεί-

2094 1268 2204 1319 ρων
2247 1251 2396 1304 ἐστὶν
2449 1252 2728 1316 ἐπέκεινα,
2755 1253 2982 1324 ἀθροίσῃ
3034 1253 3133 1322 μὲν
3179 1252 3355 1304 πάντα
3405 1252 3631 1315 πλοῦτον,

2091 1343 2320 1414 ἀθροίσῃ
2379 1343 2436 1396 δέ
2491 1345 2825 1414 ἀνδράποδα,
2877 1345 2971 1397 καὶ
3030 1344 3209 1398 πάντα
3263 1345 3330 1396 τὰ
3383 1345 3471 1396 τοῦ
3530 1345 3633 1412 βίου

2089 1433 2329 1501 τερπνά·
2364 1428 2484 1485 εἶτα
2528 1432 2707 1501 ἐαυτῷ
2760 1433 2940 1487 πάντα
2985 1433 3060 1502 δῷ
3100 1432 3440 1502 καρποῦσθαι
3470 1433 3636 1502 χρόνον

2091 1523 2286 1576 ὁπόσον
2338 1521 2543 1591 βούλει,
2577 1523 2745 1593 λῆρος
2791 1526 2904 1585 τοῖς
2955 1525 3280 1593 μετέχουσιν
3326 1525 3534 1592 ἀρετῆς.
3577 1524 3639 1575 Τὸ

2093 1616 2199 1683 γὰρ
2244 1615 2659 1684 πεπραγμένον,
2692 1614 2726 1685 ἢ
2780 1616 3174 1684 μετεχόμενον,
3212 1616 3260 1667 εί
3286 1617 3412 1687 ,σὺν
3463 1616 3637 1683 ἀρετῇ,

2095 1705 2295 1759 καλόν*
2351 1707 2400 1758 εί
2452 1706 2509 1759 δὲ
2564 1708 2659 1777 μὴ,
2716 1708 3047 1775 τούναντίον.
3119 1709 3177 1760 '0
3227 1707 3402 1776 Γύγης
3449 1707 3500 1760 δὲ
3551 1703 3641 1758 οὐκ

2092 1796 2259 1867 ἀρετῇ
2293 1797 2684 1866 τετυράννηκε.
2723 1799 2833 1852 Kal
2879 1797 3040 1851 τοῦτο
3086 1798 3247 1868 δῆλον
3297 1799 3534 1851 αὐτόθεν.
3571 1798 3638 1850 Ού

2093 1891 2202 1958 γάρ
2237 1892 2387 1942 ἐστιν
2417 1889 2569 1943 οὐδὲν
2609 1891 2787 1944 κοινὸν
2818 1892 2985 1962 ἀρετῇ
3032 1893 3166 1960 πρὸς
3205 1890 3512 1959 τυραννίδα,
3542 1888 3643 1942 οὐδ’

2093 1982 2170 2035 ἔνι
2201 1984 2605 2052 τυραννεύοντα
2636 1985 2831 2055 γνώμῃ
2865 1984 2974 2037 τῶν
3008 1983 3458 2054 τυραννουμένων
3497 1982 3643 2034 τοῦτο

2093 2077 2287 2128 ποιεῖν.
2325 2075 2483 2138 Πῶςς
2518 2075 2642 2128 Ὅτι
2689 2076 3010 2146 βιαζόμενος
3060 2075 3242 2145 ἄρχει.
3274 2076 3381 2128 Kal
3434 2074 3515 2127 ἵνα
3542 2073 3640 2142 βία.

2092 2165 2288 2219 ἄπεστι
2327 2166 2544 2235 γνώμη.
2585 2168 2749 2221 Ὥστε
2794 2169 3068 2231 σωμάτων
3104 2169 3413 2237 κεκράτηκε
3445 2168 3643 2236 μηχανῇ

2091 2272 2196 2306 τινι
2244 2256 2337 2307 καὶ
2381 2257 2544 2326 τέχνῃ
2601 2256 2790 2318 ἔθνους
2858 2257 2998 2319 ἐνὸς,
3027 2259 3120 2310 καὶ
3181 2259 3256 2325 μὴ
3306 2258 3641 2326 βουλομένου·
3673 2256 3692 2264 ’

2093 2349 2185 2401 καὶ
2213 2347 2419 2400 τούτων
2465 2349 2525 2401 ού
2576 2350 2840 2416 γενναίων
2875 2351 3015 2418 ὑπὲρ
3049 2352 3176 2413 τοὺς
3204 2351 3471 2419 γείτονας,
3503 2352 3546 2402 εἰ
3577 2350 3641 2419 μή

2090 2456 2174 2501 τις
2227 2440 2376 2492 εἴποι
2434 2440 2526 2494 καὶ
2579 2441 2913 2496 τούναντίον.
2959 2442 3131 2496 Τοῦτο
3164 2443 3224 2496 δὲ
3272 2443 3392 2495 οὗτε
3442 2443 3639 2512 σεμνὸν.

2090 2531 2211 2583 οὔτε
2241 2532 2489 2602 μόνιμον,
2518 2532 2627 2584 τῶν
2657 2534 3104 2602 τυραννηθὲντων
3135 2535 3380 2588 ἀκόντων
3413 2536 3486 2596 είς
3512 2532 3642 2586 τοῦτ’

2091 2623 2377 2678 ἐλθόντων.
2436 2625 2601 2678 Ἀνευ
2660 2625 2715 2676 δὲ
2779 2625 2888 2678 τῶν
2946 2625 3287 2696 εἰρημένων,
3325 2627 3373 2676 εί
3423 2624 3644 2695 ἀκριϐῶς

2093 2713 2361 2784 θεωρήσει
2416 2733 2518 2780 τις,
2548 2715 2856 2784 ἀνθρώπων
2903 2716 3084 2786 Γύγης
3119 2717 3182 2770 ού
3237 2715 3640 2786 βεϐασίλευκεν·

2093 2803 2251 2872 εἴπερ
2281 2805 2313 2871 ἡ
2351 2803 2545 2872 γνώμη
2601 2803 2699 2873 μὲν
2734 2805 2934 2874 ψυχῆς,
2972 2806 3180 2874 κυρίως
3218 2806 3274 2860 5‘;
3312 2807 3578 2876 ἄνθρωπος
3610 2805 3638 2875 ﬂ

2091 2894 2260 2964 ψυχή.
2302 2895 2542 2957 Ἐκεῖνος
2575 2895 2630 2948 δὲ
2662 2896 2920 2968 τύραννος
2944 2895 3019 2949 ὢν
3059 2899 3316 2952 τοσοῦτον
3340 2899 3534 2966 ἀπέσχε
3558 2897 3640 2948 τοῦ

425 3001 549 3038 nem
590 2987 740 3040 inviti
773 2990 1142 3056 pervenerint.
1176 2990 1499 3059 Quanquam
1543 2999 1595 3045 et
1648 2993 1853 3061 absque
1884 2994 1988 3059 his,

2095 2986 2190 3046 riu;
2222 2985 2329 3038 τῶν
2359 2986 2809 3070 τυραννηθέκθτων
2838 2987 3062 3058 γνώμας
3089 2991 3374 3060 κερδᾶναι,
3406 2991 3520 3042 ὅσον
3555 2988 3641 3040 καὶ

424 3093 546 3144 quze
573 3076 716 3132 dicta
752 3089 902 3143 sunt,
932 3081 976 3133 si
1006 3081 1130 3148 quis
1171 3090 1425 3134 accurate
1453 3096 1565 3136 iam
1593 3084 1987 3147 considerabit,

426 3172 651 3225 minime
678 3172 856 3241 Gyges
888 3188 977 3227 rex
1011 3173 1295 3226 hominum
1331 3173 1470 3240 fuit;
1507 3175 1775 3243 siquidem
1807 3177 1992 3232 volun-

429 3272 531 3318 tas.
575 3263 741 3314 animi
774 3269 897 3327 est;
950 3263 1169 3317 animus
1219 3273 1398 3316 autem
1439 3265 1659 3333 proprie
1693 3276 1775 3320 est
1807 3267 1986 3322 homo.

428 3356 496 3406 At
521 3353 629 3411 ille.
659 3354 753 3420 qui
807 3363 1069 3422 tyrannus
1118 3365 1283 3419 esset,
1319 3365 1524 3408 tantum
1575 3359 1781 3424 aberat,
1817 3369 1873 3411 ut
1899 3377 1993 3429 op-

430 3460 742 3515 pressorum
795 3446 1106 3500 voluntates
1167 3447 1540 3513 l-ucrifaceret,
1572 3461 1779 3517 quanto
1819 3455 1991 3521 magis

355 3567 359 3570 -
425 3546 855 3592 consentaneum
884 3547 1024 3600 erat,
1061 3553 1185 3592 eum
1217 3539 1270 3593 iu
1305 3540 1432 3594 odio
1470 3555 1591 3594 esse
1622 3543 1899 3607 omnibus,
1941 3555 1993 3599 et

427 3626 640 3681 insidiis
672 3629 858 3681 eorum
892 3627 1113 3682 omnino
1146 3629 1273 3696 peti.
1307 3627 1428 3682 llaec
1462 3629 1670 3684 scilicet
1696 3630 1784 3683 illa
1813 3640 1992 3699 tyran-

429 3719 573 3774 nidis
609 3719 748 3772 bona
781 3731 930 3782 sunt,
965 3735 1084 3788 qua:
1121 3735 1244 3774 cum
1293 3735 1356 3774 ea
1391 3721 1550 3775 simul
1582 3730 1636 3775 et
1664 3732 1990 3788 nascuntur,

427 3818 481 3863 et
513 3817 809 3878 augescunt
842 3808 1040 3876 quovis
1074 3808 1273 3874 modo;
1305 3818 1358 3862 et
1387 3812 1605 3878 quando
1633 3827 1754 3864 cmn
1786 3827 1846 3865 ra
1880 3813 1994 3867 dis-

428 3900 735 3963 solvuntur,
757 3899 810 3953 in
833 3898 1196 3954 foedissimum
1217 3900 1472 3968 quiddam
1501 3902 1777 3956 desinunt.
1808 3904 1992 3958 Enim-

429 4006 558 4046 vero
589 3991 633 4046 si
665 3990 934 4046 orationis
961 3989 1124 4056 huius
1159 3989 1332 4044 forma
1364 4002 1526 4061 atque
1562 3993 1699 4048 ratio
1731 3995 1992 4063 simplici-

357 4111 360 4113 -
431 4095 513 4140 ter
549 4084 788 4139 historiae
821 4085 1064 4139 texendae
1092 4092 1410 4152 potestatem
1460 4088 1616 4143 nobis
1648 4090 1988 4154 concederet,

430 4177 599 4232 multo
626 4177 850 4234 rectius,
883 4192 1046 4246 quam
1104 4179 1262 4232 modo
1291 4180 1695 4234 narrationibus
1727 4181 1993 4235 institutis

2093 3075 2386 3128 ἀκόλουθον
2434 3073 2502 3147 ἦν
2549 3078 2702 3147 παρὰ
2754 3080 2973 3133 πάντων
3019 3082 3185 3134 αύτδν
3243 3081 3526 3152 μισεῖσθαι,
3559 3082 3642 3132 καὶ

2094 3169 2546 3222 ἐπιϐουλεύεσθαι
2579 3173 2756 3225 πάντα
2791 3174 3012 3242 τρόπον.
3053 3174 3242 3227 Ταῦτα
3273 3176 3336 3245 δὴ
3367 3176 3431 3228 τὰ
3459 3191 3642 3244 τυραν-

2094 3261 2234 3320 νίδος
2265 3261 2466 3328 ἀγαθὰ,
2495 3264 2588 3315 καὶ
2641 3265 2770 3335 τῇδε
2815 3267 3176 3338 συμτρυόμενόι
3223 3286 3280 3320 τε
3316 3271 3409 3320 καὶ
3445 3282 3644 3319 συνεπι-

2092 3348 2306 3402 διδόντα
2352 3351 2444 3403 τὸν
2490 3353 2667 3405 πάντα
2711 3355 2933 3424 τρόπον,
2987 3358 3077 3410 καὶ
3129 3359 3472 3412 τελευτῶντα
3525 3357 3645 3424 πρὸς

2094 3441 2376 3510 αἴσχιστόν
2425 3461 2499 3508 τι,
2561 3446 2774 3515 σύναμα
2817 3448 2989 3519 ταύτῃ
3052 3450 3405 3520 διαλυόμενα.
3444 3451 3513 3504 Ού
3550 3450 3644 3519 μὴν

2095 3534 2210 3585 ἀλλ’
2262 3536 2310 3587 εί
2371 3536 2433 3588 τὸ
2475 3537 2661 3606 σχῆμα
2705 3537 2799 3592 τοῦ
2861 3539 3022 3606 λόγου
3069 3543 3334 3612 καθαρῶς
3368 3541 3648 3607 ἐπέτρεπεν

2097 3627 2354 3694 ἱστορεῖν,
2411 3623 2555 3698 εἶχον
2605 3629 2821 3697 ἐλέγξαι
2877 3636 2989 3696 τοῖς
3036 3634 3348 3705 διηγήμασι
3382 3633 3548 3702 πολλῷ
3588 3649 3646 3700 γε

2098 3716 2307 3784 βέλτιον
2357 3719 2389 3788 ἦ
2442 3721 2556 3786 νῦν,
2593 3722 2669 3786 ὡς
2698 3725 2725 3776 ὅ
2763 3741 2820 3777 τε
2864 3725 3070 3795 χρυσίῳ
3103 3727 3250 3779 πάνυ
3285 3728 3515 3798 θαρρῶν.
3544 3727 3569 3778 ὅ
3595 3741 3647 3777 τε

2099 3809 2303 3880 σιδήρῳ
2364 3813 2506 3880 μέγα
2555 3814 2769 3881 φρονῶν
2821 3818 2912 3869 καὶ
2959 3817 3098 3870 λεῶν
3149 3817 3552 3887 ἀθροίσματι,ὄ
3593 3831 3643 3867 τε

2099 3908 2371 3973 μηχαναῖς
2411 3906 2663 3970 ἐλπίζων,
2703 3910 2798 3961 καὶ
2852 3911 3091 3962 τουτοισὶ
3139 3910 3323 3978 ψιλοῖς
3376 3909 3642 3979 ἐγχειρῶν,

2095 3997 2189 4048 καὶ
2217 3996 2375 4059 εἴτις
2397 3998 2610 4060 τούτοις
2638 3999 2953 4068 ἐφάμιλλος,
2982 4001 3055 4071 μὴ
3091 4005 3402 4072 προσούσης
3434 4003 3643 4068 ἀρετῆς.

2099 4085 2457 4156 ἐξηπάτηται.
2503 4088 2656 4141 Ἐπεὶ
2709 4090 2764 4142 δὲ
2817 4091 2910 4143 νῦν
2960 4092 3020 4144 ού
3075 4095 3484 4164 προηγούμενον
3521 4081 3651 4143 τοῦθ’

2099 4179 2248 4243 ἡμῖν,
2283 4177 2397 4230 ἀλλ’
2452 4178 2838 4234 ἀποδεικνύναι
2895 4185 3188 4253 πειρᾶσθαι
3249 4189 3370 4248 ταῖς
3431 4183 3651 4252 παραθέο

429 4273 658 4338 probare
688 4285 944 4339 possem;
985 4278 1038 4324 et
1079 4285 1206 4323 eum
1245 4270 1334 4337 qui
1372 4285 1625 4339 magnam
1676 4272 1730 4326 in
1762 4289 1897 4327 auro
1927 4273 1988 4326 ti-

2102 4284 2271 4333 σεσιν,
2310 4269 2385 4334 ὡς
2417 4270 2676 4341 ἄρχουσιν
2701 4273 2976 4326 ἐθέλουσιν
3008 4276 3233 4340 ἀγαθοῖς
3266 4274 3405 4330 εἶναι
3447 4278 3652 4330 πάντων

430 4363 644 4417 duciam
679 4363 853 4430 ponit,
882 4371 936 4415 et
975 4363 1067 4430 qui
1099 4378 1155 4416 se
1179 4362 1325 4416 ferro
1357 4380 1420 4417 ac
1449 4365 1769 4432 populorum
1803 4366 1998 4418 colleco

432 4454 580 4507 tione
611 4467 940 4520 magnopere
964 4453 1154 4519 iactat,
1187 4461 1242 4508 et
1265 4453 1358 4518 qui
1395 4452 1566 4504 fretus
1595 4463 1677 4507 est
1704 4455 1993 4519 machinis,

433 4544 637 4611 quique
677 4543 808 4598 solis
837 4543 921 4597 his
944 4544 1186 4596 animum
1221 4543 1432 4610 adjicit,
1477 4553 1530 4598 et
1562 4545 1606 4597 si
1643 4545 1766 4611 quis
1804 4545 1992 4598 horum

433 4635 632 4689 similis
663 4643 746 4687 est
776 4651 790 4694 :
830 4649 979 4696 eum,
1012 4634 1116 4686 nisi
1163 4634 1337 4686 virtus
1373 4631 1535 4700 adsit,
1568 4634 1679 4689 falli
1711 4645 1871 4705 atque
1897 4637 1994 4691 de-

433 4727 564 4794 cipi.
591 4728 791 4780 Verum
819 4727 1075 4794 quoniam
1102 4726 1204 4779 hoc
1229 4727 1296 4779 ab
1322 4727 1475 4782 initio
1498 4745 1604 4784 non
1635 4729 1992 4790 instituimus,

359 4805 392 4822 ”
432 4819 526 4873 sed
566 4829 774 4872 tantum
803 4821 878 4871 uti
909 4833 1005 4885 per
1047 4820 1488 4888 comparationes
1518 4822 1897 4890 probaremus,
1931 4824 1994 4879 iis

367 4948 374 4956 .
438 4910 796 4977 principibus,
831 4909 922 4977 qui
956 4909 1079 4963 boni
1114 4924 1236 4964 esse
1265 4895 1450 4974 velint,
1483 4913 1548 4964 ad
1584 4913 1994 4979 perliciendum,

435 5016 558 5072 quae
598 5000 843 5068 cupiant,
873 5001 1006 5054 nihil
1035 5000 1298 5069 sapientia
1329 5003 1527 5058 melius
1551 5017 1673 5057 esse
1700 5021 1712 5056 :
1748 5003 1995 5056 instituto

435 5104 626 5147 nostro
669 5091 962 5146 convenire
1007 5091 1287 5155 duximus,
1333 5093 1375 5146 si
1411 5108 1512 5147 nec
1541 5108 1729 5147 omnes
1769 5093 1902 5146 tales
1942 5095 1995 5146 in

398 5230 403 5236 .
435 5186 670 5238 medium
688 5185 1136 5254 produceremus,
1166 5200 1232 5238 ue
1256 5184 1464 5238 theatro
1488 5184 1697 5239 molesti
1727 5200 1997 5248 essemus,

436 5275 763 5332 ineﬂahilem
800 5273 1091 5343 quemdam
1143 5289 1431 5328 numerum
1482 5273 1846 5342 proferendo;
1895 5288 1996 5327 nec

367 5416 372 5420 .
433 5369 572 5424 citra
599 5369 819 5423 modum
844 5367 928 5420 his
948 5381 1134 5420 eorum
1165 5367 1409 5421 historiis
1441 5378 1736 5430 uteremur,
1766 5382 1830 5420 ne
1850 5365 1995 5435 quod

435 5458 776 5527 propositum
811 5475 836 5507 ει
865 5457 1020 5512 nobis
1046 5465 1148 5520 est,
1186 5457 1237 5510 in
1261 5458 1634 5511 narrationum
1664 5457 1995 5510 inﬁnitarum
2033 5476 2036 5478 ·

435 5547 590 5614 quasi
619 5563 768 5600 mare
803 5547 1064 5606 delatum,
1100 5547 1446 5614 naufragium
1483 5547 1706 5602 iaceret.
1747 5549 1825 5600 Ac
1853 5555 1998 5600 recte

437 5637 654 5710 quidem
688 5637 752 5691 ad
790 5637 991 5692 exitum
1048 5636 1120 5702 id,
1155 5637 1295 5707 quod
1348 5638 1413 5691 ab
1467 5638 1616 5694 initio
1658 5636 1994 5702 volebamus,

2101 4358 2322 4427 ἄμεινον
2373 4361 2440 4414 ἂν
2496 4364 2581 4430 είη
2651 4364 2812 4430 σοφία
2868 4365 3005 4434 πρὸς
3043 4366 3102 4417 τὸ
3136 4369 3439 4436 περαίνειν,
3476 4367 3508 4420 ἃ
3541 4365 3651 4435 βού-

2098 4447 2272 4500 λοιντο
2301 4465 2312 4478 ·
2357 4451 2610 4518 ήγήμεθα
2652 4453 2792 4519 μάλα
2844 4455 3165 4522 συμϐαίνειν
3209 4457 3284 4526 τῷ
3320 4457 3651 4524 προκειμένῳ

2101 4536 2288 4605 σκοπῴ
2345 4538 2482 4607 μήτε
2531 4539 2741 4603 πάντας
2787 4542 3016 4608 ἀγαγεῖν
3071 4545 3152 4606 εις
3217 4545 3386 4612 μέσον
3428 4545 3548 4605 τούς
3595 4558 3650 4608 γε

2097 4628 2390 4691 τοιούτους,
2423 4630 2509 4682 ἵνα
2539 4630 2613 4701 μὴ
2632 4631 2693 4684 τὸ
2724 4632 2948 4700 θέατρον
2976 4635 3423 4705 ἀποκναίσωμεν,
3454 4633 3653 4703 ἀμύθη-

2097 4719 2188 4772 τόν
2215 4736 2336 4772 τινα
2365 4721 2596 4790 ἀριθμὸν
2622 4723 3068 4790 παρεισάγοντες,
3094 4726 3219 4793 μήτ’
3245 4727 3500 4797 ἀμέτρως
3527 4725 3650 4794 χρή-

2099 4807 2296 4862 σασθαι
2348 4810 2601 4864 ταυταισὶ
2658 4813 2778 4872 ταῖς
2824 4814 2945 4864 κατ’
2989 4815 3188 4877 αὐτοὺς
3239 4817 3524 4880 ἱστορίαις,
3578 4814 3645 4882 μή

2099 4916 2228 4952 ποτε
2264 4901 2401 4970 πρὸς
2457 4902 2696 4970 πέλαγος
2747 4903 3109 4973 διηγημάτων
3151 4907 3400 4976 ἀπείρων
3437 4908 3497 4959 τὸ
3525 4922 3648 4973 προ-

2099 4993 2354 5058 κείμενον
2393 4996 2525 5064 ἡμῖν
2573 4995 2833 5064 ἐμπεσὸν,
2867 4999 3172 5069 ναυαγήσῃ.
3209 5000 3319 5051 Kal
3363 4999 3425 5068 δὴ
3482 4996 3648 5056 καλῶς

2101 5099 2193 5152 μοι
2239 5083 2386 5136 δοκεῖ
2437 5083 2892 5152 συμπεπεράνθαι
2941 5088 3002 5136 το
3052 5086 3333 5154 καταρχὰς
3375 5087 3504 5153 ἡμῖν
3534 5081 3650 5150 βού-

2097 5175 2269 5242 λημα.
2316 5176 2404 5238 Ὠς
2449 5177 2558 5246 γάρ
2605 5194 2658 5228 τι
2713 5178 3063 5246 παράδειγμα
3102 5177 3358 5238 λαϐόντες
3407 5177 3503 5244 ἤδη
3533 5173 3650 5233 τοὺς

2098 5268 2297 5337 ἄνδρας
2337 5268 2580 5335 τούτους,
2628 5267 2738 5339 [ἐκ]
2790 5270 2898 5322 τῶν
2924 5270 3126 5338 ὁμοίων
3155 5270 3338 5332 αὐτοῖς
3381 5267 3649 5324 ἁπάντων,

2100 5359 2196 5411 καὶ
2242 5359 2336 5421 τὰς
2388 5361 2624 5429 ἱστορίας
2679 5360 2780 5422 τὰς
2831 5361 2960 5428 περὶ
3016 5359 3220 5412 τούτων
3278 5357 3476 5417 ἱκανῶς
3523 5358 3649 5420 ὰφο·

2103 5451 2470 5514 σιωσάμενοι,
2563 5450 2745 5504 πᾶσαν
2826 5469 2885 5503 τε
2961 5449 3305 5520 περιεργίαν
3361 5446 3647 5517 παρέντες,

2101 5541 2237 5592 κατὰ
2286 5543 2476 5610 καιρὸν
2546 5542 3029 5611 ἀπαλλαττόμεθα,
3092 5541 3163 5606 ὡς
3233 5540 3337 5610 ἐμὲ
3384 5556 3446 5606 γε
3529 5537 3646 5605 περὶ

2049 5654 2054 5660 ·
2099 5632 2286 5688 τούτου
2310 5634 2550 5704 νομίσαι.
2586 5635 2693 5688 Kal
2718 5635 2824 5704 γάρ
2849 5651 2932 5688 τοι
2963 5632 3321 5705 μεμιμήμεθα
3343 5630 3511 5701 ὀρθῶς
3534 5629 3644 5682 δια-
