3920 6200
328 258 433 324 ‘05
700 188 819 253 ᾗ
939 179 983 233 Γ
1056 173 1067 179 ,
1120 172 1171 177 --

1775 250 2061 325 ΟΒᾹἾἾὈ
2099 264 2124 323 Ι
2130 270 2145 322 .

3472 258 3597 317 406»

328 374 672 446 πραξάμενοι
722 374 848 438 τοὺς
885 374 1410 445 ἀργυρογνώμονας,
1467 373 1550 441 οἷς
1589 394 1653 445 γε
1694 378 1813 441 ἔθος
1852 380 1917 433 ἐκ

2032 380 2309 434 leductum
2350 375 2479 430 mihi
2510 374 2743 431 videtur.
2786 374 3076 444 Postquam
3109 372 3254 427 enim
3286 372 3427 427 viros
3455 374 3582 427 hus~

329 468 422 520 τοῦ
451 466 653 537 μέρους
684 467 748 519 τὸ
799 467 908 521 πᾶν
938 466 1163 521 ειδέναι.
1195 469 1305 521 Καὶ
1333 463 1485 537 οἶμαι
1529 470 1731 540 χρῆναι
1763 472 1904 538 ἀγα-

331 558 436 627 πᾷν
482 560 549 628 τῇ
591 556 799 626 μεθόδῳ
831 556 1028 629 ταύτῃ.
1062 557 1123 609 Ei
1165 559 1274 627 γὰρ
1303 558 1355 611 οἳ
1393 561 1507 622 τοῖς
1537 560 1676 624 ὅλοις
1719 559 1906 625 ἔδοξαν

332 650 464 703 πολὺ
499 650 629 713 τοὺς
657 642 852 713 ἄλλους
880 651 1246 716 παρενεγκεῖν
1272 689 1286 715 ,
1318 650 1529 711 τούτοις
1576 652 1818 722 ἀτεχνῶς
1848 652 1908 706 τὸ

330 740 585 812 λαμπρὸν
608 739 987 808 τετελευτήκει
1009 739 1145 809 πρὸς
1171 740 1325 793 οὐδὲν
1348 741 1515 811 ἱερὸν,
1540 745 1690 812 φασὶ,
1715 745 1828 797 τισὶ
1851 743 1909 799 δὲ

331 832 423 884 καὶ
453 829 592 899 πρὸς
643 830 973 893 τούναντίον,
1005 830 1085 901 τῷ
1134 830 1213 901 μὴ
1256 832 1495 907 γνησίως
1564 834 1695 905 μηδὲ
1730 835 1910 900 καλῶς

331 920 390 973 τὸ
422 922 521 988 τῆς
544 912 773 988 ⁸ἀρετῆς
811 921 1058 991 μετιέναι
1092 924 1307 992 χρῆμα,
1348 924 1511 995 σχολῇ
1564 924 1615 994 γ’
1663 926 1730 979 ἂν
1762 926 1911 981 ἄλλοι

332 1010 441 1066 τῶν
472 1011 781 1065 ἐλασσόνων
808 1012 1026 1083 ἀληθῶς
1057 1013 1124 1068 ἂν
1165 1014 1378 1080 δόξαιεν
1426 1016 1744 1086 εὐδαίμονες
1774 1013 1911 1069 εἶναι

331 1103 412 1173 τῷ
440 1103 715 1165 πλουτεῖν,
737 1107 834 1158 καὶ
858 1104 1098 1174 πλήθους
1124 1106 1336 1176 ἄρχειν,
1365 1108 1458 1160 καὶ
1484 1106 1546 1171 ἐξ
1571 1109 1911 1177 οἱασδήτινος

338 1195 589 1263 μηχανῆς
613 1196 766 1263 σφίσι
792 1213 856 1262 γε
885 1198 1070 1259 αὐτοῖς
1098 1196 1417 1251 δουλοῦσθαι
1448 1202 1521 1267 μὴ
1555 1199 1913 1269 βουλομένους

334 1283 682 1355 ἀνθρώπους.
722 1287 885 1339 Ὥστε
933 1287 1024 1340 δεῖν
1041 1286 1151 1341 τῶν
1188 1289 1443 1359 ἱστοριῶν
1478 1290 1772 1360 ἀφέμενον,
1819 1294 1913 1347 ἆτε

336 1377 432 1429 καὶ
471 1378 647 1448 παρόν
679 1396 761 1431 σοι
815 1379 1019 1443 ταύτας
1048 1381 1247 1434 εἰδέναι
1296 1382 1449 1452 παρὰ
1495 1382 1604 1443 τῶν
1637 1383 1914 1454 προῦργου

336 1468 500 1522 τοῦτο
559 1471 961 1539 πεποιηκότων,
1016 1472 1350 1541 πειραθῆναι
1404 1475 1645 1527 τουτοισὶ
1674 1478 1785 1537 τοῖς
1826 1476 1918 1526 ἀν-

336 1562 499 1631 δράσι
539 1562 874 1633 παραϐαλεῖν
916 1566 1120 1617 ἐκεῖνον
1150 1564 1216 1634 δὴ
1245 1565 1335 1618 τὸν
1367 1567 1591 1636 ἄριστον
1642 1567 1827 1636 ἀνδρα,
1858 1568 1918 1621 ὃν

337 1655 400 1718 ἐξ
441 1653 754 1717 ὑποθέσεως
809 1655 1127 1724 ὑπεθέμεθα
1172 1656 1452 1727 καταρχὰς
1512 1656 1715 1720 εὐθύςν
1771 1657 1925 1725 λέγω,

337 1744 403 1812 δὴ
445 1744 536 1795 τὸν
567 1746 850 1814 φρόνιμον,
888 1746 983 1799 καὶ
1023 1745 1247 1814 ἀγαθὸν,
1296 1748 1390 1801 καὶ
1443 1749 1624 1817 σοφόν.
1672 1750 1734 1803 Ὀ
1781 1749 1914 1818 γοῦν

339 1834 584 1899 τοιοῦτος
616 1836 893 1906 βασιλεὺς,
987 1836 1124 1900 ὅλως
1159 1838 1342 1907 ἄρχων
1370 1838 1554 1905 τινῶν,
1586 1841 1919 1911 ἐρρωμένως

342 1928 485 1997 ἔχων
504 1929 603 1998 τὴν
626 1928 825 1999 ψυχὴν,
858 1932 948 2005 καὶ
980 1928 1057 1992 ὡς
1093 1929 1200 1999 χρὴ
1233 1931 1405 1998 φιλῶν
1429 1928 1501 1984 ὧν
1534 1933 1716 2001 ἄρχει,
1745 1932 1919 1987 θέλων

342 2038 404 2073 τε
434 2020 633 2082 αὐτοὺς
665 2021 797 2091 όρᾷν
824 2014 996 2095 ἐνοῖς
1024 2022 1091 2074 ἂν
1114 2023 1357 2089 γένοιντο
1392 2021 1491 2091 τὴν
1518 2024 1741 2094 γνώμην
1767 2025 1924 2095 ἀμεί-

342 2128 492 2178 νους,
530 2114 623 2165 καὶ
649 2112 830 2182 ζητῶν
859 2094 1074 2168 ἅπαντα
1105 2118 1325 2182 τρόπον,
1355 2116 1421 2169 δι’
1451 2109 1528 2169 ὧν
1555 2115 1615 2169 εὖ
1643 2118 1920 2171 πείσονται

345 2196 482 2275 παρ’
512 2207 678 2259 αὑτοῦ
698 2221 712 2236 ·
747 2205 1058 2277 ἒπειτακαὶ
1088 2207 1155 2275 τῇ
1190 2205 1423 2276 δυνάμει
1455 2207 1563 2261 τῶν
1602 2208 1775 2275 λόγων
1806 2210 1925 2264 πεί-

346 2302 462 2352 θων
489 2299 711 2361 αὐτοὺς,
748 2297 875 2369 μήτ’
905 2297 1222 2362 ἀλαζονείας
1289 2300 1573 2354 τοσύνολον
1607 2302 1737 2372 μήτ’
1769 2304 1928 2372 εἰρω-

342 2389 496 2451 νείας
527 2388 835 2457 ἁπτόμενος
862 2388 1051 2460 (ἄμφω
1100 2390 1208 2460 γὰρ
1242 2390 1422 2459 κακὼ)
1451 2392 1527 2455 ὡς
1558 2394 1641 2462 εἴη
1680 2393 1780 2462 μὲν
1819 2389 1928 2459 οἷός

343 2483 520 2544 ἐστιν,
561 2481 735 2535 ἐθέλοι
787 2481 834 2534 δ’
860 2482 997 2551 ὅπερ
1031 2480 1207 2534 ἐθέλει
1234 2498 1247 2513 ο
1280 2483 1307 2534 ὁ
1356 2483 1421 2553 δὴ
1456 2482 1696 2548 τοιοῦτος
1741 2485 1930 2540 ούδένα

343 2571 505 2639 λήσει
532 2570 642 2624 τῶν
681 2568 924 2637 ἀγαθῶν,
956 2570 1033 2633 ὡς
1064 2569 1139 2623 ῶν
1171 2588 1236 2640 γε
1269 2573 1527 2642 τυγχάνει
1560 2574 1630 2626 τά
1664 2574 1798 2645 πρὸς
1834 2577 1931 2627 αὐ-

342 2663 477 2724 τοὺς
498 2662 594 2714 καὶ⁵
617 2661 819 2731 πατὴρ,
841 2663 932 2714 καί
962 2662 1270 2731 οἰκονόμος,
1296 2665 1389 2716 καὶ
1412 2662 1584 2733 φίλος,
1615 2666 1709 2718 καὶ
1739 2665 1867 2718 κυ6ι
1878 2682 1934 2736 ρ-

345 2758 546 2823 νήτης,
567 2753 667 2807 καὶ
685 2753 910 2823 ποιμὴν,
929 2756 1023 2807 καὶ
1049 2755 1254 2825 ἰατρὸς,
1274 2758 1371 2810 καὶ
1391 2756 1570 2811 πάντα
1594 2759 1662 2810 τὰ
1683 2759 1933 2812 τοιαῦτα.

351 2846 555 2898 Ἐσται
599 2846 701 2915 μὲν
740 2847 850 2915 γὰρ
878 2847 1063 2908 αὐτοῖς
1118 2846 1325 2918 σωτὴρ,
1361 2847 1515 2900 ἔσται
1554 2849 1610 2902 δὲ
1664 2851 1936 2911 παντοίως

346 2937 651 3008 ὠφέλιμος,
693 2939 752 2992 ἐν
801 2936 974 2992 ἆπασι
1025 2941 1241 3008 καιροῖς
1293 2956 1352 2991 τε
1405 2940 1501 2992 καὶ
1556 2941 1936 3011 περιστάσεσι,

1944 1714 1993 1768 Β

2010 486 2072 527 ce
2110 471 2256 527 velut
2273 468 2520 538 exempla
2542 467 2880 536 sumpsimus
2899 467 3163 531 omnium,
3187 464 3266 520 eis
3286 463 3582 530 similium,

2010 556 2400 628 memoriaeque
2420 561 2488 615 de
2512 560 2646 628 ipsis
2666 559 2899 628 prodita,
2925 558 3062 613 satis
3083 557 3364 625 attigimus
3381 598 3395 622 ,
3420 556 3591 610 omis-

2010 651 2109 714 sis,
2141 663 2483 720 quascunque
2520 662 2927 717 supervacanea
2985 646 3165 701 forent
3198 662 3213 700 :
3255 654 3583 716 opportune.

2014 741 2164 795 velut
2202 740 2752 811 equidemarbitror,
2802 739 3147 794 desistimus.
3181 736 3395 792 Etenim
3440 748 3589 792 recte

2014 824 2270 896 fecimus,
2299 832 2394 901 qui
2429 832 2641 901 argenti
2689 830 3099 887 examinatores
3142 831 3339 885 imitati
3368 830 3543 883 simus
3571 847 3584 887 ς

2012 923 2212 995 quibus
2241 933 2326 979 est
2359 924 2413 978 in
2443 939 2593 978 more
2628 931 2802 977 totum
2839 937 2903 976 ex
2932 932 3085 991 parte
3106 934 3402 990 agnoscere
3436 938 3450 973 :
3477 936 3597 987 qua

2013 1031 2146 1071 sane
2184 1016 2335 1071 brevi
2373 1016 2599 1071 docendi
2635 1013 2720 1069 via
2761 1014 2957 1069 debere
3005 1027 3107 1067 nos
3153 1025 3274 1066 esse
3298 1020 3582 1066 contentos

2015 1107 2277 1162 arbitror.
2313 1107 2371 1163 Si
2419 1110 2565 1160 enim
2600 1107 2734 1167 illis,
2789 1108 2879 1171 qui
2922 1104 3086 1158 rebus
3136 1103 3392 1157 omnibus
3426 1104 3585 1170 longe

2016 1210 2238 1254 cI-trros
2267 1200 2473 1253 anteire
2508 1200 2607 1253 visi
2636 1208 2786 1261 sunt,
2830 1196 3119 1250 manifesto
3150 1195 3409 1263 splendor
3436 1195 3482 1248 is
3517 1198 3582 1247 al
3662 1256 3673 1267 ξ

2019 1292 2162 1345 sacri
2192 1290 2352 1353 nihil,
2381 1291 2523 1358 quod
2551 1291 2730 1351 aiunt,
2762 1290 2977 1343 tandem
3010 1288 3194 1350 rediit,
3218 1302 3279 1340 ac
3317 1286 3607 1339 nonnullis

2019 1383 2074 1435 in
2114 1381 2453 1435 contrariam
2491 1394 2709 1449 quoque
2763 1387 2970 1447 partem
3018 1378 3238 1439 cecidit,
3275 1378 3436 1446 idque
3466 1392 3595 1446 pro-

1964 1526 1967 1529 λ
2021 1487 2227 1544 pterea,
2259 1474 2403 1542 quod
2441 1487 2550 1526 non
2588 1473 2823 1533 sincere,
2859 1486 2960 1525 nec
2996 1480 3141 1524 recte
3180 1470 3379 1522 virtute
3408 1477 3590 1523 secta-

2024 1573 2217 1618 rentur
2249 1579 2263 1616 :
2295 1563 2470 1617 multo
2507 1561 2692 1615 minus
2721 1560 3014 1614 inferiores
3041 1560 3154 1622 alii,
3187 1567 3404 1627 propter
3434 1574 3592 1627 opes,

2020 1666 2076 1709 et
2107 1655 2293 1725 populi
2322 1655 2694 1718 dominatum,
2729 1662 2789 1707 et
2816 1654 2868 1705 in
2895 1652 3226 1705 servitutem‘
3248 1652 3316 1704 ab
3344 1667 3425 1713 se,
3463 1664 3596 1719 qua-

2020 1762 2237 1815 cunque
2292 1746 2510 1801 tandem
2575 1756 2715 1808 arte,
2761 1743 3011 1798 redactos
3060 1743 3311 1797 homines
3366 1744 3590 1804 invitos,

2023 1852 2150 1891 vero
2178 1836 2321 1891 beati
2353 1851 2474 1892 esse
2506 1835 2853 1889 videbuntur.
2881 1833 3223 1903 Quapropter
3255 1832 3480 1886 omissis
3511 1832 3594 1885 bi-

2029 1927 2238 1993 storiis,
2260 1943 2399 1996 quas
2423 1927 2715 1997 percipere
2736 1925 2804 1979 de
2837 1925 2903 1980 iis
2932 1933 3106 1994 potes,
3129 1926 3219 1993 qui
3251 1937 3344 1976 eas
3373 1938 3434 1976 ex
3470 1936 3598 1993 pro-

2021 2020 2169 2076 fesso
2216 2026 2493 2080 tractant,
2545 2016 2861 2071 conandum
2910 2015 3070 2070 nobis
3099 2023 3204 2078 est,
3267 2023 3323 2067 ut
3355 2029 3479 2068 cum
3515 2012 3598 2065 bis

2022 2111 2158 2164 viris
2218 2102 2491 2178 optimum
2546 2107 2697 2160 illum
2752 2108 2925 2160 virum
2974 2120 3381 2174 comparemus,
3426 2119 3595 2166 quem

2024 2200 2211 2256 statim
2267 2202 2336 2254 ab
2393 2199 2550 2253 initio
2605 2197 2940 2266 peeulariter
2993 2197 3151 2251 nobis
3185 2196 3598 2265 proposuimus,

2028 2293 2353 2363 prudentem
2391 2293 2633 2361 inquam,
2658 2301 2713 2344 et
2745 2290 2971 2353 bonum,
3004 2297 3060 2345 et
3099 2288 3423 2358 sapientem.
3453 2285 3623 2343 Talis.

2031 2401 2161 2455 ergo
2193 2396 2307 2448 rex,
2338 2395 2431 2437 aut
2483 2385 2740 2452 princeps
2774 2382 3001 2436 omnino
3033 2372 3425 2451 quorumdam,
3474 2379 3601 2434 forti

2029 2488 2082 2531 et
2109 2476 2380 2530 constanti
2429 2476 2686 2543 praeditus
2711 2475 2919 2541 animo,
2952 2471 3155 2544 quique
3186 2474 3467 2541 subjectos
3500 2472 3604 2526 im-

2036 2568 2185 2637 perio
2213 2582 2315 2621 suo
2355 2568 2434 2621 sic
2470 2567 2665 2637 diligit,
2706 2568 2784 2620 uti
2813 2566 2996 2629 debet,
3023 2575 3076 2620 et
3105 2566 3285 2619 videre
3319 2565 3465 2634 cupit
3498 2579 3614 2619 eos.

2035 2662 2089 2713 in
2142 2661 2249 2716 illis
2296 2669 2599 2721 versantes,
2654 2660 2855 2729 quibus
2892 2659 3146 2715 meliores
3187 2673 3378 2713 eorum
3431 2659 3602 2712 animi

2034 2750 2376 2813 reddantur;
2411 2749 2672 2817 omnique
2705 2748 2918 2803 ratione
2945 2747 3173 2816 quaerit,
3212 2748 3413 2817 quibus
3443 2747 3608 2803 rebus

2037 2840 2173 2896 bene
2199 2842 2264 2893 de
2286 2840 2430 2908 ipsis
2452 2840 2646 2892 mereri
2676 2839 2848 2906 possit
2874 2856 2886 2903 ;
2920 2853 2983 2893 ac
3005 2839 3204 2893 deinde
3230 2840 3412 2892 verbis
3440 2838 3604 2892 etiam

2038 2945 2157 2993 eos,
2203 2942 2256 2985 et
2304 2929 2628 2997 eloquentiae
2670 2931 2718 2981 vi
2752 2928 2958 2993 ﬂectit;
2991 2938 3049 2983 ut
3092 2934 3162 2983 ab
3200 2931 3346 2983 omni
3383 2947 3629 2998 prorsus

347 3030 643 3097 γινώσκων
668 3029 768 3098 μὲν
795 3029 854 3083 τὸ
880 3031 1018 3082 πᾶσι
1043 3033 1288 3085 συνοῖσον
1317 3030 1523 3099 βέλτιον
1548 3032 1766 3084 πάντων
1792 3030 1930 3082 ἐκεί-

2037 3022 2374 3092 arrogantia,
2403 3022 2483 3076 sic
2534 3021 2696 3074 etiam
2739 3020 3180 3075 dissimulatione
3223 3022 3434 3076 alienus
3471 3023 3610 3091 (ete-

347 3143 485 3189 νων,
518 3123 686 3178 θέλων
708 3125 764 3178 δὲ
787 3123 853 3177 αὖ
883 3123 1044 3178 τοῦτο
1069 3125 1272 3193 σφίσιν,
1303 3124 1335 3193 ἢ
1362 3122 1546 3190 σφίσιν
1576 3122 1758 3183 αὐτοῖς
1781 3123 1931 3173 ἐκεῖο

349 3234 436 3270 vet
463 3233 480 3249 ο
504 3216 637 3284 πρὸς
662 3215 720 3268 δὲ
738 3217 799 3268 τὸ
820 3217 1056 3286 περᾶναι
1085 3216 1145 3267 τὸ
1174 3215 1334 3278 δόξαν
1364 3214 1578 3283 βέλτιον
1608 3209 1751 3266 εἶναι
1810 3215 1934 3265 ἐπι-

352 3307 577 3375 στήμην
606 3306 963 3375 κεκτημένος,
993 3308 1196 3377 σπουδῇ
1235 3306 1335 3358 καὶ
1358 3307 1561 3376 εὐφυΐᾳ
1585 3303 1937 3371 συνειλεγμέ-

351 3413 481 3465 νην,
526 3394 594 3465 ἢν
624 3397 687 3448 οὐ
742 3396 938 3464 ῥαδίως
978 3397 1276 3465 ύπερὸαλεί
1311 3396 1481 3464 ούδ’ἡ
1525 3395 1632 3448 τῶν
1678 3394 1937 3448 ἀπάντων

350 3489 524 3555 ὁμοῦ,
555 3488 701 3556 λέγω
726 3488 792 3557 δὴ
817 3489 925 3540 τῶν
956 3488 1062 3541 ὑπὸ
1092 3490 1270 3558 χεῖρα,
1304 3487 1674 3557 ἀκριϐέστατα
1703 3503 1937 3556 συγκρο-

352 3582 594 3649 τηθεῖσα
626 3580 761 3648 πρὸς
795 3578 854 3632 ἓν
891 3595 945 3632 τι
974 3564 1189 3649 χρῆμα.
1239 3577 1393 3631 Ὠσθ’
1430 3578 1772 3648 ὑποληπτέον
1803 3578 1937 3647 ἡμῖν

355 3673 430 3727 ἂν
490 3673 602 3741 εἴη,
641 3672 778 3742 ὅπερ
829 3656 1127 3739 ἀναγκαῖον
1179 3669 1307 3723 νοῦν
1357 3668 1565 3738 ἔχουσι.
1617 3669 1681 3721 Τί
1734 3668 1937 3736 τοῦτο;

368 3762 465 3824 Ὠς
493 3761 601 3832 ἀρα
623 3760 831 3832 τάληθῆ
856 3760 1259 3831 πεπεισμένους
1281 3760 1409 3821 τοὺς
1438 3759 1781 3829 ἀρχομένους
1811 3760 1939 3830 περὶ

356 3853 465 3907 τοῦ
496 3852 778 3923 ἄρχοντος,
798 3852 882 3905 ὅτι
907 3852 1070 3914 καλός
1097 3868 1157 3904 τε
1181 3850 1423 3919 κάγαθός
1452 3851 1587 3914 ἐστι,
1615 3850 1795 3903 καὶτὰ
1818 3841 1939 3902 κατ’

360 3942 553 4008 αὐτὸν,
584 3941 677 3996 καὶ
712 3940 781 3995 τὰ
812 3941 953 3993 κατὰ
987 3938 1178 3994 τούσδε
1200 3979 1214 4003 ,
1254 3939 1409 3992 οὐδὲν
1443 3939 1510 3992 ἂν
1539 3938 1627 4007 εῐη
1660 3937 1722 3991 τὸ
1751 3953 1941 4007 προσι-

361 4036 640 4104 στάμενον
670 4033 921 4103 μεθέξειν
952 4033 1152 4096 αὐτοὺς
1184 4032 1394 4085 πολλῶν
1430 4048 1488 4084 τε
1523 4033 1618 4085 καὶ
1667 4034 1939 4100 μεγίστων

360 4126 615 4196 ἀγαθῶν.
646 4125 816 4178 Ταυτὶ
839 4125 900 4177 δὲ
927 4124 1071 4193 λέγω
1103 4125 1233 4194 περὶ
1267 4122 1520 4194 χρηστῶν
1554 4138 1615 4175 τε
1641 4124 1736 4176 καὶ
1770 4125 1943 4175 ἐπιει-

360 4218 650 4286 κεστέρων
698 4214 1027 4287 ἀνθρώπων.
1063 4215 1169 4268 Τὸν
1222 4213 1332 4283 γὰρ
1385 4212 1613 4276 Ἰούδαν,
1669 4216 1761 4266 καὶ
1816 4212 1941 4277 τοὺς

361 4310 665 4375 τοιούτους,
719 4308 829 4362 οὐδ’
881 4308 915 4377 ή
951 4306 1046 4360 τοῦ
1083 4305 1337 4373 Σωτῆρος
1367 4305 1559 4375 ἀρετὴ,
1609 4306 1643 4375 ἢ
1676 4305 1943 4374 οὐρανοὺς

2039 3116 2149 3169 nim
2171 3126 2461 3182 utrumque
2485 3113 2682 3167 malum
2706 3112 2831 3182 est),
2858 3122 2915 3167 ut
2937 3114 3027 3178 sit,
3057 3113 3232 3182 qualis
3254 3124 3367 3177 est;
3391 3123 3442 3166 et
3463 3117 3609 3182 quod

2038 3204 2174 3266 vult,
2207 3205 2329 3257 velit
2363 3219 2379 3259 :
2410 3204 3112 3271 talis,inquam,_bonorutu
3139 3205 3305 3258 latere
3332 3206 3608 3259 neminem

2041 3304 2238 3366 potest,
2270 3297 2403 3366 quin
2438 3297 2584 3365 quod
2616 3298 2811 3350 attinet
2842 3297 3012 3366 ipsos,
3043 3306 3094 3350 et
3126 3304 3281 3367 pater
3314 3299 3405 3361 sit,
3433 3308 3487 3351 et
3510 3300 3611 3352 ad-

2041 3386 2403 3452 ministrator,
2436 3397 2487 3441 et
2524 3388 2755 3453 amicus,
2782 3396 2837 3441 εἰ
2858 3389 3214 3458 gubernator,
3240 3401 3293 3443 et
3323 3401 3523 3459 pastor,
3561 3402 3617 3446 ct

2043 3477 2309 3539 medicus.
2344 3487 2398 3531 ct
2448 3478 2720 3545 ejusmodi
2758 3480 2963 3533 omnia.
2994 3479 3132 3534 Nam
3167 3490 3221 3536 et
3263 3495 3509 3538 servator
3534 3485 3616 3538 eis

2040 3572 2165 3633 crit,
2196 3579 2250 3624 et
2277 3569 2428 3623 utilis
2472 3570 2813 3634 omnimodo,
2847 3572 3042 3640 quovis
3076 3582 3341 3642 tempore,
3377 3576 3611 3642 quibus-

2043 3662 2124 3715 vis
2165 3663 2385 3715 casibus
2423 3678 2436 3713 :
2482 3665 2623 3730 quod
2654 3671 2707 3717 et
2753 3662 3039 3731 profutura
3075 3666 3352 3719 universis
3392 3666 3614 3729 melius,

2043 3768 2204 3821 quam
2238 3753 2337 3822 ipsi
2366 3769 2580 3817 omnes,
2613 3754 2882 3823 intelligat
2909 3774 2923 3819 ;
2954 3765 3008 3809 et
3040 3756 3212 3827 magis
3246 3758 3358 3812 haec
3389 3761 3469 3813 eis
3493 3773 3616 3812 etc-

2048 3845 2166 3898 nire
2203 3844 2411 3912 cupiat,
2445 3858 2607 3912 quam
2658 3844 2760 3912 ipsi
2810 3845 3030 3899 sibimet
3083 3847 3217 3914 ipsis
3268 3857 3500 3916 optent:
3547 3851 3611 3900 ad

2049 3934 2439 4002 perficiendum
2487 3944 2667 3989 autem
2725 3936 2798 4001 id,
2853 3938 3001 4006 quod
3034 3939 3228 3994 melius
3273 3957 3399 3995 esse
3438 3943 3611 3995 visum

2044 4025 2228 4090 fuerit,
2266 4041 2331 4080 ea
2382 4026 2643 4094 praeditus
2676 4026 2746 4080 sit
2777 4028 3089 4095 prudentia,
3128 4038 3243 4084 tum
3275 4034 3464 4095 studii,
3500 4042 3609 4085 tum

2046 4116 2245 4185 ingenii
2302 4118 2350 4169 vi
2385 4102 2645 4181 collecta;
2675 4133 2838 4185 quam
2877 4134 2984 4172 non
3021 4118 3178 4174 facile
3207 4122 3286 4174 vel
3318 4125 3616 4179 accuratis-

2043 4207 2180 4260 sime
2213 4206 2267 4260 iu
2292 4223 2459 4261 unum
2491 4208 2723 4262 conﬂata
2748 4209 2912 4263 simul
2965 4210 3209 4264 omnium
3243 4214 3458 4282 peritia,
3485 4218 3616 4271 sub-

2048 4297 2287 4353 ditorum
2321 4299 2565 4369 inquam,
2598 4291 2964 4368 superaverit.
2988 4301 3345 4374 ‘Quapr'opter
3373 4306 3421 4359 id
3455 4309 3617 4364 nobis

364 4402 634 4472 ἐκάλυψε,
679 4401 819 4456 κατά
865 4400 959 4454 τὸν
1010 4399 1316 4469 προφήτην,
1347 4397 1652 4467 ὠφέλησεν.
1686 4397 1842 4451 Οὕτω
1875 4399 1930 4468 δὴ

2047 4397 2131 4442 est
2163 4389 2614 4454 existimandum,
2662 4391 2809 4461 quod
2861 4394 3176 4449 enstimare
3240 4408 3418 4453 mente
3474 4416 3614 4468 prae-

366 4496 585 4569 χωροῦν
606 4496 669 4549 τὸ
699 4495 954 4564 πρᾶγμα,
989 4491 1112 4562 μηδ’
1138 4492 1308 4562 ἑτέρῳ
1334 4493 1447 4544 τοῖν
1471 4491 1653 4544 πεδοῖν
1678 4507 1942 4560 παραχω-

364 4590 549 4656 λεῦον,
577 4588 642 4641 οὐ
675 4587 918 4659 βραδέως
952 4586 1281 4655 καταντήσει
1325 4584 1461 4654 πρός
1495 4600 1549 4636 τι
1584 4583 1946 4653 χρηστότερον

366 4683 569 4751 πέρας.
588 4681 699 4733 Καὶ
714 4679 874 4732 τοῦτο
892 4679 1057 4745 λέγω,
1070 4677 1131 4732 ού
1152 4677 1570 4746 μαντευόμενος,
1586 4675 1710 4729 οὐδὲ
1732 4691 1947 4744 προφη-

363 4774 567 4827 τεύων.
602 4772 675 4825 Τὸ
700 4771 799 4840 μὲν
830 4771 941 4840 γὰρ
963 4770 1249 4839 Τειρεσίου
1278 4768 1372 4820 τού
1402 4768 1595 4831 πάλαι,
1617 4766 1677 4818 τὸ
1694 4765 1753 4818 δὲ
1782 4764 1946 4817 Δαὸὶδ

369 4864 665 4936 βασιλέως.
683 4861 841 4931 Ἐμοὶ
868 4860 922 4913 δὲ
955 4859 1181 4929 θάτερον
1214 4860 1312 4928 μὲν
1341 4857 1415 4927 μὴ
1470 4857 1679 4925 γένοιτο
1721 4854 1802 4915 (οὐ
1836 4856 1946 4923 γὰρ

367 4955 495 5026 θεῷ
522 4952 722 5022 φίλον),
739 4952 966 5021 θάτερον
994 4949 1054 5003 δὲ
1104 4951 1362 5019 μέγιστον
1396 4948 1517 5018 μὲν,
1552 4948 1666 5002 ἀλλ’
1689 4948 1810 5001 οὐδὲ
1835 4948 1943 5000 δει-

370 5048 566 5101 κνύναι
594 5044 725 5113 χρὴ,
747 5043 821 5106 ὡς
856 5042 998 5111 ὑπὲρ
1027 5042 1199 5111 ἡμᾶς.
1232 5040 1402 5110 Δῆλον
1425 5040 1551 5110 γάρ.
1585 5040 1660 5093 Οὐ
1692 5040 1802 5107 μὴν
1832 5038 1945 5092 ἀλλ’

371 5139 497 5193 οὐδὲ
523 5133 944 5206 τεκμαιρόμεθα
964 5134 1146 5200 τοῦτο,
1175 5134 1251 5196 ὡς
1274 5128 1385 5186 οἷόν
1412 5150 1472 5185 τε
1502 5129 1641 5186 εἷναι
1678 5132 1948 5203 ἐξηπατῆ-

373 5228 523 5282 σθαι.
561 5225 740 5280 Πολ.λά
770 5224 879 5296 γὰρ
914 5224 982 5278 ἂν
1018 5222 1245 5277 τοιαῦτα
1281 5222 1524 5293 συμϐαίη
1542 5227 1656 5287 τοῖς
1682 5223 1947 5293 διισχυρι-

371 5317 626 5386 (opsum;
651 5316 783 5384 περὶ
810 5313 905 5365 τοῦ
936 5312 1263 5381 πράγματος
1286 5312 1395 5365 ἀπὸ
1430 5311 1768 5381 τεκμηρίων.
1807 5310 1945 5361 Ἀλλ’

372 5409 597 5477 ἀνάγκῃ
632 5403 912 5473 λογισμῶν
945 5402 1106 5455 τοῦτο
1137 5401 1392 5472 λέγομεν.
1436 5402 1543 5455 Καὶ
1566 5401 1838 5454 σκοπείτω
1862 5419 1947 5466 τις

372 5499 493 5551 ὡδί.
524 5500 684 5550 Δυοῖν
711 5496 816 5564 γὰρ
844 5496 1060 5557 παντως
1100 5492 1312 5563 θατέρῳ
1341 5493 1526 5557 κακῶς
1558 5494 1828 5562 πράξουσι
1855 5495 1948 5545 πό-

376 5587 515 5650 λειλ,
544 5588 643 5656 (τῷ
681 5587 789 5655 γὰρ
827 5584 892 5653 δὴ
951 5582 1069 5637 κατ’
1109 5583 1277 5652 ἄμφω
1310 5581 1557 5650 νοσῆσαι,
1599 5582 1719 5635 οὐδὲ
1764 5582 1948 5646 κακῶς

354 5679 588 5741 πρὶξσι
618 5678 930 5742 περιέσται·
969 5673 1100 5727 ἀλλά
1139 5674 1236 5743 τὴν
1262 5673 1524 5743 ταχίστην
1560 5674 1897 5729 ἀπολωλέναι
1927 5680 1944 5744 )

2047 4477 2144 4532 diti
2168 4478 2478 4533 necessario
2505 4479 2726 4539 debent.
2757 4479 2896 4545 Quid
2924 4482 3064 4535 istuc
3085 4482 3107 4534 ?
3129 4481 3184 4536 Si
3214 4500 3336 4539 vere
3356 4485 3467 4540 sint
3493 4503 3616 4555 per-

2048 4572 2203 4627 suasi
2250 4571 2319 4627 de
2353 4572 2600 4645 principe
2656 4572 2881 4639 subditi,
2934 4574 3078 4642 quod
3139 4585 3409 4643 praestans
3443 4579 3515 4633 sit
3563 4591 3617 4632 rt

2047 4663 2324 4734 egregius,
2357 4678 2481 4730 cum
2518 4663 2654 4723 suis,
2689 4673 2800 4718 tum
2826 4664 3072 4733 ipsorum
3103 4667 3156 4719 itt
3186 4670 3443 4736 negotiis,
3481 4670 3616 4724 nihil
3638 4682 3657 4700 ’

2049 4766 2170 4807 esse
2195 4752 2608 4822 impedimento,
2637 4768 2745 4823 quo
2770 4756 2952 4809 minus
2980 4762 3032 4808 et
3057 4760 3297 4813 multoru
3320 4773 3379 4822 ιι,
3414 4768 3469 4813 ει
3499 4776 3618 4814 nta-

2050 4844 2326 4899 ximorum
2376 4844 2644 4898 bonorum
2693 4858 2976 4915 compotes
3008 4848 3176 4914 (iant;
3208 4859 3372 4919 atque
3404 4851 3520 4906 haec
3550 4835 3617 4906 de

2048 4935 2207 4991 bonis
2233 4943 2288 4991 et
2308 4936 2571 4992 modestis
2595 4937 2913 4995 hominibus
2938 4942 3256 5010 pronuntio.
3282 4941 3416 4996 Nam
3439 4943 3614 5005 Judae,

2049 5041 2212 5099 atque
2243 5028 2366 5084 aliis
2400 5028 2624 5095 talibus,
2659 5045 2729 5085 ne
2759 5031 2880 5101 ipsa
2913 5033 3133 5102 quidem
3164 5034 3470 5093 Servatoris
3504 5039 3614 5090 vir-

2051 5131 2159 5187 tus,
2206 5136 2328 5193 quae
2357 5125 2528 5179 oculos
2562 5126 2799 5192 Operutt,
2841 5132 2898 5178 ut
2930 5126 3210 5193 propheta:
3242 5129 3418 5182 verbis
3467 5137 3611 5189 utar,

2050 5216 2277 5285 proluit.
2327 5215 2443 5273 Hoc
2487 5217 2648 5273 modo
2690 5217 2738 5272 si
2782 5232 2870 5273 res
2913 5221 3191 5288 procedet,
3223 5234 3324 5272 nec
3351 5220 3614 5274 alterutro

1996 5361 2011 5373 ,
2050 5307 2186 5376 pede
2223 5307 2587 5372 claudicabit;
2622 5324 2966 5379 nequaquam
3018 5312 3162 5364 lente
3211 5313 3410 5365 bonum
3448 5315 3512 5367 ad
3548 5315 3613 5368 ti-

2052 5414 2176 5453 nem
2205 5399 2487 5468 perveniet
2512 5416 2525 5454 :
2555 5402 2705 5469 quod
2734 5401 2985 5469 equidem
3011 5414 3112 5455 nec
3136 5410 3195 5455 ut
3223 5402 3494 5470 hariolus,
3518 5422 3614 5462 nec

2050 5497 2109 5544 ut
2136 5489 2399 5560 propheta
2433 5491 2574 5545 dico.
2605 5491 2738 5544 Nam
2788 5491 2932 5545 istud
2996 5492 3143 5549 illius
3197 5496 3361 5563 prisci
3394 5496 3614 5563 Tiresia:

2050 5582 2261 5647 fuerit;
2302 5581 2407 5637 hoc
2450 5582 2669 5637 Davidis
2724 5582 2886 5652 regis.
2925 5582 3057 5640 Mihi
3108 5603 3240 5642 vero
3278 5589 3444 5645 nolim
3476 5590 3613 5646 alte-

2052 5689 2173 5729 runt
2213 5672 2347 5729 illud
2375 5672 2710 5745 contingere,
2741 5676 2886 5745 quod
2920 5689 3200 5744 acceptum
3230 5680 3338 5738 Deo
3365 5684 3611 5739 uousit:
