3920 6200
392 209 499 271 407

1560 214 1961 274 MANUELIS
2004 216 2461 277 l’ALfEOLOGl
2948 262 2949 265 η
3502 223 3595 288 403

390 328 624 385 alterum
676 343 807 383 vero
840 331 1134 382 maximum
1165 346 1295 384 sane
1323 331 1578 399 quiddam
1611 341 1713 398 est,
1746 332 1839 387 sed
1869 349 1941 387 sui

2061 335 2091 402 ἦ
2142 334 2220 403 τῷ
2253 334 2327 404 μὴ
2366 334 2621 400 προνοίας
2646 330 2891 403 χρηστῆς
2924 330 3342 388 ἀπολελαυκέναι
3370 340 3590 407 χρηστῶν

388 437 484 490 pra
530 435 631 475 nos
661 435 785 476 esse
827 422 1086 489 positum.
1129 438 1196 476 ne
1232 424 1458 478 indicari
1505 426 1725 494 quidem
1770 426 1952 495 debet,

385 528 511 565 eum
542 514 890 581 perspicuum
928 512 1019 566 sit.
1053 511 1306 568 Necitem
1339 516 1406 569 dc
1439 516 1773 584 coniecturis
1804 517 1957 571 colli-

383 596 613 675 gimus,’
640 613 701 658 ut
755 604 864 659 falli
907 608 1203 673 possimus.
1255 607 1490 663 Eveuirc
1541 625 1777 679 namque
1824 610 1952 664 talia

381 706 587 763 queunt
617 695 704 757 iis,
739 696 825 759 qui
851 695 920 751 de
941 711 1000 751 re
1024 698 1277 766 quapiam
1300 714 1363 753 ex
1388 700 1719 769 conjecturis
1746 701 1951 770 aliquid

383 783 679 838 aﬂirmant.
713 785 951 840 Adducti
989 803 1119 841 vero
1148 789 1452 844 rationibus
1485 791 1815 846 necessariis
1849 790 1952 846 hoc
1992 776 2007 793 ’

378 876 615 930 dicimus
646 893 659 928 :
694 891 758 929 ac
792 876 847 930 in
880 877 1027 934 hunc
1058 894 1189 934 sane
1222 881 1438 935 modum
1469 883 1839 937 consideratio
1862 884 1946 937 in-

380 968 666 1021 stituatur.
704 966 832 1022 Duae
862 985 951 1024 res
983 980 1132 1036 sunt,
1187 988 1419 1041 quarum
1452 989 1631 1028 rerum
1684 974 1947 1030 alterutra

380 1056 633 1112 infelices
660 1059 825 1114 urbes
870 1072 1031 1115 erunt
1058 1064 1284 1133 (quippe
1309 1065 1353 1118 si
1390 1066 1535 1119 vitiis
1572 1066 1845 1123 ambobus
1872 1068 1951 1123 la-

377 1148 599 1211 borent,
629 1163 695 1202 ne
726 1152 999 1218 supererit
1030 1152 1245 1222 quidem
1278 1156 1377 1217 eis,
1426 1166 1483 1210 ut
1521 1155 1765 1212 infelices
1798 1160 1947 1223 sint;

377 1238 472 1291 sed
520 1248 682 1292 erunt
714 1240 1124 1311 quamprimum
1171 1245 1453 1316 perditae);
1490 1248 1573 1301 vel
1614 1248 1660 1303 si
1706 1248 1945 1303 fructum

379 1328 738 1395 providentiae
772 1331 947 1396 bonae,
984 1335 1253 1389 bonorum
1309 1337 1645 1407 principum,
1678 1353 1787 1393 non
1819 1355 1947 1409 per-

379 1423 669 1491 cvperint;
705 1424 789 1476 vel
828 1424 873 1479 si
903 1426 984 1481 eis
1034 1442 1223 1495 parere
1255 1444 1362 1482 non
1399 1430 1696 1485 voluerint.
1728 1434 1807 1488 Ac
1834 1434 1947 1501 pri-

380 1528 526 1564 tuum
556 1514 777 1582 quidem
841 1516 972 1571 illud
1010 1527 1095 1572 est
1145 1519 1499 1588 perdiliiciie:
1531 1523 1708 1578 bonus
1737 1534 1796 1579 ut
1828 1539 1946 1579 om-

376 1605 509 1659 nino
541 1606 797 1676 princeps
832 1609 1161 1666 inveniatur.
1195 1611 1436 1667 Alterum
1470 1629 1601 1669 vero
1650 1629 1822 1684 prope
1852 1630 1941 1671 oe-

2060 428 2355 495 ἀρχόντων,
2388 427 2419 493 ἢ
2456 423 2532 494 τῷ
2573 424 2748 477 τοῖσδε
2793 422 3041 477 ἀπειθεῖν
3104 423 3488 492 βεϐουλεῦσθαι.
3525 432 3590 484 Τδ

2060 521 2161 586 μὲν
2192 515 2286 572 οὖν
2338 519 2555 587 πρῶτον
2589 516 2965 586 παγχάλεπον,
3003 519 3234 586 ἄρχοντα
3278 520 3590 573 παντάπασιν

2055 610 2258 675 ἀγαθὸν
2309 607 2633 677 εὑρεθῆναι·
2685 608 2745 661 τὸ
2777 608 2959 677 μέντοι
2994 608 3243 675 δεύτερον
3289 610 3471 677 μικροῦ
3509 613 3593 664 καὶ

2055 701 2352 767 ἀναγκαῖον
2378 700 2444 753 ἂν
2468 700 2739 768 εἴποιμεν,
2772 698 2960 766 ἀγαθῷ
2993 701 3376 767 γινωσκομένῳ
3402 702 3473 770 τῷ
3504 704 3593 770 ἄρ.

2054 807 2200 858 χοντι
2232 789 2467 858 ἀγαθοὺς
2494 791 2653 852 ὄντας
2680 789 2965 843 πείθεσθαι
2994 791 3118 851 τούς
3150 790 3238 842 ὐπ’
3259 790 3595 859 αὐτῷτεταγ·

2058 881 2270 948 μένους.
2301 884 2362 935 Et
2408 882 2515 951 γὰρ
2564 883 2701 951 πρὸς
2749 882 2879 943 τούς
2923 883 3027 935 ὐπὸ
3062 884 3218 951 χεῖρα
3264 882 3478 950 πατρὸς,
3510 885 3594 935 καὶ

2054 974 2245 1041 φίλων,
2281 979 2375 1028 καὶ
2404 975 2762 1044 κυϐερνήτου,
2782 976 2876 1029 καὶ
2899 975 3010 1028 τῶν
3031 974 3286 1027 τοιούτων
3310 977 3485 1042 ἐπέχει
3508 975 3594 1026 τά·

2054 1064 2155 1131 ξεν,
2198 1066 2314 1127 πῶς
2357 1065 2455 1134 οὐχ
2500 1064 2611 1128 ἕξει
2646 1064 3047 1134 πεπεισμένους
3101 1064 3315 1126 αὐτοὺς,
3349 1066 3394 1115 εἰ
3435 1063 3597 1125 καλῶς

2050 1159 2203 1212 ταῦτ’
2231 1157 2457 1222 είδεῖεν;
2488 1158 2597 1211 Καὶ
2629 1159 2741 1228 γὰρ
2777 1158 2998 1220 πάντως
3038 1157 3279 1224 ποιμένι,
3326 1156 3414 1208 καὶ
3455 1157 3597 1207 ἱππο-

2052 1250 2260 1319 φορϐῷ,
2314 1251 2406 1303 καὶ
2436 1249 2697 1319 βουκόλῳ,
2732 1249 2923 1319 ἕψεται
2963 1249 3335 1317 ὲξηγουμένῳ,
3379 1248 3489 1300 ὅποι
3540 1246 3598 1298 ἂν

2051 1344 2362 1411 πορεύοιτο,
2384 1341 2482 1425 ⁸τὰ
2515 1340 2647 1410 παρ’
2699 1340 2911 1393 ἐκείνου
2945 1340 3209 1410 προνοίας
3246 1338 3599 1390 ἁπολαύσοντα

2048 1435 2185 1497 ζῶα.
2221 1434 2331 1487 Καὶ
2351 1433 2713 1502 κυϐερνήτης,
2745 1432 2841 1485 καὶ
2871 1431 3076 1500 ίατρὸς,
3104 1432 3199 1483 καὶ
3229 1430 3363 1492 ὅλως
3398 1427 3600 1496 εὐεργέ-

2046 1543 2167 1595 της,
2208 1522 2268 1580 εὖ
2319 1526 2465 1596 μάλα
2504 1524 2722 1588 πάντως
2767 1526 3073 1587 πείσουσιν,
3135 1520 3217 1584 οἷς
3253 1539 3315 1589 γε
3378 1521 3601 1589 σωτῆρες

2052 1620 2353 1687 ἐφάνησαν.
2403 1616 2692 1689 Δηλονοτιὴ
2721 1620 2816 1672 καὶ
2850 1614 3060 1685 τυφλῷ,
3098 1617 3263 1683 φησὶν
3295 1615 3320 1666 ὁ
3353 1615 3598 1682 κωμικὸς,

377 1698 679 1751 cessarittm
712 1715 932 1767 quoque
955 1701 1256 1758 dixerimus
1285 1723 1297 1767 ;
1334 1715 1390 1758 ut
1427 1706 1682 1775 principi,
1706 1707 1801 1775 qui
1825 1721 1941 1762 esse

2057 1682 2150 1777 ἀφ’
2178 1682 2238 1763 οὐ
2262 1727 2321 1763 σε
2346 1709 2441 1763 νῦν
2466 1682 2777 1779 όσοφιστὴς
2804 1682 3091 1777 ἄρτι-πρὸς
3115 1682 3279 1775 ἕτερα
3298 1705 3468 1775 βιϐλία
3492 1721 3603 1773 μετ-

379 1788 554 1843 bonus
604 1794 947 1857 agnoscitur,
1006 1796 1207 1848 subditi
1240 1806 1297 1850 et
1336 1797 1437 1859 ipsi
1488 1799 1613 1853 boui
1665 1800 1944 1869 obtempe-

300 1880 303 1883 ’
382 1890 524 1934 rent.
561 1879 693 1934 Nam
721 1883 767 1936 si
801 1899 929 1953 erga
958 1886 1210 1940 subditos
1236 1897 1289 1941 et
1314 1890 1509 1957 patris,
1535 1900 1589 1943 et
1614 1890 1943 1954 amicorum,

375 1980 430 2025 et
453 1972 861 2040 gubernatoris,
894 1984 949 2029 et
979 1977 1213 2031 aliorum
1250 1979 1557 2049 bujusmodi
1586 1983 1766 2037 locum
1799 1984 1944 2040 obti-

378 2074 467 2117 net
500 2081 514 2117 :
551 2079 662 2133 quo
698 2075 857 2133 pacto
891 2082 999 2124 non
1034 2084 1132 2124 eos
1180 2070 1328 2125 dicto
1366 2074 1655 2130 audientes
1700 2076 1940 2141 habebit,

377 2155 540 2209 modo
570 2155 684 2210 haec
725 2158 791 2210 de
827 2159 946 2227 ipso
980 2171 1125 2215 recte
1179 2164 1407 2218 norint?
1437 2163 1675 2221 Omnino
1705 2183 1943 2239 namque

373 2258 671 2315 pastorem.
706 2258 758 2303 et
787 2253 1099 2320 equarium,
1135 2266 1189 2309 et
1241 2260 1660 2323 armentarium,
1692 2279 1941 2333 quocun-

374 2354 483 2405 que
506 2342 830 2408 perrexerit.
862 2342 1069 2399 itineris
1089 2346 1280 2401 ducem
1311 2362 1633 2419 sequentur,
1681 2370 1941 2423 quascun-

372 2446 481 2499 que
512 2432 766 2487 animalia
800 2434 971 2503 ipsius
1016 2439 1361 2506 providentia
1416 2457 1659 2513 curaque
1705 2445 1939 2502 fruitura

374 2532 523 2578 sunt.
557 2525 747 2580 itidem
780 2538 835 2582 et
878 2530 1211 2598 gubernator
1247 2535 1423 2599 navis,
1474 2545 1531 2591 et
1582 2538 1850 2602 medicus.
1887 2551 1942 2595 et

374 2618 688 2689 quicunque
711 2622 849 2676 bene
896 2624 963 2678 de
1003 2626 1128 2680 aliis
1153 2640 1425 2691 meretur,
1456 2632 1684 2687 omnino
1713 2649 1941 2703 persua-

373 2707 537 2763 dendi
563 2710 667 2763 vim
697 2711 761 2764 ad
784 2727 879 2767 eos
918 2713 1195 2771 habebunt
1231 2736 1366 2787 quos
1398 2730 1635 2777 servant.
1668 2722 1936 2778 Nimirum

373 2799 459 2854 vel
483 2816 626 2856 czeco
659 2813 831 2872 paret,
863 2805 1041 2876 inquit
1067 2811 1313 2865 comicus
1348 2813 1455 2877 ille,
1482 2830 1512 2867 a
1538 2830 1648 2883 quo
1672 2826 1722 2871 te
1750 2833 1940 2873 recens

372 2902 673 2962 praceptor
707 2905 834 2952 tuus
874 2899 1014 2953 alios
1050 2901 1116 2955 ad
1158 2902 1325 2958 libros
1353 2906 1631 2973 traduxit;
1672 2906 1935 2975 futurum,

378 2992 436 3040 ut
470 2985 605 3041 tales
636 2987 859 3054 subditi,
900 2988 948 3045 εἰ
986 2990 1126 3047 Deus
1152 2995 1380 3064 alirujus
1410 3000 1611 3066 peccati
1644 3014 1807 3056 causa
1833 3017 1938 3058 noo
1967 3030 2012 3093 Ο

373 3078 668 3143 ob5titerit,
702 3083 771 3135 ab
800 3082 1076 3152 ejusmodi
1110 3088 1241 3143 itero
1270 3091 1605 3161 perbenigne
1636 3102 1943 3148 tractentur

372 3181 427 3227 et
448 3175 1009 3244 verissimibcatitate
1028 3181 1333 3248 potiantur;
1361 3183 1523 3252 idque
1546 3186 1812 3241 diuturnis
1830 3197 1942 3242 tum

372 3268 690 3334 sudoribus,
722 3277 836 3322 tum
862 3271 1139 3328 laboribus
1170 3289 1269 3329 nec
1293 3276 1470 3327 minus
1494 3277 1750 3343 periculis
1774 3277 1940 3343 illius,

372 3359 466 3427 qui
504 3376 627 3415 cum
674 3363 755 3415 eis
783 3364 1086 3419 certamina
1121 3382 1221 3434 pro
1270 3370 1350 3421 eis
1380 3370 1633 3437 suscipit,
1667 3386 1729 3425 ac
1762 3374 1940 3427 navim

378 3450 549 3517 perite
595 3453 933 3508 moderatur.
977 3454 1189 3526 Quippe
1222 3458 1265 3513 si
1298 3459 1470 3514 bonus
1514 3462 1787 3531 princeps,
1815 3479 1940 3533 erga

372 3546 546 3599 bonos
579 3546 849 3611 subditos,
884 3547 986 3602 hoc
1023 3555 1181 3605 modo
1212 3552 1282 3607 sit
1314 3551 1547 3607 aﬁectus
1572 3573 1590 3609 ι
1626 3570 1830 3624 eosque
1862 3558 1941 3610 vi-

371 3636 499 3689 deat
526 3650 557 3689 a
583 3651 683 3689 suo
708 3646 841 3691 nutu
868 3638 1165 3707 pendentes
1191 3660 1203 3705 ;
1232 3657 1294 3696 ac
1316 3643 1548 3713 principi
1576 3652 1689 3697 tum
1717 3646 1941 3714 cupien-

369 3738 476 3789 tes,
509 3738 623 3781 tum
662 3738 915 3798 optantes
957 3732 1291 3788 faustissima
1344 3751 1608 3805 quaeque;
1650 3738 1778 3806 quid
1831 3754 1938 3792 non

369 3820 458 3873 ille
491 3822 564 3875 rei
597 3822 875 3889 praeclara:
908 3823 1197 3891 perfecerit
1224 3828 1245 3879 ἲ
1268 3842 1380 3896 quo
1410 3837 1572 3897 pacto
1600 3812 1714 3884 non
1746 3830 1937 3900 etipsi

369 3909 496 3975 sibi,
530 3920 584 3964 et
617 3912 846 3981 imperio
890 3914 1230 3981 parentibus,
1264 3917 1627 3971 maximorum
1672 3920 1943 3981 bonorum

370 4013 557 4057 auctor
598 4005 873 4059 exstiterit
902 4024 915 4069 ;
962 4007 1233 4075 siquidem
1263 4009 1414 4063 illum
1450 4010 1518 4065 ad
1549 4011 1599 4065 id
1630 4013 1775 4081 quod
1808 4027 1935 4081 pro-

368 4094 613 4150 futurum
664 4096 757 4163 sit,
790 4107 937 4154 recta
973 4100 1308 4169 gradientem
1336 4102 1444 4165 via,
1476 4105 1658 4158 cuncti
1688 4116 1936 4173 sequan-

368 4187 502 4242 tur?
530 4187 662 4255 Quis
712 4204 820 4244 non
869 4191 939 4246 ob
972 4207 1298 4262 generosum
1331 4194 1597 4260 animum,
1633 4204 1690 4251 et
1734 4212 1933 4263 mores,

366 4295 492 4334 eum
528 4281 861 4350 suspiciens,
889 4282 943 4337 in
985 4285 1161 4351 pretio
1188 4300 1356 4355 supra
1384 4301 1472 4342 res
1504 4301 1694 4344 omnes
1733 4288 1935 4344 habue-

2059 1806 2331 1875 ενήνοχεν,
2383 1803 2459 1866 ὡς
2495 1802 2563 1870 ἦν
2601 1802 2675 1872 μὴ
2728 1801 2796 1855 δι’
2843 1800 3125 1871 ἁμαρτίαν
3182 1796 3504 1868 ἀντικρούσῃ
3549 1794 3604 1845 τὸ

2061 1899 2237 1961 Θεῖον,
2281 1892 2341 1950 εὖ
2374 1895 2433 1949 τὸ
2457 1894 2703 1948 τοιοῦτον
2738 1895 2982 1962 ὑπήκοον
3023 1892 3311 1945 πείσονται
3341 1889 3483 1957 παρὰ
3518 1885 3603 1939 τοῦ

2057 1988 2299 2043 τοιούτου
2339 1989 2627 2043 δεσπότου.
2679 1988 2791 2041 Καὶ
2836 1985 3114 2050 τεύξονται
3172 2001 3237 2052 γε
3283 1979 3606 2050 εὐδαιμονίας

2055 2062 2452 2150 ἀληθεστάτης.
2488 2082 2725 2151 μακροῖς
2744 2078 2933 2148 ἱδρῶσι
2966 2079 3059 2132 καλ⁸
3080 2079 3291 2139 πόνοις.
3308 2075 3402 2145 οὐχ
3425 2076 3607 2143 ἥκιστα

2055 2174 2110 2227 δὲ
2152 2172 2245 2226 καὶ
2278 2170 2545 2233 κινδύνοις
2574 2170 2671 2223 τοῦ
2709 2169 2809 2222 σῦν
2833 2168 3019 2230 αὐτοῖς
3042 2167 3188 2237 ὑπὲρ
3219 2165 3396 2219 αὐτῶν
3425 2164 3607 2230 ἀγωνι-

2057 2264 2313 2334 ζομένου,
2348 2264 2442 2316 καὶ
2464 2264 2561 2315 σύν
2586 2263 2867 2331 ἐπιστήμη
2884 2261 2944 2314 τὸ
2968 2261 3181 2327 σκάφος
3205 2260 3446 2327 ἄγοντος.
3465 2252 3606 2308 Οὖτω

2055 2358 2165 2427 γὰρ
2199 2354 2333 2427 πρὸς
2369 2353 2610 2423 ἀγαθοὺς
2650 2354 2929 2422 ὑπηκόους
2972 2352 3187 2420 ἀγαθὸς
3238 2351 3419 2420 ἄρχων
3458 2347 3606 2416 ἔχων,

2057 2453 2151 2503 καὶ
2167 2449 2394 2510 τούτους
2417 2446 2630 2515 βλέπων
2645 2446 3053 2515 ἀνηρτημένους
3077 2442 3248 2496 αὐτοῦ
3261 2441 3337 2511 τῷ
3375 2439 3606 2507 νεύματι,

2058 2540 2419 2610 βουλομένους
2463 2556 2520 2592 τε
2554 2537 2703 2605 αὐτῷ
2737 2538 2833 2591 καὶ
2870 2538 3207 2607 εὐχομένους
3238 2537 3303 2591 τὰ
3341 2534 3604 2593 κάλλιστα,

2058 2636 2113 2687 τί
2190 2634 2290 2686 οὐκ
2353 2631 2419 2685 ἃν
2487 2629 2785 2701 ἐργάσαιτο
2843 2630 2952 2683 τῶν
3021 2629 3256 2695 καλῶνς
3332 2627 3443 2687 πῶς
3501 2622 3607 2691 οὐχὶ

2050 2728 2141 2778 καὶ
2169 2722 2367 2791 ἑαυτῷ,
2388 2722 2486 2776 καὶ
2510 2723 2621 2785 τοῖς
2647 2719 2995 2791 πειθομένοις
3024 2719 3207 2787 αὐτῷ,
3243 2718 3506 2788 μεγίστων
3535 2713 3608 2766 αῖ-

2050 2835 2163 2880 τιος
2190 2815 2412 2885 ἀγαθῶν
2440 2812 2753 2881 ἀναγκαίως
2788 2812 2855 2865 ἂν
2888 2814 3123 2881 γένοιτο,
3150 2813 3262 2882 τὴν
3299 2810 3457 2880 ὀρθὴν
3483 2808 3607 2876 πρλς

2050 2910 2112 2961 τὸ
2148 2910 2392 2961 συνοῖσον
2420 2905 2571 2975 αὐτῷ
2598 2904 2864 2975 χωροῦντι
2929 2906 3299 2974 ὲφεπομὲνων
3331 2903 3602 2963 suam»;

2049 3001 2144 3061 Τίς
2168 3000 2267 3053 οὐκ
2291 2999 2359 3051 ἂν
2385 2999 2663 3067 ἀγάμενος
2693 2996 2853 3050 αὐτὸν
2873 2998 2971 3064 τῆς
2990 2996 3381 3064 γενναιότητος
3412 2992 3606 3047 καὶτῶν

2044 3094 2260 3161 τρόπων
2288 3090 2383 3143 τοῦ
2413 3107 2477 3159 γε
2539 3089 2740 3151 παντὸς
2768 3090 3022 3159 τιμήσαι,
3052 3092 3099 3141 εί
3138 3090 3225 3161 μὴ
3266 3088 3462 3158 σφόδρα
3492 3083 3605 3155 μαί-

2043 3198 2186 3232 νοιτο
2210 3200 2223 3245 ς
2250 3181 2412 3233 Ὥστε
2440 3180 2709 3251 πρόδηλον
2740 3179 2925 3239 αὐτοῖς
2958 3182 3017 3233 τὸ
3040 3180 3168 3233 εὐδα
3186 3201 3202 3233 ι
3212 3182 3409 3250 μονεῖν.
3435 3178 3520 3230 Δεῖ
3537 3175 3606 3235 δὲ.

2043 3268 2217 3342 οἶμαι,
2256 3273 2393 3344 πρὸς
2440 3271 2689 3337 τοιαῦτα,
2728 3272 2820 3324 καὶ⁵
2861 3274 2970 3334 πᾶς
3017 3274 3152 3342 ἐρεῖ.
3201 3271 3478 3326 αἰτιᾶσθαι
3517 3267 3605 3336 μιν

2044 3364 2263 3434 ἀρετὴν,
2288 3358 2354 3434 ἦς
2376 3363 2646 3432 ἀπούσης,
2667 3358 2946 3433 προῦπτον
2975 3363 3143 3416 κακὸν
3168 3366 3210 3433 ἡ
3241 3362 3465 3417 δοκοῦσα
3491 3359 3608 3425 εὐηι

2046 3457 2242 3525 μερία·
2266 3457 2381 3515 τοῖς
2406 3453 2515 3525 γὰρ
2543 3455 2641 3507 οὐκ
2674 3455 2846 3521 ἀξίοις
2875 3454 2937 3506 τὸ
2963 3455 3275 3524 εὐπραγεῖν
3305 3456 3402 3507 οὐκ
3429 3451 3608 3518 ὠφέλι-

2045 3568 2144 3618 μον
2170 3567 2183 3581 ·
2218 3548 2489 3602 αίτιᾶσθαι
2512 3548 2568 3601 δὲ
2592 3548 2719 3610 τοὺς
2750 3548 2943 3616 λόγους
2972 3548 3069 3617 οὐχ
3099 3542 3273 3619 ἧττον
3305 3549 3336 3617 ἦ
3373 3547 3465 3615 τὴν
3493 3547 3607 3615 ἀρε-

2040 3644 2155 3710 τήν.
2190 3640 2311 3694 Οἵδε
2348 3643 2453 3709 γὰρ
2494 3643 2545 3693 oi
2572 3640 2855 3702 πείθοντες
2901 3640 3207 3694 ἀπολαύειν
3249 3645 3359 3695 τῶν
3407 3640 3607 3706 ἐκείνης

2040 3733 2279 3801 ἀγαθῶν.
2298 3733 2383 3796 Ὡς
2405 3734 2518 3801 εἴγε
2547 3732 2707 3785 τοῦτο
2731 3732 2806 3802 μὴ
2839 3731 3136 3801 βούλοιντο,
3160 3734 3283 3787 οὐδ’
3312 3732 3609 3803 ὠφελήσον-

2038 3841 2130 3876 ται
2161 3822 2490 3893 παρ⁹αὐτῆς,
2522 3826 2597 3894 μὴ
2632 3825 2993 3892 μετασχόντες
3013 3824 3121 3876 τῶν
3148 3842 3182 3876 α
3202 3824 3331 3894 ὐτῆς
3361 3822 3607 3890 ἀγαθῶν·

2040 3917 2157 3979 πῶς
2186 3916 2294 3984 γὰρ
2329 3915 2591 3979 ἄκοντες;
2632 3915 2796 3967 Ὥστε
2840 3914 2922 3968 δεῖ
2952 3914 3043 3967 τὸν
3095 3914 3317 3980 ἀγαθὸν
3365 3914 3605 3982 ἄρχοντα,

2038 4012 2131 4061 καὶ
2160 4007 2379 4077 ἀγαθῶν
2399 4025 2558 4063 τινων
2588 4007 3011 4075 προϊστάμενον,
3043 4007 3137 4059 καὶ
3165 4008 3243 4060 τὰ
3270 4008 3401 4075 περὶ
3427 4008 3607 4072 λόγους

2039 4099 2243 4163 ἀγαθὸν
2272 4093 2433 4161 εἶναι,
2460 4096 2526 4149 ἵν’
2549 4095 2661 4165 ἔχοι
2689 4096 2900 4150 πείθειν
2930 4097 3149 4161 αὐτοὺς,
3181 4097 3276 4166 ἐφ’
3306 4096 3387 4162 οἷς
3415 4100 3478 4151 ἂν
3499 4095 3609 4164 βέλ-

2037 4207 2150 4242 τιον
2173 4191 2257 4260 εἴη
2296 4188 2588 4259 πράττειν·
2613 4188 2703 4242 ἵνα
2732 4190 2807 4257 μὴ
2833 4189 3073 4259 χρηστὸς
3100 4190 3204 4258 μὲν
3224 4189 3335 4260 εἴη,
3368 4186 3607 4258 χρηστῶν

2036 4282 2093 4334 δὲ
2121 4282 2289 4353 ἀρχῃ,
2315 4280 2716 4349 ἁφηνιάζοντας
2739 4279 2782 4332 δ’
2809 4279 2960 4348 ὅμως
2985 4279 3124 4349 ἔχων
3143 4282 3372 4345 αὐτοὺς,
3414 4281 3509 4334 καὶ
3540 4278 3607 4348 μὴ

365 4371 457 4437 rit,
482 4371 589 4426 uisi
624 4372 782 4427 valde
813 4373 1096 4428 insaniat?
1129 4377 1544 4434 evidentissime
1572 4380 1809 4450 denique
1838 4398 1937 4449 pa-

2047 4374 2290 4437 είκοντας
2322 4368 2404 4435 οἷς
2434 4370 2586 4439 γνοίη
2617 4372 2756 4440 πρὸς
2790 4371 2893 4441 τὴν
2934 4372 3207 4441 σφετέραν
3252 4374 3436 4427 αὐτῶν
3480 4370 3611 4437 ὠφέ-

365 4471 471 4527 ret,
502 4461 600 4517 bos
625 4462 812 4518 beatos
839 4478 980 4520 esse.
1006 4464 1259 4522 Arbitror
1286 4477 1468 4524 autem
1501 4470 1637 4540 ipse,
1671 4468 1941 4544 necquis-

375 4568 537 4620 quam
574 4553 947 4636 .inficiabitur,
992 4572 1213 4613 causam
1245 4564 1437 4615 borum
1464 4564 1528 4616 ad
1560 4564 1814 4620 virtutem
1850 4583 1937 4619 rr—

367 4644 686 4710 ferendam;
736 4649 942 4716 absque
990 4665 1094 4715 qua
1143 4652 1236 4717 sit,
1290 4665 1539 4723 apertum
1573 4659 1775 4710 malum
1812 4659 1934 4722 erit,

365 4752 490 4807 quae
516 4737 747 4795 felicitas
796 4756 919 4796 esse
949 4743 1185 4797 videtur.
1226 4744 1465 4815 Indignis
1509 4749 1652 4802 enim
1696 4765 1784 4803 res
1815 4765 1938 4819 pro-

368 4845 542 4899 spera:
572 4840 903 4887 nocumeuto
951 4845 1101 4889 sunt.
1138 4835 1326 4905 Neque
1379 4839 1563 4895 minus
1606 4840 1936 4911 eloquentia:

365 4921 563 4977 studiis
617 4922 733 4981 haec
772 4935 902 4980 sunt
959 4939 1178 4996 accepta
1235 4929 1458 4985 ferenda
1509 4948 1672 5001 quam
1721 4935 1929 4989 virtuti.

348 5007 500 5063 Nam
532 5024 595 5065 ea
622 5021 772 5075 sunt,
800 5027 925 5087 qua:
975 5016 1303 5070 mortalibus
1335 5019 1685 5086 persuadent,
1720 5030 1778 5074 ttt
1824 5021 1927 5074 vir-

366 5102 499 5157 tutis
533 5102 635 5157 lrui
664 5106 821 5160 bonis
844 5107 1014 5161 velint
1051 5126 1065 5162 :
1101 5108 1301 5178 quippe
1327 5110 1371 5164 si
1400 5109 1501 5164 ltoc
1530 5110 1708 5166 facere
1739 5112 1929 5179 nolint,

364 5192 503 5247 nihil
539 5209 604 5247 ex
633 5196 829 5250 virtute
860 5198 1136 5253 commodi
1162 5201 1485 5270 percipient,
1518 5201 1785 5257 bonorum
1814 5204 1932 5272 ejus

366 5282 591 5338 minime
619 5287 910 5357 participes
944 5289 1070 5343 facti
1106 5306 1121 5347 :
1151 5306 1259 5361 quo
1288 5292 1433 5346 enim
1462 5293 1565 5348 hoc
1592 5304 1749 5364 pacto
1773 5294 1933 5349 cadat

365 5375 416 5427 in
446 5375 693 5431 invitos?
722 5377 1089 5443 Quamobrem
1126 5382 1297 5436 bonus
1323 5385 1597 5454 princeps,
1623 5394 1677 5440 et
1706 5386 1799 5455 qui
1833 5387 1932 5441 bo-

365 5464 451 5519 uis
478 5466 755 5536 aliquibus
790 5480 1011 5538 praeest,
1063 5475 1224 5528 etiam
1276 5477 1562 5546 prazceptis
1605 5476 1930 5547 eloquentia:

365 5565 508 5611 recte
542 5559 843 5616 instructus
873 5578 998 5618 esse
1039 5565 1219 5630 debet,
1254 5577 1311 5621 ttt
1340 5584 1470 5623 suos
1501 5568 1778 5638 impellere
1809 5585 1930 5639 per-

364 5650 642 5709 suadendo
685 5654 854 5724 possit
884 5656 952 5711 ad
985 5671 1048 5717 ea
1082 5672 1202 5730 qua:
1243 5658 1420 5719 facere
1472 5656 1753 5737 prastabit
1790 5680 1803 5719 :
1862 5678 1928 5725 ne

2043 4462 2212 4525 λειαν,
2235 4461 2387 4515 οὐδὲν
2411 4462 2653 4524 ἐκείνους
2669 4462 2840 4532 ὀνήσῃ
2864 4478 2880 4494 ο
2903 4462 3025 4515 ἐπεὶ
3045 4464 3138 4515 καὶ
3169 4463 3364 4526 παῖδες
3399 4462 3608 4532 ἰατρῶν,

2042 4554 2216 4607 ἔστων
2245 4554 2302 4607 δὲ
2328 4553 2429 4625 τὴν
2456 4555 2655 4623 τέχνην
2684 4553 2904 4620 ἀγαθοὶ,
2940 4555 2989 4608 εί
3023 4555 3098 4626 μὴ
3133 4554 3231 4609 καὶ
3264 4557 3429 4620 δεξιοί
3478 4570 3610 4613 τινες

2042 4640 2170 4705 εἷεν,
2209 4648 2302 4697 καὶ
2332 4645 2519 4697 εἰδεῖεν
2548 4645 2695 4704 ὅπως
2722 4644 2969 4697 πείσουσι
3003 4644 3071 4697 τὰ
3111 4645 3240 4711 παρ’
3276 4648 3499 4699 ἐκείνων
3533 4643 3611 4695 6&-

2042 4735 2233 4803 χεσθαι
2265 4735 2562 4805 φάρμακα,
2612 4735 2805 4789 οὐδένα
2840 4752 2942 4787 που
3000 4736 3109 4788 τῶν
3144 4738 3371 4791 πάντων
3400 4738 3610 4804 ὡφελήο

2042 4845 2208 4881 σουσι.
2231 4830 2322 4880 Δεῖ
2340 4828 2470 4897 γὰρ,
2492 4824 2671 4897 οἶμαι,
2691 4827 3053 4897 προηγεῖσθαι
3076 4828 3233 4900 δόξης
3260 4831 3364 4899 μὲν
3377 4828 3610 4899 χρηστῆς

2039 4920 2234 4983 πειθὼ,
2269 4919 2474 4987 ταύτης
2507 4919 2564 4972 δὲ
2590 4922 2823 4989 δύναμιν
2849 4920 3045 4988 λόγων,
3074 4922 3124 4972 εί
3158 4921 3347 4990 μέλλοι
3379 4940 3465 4983 τις
3504 4923 3607 4972 ἀπό

2038 5030 2180 5075 τινος
2205 5011 2517 5079 ἀναγκαίως
2536 5011 2935 5082 ὠφελήσεσθαι,
2958 5012 3264 5082 δυναμένου
3294 5013 3457 5066 τοῦτο
3481 5011 3607 5080 δρᾶο

2040 5123 2149 5169 σαι,
2174 5106 2272 5159 καὶ
2296 5104 2522 5173 προσέτι
2550 5104 2975 5168 θέλοντος.”ι1σθ’
2995 5106 3045 5157 οἱ
3069 5105 3217 5173 λόγοι
3244 5108 3345 5159 καὶ
3374 5104 3608 5164 πειθοῦς.

2039 5199 2134 5251 καὶ
2187 5197 2284 5251 τοῦ
2352 5196 2609 5262 δοξάζειν·
2666 5196 2849 5264 ἀγαθὰ
2905 5196 3111 5266 ἀγαθὸν
3178 5198 3427 5267 ὑπήκοον
3484 5195 3611 5265 περὶ

2037 5290 2257 5357 ἀγαθῶν
2302 5290 2603 5360 ἀρχόντων,
2653 5290 2818 5343 αἴτιοι
2850 5290 3041 5358 σαφῶς
3067 5290 3483 5359 ἀναπέφανται·
3521 5289 3610 5340 καὶ

2036 5378 2146 5433 εἶεν
2168 5381 2233 5433 ἂν
2259 5380 2507 5450 χρυσίου,
2538 5382 2628 5433 καὶ
2654 5380 3023 5451 πολυχειρίας,
3043 5384 3137 5435 καὶ
3166 5382 3445 5451 μηχανῆς,
3478 5382 3610 5432 ἄττα

2034 5473 2098 5540 δὴ
2133 5474 2264 5542 πρὸς
2290 5472 2580 5540 σύγκρισ.ν
2604 5475 2735 5543 ἡμῖν
2758 5476 3101 5545 τοκαταρχὰς
3122 5476 3428 5543 παρετέθη,
3454 5470 3612 5541 ἀμεί-

2035 5582 2155 5626 νους
2189 5564 2321 5633 πρὸς
2344 5565 2610 5633 ὠφέλειαν
2634 5567 2885 5635 ἄρχουσι.
2920 5569 3029 5621 Καὶ
3059 5570 3088 5620 ό
3120 5566 3213 5619 νῦν
3248 5568 3387 5635 ἡμῖν
3414 5565 3607 5626 διαζω-

2034 5657 2409 5733 γεηαφούμενος
2439 5658 2641 5729 ἄρχων,
2674 5662 2752 5723 είς
2783 5660 2849 5713 τὰ
2886 5662 2981 5732 τῆς
3014 5662 3190 5733 ψυχῆς
3239 5660 3411 5713 αἰτοῦ
3452 5660 3608 5710 πλεο-
