3920 6200
337 281 438 349 ιιι

1458 246 1901 344 ’ΜΑΝυΕιιε
1941 283 2394 347 PALEOLOGI

3478 285 3586 353 412

339 397 521 457 ciendi
544 407 597 453 et
620 397 933 468 perﬁciendi
960 396 1270 452 facultatem
1318 395 1504 450 habet.
1541 394 1613 450 Ut
1670 397 1815 450 enim
1844 411 1906 449 ex

2034 400 2313 468 [ωρισμοῖς
2338 397 2398 449 τὸ
2421 395 2769 467 διεφθάρθαι,
2797 396 2893 451 καὶ
2914 397 3106 468 μηκέτ’
3132 393 3296 453 εἶναι.
3323 398 3395 453 Τὸ
3421 399 3478 453 δὲ
3509 402 3588 454 αῖ-

342 492 600 560 propiore
634 489 700 543 ad
743 488 906 542 Deum
938 503 1161 542 accessu
1192 496 1245 542 et
1277 487 1649 542 familiaritate
1675 484 1957 542 Salutem"

341 597 394 638 et
419 582 874 648 incolumitatem,
902 596 1027 636 cum
1060 582 1186 635 boni
1237 581 1679 650 participatione,
1712 595 1910 634 conse-

337 675 580 743 quimur,
619 673 810 726 eodem
834 672 996 726 modo
1021 688 1115 741 per
1158 672 1556 741 Sejunctionem
1588 687 1651 726 ac
1675 672 1915 740 diremp-

338 776 451 818 tum
482 764 790 827 interimus,
823 771 876 817 et
909 764 962 816 in
1015 762 1244 816 nihilum
1287 763 1609 833 redigimur.
1669 764 1799 833 Ejus
1832 764 1909 817 rei

336 864 503 903 causa
564 858 649 904 est
677 851 1020 905 admirabilis
1051 851 1297 918 quaedam
1347 852 1632 905 harmonia
1668 867 1846 905 rerum
1882 867 1910 905 a

334 955 502 996 causa
553 940 924 1010 profectarum
987 952 1042 998 et
1080 944 1450 1009 conditarum,
1492 959 1615 998 cum
1658 945 1776 1013 ipso
1810 960 1913 998 au-

337 1046 494 1088 ctore
521 1044 584 1088 et-
613 1034 898 1089 conditore
932 1050 947 1089 :
980 1035 1295 1101 ineffabilis,
1365 1038 1579 1091 ratione
1606 1036 1914 1091 communi-

339 1123 574 1178 cationis
601 1132 655 1178 et
695 1124 962 1180 effusione
992 1127 1255 1183 bonitatis
1283 1146 1297 1194 ;
1333 1145 1615 1198 nunquam
1651 1149 1913 1202 rumpen-

340 1212 432 1279 da,
473 1223 697 1283 propter
732 1225 1015 1271 auctorem
1049 1219 1257 1274 vinculi
1288 1230 1341 1274 et
1369 1223 1588 1276 unionis
1637 1229 1913 1294 magnitu-

340 1302 546 1359 dinem.
580 1306 780 1360 Eadem
808 1308 920 1376 jam
953 1310 1175 1378 paulum
1211 1312 1557 1382 intelligitur,
1598 1315 1725 1369 dum
1752 1319 1913 1386 spiri-

345 1394 424 1448 tui
450 1397 844 1466 contemplanti
878 1400 1049 1452 lutum
1075 1401 1293 1465 obstat;
1324 1402 1417 1455 sed
1470 1403 1661 1470 purius
1687 1405 1914 1459 immor-

345 1486 555 1541 talitate
588 1503 683 1555 per
714 1491 1178 1545 resurrectionem
1235 1494 1451 1549 donatis
1484 1497 1723 1564 pateﬁet.
1760 1496 1911 1563 Qua-

344 1588 564 1648 propter
594 1594 837 1635 amorem
872 1584 1067 1636 mereri
1125 1583 1270 1649 dico,
1327 1601 1434 1639 non
1494 1588 1657 1641 modo
1706 1589 1909 1644 bonum

2019 506 2132 541 τιον
2164 488 2448 559 θαυμαστή
2476 506 2565 552 τις
2591 488 2831 559 ἁρμονία
2860 489 2966 543 τῶν
2994 490 3255 545 αἱτιατῶν
3291 507 3349 544 τε
3383 492 3476 545 καλ⁹
3498 508 3590 560 γε-

2017 577 2255 645 γονότων
2303 579 2440 643 πρὸς
2478 579 2569 631 τὸν
2618 578 2794 632 αἴτιον
2821 580 2912 632 καὶ
2954 581 3321 650 πεποιηκότα,
3347 581 3590 651 ἄρῤητος

2020 668 2122 738 μὲν
2146 667 2224 739 τῷ
2244 671 2432 739 τρόπῳ
2452 670 2554 735 τῆς
2584 670 2871 735 κοινωνίας
2894 671 2989 725 καὶ
3014 673 3080 741 τῇ
3103 674 3201 741 τῆς
3227 672 3593 743 ἀγαθωσύνης

2019 759 2261 830 ὲκχύσει,
2282 761 2554 832 ἄρρηκτος
2575 763 2629 817 δὲ
2655 763 2744 817 διὰ
2763 763 2857 817 τὸν
2882 762 3244 834 συνδήσαντα,
3267 764 3358 817 καὶ
3376 763 3436 817 τδ
3454 764 3592 816 πολὺ

2016 847 2119 913 τῆς
2153 852 2401 916 ὲνώσεως
2428 870 2441 884 ·
2470 852 2648 922 ὀλίγον
2683 853 2811 923 ἄρτι
2842 852 3247 924 γινωσκομένη,
3286 852 3380 907 τοῦ
3416 851 3593 921 πηλοῦ

2016 943 2450 1011 προσισταμένου
2468 943 2541 1012 τῷ
2561 942 2852 1013 θεωροῦντι
2885 941 3189 1012 πνεύματι·
3227 942 3584 1011 φανησομένη

2017 1030 2075 1084 δὲ
2138 1031 2524 1103 καθαρώτερον
2563 1032 3049 1086 ἁπαθανατισθεῖσι
3099 1032 3187 1086 διὰ
3231 1031 3328 1100 τῆς
3357 1032 3600 1086 ἀναστά-

2026 1136 2185 1185 σεως.
2207 1121 2436 1191 Φιλητὸν
2452 1122 2580 1191 γοῦν
2601 1117 2740 1175 εἷναί
2764 1140 2906 1191 φημι
2931 1123 2991 1174 οὐ
3018 1122 3180 1194 μόνον
3200 1137 3263 1190 γε
3288 1119 3347 1175 τὺ
3366 1122 3597 1189 ἄπειρον

2014 1213 2240 1279 ἀγαθὸν,
2256 1214 2349 1266 καὶ
2364 1213 2461 1283 τὴν
2483 1213 2768 1284 ἀστραπὴν
2788 1214 2879 1267 τοῦ
2899 1213 3154 1278 κάλλους,
3174 1213 3269 1266 καὶ
3293 1215 3393 1282 τῆς
3418 1211 3596 1282 ὥρας,

2018 1305 2109 1358 καὶ
2133 1305 2228 1373 τῆς
2257 1308 2499 1375 χάριτος,
2532 1307 2654 1377 ἥτις
2687 1306 2880 1376 ἐκείνῳ
2916 1305 3293 1375 ξυμπὲφυκεν,
3332 1303 3467 1357 ἀλλὰ
3499 1305 3602 1356 καὶ

2017 1396 2146 1460 πᾶν,
2177 1388 2221 1463 ᾧ
2254 1396 2474 1464 μέτεστι
2507 1396 2675 1449 καλοῦ
2712 1413 2771 1448 τε
2827 1398 2920 1449 καὶ
2962 1394 3302 1464 eaeaeae
3345 1395 3477 1448 αὐτὸ
3535 1394 3604 1447 τὸ

1951 1467 1970 1484 ’
2013 1485 2361 1557 ὑπεράγαθον
2389 1488 2484 1540 καὶ
2522 1481 2850 1559 ὑπέρκαλον,
2889 1488 2981 1540 καὶ
3033 1488 3096 1541 τὸ
3142 1488 3279 1557 πρὸς
3328 1486 3459 1538 αὐτὸ
3495 1486 3605 1555 τῆς

2017 1577 2234 1646 φύσεως
2274 1579 2430 1648 ἡμῶν
2466 1579 2748 1646 συγγενές.
2785 1577 2883 1630 Διὰ
2914 1578 3021 1649 γὰρ
3052 1578 3149 1646 τὴν
3177 1578 3362 1647 κοινὴν
3394 1575 3608 1645 ἀναφο-

343 1670 476 1724 illud
500 1670 778 1725 inﬁnitum
832 1681 888 1725 et
925 1672 1109 1742 fulgur
1161 1676 1294 1729 illud
1328 1676 1770 1745 pulchritudinis,
1803 1683 1915 1737 ele-

2034 1669 2125 1736 ράν
2168 1686 2227 1722 τε
2269 1670 2362 1722 καὶ
2411 1669 2614 1739 σχέσιν,
2643 1670 2721 1732 ὠς
2768 1669 2831 1723 ἄν
2868 1686 2953 1730 τις
3004 1667 3172 1734 εἴποι,
3203 1668 3302 1739 τὴν
3355 1666 3493 1735 πρὸς
3536 1666 3606 1719 τὸ

344 1761 559 1829 gantiue,
590 1765 803 1828 gratia),
823 1764 972 1833 quod
1004 1765 1105 1835 ipsi
1128 1778 1324 1821 natura
1348 1769 1515 1835 inest,
1539 1787 1729 1826 verum
1751 1776 1917 1829 etiam

347 1852 611 1921 quidquid
646 1854 1070 1922 pulchritudinis
1104 1868 1187 1913 est
1219 1873 1282 1912 ac
1310 1860 1437 1914 boni
1471 1863 1765 1931 particeps,
1796 1880 1921 1933 pro-

345 1952 464 2011 pter
490 1960 804 2013 supremum
858 1947 993 2002 illud
1027 1950 1256 2016 bonum,
1319 1969 1746 2025 supremamque
1802 1960 1923 2026 pul-

342 2033 732 2102 chritudinem,
753 2052 818 2092 ac
835 2047 1034 2094 nostrae
1053 2056 1177 2096 cum
1197 2056 1260 2096 ea
1297 2055 1506 2099 naturae
1525 2050 1921 2113 cognationem.

345 2124 481 2180 Nam
516 2139 738 2197 propter
758 2146 1108 2187 communem
1136 2133 1455 2191 relationem
1478 2147 1532 2193 et
1558 2138 1921 2207 affectionem,

350 2227 412 2270 ut
446 2218 519 2272 ita
547 2219 748 2286 dicam,
784 2222 851 2275 ad
910 2223 1147 2291 primum
1175 2225 1327 2292 illud,
1384 2243 1714 2300 omnemque
1761 2248 1923 2301 supra

351 2311 742 2378 perfectionem
778 2315 1015 2380 positum
1040 2317 1267 2382 bonum,
1296 2321 1480 2375 omnia
1523 2332 1578 2377 et
1602 2322 1741 2377 bona
1771 2325 1923 2390 tiuut,

351 2413 408 2458 et
425 2404 746 2475 diliguntur,
770 2415 953 2461 mutua
974 2407 1206 2476 quadam
1228 2408 1513 2466 aﬂ‘ectione
1527 2413 1627 2465 sibi
1651 2413 1926 2478 devincta,

352 2493 488 2561 Qua:
523 2498 668 2551 enim
692 2498 856 2554 alicui
890 2499 968 2553 rei
998 2499 1235 2568 simplici
1280 2509 1511 2567 cognata
1542 2515 1693 2567 sunt,
1731 2522 1924 2560 eorum

351 2595 408 2643 ct
437 2588 666 2645 invicem
693 2594 941 2659 quaedam
959 2599 1043 2646 est
1062 2593 1337 2661 cognatio.
1383 2595 1621 2663 Cognata
1673 2612 1800 2650 vero
1838 2601 1922 2652 di-

353 2680 471 2751 ligi,
495 2698 564 2736 ne
590 2682 768 2737 verbis
787 2682 1007 2751 quidem
1036 2697 1175 2752 opus
1206 2693 1308 2746 est,
1335 2693 1393 2737 ut
1419 2689 1698 2754 probetur.
1725 2692 1928 2746 Omnes

355 2791 488 2843 ergo
514 2775 709 2840 bonos,
732 2786 787 2830 et
816 2790 847 2830 a
871 2775 1037 2840 bono,
1058 2784 1115 2830 et
1140 2776 1205 2831 ad
1234 2777 1435 2831 bonum
1458 2782 1727 2846 conditos,
1760 2799 1925 2837 unum

358 2866 425 2920 ad
459 2880 681 2935 scopum
718 2869 937 2922 tendere
968 2868 1089 2924 dico
1112 2868 1134 2940 (
1159 2884 1303 2922 nunc
1347 2871 1490 2924 enim
1522 2872 1586 2927 ad
1618 2872 1944 2950 institutum.

358 2956 667 3025 revertor),
705 2958 932 3026 quiest,
968 2973 1155 3013 amare
1177 2960 1405 3023 bonum,
1465 2964 1799 3032 etquithuid
1825 2968 1930 3020 tale

2027 1761 2243 1829 πρῶτον
2277 1760 2371 1813 καὶ
2403 1760 2750 1830 ὕπερτέλειον
2782 1761 2985 1827 ἀγαθὸν
3018 1760 3198 1813 πάντα
3258 1758 3607 1827 ἀγαθύνεταε

2023 1854 2117 1905 καὶ
2148 1854 2409 1921 φιλεῖται,
2443 1855 2635 1923 ἔχοντα
2668 1854 2801 1925 πρὸς
2826 1852 3030 1924 ἄλληλα
3070 1854 3355 1923 σχετικῶς.
3386 1854 3467 1905 Τὰ
3487 1851 3611 1920 γὰρ

2025 1943 2179 2013 ἀπλῷ
2225 1962 2331 1998 τινι
2374 1947 2612 2015 συγγενῆ
2661 1949 2752 2000 καὶ
2801 1946 3049 2017 ἀλλήλοις
3081 1948 3146 2000 ἂν
3184 1947 3289 2015 εἴη.
3321 1946 3394 1998 Τὸ
3420 1944 3474 1998 δὲ
3508 1963 3612 2015 φι-

2025 2023 2235 2091 λεῖσθαι
2288 2039 2356 2091 τὰ
2396 2039 2631 2107 συγγενῆ
2691 2038 2813 2091 οὐδὲ
2864 2038 3022 2107 λόγου
3079 2039 3250 2091 δεῖται
3299 2037 3605 2092 δεικνύναι.

2027 2127 2239 2189 Πάντας
2274 2126 2373 2197 μὲν
2403 2124 2495 2181 οὖν
2518 2130 2644 2192 τοὺς
2674 2128 2930 2196 ἀγαθοὺς,
2961 2131 3055 2182 καὶ
3095 2128 3187 2180 ὑπ’
3228 2127 3475 2195 ἀγαθοῦ..
3502 2130 3611 2180 καὶ

2026 2222 2112 2272 ἐπ’
2165 2220 2353 2289 ἀγαθῷ
2385 2220 2908 2291 δημιουργηθέντας,
2960 2223 3040 2281 εἰς
3080 2221 3179 2273 ἕνα
3230 2219 3373 2287 λέγω
3402 2221 3609 2272 τείνειν

2030 2310 2231 2363 σκοπὸν
2262 2311 2383 2381 (ἥδη
2417 2313 2523 2381 γὰρ
2551 2311 2849 2380 ἐπάνειμι),
2879 2313 2937 2365 τὸ
2964 2312 3137 2380 φιλεῖν
3164 2312 3223 2365 τὸ
3258 2311 3482 2378 ἀγαθὸν,
3507 2313 3614 2363 καὶ

2033 2406 2213 2473 μισεῖν
2240 2406 2299 2457 τὸ
2326 2404 2400 2473 μὴ
2454 2402 2726 2456 τοιοῦτονο
2758 2404 2850 2455 καὶ
2876 2402 3093 2456 διώκειν
3120 2404 3180 2455 τὸ
3213 2404 3392 2462 καλὺν.
3422 2405 3516 2454 καί
3542 2402 3613 2454 τὸ

2029 2495 2201 2557 ἄλλως
2255 2496 2376 2565 ἔχον
2410 2495 2655 2564 φεύγειν.
2707 2496 3008 2565 Συμόαίνει
3056 2497 3109 2549 δὲ
3159 2497 3251 2549 καὶ
3293 2496 3614 2550 τούναντίον

2032 2589 2305 2650 πολλάκις.
2356 2589 2464 2643 Καὶ
2496 2589 2603 2659 γὰρ
2653 2588 2917 2658 φιλοῦμεν
2968 2588 3029 2641 τὸ
3081 2589 3247 2641 κακον
3291 2588 3435 2642 ἐστιν
3491 2591 3612 2649 ὅτε,

2030 2681 2123 2733 καὶ
2154 2680 2214 2732 τὸ
2248 2681 2452 2748 ἀγαθὸν
2499 2681 2689 2750 ὥσπερ
2734 2682 3040 2751 φεύγομεν·
3110 2684 3204 2750 οὐχ
3256 2682 3335 2734 ὅτι
3408 2698 3490 2742 τις
3545 2683 3615 2733 τὺ

2030 2772 2236 2838 ἀγαθὸν
2265 2773 2520 2839 ἐγνωκὼς
2576 2774 2634 2826 ὃν
2693 2773 2922 2843 ἀγαθὸν,
3076 2774 3279 2841 ἀγαθὸν
3336 2775 3612 2842 ἀποστρὲ-

2032 2882 2224 2935 φεται·
2286 2866 2319 2934 ἢ
2376 2866 2521 2934 φιλεῖ
2574 2867 2632 2918 τὸ
2693 2866 2962 2935 πονηρὸν,
3118 2867 3374 2935 πονηρὸν,
3429 2867 3610 2918 τοενιῦ-

2032 2975 2121 3010 τον
2166 2959 2295 3010 αὐτὸ
2338 2959 2728 3027 ἐπιστάμενος,
2763 2959 2964 3025 πόθενς
3000 2959 3193 3012 πολλοῦ
3244 2976 3306 3023 γε
3360 2960 3454 3011 καὶ
3484 2961 3564 3011 δεῖ
3590 2979 3607 2991 ·

360 3066 469 3106 non
500 3059 606 3116 est,
639 3053 863 3107 odisse:
897 3052 1184 3107 honestum
1227 3054 1448 3115 sectari,
1491 3056 1749 3125 quodque
1797 3059 1927 3112 alic—

2034 3050 2148 3102 ἁλλ⁹
2180 3051 2259 3102 ὅτι
2291 3050 2350 3102 τὸ
2380 3052 2547 3103 κακὸν
2574 3052 2778 3119 ἀγαθὸν
2803 3054 3035 3118 ἡγεῖται.
3055 3053 3119 3103 Ἠ
3150 3052 3310 3119 φύσις
3339 3054 3445 3120 γὰρ
3472 3055 3611 3120 ἡμῖν

358 3156 508 3198 ctum
532 3153 617 3198 est
633 3145 810 3207 aliter,
834 3142 1043 3211 fugere.
1069 3144 1223 3209 Same
1246 3160 1373 3198 vero
1397 3147 1732 3200 contrarium
1757 3152 1934 3217 quod-

360 3250 469 3302 que
495 3233 761 3302 contingit
795 3251 809 3287 :
854 3234 1056 3302 quippe
1111 3251 1502 3304 nonnunquam
1532 3248 1585 3290 et
1621 3240 1821 3293 malum
1850 3243 1936 3295 di-

362 3324 608 3394 ligimus,
648 3326 899 3393 quodque
922 3327 1123 3379 bonum
1181 3335 1265 3380 est
1322 3327 1475 3395 quasi
1503 3328 1763 3397 fugiturus,
1814 3348 1923 3387 non

337 3412 509 3484 quod
545 3416 741 3484 aliquis
772 3414 1017 3484 agnitum
1056 3416 1284 3484 bonum,
1332 3420 1476 3485 qttod
1538 3423 1740 3475 bonum
1835 3424 1933 3487 sit,

365 3516 636 3576 quatenus
668 3516 752 3561 est
778 3510 979 3562 bonum
1004 3509 1340 3574 adversetur,
1361 3520 1455 3564 aut
1485 3512 1687 3566 malum
1715 3514 1930 3584 diligat,

365 3607 634 3666 quatenus
664 3600 861 3652 malum
894 3608 997 3662 est,
1029 3614 1154 3654 cum
1186 3600 1385 3654 malum
1437 3617 1556 3657 esse
1607 3604 1747 3659 sciat
1776 3607 1936 3677 (quo-

366 3702 491 3740 nam
525 3687 576 3740 id
613 3688 806 3755 pacto?
837 3689 1057 3744 minimc
1091 3690 1291 3760 sane),
1325 3692 1417 3746 sed
1459 3694 1592 3762 quia
1617 3696 1761 3764 quod
1819 3714 1934 3754 ma-

368 3781 586 3834 lum-est
605 3781 807 3835 bonum
829 3796 948 3836 esse
977 3792 1149 3851 putat.
1177 3782 1434 3837 Naturam
1460 3800 1691 3854 namque
1722 3790 1930 3858 proha-

367 3870 547 3925 vimus
574 3886 639 3924 ex
669 3871 811 3925 bono
840 3881 895 3925 et
934 3872 1131 3926 bonam
1171 3887 1316 3936 esse,
1357 3874 1613 3943 quodque
1636 3889 1932 3947 cognatum

368 3972 474 4027 est,
534 3978 810 4032 qurerere,
859 3964 1121 4034 quidquid
1179 3966 1437 4034 alienum,
1498 3967 1705 4038 fugere.
1784 3968 1935 4023 Licet

368 4065 549 4111 autem
578 4072 704 4111 vere
728 4056 808 4112 sic
847 4068 1158 4127 comparata
1195 4074 1285 4114 res
1324 4061 1414 4123 sit,
1474 4070 1653 4115 tamen
1687 4061 1935 4116 homines

368 4147 659 4217 plerosque
681 4148 869 4203 videas
895 4150 1163 4204 deteriora
1188 4165 1294 4218 prae
1324 4152 1644 4206 melioribus
1671 4152 1935 4221 eligentes

328 4298 339 4305 ν
368 4252 433 4292 ac
462 4239 678 4293 facilius
711 4255 736 4291 a
766 4239 928 4294 bonis
962 4238 1029 4294 ad
1064 4242 1205 4294 mala
1234 4258 1397 4310 quam
1425 4260 1454 4296 a
1493 4246 1649 4298 malis
1675 4245 1741 4300 ad
1794 4246 1935 4300 bona

369 4331 715 4379 transeuntes
754 4344 768 4379 :
799 4327 1000 4395 quique
1053 4328 1174 4382 illos
1209 4340 1261 4381 et
1285 4330 1631 4386 admirantur
1660 4342 1714 4386 et
1744 4334 1934 4388 beatos

2034 3142 2410 3195 ἀποδέδεικται
2437 3141 2497 3206 ἐξ
2523 3144 2726 3208 ἁγαθοῦ
2752 3146 2937 3207 τεηκαὶ
2968 3145 3167 3213 ἀγαθὴ,
3201 3144 3295 3196 καὶ
3322 3145 3378 3196 τὶ
3410 3162 3613 3215 συγγερ

2037 3232 2126 3295 νὲς
2181 3234 2437 3298 ζητοῦσα,
2480 3237 2567 3288 καὶ
2600 3236 2912 3305 τάλλότριον
2954 3237 3097 3290 ἅπαν
3131 3238 3424 3306 φεύγουσα.
3458 3239 3611 3304 Πλὴν

2038 3323 2127 3374 καὶ
2161 3323 2332 3385 οὕτως
2364 3325 2593 3394 ἐχούσης
2628 3328 2724 3395 τῆς
2758 3328 3032 3397 ἀληθείας,
3064 3331 3193 3391 ἴδοις
3227 3330 3291 3383 ἂν
3329 3332 3447 3392 τοὺς
3479 3332 3613 3381 πολ-

2035 3414 2160 3478 ὶοὺς
2194 3417 2300 3469 τῶν
2339 3418 2643 3490 ἀνθρώπων
2672 3421 2738 3475 τὰ
2767 3424 2934 3492 χείρω
2972 3424 3080 3477 τῶν
3112 3426 3436 3495 κρειττόνων
3468 3443 3611 3491 προ-

2035 3508 2413 3575 αιρουμένους.
2435 3511 2528 3563 καὶ
2553 3513 2682 3581 ῥᾷον
2704 3514 2810 3566 ἀπὸ
2839 3513 3044 3568 τούτων
3075 3519 3153 3580 εἰς
3171 3517 3238 3569 τὰ
3264 3519 3408 3570 κακᾶ
3438 3535 3618 3586 μετα.-

2039 3597 2330 3663 ϐάλλοντας
2365 3602 2396 3670 ἢ
2434 3602 2493 3666 ἐξ
2551 3603 2779 3657 ἐκείνων
2828 3608 2905 3671 εἰς
2939 3607 3145 3660 ταῦτα·
3182 3609 3468 3671 κάκείνους
3507 3610 3616 3678 μὲν

2039 3691 2355 3761 ζηλοῦντας,
2385 3694 2474 3746 καὶ
2506 3697 2928 3766 μακαρίζοντας,
2957 3698 3179 3760 τούτους
3201 3701 3256 3753 δὲ
3286 3701 3616 3764 ταλανζον-

2037 3800 2157 3845 τας,
2196 3784 2270 3853 τῷ
2308 3785 2382 3857 μὴ
2416 3786 2595 3850 καλῶς
2627 3788 2920 3857 γεγεῦσθαι
2966 3791 3075 3843 τῶν
3114 3792 3329 3861 ἀληθῶς
3359 3794 3611 3860 ἀγαθῶν,

2037 3874 2154 3927 ἀλλ’
2192 3877 2250 3928 ὲν
2272 3876 2383 3941 ἕξει
2409 3877 2530 3957 ,τῶν
2560 3880 2746 3933 κακῶν
2776 3883 3130 3950 γεγενῆσθαι,
3167 3884 3259 3936 καὶ
3295 3888 3359 3952 τῇ
3393 3889 3617 3951 συνεχεῖ

2039 3964 2245 4018 τούτων
2285 3968 2427 4040 μέθῃ
2481 3971 2614 4039 μηδὲ
2659 3971 2827 4040 νῆψαι
2873 3973 3125 4043 καθαρῶς
3161 3975 3463 4027 δύνασθαι·
3495 3978 3616 4029 ἀλλ’

2040 4055 2265 4110 ἐπειδὰν
2294 4060 2387 4112 καὶ
2419 4060 2653 4129 ταυτησὶ
2685 4062 2783 4129 τῆς
2819 4062 2986 4131 μέθης
3022 4066 3405 4131 ἀπαλλαγεῖεν,
3441 4084 3617 4135 προσ-

2038 4149 2261 4201 κόπτειν
2292 4150 2447 4213 αὒθις
2483 4151 2735 4222 ἑτοίμους
2769 4150 2913 4206 εἶναι
2944 4157 3033 4208 διὰ
3063 4158 3161 4226 τὴν
3210 4159 3617 4226 ἐπικρατοῦσαν

2037 4239 2117 4292 ἔτι
2137 4241 2469 4311 κραιπάλην,
2494 4243 2587 4296 καὶ
2608 4245 2733 4306 τοὺς
2750 4247 2811 4297 ἐκ
2828 4246 2925 4314 τῆς
2944 4247 3314 4318 ἑωλοκρασίας
3345 4249 3614 4316 ἰλίγγους.

2039 4326 2198 4385 Οὗτοι
2214 4335 2305 4384 καὶ
2322 4333 2449 4396 τοὺς
2477 4335 2717 4403 φαύλους
2742 4336 3066 4408 ἀνθρώπους
3088 4339 3328 4407 ἀγαθοὺς
3361 4340 3621 4409 νομίζου-

371 4415 688 4481 pratdicant,
719 4416 914 4469 horum
942 4428 1149 4471 sortem
1205 4420 1544 4474 miserantur
1601 4423 1691 4489 qui
1742 4439 1927 4493 reapse

2041 4437 2125 4472 σιν
2162 4416 2328 4485 εἶναι,
2370 4423 2613 4487 καὶτοὺς
2653 4425 2872 4488 ἀθλίους
2898 4428 3243 4497 εὐδαίμονας.
3288 4430 3623 4495 sesama:

372 4504 511 4559 bona
540 4521 646 4559 non
676 4516 823 4562 recte
868 4509 1227 4577 degustarint,
1272 4513 1363 4565 sed
1394 4512 1635 4566 habitum
1664 4516 1928 4570 malorum

370 4597 745 4666 acquisierint.
784 4609 839 4654 et
871 4616 937 4655 ex
992 4617 1179 4656 eorum
1236 4602 1601 4659 inebriatione
1670 4609 1933 4663 continua

371 4704 437 4741 ne
465 4689 680 4757 quidem
715 4692 779 4745 ad
812 4694 1156 4747 sobrietatem
1192 4696 1366 4773 redire
1411 4697 1623 4752 sincere
1675 4699 1886 4766 possint
1920 4721 1934 4766 ;

372 4778 482 4834 imo
520 4781 621 4836 hac
680 4783 796 4854 ipsa
834 4800 1056 4852 quoque
1099 4788 1315 4842 liberati
1365 4790 1713 4853 temulentis,
1739 4807 1936 4847 rursus

373 4871 440 4925 ad
468 4870 846 4929 offendendum
873 4879 1040 4947 parati
1073 4881 1202 4944 sint,
1236 4879 1306 4933 ob
1350 4895 1603 4948 eam,qua
1626 4881 1802 4936 adhuc
1839 4884 1937 4935 de-

374 4953 669 5031 tineantur,
700 4970 976 5037 crapulam
1004 4980 1056 5024 et
1098 4972 1365 5040 profectas
1396 4989 1458 5026 ex
1489 4974 1784 5042 gravedine
1816 4988 1935 5029 ver-

373 5054 587 5123 tigines.
621 5055 850 5113 lidctnet
881 5076 1074 5130 pravos
1107 5063 1355 5118 homines
1403 5063 1576 5119 bonos
1602 5080 1722 5120 esse
1744 5076 1938 5136 putant

373 5156 430 5201 et
461 5149 693 5205 miseros
746 5149 929 5207 felices
961 5169 976 5206 :
1006 5154 1206 5223 quippe
1258 5153 1464 5223 judicio
1500 5157 1784 5224 falluntur,
1841 5176 1940 5213 nec

376 5253 563 5294 eorum
598 5256 800 5311 seopus
849 5258 973 5296 cum
1010 5259 1177 5313 scapo
1218 5255 1421 5300 rectam
1482 5246 1765 5302 ferentium
1822 5263 1947 5302 scn-

378 5330 621 5391 tentiam,
657 5331 711 5384 in
760 5333 968 5401 judicio
1005 5335 1072 5387 de
1110 5334 1338 5387 honesto
1363 5346 1413 5389 et
1448 5335 1591 5389 bono
1648 5337 1943 5391 consentit.

380 5419 535 5487 Apud
564 5420 687 5477 illos
713 5423 857 5476 enim
893 5424 984 5492 qui
1015 5424 1125 5479 fuci
1151 5430 1409 5480 dicuntur
1466 5426 1583 5497 (eos
1640 5435 1822 5481 autem
1857 5427 1940 5479 itt-

384 5510 569 5581 telligo
598 5512 693 5581 qui
751 5528 839 5567 res
901 5517 1173 5570 secundas
1231 5530 1329 5585 pro
1366 5512 1621 5571 felicitate
1673 5517 1934 5580 ducunt).

381 5603 624 5656 omnium
683 5604 737 5657 hi
793 5604 1089 5661 felicissimi
1144 5618 1574 5677 cacterorutnquc
1627 5609 1939 5663 mortalium

336 5760 343 5769 '
383 5694 818 5758 praestantissimi
851 5698 1167 5765 iudicantur
1202 5715 1343 5768 esse,
1405 5700 1603 5770 quibus
1657 5703 1942 5771 prosperi-

2046 4512 2147 4581 μὲν
2163 4512 2270 4583 γὰρ
2297 4530 2364 4566 πε
2374 4516 2428 4581 pl.
2446 4515 2542 4582 τὴν
2554 4516 2756 4585 ψῆφον,
2777 4519 2838 4571 ού
2857 4519 3070 4591 συνᾴδει
3086 4520 3142 4571 δὲ
3164 4521 3433 4573 κάκείνων
3451 4522 3479 4573 ὁ
3492 4533 3628 4577 σκο-

2043 4604 2166 4668 πδς,
2196 4604 2273 4673 τῷ
2304 4605 2413 4658 τῶν
2446 4606 2626 4677 ὀρθῶς
2649 4610 2990 4679 ποιουμένων
3019 4611 3116 4673 τὰς
3156 4612 3459 4675 ἀποφάσεις
3492 4615 3627 4680 περὶ

2043 4699 2141 4770 τὴν
2169 4700 2263 4754 τοῦ
2297 4701 2461 4754 καλοῦ
2493 4720 2551 4755 τε
2583 4704 2676 4756 καὶ
2705 4704 2908 4772 ἀγαθοῦ
2934 4705 3136 4773 κρίσιν.
3166 4704 3323 4773 Παρά
3360 4706 3466 4775 γαρ
3510 4711 3628 4767 τοῖς

2044 4791 2398 4862 καλουμένοις
2432 4795 2664 4863 κηφῆσι,
2691 4795 2832 4861 λέγω
2860 4795 2925 4862 δὴ
2959 4798 3071 4858 τοῖς
3089 4796 3186 4866 τὴν
3220 4796 3510 4866 ῥᾳστώνην
3543 4814 3628 4846 τι·

2046 4884 2292 4948 θεμένοις
2320 4884 2680 4955 εὐδαιμονίαν,
2708 4888 2813 4941 οἶδε
2843 4888 2949 4940 τῶν
2970 4888 3184 4941 πάντων
3213 4889 3631 4954 εὐδαιμονέστε-

2055 4992 2138 5045 ροι
2165 4976 2465 5045 κρίνονται,
2492 4981 2586 5031 καὶ
2608 4980 2821 5033 πάντων
2848 4980 3057 5051 ἀνδρῶν
3073 4976 3394 5051 ἇριστοι,οἷς
3423 4982 3489 5034 ἂν
3514 4984 3631 5043 τοῖς

2058 5066 2200 5131 ὅλοις
2230 5063 2632 5137 εὖπράττουσιν
2660 5069 2915 5140 εὐμαρῶς
2948 5072 3013 5124 τὰ
3028 5073 3152 5141 τῇδε
3173 5073 3394 5141 φέροιτο
3418 5071 3595 5124 πάντα
3614 5088 3628 5103 ·

2056 5161 2149 5211 καὶ
2174 5156 2283 5213 εἷεν
2302 5159 2400 5227 μὲν
2429 5161 2838 5230 ἀπηλλαγμένοι
2863 5164 3182 5230 φροντίδων,
3200 5163 3498 5215 ὲσθιουσῶν
3529 5164 3634 5228 τὰς

2051 5250 2229 5321 ψυχὰς
2259 5253 2435 5322 σητῶν
2459 5252 2610 5304 οὐδὲν
2631 5248 2813 5324 ἦττον,
2831 5256 2879 5306 εί
2897 5255 3133 5308 τούτοισί
3160 5273 3264 5308 που
3286 5255 3634 5321 συγγένοιντο

2062 5345 2335 5412 συνεχῶς·
2392 5342 2502 5397 εἷεν
2551 5346 2605 5398 δὲ
2660 5351 3003 5415 πραγμάτιον
3054 5350 3258 5410 ἐκτὲς,
3319 5349 3636 5402 ἀποκναίειν

2060 5433 2379 5503 δυναμένων
2430 5439 2524 5489 καὶ
2568 5426 2717 5499 θοῦν,
2742 5438 2834 5489 καὶ
2882 5439 3059 5508 σῶμα·
3092 5442 3187 5492 καὶ
3208 5438 3301 5493 τοῦ
3329 5440 3426 5508 μὲν
3451 5434 3636 5505 πονεῖν

2055 5525 2315 5590 ἄγευστοι
2341 5543 2355 5557 ⁴
2398 5529 2424 5579 ὁ
2456 5527 2570 5595 βίος
2599 5529 2653 5581 δὲ
2690 5530 2867 5591 αὐτοῖς
2896 5530 3097 5599 τρυφὴ,
3130 5532 3222 5583 καὶ
3275 5531 3434 5583 πλέον
3461 5530 3634 5584 οὐδέν.

2059 5616 2217 5682 Μέγα
2252 5616 2308 5668 δὲ
2353 5619 2574 5671 κάκεῖνο
2614 5614 2937 5688 νομίζουσιν.
2963 5621 3524 5691 ὄτιθαυματοποιοὺς,
3544 5622 3635 5674 καὶ

2061 5705 2288 5775 μίμους,
2309 5708 2399 5759 καὶ
2418 5709 2709 5777 ὀρχηστᾶς,
2741 5711 2921 5777 σμήνη
2961 5728 3016 5764 τε
3060 5712 3329 5777 κολάκων,
3357 5711 3450 5765 καὶ
3481 5712 3635 5769 ὑδρι-
