3850 6200
269 245 358 310 U3
404 279 408 283 -

1631 260 1918 324 ORATIO
1944 266 2026 327 II.

3359 274 3467 339 ιιι

268 356 390 410 στῶν
417 354 557 425 ἔθνη,
588 356 685 409 καὶ
716 359 1047 428 παρασίτων
1081 362 1274 433 ἑσμὸν,
1303 364 1400 419 καὶ
1425 367 1554 429 τοὺς
1601 369 1760 424 ἄλλου

1864 428 1870 440 _
1902 383 2011 431 tale
2038 375 2371 447 fruentibus,
2400 382 2672 438 universa:
2697 396 2785 439 res
2840 382 3151 453 hujusvitaa
3181 389 3468 439 commode

267 449 373 511 τοὺς
387 446 647 511 τοιούτους
673 448 737 502 εὖ
750 452 928 503 ποιεῖν
951 451 1206 508 δύνανται
1226 455 1277 507 οί
1303 456 1432 525 παρ’
1455 457 1639 514 αὐτῶν
1656 459 1788 513 θαυ-

263 538 543 608 μαζόμενοι,
566 539 675 592 ἀπὸ
692 540 787 593 τοῦ
806 540 1060 597 πλουτεῖν
1082 544 1142 597 τὸ
1159 544 1420 599 δύνασθαι
1436 551 1789 621 κεκτημένοι.

1897 468 2201 523 succedunt
2232 472 2475 542 ;quique
2496 473 2655 529 liberi
2686 482 2817 529 sunt
2848 483 2902 530 et
2929 481 3205 531 immunes
3238 490 3267 530 a
3292 477 3464 538 curis,

1901 571 2008 610 non
2042 559 2466 647 minus‘animos
2493 564 2928 635 depascentibus.
2950 583 3113 636 quam
3138 568 3293 621 tinem
3324 568 3472 621 sole-

258 639 352 694 ant,
382 629 423 683 si
443 627 754 698 frequenter
771 632 853 687 eis
878 634 1225 702 adhaereant;
1261 638 1534 694 immunes
1557 656 1586 694 a
1616 644 1872 711 negotiis,
1896 662 2020 715 quae
2048 627 2283 707 mentem
2314 663 2366 708 et
2396 627 2595 725 corpus
2618 656 2866 712 cruciare
2904 627 3171 726 possunt;
3212 665 3468 726 expertes

259 721 676 822 laborum,eaqtte
699 723 945 783 fruentes
963 729 1094 795 vita,
1111 746 1234 800 quae
1260 734 1398 787 nihil
1422 735 1495 789 sit
1520 735 1666 791 aliud
1692 752 1854 805 quam
1877 756 2040 798 mera:
2062 721 2550 818 deliciaeMagnuin
2577 761 2631 805 et
2660 751 2787 805 illttd
2810 721 3085 821 quidpiam
3107 721 3227 807 esse
3249 721 3463 822 putant.

256 819 374 889 quod
413 819 857 889 praestigiator-es.
879 833 934 877 et
973 824 1169 880 mimos
1199 837 1255 882 et
1287 828 1595 896 saltatores,
1622 841 1675 887 et
1707 833 2053 892 adulatorum
2086 843 2361 907 examina,
2392 853 2447 899 et
2477 819 2868 915 ﬂagitiosorum
2903 819 3263 909 nationes,‘ct‘
3290 864 3452 913 para-

254 912 447 965 sitorum
475 927 714 981 gregem,
748 926 801 968 et
820 916 959 971 alios
990 917 1127 987 tales
1159 920 1373 978 allicere
1395 922 1678 980 beneficiis
1709 926 1942 994 possint,
1961 931 2151 1001 qui§eis
2178 933 2527 991 admirationi
2553 912 2702 1003 sunt,
2736 952 2860 992 cum
2886 936 2938 991 id
2961 946 3215 1005 praestare
3235 912 3459 1007 queant:

253 1002 353 1072 quia
374 1002 570 1056 divitiis
612 1005 923 1062 abundant.

303 1086 453 1146 Δῦται
485 1096 588 1163 μὲν
621 1098 716 1153 οῦν
766 1102 824 1152 αἱ
869 1102 1083 1172 κρίσεις
1123 1106 1234 1158 τῶν
1266 1107 1613 1180 φαυλοτέρων
1647 1112 1779 1180 περὶ

245 1185 319 1238 τὸν
362 1188 698 1256 ἀνθρώπινον
747 1192 882 1260 βίον,
922 1198 1017 1247 καὶ
1070 1196 1216 1251 οὕτω
1271 1200 1372 1269 τὴν
1422 1202 1777 1270 εὐδαιμονίαν

245 1273 506 1343 ὁρίζονται·
554 1280 787 1342 ἐλεεινὸς
832 1282 888 1335 δὲ
919 1282 1234 1353 ἅνθρωπος,
1262 1288 1777 1355 καὶ.ταλανίξεσθαι

244 1364 420 1427 δίκαιος
453 1372 697 1422 τουτοισὶ
733 1375 845 1435 τοῖς
898 1375 1173 1446 μοχθηρίᾳ
1228 1380 1466 1444 συζῶσιν
1498 1383 1657 1447 οὗτος
1693 1384 1777 1437 δο-

244 1458 333 1519 κεῖ,
369 1450 408 1524 ᾧ
449 1459 527 1529 μὴ
562 1462 825 1530 πράττειν
854 1466 1086 1532 ἔξεστιν,
1116 1465 1199 1533 οἷς
1233 1472 1302 1524 ἂν
1328 1473 1521 1544 ἡσθείη
1551 1475 1781 1530 διαπαν-

244 1547 335 1614 τὸς,
369 1548 398 1617 ἢ
432 1553 626 1613 πενίας
664 1555 724 1606 οὐ
754 1560 1167 1629 συγχωρούσης,
1198 1563 1229 1632 ἤ
1261 1563 1363 1634 τῆς
1411 1567 1552 1637 ἥϐης
1597 1586 1778 1641 παρα-

245 1642 517 1709 κμασάοης,
538 1644 574 1713 ἧ
592 1661 732 1707 τινος
754 1648 862 1699 τῶν
872 1650 1119 1730 ,θύραθεν
1134 1657 1569 1725 συμπτωμάτων
1585 1659 1780 1730 ἀπείρ-

242 1746 418 1795 γοντος.
442 1734 610 1805 Παρὰ
650 1735 705 1788 δὲ
749 1740 864 1802 τοῖς
898 1742 1256 1810 ἡμιφαύλοις,
1283 1746 1360 1810 ὡς
1395 1747 1463 1801 ἄν
1494 1766 1582 1813 τις
1606 1751 1775 1815 είποι,

243 1820 317 1909 καί
347 1837 482 1884 τινος
512 1823 830 1894 φιλοτιμίας
863 1831 1180 1900 μετέχουσι,
1207 1836 1317 1890 τῶν
1349 1839 1414 1907 τῇ
1453 1841 1636 1909 τρυφῇ
1678 1841 1771 1893 καὶ

242 1908 454 1978 ῥᾳθυμίᾳ.
505 1915 957 1986 προσηλωμένων
996 1924 1413 1997 μακαριώτερος
1443 1908 1777 1999 δήπουίφαί-

242 2017 361 2053 νεται
382 2004 408 2055 6
436 2004 525 2057 διὰ
555 2008 751 2076 χοροὺς
780 2011 1151 2081 ἀνδραπόδων,
1188 2019 1281 2069 καὶ
1311 2020 1538 2073 οἰκετῶν
1567 2021 1771 2091 πλήθη,

238 2094 312 2144 καὶ
340 2093 426 2163 τήν
462 2096 638 2166 ἄλλην
670 2100 778 2152 τῶν
815 2106 1159 2172 πραγμάτων
1189 2108 1472 2176 ἀφθονίαν,
1506 2115 1604 2166 καὶ
1633 2115 1770 2167 πολὺ

235 2184 462 2256 ἀργύριον
486 2190 731 2257 ἀφειδῶς
763 2193 1211 2265 άναλισκόμενον,
1239 2200 1349 2255 τῶν
1372 2203 1587 2271 ἐχθρῶν
1621 2208 1759 2259 ἀνῶ·

232 2289 361 2345 τερος
386 2280 697 2349 γινόμενος,
726 2285 821 2337 καὶ
858 2289 926 2355 τῇ
955 2287 1183 2358 δυνάμει
1213 2297 1444 2346 τουτωνὶ
1474 2298 1774 2366 κατορχούο

233 2382 386 2433 μενος,
418 2372 566 2424 κατὰ
608 2373 737 2442 ῥοῦν
778 2377 928 2447 αὕτῷ
958 2376 1288 2449 χωρούντων
1327 2385 1436 2437 τῶν
1468 2384 1775 2455 βουλευμά-

229 2473 338 2522 των,
378 2461 440 2515 δι’
485 2465 785 2533 ἡντιναοῦν
831 2470 1007 2540 φοράν
1060 2490 1121 2526 τε
1172 2476 1266 2528 καὶ
1309 2475 1504 2548 τύχην,
1538 2478 1571 2547 ἦ
1604 2481 1660 2531 τὸ
1695 2481 1771 2551 μὴ

227 2555 443 2619 γενναῖον
466 2556 606 2619 ἴσως
636 2558 781 2628 ἔχειν
812 2561 1132 2618 ἀντίπαλον.
1157 2564 1230 2618 Οὐ
1267 2566 1376 2635 γὰρ
1410 2569 1474 2621 ἐκ
1502 2569 1597 2637 τῆς
1632 2571 1773 2639 γνὼ-

227 2661 318 2715 μης
344 2650 447 2703 τῶν
476 2653 849 2722 εὐροούντων,
872 2658 990 2709 ,καὶ
1035 2648 1130 2711 τοῦ
1158 2659 1412 2725 γενναίου
1449 2664 1602 2729 σφίσι
1632 2681 1768 2734 φρο-

221 2740 458 2809 νήματος,
486 2743 603 2795 οὐδ’
641 2746 707 2797 ἐκ
735 2747 833 2814 τῆς
885 2746 1093 2816 πολλῆς
1138 2749 1386 2819 ἀνδρίας,
1431 2753 1524 2805 καὶ
1553 2752 1653 2821 τῆς
1682 2769 1771 2804 το-

222 2829 402 2903 σαύτης
428 2837 777 2904 φρονήσεως,
804 2838 1024 2908 καὶκτῆς
1054 2842 1184 2907 περὶ
1217 2841 1285 2893 τά
1313 2843 1564 2911 πρακτέα
1598 2861 1767 2897 σπου-

218 2921 301 2991 δῆς
322 2940 377 2976 τε
415 2930 514 2982 καὶ
548 2928 957 2998 γενναιότητος,
981 2929 1078 2982 καὶ
1113 2930 1416 3001 συλλήϐδην
1442 2935 1543 3003 τῆς
1571 2934 1765 3003 λοιπῆς

216 3014 426 3085 ἀρετῆς*
468 3016 672 3072 οὔκουν
711 3020 821 3072 οὐδ’
868 3020 976 3075 ἀπὸ
1031 3023 1141 3074 τῶν
1188 3022 1481 3092 πράξεων,
1528 3026 1624 3078 καὶ
1665 3026 1759 3078 τοῦ

1949 1114 2077 1172 Haec
2132 1134 2324 1174 eorum
2381 1121 2476 1192 qui
2502 1122 2713 1177 caeteris
2769 1130 2898 1176 sunt
2928 1121 3231 1189 praviores.
3262 1122 3455 1176 devita

1878 1209 2335 1279 humanajudicia
2355 1223 2503 1279 sunt,
2540 1221 2704 1283 atque
2730 1214 2801 1268 ita
2824 1212 3133 1268 felicitatem
3164 1213 3453 1268 deﬁniunt.

1876 1297 2073 1354 Iisdem
2108 1301 2163 1355 in
2190 1303 2338 1356 omni
2396 1303 2637 1372 nequitia
2693 1305 2862 1359 vitam
2917 1303 3257 1372 exigentibus
3292 1306 3455 1357 homo

1877 1391 2040 1446 miser
2071 1400 2126 1446 et
2153 1393 2488 1469 miserabilis
2515 1410 2636 1451 esse
2665 1395 2899 1462 videtur,
2937 1397 3031 1467 qui
3057 1411 3121 1451 ea
3154 1394 3450 1465 peragendi

1838 1486 1845 1493 '
1878 1482 2194 1539 facultatem
2245 1501 2353 1540 non
2397 1488 2580 1552 habet,
2619 1504 2682 1543 ex
2719 1490 2921 1558 quibus
2953 1505 3168 1558 semper
3204 1486 3447 1557 volupta-

1878 1582 1984 1628 tem
2014 1582 2266 1644 caperet,
2300 1577 2383 1631 vel
2415 1578 2596 1648 inopia
2625 1594 2732 1635 non
2763 1584 3132 1649 permittente,
3160 1582 3241 1635 vel
3267 1581 3446 1635 a-taJs

1875 1668 2080 1721 amisso
2109 1666 2260 1735 ﬂore,
2296 1670 2379 1723 vel
2406 1672 2645 1725 extrario
2670 1686 2799 1725 casu
2823 1673 3057 1740 quodam
3089 1672 3442 1739 impediente.

1809 1784 1850 1839 Β
1877 1758 1947 1811 Αι
1968 1774 2100 1813 vero
2122 1760 2468 1828 semipravis,
2500 1763 2577 1815 uti
2640 1763 2765 1829 quis
2795 1777 2889 1817 eos
2921 1762 3294 1830 appellaverit,
3323 1763 3445 1830 qui-

1878 1864 1984 1918 que
2011 1849 2197 1917 gloria:
2222 1851 2456 1919 quadam
2481 1852 2779 1919 cupiditate
2800 1852 3097 1915 ducuntur,
3134 1852 3179 1904 is
3203 1867 3321 1905 esse
3349 1868 3444 1905 vo-

1878 1941 2125 2013 luptariis
2180 1944 2236 1996 et
2289 1943 2520 2011 ignaviae
2577 1944 2771 1997 deditis
2821 1943 3035 1998 beatior
3067 1944 3439 2010 existimatur,

1876 2034 1967 2101 qui
2030 2034 2420 2103 mancipiorum
2457 2035 2710 2104 gregibus
2737 2074 2752 2099 ,
2773 2044 2826 2089 et
2852 2035 3022 2104 c0piis
3050 2050 3361 2114 servorum,
3393 2045 3447 2090 et

1811 2177 1817 2182 .
1883 2134 2082 2178 caetera
2112 2140 2292 2203 rerum
2328 2124 2683 2190 abundantia,
2719 2126 2999 2195 multoque
3027 2136 3253 2194 argento
3279 2126 3449 2194 largi-

1878 2226 1959 2270 ter
1991 2232 2258 2285 expenso,
2295 2219 2413 2272 suis
2459 2218 2712 2287 superior
2744 2219 2995 2273 hostibus
3026 2219 3233 2279 evadit,
3262 2227 3318 2272 et
3346 2234 3442 2284 po-

1877 2314 2125 2361 testatem
2169 2324 2356 2360 eurum
2395 2309 2645 2376 proterit,
2678 2309 2926 2366 consiliis
2959 2325 3217 2379 prospere
3240 2309 3446 2362 ceden-

1875 2397 2019 2452 tibus
2049 2414 2178 2454 casu
2211 2401 2491 2467 quopiam,
2531 2401 2611 2455 vel
2637 2400 2776 2455 forte
2806 2402 3044 2465 fortuna,
3076 2401 3158 2455 vel
3185 2402 3326 2469 quod
3354 2403 3450 2454 ad-

1874 2490 2173 2543 versarium
2234 2489 2467 2546 fortasse
2490 2507 2679 2562 parum
2731 2503 3015 2547 strenuum
3078 2494 3292 2567 haheat.
3333 2492 3449 2547 Non

1871 2581 2015 2633 enim
2053 2597 2119 2635 ex
2171 2582 2352 2635 indole
2383 2585 2823 2652 strenuitateque
2867 2586 3145 2654 prosperis
3175 2585 3446 2638 utentium

1872 2673 2240 2737 successibus,
2277 2690 2376 2729 nec
2409 2690 2604 2745 magna
2638 2675 2979 2744 fortitudine,
3013 2693 3111 2731 nec
3135 2678 3444 2746 prudentia,

1870 2777 1970 2817 nec
2001 2763 2053 2816 in
2080 2766 2307 2832 agendis
2358 2772 2521 2820 rebus
2549 2767 2630 2820 vel
2660 2769 2864 2833 studio,
2903 2771 2986 2822 vel
3014 2770 3306 2832 industria,
3343 2784 3446 2823 nec

1870 2852 2097 2920 reliquis
2139 2854 2239 2919 (ut
2297 2856 2607 2909 summatim
2680 2858 2899 2928 dicam)
2954 2859 3276 2913 virtutibus:
3336 2874 3444 2913 non

1867 2944 2030 2999 etiam
2076 2960 2139 2998 ex
2179 2944 2356 3008 factis,
2418 2955 2581 3015 atque
2642 2948 2924 3014 moribus;
2977 2966 3077 3004 nec
3120 2951 3186 3004 de
3217 2953 3444 3004 materie

1870 3038 2209 3104 negotiomm
2245 3054 2363 3107 qua:
2387 3040 2441 3091 in
2467 3040 2719 3095 manibus
2746 3049 2895 3106 sunt,
2923 3056 3019 3095 nec
3048 3042 3113 3095 de
3142 3042 3442 3095 adversarii

214 3106 409 3175 τρόπου’
442 3108 559 3162 οὐδ’
586 3110 698 3164 ἀπὸ
752 3112 851 3180 τῆς
893 3111 1030 3180 ὕλης
1075 3115 1184 3168 τῶν
1213 3116 1316 3169 ἀνὰ
1364 3121 1760 3190 χεῖραςρπραγ-

1865 3128 2265 3196 exploratione,
2325 3145 2559 3198 quanam
2615 3133 2667 3185 in
2701 3132 2902 3187 virtute
2931 3148 2994 3187 ac
3061 3134 3313 3195 scientia,
3356 3135 3440 3187 vel

217 3200 381 3264 μάτων
408 3215 423 3230 ο
455 3201 571 3267 οὐδ’
605 3203 670 3255 ὲκ
701 3202 799 3256 τοῦ
841 3203 933 3256 τὸν
976 3205 1391 3280 ἀνταγωνιστὴν
1421 3211 1762 3280 βασανίζειν,

212 3289 342 3352 ὅπως
387 3292 595 3361 ἀρετῆς
628 3308 687 3345 τε
724 3295 817 3347 καὶ
852 3294 1187 3367 ἐπιστήμης,
1224 3298 1255 3368 ἢ
1292 3302 1637 3371 φαυλότητος
1668 3308 1762 3359 καὶ

211 3381 551 3448 ἀπαιδευσίας
600 3385 821 3456 μετέχει
843 3402 857 3417 ⁶
897 3386 1014 3439 ἀλλ’
1047 3389 1112 3442 ὲκ
1143 3389 1246 3460 τῆς
1276 3391 1557 3457 ἐκϐάσεως
1591 3395 1761 3466 μόνης

209 3478 424 3531 τουτοισὶ
480 3478 554 3530 τὰ
605 3477 912 3547 πράγματα
967 3478 1234 3548 κρίνεται,
1287 3483 1388 3552 τὴν
1425 3485 1625 3556 ἀρετὴν
1665 3503 1761 3555 με.

210 3565 375 3635 τροῦσι
406 3570 520 3630 τοῖς
542 3570 941 3641 εὐτυχήμασιν,
970 3573 1160 3643 ἄκροις
1202 3575 1252 3644 (ὅ
1280 3576 1435 3647 φασι)
1471 3576 1760 3639 δακτύλοις

208 3658 299 3711 τῶν
331 3663 680 3731 πραγμάτων
712 3664 1139 3733 ὲφαπτομένοις.
1176 3667 1293 3721 Κᾶν
1321 3667 1465 3722 οὕτω
1494 3671 1592 3739 τὴν
1625 3688 1758 3724 σαυ-

207 3752 287 3805 τοῦ
309 3754 484 3826 ψυχὴν
512 3755 852 3826 ἀσύγκριτον
892 3760 1197 3832 ἀποφήνῃς,
1230 3761 1304 3824 ὡς
1351 3759 1493 3816 εἶναι
1533 3763 1632 3829 μὲν
1661 3767 1758 3834 τῆς

206 3844 459 3917 Νέστορος
498 3850 598 3902 καὶ
636 3850 989 3918 Σολομῶντος
1026 3855 1445 3924 φρονιμωτέραν
1468 3897 1482 3922 ,
1521 3851 1663 3911 εἶναι
1699 3858 1755 3911 δὲ

206 3937 290 4004 τῆς
326 3941 615 4010 Ἀχιλλέως
650 3944 744 3994 καὶ
772 3942 1011 4011 Σαμψὼν
1040 3946 1439 4014 ἀνδρειοτέραν,
1479 3950 1756 4018 γέμουσαν

203 4047 252 4082 τε
276 4033 498 4102 ἀρετῶν,
527 4026 604 4084 ὧν
632 4033 865 4103 ἤρκεσεν
900 4036 1105 4105 ἑκάστη
1134 4040 1410 4108 κοσμῆσαι
1432 4041 1525 4093 τὸν
1555 4059 1754 4110 κεκτη-

204 4122 364 4190 μένον
392 4124 499 4177 κᾶν
544 4123 689 4177 οὕτω
726 4126 793 4179 τά
833 4129 1087 4196 πρακτέα
1119 4129 1431 4202 διενεργῇς,
1464 4132 1541 4197 ὡς
1582 4137 1754 4204 φοϐῆ-

203 4230 277 4267 σαι
309 4216 406 4286 μὲν
441 4216 715 4283 ὲνμντίον,
751 4218 1022 4290 εὐφρᾶναι
1069 4221 1126 4273 δὲ
1161 4223 1339 4290 φίλον,
1381 4225 1661 4294 θαυμάσαι
1692 4228 1750 4279 δὲ

202 4306 417 4371 πάνταςυ
462 4309 663 4362 ἔπειτα
702 4311 803 4373 τῆς
848 4311 1018 4380 τύχης
1049 4314 1519 4385 ἀντιπιπτούσης.
1564 4319 1595 4388 ἦ
1653 4338 1751 4372 πε-

199 4399 299 4459 νίας
335 4401 628 4471 παραθῇς,
673 4402 706 4470 ἢ
741 4404 838 4471 τῆς
884 4404 1238 4474 ὑπαρχούσης
1266 4408 1511 4480 ὲκπέσῃς
1551 4412 1737 4482 δόξης,

201 4488 383 4556 ήτινος
413 4492 602 4562 ἥττων
636 4494 806 4562 ὀφθῇς
836 4495 1027 4563 (πολλὰ
1072 4496 1128 4549 δὲ
1176 4499 1244 4550 ἂν
1270 4498 1484 4565 γένοιτο
1520 4505 1745 4558 τοιαῦτα

199 4586 308 4651 περὶ
334 4584 423 4636 τὸν
454 4583 689 4654 εὔριπον
728 4586 875 4638 τόνδε
915 4585 1048 4656 βίον,
1082 4591 1172 4640 καὶ
1204 4592 1393 4658 γέγονέ
1429 4611 1514 4656 τις
1544 4596 1743 4651 πολλά-

199 4688 269 4723 tu:
299 4674 571 4742 κρείττων
608 4676 802 4743 ἀνδρὸς
858 4679 1151 4732 σπουδαίου
1203 4683 1296 4734 καὶ
1336 4684 1461 4737 νοῦν
1504 4686 1741 4755 ἔχοντος,

200 4765 304 4831 μηδ’
330 4769 618 4837 ἀνδριᾶσιν
652 4770 845 4833 ἐοικὼς
899 4773 1297 4841 ἀπεξεσμένοις
1355 4779 1437 4840 είς
1477 4776 1614 4842 εἶδος
1650 4783 1745 4832 ἀν-

199 4852 298 4918 δρὸς
321 4860 619 4929 γενναίου),
655 4863 683 4913 6
718 4863 943 4930 εὐήθης,
975 4865 1003 4915 6
1043 4864 1241 4930 δειλὸς,
1272 4868 1300 4918 6
1334 4870 1531 4937 μιαρὸς
1557 4910 1571 4934 ,
1602 4871 1745 4940 ἀκήν

200 4960 309 5009 κως
338 4951 489 5018 παρὰ
515 4952 628 5004 τῶν
662 4954 737 5014 ὡς
778 4954 993 5023 ἀληθῶς
1031 4958 1289 5012 τοιούτων
1327 4961 1655 5029 ἀνθρώπων,
1696 4964 1745 5016 οἳ

200 5033 249 5101 δή
274 5055 384 5092 τινα
417 5038 796 5113 θαυμάζοντες
834 5047 1225 5117 κατορθοῦντα,
1258 5054 1351 5104 καὶ
1376 5053 1474 5122 τῆς
1497 5059 1745 5121 γενναιὸ-

198 5143 333 5195 τητος
366 5136 636 5203 ἀγάμενοι
669 5138 895 5207 σφόδρα,
933 5142 1025 5192 καὶ
1064 5142 1316 5211 ἐγκώμια
1375 5150 1565 5217 μακρὰ
1620 5149 1742 5200 κατ’

200 5220 339 5276 αὑτοῦ
362 5226 844 5296 δημιουργοῦντες,
879 5232 1155 5302 ὀστράκου
1193 5237 1367 5305 (φασὶ)
1399 5247 1741 5307 μεταπεσόν-

199 5326 300 5376 τος,
336 5318 773 5386 μεταϐαλόντεέ,
822 5324 1109 5386 κακίζουσι
1158 5328 1277 5395 μεθ’
1320 5329 1630 5398 ὑπερϐολῆς
1680 5333 1740 5384 οὐ

202 5405 648 5478 μεταϐεϐλημένον
695 5415 795 5483 τὴν
852 5416 1094 5487 ἀρετὴν,
1129 5418 1188 5470 ὃν
1235 5421 1438 5490 μικρὸν
1502 5422 1738 5489 πρόσθεν

199 5490 427 5563 ἒπῇνουν,
479 5502 576 5553 καὶ⁵
616 5503 698 5561 ὅτι
758 5506 833 5575 μὴ
898 5510 993 5561 καὶ
1024 5508 1314 5578 ούρανέους
1370 5512 1522 5580 αὐτῷ
1572 5516 1737 5580 τιμὰς

200 5582 466 5655 ἀπονέμειν
519 5592 636 5659 ἑξὲον
688 5589 755 5664 ἦν
800 5600 1008 5662 αὐτοῖς,
1058 5601 1461 5672 ἐδυσχέραινον.
1500 5603 1737 5664 Πένθους

201 5671 395 5769 ἲθᾶξιον
427 5682 615 5739 τοῦτον
664 5689 976 5760 κρίνουσιν,
1025 5692 1081 5756 ὃς
1118 5695 1179 5745 ἓν
1202 5695 1366 5764 δόξης
1401 5695 1608 5763 ἕρημος
1646 5696 1734 5765 γέ»

1848 3219 2113 3286 socordia
2150 3231 2201 3274 et
2237 3221 2453 3277 inscitia
2485 3223 2552 3276 sit
2579 3225 2858 3292 praeditus,
2882 3226 2974 3279 sed
3009 3242 3069 3277 ex
3102 3236 3293 3279 eventu
3319 3227 3440 3280 solo

1864 3309 1931 3363 de
1974 3312 2136 3366 rebus
2175 3322 2443 3380 statuunt,
2497 3316 2627 3369 dum
2681 3317 2936 3369 virtutem
2988 3334 3052 3371 ex
3090 3319 3439 3373 successibus

1866 3402 2181 3469 metiuntur,
2208 3416 2261 3461 et
2293 3410 2553 3463 extremis
2602 3409 2770 3477 (quod
2809 3408 2983 3477 aiunt)
3021 3410 3203 3480 digitis
3238 3428 3321 3464 res
3352 3423 3439 3465 at—

1864 3491 2099 3562 tingunt.
2149 3493 2302 3550 Licet
2338 3498 2582 3551 animum
2617 3507 2767 3553 tuum
2801 3501 2935 3553 adeo
2960 3502 3195 3569 positum
3220 3516 3433 3555 onmem

1859 3594 2013 3638 extra
2065 3587 2531 3654 comparationem
2586 3591 2804 3659 probes,
2854 3601 2912 3645 ιιι
2942 3592 3127 3645 animo
3183 3591 3439 3647 Nestoris

1859 3683 2023 3744 atque
2048 3675 2356 3743 Salomonis
2386 3681 2707 3749 prudentior
2738 3683 2830 3747 sit,
2858 3694 2911 3736 et
2937 3685 3162 3738 Achillis
3197 3699 3259 3737 ac
3282 3684 3437 3736 Sam-

1859 3768 2010 3823 sonis
2042 3770 2225 3823 animo
2256 3771 2471 3835 fortior,
2495 3774 2668 3842 iisque
2689 3774 2929 3829 refertus
2957 3776 3273 3839 virtutibus,
3302 3792 3433 3846 qua-

1860 3877 1979 3914 rutn
2038 3863 2293 3930 quaelibet
2342 3866 2588 3919 ornando
2619 3865 2925 3934 possessori
2974 3882 3075 3920 suo
3107 3869 3431 3922 sufficeret:

1857 3953 1983 4007 licet
2039 3955 2245 4022 agenda
2277 3955 2355 4009 sic
2396 3958 2668 4023 perficies,
2715 3968 2771 4011 ιιι
2814 3959 3131 4011 adversario
3166 3968 3431 4013 terrorem

1858 4043 2110 4108 iucutias,
2147 4046 2473 4113 voluptatem
2531 4048 2710 4113 parias
2755 4049 2933 4101 amico
2958 4087 2972 4109 ,
2998 4065 3192 4104 omnes
3224 4051 3277 4102 iu
3298 4114 3313 4127 ν
3335 4052 3432 4103 ad-

1856 4136 2196 4189 mirationem
2259 4138 2331 4190 tui
2391 4140 2568 4204 rapias
2616 4154 2629 4190 :
2687 4140 2779 4191 sed
2823 4149 3027 4192 mutata
3070 4139 3266 4194 deinde
3320 4141 3430 4193 for-

1857 4237 2009 4285 tuna.
2060 4225 2142 4278 vel
2202 4227 2256 4279 itt
2291 4236 2666 4297 paupertatem
2726 4228 3007 4291 incideris,
3073 4230 3155 4283 vel
3223 4243 3427 4298 partam

1851 4317 2077 4388 gloriam
2128 4319 2396 4384 atttiseris,
2422 4321 2508 4374 vel
2558 4321 2731 4374 victus
2766 4321 2833 4374 ab
2867 4323 3052 4391 aliquo
3075 4321 3239 4377 fueris
3274 4323 3427 4393 (qua-

1855 4411 1922 4463 lia
1991 4412 2156 4464 multa
2217 4410 2269 4464 in
2338 4412 2439 4465 hac
2478 4413 2824 4467 volubilivita
2872 4416 3089 4467 evenire
3159 4424 3425 4483 possunt,

1855 4503 1909 4555 in
1970 4518 2076 4570 qua
2126 4502 2322 4571 saepius
2370 4505 2610 4569 accidit,
2647 4516 2703 4559 ut
2735 4508 3007 4559 hominem
3057 4516 3165 4558 tttm
3205 4508 3422 4572 virtute,

1856 4603 1967 4647 tum
1984 4604 2178 4661 Ituente.
2205 4596 2486 4663 praeditum
2521 4598 2701 4649 vincat
2736 4600 2958 4665 aliquis.
2981 4614 3047 4651 ne
3075 4600 3270 4654 statuis
3299 4599 3423 4668 qui-

1853 4688 1973 4741 dem
2024 4689 2254 4756 sculptis
2283 4690 2347 4740 ad
2382 4688 2612 4742 formam
2672 4691 2878 4743 strenui
2907 4691 3003 4743 viri
3041 4694 3423 4759 respondens),

1853 4791 1903 4834 et
1922 4780 2172 4843 stultum,
2203 4788 2255 4832 et
2289 4781 2562 4843 titnidnm,
2596 4792 2649 4835 et
2684 4784 2953 4849 impurum
2985 4784 3058 4837 illi
3094 4793 3142 4838 te
3185 4785 3423 4853 appella-

1851 4874 1984 4927 bttnt
2034 4872 2307 4937 homines,
2352 4874 2446 4943 qui
2500 4890 2688 4941 reapse
2739 4875 2874 4928 tales
2920 4888 3072 4943 sunt,
3104 4877 3306 4945 quique
3332 4894 3418 4929 res

1850 4967 2137 5034 praeclaras
2170 4977 2446 5034 gerentem
2511 4968 2746 5037 aliquem
2798 4967 3157 5033 admirantes,
3202 4980 3253 5021 et
3285 4977 3420 5021 stre-

1849 5060 2116 5109 ttuitatem
2147 5057 2299 5110 valde
2329 5058 2711 5125 suspicientes,
2736 5060 3080 5126 prolixasque
3104 5060 3289 5112 lati-les
3324 5062 3419 5112 ho-

1850 5147 1978 5198 mini
2004 5146 2323 5209 coudentes,
2349 5156 2484 5200 testa
2518 5147 2683 5215 (quod
2709 5147 2885 5214 aiunt)
2910 5161 3175 5200 conversa
3203 5146 3416 5207 mutati,

1848 5253 2012 5304 supra
2046 5238 2267 5290 modum
2304 5237 2443 5289 male
2485 5246 2718 5290 tractant
2747 5238 2970 5289 minime
3007 5246 3276 5289 mutatum
3308 5237 3416 5287 vir-

1847 5337 1959 5381 tute
2001 5328 2197 5390 virum,
2259 5343 2418 5395 quem
2469 5329 2629 5395 paulo
2668 5337 2793 5380 ante
2824 5326 3218 5388 lattdabant,et
3265 5326 3411 5391 quod

1848 5423 2091 5474 ltonmes
2112 5420 2157 5471 ei
2212 5418 2466 5471 etalt-stes
2494 5418 2706 5472 deferre
2743 5432 2847 5470 non
2883 5426 3133 5486 possettl,
3178 5417 3409 5472 moleste

1841 5511 2103 5565 ferebant.
2132 5510 2294 5562 [idem
2322 5508 2614 5583 lugendum
2641 5518 2866 5561 censent
2895 5522 3017 5559 eum
3053 5507 3144 5575 qui
3180 5506 3405 5575 gloriam

1840 5604 2056 5663 amitIit,
2085 5618 2188 5655 non
2219 5601 2358 5654 illam
2400 5598 2760 5664 verissimattt,
2789 5608 2841 5653 et
2867 5597 3187 5657 durabilem.
3220 5609 3275 5653 et
3300 5617 3404 5654 una

1813 5712 1935 5751 cum
1976 5694 2166 5764 spiritu
2208 5692 2330 5747 hinc
2362 5694 2708 5761 ntigtautem,
2738 5691 2830 5746 sed
2859 5691 2997 5747 hanc
3017 5706 3229 5759 vatiam,
3255 5708 3401 5762 «μιαι-
