  <div class='ocr_page' id='page_1' title='image "/cluster/home/n/w/nwhite01/storage/ocr_20150623/156/hvd.32044073502650/213.png"; bbox 0 0 3850 6200; ppageno 0'>
   <div class='ocr_carea' id='block_1_1' title="bbox 624 136 650 159">
    <p class='ocr_par' dir='ltr' id='par_1_1' title="bbox 624 136 650 159">
     <span class='ocr_line' id='line_1_1' title="bbox 624 136 650 159; baseline 0 0"><span class='ocrx_word' id='word_1_1' title='bbox 624 136 650 159; x_wconf 72' lang='grc'><em>1</em></span> 
     </span>
    </p>
   </div>
   <div class='ocr_carea' id='block_1_2' title="bbox 397 269 506 335">
    <p class='ocr_par' dir='ltr' id='par_1_2' title="bbox 397 269 506 335">
     <span class='ocr_line' id='line_1_2' title="bbox 397 269 506 335; baseline 0.028 -3"><span class='ocrx_word' id='word_1_2' title='bbox 397 269 506 335; x_wconf 68' lang='grc'><strong>415</strong></span> 
     </span>
    </p>
   </div>
   <div class='ocr_carea' id='block_1_3' title="bbox 1575 194 3600 312">
    <p class='ocr_par' dir='ltr' id='par_1_3' title="bbox 1575 194 3600 312">
     <span class='ocr_line' id='line_1_3' title="bbox 1575 194 3600 312; baseline -0.006 0"><span class='ocrx_word' id='word_1_3' title='bbox 1575 248 1972 312; x_wconf 56' lang='lat' dir='ltr'><strong>mammas</strong></span> <span class='ocrx_word' id='word_1_4' title='bbox 2012 240 2458 304; x_wconf 58' lang='lat' dir='ltr'><strong>mmemor</strong></span> <span class='ocrx_word' id='word_1_5' title='bbox 3508 231 3600 300; x_wconf 73' lang='lat' dir='ltr'><strong>its</strong></span> 
     </span>
    </p>
   </div>
   <div class='ocr_carea' id='block_1_4' title="bbox 401 324 1985 452">
    <p class='ocr_par' dir='ltr' id='par_1_4' title="bbox 401 363 1972 452">
     <span class='ocr_line' id='line_1_4' title="bbox 401 363 1972 452; baseline -0.02 -14"><span class='ocrx_word' id='word_1_6' title='bbox 401 397 510 452; x_wconf 91' lang='lat' dir='ltr'><strong>que</strong></span> <span class='ocrx_word' id='word_1_7' title='bbox 567 379 750 451; x_wconf 73' lang='lat' dir='ltr'><strong>petitis</strong></span> <span class='ocrx_word' id='word_1_8' title='bbox 801 390 923 430; x_wconf 83' lang='lat' dir='ltr'><strong>esse</strong></span> <span class='ocrx_word' id='word_1_9' title='bbox 968 369 1140 443; x_wconf 87' lang='lat' dir='ltr'><strong>gloria</strong></span> <span class='ocrx_word' id='word_1_10' title='bbox 1177 364 1405 424; x_wconf 78' lang='lat' dir='ltr'><strong>&quot;videtur</strong></span> <span class='ocrx_word' id='word_1_11' title='bbox 1446 380 1610 437; x_wconf 89' lang='lat' dir='ltr'><strong>quam</strong></span> <span class='ocrx_word' id='word_1_12' title='bbox 1656 363 1748 426; x_wconf 91' lang='lat' dir='ltr'><strong>sit,</strong></span> <span class='ocrx_word' id='word_1_13' title='bbox 1775 369 1972 413; x_wconf 88' lang='lat' dir='ltr'><strong>etcum</strong></span> 
     </span>
    </p>
   </div>
   <div class='ocr_carea' id='block_1_5' title="bbox 2093 324 3598 452">
    <p class='ocr_par' dir='ltr' id='par_1_5' title="bbox 2093 324 3598 418">
     <span class='ocr_line' id='line_1_5' title="bbox 2093 324 3598 418; baseline -0.005 -14"><span class='ocrx_word' id='word_1_14' title='bbox 2093 371 2243 414; x_wconf 71' lang='lat' dir='ltr'><strong>IOt‘tO,</strong></span> <span class='ocrx_word' id='word_1_15' title='bbox 2274 352 2335 404; x_wconf 91' lang='grc' dir='ltr'><strong>οὐ</strong></span> <span class='ocrx_word' id='word_1_16' title='bbox 2388 349 2486 416; x_wconf 78' lang='grc' dir='ltr'>τῆς</span> <span class='ocrx_word' id='word_1_17' title='bbox 2517 325 2893 418; x_wconf 29' lang='grc' dir='ltr'>ἀληθεστάτη-ς</span> <span class='ocrx_word' id='word_1_18' title='bbox 2945 327 3050 413; x_wconf 76' lang='grc' dir='ltr'>δὴ,</span> <span class='ocrx_word' id='word_1_19' title='bbox 3078 324 3185 394; x_wconf 46' lang='grc' dir='ltr'>’καὶ</span> <span class='ocrx_word' id='word_1_20' title='bbox 3244 327 3474 412; x_wconf 73' lang='grc' dir='ltr'>μονίμου,</span> <span class='ocrx_word' id='word_1_21' title='bbox 3515 347 3598 400; x_wconf 78' lang='grc' dir='ltr'>καὶ</span> 
     </span>
    </p>
   </div>
   <div class='ocr_carea' id='block_1_6' title="bbox 402 455 1964 545">
    <p class='ocr_par' dir='ltr' id='par_1_6' title="bbox 402 455 1964 545">
     <span class='ocr_line' id='line_1_6' title="bbox 402 455 1964 545; baseline -0.019 -14"><span class='ocrx_word' id='word_1_22' title='bbox 402 489 632 545; x_wconf 85' lang='lat' dir='ltr'><strong>corpore</strong></span> <span class='ocrx_word' id='word_1_23' title='bbox 672 469 1008 529; x_wconf 74' lang='lat' dir='ltr'><strong>dissolvitur,</strong></span> <span class='ocrx_word' id='word_1_24' title='bbox 1043 465 1088 519; x_wconf 87' lang='lat' dir='ltr'><strong>si</strong></span> <span class='ocrx_word' id='word_1_25' title='bbox 1133 464 1270 519; x_wconf 90' lang='lat' dir='ltr'><strong>bene</strong></span> <span class='ocrx_word' id='word_1_26' title='bbox 1312 462 1504 525; x_wconf 87' lang='lat' dir='ltr'><strong>duret;</strong></span> <span class='ocrx_word' id='word_1_27' title='bbox 1539 455 1819 511; x_wconf 74' lang='lat' dir='ltr'><strong>autetiam</strong></span> <span class='ocrx_word' id='word_1_28' title='bbox 1859 465 1964 504; x_wconf 90' lang='lat' dir='ltr'><strong>non</strong></span> 
     </span>
    </p>
   </div>
   <div class='ocr_carea' id='block_1_7' title="bbox 402 545 1967 627">
    <p class='ocr_par' dir='ltr' id='par_1_7' title="bbox 402 545 1967 627">
     <span class='ocr_line' id='line_1_7' title="bbox 402 545 1967 627; baseline -0.017 -4"><span class='ocrx_word' id='word_1_29' title='bbox 402 582 530 622; x_wconf 88' lang='lat' dir='ltr'><strong>raro</strong></span> <span class='ocrx_word' id='word_1_30' title='bbox 576 573 702 617; x_wconf 90' lang='lat' dir='ltr'><strong>ante</strong></span> <span class='ocrx_word' id='word_1_31' title='bbox 750 562 1025 613; x_wconf 88' lang='lat' dir='ltr'><strong>hominem</strong></span> <span class='ocrx_word' id='word_1_32' title='bbox 1068 560 1272 627; x_wconf 75' lang='lat' dir='ltr'><strong>ipsum,</strong></span> <span class='ocrx_word' id='word_1_33' title='bbox 1309 556 1389 610; x_wconf 90' lang='lat' dir='ltr'><strong>sic</strong></span> <span class='ocrx_word' id='word_1_34' title='bbox 1421 552 1726 607; x_wconf 80' lang='lat' dir='ltr'><strong>ferentibus</strong></span> <span class='ocrx_word' id='word_1_35' title='bbox 1755 545 1967 602; x_wconf 86' lang='lat' dir='ltr'><strong>eventis</strong></span> 
     </span>
    </p>
   </div>
   <div class='ocr_carea' id='block_1_8' title="bbox 403 643 1968 723">
    <p class='ocr_par' dir='ltr' id='par_1_8' title="bbox 403 643 1968 723">
     <span class='ocr_line' id='line_1_8' title="bbox 403 643 1968 723; baseline -0.013 -11"><span class='ocrx_word' id='word_1_36' title='bbox 403 673 607 723; x_wconf 76' lang='lat' dir='ltr'><strong>rerum,</strong></span> <span class='ocrx_word' id='word_1_37' title='bbox 631 657 834 716; x_wconf 90' lang='lat' dir='ltr'><strong>avolat,</strong></span> <span class='ocrx_word' id='word_1_38' title='bbox 867 655 948 706; x_wconf 83' lang='lat' dir='ltr'><strong>vel</strong></span> <span class='ocrx_word' id='word_1_39' title='bbox 991 653 1172 722; x_wconf 81' lang='lat' dir='ltr'><strong>potius</strong></span> <span class='ocrx_word' id='word_1_40' title='bbox 1202 649 1435 703; x_wconf 84' lang='lat' dir='ltr'><strong>inﬁnitis</strong></span> <span class='ocrx_word' id='word_1_41' title='bbox 1469 645 1644 699; x_wconf 88' lang='lat' dir='ltr'><strong>modis</strong></span> <span class='ocrx_word' id='word_1_42' title='bbox 1669 643 1722 696; x_wconf 91' lang='lat' dir='ltr'><strong>in</strong></span> <span class='ocrx_word' id='word_1_43' title='bbox 1747 648 1968 696; x_wconf 90' lang='lat' dir='ltr'><strong>contra-</strong></span> 
     </span>
    </p>
   </div>
   <div class='ocr_carea' id='block_1_9' title="bbox 334 732 1970 801">
    <p class='ocr_par' dir='ltr' id='par_1_9' title="bbox 334 732 1970 801">
     <span class='ocr_line' id='line_1_9' title="bbox 334 732 1970 801; baseline -0.012 1"><span class='ocrx_word' id='word_1_44' title='bbox 334 761 345 770; x_wconf 89' lang='lat'>&#39;</span> <span class='ocrx_word' id='word_1_45' title='bbox 407 751 544 801; x_wconf 78' lang='lat' dir='ltr'><strong>tium</strong></span> <span class='ocrx_word' id='word_1_46' title='bbox 570 748 734 800; x_wconf 80' lang='lat' dir='ltr'><strong>cadit.</strong></span> <span class='ocrx_word' id='word_1_47' title='bbox 764 748 1121 799; x_wconf 83' lang='lat' dir='ltr'><strong>Arbitrantur</strong></span> <span class='ocrx_word' id='word_1_48' title='bbox 1163 758 1294 797; x_wconf 81' lang='lat' dir='ltr'><strong>sane</strong></span> <span class='ocrx_word' id='word_1_49' title='bbox 1325 741 1578 793; x_wconf 73' lang='lat' dir='ltr'><strong>virtutem</strong></span> <span class='ocrx_word' id='word_1_50' title='bbox 1617 751 1741 790; x_wconf 87' lang='lat' dir='ltr'><strong>sese</strong></span> <span class='ocrx_word' id='word_1_51' title='bbox 1768 732 1970 793; x_wconf 87' lang='lat' dir='ltr'><strong>colere,</strong></span> 
     </span>
    </p>
   </div>
   <div class='ocr_carea' id='block_1_10' title="bbox 403 823 1971 900">
    <p class='ocr_par' dir='ltr' id='par_1_10' title="bbox 403 823 1971 900">
     <span class='ocr_line' id='line_1_10' title="bbox 403 823 1971 900; baseline -0.013 -4"><span class='ocrx_word' id='word_1_52' title='bbox 403 845 530 896; x_wconf 90' lang='lat' dir='ltr'><strong>dum</strong></span> <span class='ocrx_word' id='word_1_53' title='bbox 558 855 678 895; x_wconf 92' lang='lat' dir='ltr'><strong>eam</strong></span> <span class='ocrx_word' id='word_1_54' title='bbox 708 839 961 894; x_wconf 84' lang='lat' dir='ltr'><strong>aﬂ&#39;ectant</strong></span> <span class='ocrx_word' id='word_1_55' title='bbox 993 835 1355 896; x_wconf 67' lang='lat' dir='ltr'><strong>ambitiosius,</strong></span> <span class='ocrx_word' id='word_1_56' title='bbox 1375 833 1606 900; x_wconf 79' lang='lat' dir='ltr'><strong>ideoque</strong></span> <span class='ocrx_word' id='word_1_57' title='bbox 1630 827 1783 883; x_wconf 89' lang='lat' dir='ltr'><strong>nullo</strong></span> <span class='ocrx_word' id='word_1_58' title='bbox 1809 823 1971 878; x_wconf 87' lang='lat' dir='ltr'><strong>modo</strong></span> 
     </span>
    </p>
   </div>
   <div class='ocr_carea' id='block_1_11' title="bbox 404 917 1975 996">
    <p class='ocr_par' dir='ltr' id='par_1_11' title="bbox 404 917 1975 996">
     <span class='ocr_line' id='line_1_11' title="bbox 404 917 1975 996; baseline -0.013 -8"><span class='ocrx_word' id='word_1_59' title='bbox 404 935 662 996; x_wconf 54' lang='lat' dir='ltr'><strong>fortuna},</strong></span> <span class='ocrx_word' id='word_1_60' title='bbox 712 931 805 985; x_wconf 82' lang='lat' dir='ltr'><strong>sed</strong></span> <span class='ocrx_word' id='word_1_61' title='bbox 844 929 1025 983; x_wconf 81' lang='lat' dir='ltr'><strong>virtuti</strong></span> <span class='ocrx_word' id='word_1_62' title='bbox 1062 928 1450 982; x_wconf 82' lang='lat' dir='ltr'><strong>strenuitatent</strong></span> <span class='ocrx_word' id='word_1_63' title='bbox 1505 922 1830 992; x_wconf 87' lang='lat' dir='ltr'><strong>attribuunt.</strong></span> <span class='ocrx_word' id='word_1_64' title='bbox 1870 917 1975 970; x_wconf 76' lang='lat' dir='ltr'><strong>Ve-</strong></span> 
     </span>
    </p>
   </div>
   <div class='ocr_carea' id='block_1_12' title="bbox 407 1005 1975 1086">
    <p class='ocr_par' dir='ltr' id='par_1_12' title="bbox 407 1005 1975 1086">
     <span class='ocr_line' id='line_1_12' title="bbox 407 1005 1975 1086; baseline -0.009 -13"><span class='ocrx_word' id='word_1_65' title='bbox 407 1039 526 1074; x_wconf 87' lang='lat' dir='ltr'><strong>rum</strong></span> <span class='ocrx_word' id='word_1_66' title='bbox 557 1020 715 1074; x_wconf 76' lang='lat' dir='ltr'><strong>factis</strong></span> <span class='ocrx_word' id='word_1_67' title='bbox 735 1020 870 1086; x_wconf 83' lang='lat' dir='ltr'><strong>ipsis</strong></span> <span class='ocrx_word' id='word_1_68' title='bbox 901 1017 1219 1078; x_wconf 83' lang='lat' dir='ltr'><strong>ostendunt,</strong></span> <span class='ocrx_word' id='word_1_69' title='bbox 1249 1016 1468 1068; x_wconf 88' lang='lat' dir='ltr'><strong>minime</strong></span> <span class='ocrx_word' id='word_1_70' title='bbox 1493 1028 1552 1066; x_wconf 89' lang='lat' dir='ltr'><strong>se</strong></span> <span class='ocrx_word' id='word_1_71' title='bbox 1579 1010 1736 1064; x_wconf 82' lang='lat' dir='ltr'><strong>bonis</strong></span> <span class='ocrx_word' id='word_1_72' title='bbox 1769 1023 1798 1060; x_wconf 91' lang='lat' dir='ltr'><strong>a</strong></span> <span class='ocrx_word' id='word_1_73' title='bbox 1838 1005 1975 1061; x_wconf 81' lang='lat' dir='ltr'><strong>viris</strong></span> 
     </span>
    </p>
   </div>
   <div class='ocr_carea' id='block_1_13' title="bbox 407 1098 1974 1179">
    <p class='ocr_par' dir='ltr' id='par_1_13' title="bbox 407 1098 1974 1179">
     <span class='ocr_line' id='line_1_13' title="bbox 407 1098 1974 1179; baseline -0.008 -16"><span class='ocrx_word' id='word_1_74' title='bbox 407 1128 557 1179; x_wconf 79' lang='lat' dir='ltr'><strong>gesta</strong></span> <span class='ocrx_word' id='word_1_75' title='bbox 597 1113 779 1164; x_wconf 76' lang='lat' dir='ltr'><strong>tirtuti</strong></span> <span class='ocrx_word' id='word_1_76' title='bbox 827 1120 1045 1177; x_wconf 76' lang='lat' dir='ltr'><strong>accepta</strong></span> <span class='ocrx_word' id='word_1_77' title='bbox 1081 1110 1241 1168; x_wconf 76' lang='lat' dir='ltr'><strong>l&#39;erre,</strong></span> <span class='ocrx_word' id='word_1_78' title='bbox 1268 1109 1360 1160; x_wconf 76' lang='lat' dir='ltr'><strong>sed</strong></span> <span class='ocrx_word' id='word_1_79' title='bbox 1394 1105 1630 1159; x_wconf 65' lang='lat' dir='ltr'><strong>fortuna:</strong></span> <span class='ocrx_word' id='word_1_80' title='bbox 1671 1110 1846 1155; x_wconf 90' lang='lat' dir='ltr'><strong>totum</strong></span> <span class='ocrx_word' id='word_1_81' title='bbox 1873 1098 1974 1152; x_wconf 89' lang='lat' dir='ltr'><strong>im-</strong></span> 
     </span>
    </p>
   </div>
   <div class='ocr_carea' id='block_1_14' title="bbox 407 1200 1969 1272">
    <p class='ocr_par' dir='ltr' id='par_1_14' title="bbox 407 1200 1969 1272">
     <span class='ocr_line' id='line_1_14' title="bbox 407 1200 1969 1272; baseline -0.009 -15"><span class='ocrx_word' id='word_1_82' title='bbox 407 1217 636 1272; x_wconf 84' lang='lat' dir='ltr'><strong>putare;</strong></span> <span class='ocrx_word' id='word_1_83' title='bbox 674 1205 915 1271; x_wconf 82' lang='lat' dir='ltr'><strong>adeoque</strong></span> <span class='ocrx_word' id='word_1_84' title='bbox 942 1203 1070 1256; x_wconf 90' lang='lat' dir='ltr'><strong>dum</strong></span> <span class='ocrx_word' id='word_1_85' title='bbox 1132 1200 1456 1268; x_wconf 82' lang='lat' dir='ltr'><strong>simpliciter</strong></span> <span class='ocrx_word' id='word_1_86' title='bbox 1503 1209 1768 1265; x_wconf 89' lang='lat' dir='ltr'><strong>prospero</strong></span> <span class='ocrx_word' id='word_1_87' title='bbox 1802 1204 1969 1247; x_wconf 86' lang='lat' dir='ltr'><strong>cursu</strong></span> 
     </span>
    </p>
   </div>
   <div class='ocr_carea' id='block_1_15' title="bbox 409 1289 1968 1364">
    <p class='ocr_par' dir='ltr' id='par_1_15' title="bbox 409 1289 1968 1364">
     <span class='ocr_line' id='line_1_15' title="bbox 409 1289 1968 1364; baseline -0.01 -16"><span class='ocrx_word' id='word_1_88' title='bbox 409 1295 771 1364; x_wconf 72' lang='lat' dir='ltr'><strong>navigationis</strong></span> <span class='ocrx_word' id='word_1_89' title='bbox 826 1303 1068 1348; x_wconf 78' lang='lat' dir='ltr'><strong>utentem</strong></span> <span class='ocrx_word' id='word_1_90' title='bbox 1128 1306 1380 1360; x_wconf 83' lang='lat' dir='ltr'><strong>maguum</strong></span> <span class='ocrx_word' id='word_1_91' title='bbox 1419 1289 1648 1347; x_wconf 89' lang='lat' dir='ltr'><strong>ducunt,</strong></span> <span class='ocrx_word' id='word_1_92' title='bbox 1700 1299 1811 1338; x_wconf 89' lang='lat' dir='ltr'><strong>non</strong></span> <span class='ocrx_word' id='word_1_93' title='bbox 1842 1296 1968 1336; x_wconf 86' lang='lat' dir='ltr'><strong>eum</strong></span> 
     </span>
    </p>
   </div>
   <div class='ocr_carea' id='block_1_16' title="bbox 409 1383 1966 1455">
    <p class='ocr_par' dir='ltr' id='par_1_16' title="bbox 409 1383 1966 1455">
     <span class='ocr_line' id='line_1_16' title="bbox 409 1383 1966 1455; baseline -0.008 -16"><span class='ocrx_word' id='word_1_94' title='bbox 409 1386 503 1453; x_wconf 90' lang='lat' dir='ltr'><strong>qui</strong></span> <span class='ocrx_word' id='word_1_95' title='bbox 554 1388 729 1455; x_wconf 88' lang='lat' dir='ltr'><strong>perite</strong></span> <span class='ocrx_word' id='word_1_96' title='bbox 761 1385 941 1440; x_wconf 82' lang='lat' dir='ltr'><strong>navim</strong></span> <span class='ocrx_word' id='word_1_97' title='bbox 971 1386 1322 1443; x_wconf 80' lang='lat' dir='ltr'><strong>moderatur,</strong></span> <span class='ocrx_word' id='word_1_98' title='bbox 1349 1398 1402 1435; x_wconf 83' lang='grc' dir='ltr'><strong>ιιι</strong></span> <span class='ocrx_word' id='word_1_99' title='bbox 1436 1393 1628 1434; x_wconf 88' lang='lat' dir='ltr'><strong>errore</strong></span> <span class='ocrx_word' id='word_1_100' title='bbox 1649 1383 1966 1431; x_wconf 83' lang='lat' dir='ltr'><strong>versantur.</strong></span> 
     </span>
    </p>
   </div>
   <div class='ocr_carea' id='block_1_17' title="bbox 2075 435 3604 512">
    <p class='ocr_par' dir='ltr' id='par_1_17' title="bbox 2075 435 3604 512">
     <span class='ocr_line' id='line_1_17' title="bbox 2075 435 3604 512; baseline -0.006 -13"><span class='ocrx_word' id='word_1_101' title='bbox 2075 444 2562 512; x_wconf 82' lang='grc' dir='ltr'>συναπερχομένης</span> <span class='ocrx_word' id='word_1_102' title='bbox 2595 439 2808 493; x_wconf 73' lang='grc' dir='ltr'>ἐνθένδε</span> <span class='ocrx_word' id='word_1_103' title='bbox 2859 437 2938 506; x_wconf 82' lang='grc' dir='ltr'><strong>τῷ</strong></span> <span class='ocrx_word' id='word_1_104' title='bbox 2975 435 3248 505; x_wconf 85' lang='grc' dir='ltr'>πνεύματι</span> <span class='ocrx_word' id='word_1_105' title='bbox 3270 451 3284 468; x_wconf 76' lang='grc' dir='ltr'><strong><em>ο</em></strong></span> <span class='ocrx_word' id='word_1_106' title='bbox 3313 437 3527 504; x_wconf 69' lang='grc' dir='ltr'>ταυτησὶ</span> <span class='ocrx_word' id='word_1_107' title='bbox 3551 438 3604 490; x_wconf 73' lang='grc' dir='ltr'>δὲ</span> 
     </span>
    </p>
   </div>
   <div class='ocr_carea' id='block_1_18' title="bbox 2076 528 3601 607">
    <p class='ocr_par' dir='ltr' id='par_1_18' title="bbox 2076 528 3601 607">
     <span class='ocr_line' id='line_1_18' title="bbox 2076 528 3601 607; baseline -0.007 -14"><span class='ocrx_word' id='word_1_108' title='bbox 2076 541 2178 607; x_wconf 78' lang='grc' dir='ltr'>τῆς</span> <span class='ocrx_word' id='word_1_109' title='bbox 2207 540 2391 604; x_wconf 79' lang='grc' dir='ltr'>κενῆς,</span> <span class='ocrx_word' id='word_1_110' title='bbox 2433 538 2534 604; x_wconf 75' lang='grc' dir='ltr'>τῆς</span> <span class='ocrx_word' id='word_1_111' title='bbox 2565 535 2768 605; x_wconf 74' lang='grc' dir='ltr'>μᾶλλον</span> <span class='ocrx_word' id='word_1_112' title='bbox 2811 549 2874 600; x_wconf 88' lang='grc' dir='ltr'><strong>γε</strong></span> <span class='ocrx_word' id='word_1_113' title='bbox 2911 529 3176 594; x_wconf 77' lang='grc' dir='ltr'><strong>δοκούσης</strong></span> <span class='ocrx_word' id='word_1_114' title='bbox 3202 528 3233 596; x_wconf 75' lang='grc' dir='ltr'>ἢ</span> <span class='ocrx_word' id='word_1_115' title='bbox 3264 529 3601 600; x_wconf 78' lang='grc' dir='ltr'><strong>ὑπαρχούσης,</strong></span> 
     </span>
    </p>
   </div>
   <div class='ocr_carea' id='block_1_19' title="bbox 2075 619 3609 699">
    <p class='ocr_par' dir='ltr' id='par_1_19' title="bbox 2075 619 3609 699">
     <span class='ocr_line' id='line_1_19' title="bbox 2075 619 3609 699; baseline -0.008 -16"><span class='ocrx_word' id='word_1_116' title='bbox 2075 632 2172 684; x_wconf 69' lang='grc' dir='ltr'><strong>καὶ</strong></span> <span class='ocrx_word' id='word_1_117' title='bbox 2213 629 2587 699; x_wconf 78' lang='grc' dir='ltr'>συλλυομένης</span> <span class='ocrx_word' id='word_1_118' title='bbox 2639 627 2716 696; x_wconf 83' lang='grc' dir='ltr'>τῷ</span> <span class='ocrx_word' id='word_1_119' title='bbox 2763 627 3015 696; x_wconf 86' lang='grc' dir='ltr'>σώματι,</span> <span class='ocrx_word' id='word_1_120' title='bbox 3069 621 3267 675; x_wconf 76' lang='grc' dir='ltr'>ὁπόταν</span> <span class='ocrx_word' id='word_1_121' title='bbox 3319 637 3379 688; x_wconf 85' lang='grc' dir='ltr'><strong>γε</strong></span> <span class='ocrx_word' id='word_1_122' title='bbox 3430 621 3516 674; x_wconf 69' lang='grc' dir='ltr'>καὶ</span> <span class='ocrx_word' id='word_1_123' title='bbox 3552 619 3609 676; x_wconf 75' lang='grc' dir='ltr'><strong>εὖ,</strong></span> 
     </span>
    </p>
   </div>
   <div class='ocr_carea' id='block_1_20' title="bbox 2077 711 3606 794">
    <p class='ocr_par' dir='ltr' id='par_1_20' title="bbox 2077 711 3606 794">
     <span class='ocr_line' id='line_1_20' title="bbox 2077 711 3606 794; baseline -0.01 -15"><span class='ocrx_word' id='word_1_124' title='bbox 2077 722 2434 794; x_wconf 75' lang='grc' dir='ltr'>διαρκέσῃ,ἢ</span> <span class='ocrx_word' id='word_1_125' title='bbox 2495 721 2592 773; x_wconf 71' lang='grc' dir='ltr'>καὶ</span> <span class='ocrx_word' id='word_1_126' title='bbox 2639 713 3141 788; x_wconf 82' lang='grc' dir='ltr'>προαφιπταμένης</span> <span class='ocrx_word' id='word_1_127' title='bbox 3182 711 3340 764; x_wconf 85' lang='grc' dir='ltr'>αὐτοῦ</span> <span class='ocrx_word' id='word_1_128' title='bbox 3375 712 3606 776; x_wconf 77' lang='grc' dir='ltr'><strong>πολλάκις</strong></span> 
     </span>
    </p>
   </div>
   <div class='ocr_carea' id='block_1_21' title="bbox 2077 802 3610 882">
    <p class='ocr_par' dir='ltr' id='par_1_21' title="bbox 2077 802 3610 882">
     <span class='ocr_line' id='line_1_21' title="bbox 2077 802 3610 882; baseline -0.009 -12"><span class='ocrx_word' id='word_1_129' title='bbox 2077 819 2190 879; x_wconf 83' lang='grc' dir='ltr'>τοῖς</span> <span class='ocrx_word' id='word_1_130' title='bbox 2217 815 2325 869; x_wconf 68' lang='grc' dir='ltr'><strong>ἀπὸ</strong></span> <span class='ocrx_word' id='word_1_131' title='bbox 2369 813 2480 866; x_wconf 84' lang='grc' dir='ltr'>τῶν</span> <span class='ocrx_word' id='word_1_132' title='bbox 2509 811 2858 882; x_wconf 82' lang='grc' dir='ltr'><strong>πραγμάτων</strong></span> <span class='ocrx_word' id='word_1_133' title='bbox 2906 803 3278 876; x_wconf 73' lang='grc' dir='ltr'><strong>συμπτώμασι</strong></span> <span class='ocrx_word' id='word_1_134' title='bbox 3302 819 3318 834; x_wconf 83' lang='grc'>⁶</span> <span class='ocrx_word' id='word_1_135' title='bbox 3353 802 3534 872; x_wconf 76' lang='grc' dir='ltr'>μᾶλλον</span> <span class='ocrx_word' id='word_1_136' title='bbox 3560 803 3610 857; x_wconf 72' lang='grc' dir='ltr'>δὲ</span> 
     </span>
    </p>
   </div>
   <div class='ocr_carea' id='block_1_22' title="bbox 2083 894 3612 978">
    <p class='ocr_par' dir='ltr' id='par_1_22' title="bbox 2083 894 3612 978">
     <span class='ocr_line' id='line_1_22' title="bbox 2083 894 3612 978; baseline -0.01 -14"><span class='ocrx_word' id='word_1_137' title='bbox 2083 894 2189 964; x_wconf 73' lang='grc' dir='ltr'><strong>που</strong></span> <span class='ocrx_word' id='word_1_138' title='bbox 2251 911 2347 962; x_wconf 78' lang='grc' dir='ltr'>καὶ</span> <span class='ocrx_word' id='word_1_139' title='bbox 2404 905 2755 978; x_wconf 77' lang='grc' dir='ltr'><strong>τρεπομένης</strong></span> <span class='ocrx_word' id='word_1_140' title='bbox 2813 904 2892 963; x_wconf 81' lang='grc' dir='ltr'><strong>είς</strong></span> <span class='ocrx_word' id='word_1_141' title='bbox 2935 897 3246 954; x_wconf 87' lang='grc' dir='ltr'>τούναντίον</span> <span class='ocrx_word' id='word_1_142' title='bbox 3280 897 3479 966; x_wconf 81' lang='grc' dir='ltr'>μυρὲοις</span> <span class='ocrx_word' id='word_1_143' title='bbox 3504 894 3612 965; x_wconf 79' lang='grc' dir='ltr'>τρό-</span> 
     </span>
    </p>
   </div>
   <div class='ocr_carea' id='block_1_23' title="bbox 2083 987 3614 1067">
    <p class='ocr_par' dir='ltr' id='par_1_23' title="bbox 2083 987 3614 1067">
     <span class='ocr_line' id='line_1_23' title="bbox 2083 987 3614 1067; baseline -0.012 -11"><span class='ocrx_word' id='word_1_144' title='bbox 2083 1019 2226 1064; x_wconf 84' lang='grc' dir='ltr'>ποις.</span> <span class='ocrx_word' id='word_1_145' title='bbox 2268 1001 2487 1054; x_wconf 81' lang='grc' dir='ltr'>Οῐυνται</span> <span class='ocrx_word' id='word_1_146' title='bbox 2526 997 2624 1067; x_wconf 76' lang='grc' dir='ltr'>μὲν</span> <span class='ocrx_word' id='word_1_147' title='bbox 2663 991 2760 1048; x_wconf 78' lang='grc' dir='ltr'><strong>οὖν</strong></span> <span class='ocrx_word' id='word_1_148' title='bbox 2811 992 3015 1062; x_wconf 75' lang='grc' dir='ltr'>ἀρετὴν</span> <span class='ocrx_word' id='word_1_149' title='bbox 3055 988 3408 1060; x_wconf 72' lang='grc' dir='ltr'><strong>μετέρχεσθαι</strong></span> <span class='ocrx_word' id='word_1_150' title='bbox 3436 987 3506 1057; x_wconf 80' lang='grc' dir='ltr'>τῷ</span> <span class='ocrx_word' id='word_1_151' title='bbox 3538 1003 3614 1055; x_wconf 87' lang='grc' dir='ltr'>φι-</span> 
     </span>
    </p>
   </div>
   <div class='ocr_carea' id='block_1_24' title="bbox 2079 1077 3613 1160">
    <p class='ocr_par' dir='ltr' id='par_1_24' title="bbox 2079 1077 3613 1160">
     <span class='ocr_line' id='line_1_24' title="bbox 2079 1077 3613 1160; baseline -0.01 -16"><span class='ocrx_word' id='word_1_152' title='bbox 2079 1088 2613 1160; x_wconf 74' lang='grc' dir='ltr'>λοτιμεῖσθαιὊθεν</span> <span class='ocrx_word' id='word_1_153' title='bbox 2647 1087 2744 1154; x_wconf 68' lang='grc' dir='ltr'>τὴν</span> <span class='ocrx_word' id='word_1_154' title='bbox 2777 1085 2946 1155; x_wconf 75' lang='grc' dir='ltr'>τύχην</span> <span class='ocrx_word' id='word_1_155' title='bbox 2976 1078 3358 1151; x_wconf 75' lang='grc' dir='ltr'>οὐδαμῶς,τὴν</span> <span class='ocrx_word' id='word_1_156' title='bbox 3373 1077 3613 1146; x_wconf 70' lang='grc' dir='ltr'>δ’ἀρετὴν</span> 
     </span>
    </p>
   </div>
   <div class='ocr_carea' id='block_1_25' title="bbox 2082 1165 3614 1247">
    <p class='ocr_par' dir='ltr' id='par_1_25' title="bbox 2082 1165 3614 1247">
     <span class='ocr_line' id='line_1_25' title="bbox 2082 1165 3614 1247; baseline -0.012 -9"><span class='ocrx_word' id='word_1_157' title='bbox 2082 1184 2369 1240; x_wconf 73' lang='grc' dir='ltr'><strong>αἰτιῶνται</strong></span> <span class='ocrx_word' id='word_1_158' title='bbox 2390 1180 2523 1247; x_wconf 70' lang='grc' dir='ltr'>πρὺς</span> <span class='ocrx_word' id='word_1_159' title='bbox 2547 1178 2924 1245; x_wconf 79' lang='grc' dir='ltr'>γενναιότητα.</span> <span class='ocrx_word' id='word_1_160' title='bbox 2948 1174 3238 1226; x_wconf 82' lang='grc' dir='ltr'>Φαίνονται</span> <span class='ocrx_word' id='word_1_161' title='bbox 3263 1171 3320 1224; x_wconf 72' lang='grc' dir='ltr'>δὲ</span> <span class='ocrx_word' id='word_1_162' title='bbox 3350 1165 3428 1234; x_wconf 75' lang='grc' dir='ltr'><strong>οἷς</strong></span> <span class='ocrx_word' id='word_1_163' title='bbox 3457 1171 3614 1239; x_wconf 80' lang='grc' dir='ltr'>πράτ-</span> 
     </span>
    </p>
   </div>
   <div class='ocr_carea' id='block_1_26' title="bbox 2077 1261 3623 1341">
    <p class='ocr_par' dir='ltr' id='par_1_26' title="bbox 2077 1261 3623 1341">
     <span class='ocr_line' id='line_1_26' title="bbox 2077 1261 3623 1341; baseline -0.014 -11"><span class='ocrx_word' id='word_1_164' title='bbox 2077 1290 2290 1335; x_wconf 75' lang='grc' dir='ltr'>τουσινς</span> <span class='ocrx_word' id='word_1_165' title='bbox 2309 1273 2510 1341; x_wconf 77' lang='grc' dir='ltr'>ἣκιστα</span> <span class='ocrx_word' id='word_1_166' title='bbox 2536 1269 2634 1338; x_wconf 78' lang='grc' dir='ltr'>μέν</span> <span class='ocrx_word' id='word_1_167' title='bbox 2655 1285 2708 1320; x_wconf 91' lang='grc' dir='ltr'><strong>τι</strong></span> <span class='ocrx_word' id='word_1_168' title='bbox 2724 1267 2980 1335; x_wconf 77' lang='grc' dir='ltr'><strong>νέμοντες</strong></span> <span class='ocrx_word' id='word_1_169' title='bbox 3005 1265 3174 1334; x_wconf 78' lang='grc' dir='ltr'>ἀρετῇ</span> <span class='ocrx_word' id='word_1_170' title='bbox 3198 1261 3303 1314; x_wconf 81' lang='grc' dir='ltr'>τῶν</span> <span class='ocrx_word' id='word_1_171' title='bbox 3329 1261 3623 1328; x_wconf 78' lang='grc' dir='ltr'>πεπραγμέ-</span> 
     </span>
    </p>
   </div>
   <div class='ocr_carea' id='block_1_27' title="bbox 2078 1352 3622 1436">
    <p class='ocr_par' dir='ltr' id='par_1_27' title="bbox 2078 1352 3622 1436">
     <span class='ocr_line' id='line_1_27' title="bbox 2078 1352 3622 1436; baseline -0.013 -14"><span class='ocrx_word' id='word_1_172' title='bbox 2078 1385 2187 1422; x_wconf 89' lang='grc' dir='ltr'><strong>νων</strong></span> <span class='ocrx_word' id='word_1_173' title='bbox 2226 1364 2485 1436; x_wconf 80' lang='grc' dir='ltr'><strong>χρηστοῖς</strong></span> <span class='ocrx_word' id='word_1_174' title='bbox 2521 1360 2771 1428; x_wconf 81' lang='grc' dir='ltr'>άνδράσι,</span> <span class='ocrx_word' id='word_1_175' title='bbox 2791 1360 2859 1429; x_wconf 78' lang='grc' dir='ltr'>τῇ</span> <span class='ocrx_word' id='word_1_176' title='bbox 2883 1356 3022 1426; x_wconf 83' lang='grc' dir='ltr'><strong>τύχη</strong></span> <span class='ocrx_word' id='word_1_177' title='bbox 3052 1354 3110 1409; x_wconf 80' lang='grc' dir='ltr'>δὲ</span> <span class='ocrx_word' id='word_1_178' title='bbox 3143 1353 3204 1406; x_wconf 79' lang='grc' dir='ltr'><strong>τὸ</strong></span> <span class='ocrx_word' id='word_1_179' title='bbox 3227 1355 3332 1406; x_wconf 79' lang='grc' dir='ltr'>πᾶν</span> <span class='ocrx_word' id='word_1_180' title='bbox 3359 1352 3622 1419; x_wconf 75' lang='grc' dir='ltr'>λογιζόμε-</span> 
     </span>
    </p>
   </div>
   <div class='ocr_carea' id='block_1_28' title="bbox 409 1442 3624 1540">
    <p class='ocr_par' dir='ltr' id='par_1_28' title="bbox 409 1442 3624 1540">
     <span class='ocr_line' id='line_1_28' title="bbox 409 1442 3624 1540; baseline -0.012 -10"><span class='ocrx_word' id='word_1_181' title='bbox 409 1442 514 1530; x_wconf 59' lang='grc' dir='ltr'>νοι.</span> <span class='ocrx_word' id='word_1_182' title='bbox 537 1442 646 1530; x_wconf 53' lang='grc' dir='ltr'>ἰξαὶ</span> <span class='ocrx_word' id='word_1_183' title='bbox 667 1477 756 1528; x_wconf 70' lang='grc' dir='ltr'>τὸν</span> <span class='ocrx_word' id='word_1_184' title='bbox 783 1475 968 1538; x_wconf 66' lang='grc' dir='ltr'>ἁπλῶς</span> <span class='ocrx_word' id='word_1_185' title='bbox 997 1442 1330 1526; x_wconf 74' lang='grc' dir='ltr'>εὐπλοοῦντα</span> <span class='ocrx_word' id='word_1_186' title='bbox 1366 1472 1540 1540; x_wconf 83' lang='grc' dir='ltr'>μέγαν</span> <span class='ocrx_word' id='word_1_187' title='bbox 1560 1463 2008 1537; x_wconf 75' lang='grc' dir='ltr'>ἡγούμενοι,”οὐχὶ</span> <span class='ocrx_word' id='word_1_188' title='bbox 2035 1462 2126 1515; x_wconf 71' lang='grc' dir='ltr'><strong>τὸν</strong></span> <span class='ocrx_word' id='word_1_189' title='bbox 2157 1460 2254 1512; x_wconf 74' lang='grc' dir='ltr'><strong>σὺν</strong></span> <span class='ocrx_word' id='word_1_190' title='bbox 2285 1454 2563 1523; x_wconf 75' lang='grc' dir='ltr'>ἐπιστήμῃ</span> <span class='ocrx_word' id='word_1_191' title='bbox 2593 1451 2878 1540; x_wconf 35' lang='grc' dir='ltr'>τδ-σκάφος</span> <span class='ocrx_word' id='word_1_192' title='bbox 2899 1451 3125 1540; x_wconf 64' lang='grc' dir='ltr'>ἆγοντα,</span> <span class='ocrx_word' id='word_1_193' title='bbox 3150 1442 3624 1540; x_wconf 23' lang='grc' dir='ltr'>οῦτωᾼπλανῶντᾉαι.</span> 
     </span>
    </p>
   </div>
   <div class='ocr_carea' id='block_1_29' title="bbox 481 1561 2056 1623">
    <p class='ocr_par' dir='ltr' id='par_1_29' title="bbox 481 1561 2056 1623">
     <span class='ocr_line' id='line_1_29' title="bbox 481 1561 2056 1623; baseline -0.006 -2"><span class='ocrx_word' id='word_1_194' title='bbox 481 1570 736 1622; x_wconf 85' lang='lat' dir='ltr'><strong>Sedeuim</strong></span> <span class='ocrx_word' id='word_1_195' title='bbox 794 1570 940 1621; x_wconf 87' lang='lat' dir='ltr'><strong>hunc</strong></span> <span class='ocrx_word' id='word_1_196' title='bbox 999 1569 1053 1620; x_wconf 93' lang='lat' dir='ltr'><strong>in</strong></span> <span class='ocrx_word' id='word_1_197' title='bbox 1113 1565 1333 1620; x_wconf 90' lang='lat' dir='ltr'><strong>tnodum</strong></span> <span class='ocrx_word' id='word_1_198' title='bbox 1387 1561 1738 1623; x_wconf 74' lang='lat' dir='ltr'><strong>lti&#39;senliunt,</strong></span> <span class='ocrx_word' id='word_1_199' title='bbox 1774 1573 1840 1614; x_wconf 79' lang='lat' dir='ltr'><strong>ac</strong></span> <span class='ocrx_word' id='word_1_200' title='bbox 1872 1561 2056 1619; x_wconf 85' lang='lat' dir='ltr'><strong>nonB</strong></span> 
     </span>
    </p>
   </div>
   <div class='ocr_carea' id='block_1_30' title="bbox 407 1653 1978 1728">
    <p class='ocr_par' dir='ltr' id='par_1_30' title="bbox 407 1653 1978 1728">
     <span class='ocr_line' id='line_1_30' title="bbox 407 1653 1978 1728; baseline -0.006 -14"><span class='ocrx_word' id='word_1_201' title='bbox 407 1661 504 1715; x_wconf 84' lang='lat' dir='ltr'><strong>abs</strong></span> <span class='ocrx_word' id='word_1_202' title='bbox 558 1676 616 1714; x_wconf 91' lang='lat' dir='ltr'><strong>re</strong></span> <span class='ocrx_word' id='word_1_203' title='bbox 679 1661 922 1727; x_wconf 84' lang='lat' dir='ltr'><strong>quidem,</strong></span> <span class='ocrx_word' id='word_1_204' title='bbox 988 1669 1047 1713; x_wconf 91' lang='lat' dir='ltr'><strong>ut</strong></span> <span class='ocrx_word' id='word_1_205' title='bbox 1092 1659 1184 1728; x_wconf 88' lang='lat' dir='ltr'><strong>qui</strong></span> <span class='ocrx_word' id='word_1_206' title='bbox 1213 1673 1314 1712; x_wconf 90' lang='lat' dir='ltr'><strong>nec</strong></span> <span class='ocrx_word' id='word_1_207' title='bbox 1351 1655 1554 1726; x_wconf 76' lang='lat' dir='ltr'><strong>egregii</strong></span> <span class='ocrx_word' id='word_1_208' title='bbox 1585 1654 1688 1708; x_wconf 78' lang='lat' dir='ltr'><strong>viri</strong></span> <span class='ocrx_word' id='word_1_209' title='bbox 1715 1653 1848 1717; x_wconf 89' lang='lat' dir='ltr'><strong>sint,</strong></span> <span class='ocrx_word' id='word_1_210' title='bbox 1876 1653 1978 1704; x_wconf 77' lang='lat' dir='ltr'><strong>nec</strong></span> 
     </span>
    </p>
   </div>
   <div class='ocr_carea' id='block_1_31' title="bbox 407 1750 1976 1819">
    <p class='ocr_par' dir='ltr' id='par_1_31' title="bbox 407 1750 1976 1819">
     <span class='ocr_line' id='line_1_31' title="bbox 407 1750 1976 1819; baseline -0.004 -17"><span class='ocrx_word' id='word_1_211' title='bbox 407 1753 623 1819; x_wconf 78' lang='lat' dir='ltr'><strong>egregie</strong></span> <span class='ocrx_word' id='word_1_212' title='bbox 663 1753 787 1805; x_wconf 83' lang='lat' dir='ltr'><strong>boni</strong></span> <span class='ocrx_word' id='word_1_213' title='bbox 820 1753 1084 1805; x_wconf 90' lang='lat' dir='ltr'><strong>rationem</strong></span> <span class='ocrx_word' id='word_1_214' title='bbox 1120 1750 1421 1818; x_wconf 82' lang='lat' dir='ltr'><strong>intelligere</strong></span> <span class='ocrx_word' id='word_1_215' title='bbox 1445 1753 1651 1816; x_wconf 89' lang='lat' dir='ltr'><strong>queant</strong></span> <span class='ocrx_word' id='word_1_216' title='bbox 1686 1753 1976 1815; x_wconf 84' lang='lat' dir='ltr'><strong>propterea</strong></span> 
     </span>
    </p>
   </div>
   <div class='ocr_carea' id='block_1_32' title="bbox 407 1837 1979 1912">
    <p class='ocr_par' dir='ltr' id='par_1_32' title="bbox 407 1837 1979 1912">
     <span class='ocr_line' id='line_1_32' title="bbox 407 1837 1979 1912; baseline -0.008 -14"><span class='ocrx_word' id='word_1_217' title='bbox 407 1845 551 1912; x_wconf 90' lang='lat' dir='ltr'><strong>quod</strong></span> <span class='ocrx_word' id='word_1_218' title='bbox 584 1859 772 1897; x_wconf 84' lang='lat' dir='ltr'><strong>eorum</strong></span> <span class='ocrx_word' id='word_1_219' title='bbox 827 1860 979 1897; x_wconf 91' lang='lat' dir='ltr'><strong>mens</strong></span> <span class='ocrx_word' id='word_1_220' title='bbox 1013 1843 1242 1895; x_wconf 80' lang='lat' dir='ltr'><strong>ulterius</strong></span> <span class='ocrx_word' id='word_1_221' title='bbox 1295 1855 1459 1910; x_wconf 89' lang='lat' dir='ltr'><strong>quam</strong></span> <span class='ocrx_word' id='word_1_222' title='bbox 1505 1837 1650 1893; x_wconf 91' lang='lat' dir='ltr'><strong>oculi</strong></span> <span class='ocrx_word' id='word_1_223' title='bbox 1687 1842 1979 1905; x_wconf 86' lang='lat' dir='ltr'><strong>penetrare</strong></span> 
     </span>
    </p>
   </div>
   <div class='ocr_carea' id='block_1_33' title="bbox 408 1931 1979 2006">
    <p class='ocr_par' dir='ltr' id='par_1_33' title="bbox 408 1931 1979 2006">
     <span class='ocr_line' id='line_1_33' title="bbox 408 1931 1979 2006; baseline -0.005 -16"><span class='ocrx_word' id='word_1_224' title='bbox 408 1952 518 1991; x_wconf 88' lang='lat' dir='ltr'><strong>non</strong></span> <span class='ocrx_word' id='word_1_225' title='bbox 547 1939 741 2006; x_wconf 82' lang='lat' dir='ltr'><strong>possit,</strong></span> <span class='ocrx_word' id='word_1_226' title='bbox 768 1937 900 2002; x_wconf 88' lang='lat' dir='ltr'><strong>imo,</strong></span> <span class='ocrx_word' id='word_1_227' title='bbox 926 1937 1107 1990; x_wconf 86' lang='lat' dir='ltr'><strong>verius</strong></span> <span class='ocrx_word' id='word_1_228' title='bbox 1141 1944 1198 1988; x_wconf 91' lang='lat' dir='ltr'><strong>ut</strong></span> <span class='ocrx_word' id='word_1_229' title='bbox 1225 1936 1439 2003; x_wconf 81' lang='lat' dir='ltr'><strong>loquar,</strong></span> <span class='ocrx_word' id='word_1_230' title='bbox 1477 1948 1541 1988; x_wconf 91' lang='lat' dir='ltr'><strong>ne</strong></span> <span class='ocrx_word' id='word_1_231' title='bbox 1566 1931 1785 2002; x_wconf 84' lang='lat' dir='ltr'><strong>quidem</strong></span> <span class='ocrx_word' id='word_1_232' title='bbox 1813 1944 1979 1999; x_wconf 85' lang='lat' dir='ltr'><strong>appa-</strong></span> 
     </span>
    </p>
   </div>
   <div class='ocr_carea' id='block_1_34' title="bbox 410 2023 1973 2104">
    <p class='ocr_par' dir='ltr' id='par_1_34' title="bbox 410 2023 1973 2104">
     <span class='ocr_line' id='line_1_34' title="bbox 410 2023 1973 2104; baseline -0.005 -21"><span class='ocrx_word' id='word_1_233' title='bbox 410 2032 584 2083; x_wconf 88' lang='lat' dir='ltr'><strong>rentia</strong></span> <span class='ocrx_word' id='word_1_234' title='bbox 638 2029 904 2104; x_wconf 85' lang='lat' dir='ltr'><strong>sincerius</strong></span> <span class='ocrx_word' id='word_1_235' title='bbox 955 2039 1115 2096; x_wconf 82' lang='lat' dir='ltr'><strong>atque</strong></span> <span class='ocrx_word' id='word_1_236' title='bbox 1147 2028 1335 2096; x_wconf 92' lang='lat' dir='ltr'><strong>purius</strong></span> <span class='ocrx_word' id='word_1_237' title='bbox 1390 2025 1702 2094; x_wconf 82' lang='lat' dir='ltr'><strong>inspiciant-</strong></span> <span class='ocrx_word' id='word_1_238' title='bbox 1736 2023 1804 2076; x_wconf 84' lang='lat' dir='ltr'><strong>At</strong></span> <span class='ocrx_word' id='word_1_239' title='bbox 1840 2035 1973 2076; x_wconf 90' lang='lat' dir='ltr'><strong>vero</strong></span> 
     </span>
    </p>
   </div>
   <div class='ocr_carea' id='block_1_35' title="bbox 411 2114 1980 2175">
    <p class='ocr_par' dir='ltr' id='par_1_35' title="bbox 411 2114 1980 2175">
     <span class='ocr_line' id='line_1_35' title="bbox 411 2114 1980 2175; baseline -0.004 -1"><span class='ocrx_word' id='word_1_240' title='bbox 411 2121 538 2174; x_wconf 91' lang='lat' dir='ltr'><strong>boni</strong></span> <span class='ocrx_word' id='word_1_241' title='bbox 572 2130 625 2175; x_wconf 88' lang='lat' dir='ltr'><strong>et</strong></span> <span class='ocrx_word' id='word_1_242' title='bbox 654 2121 991 2174; x_wconf 84' lang='lat' dir='ltr'><strong>eordatiores</strong></span> <span class='ocrx_word' id='word_1_243' title='bbox 1019 2121 1072 2173; x_wconf 90' lang='lat' dir='ltr'><strong>in</strong></span> <span class='ocrx_word' id='word_1_244' title='bbox 1130 2120 1446 2174; x_wconf 88' lang='lat' dir='ltr'><strong>universum</strong></span> <span class='ocrx_word' id='word_1_245' title='bbox 1507 2117 1761 2172; x_wconf 88' lang='lat' dir='ltr'><strong>electioni</strong></span> <span class='ocrx_word' id='word_1_246' title='bbox 1789 2114 1980 2169; x_wconf 86' lang='lat' dir='ltr'><strong>volun-</strong></span> 
     </span>
    </p>
   </div>
   <div class='ocr_carea' id='block_1_36' title="bbox 412 2207 1976 2266">
    <p class='ocr_par' dir='ltr' id='par_1_36' title="bbox 412 2207 1976 2266">
     <span class='ocr_line' id='line_1_36' title="bbox 412 2207 1976 2266; baseline -0.002 -2"><span class='ocrx_word' id='word_1_247' title='bbox 412 2212 538 2266; x_wconf 88' lang='lat' dir='ltr'><strong>tatis</strong></span> <span class='ocrx_word' id='word_1_248' title='bbox 589 2221 642 2265; x_wconf 90' lang='lat' dir='ltr'><strong>et</strong></span> <span class='ocrx_word' id='word_1_249' title='bbox 693 2211 1019 2266; x_wconf 85' lang='lat' dir='ltr'><strong>institutioni</strong></span> <span class='ocrx_word' id='word_1_250' title='bbox 1073 2222 1235 2265; x_wconf 81' lang='lat' dir='ltr'><strong>rectae</strong></span> <span class='ocrx_word' id='word_1_251' title='bbox 1298 2209 1609 2264; x_wconf 81' lang='lat' dir='ltr'><strong>felicitatem</strong></span> <span class='ocrx_word' id='word_1_252' title='bbox 1652 2207 1976 2262; x_wconf 89' lang='lat' dir='ltr'><strong>attribuunt.</strong></span> 
     </span>
    </p>
   </div>
   <div class='ocr_carea' id='block_1_37' title="bbox 411 2301 1980 2372">
    <p class='ocr_par' dir='ltr' id='par_1_37' title="bbox 411 2301 1980 2372">
     <span class='ocr_line' id='line_1_37' title="bbox 411 2301 1980 2372; baseline -0.001 -16"><span class='ocrx_word' id='word_1_253' title='bbox 411 2301 548 2356; x_wconf 76' lang='lat' dir='ltr'><strong>Nam</strong></span> <span class='ocrx_word' id='word_1_254' title='bbox 584 2301 860 2372; x_wconf 80' lang='lat' dir='ltr'><strong>prosperis</strong></span> <span class='ocrx_word' id='word_1_255' title='bbox 887 2302 970 2356; x_wconf 86' lang='lat' dir='ltr'><strong>vel</strong></span> <span class='ocrx_word' id='word_1_256' title='bbox 1007 2303 1107 2366; x_wconf 87' lang='lat' dir='ltr'><strong>uti,</strong></span> <span class='ocrx_word' id='word_1_257' title='bbox 1132 2303 1212 2356; x_wconf 89' lang='lat' dir='ltr'><strong>vel</strong></span> <span class='ocrx_word' id='word_1_258' title='bbox 1241 2317 1347 2356; x_wconf 89' lang='lat' dir='ltr'><strong>non</strong></span> <span class='ocrx_word' id='word_1_259' title='bbox 1376 2301 1455 2356; x_wconf 79' lang='lat' dir='ltr'><strong>nti</strong></span> <span class='ocrx_word' id='word_1_260' title='bbox 1487 2301 1857 2364; x_wconf 82' lang='lat' dir='ltr'><strong>successibus,</strong></span> <span class='ocrx_word' id='word_1_261' title='bbox 1885 2313 1980 2354; x_wconf 89' lang='lat' dir='ltr'><strong>ne-</strong></span> 
     </span>
    </p>
   </div>
   <div class='ocr_carea' id='block_1_38' title="bbox 411 2392 1980 2466">
    <p class='ocr_par' dir='ltr' id='par_1_38' title="bbox 411 2392 1980 2466">
     <span class='ocr_line' id='line_1_38' title="bbox 411 2392 1980 2466; baseline -0.001 -16"><span class='ocrx_word' id='word_1_262' title='bbox 411 2411 686 2464; x_wconf 89' lang='lat' dir='ltr'><strong>quaquam</strong></span> <span class='ocrx_word' id='word_1_263' title='bbox 720 2396 972 2466; x_wconf 84' lang='lat' dir='ltr'><strong>princeps</strong></span> <span class='ocrx_word' id='word_1_264' title='bbox 1001 2395 1160 2464; x_wconf 89' lang='lat' dir='ltr'><strong>quasi</strong></span> <span class='ocrx_word' id='word_1_265' title='bbox 1198 2394 1484 2464; x_wconf 76' lang='lat' dir='ltr'><strong>cogitatio,</strong></span> <span class='ocrx_word' id='word_1_266' title='bbox 1532 2409 1714 2449; x_wconf 87' lang='lat' dir='ltr'><strong>veram</strong></span> <span class='ocrx_word' id='word_1_267' title='bbox 1753 2392 1980 2448; x_wconf 86' lang='lat' dir='ltr'><strong>tendens</strong></span> 
     </span>
    </p>
   </div>
   <div class='ocr_carea' id='block_1_39' title="bbox 413 2482 1976 2557">
    <p class='ocr_par' dir='ltr' id='par_1_39' title="bbox 413 2482 1976 2557">
     <span class='ocr_line' id='line_1_39' title="bbox 413 2482 1976 2557; baseline -0.001 -17"><span class='ocrx_word' id='word_1_268' title='bbox 413 2487 481 2541; x_wconf 76' lang='lat' dir='ltr'><strong>ad</strong></span> <span class='ocrx_word' id='word_1_269' title='bbox 513 2488 848 2553; x_wconf 84' lang='lat' dir='ltr'><strong>beatitatem,</strong></span> <span class='ocrx_word' id='word_1_270' title='bbox 890 2487 959 2542; x_wconf 89' lang='lat' dir='ltr'><strong>ab</strong></span> <span class='ocrx_word' id='word_1_271' title='bbox 991 2488 1070 2542; x_wconf 91' lang='lat' dir='ltr'><strong>eis</strong></span> <span class='ocrx_word' id='word_1_272' title='bbox 1101 2501 1223 2542; x_wconf 88' lang='lat' dir='ltr'><strong>esse</strong></span> <span class='ocrx_word' id='word_1_273' title='bbox 1262 2495 1515 2557; x_wconf 86' lang='lat' dir='ltr'><strong>putatur:</strong></span> <span class='ocrx_word' id='word_1_274' title='bbox 1557 2485 1781 2556; x_wconf 89' lang='lat' dir='ltr'><strong>quando</strong></span> <span class='ocrx_word' id='word_1_275' title='bbox 1805 2482 1976 2554; x_wconf 52' lang='lat' dir='ltr'><strong>major</strong></span> 
     </span>
    </p>
   </div>
   <div class='ocr_carea' id='block_1_40' title="bbox 416 2578 1984 2651">
    <p class='ocr_par' dir='ltr' id='par_1_40' title="bbox 416 2578 1984 2651">
     <span class='ocr_line' id='line_1_40' title="bbox 416 2578 1984 2651; baseline -0.003 -16"><span class='ocrx_word' id='word_1_276' title='bbox 416 2596 474 2637; x_wconf 90' lang='lat' dir='ltr'><strong>re</strong></span> <span class='ocrx_word' id='word_1_277' title='bbox 539 2581 919 2651; x_wconf 80' lang='lat' dir='ltr'><strong>prosperitatis</strong></span> <span class='ocrx_word' id='word_1_278' title='bbox 967 2591 1122 2650; x_wconf 90' lang='lat' dir='ltr'><strong>parte</strong></span> <span class='ocrx_word' id='word_1_279' title='bbox 1177 2578 1359 2633; x_wconf 86' lang='lat' dir='ltr'><strong>vitiosi</strong></span> <span class='ocrx_word' id='word_1_280' title='bbox 1404 2581 1585 2649; x_wconf 86' lang='lat' dir='ltr'><strong>potius</strong></span> <span class='ocrx_word' id='word_1_281' title='bbox 1640 2592 1802 2648; x_wconf 76' lang='lat' dir='ltr'><strong>(luam</strong></span> <span class='ocrx_word' id='word_1_282' title='bbox 1845 2590 1984 2646; x_wconf 67' lang='lat' dir='ltr'><strong>prae-</strong></span> 
     </span>
    </p>
   </div>
   <div class='ocr_carea' id='block_1_41' title="bbox 412 2668 1982 2742">
    <p class='ocr_par' dir='ltr' id='par_1_41' title="bbox 412 2668 1982 2742">
     <span class='ocr_line' id='line_1_41' title="bbox 412 2668 1982 2742; baseline -0.004 -13"><span class='ocrx_word' id='word_1_283' title='bbox 412 2683 620 2729; x_wconf 89' lang='lat' dir='ltr'><strong>stantes</strong></span> <span class='ocrx_word' id='word_1_284' title='bbox 665 2684 719 2728; x_wconf 85' lang='lat' dir='ltr'><strong>et</strong></span> <span class='ocrx_word' id='word_1_285' title='bbox 760 2673 960 2742; x_wconf 82' lang='lat' dir='ltr'><strong>egregii</strong></span> <span class='ocrx_word' id='word_1_286' title='bbox 1010 2672 1108 2726; x_wconf 90' lang='lat' dir='ltr'><strong>viri</strong></span> <span class='ocrx_word' id='word_1_287' title='bbox 1160 2673 1438 2726; x_wconf 79' lang='lat' dir='ltr'><strong>fruuntur.</strong></span> <span class='ocrx_word' id='word_1_288' title='bbox 1481 2670 1748 2724; x_wconf 85' lang='lat' dir='ltr'><strong>Nimirum</strong></span> <span class='ocrx_word' id='word_1_289' title='bbox 1791 2668 1982 2722; x_wconf 81' lang='lat' dir='ltr'><strong>beatus</strong></span> 
     </span>
    </p>
   </div>
   <div class='ocr_carea' id='block_1_42' title="bbox 415 2757 1984 2832">
    <p class='ocr_par' dir='ltr' id='par_1_42' title="bbox 415 2757 1984 2832">
     <span class='ocr_line' id='line_1_42' title="bbox 415 2757 1984 2832; baseline -0.004 -15"><span class='ocrx_word' id='word_1_290' title='bbox 415 2765 582 2819; x_wconf 90' lang='lat' dir='ltr'><strong>animi</strong></span> <span class='ocrx_word' id='word_1_291' title='bbox 615 2773 867 2832; x_wconf 85' lang='lat' dir='ltr'><strong>respectu</strong></span> <span class='ocrx_word' id='word_1_292' title='bbox 901 2764 1096 2818; x_wconf 84' lang='lat' dir='ltr'><strong>beatus</strong></span> <span class='ocrx_word' id='word_1_293' title='bbox 1124 2771 1230 2816; x_wconf 85' lang='lat' dir='ltr'><strong>est.</strong></span> <span class='ocrx_word' id='word_1_294' title='bbox 1259 2761 1493 2815; x_wconf 83' lang='lat' dir='ltr'><strong>Animus</strong></span> <span class='ocrx_word' id='word_1_295' title='bbox 1525 2776 1653 2814; x_wconf 90' lang='lat' dir='ltr'><strong>vero</strong></span> <span class='ocrx_word' id='word_1_296' title='bbox 1684 2773 1780 2828; x_wconf 89' lang='lat' dir='ltr'><strong>per</strong></span> <span class='ocrx_word' id='word_1_297' title='bbox 1811 2757 1984 2812; x_wconf 85' lang='lat' dir='ltr'><strong>virtu-</strong></span> 
     </span>
    </p>
   </div>
   <div class='ocr_carea' id='block_1_43' title="bbox 411 2847 1977 2923">
    <p class='ocr_par' dir='ltr' id='par_1_43' title="bbox 411 2847 1977 2923">
     <span class='ocr_line' id='line_1_43' title="bbox 411 2847 1977 2923; baseline -0.006 -11"><span class='ocrx_word' id='word_1_298' title='bbox 411 2866 520 2912; x_wconf 87' lang='lat' dir='ltr'><strong>tem</strong></span> <span class='ocrx_word' id='word_1_299' title='bbox 547 2856 599 2911; x_wconf 90' lang='lat' dir='ltr'><strong>in</strong></span> <span class='ocrx_word' id='word_1_300' title='bbox 623 2864 767 2911; x_wconf 86' lang='lat' dir='ltr'><strong>statu</strong></span> <span class='ocrx_word' id='word_1_301' title='bbox 797 2871 898 2910; x_wconf 91' lang='lat' dir='ltr'><strong>suo</strong></span> <span class='ocrx_word' id='word_1_302' title='bbox 931 2863 1232 2923; x_wconf 88' lang='lat' dir='ltr'><strong>permanet,</strong></span> <span class='ocrx_word' id='word_1_303' title='bbox 1273 2854 1356 2908; x_wconf 88' lang='lat' dir='ltr'><strong>vel</strong></span> <span class='ocrx_word' id='word_1_304' title='bbox 1383 2852 1448 2905; x_wconf 90' lang='lat' dir='ltr'><strong>ad</strong></span> <span class='ocrx_word' id='word_1_305' title='bbox 1480 2867 1603 2906; x_wconf 90' lang='lat' dir='ltr'><strong>eum</strong></span> <span class='ocrx_word' id='word_1_306' title='bbox 1657 2849 1824 2905; x_wconf 89' lang='lat' dir='ltr'><strong>redit.</strong></span> <span class='ocrx_word' id='word_1_307' title='bbox 1848 2847 1977 2902; x_wconf 76' lang='lat' dir='ltr'><strong>Vir-</strong></span> 
     </span>
    </p>
   </div>
   <div class='ocr_carea' id='block_1_44' title="bbox 2169 1535 3626 1616">
    <p class='ocr_par' dir='ltr' id='par_1_44' title="bbox 2169 1535 3626 1616">
     <span class='ocr_line' id='line_1_44' title="bbox 2169 1535 3626 1616; baseline -0.014 -11"><span class='ocrx_word' id='word_1_308' title='bbox 2169 1551 2313 1605; x_wconf 81' lang='grc' dir='ltr'><strong>Ἀλλ’</strong></span> <span class='ocrx_word' id='word_1_309' title='bbox 2353 1547 2461 1602; x_wconf 84' lang='grc' dir='ltr'>οἵδε</span> <span class='ocrx_word' id='word_1_310' title='bbox 2514 1546 2614 1616; x_wconf 79' lang='grc' dir='ltr'><strong>μὲν</strong></span> <span class='ocrx_word' id='word_1_311' title='bbox 2654 1538 2757 1597; x_wconf 81' lang='grc' dir='ltr'>ὦδε</span> <span class='ocrx_word' id='word_1_312' title='bbox 2804 1543 3050 1603; x_wconf 72' lang='grc' dir='ltr'>είκότως,</span> <span class='ocrx_word' id='word_1_313' title='bbox 3103 1539 3200 1592; x_wconf 66' lang='lat' dir='ltr'><strong>an</strong></span> <span class='ocrx_word' id='word_1_314' title='bbox 3257 1536 3331 1607; x_wconf 76' lang='grc' dir='ltr'><strong>μὴ</strong></span> <span class='ocrx_word' id='word_1_315' title='bbox 3389 1535 3626 1604; x_wconf 78' lang='grc' dir='ltr'>γενναῖοι,</span> 
     </span>
    </p>
   </div>
   <div class='ocr_carea' id='block_1_45' title="bbox 2090 1622 3631 1716">
    <p class='ocr_par' dir='ltr' id='par_1_45' title="bbox 2090 1622 3631 1716">
     <span class='ocr_line' id='line_1_45' title="bbox 2090 1622 3631 1716; baseline -0.012 -19"><span class='ocrx_word' id='word_1_316' title='bbox 2090 1644 2225 1716; x_wconf 78' lang='grc' dir='ltr'>μηδὲ</span> <span class='ocrx_word' id='word_1_317' title='bbox 2273 1639 2542 1710; x_wconf 82' lang='grc' dir='ltr'><strong>γενναίως</strong></span> <span class='ocrx_word' id='word_1_318' title='bbox 2578 1635 2842 1704; x_wconf 66' lang='grc' dir='ltr'>τάγαθὸν,</span> <span class='ocrx_word' id='word_1_319' title='bbox 2873 1635 2994 1687; x_wconf 82' lang='grc' dir='ltr'>ὅποι</span> <span class='ocrx_word' id='word_1_320' title='bbox 3042 1632 3182 1700; x_wconf 74' lang='grc' dir='ltr'>ἔχει,</span> <span class='ocrx_word' id='word_1_321' title='bbox 3222 1630 3515 1699; x_wconf 77' lang='grc' dir='ltr'>διακρίνειν</span> <span class='ocrx_word' id='word_1_322' title='bbox 3540 1622 3631 1678; x_wconf 75' lang='grc' dir='ltr'>οἷοί</span> 
     </span>
    </p>
   </div>
   <div class='ocr_carea' id='block_1_46' title="bbox 2081 1716 3631 1800">
    <p class='ocr_par' dir='ltr' id='par_1_46' title="bbox 2081 1716 3631 1800">
     <span class='ocr_line' id='line_1_46' title="bbox 2081 1716 3631 1800; baseline -0.015 -12"><span class='ocrx_word' id='word_1_323' title='bbox 2081 1752 2142 1788; x_wconf 90' lang='grc' dir='ltr'><strong>τε</strong></span> <span class='ocrx_word' id='word_1_324' title='bbox 2192 1735 2368 1795; x_wconf 81' lang='grc' dir='ltr'>δντες,</span> <span class='ocrx_word' id='word_1_325' title='bbox 2417 1729 2496 1800; x_wconf 84' lang='grc' dir='ltr'>τῷ</span> <span class='ocrx_word' id='word_1_326' title='bbox 2530 1730 2604 1799; x_wconf 83' lang='grc' dir='ltr'><strong>μὴ</strong></span> <span class='ocrx_word' id='word_1_327' title='bbox 2637 1726 2951 1798; x_wconf 70' lang='grc' dir='ltr'>περαιτέρω</span> <span class='ocrx_word' id='word_1_328' title='bbox 3002 1723 3102 1792; x_wconf 83' lang='grc' dir='ltr'>τῆς</span> <span class='ocrx_word' id='word_1_329' title='bbox 3153 1721 3330 1791; x_wconf 75' lang='grc' dir='ltr'>ὅψεως</span> <span class='ocrx_word' id='word_1_330' title='bbox 3373 1719 3468 1787; x_wconf 78' lang='grc' dir='ltr'>τὴν</span> <span class='ocrx_word' id='word_1_331' title='bbox 3500 1716 3631 1785; x_wconf 76' lang='grc' dir='ltr'>σφῶν</span> 
     </span>
    </p>
   </div>
   <div class='ocr_carea' id='block_1_47' title="bbox 2084 1809 3633 1880">
    <p class='ocr_par' dir='ltr' id='par_1_47' title="bbox 2084 1809 3633 1880">
     <span class='ocr_line' id='line_1_47' title="bbox 2084 1809 3633 1880; baseline -0.012 -2"><span class='ocrx_word' id='word_1_332' title='bbox 2084 1824 2326 1878; x_wconf 85' lang='grc' dir='ltr'>διάνοιαν</span> <span class='ocrx_word' id='word_1_333' title='bbox 2363 1820 2688 1875; x_wconf 81' lang='grc' dir='ltr'>διικνεῖσθαι</span> <span class='ocrx_word' id='word_1_334' title='bbox 2733 1817 3036 1880; x_wconf 81' lang='grc' dir='ltr'>δύνασθαι,</span> <span class='ocrx_word' id='word_1_335' title='bbox 3087 1815 3189 1868; x_wconf 71' lang='grc' dir='ltr'>καὶ</span> <span class='ocrx_word' id='word_1_336' title='bbox 3247 1815 3306 1866; x_wconf 74' lang='grc' dir='ltr'>τό</span> <span class='ocrx_word' id='word_1_337' title='bbox 3355 1827 3418 1879; x_wconf 87' lang='grc' dir='ltr'><strong>γε</strong></span> <span class='ocrx_word' id='word_1_338' title='bbox 3454 1809 3633 1877; x_wconf 68' lang='grc' dir='ltr'><strong>ἀληθές</strong></span> 
     </span>
    </p>
   </div>
   <div class='ocr_carea' id='block_1_48' title="bbox 2087 1901 3636 1987">
    <p class='ocr_par' dir='ltr' id='par_1_48' title="bbox 2087 1901 3636 1987">
     <span class='ocr_line' id='line_1_48' title="bbox 2087 1901 3636 1987; baseline -0.014 -16"><span class='ocrx_word' id='word_1_339' title='bbox 2087 1933 2280 1987; x_wconf 87' lang='grc' dir='ltr'>στερον</span> <span class='ocrx_word' id='word_1_340' title='bbox 2325 1915 2521 1984; x_wconf 91' lang='grc' dir='ltr'>φάναι,</span> <span class='ocrx_word' id='word_1_341' title='bbox 2562 1913 2697 1984; x_wconf 72' lang='grc' dir='ltr'>μηδὲ</span> <span class='ocrx_word' id='word_1_342' title='bbox 2729 1909 2862 1981; x_wconf 85' lang='grc' dir='ltr'>γοῦν</span> <span class='ocrx_word' id='word_1_343' title='bbox 2906 1909 3048 1966; x_wconf 79' lang='grc' dir='ltr'>αὐτὰ</span> <span class='ocrx_word' id='word_1_344' title='bbox 3078 1907 3151 1960; x_wconf 75' lang='grc' dir='ltr'><strong>τά</strong></span> <span class='ocrx_word' id='word_1_345' title='bbox 3187 1905 3481 1973; x_wconf 79' lang='grc' dir='ltr'>φαινόμενα</span> <span class='ocrx_word' id='word_1_346' title='bbox 3517 1901 3636 1952; x_wconf 72' lang='lat' dir='ltr'><strong>Bem-</strong></span> 
     </span>
    </p>
   </div>
   <div class='ocr_carea' id='block_1_49' title="bbox 2087 1990 3636 2080">
    <p class='ocr_par' dir='ltr' id='par_1_49' title="bbox 2087 1990 3636 2080">
     <span class='ocr_line' id='line_1_49' title="bbox 2087 1990 3636 2080; baseline -0.014 -18"><span class='ocrx_word' id='word_1_347' title='bbox 2087 2008 2310 2080; x_wconf 85' lang='grc' dir='ltr'>ροῦντες</span> <span class='ocrx_word' id='word_1_348' title='bbox 2341 2005 2657 2077; x_wconf 81' lang='grc' dir='ltr'>ὐγιέστερόν</span> <span class='ocrx_word' id='word_1_349' title='bbox 2683 2021 2741 2057; x_wconf 89' lang='grc' dir='ltr'><strong>τε</strong></span> <span class='ocrx_word' id='word_1_350' title='bbox 2764 2003 2862 2057; x_wconf 75' lang='grc' dir='ltr'>καὶ</span> <span class='ocrx_word' id='word_1_351' title='bbox 2881 1999 3293 2072; x_wconf 80' lang='grc' dir='ltr'>καθαρώτερονο</span> <span class='ocrx_word' id='word_1_352' title='bbox 3315 1997 3363 2050; x_wconf 80' lang='lat' dir='ltr'><strong>oi</strong></span> <span class='ocrx_word' id='word_1_353' title='bbox 3387 1996 3431 2048; x_wconf 84' lang='grc' dir='ltr'>δ’</span> <span class='ocrx_word' id='word_1_354' title='bbox 3460 1990 3636 2060; x_wconf 78' lang='grc' dir='ltr'>ἁγαθοὶ</span> 
     </span>
    </p>
   </div>
   <div class='ocr_carea' id='block_1_50' title="bbox 2085 2079 3635 2169">
    <p class='ocr_par' dir='ltr' id='par_1_50' title="bbox 2085 2079 3635 2169">
     <span class='ocr_line' id='line_1_50' title="bbox 2085 2079 3635 2169; baseline -0.012 -16"><span class='ocrx_word' id='word_1_355' title='bbox 2085 2102 2184 2154; x_wconf 71' lang='grc' dir='ltr'>καὶ</span> <span class='ocrx_word' id='word_1_356' title='bbox 2207 2099 2612 2169; x_wconf 82' lang='grc' dir='ltr'>νουνεχέστεροι</span> <span class='ocrx_word' id='word_1_357' title='bbox 2658 2095 2768 2150; x_wconf 84' lang='grc' dir='ltr'>τῶν</span> <span class='ocrx_word' id='word_1_358' title='bbox 2801 2094 3014 2164; x_wconf 77' lang='grc' dir='ltr'>ἀνδρῶν</span> <span class='ocrx_word' id='word_1_359' title='bbox 3062 2091 3143 2161; x_wconf 81' lang='grc' dir='ltr'>τῷ</span> <span class='ocrx_word' id='word_1_360' title='bbox 3193 2091 3302 2160; x_wconf 73' lang='grc' dir='ltr'><strong>ὅλῳ</strong></span> <span class='ocrx_word' id='word_1_361' title='bbox 3333 2105 3393 2140; x_wconf 86' lang='grc' dir='ltr'><strong>τε</strong></span> <span class='ocrx_word' id='word_1_362' title='bbox 3443 2085 3533 2138; x_wconf 69' lang='grc' dir='ltr'><strong>καὶ</strong></span> <span class='ocrx_word' id='word_1_363' title='bbox 3568 2079 3635 2149; x_wconf 76' lang='grc' dir='ltr'>τῷ</span> 
     </span>
    </p>
   </div>
   <div class='ocr_carea' id='block_1_51' title="bbox 2087 2175 3634 2261">
    <p class='ocr_par' dir='ltr' id='par_1_51' title="bbox 2087 2175 3634 2261">
     <span class='ocr_line' id='line_1_51' title="bbox 2087 2175 3634 2261; baseline -0.012 -16"><span class='ocrx_word' id='word_1_364' title='bbox 2087 2193 2270 2255; x_wconf 74' lang='grc' dir='ltr'>παντὶ,</span> <span class='ocrx_word' id='word_1_365' title='bbox 2322 2193 2388 2261; x_wconf 82' lang='grc' dir='ltr'>τῇ</span> <span class='ocrx_word' id='word_1_366' title='bbox 2443 2189 2766 2261; x_wconf 86' lang='grc' dir='ltr'>προαιρέσει</span> <span class='ocrx_word' id='word_1_367' title='bbox 2798 2187 2894 2240; x_wconf 74' lang='grc' dir='ltr'>καὶ</span> <span class='ocrx_word' id='word_1_368' title='bbox 2920 2188 2989 2256; x_wconf 80' lang='grc' dir='ltr'>τῇ</span> <span class='ocrx_word' id='word_1_369' title='bbox 3025 2182 3310 2238; x_wconf 83' lang='grc' dir='ltr'>παιδεύσει</span> <span class='ocrx_word' id='word_1_370' title='bbox 3340 2181 3437 2249; x_wconf 75' lang='grc' dir='ltr'>τὴν</span> <span class='ocrx_word' id='word_1_371' title='bbox 3477 2175 3634 2230; x_wconf 84' lang='grc' dir='ltr'>εὐδαι-</span> 
     </span>
    </p>
   </div>
   <div class='ocr_carea' id='block_1_52' title="bbox 2092 2269 3640 2356">
    <p class='ocr_par' dir='ltr' id='par_1_52' title="bbox 2092 2269 3640 2356">
     <span class='ocr_line' id='line_1_52' title="bbox 2092 2269 3640 2356; baseline -0.012 -16"><span class='ocrx_word' id='word_1_372' title='bbox 2092 2285 2280 2356; x_wconf 81' lang='grc' dir='ltr'>μονίαν</span> <span class='ocrx_word' id='word_1_373' title='bbox 2321 2285 2657 2352; x_wconf 83' lang='grc' dir='ltr'>λογίζονται.</span> <span class='ocrx_word' id='word_1_374' title='bbox 2702 2282 2776 2335; x_wconf 70' lang='lat' dir='ltr'><strong>To</strong></span> <span class='ocrx_word' id='word_1_375' title='bbox 2829 2280 2939 2352; x_wconf 83' lang='grc' dir='ltr'>γὰρ</span> <span class='ocrx_word' id='word_1_376' title='bbox 2992 2279 3210 2350; x_wconf 85' lang='grc' dir='ltr'>εὐροεῖν</span> <span class='ocrx_word' id='word_1_377' title='bbox 3259 2293 3320 2329; x_wconf 88' lang='grc' dir='ltr'><strong>τε</strong></span> <span class='ocrx_word' id='word_1_378' title='bbox 3353 2273 3444 2328; x_wconf 68' lang='grc' dir='ltr'>καὶ</span> <span class='ocrx_word' id='word_1_379' title='bbox 3479 2270 3547 2341; x_wconf 81' lang='grc' dir='ltr'>μὴ</span> <span class='ocrx_word' id='word_1_380' title='bbox 3579 2269 3640 2322; x_wconf 81' lang='grc' dir='ltr'>οὐ.</span> 
     </span>
    </p>
   </div>
   <div class='ocr_carea' id='block_1_53' title="bbox 2015 2362 3638 2452">
    <p class='ocr_par' dir='ltr' id='par_1_53' title="bbox 2015 2362 3638 2452">
     <span class='ocr_line' id='line_1_53' title="bbox 2015 2362 3638 2452; baseline -0.028 2"><span class='ocrx_word' id='word_1_381' title='bbox 2015 2385 2021 2394; x_wconf 53' lang='grc'><em>’</em></span> <span class='ocrx_word' id='word_1_382' title='bbox 2089 2377 2479 2452; x_wconf 77' lang='grc' dir='ltr'><strong>προηγουμένη</strong></span> <span class='ocrx_word' id='word_1_383' title='bbox 2512 2377 2737 2446; x_wconf 72' lang='grc' dir='ltr'>φροντὶς</span> <span class='ocrx_word' id='word_1_384' title='bbox 2795 2376 2933 2446; x_wconf 59' lang='grc' dir='ltr'>πρὶς</span> <span class='ocrx_word' id='word_1_385' title='bbox 2995 2371 3095 2441; x_wconf 81' lang='grc' dir='ltr'>τὴν</span> <span class='ocrx_word' id='word_1_386' title='bbox 3151 2366 3374 2438; x_wconf 80' lang='grc' dir='ltr'>ἀληθῶς</span> <span class='ocrx_word' id='word_1_387' title='bbox 3411 2362 3638 2428; x_wconf 84' lang='grc' dir='ltr'>εὐδαιμο-</span> 
     </span>
    </p>
   </div>
   <div class='ocr_carea' id='block_1_54' title="bbox 2089 2452 3640 2542">
    <p class='ocr_par' dir='ltr' id='par_1_54' title="bbox 2089 2452 3640 2542">
     <span class='ocr_line' id='line_1_54' title="bbox 2089 2452 3640 2542; baseline -0.014 -16"><span class='ocrx_word' id='word_1_388' title='bbox 2089 2474 2209 2526; x_wconf 83' lang='grc' dir='ltr'>νίαν</span> <span class='ocrx_word' id='word_1_389' title='bbox 2255 2473 2436 2535; x_wconf 80' lang='grc' dir='ltr'>αὐτοῖς</span> <span class='ocrx_word' id='word_1_390' title='bbox 2471 2465 2794 2542; x_wconf 65' lang='grc' dir='ltr'>νομίζει-αι’</span> <span class='ocrx_word' id='word_1_391' title='bbox 2834 2465 3024 2536; x_wconf 67' lang='grc' dir='ltr'>ἐπειδὴ</span> <span class='ocrx_word' id='word_1_392' title='bbox 3058 2463 3157 2518; x_wconf 71' lang='grc' dir='ltr'><strong>καὶ</strong></span> <span class='ocrx_word' id='word_1_393' title='bbox 3180 2462 3243 2515; x_wconf 83' lang='grc' dir='ltr'>τὸ</span> <span class='ocrx_word' id='word_1_394' title='bbox 3274 2459 3408 2513; x_wconf 76' lang='grc' dir='ltr'>πολὺ</span> <span class='ocrx_word' id='word_1_395' title='bbox 3435 2456 3527 2524; x_wconf 82' lang='grc' dir='ltr'>τῆς</span> <span class='ocrx_word' id='word_1_396' title='bbox 3562 2452 3640 2542; x_wconf 66' lang='grc' dir='ltr'>εύ-</span> 
     </span>
    </p>
   </div>
   <div class='ocr_carea' id='block_1_55' title="bbox 2063 2533 3640 2639">
    <p class='ocr_par' dir='ltr' id='par_1_55' title="bbox 2063 2533 3640 2639">
     <span class='ocr_line' id='line_1_55' title="bbox 2063 2533 3640 2639; baseline -0.026 -2"><span class='ocrx_word' id='word_1_397' title='bbox 2063 2569 2244 2639; x_wconf 53' lang='grc' dir='ltr'>ι-ροίας</span> <span class='ocrx_word' id='word_1_398' title='bbox 2278 2533 2450 2622; x_wconf 54' lang='grc' dir='ltr'>κακία-</span> <span class='ocrx_word' id='word_1_399' title='bbox 2503 2533 2708 2635; x_wconf 64' lang='grc' dir='ltr'>μᾶλλον</span> <span class='ocrx_word' id='word_1_400' title='bbox 2739 2561 2774 2632; x_wconf 75' lang='grc' dir='ltr'>ἢ</span> <span class='ocrx_word' id='word_1_401' title='bbox 2809 2533 3196 2624; x_wconf 76' lang='grc' dir='ltr'>καλοκαγαθία</span> <span class='ocrx_word' id='word_1_402' title='bbox 3227 2549 3550 2623; x_wconf 80' lang='grc' dir='ltr'>καρποῦται.</span> 
     </span>
    </p>
   </div>
   <div class='ocr_carea' id='block_1_56' title="bbox 2087 2634 3639 2729">
    <p class='ocr_par' dir='ltr' id='par_1_56' title="bbox 2087 2634 3639 2729">
     <span class='ocr_line' id='line_1_56' title="bbox 2087 2634 3639 2729; baseline -0.017 -12"><span class='ocrx_word' id='word_1_403' title='bbox 2087 2634 2146 2717; x_wconf 70' lang='grc' dir='ltr'>δὲ</span> <span class='ocrx_word' id='word_1_404' title='bbox 2183 2658 2460 2729; x_wconf 77' lang='grc' dir='ltr'>εὐδαίμων</span> <span class='ocrx_word' id='word_1_405' title='bbox 2508 2634 2608 2710; x_wconf 78' lang='grc' dir='ltr'><strong>διὰ</strong></span> <span class='ocrx_word' id='word_1_406' title='bbox 2666 2654 2766 2725; x_wconf 79' lang='grc' dir='ltr'>τὴν</span> <span class='ocrx_word' id='word_1_407' title='bbox 2821 2652 3000 2724; x_wconf 73' lang='grc' dir='ltr'>ψυχὴν</span> <span class='ocrx_word' id='word_1_408' title='bbox 3055 2647 3210 2704; x_wconf 80' lang='grc' dir='ltr'>τοῦτ’</span> <span class='ocrx_word' id='word_1_409' title='bbox 3252 2645 3320 2700; x_wconf 84' lang='grc' dir='ltr'><strong>ἂν</strong></span> <span class='ocrx_word' id='word_1_410' title='bbox 3357 2642 3462 2712; x_wconf 75' lang='grc' dir='ltr'>είη.</span> <span class='ocrx_word' id='word_1_411' title='bbox 3505 2634 3639 2729; x_wconf 52' lang='grc' dir='ltr'><strong>Ἥδξ</strong></span> 
     </span>
    </p>
   </div>
   <div class='ocr_carea' id='block_1_57' title="bbox 2088 2727 3640 2824">
    <p class='ocr_par' dir='ltr' id='par_1_57' title="bbox 2088 2727 3640 2824">
     <span class='ocr_line' id='line_1_57' title="bbox 2088 2727 3640 2824; baseline -0.016 -17"><span class='ocrx_word' id='word_1_412' title='bbox 2088 2752 2238 2824; x_wconf 83' lang='grc' dir='ltr'>ψυχὴ</span> <span class='ocrx_word' id='word_1_413' title='bbox 2284 2727 2374 2805; x_wconf 66' lang='grc' dir='ltr'><strong>διά</strong></span> <span class='ocrx_word' id='word_1_414' title='bbox 2427 2749 2528 2819; x_wconf 78' lang='grc' dir='ltr'><strong>τὴν</strong></span> <span class='ocrx_word' id='word_1_415' title='bbox 2579 2747 2784 2819; x_wconf 76' lang='grc' dir='ltr'>ἀρετὴν</span> <span class='ocrx_word' id='word_1_416' title='bbox 2832 2746 2892 2799; x_wconf 67' lang='grc' dir='ltr'>ἐν</span> <span class='ocrx_word' id='word_1_417' title='bbox 2947 2741 3024 2814; x_wconf 84' lang='grc' dir='ltr'>τῷ</span> <span class='ocrx_word' id='word_1_418' title='bbox 3055 2739 3188 2794; x_wconf 78' lang='grc' dir='ltr'>κατ’</span> <span class='ocrx_word' id='word_1_419' title='bbox 3224 2737 3395 2806; x_wconf 81' lang='grc' dir='ltr'>αὐτὴν</span> <span class='ocrx_word' id='word_1_420' title='bbox 3425 2727 3640 2824; x_wconf 48' lang='grc' dir='ltr'>μένει,ᾲῆ</span> 
     </span>
    </p>
   </div>
   <div class='ocr_carea' id='block_1_58' title="bbox 2091 2821 3643 2918">
    <p class='ocr_par' dir='ltr' id='par_1_58' title="bbox 2091 2821 3643 2918">
     <span class='ocr_line' id='line_1_58' title="bbox 2091 2821 3643 2918; baseline -0.014 -16"><span class='ocrx_word' id='word_1_421' title='bbox 2091 2821 2479 2918; x_wconf 59' lang='grc' dir='ltr'>ἐπανέρχεται.</span> <span class='ocrx_word' id='word_1_422' title='bbox 2534 2842 2602 2896; x_wconf 83' lang='grc' dir='ltr'><strong>Ἦ</strong></span> <span class='ocrx_word' id='word_1_423' title='bbox 2648 2840 2694 2895; x_wconf 79' lang='grc' dir='ltr'>δ’</span> <span class='ocrx_word' id='word_1_424' title='bbox 2726 2837 2897 2910; x_wconf 78' lang='grc' dir='ltr'>ἁρετὴ</span> <span class='ocrx_word' id='word_1_425' title='bbox 2943 2837 3052 2889; x_wconf 87' lang='grc' dir='ltr'><strong>τῶν</strong></span> <span class='ocrx_word' id='word_1_426' title='bbox 3095 2833 3188 2904; x_wconf 73' lang='grc' dir='ltr'>ἐφ’</span> <span class='ocrx_word' id='word_1_427' title='bbox 3221 2832 3388 2903; x_wconf 76' lang='grc' dir='ltr'>ἡμῖν,</span> <span class='ocrx_word' id='word_1_428' title='bbox 3425 2827 3516 2880; x_wconf 77' lang='grc' dir='ltr'>καὶ</span> <span class='ocrx_word' id='word_1_429' title='bbox 3554 2821 3643 2918; x_wconf 64' lang='grc' dir='ltr'><strong>τῆς</strong></span> 
     </span>
    </p>
   </div>
   <div class='ocr_carea' id='block_1_59' title="bbox 413 2913 1985 3016">
    <p class='ocr_par' dir='ltr' id='par_1_59' title="bbox 413 2939 1982 3016">
     <span class='ocr_line' id='line_1_59' title="bbox 413 2939 1982 3016; baseline -0.008 -12"><span class='ocrx_word' id='word_1_430' title='bbox 413 2959 502 3004; x_wconf 90' lang='lat' dir='ltr'><strong>tus</strong></span> <span class='ocrx_word' id='word_1_431' title='bbox 538 2949 718 3002; x_wconf 80' lang='lat' dir='ltr'><strong>autem</strong></span> <span class='ocrx_word' id='word_1_432' title='bbox 754 2957 937 3002; x_wconf 76' lang='lat' dir='ltr'><strong>nostra</strong></span> <span class='ocrx_word' id='word_1_433' title='bbox 972 2947 1026 3001; x_wconf 91' lang='lat' dir='ltr'><strong>iu</strong></span> <span class='ocrx_word' id='word_1_434' title='bbox 1051 2955 1314 3016; x_wconf 82' lang='lat' dir='ltr'><strong>potestate</strong></span> <span class='ocrx_word' id='word_1_435' title='bbox 1368 2952 1558 2998; x_wconf 85' lang='lat' dir='ltr'><strong>nostra</strong></span> <span class='ocrx_word' id='word_1_436' title='bbox 1591 2941 1857 2997; x_wconf 88' lang='lat' dir='ltr'><strong>electione</strong></span> <span class='ocrx_word' id='word_1_437' title='bbox 1877 2939 1982 2994; x_wconf 89' lang='lat' dir='ltr'><strong>sita</strong></span> 
     </span>
    </p>
   </div>
   <div class='ocr_carea' id='block_1_60' title="bbox 2093 2913 3644 3016">
    <p class='ocr_par' dir='ltr' id='par_1_60' title="bbox 2093 2913 3644 3016">
     <span class='ocr_line' id='line_1_60' title="bbox 2093 2913 3644 3016; baseline -0.012 -22"><span class='ocrx_word' id='word_1_438' title='bbox 2093 2913 2492 3011; x_wconf 69' lang='grc' dir='ltr'>προαιρέσεως.</span> <span class='ocrx_word' id='word_1_439' title='bbox 2552 2934 2824 2998; x_wconf 78' lang='grc' dir='ltr'>Καθάπερ</span> <span class='ocrx_word' id='word_1_440' title='bbox 2875 2928 2989 2984; x_wconf 63' lang='grc' dir='ltr'>οὖν’</span> <span class='ocrx_word' id='word_1_441' title='bbox 3027 2929 3054 2982; x_wconf 85' lang='grc' dir='ltr'><strong>ὁ</strong></span> <span class='ocrx_word' id='word_1_442' title='bbox 3108 2925 3443 3016; x_wconf 71' lang='grc' dir='ltr'>βουλόμενος</span> <span class='ocrx_word' id='word_1_443' title='bbox 3493 2915 3644 3016; x_wconf 40' lang='grc' dir='ltr'>κακῆς</span> 
     </span>
    </p>
   </div>
   <div class='ocr_carea' id='block_1_61' title="bbox 413 3032 1989 3106">
    <p class='ocr_par' dir='ltr' id='par_1_61' title="bbox 413 3032 1989 3106">
     <span class='ocr_line' id='line_1_61' title="bbox 413 3032 1989 3106; baseline -0.006 -12"><span class='ocrx_word' id='word_1_444' title='bbox 413 3047 524 3095; x_wconf 86' lang='lat' dir='ltr'><strong>est.</strong></span> <span class='ocrx_word' id='word_1_445' title='bbox 569 3037 1038 3104; x_wconf 84' lang='lat' dir='ltr'><strong>Quemadmodum</strong></span> <span class='ocrx_word' id='word_1_446' title='bbox 1070 3053 1200 3106; x_wconf 87' lang='lat' dir='ltr'><strong>ergo</strong></span> <span class='ocrx_word' id='word_1_447' title='bbox 1240 3037 1332 3106; x_wconf 92' lang='lat' dir='ltr'><strong>qui</strong></span> <span class='ocrx_word' id='word_1_448' title='bbox 1362 3035 1540 3089; x_wconf 88' lang='lat' dir='ltr'><strong>malus</strong></span> <span class='ocrx_word' id='word_1_449' title='bbox 1577 3048 1697 3087; x_wconf 82' lang='lat' dir='ltr'><strong>esse</strong></span> <span class='ocrx_word' id='word_1_450' title='bbox 1724 3032 1863 3097; x_wconf 86' lang='lat' dir='ltr'><strong>vult,</strong></span> <span class='ocrx_word' id='word_1_451' title='bbox 1895 3046 1989 3086; x_wconf 87' lang='lat' dir='ltr'><strong>ne-</strong></span> 
     </span>
    </p>
   </div>
   <div class='ocr_carea' id='block_1_62' title="bbox 417 3124 1984 3199">
    <p class='ocr_par' dir='ltr' id='par_1_62' title="bbox 417 3124 1984 3199">
     <span class='ocr_line' id='line_1_62' title="bbox 417 3124 1984 3199; baseline -0.005 -15"><span class='ocrx_word' id='word_1_452' title='bbox 417 3131 660 3184; x_wconf 86' lang='lat' dir='ltr'><strong>cessario</strong></span> <span class='ocrx_word' id='word_1_453' title='bbox 683 3131 743 3184; x_wconf 78' lang='lat' dir='ltr'><strong>lit</strong></span> <span class='ocrx_word' id='word_1_454' title='bbox 782 3131 956 3185; x_wconf 76' lang='lat' dir='ltr'><strong>malus</strong></span> <span class='ocrx_word' id='word_1_455' title='bbox 979 3130 1126 3199; x_wconf 88' lang='lat' dir='ltr'><strong>(nam</strong></span> <span class='ocrx_word' id='word_1_456' title='bbox 1156 3143 1253 3196; x_wconf 88' lang='lat' dir='ltr'><strong>per</strong></span> <span class='ocrx_word' id='word_1_457' title='bbox 1282 3128 1455 3194; x_wconf 89' lang='lat' dir='ltr'><strong>ipsum</strong></span> <span class='ocrx_word' id='word_1_458' title='bbox 1489 3126 1624 3180; x_wconf 86' lang='lat' dir='ltr'><strong>velle</strong></span> <span class='ocrx_word' id='word_1_459' title='bbox 1656 3125 1845 3179; x_wconf 87' lang='lat' dir='ltr'><strong>statim</strong></span> <span class='ocrx_word' id='word_1_460' title='bbox 1883 3124 1941 3177; x_wconf 84' lang='lat' dir='ltr'><strong>lit</strong></span> <span class='ocrx_word' id='word_1_461' title='bbox 1969 3139 1984 3176; x_wconf 92' lang='lat'><strong>:</strong></span> 
     </span>
    </p>
   </div>
   <div class='ocr_carea' id='block_1_63' title="bbox 417 3216 1988 3288">
    <p class='ocr_par' dir='ltr' id='par_1_63' title="bbox 417 3216 1988 3288">
     <span class='ocr_line' id='line_1_63' title="bbox 417 3216 1988 3288; baseline -0.001 -15"><span class='ocrx_word' id='word_1_462' title='bbox 417 3219 566 3273; x_wconf 86' lang='lat' dir='ltr'><strong>velut</strong></span> <span class='ocrx_word' id='word_1_463' title='bbox 597 3221 649 3273; x_wconf 91' lang='lat' dir='ltr'><strong>in</strong></span> <span class='ocrx_word' id='word_1_464' title='bbox 703 3222 954 3274; x_wconf 87' lang='lat' dir='ltr'><strong>oratione</strong></span> <span class='ocrx_word' id='word_1_465' title='bbox 1007 3219 1255 3286; x_wconf 83' lang='lat' dir='ltr'><strong>proxime</strong></span> <span class='ocrx_word' id='word_1_466' title='bbox 1289 3227 1551 3288; x_wconf 88' lang='lat' dir='ltr'><strong>sequente</strong></span> <span class='ocrx_word' id='word_1_467' title='bbox 1579 3217 1780 3272; x_wconf 86' lang='lat' dir='ltr'><strong>clarius</strong></span> <span class='ocrx_word' id='word_1_468' title='bbox 1817 3216 1988 3285; x_wconf 78' lang='lat' dir='ltr'><strong>expli-</strong></span> 
     </span>
    </p>
   </div>
   <div class='ocr_carea' id='block_1_64' title="bbox 420 3309 1986 3380">
    <p class='ocr_par' dir='ltr' id='par_1_64' title="bbox 420 3309 1986 3380">
     <span class='ocr_line' id='line_1_64' title="bbox 420 3309 1986 3380; baseline -0.001 -18"><span class='ocrx_word' id='word_1_469' title='bbox 420 3309 701 3377; x_wconf 79' lang='lat' dir='ltr'><strong>rabitur),</strong></span> <span class='ocrx_word' id='word_1_470' title='bbox 766 3309 844 3364; x_wconf 87' lang='lat' dir='ltr'><strong>sic</strong></span> <span class='ocrx_word' id='word_1_471' title='bbox 882 3311 1047 3365; x_wconf 85' lang='lat' dir='ltr'><strong>etiam</strong></span> <span class='ocrx_word' id='word_1_472' title='bbox 1111 3311 1204 3380; x_wconf 90' lang='lat' dir='ltr'><strong>qui</strong></span> <span class='ocrx_word' id='word_1_473' title='bbox 1267 3311 1441 3364; x_wconf 85' lang='lat' dir='ltr'><strong>bonus</strong></span> <span class='ocrx_word' id='word_1_474' title='bbox 1495 3324 1616 3364; x_wconf 90' lang='lat' dir='ltr'><strong>esse</strong></span> <span class='ocrx_word' id='word_1_475' title='bbox 1685 3310 1803 3363; x_wconf 89' lang='lat' dir='ltr'><strong>vult</strong></span> <span class='ocrx_word' id='word_1_476' title='bbox 1871 3313 1986 3374; x_wconf 82' lang='lat' dir='ltr'><strong>(ve-</strong></span> 
     </span>
    </p>
   </div>
   <div class='ocr_carea' id='block_1_65' title="bbox 397 3401 1988 3472">
    <p class='ocr_par' dir='ltr' id='par_1_65' title="bbox 397 3401 1988 3472">
     <span class='ocr_line' id='line_1_65' title="bbox 397 3401 1988 3472; baseline -0.001 -16"><span class='ocrx_word' id='word_1_477' title='bbox 397 3401 543 3456; x_wconf 70' lang='lat' dir='ltr'><strong>&#39;rum</strong></span> <span class='ocrx_word' id='word_1_478' title='bbox 569 3402 714 3455; x_wconf 91' lang='lat' dir='ltr'><strong>enim</strong></span> <span class='ocrx_word' id='word_1_479' title='bbox 744 3401 885 3456; x_wconf 89' lang='lat' dir='ltr'><strong>velle</strong></span> <span class='ocrx_word' id='word_1_480' title='bbox 909 3402 1204 3458; x_wconf 90' lang='lat' dir='ltr'><strong>comitatur</strong></span> <span class='ocrx_word' id='word_1_481' title='bbox 1232 3411 1288 3458; x_wconf 88' lang='lat' dir='ltr'><strong>et</strong></span> <span class='ocrx_word' id='word_1_482' title='bbox 1319 3403 1498 3472; x_wconf 92' lang='lat' dir='ltr'><strong>ipsum</strong></span> <span class='ocrx_word' id='word_1_483' title='bbox 1531 3401 1714 3472; x_wconf 91' lang='lat' dir='ltr'><strong>opus),</strong></span> <span class='ocrx_word' id='word_1_484' title='bbox 1750 3416 1860 3456; x_wconf 90' lang='lat' dir='ltr'><strong>non</strong></span> <span class='ocrx_word' id='word_1_485' title='bbox 1890 3415 1988 3470; x_wconf 92' lang='lat' dir='ltr'><strong>po-</strong></span> 
     </span>
    </p>
   </div>
   <div class='ocr_carea' id='block_1_66' title="bbox 423 3491 1986 3564">
    <p class='ocr_par' dir='ltr' id='par_1_66' title="bbox 423 3491 1986 3564">
     <span class='ocr_line' id='line_1_66' title="bbox 423 3491 1986 3564; baseline -0.001 -17"><span class='ocrx_word' id='word_1_486' title='bbox 423 3491 548 3548; x_wconf 85' lang='lat' dir='ltr'><strong>terit</strong></span> <span class='ocrx_word' id='word_1_487' title='bbox 579 3509 685 3548; x_wconf 89' lang='lat' dir='ltr'><strong>non</strong></span> <span class='ocrx_word' id='word_1_488' title='bbox 711 3493 824 3549; x_wconf 84' lang='lat' dir='ltr'><strong>ﬂeri</strong></span> <span class='ocrx_word' id='word_1_489' title='bbox 851 3494 1048 3548; x_wconf 89' lang='lat' dir='ltr'><strong>bonus.</strong></span> <span class='ocrx_word' id='word_1_490' title='bbox 1081 3494 1431 3564; x_wconf 82' lang='lat' dir='ltr'><strong>Quapropter</strong></span> <span class='ocrx_word' id='word_1_491' title='bbox 1464 3494 1508 3547; x_wconf 91' lang='lat' dir='ltr'><strong>si</strong></span> <span class='ocrx_word' id='word_1_492' title='bbox 1541 3493 1669 3547; x_wconf 93' lang='lat' dir='ltr'><strong>boni</strong></span> <span class='ocrx_word' id='word_1_493' title='bbox 1707 3492 1830 3558; x_wconf 90' lang='lat' dir='ltr'><strong>viri,</strong></span> <span class='ocrx_word' id='word_1_494' title='bbox 1867 3507 1986 3547; x_wconf 87' lang='lat' dir='ltr'><strong>mea</strong></span> 
     </span>
    </p>
   </div>
   <div class='ocr_carea' id='block_1_67' title="bbox 424 3585 1987 3657">
    <p class='ocr_par' dir='ltr' id='par_1_67' title="bbox 424 3585 1987 3657">
     <span class='ocr_line' id='line_1_67' title="bbox 424 3585 1987 3657; baseline 0.001 -19"><span class='ocrx_word' id='word_1_495' title='bbox 424 3586 643 3654; x_wconf 88' lang='lat' dir='ltr'><strong>quidem</strong></span> <span class='ocrx_word' id='word_1_496' title='bbox 695 3586 972 3657; x_wconf 85' lang='lat' dir='ltr'><strong>opinione,</strong></span> <span class='ocrx_word' id='word_1_497' title='bbox 1037 3585 1105 3641; x_wconf 86' lang='lat' dir='ltr'><strong>de</strong></span> <span class='ocrx_word' id='word_1_498' title='bbox 1149 3588 1261 3641; x_wconf 87' lang='lat' dir='ltr'><strong>vita</strong></span> <span class='ocrx_word' id='word_1_499' title='bbox 1309 3595 1364 3642; x_wconf 85' lang='lat' dir='ltr'><strong>et</strong></span> <span class='ocrx_word' id='word_1_500' title='bbox 1405 3586 1608 3640; x_wconf 88' lang='lat' dir='ltr'><strong>virtute</strong></span> <span class='ocrx_word' id='word_1_501' title='bbox 1662 3590 1987 3641; x_wconf 87' lang='lat' dir='ltr'><strong>sententiam</strong></span> 
     </span>
    </p>
   </div>
   <div class='ocr_carea' id='block_1_68' title="bbox 423 3675 1988 3746">
    <p class='ocr_par' dir='ltr' id='par_1_68' title="bbox 423 3675 1988 3746">
     <span class='ocr_line' id='line_1_68' title="bbox 423 3675 1988 3746; baseline 0.001 -17"><span class='ocrx_word' id='word_1_502' title='bbox 423 3675 570 3730; x_wconf 68' lang='lat' dir='ltr'><strong>ferre</strong></span> <span class='ocrx_word' id='word_1_503' title='bbox 601 3677 880 3740; x_wconf 88' lang='lat' dir='ltr'><strong>deberent,</strong></span> <span class='ocrx_word' id='word_1_504' title='bbox 915 3691 1140 3746; x_wconf 87' lang='lat' dir='ltr'><strong>prorsus</strong></span> <span class='ocrx_word' id='word_1_505' title='bbox 1171 3677 1321 3730; x_wconf 92' lang='lat' dir='ltr'><strong>illum</strong></span> <span class='ocrx_word' id='word_1_506' title='bbox 1349 3675 1624 3731; x_wconf 90' lang='lat' dir='ltr'><strong>hominem</strong></span> <span class='ocrx_word' id='word_1_507' title='bbox 1663 3691 1732 3731; x_wconf 90' lang='lat' dir='ltr'><strong>ne</strong></span> <span class='ocrx_word' id='word_1_508' title='bbox 1769 3676 1988 3746; x_wconf 88' lang='lat' dir='ltr'><strong>quidem</strong></span> 
     </span>
    </p>
   </div>
   <div class='ocr_carea' id='block_1_69' title="bbox 420 3767 1986 3839">
    <p class='ocr_par' dir='ltr' id='par_1_69' title="bbox 420 3767 1986 3839">
     <span class='ocr_line' id='line_1_69' title="bbox 420 3767 1986 3839; baseline 0.001 -18"><span class='ocrx_word' id='word_1_509' title='bbox 420 3769 688 3822; x_wconf 78' lang='lat' dir='ltr'><strong>exsistere</strong></span> <span class='ocrx_word' id='word_1_510' title='bbox 725 3767 923 3822; x_wconf 80' lang='lat' dir='ltr'><strong>debere</strong></span> <span class='ocrx_word' id='word_1_511' title='bbox 949 3769 1218 3834; x_wconf 89' lang='lat' dir='ltr'><strong>dicerent,</strong></span> <span class='ocrx_word' id='word_1_512' title='bbox 1247 3769 1341 3839; x_wconf 89' lang='lat' dir='ltr'><strong>qui</strong></span> <span class='ocrx_word' id='word_1_513' title='bbox 1385 3767 1606 3824; x_wconf 79' lang='lat' dir='ltr'><strong>virtutis</strong></span> <span class='ocrx_word' id='word_1_514' title='bbox 1637 3777 1720 3824; x_wconf 81' lang='lat' dir='ltr'><strong>est</strong></span> <span class='ocrx_word' id='word_1_515' title='bbox 1769 3781 1986 3838; x_wconf 82' lang='lat' dir='ltr'><strong>expers.</strong></span> 
     </span>
    </p>
   </div>
   <div class='ocr_carea' id='block_1_70' title="bbox 424 3859 1992 3928">
    <p class='ocr_par' dir='ltr' id='par_1_70' title="bbox 424 3859 1992 3928">
     <span class='ocr_line' id='line_1_70' title="bbox 424 3859 1992 3928; baseline 0 -14"><span class='ocrx_word' id='word_1_516' title='bbox 424 3859 530 3926; x_wconf 86' lang='lat' dir='ltr'><strong>Qui</strong></span> <span class='ocrx_word' id='word_1_517' title='bbox 564 3867 743 3915; x_wconf 88' lang='lat' dir='ltr'><strong>autem</strong></span> <span class='ocrx_word' id='word_1_518' title='bbox 775 3861 952 3915; x_wconf 91' lang='lat' dir='ltr'><strong>bonus</strong></span> <span class='ocrx_word' id='word_1_519' title='bbox 990 3875 1111 3916; x_wconf 84' lang='lat' dir='ltr'><strong>esse</strong></span> <span class='ocrx_word' id='word_1_520' title='bbox 1141 3860 1279 3928; x_wconf 89' lang='lat' dir='ltr'><strong>vult,</strong></span> <span class='ocrx_word' id='word_1_521' title='bbox 1314 3861 1627 3917; x_wconf 88' lang='lat' dir='ltr'><strong>necessario</strong></span> <span class='ocrx_word' id='word_1_522' title='bbox 1656 3861 1832 3916; x_wconf 90' lang='lat' dir='ltr'><strong>bonus</strong></span> <span class='ocrx_word' id='word_1_523' title='bbox 1863 3875 1992 3915; x_wconf 83' lang='lat' dir='ltr'><strong>eva-</strong></span> 
     </span>
    </p>
   </div>
   <div class='ocr_carea' id='block_1_71' title="bbox 423 3950 1990 4022">
    <p class='ocr_par' dir='ltr' id='par_1_71' title="bbox 423 3950 1990 4022">
     <span class='ocr_line' id='line_1_71' title="bbox 423 3950 1990 4022; baseline 0.001 -18"><span class='ocrx_word' id='word_1_524' title='bbox 423 3952 553 4015; x_wconf 86' lang='lat' dir='ltr'><strong>det;</strong></span> <span class='ocrx_word' id='word_1_525' title='bbox 594 3951 808 4005; x_wconf 80' lang='lat' dir='ltr'><strong>tametsi</strong></span> <span class='ocrx_word' id='word_1_526' title='bbox 860 3950 1134 4006; x_wconf 82' lang='lat' dir='ltr'><strong>fortunam</strong></span> <span class='ocrx_word' id='word_1_527' title='bbox 1164 3950 1392 4006; x_wconf 86' lang='lat' dir='ltr'><strong>minime</strong></span> <span class='ocrx_word' id='word_1_528' title='bbox 1423 3952 1716 4022; x_wconf 88' lang='lat' dir='ltr'><strong>propitiam</strong></span> <span class='ocrx_word' id='word_1_529' title='bbox 1741 3951 1990 4018; x_wconf 68' lang='lat' dir='ltr'><strong>erperia-</strong></span> 
     </span>
    </p>
   </div>
   <div class='ocr_carea' id='block_1_72' title="bbox 421 4043 1989 4114">
    <p class='ocr_par' dir='ltr' id='par_1_72' title="bbox 421 4043 1989 4114">
     <span class='ocr_line' id='line_1_72' title="bbox 421 4043 1989 4114; baseline 0 -19"><span class='ocrx_word' id='word_1_530' title='bbox 421 4049 538 4098; x_wconf 83' lang='lat' dir='ltr'><strong>tur.</strong></span> <span class='ocrx_word' id='word_1_531' title='bbox 569 4043 768 4112; x_wconf 80' lang='lat' dir='ltr'><strong>ubique</strong></span> <span class='ocrx_word' id='word_1_532' title='bbox 798 4056 905 4098; x_wconf 90' lang='lat' dir='ltr'><strong>tam</strong></span> <span class='ocrx_word' id='word_1_533' title='bbox 956 4045 1060 4114; x_wconf 89' lang='lat' dir='ltr'><strong>ipsi</strong></span> <span class='ocrx_word' id='word_1_534' title='bbox 1113 4058 1277 4114; x_wconf 90' lang='lat' dir='ltr'><strong>quam</strong></span> <span class='ocrx_word' id='word_1_535' title='bbox 1311 4045 1598 4098; x_wconf 89' lang='lat' dir='ltr'><strong>conatibus</strong></span> <span class='ocrx_word' id='word_1_536' title='bbox 1615 4043 1735 4113; x_wconf 88' lang='lat' dir='ltr'><strong>ejus</strong></span> <span class='ocrx_word' id='word_1_537' title='bbox 1764 4043 1989 4098; x_wconf 85' lang='lat' dir='ltr'><strong>obstan-</strong></span> 
     </span>
    </p>
   </div>
   <div class='ocr_carea' id='block_1_73' title="bbox 423 4133 1990 4205">
    <p class='ocr_par' dir='ltr' id='par_1_73' title="bbox 423 4133 1990 4205">
     <span class='ocr_line' id='line_1_73' title="bbox 423 4133 1990 4205; baseline 0.002 -17"><span class='ocrx_word' id='word_1_538' title='bbox 423 4145 554 4190; x_wconf 80' lang='lat' dir='ltr'><strong>tem.</strong></span> <span class='ocrx_word' id='word_1_539' title='bbox 572 4133 706 4190; x_wconf 89' lang='lat' dir='ltr'><strong>Nam</strong></span> <span class='ocrx_word' id='word_1_540' title='bbox 739 4136 882 4205; x_wconf 91' lang='lat' dir='ltr'><strong>quod</strong></span> <span class='ocrx_word' id='word_1_541' title='bbox 911 4139 1111 4193; x_wconf 85' lang='lat' dir='ltr'><strong>bonum</strong></span> <span class='ocrx_word' id='word_1_542' title='bbox 1139 4147 1242 4202; x_wconf 87' lang='lat' dir='ltr'><strong>est,</strong></span> <span class='ocrx_word' id='word_1_543' title='bbox 1262 4154 1368 4193; x_wconf 93' lang='lat' dir='ltr'><strong>non</strong></span> <span class='ocrx_word' id='word_1_544' title='bbox 1391 4137 1644 4204; x_wconf 75' lang='lat' dir='ltr'><strong>fortunze,</strong></span> <span class='ocrx_word' id='word_1_545' title='bbox 1677 4153 1784 4191; x_wconf 88' lang='lat' dir='ltr'><strong>non</strong></span> <span class='ocrx_word' id='word_1_546' title='bbox 1807 4138 1990 4199; x_wconf 75' lang='lat' dir='ltr'><strong>easds.</strong></span> 
     </span>
    </p>
   </div>
   <div class='ocr_carea' id='block_1_74' title="bbox 425 4212 1990 4298">
    <p class='ocr_par' dir='ltr' id='par_1_74' title="bbox 425 4212 1990 4298">
     <span class='ocr_line' id='line_1_74' title="bbox 425 4212 1990 4298; baseline 0.001 -17"><span class='ocrx_word' id='word_1_547' title='bbox 425 4237 521 4282; x_wconf 89' lang='lat' dir='ltr'><strong>aut</strong></span> <span class='ocrx_word' id='word_1_548' title='bbox 576 4212 840 4298; x_wconf 86' lang='lat' dir='ltr'><strong>temporis</strong></span> <span class='ocrx_word' id='word_1_549' title='bbox 896 4230 1195 4283; x_wconf 85' lang='lat' dir='ltr'><strong>aliorumve</strong></span> <span class='ocrx_word' id='word_1_550' title='bbox 1229 4230 1419 4284; x_wconf 86' lang='lat' dir='ltr'><strong>talium</strong></span> <span class='ocrx_word' id='word_1_551' title='bbox 1469 4229 1681 4284; x_wconf 81' lang='lat' dir='ltr'><strong>fructus</strong></span> <span class='ocrx_word' id='word_1_552' title='bbox 1744 4237 1859 4294; x_wconf 84' lang='lat' dir='ltr'><strong>,est,</strong></span> <span class='ocrx_word' id='word_1_553' title='bbox 1894 4227 1990 4284; x_wconf 91' lang='lat' dir='ltr'><strong>sed</strong></span> 
     </span>
    </p>
   </div>
   <div class='ocr_carea' id='block_1_75' title="bbox 427 4319 1993 4391">
    <p class='ocr_par' dir='ltr' id='par_1_75' title="bbox 427 4319 1993 4391">
     <span class='ocr_line' id='line_1_75' title="bbox 427 4319 1993 4391; baseline 0.003 -20"><span class='ocrx_word' id='word_1_554' title='bbox 427 4319 648 4374; x_wconf 81' lang='lat' dir='ltr'><strong>virtutis</strong></span> <span class='ocrx_word' id='word_1_555' title='bbox 690 4329 743 4374; x_wconf 91' lang='lat' dir='ltr'><strong>et</strong></span> <span class='ocrx_word' id='word_1_556' title='bbox 781 4321 993 4374; x_wconf 84' lang='lat' dir='ltr'><strong>arbitrii</strong></span> <span class='ocrx_word' id='word_1_557' title='bbox 1027 4323 1208 4386; x_wconf 82' lang='lat' dir='ltr'><strong>liberi,</strong></span> <span class='ocrx_word' id='word_1_558' title='bbox 1251 4323 1394 4390; x_wconf 90' lang='lat' dir='ltr'><strong>quod</strong></span> <span class='ocrx_word' id='word_1_559' title='bbox 1453 4321 1702 4391; x_wconf 89' lang='lat' dir='ltr'><strong>impediri</strong></span> <span class='ocrx_word' id='word_1_560' title='bbox 1732 4336 1791 4375; x_wconf 93' lang='lat' dir='ltr'><strong>re</strong></span> <span class='ocrx_word' id='word_1_561' title='bbox 1846 4321 1993 4375; x_wconf 90' lang='lat' dir='ltr'><strong>nulla</strong></span> 
     </span>
    </p>
   </div>
   <div class='ocr_carea' id='block_1_76' title="bbox 425 4409 1995 4478">
    <p class='ocr_par' dir='ltr' id='par_1_76' title="bbox 425 4409 1995 4478">
     <span class='ocr_line' id='line_1_76' title="bbox 425 4409 1995 4478; baseline 0.003 -16"><span class='ocrx_word' id='word_1_562' title='bbox 425 4421 629 4478; x_wconf 80' lang='lat' dir='ltr'><strong>potest.</strong></span> <span class='ocrx_word' id='word_1_563' title='bbox 658 4409 774 4464; x_wconf 83' lang='lat' dir='ltr'><strong>Non</strong></span> <span class='ocrx_word' id='word_1_564' title='bbox 805 4412 949 4465; x_wconf 87' lang='lat' dir='ltr'><strong>enim</strong></span> <span class='ocrx_word' id='word_1_565' title='bbox 986 4412 1210 4466; x_wconf 87' lang='lat' dir='ltr'><strong>haberet</strong></span> <span class='ocrx_word' id='word_1_566' title='bbox 1237 4412 1582 4476; x_wconf 85' lang='lat' dir='ltr'><strong>electionem,</strong></span> <span class='ocrx_word' id='word_1_567' title='bbox 1639 4427 1739 4466; x_wconf 91' lang='lat' dir='ltr'><strong>nec</strong></span> <span class='ocrx_word' id='word_1_568' title='bbox 1769 4413 1995 4467; x_wconf 88' lang='lat' dir='ltr'><strong>liberta-</strong></span> 
     </span>
    </p>
   </div>
   <div class='ocr_carea' id='block_1_77' title="bbox 426 4501 1994 4572">
    <p class='ocr_par' dir='ltr' id='par_1_77' title="bbox 426 4501 1994 4572">
     <span class='ocr_line' id='line_1_77' title="bbox 426 4501 1994 4572; baseline 0.002 -19"><span class='ocrx_word' id='word_1_569' title='bbox 426 4507 538 4554; x_wconf 83' lang='lat' dir='ltr'><strong>tem</strong></span> <span class='ocrx_word' id='word_1_570' title='bbox 588 4515 767 4566; x_wconf 84' lang='lat' dir='ltr'><strong>suam,</strong></span> <span class='ocrx_word' id='word_1_571' title='bbox 803 4501 945 4571; x_wconf 88' lang='lat' dir='ltr'><strong>quod</strong></span> <span class='ocrx_word' id='word_1_572' title='bbox 975 4502 1217 4556; x_wconf 87' lang='lat' dir='ltr'><strong>animum</strong></span> <span class='ocrx_word' id='word_1_573' title='bbox 1275 4502 1491 4562; x_wconf 85' lang='lat' dir='ltr'><strong>attinet.</strong></span> <span class='ocrx_word' id='word_1_574' title='bbox 1525 4503 1570 4557; x_wconf 91' lang='lat' dir='ltr'><strong>si</strong></span> <span class='ocrx_word' id='word_1_575' title='bbox 1603 4502 1892 4572; x_wconf 70' lang='lat' dir='ltr'><strong>praepediri</strong></span> <span class='ocrx_word' id='word_1_576' title='bbox 1926 4503 1994 4556; x_wconf 91' lang='lat' dir='ltr'><strong>ab</strong></span> 
     </span>
    </p>
   </div>
   <div class='ocr_carea' id='block_1_78' title="bbox 426 4593 1994 4665">
    <p class='ocr_par' dir='ltr' id='par_1_78' title="bbox 426 4593 1994 4665">
     <span class='ocr_line' id='line_1_78' title="bbox 426 4593 1994 4665; baseline 0.003 -20"><span class='ocrx_word' id='word_1_577' title='bbox 426 4593 608 4660; x_wconf 81' lang='lat' dir='ltr'><strong>aliqua</strong></span> <span class='ocrx_word' id='word_1_578' title='bbox 645 4601 950 4663; x_wconf 30' lang='lat' dir='ltr'><strong>relposset.</strong></span> <span class='ocrx_word' id='word_1_579' title='bbox 1017 4595 1121 4649; x_wconf 84' lang='lat' dir='ltr'><strong>Sed</strong></span> <span class='ocrx_word' id='word_1_580' title='bbox 1182 4605 1363 4650; x_wconf 86' lang='lat' dir='ltr'><strong>tamen</strong></span> <span class='ocrx_word' id='word_1_581' title='bbox 1415 4595 1572 4650; x_wconf 87' lang='lat' dir='ltr'><strong>bonis</strong></span> <span class='ocrx_word' id='word_1_582' title='bbox 1596 4609 1813 4665; x_wconf 87' lang='lat' dir='ltr'><strong>quoque</strong></span> <span class='ocrx_word' id='word_1_583' title='bbox 1839 4594 1994 4660; x_wconf 89' lang='lat' dir='ltr'><strong>viris,</strong></span> 
     </span>
    </p>
   </div>
   <div class='ocr_carea' id='block_1_79' title="bbox 427 4685 1996 4754">
    <p class='ocr_par' dir='ltr' id='par_1_79' title="bbox 427 4685 1996 4754">
     <span class='ocr_line' id='line_1_79' title="bbox 427 4685 1996 4754; baseline 0.003 -19"><span class='ocrx_word' id='word_1_584' title='bbox 427 4685 657 4752; x_wconf 82' lang='lat' dir='ltr'><strong>gloriam</strong></span> <span class='ocrx_word' id='word_1_585' title='bbox 714 4685 1038 4754; x_wconf 79' lang='lat' dir='ltr'><strong>acquisitam</strong></span> <span class='ocrx_word' id='word_1_586' title='bbox 1092 4687 1365 4750; x_wconf 86' lang='lat' dir='ltr'><strong>amittere,</strong></span> <span class='ocrx_word' id='word_1_587' title='bbox 1417 4689 1634 4742; x_wconf 89' lang='lat' dir='ltr'><strong>videtur</strong></span> <span class='ocrx_word' id='word_1_588' title='bbox 1663 4702 1782 4742; x_wconf 89' lang='lat' dir='ltr'><strong>esse</strong></span> <span class='ocrx_word' id='word_1_589' title='bbox 1809 4687 1877 4740; x_wconf 87' lang='lat' dir='ltr'><strong>de</strong></span> <span class='ocrx_word' id='word_1_590' title='bbox 1908 4702 1996 4740; x_wconf 86' lang='lat' dir='ltr'><strong>re.-</strong></span> 
     </span>
    </p>
   </div>
   <div class='ocr_carea' id='block_1_80' title="bbox 430 4779 1996 4851">
    <p class='ocr_par' dir='ltr' id='par_1_80' title="bbox 430 4779 1996 4851">
     <span class='ocr_line' id='line_1_80' title="bbox 430 4779 1996 4851; baseline 0.005 -23"><span class='ocrx_word' id='word_1_591' title='bbox 430 4791 550 4828; x_wconf 77' lang='lat' dir='ltr'><strong>rum</strong></span> <span class='ocrx_word' id='word_1_592' title='bbox 597 4792 782 4830; x_wconf 85' lang='lat' dir='ltr'><strong>earum</strong></span> <span class='ocrx_word' id='word_1_593' title='bbox 822 4795 1048 4834; x_wconf 88' lang='lat' dir='ltr'><strong>numero</strong></span> <span class='ocrx_word' id='word_1_594' title='bbox 1094 4779 1291 4848; x_wconf 74' lang='lat' dir='ltr'><strong>quibus</strong></span> <span class='ocrx_word' id='word_1_595' title='bbox 1351 4781 1738 4837; x_wconf 84' lang='lat' dir='ltr'><strong>abltorremus.</strong></span> <span class='ocrx_word' id='word_1_596' title='bbox 1781 4781 1996 4851; x_wconf 86' lang='lat' dir='ltr'><strong>Quippe</strong></span> 
     </span>
    </p>
   </div>
   <div class='ocr_carea' id='block_1_81' title="bbox 430 4868 1991 4944">
    <p class='ocr_par' dir='ltr' id='par_1_81' title="bbox 430 4868 1991 4944">
     <span class='ocr_line' id='line_1_81' title="bbox 430 4868 1991 4944; baseline 0.004 -24"><span class='ocrx_word' id='word_1_597' title='bbox 430 4868 683 4928; x_wconf 77' lang='lat' dir='ltr'><strong>dolorem</strong></span> <span class='ocrx_word' id='word_1_598' title='bbox 707 4871 932 4937; x_wconf 71' lang='lat' dir='ltr'><strong>aﬂerre,</strong></span> <span class='ocrx_word' id='word_1_599' title='bbox 980 4873 1246 4942; x_wconf 88' lang='lat' dir='ltr'><strong>quasique</strong></span> <span class='ocrx_word' id='word_1_600' title='bbox 1278 4875 1530 4928; x_wconf 88' lang='lat' dir='ltr'><strong>mordere</strong></span> <span class='ocrx_word' id='word_1_601' title='bbox 1577 4881 1755 4944; x_wconf 89' lang='lat' dir='ltr'><strong>potest</strong></span> <span class='ocrx_word' id='word_1_602' title='bbox 1777 4888 1872 4929; x_wconf 90' lang='lat' dir='ltr'><strong>eos</strong></span> <span class='ocrx_word' id='word_1_603' title='bbox 1897 4873 1991 4941; x_wconf 88' lang='lat' dir='ltr'><strong>qui</strong></span> 
     </span>
    </p>
   </div>
   <div class='ocr_carea' id='block_1_82' title="bbox 431 4961 1993 5037">
    <p class='ocr_par' dir='ltr' id='par_1_82' title="bbox 431 4961 1993 5037">
     <span class='ocr_line' id='line_1_82' title="bbox 431 4961 1993 5037; baseline 0.004 -23"><span class='ocrx_word' id='word_1_604' title='bbox 431 4961 559 5014; x_wconf 82' lang='lat' dir='ltr'><strong>lmie</strong></span> <span class='ocrx_word' id='word_1_605' title='bbox 592 4963 767 5015; x_wconf 78' lang='lat' dir='ltr'><strong>adhuc</strong></span> <span class='ocrx_word' id='word_1_606' title='bbox 795 4963 918 5016; x_wconf 82' lang='lat' dir='ltr'><strong>viuc</strong></span> <span class='ocrx_word' id='word_1_607' title='bbox 941 4965 1178 5032; x_wconf 81' lang='lat' dir='ltr'><strong>copulati</strong></span> <span class='ocrx_word' id='word_1_608' title='bbox 1215 4975 1364 5026; x_wconf 90' lang='lat' dir='ltr'><strong>sunt,</strong></span> <span class='ocrx_word' id='word_1_609' title='bbox 1397 4965 1556 5036; x_wconf 83' lang='lat' dir='ltr'><strong>cujus</strong></span> <span class='ocrx_word' id='word_1_610' title='bbox 1609 4966 1880 5037; x_wconf 71' lang='lat' dir='ltr'><strong>praecipua</strong></span> <span class='ocrx_word' id='word_1_611' title='bbox 1911 4967 1993 5021; x_wconf 87' lang='lat' dir='ltr'><strong>di-</strong></span> 
     </span>
    </p>
   </div>
   <div class='ocr_carea' id='block_1_83' title="bbox 428 5053 1993 5123">
    <p class='ocr_par' dir='ltr' id='par_1_83' title="bbox 428 5053 1993 5123">
     <span class='ocr_line' id='line_1_83' title="bbox 428 5053 1993 5123; baseline 0.005 -19"><span class='ocrx_word' id='word_1_612' title='bbox 428 5053 604 5119; x_wconf 75' lang='lat' dir='ltr'><strong>gnitas</strong></span> <span class='ocrx_word' id='word_1_613' title='bbox 669 5055 720 5104; x_wconf 89' lang='lat' dir='ltr'><strong>in</strong></span> <span class='ocrx_word' id='word_1_614' title='bbox 756 5057 1144 5112; x_wconf 68' lang='lat' dir='ltr'><strong>oreasionibns</strong></span> <span class='ocrx_word' id='word_1_615' title='bbox 1189 5058 1468 5123; x_wconf 56' lang='lat' dir='ltr'><strong>quaerendi</strong></span> <span class='ocrx_word' id='word_1_616' title='bbox 1507 5057 1720 5112; x_wconf 87' lang='lat' dir='ltr'><strong>honesti</strong></span> <span class='ocrx_word' id='word_1_617' title='bbox 1753 5057 1993 5112; x_wconf 90' lang='lat' dir='ltr'><strong>nominis</strong></span> 
     </span>
    </p>
   </div>
   <div class='ocr_carea' id='block_1_84' title="bbox 427 5143 1990 5219">
    <p class='ocr_par' dir='ltr' id='par_1_84' title="bbox 427 5143 1990 5219">
     <span class='ocr_line' id='line_1_84' title="bbox 427 5143 1990 5219; baseline 0.004 -23"><span class='ocrx_word' id='word_1_618' title='bbox 427 5155 512 5197; x_wconf 70' lang='lat' dir='ltr'><strong>est</strong></span> <span class='ocrx_word' id='word_1_619' title='bbox 540 5146 663 5198; x_wconf 82' lang='lat' dir='ltr'><strong>sita.</strong></span> <span class='ocrx_word' id='word_1_620' title='bbox 684 5143 924 5201; x_wconf 80' lang='lat' dir='ltr'><strong>Gloriam</strong></span> <span class='ocrx_word' id='word_1_621' title='bbox 968 5163 1097 5202; x_wconf 90' lang='lat' dir='ltr'><strong>vero</strong></span> <span class='ocrx_word' id='word_1_622' title='bbox 1117 5157 1168 5203; x_wconf 91' lang='lat' dir='ltr'><strong>et</strong></span> <span class='ocrx_word' id='word_1_623' title='bbox 1197 5148 1482 5202; x_wconf 85' lang='lat' dir='ltr'><strong>honestum</strong></span> <span class='ocrx_word' id='word_1_624' title='bbox 1510 5164 1707 5204; x_wconf 87' lang='lat' dir='ltr'><strong>nomen</strong></span> <span class='ocrx_word' id='word_1_625' title='bbox 1731 5148 1990 5219; x_wconf 85' lang='lat' dir='ltr'><strong>intelligo,</strong></span> 
     </span>
    </p>
   </div>
   <div class='ocr_carea' id='block_1_85' title="bbox 431 5233 1989 5311">
    <p class='ocr_par' dir='ltr' id='par_1_85' title="bbox 431 5233 1989 5311">
     <span class='ocr_line' id='line_1_85' title="bbox 431 5233 1989 5311; baseline 0.005 -25"><span class='ocrx_word' id='word_1_626' title='bbox 431 5244 489 5288; x_wconf 91' lang='lat' dir='ltr'><strong>ut</strong></span> <span class='ocrx_word' id='word_1_627' title='bbox 519 5233 834 5300; x_wconf 69' lang='lat' dir='ltr'><strong>Alexandri,</strong></span> <span class='ocrx_word' id='word_1_628' title='bbox 897 5247 954 5294; x_wconf 90' lang='lat' dir='ltr'><strong>ut</strong></span> <span class='ocrx_word' id='word_1_629' title='bbox 1003 5238 1150 5311; x_wconf 86' lang='lat' dir='ltr'><strong>Cyri,</strong></span> <span class='ocrx_word' id='word_1_630' title='bbox 1205 5249 1265 5294; x_wconf 90' lang='lat' dir='ltr'><strong>ut</strong></span> <span class='ocrx_word' id='word_1_631' title='bbox 1296 5240 1379 5294; x_wconf 82' lang='lat' dir='ltr'><strong>bis</strong></span> <span class='ocrx_word' id='word_1_632' title='bbox 1430 5241 1715 5304; x_wconf 90' lang='lat' dir='ltr'><strong>similium,</strong></span> <span class='ocrx_word' id='word_1_633' title='bbox 1757 5256 1989 5308; x_wconf 87' lang='lat' dir='ltr'><strong>quorum</strong></span> 
     </span>
    </p>
   </div>
   <div class='ocr_carea' id='block_1_86' title="bbox 430 5329 1990 5402">
    <p class='ocr_par' dir='ltr' id='par_1_86' title="bbox 430 5329 1990 5402">
     <span class='ocr_line' id='line_1_86' title="bbox 430 5329 1990 5402; baseline 0.004 -23"><span class='ocrx_word' id='word_1_634' title='bbox 430 5343 651 5392; x_wconf 84' lang='lat' dir='ltr'><strong>nomen,</strong></span> <span class='ocrx_word' id='word_1_635' title='bbox 697 5329 808 5399; x_wconf 79' lang='lat' dir='ltr'><strong>jam</strong></span> <span class='ocrx_word' id='word_1_636' title='bbox 843 5331 970 5385; x_wconf 89' lang='lat' dir='ltr'><strong>olim</strong></span> <span class='ocrx_word' id='word_1_637' title='bbox 1023 5333 1310 5387; x_wconf 79' lang='lat' dir='ltr'><strong>exstinctis</strong></span> <span class='ocrx_word' id='word_1_638' title='bbox 1342 5333 1697 5402; x_wconf 75' lang='lat' dir='ltr'><strong>corporibus,</strong></span> <span class='ocrx_word' id='word_1_639' title='bbox 1733 5333 1990 5397; x_wconf 87' lang='lat' dir='ltr'><strong>oblivioni</strong></span> 
     </span>
    </p>
   </div>
   <div class='ocr_carea' id='block_1_87' title="bbox 427 5421 1994 5494">
    <p class='ocr_par' dir='ltr' id='par_1_87' title="bbox 427 5421 1994 5494">
     <span class='ocr_line' id='line_1_87' title="bbox 427 5421 1994 5494; baseline 0.006 -26"><span class='ocrx_word' id='word_1_640' title='bbox 427 5432 537 5471; x_wconf 92' lang='lat' dir='ltr'><strong>non</strong></span> <span class='ocrx_word' id='word_1_641' title='bbox 564 5429 645 5473; x_wconf 89' lang='lat' dir='ltr'><strong>est</strong></span> <span class='ocrx_word' id='word_1_642' title='bbox 694 5421 970 5478; x_wconf 88' lang='lat' dir='ltr'><strong>traditum.</strong></span> <span class='ocrx_word' id='word_1_643' title='bbox 1024 5422 1232 5477; x_wconf 84' lang='lat' dir='ltr'><strong>Etenim</strong></span> <span class='ocrx_word' id='word_1_644' title='bbox 1259 5423 1348 5478; x_wconf 89' lang='lat' dir='ltr'><strong>illa</strong></span> <span class='ocrx_word' id='word_1_645' title='bbox 1380 5425 1573 5492; x_wconf 79' lang='lat' dir='ltr'><strong>gloria,</strong></span> <span class='ocrx_word' id='word_1_646' title='bbox 1631 5441 1752 5494; x_wconf 65' lang='lat' dir='ltr'><strong>qua:</strong></span> <span class='ocrx_word' id='word_1_647' title='bbox 1779 5424 1994 5480; x_wconf 84' lang='lat' dir='ltr'><strong>duravit</strong></span> 
     </span>
    </p>
   </div>
   <div class='ocr_carea' id='block_1_88' title="bbox 429 5507 1994 5584">
    <p class='ocr_par' dir='ltr' id='par_1_88' title="bbox 429 5507 1994 5584">
     <span class='ocr_line' id='line_1_88' title="bbox 429 5507 1994 5584; baseline 0.007 -23"><span class='ocrx_word' id='word_1_648' title='bbox 429 5507 717 5575; x_wconf 74' lang='lat' dir='ltr'><strong>hactenus,</strong></span> <span class='ocrx_word' id='word_1_649' title='bbox 750 5511 964 5569; x_wconf 76' lang='lat' dir='ltr'><strong>fructus</strong></span> <span class='ocrx_word' id='word_1_650' title='bbox 986 5516 1208 5584; x_wconf 89' lang='lat' dir='ltr'><strong>quidam</strong></span> <span class='ocrx_word' id='word_1_651' title='bbox 1241 5526 1354 5570; x_wconf 79' lang='lat' dir='ltr'><strong>erat</strong></span> <span class='ocrx_word' id='word_1_652' title='bbox 1383 5517 1741 5572; x_wconf 85' lang='lat' dir='ltr'><strong>certaminum</strong></span> <span class='ocrx_word' id='word_1_653' title='bbox 1771 5526 1823 5572; x_wconf 88' lang='lat' dir='ltr'><strong>et</strong></span> <span class='ocrx_word' id='word_1_654' title='bbox 1843 5519 1994 5572; x_wconf 83' lang='lat' dir='ltr'><strong>labo-</strong></span> 
     </span>
    </p>
   </div>
   <div class='ocr_carea' id='block_1_89' title="bbox 429 5607 1994 5675">
    <p class='ocr_par' dir='ltr' id='par_1_89' title="bbox 429 5607 1994 5675">
     <span class='ocr_line' id='line_1_89' title="bbox 429 5607 1994 5675; baseline 0.008 -24"><span class='ocrx_word' id='word_1_655' title='bbox 429 5613 575 5662; x_wconf 84' lang='lat' dir='ltr'><strong>rum,</strong></span> <span class='ocrx_word' id='word_1_656' title='bbox 625 5611 681 5657; x_wconf 89' lang='lat' dir='ltr'><strong>et</strong></span> <span class='ocrx_word' id='word_1_657' title='bbox 705 5607 1168 5672; x_wconf 66' lang='lat' dir='ltr'><strong>magnanimitatis</strong></span> <span class='ocrx_word' id='word_1_658' title='bbox 1200 5607 1252 5662; x_wconf 91' lang='lat' dir='ltr'><strong>in</strong></span> <span class='ocrx_word' id='word_1_659' title='bbox 1295 5608 1363 5663; x_wconf 83' lang='lat' dir='ltr'><strong>iis</strong></span> <span class='ocrx_word' id='word_1_660' title='bbox 1393 5610 1677 5664; x_wconf 72' lang='lat' dir='ltr'><strong>declarata:</strong></span> <span class='ocrx_word' id='word_1_661' title='bbox 1724 5611 1908 5675; x_wconf 78' lang='lat' dir='ltr'><strong>rebus,</strong></span> <span class='ocrx_word' id='word_1_662' title='bbox 1941 5609 1994 5664; x_wconf 90' lang='lat' dir='ltr'><strong>in</strong></span> 
     </span>
    </p>
   </div>
   <div class='ocr_carea' id='block_1_90' title="bbox 429 5689 1994 5772">
    <p class='ocr_par' dir='ltr' id='par_1_90' title="bbox 429 5689 1994 5772">
     <span class='ocr_line' id='line_1_90' title="bbox 429 5689 1994 5772; baseline 0.02 -31"><span class='ocrx_word' id='word_1_663' title='bbox 429 5689 632 5756; x_wconf 88' lang='lat' dir='ltr'><strong>quibus</strong></span> <span class='ocrx_word' id='word_1_664' title='bbox 687 5709 907 5750; x_wconf 60' lang='lat' dir='ltr'><strong>necrsae</strong></span> <span class='ocrx_word' id='word_1_665' title='bbox 941 5708 1053 5751; x_wconf 85' lang='lat' dir='ltr'><strong>erat</strong></span> <span class='ocrx_word' id='word_1_666' title='bbox 1095 5710 1148 5750; x_wconf 86' lang='lat' dir='ltr'><strong>ut</strong></span> <span class='ocrx_word' id='word_1_667' title='bbox 1181 5715 1302 5754; x_wconf 79' lang='lat' dir='ltr'><strong>sese.</strong></span> <span class='ocrx_word' id='word_1_668' title='bbox 1341 5711 1658 5769; x_wconf 62' lang='lat' dir='ltr'><strong>praestarent</strong></span> <span class='ocrx_word' id='word_1_669' title='bbox 1692 5703 1857 5769; x_wconf 61' lang='lat' dir='ltr'><strong>viros:</strong></span> <span class='ocrx_word' id='word_1_670' title='bbox 1903 5703 1994 5772; x_wconf 75' lang='grc' dir='ltr'>(ιιιί</span> 
     </span>
    </p>
   </div>
   <div class='ocr_carea' id='block_1_91' title="bbox 2094 3006 3642 3100">
    <p class='ocr_par' dir='ltr' id='par_1_91' title="bbox 2094 3006 3642 3100">
     <span class='ocr_line' id='line_1_91' title="bbox 2094 3006 3642 3100; baseline -0.019 -11"><span class='ocrx_word' id='word_1_671' title='bbox 2094 3006 2238 3089; x_wconf 63' lang='grc' dir='ltr'>είναι</span> <span class='ocrx_word' id='word_1_672' title='bbox 2269 3006 2582 3100; x_wconf 50' lang='grc' dir='ltr'>ἀναγκαίως</span> <span class='ocrx_word' id='word_1_673' title='bbox 2610 3029 2824 3098; x_wconf 91' lang='grc' dir='ltr'>γίνεται</span> <span class='ocrx_word' id='word_1_674' title='bbox 2872 3021 3062 3093; x_wconf 81' lang='grc' dir='ltr'>(αὐτῷ’</span> <span class='ocrx_word' id='word_1_675' title='bbox 3090 3021 3210 3090; x_wconf 82' lang='grc' dir='ltr'><strong>γὰρ</strong></span> <span class='ocrx_word' id='word_1_676' title='bbox 3238 3015 3437 3082; x_wconf 88' lang='grc' dir='ltr'>τούτῳ,</span> <span class='ocrx_word' id='word_1_677' title='bbox 3463 3008 3536 3078; x_wconf 85' lang='grc' dir='ltr'>τῷ</span> <span class='ocrx_word' id='word_1_678' title='bbox 3563 3006 3642 3100; x_wconf 76' lang='grc' dir='ltr'>θί-</span> 
     </span>
    </p>
   </div>
   <div class='ocr_carea' id='block_1_92' title="bbox 2093 3099 3652 3193">
    <p class='ocr_par' dir='ltr' id='par_1_92' title="bbox 2093 3099 3652 3193">
     <span class='ocr_line' id='line_1_92' title="bbox 2093 3099 3652 3193; baseline -0.013 -9"><span class='ocrx_word' id='word_1_679' title='bbox 2093 3131 2232 3193; x_wconf 85' lang='grc' dir='ltr'>λειν,</span> <span class='ocrx_word' id='word_1_680' title='bbox 2271 3099 2433 3190; x_wconf 78' lang='grc' dir='ltr'>εύθύς</span> <span class='ocrx_word' id='word_1_681' title='bbox 2469 3125 2704 3193; x_wconf 78' lang='grc' dir='ltr'>γίνεταιο</span> <span class='ocrx_word' id='word_1_682' title='bbox 2735 3121 2812 3184; x_wconf 81' lang='grc' dir='ltr'>ὥς</span> <span class='ocrx_word' id='word_1_683' title='bbox 2844 3121 2901 3173; x_wconf 84' lang='grc' dir='ltr'>ὲν</span> <span class='ocrx_word' id='word_1_684' title='bbox 2949 3117 3026 3188; x_wconf 64' lang='grc' dir='ltr'><strong>ἐῷ</strong></span> <span class='ocrx_word' id='word_1_685' title='bbox 3057 3112 3272 3182; x_wconf 70' lang='grc' dir='ltr'>ἑφεξῆς</span> <span class='ocrx_word' id='word_1_686' title='bbox 3303 3109 3449 3176; x_wconf 79' lang='grc' dir='ltr'>λόγῳ</span> <span class='ocrx_word' id='word_1_687' title='bbox 3499 3099 3652 3174; x_wconf 74' lang='grc' dir='ltr'><strong>ῥηθή-</strong></span> 
     </span>
    </p>
   </div>
   <div class='ocr_carea' id='block_1_93' title="bbox 2097 3203 3648 3292">
    <p class='ocr_par' dir='ltr' id='par_1_93' title="bbox 2097 3203 3648 3292">
     <span class='ocr_line' id='line_1_93' title="bbox 2097 3203 3648 3292; baseline -0.014 -14"><span class='ocrx_word' id='word_1_688' title='bbox 2097 3241 2250 3277; x_wconf 88' lang='grc' dir='ltr'>σεται</span> <span class='ocrx_word' id='word_1_689' title='bbox 2279 3217 2708 3292; x_wconf 81' lang='grc' dir='ltr'>καθαρῶτερον),</span> <span class='ocrx_word' id='word_1_690' title='bbox 2731 3215 2872 3270; x_wconf 76' lang='grc' dir='ltr'>οὕτω</span> <span class='ocrx_word' id='word_1_691' title='bbox 2902 3214 2996 3267; x_wconf 67' lang='grc' dir='ltr'><strong>καὶ</strong></span> <span class='ocrx_word' id='word_1_692' title='bbox 3026 3215 3053 3266; x_wconf 86' lang='grc' dir='ltr'>ὁ</span> <span class='ocrx_word' id='word_1_693' title='bbox 3075 3210 3293 3279; x_wconf 72' lang='grc' dir='ltr'>ἀγαθὸς</span> <span class='ocrx_word' id='word_1_694' title='bbox 3335 3203 3648 3277; x_wconf 73' lang='grc' dir='ltr'>βουλόμενος</span> 
     </span>
    </p>
   </div>
   <div class='ocr_carea' id='block_1_94' title="bbox 2097 3296 3656 3383">
    <p class='ocr_par' dir='ltr' id='par_1_94' title="bbox 2097 3296 3656 3383">
     <span class='ocr_line' id='line_1_94' title="bbox 2097 3296 3656 3383; baseline -0.019 -12"><span class='ocrx_word' id='word_1_695' title='bbox 2097 3313 2240 3372; x_wconf 73' lang='grc' dir='ltr'>εἶναι</span> <span class='ocrx_word' id='word_1_696' title='bbox 2293 3312 2393 3383; x_wconf 86' lang='grc' dir='ltr'><strong>(τῷ</strong></span> <span class='ocrx_word' id='word_1_697' title='bbox 2451 3313 2562 3380; x_wconf 83' lang='grc' dir='ltr'>γὰρ</span> <span class='ocrx_word' id='word_1_698' title='bbox 2613 3308 2830 3378; x_wconf 78' lang='grc' dir='ltr'>άληθῶς</span> <span class='ocrx_word' id='word_1_699' title='bbox 2859 3305 3272 3361; x_wconf 72' lang='grc' dir='ltr'>θέλειν-ἕπεται</span> <span class='ocrx_word' id='word_1_700' title='bbox 3307 3301 3401 3355; x_wconf 73' lang='grc' dir='ltr'>καὶ</span> <span class='ocrx_word' id='word_1_701' title='bbox 3429 3297 3488 3350; x_wconf 83' lang='grc' dir='ltr'>τὺ</span> <span class='ocrx_word' id='word_1_702' title='bbox 3519 3296 3656 3356; x_wconf 75' lang='grc' dir='ltr'>ἐνερ-</span> 
     </span>
    </p>
   </div>
   <div class='ocr_carea' id='block_1_95' title="bbox 2095 3383 3658 3478">
    <p class='ocr_par' dir='ltr' id='par_1_95' title="bbox 2095 3383 3658 3478">
     <span class='ocr_line' id='line_1_95' title="bbox 2095 3383 3658 3478; baseline -0.012 -15"><span class='ocrx_word' id='word_1_703' title='bbox 2095 3408 2237 3478; x_wconf 79' lang='grc' dir='ltr'>γεῖν)</span> <span class='ocrx_word' id='word_1_704' title='bbox 2274 3409 2375 3462; x_wconf 87' lang='grc' dir='ltr'><strong>οὐκ</strong></span> <span class='ocrx_word' id='word_1_705' title='bbox 2422 3403 2534 3458; x_wconf 74' lang='grc' dir='ltr'>ἔσθ’</span> <span class='ocrx_word' id='word_1_706' title='bbox 2565 3404 2716 3466; x_wconf 84' lang='grc' dir='ltr'>ὅπως</span> <span class='ocrx_word' id='word_1_707' title='bbox 2763 3401 2824 3455; x_wconf 85' lang='grc' dir='ltr'><strong>οὐ</strong></span> <span class='ocrx_word' id='word_1_708' title='bbox 2855 3400 3176 3469; x_wconf 81' lang='grc' dir='ltr'>γενήσεται.</span> <span class='ocrx_word' id='word_1_709' title='bbox 3209 3396 3376 3450; x_wconf 80' lang='grc' dir='ltr'>Ὥστε</span> <span class='ocrx_word' id='word_1_710' title='bbox 3405 3385 3551 3444; x_wconf 73' lang='grc' dir='ltr'>εἶπον</span> <span class='ocrx_word' id='word_1_711' title='bbox 3577 3383 3658 3478; x_wconf 55' lang='lat' dir='ltr'><strong>av.</strong></span> 
     </span>
    </p>
   </div>
   <div class='ocr_carea' id='block_1_96' title="bbox 2095 3475 3660 3570">
    <p class='ocr_par' dir='ltr' id='par_1_96' title="bbox 2095 3475 3660 3570">
     <span class='ocr_line' id='line_1_96' title="bbox 2095 3475 3660 3570; baseline -0.015 -14"><span class='ocrx_word' id='word_1_712' title='bbox 2095 3475 2295 3570; x_wconf 83' lang='grc' dir='ltr'>δεῆσαν</span> <span class='ocrx_word' id='word_1_713' title='bbox 2327 3500 2474 3569; x_wconf 70' lang='grc' dir='ltr'><strong>(ἐμοὶ</strong></span> <span class='ocrx_word' id='word_1_714' title='bbox 2504 3495 2707 3563; x_wconf 81' lang='grc' dir='ltr'>δοκεῖν)</span> <span class='ocrx_word' id='word_1_715' title='bbox 2740 3493 2870 3564; x_wconf 80' lang='grc' dir='ltr'>περὶ</span> <span class='ocrx_word' id='word_1_716' title='bbox 2911 3490 3058 3560; x_wconf 77' lang='grc' dir='ltr'>ζωῆς</span> <span class='ocrx_word' id='word_1_717' title='bbox 3085 3506 3151 3542; x_wconf 89' lang='grc' dir='ltr'><strong>τε</strong></span> <span class='ocrx_word' id='word_1_718' title='bbox 3180 3488 3280 3542; x_wconf 70' lang='grc' dir='ltr'>καὶ</span> <span class='ocrx_word' id='word_1_719' title='bbox 3308 3481 3506 3556; x_wconf 74' lang='grc' dir='ltr'>ἀρετῆς</span> <span class='ocrx_word' id='word_1_720' title='bbox 3529 3475 3660 3570; x_wconf 55' lang='lat' dir='ltr'><strong>xui)-</strong></span> 
     </span>
    </p>
   </div>
   <div class='ocr_carea' id='block_1_97' title="bbox 2100 3567 3660 3665">
    <p class='ocr_par' dir='ltr' id='par_1_97' title="bbox 2100 3567 3660 3665">
     <span class='ocr_line' id='line_1_97' title="bbox 2100 3567 3660 3665; baseline -0.021 -17"><span class='ocrx_word' id='word_1_721' title='bbox 2100 3567 2210 3665; x_wconf 78' lang='grc' dir='ltr'>μην</span> <span class='ocrx_word' id='word_1_722' title='bbox 2240 3567 2424 3646; x_wconf 75' lang='grc' dir='ltr'>δοῦναι</span> <span class='ocrx_word' id='word_1_723' title='bbox 2455 3589 2583 3651; x_wconf 75' lang='grc' dir='ltr'>τοὺς</span> <span class='ocrx_word' id='word_1_724' title='bbox 2613 3585 2852 3654; x_wconf 76' lang='grc' dir='ltr'>ἀγαθοὺς</span> <span class='ocrx_word' id='word_1_725' title='bbox 2889 3583 3116 3651; x_wconf 74' lang='grc' dir='ltr'>ἄνδρας,</span> <span class='ocrx_word' id='word_1_726' title='bbox 3153 3579 3233 3644; x_wconf 82' lang='grc' dir='ltr'>ὡς</span> <span class='ocrx_word' id='word_1_727' title='bbox 3271 3577 3380 3632; x_wconf 72' lang='grc' dir='ltr'>ἔδει</span> <span class='ocrx_word' id='word_1_728' title='bbox 3421 3570 3552 3644; x_wconf 64' lang='grc' dir='ltr'>μηδὲ</span> <span class='ocrx_word' id='word_1_729' title='bbox 3573 3567 3660 3637; x_wconf 70' lang='grc' dir='ltr'>τὴν</span> 
     </span>
    </p>
   </div>
   <div class='ocr_carea' id='block_1_98' title="bbox 2097 3669 3662 3758">
    <p class='ocr_par' dir='ltr' id='par_1_98' title="bbox 2097 3669 3662 3758">
     <span class='ocr_line' id='line_1_98' title="bbox 2097 3669 3662 3758; baseline -0.016 -18"><span class='ocrx_word' id='word_1_730' title='bbox 2097 3685 2272 3758; x_wconf 79' lang='grc' dir='ltr'>ἀρχὴν</span> <span class='ocrx_word' id='word_1_731' title='bbox 2296 3680 2550 3751; x_wconf 84' lang='grc' dir='ltr'>γενέσθαι</span> <span class='ocrx_word' id='word_1_732' title='bbox 2605 3679 2699 3732; x_wconf 74' lang='grc' dir='ltr'><strong>τὸν</strong></span> <span class='ocrx_word' id='word_1_733' title='bbox 2757 3677 3085 3747; x_wconf 82' lang='grc' dir='ltr'>ἄνθρωπον,</span> <span class='ocrx_word' id='word_1_734' title='bbox 3147 3674 3263 3744; x_wconf 79' lang='grc' dir='ltr'><strong>ὅτῳ</strong></span> <span class='ocrx_word' id='word_1_735' title='bbox 3319 3670 3395 3742; x_wconf 75' lang='grc' dir='ltr'><strong>μὴ</strong></span> <span class='ocrx_word' id='word_1_736' title='bbox 3426 3669 3662 3758; x_wconf 76' lang='grc' dir='ltr'>μέτεστιν</span> 
     </span>
    </p>
   </div>
   <div class='ocr_carea' id='block_1_99' title="bbox 2098 3756 3661 3851">
    <p class='ocr_par' dir='ltr' id='par_1_99' title="bbox 2098 3756 3661 3851">
     <span class='ocr_line' id='line_1_99' title="bbox 2098 3756 3661 3851; baseline -0.013 -18"><span class='ocrx_word' id='word_1_737' title='bbox 2098 3756 2319 3851; x_wconf 81' lang='grc' dir='ltr'>ἀρετῆς.</span> <span class='ocrx_word' id='word_1_738' title='bbox 2352 3776 2414 3829; x_wconf 88' lang='grc' dir='ltr'><strong>Ὀ</strong></span> <span class='ocrx_word' id='word_1_739' title='bbox 2435 3774 2491 3828; x_wconf 79' lang='grc' dir='ltr'>δὲ</span> <span class='ocrx_word' id='word_1_740' title='bbox 2517 3771 2717 3842; x_wconf 75' lang='grc' dir='ltr'>ἀγαθὸς</span> <span class='ocrx_word' id='word_1_741' title='bbox 2743 3769 3068 3843; x_wconf 78' lang='grc' dir='ltr'>βουλόμενος</span> <span class='ocrx_word' id='word_1_742' title='bbox 3100 3766 3249 3822; x_wconf 76' lang='grc' dir='ltr'>εἶναι</span> <span class='ocrx_word' id='word_1_743' title='bbox 3274 3764 3478 3825; x_wconf 83' lang='grc' dir='ltr'>πάσαις</span> <span class='ocrx_word' id='word_1_744' title='bbox 3508 3756 3661 3851; x_wconf 68' lang='grc' dir='ltr'>ἀνάγ-</span> 
     </span>
    </p>
   </div>
   <div class='ocr_carea' id='block_1_100' title="bbox 2097 3850 3663 3940">
    <p class='ocr_par' dir='ltr' id='par_1_100' title="bbox 2097 3850 3663 3940">
     <span class='ocr_line' id='line_1_100' title="bbox 2097 3850 3663 3940; baseline -0.018 -13"><span class='ocrx_word' id='word_1_745' title='bbox 2097 3850 2222 3936; x_wconf 84' lang='grc' dir='ltr'>καις</span> <span class='ocrx_word' id='word_1_746' title='bbox 2254 3869 2570 3940; x_wconf 81' lang='grc' dir='ltr'>γενήσεται,</span> <span class='ocrx_word' id='word_1_747' title='bbox 2625 3865 2731 3920; x_wconf 75' lang='grc' dir='ltr'><strong>κᾶν</strong></span> <span class='ocrx_word' id='word_1_748' title='bbox 2786 3864 2888 3918; x_wconf 90' lang='grc' dir='ltr'><strong>οὐκ</strong></span> <span class='ocrx_word' id='word_1_749' title='bbox 2953 3859 3225 3929; x_wconf 80' lang='grc' dir='ltr'>εὐμενοῦς</span> <span class='ocrx_word' id='word_1_750' title='bbox 3279 3857 3537 3927; x_wconf 79' lang='grc' dir='ltr'>πειρᾶται</span> <span class='ocrx_word' id='word_1_751' title='bbox 3575 3850 3663 3908; x_wconf 86' lang='grc' dir='ltr'><strong>τῆς</strong></span> 
     </span>
    </p>
   </div>
   <div class='ocr_carea' id='block_1_101' title="bbox 2098 3950 3660 4036">
    <p class='ocr_par' dir='ltr' id='par_1_101' title="bbox 2098 3950 3660 4036">
     <span class='ocr_line' id='line_1_101' title="bbox 2098 3950 3660 4036; baseline -0.015 -17"><span class='ocrx_word' id='word_1_752' title='bbox 2098 3965 2291 4036; x_wconf 81' lang='grc' dir='ltr'>τύχης,</span> <span class='ocrx_word' id='word_1_753' title='bbox 2325 3957 2774 4032; x_wconf 71' lang='grc' dir='ltr'>προσισταμένης</span> <span class='ocrx_word' id='word_1_754' title='bbox 2806 3956 2855 4008; x_wconf 78' lang='grc' dir='ltr'><strong>οἱ</strong></span> <span class='ocrx_word' id='word_1_755' title='bbox 2888 3954 3171 4023; x_wconf 76' lang='grc' dir='ltr'>πανταχῆ,</span> <span class='ocrx_word' id='word_1_756' title='bbox 3211 3952 3312 4006; x_wconf 72' lang='grc' dir='ltr'><strong>καὶ</strong></span> <span class='ocrx_word' id='word_1_757' title='bbox 3352 3951 3464 4011; x_wconf 86' lang='grc' dir='ltr'>τοῖς</span> <span class='ocrx_word' id='word_1_758' title='bbox 3499 3950 3660 4012; x_wconf 57' lang='lat'><strong>2715&#39;.-</strong></span> 
     </span>
    </p>
   </div>
   <div class='ocr_carea' id='block_1_102' title="bbox 2101 4043 3665 4128">
    <p class='ocr_par' dir='ltr' id='par_1_102' title="bbox 2101 4043 3665 4128">
     <span class='ocr_line' id='line_1_102' title="bbox 2101 4043 3665 4128; baseline -0.013 -17"><span class='ocrx_word' id='word_1_759' title='bbox 2101 4059 2334 4128; x_wconf 87' lang='grc' dir='ltr'>ρὴμασι.</span> <span class='ocrx_word' id='word_1_760' title='bbox 2375 4053 2450 4106; x_wconf 83' lang='grc' dir='ltr'>Τδ</span> <span class='ocrx_word' id='word_1_761' title='bbox 2488 4051 2597 4121; x_wconf 81' lang='grc' dir='ltr'><strong>γάρ</strong></span> <span class='ocrx_word' id='word_1_762' title='bbox 2626 4049 2831 4118; x_wconf 71' lang='grc' dir='ltr'>ἀγαθὸν</span> <span class='ocrx_word' id='word_1_763' title='bbox 2860 4047 2922 4101; x_wconf 88' lang='grc' dir='ltr'><strong>οὐ</strong></span> <span class='ocrx_word' id='word_1_764' title='bbox 2965 4045 3166 4116; x_wconf 83' lang='grc' dir='ltr'>τύχης,</span> <span class='ocrx_word' id='word_1_765' title='bbox 3196 4043 3324 4098; x_wconf 85' lang='grc' dir='ltr'><strong>οὐδὲ</strong></span> <span class='ocrx_word' id='word_1_766' title='bbox 3363 4059 3505 4103; x_wconf 87' lang='grc' dir='ltr'>τινος</span> <span class='ocrx_word' id='word_1_767' title='bbox 3541 4055 3665 4104; x_wconf 70' lang='grc' dir='ltr'>συμ-</span> 
     </span>
    </p>
   </div>
   <div class='ocr_carea' id='block_1_103' title="bbox 2101 4131 3666 4220">
    <p class='ocr_par' dir='ltr' id='par_1_103' title="bbox 2101 4131 3666 4220">
     <span class='ocr_line' id='line_1_103' title="bbox 2101 4131 3666 4220; baseline -0.009 -16"><span class='ocrx_word' id='word_1_768' title='bbox 2101 4148 2414 4220; x_wconf 82' lang='grc' dir='ltr'>πτώματος,</span> <span class='ocrx_word' id='word_1_769' title='bbox 2449 4145 2482 4218; x_wconf 80' lang='grc' dir='ltr'>ἢ</span> <span class='ocrx_word' id='word_1_770' title='bbox 2520 4143 2717 4214; x_wconf 81' lang='grc' dir='ltr'>καιροῦ</span> <span class='ocrx_word' id='word_1_771' title='bbox 2745 4183 2760 4206; x_wconf 94' lang='grc'><strong>,</strong></span> <span class='ocrx_word' id='word_1_772' title='bbox 2821 4141 2914 4195; x_wconf 71' lang='grc' dir='ltr'><strong>καὶ</strong></span> <span class='ocrx_word' id='word_1_773' title='bbox 2961 4141 3074 4193; x_wconf 73' lang='grc' dir='ltr'>τῶν</span> <span class='ocrx_word' id='word_1_774' title='bbox 3123 4139 3394 4192; x_wconf 85' lang='grc' dir='ltr'>τοιούτων</span> <span class='ocrx_word' id='word_1_775' title='bbox 3423 4177 3437 4201; x_wconf 94' lang='grc'><strong>,</strong></span> <span class='ocrx_word' id='word_1_776' title='bbox 3472 4131 3666 4198; x_wconf 57' lang='grc' dir='ltr'>καρπός</span> 
     </span>
    </p>
   </div>
   <div class='ocr_carea' id='block_1_104' title="bbox 2020 4219 3668 4319">
    <p class='ocr_par' dir='ltr' id='par_1_104' title="bbox 2020 4219 3668 4319">
     <span class='ocr_line' id='line_1_104' title="bbox 2020 4219 3668 4319; baseline -0.012 -23"><span class='ocrx_word' id='word_1_777' title='bbox 2020 4257 2072 4319; x_wconf 77' lang='grc' dir='ltr'><strong>ι)</strong></span> <span class='ocrx_word' id='word_1_778' title='bbox 2100 4219 2272 4305; x_wconf 75' lang='grc' dir='ltr'>ἔστιν,</span> <span class='ocrx_word' id='word_1_779' title='bbox 2309 4237 2426 4294; x_wconf 75' lang='grc' dir='ltr'>ἀλλ’</span> <span class='ocrx_word' id='word_1_780' title='bbox 2460 4237 2663 4306; x_wconf 81' lang='grc' dir='ltr'>ἀρετῆς</span> <span class='ocrx_word' id='word_1_781' title='bbox 2699 4253 2759 4289; x_wconf 89' lang='grc' dir='ltr'><strong>τε</strong></span> <span class='ocrx_word' id='word_1_782' title='bbox 2809 4235 2905 4287; x_wconf 75' lang='grc' dir='ltr'>καὶ</span> <span class='ocrx_word' id='word_1_783' title='bbox 2941 4231 3443 4300; x_wconf 79' lang='grc' dir='ltr'>αὐτεξουσιότητος</span> <span class='ocrx_word' id='word_1_784' title='bbox 3465 4269 3482 4291; x_wconf 93' lang='grc'><strong>,</strong></span> <span class='ocrx_word' id='word_1_785' title='bbox 3589 4239 3668 4319; x_wconf 51' lang='grc' dir='ltr'>γε·</span> 
     </span>
    </p>
   </div>
   <div class='ocr_carea' id='block_1_105' title="bbox 2099 4313 3664 4402">
    <p class='ocr_par' dir='ltr' id='par_1_105' title="bbox 2099 4313 3664 4402">
     <span class='ocr_line' id='line_1_105' title="bbox 2099 4313 3664 4402; baseline -0.015 -14"><span class='ocrx_word' id='word_1_786' title='bbox 2099 4333 2290 4388; x_wconf 83' lang='grc' dir='ltr'>νέσθαι</span> <span class='ocrx_word' id='word_1_787' title='bbox 2339 4328 2522 4402; x_wconf 77' lang='grc' dir='ltr'>εἴργόν</span> <span class='ocrx_word' id='word_1_788' title='bbox 2573 4347 2626 4382; x_wconf 88' lang='grc' dir='ltr'><strong>τι</strong></span> <span class='ocrx_word' id='word_1_789' title='bbox 2677 4328 2790 4382; x_wconf 87' lang='grc' dir='ltr'>τῶν</span> <span class='ocrx_word' id='word_1_790' title='bbox 2830 4326 3052 4379; x_wconf 83' lang='grc' dir='ltr'>πάντων</span> <span class='ocrx_word' id='word_1_791' title='bbox 3111 4326 3279 4378; x_wconf 77' lang='grc' dir='ltr'>οὐδέν</span> <span class='ocrx_word' id='word_1_792' title='bbox 3325 4327 3494 4376; x_wconf 72' lang='grc' dir='ltr'>ἐστιν.</span> <span class='ocrx_word' id='word_1_793' title='bbox 3548 4313 3664 4370; x_wconf 71' lang='grc' dir='ltr'>Οὐδὲ</span> 
     </span>
    </p>
   </div>
   <div class='ocr_carea' id='block_1_106' title="bbox 2102 4409 3666 4495">
    <p class='ocr_par' dir='ltr' id='par_1_106' title="bbox 2102 4409 3666 4495">
     <span class='ocr_line' id='line_1_106' title="bbox 2102 4409 3666 4495; baseline -0.013 -13"><span class='ocrx_word' id='word_1_794' title='bbox 2102 4425 2213 4495; x_wconf 79' lang='grc' dir='ltr'>γὰρ</span> <span class='ocrx_word' id='word_1_795' title='bbox 2237 4424 2305 4478; x_wconf 81' lang='grc' dir='ltr'>ἂν</span> <span class='ocrx_word' id='word_1_796' title='bbox 2338 4419 2407 4495; x_wconf 81' lang='grc' dir='ltr'>ἦν</span> <span class='ocrx_word' id='word_1_797' title='bbox 2444 4421 2620 4493; x_wconf 81' lang='grc' dir='ltr'>ταύτῃ</span> <span class='ocrx_word' id='word_1_798' title='bbox 2652 4419 2994 4492; x_wconf 88' lang='grc' dir='ltr'>προαίρεσις,</span> <span class='ocrx_word' id='word_1_799' title='bbox 3019 4417 3140 4469; x_wconf 81' lang='grc' dir='ltr'>οὐδὲ</span> <span class='ocrx_word' id='word_1_800' title='bbox 3173 4413 3548 4482; x_wconf 76' lang='grc' dir='ltr'>αὐτεξούσιον,</span> <span class='ocrx_word' id='word_1_801' title='bbox 3580 4409 3666 4460; x_wconf 70' lang='grc' dir='ltr'><strong>ὅπα</strong></span> 
     </span>
    </p>
   </div>
   <div class='ocr_carea' id='block_1_107' title="bbox 2101 4503 3669 4585">
    <p class='ocr_par' dir='ltr' id='par_1_107' title="bbox 2101 4503 3669 4585">
     <span class='ocr_line' id='line_1_107' title="bbox 2101 4503 3669 4585; baseline -0.012 -16"><span class='ocrx_word' id='word_1_802' title='bbox 2101 4533 2166 4585; x_wconf 87' lang='grc' dir='ltr'><strong>γε</strong></span> <span class='ocrx_word' id='word_1_803' title='bbox 2199 4517 2279 4578; x_wconf 88' lang='grc' dir='ltr'><strong>είς</strong></span> <span class='ocrx_word' id='word_1_804' title='bbox 2309 4513 2407 4584; x_wconf 78' lang='grc' dir='ltr'><strong>τὴν</strong></span> <span class='ocrx_word' id='word_1_805' title='bbox 2435 4512 2619 4582; x_wconf 72' lang='grc' dir='ltr'>ψυχὴν</span> <span class='ocrx_word' id='word_1_806' title='bbox 2669 4511 2846 4582; x_wconf 81' lang='grc' dir='ltr'>φέρει,</span> <span class='ocrx_word' id='word_1_807' title='bbox 2887 4510 3040 4570; x_wconf 83' lang='grc' dir='ltr'>δντος</span> <span class='ocrx_word' id='word_1_808' title='bbox 3069 4524 3137 4576; x_wconf 89' lang='grc' dir='ltr'><strong>γε</strong></span> <span class='ocrx_word' id='word_1_809' title='bbox 3174 4505 3276 4560; x_wconf 79' lang='grc' dir='ltr'><strong>τοῦ</strong></span> <span class='ocrx_word' id='word_1_810' title='bbox 3320 4503 3669 4559; x_wconf 74' lang='grc' dir='ltr'>κωλύσοντος.</span> 
     </span>
    </p>
   </div>
   <div class='ocr_carea' id='block_1_108' title="bbox 2109 4597 3672 4676">
    <p class='ocr_par' dir='ltr' id='par_1_108' title="bbox 2109 4597 3672 4676">
     <span class='ocr_line' id='line_1_108' title="bbox 2109 4597 3672 4676; baseline -0.012 -14"><span class='ocrx_word' id='word_1_811' title='bbox 2109 4609 2186 4662; x_wconf 87' lang='grc' dir='ltr'>Οὐ</span> <span class='ocrx_word' id='word_1_812' title='bbox 2230 4606 2334 4676; x_wconf 77' lang='grc' dir='ltr'>μὴν</span> <span class='ocrx_word' id='word_1_813' title='bbox 2362 4605 2498 4660; x_wconf 75' lang='grc' dir='ltr'>ἀλλὰ</span> <span class='ocrx_word' id='word_1_814' title='bbox 2528 4603 2625 4657; x_wconf 72' lang='grc' dir='ltr'>καὶ</span> <span class='ocrx_word' id='word_1_815' title='bbox 2655 4605 2758 4666; x_wconf 64' lang='lat' dir='ltr'><strong>tot;</strong></span> <span class='ocrx_word' id='word_1_816' title='bbox 2793 4599 3021 4670; x_wconf 78' lang='grc' dir='ltr'>ἀγαθοῖς</span> <span class='ocrx_word' id='word_1_817' title='bbox 3063 4599 3302 4668; x_wconf 79' lang='grc' dir='ltr'>ἀνδράσι</span> <span class='ocrx_word' id='word_1_818' title='bbox 3335 4600 3398 4651; x_wconf 84' lang='grc' dir='ltr'><strong>τδ</strong></span> <span class='ocrx_word' id='word_1_819' title='bbox 3427 4597 3526 4664; x_wconf 78' lang='grc' dir='ltr'><strong>τὴν</strong></span> <span class='ocrx_word' id='word_1_820' title='bbox 3550 4609 3672 4658; x_wconf 74' lang='grc' dir='ltr'>παρ·</span> 
     </span>
    </p>
   </div>
   <div class='ocr_carea' id='block_1_109' title="bbox 2101 4683 3674 4766">
    <p class='ocr_par' dir='ltr' id='par_1_109' title="bbox 2101 4683 3674 4766">
     <span class='ocr_line' id='line_1_109' title="bbox 2101 4683 3674 4766; baseline -0.012 -13"><span class='ocrx_word' id='word_1_821' title='bbox 2101 4700 2269 4753; x_wconf 90' lang='grc' dir='ltr'>οῦσαν</span> <span class='ocrx_word' id='word_1_822' title='bbox 2300 4697 2456 4763; x_wconf 83' lang='grc' dir='ltr'>δόξαν</span> <span class='ocrx_word' id='word_1_823' title='bbox 2508 4694 2850 4766; x_wconf 76' lang='grc' dir='ltr'>ἐζημιῶσθαι</span> <span class='ocrx_word' id='word_1_824' title='bbox 2886 4693 2957 4762; x_wconf 73' lang='lat' dir='ltr'><strong>Ev,</strong></span> <span class='ocrx_word' id='word_1_825' title='bbox 3001 4709 3057 4745; x_wconf 89' lang='grc' dir='ltr'><strong>τι</strong></span> <span class='ocrx_word' id='word_1_826' title='bbox 3088 4692 3206 4743; x_wconf 82' lang='grc' dir='ltr'>τῶν</span> <span class='ocrx_word' id='word_1_827' title='bbox 3253 4690 3510 4759; x_wconf 77' lang='grc' dir='ltr'>φευκτῶν</span> <span class='ocrx_word' id='word_1_828' title='bbox 3551 4683 3674 4738; x_wconf 75' lang='grc' dir='ltr'>εἶναι</span> 
     </span>
    </p>
   </div>
   <div class='ocr_carea' id='block_1_110' title="bbox 2101 4778 3676 4859">
    <p class='ocr_par' dir='ltr' id='par_1_110' title="bbox 2101 4778 3676 4859">
     <span class='ocr_line' id='line_1_110' title="bbox 2101 4778 3676 4859; baseline -0.013 -12"><span class='ocrx_word' id='word_1_829' title='bbox 2101 4794 2274 4848; x_wconf 77' lang='grc' dir='ltr'>δοκεῖ.</span> <span class='ocrx_word' id='word_1_830' title='bbox 2329 4789 2585 4859; x_wconf 77' lang='grc' dir='ltr'>Λυπῆσαι</span> <span class='ocrx_word' id='word_1_831' title='bbox 2640 4789 2748 4859; x_wconf 76' lang='grc' dir='ltr'><strong>γάρ</strong></span> <span class='ocrx_word' id='word_1_832' title='bbox 2808 4785 3105 4854; x_wconf 84' lang='grc' dir='ltr'>δυνάμενον</span> <span class='ocrx_word' id='word_1_833' title='bbox 3170 4785 3271 4836; x_wconf 73' lang='grc' dir='ltr'><strong>καὶ</strong></span> <span class='ocrx_word' id='word_1_834' title='bbox 3322 4784 3511 4836; x_wconf 78' lang='grc' dir='ltr'>δακεῖν</span> <span class='ocrx_word' id='word_1_835' title='bbox 3563 4778 3676 4836; x_wconf 67' lang='grc' dir='ltr'>τοὺς</span> 
     </span>
    </p>
   </div>
   <div class='ocr_carea' id='block_1_111' title="bbox 2103 4867 3674 4953">
    <p class='ocr_par' dir='ltr' id='par_1_111' title="bbox 2103 4867 3674 4953">
     <span class='ocr_line' id='line_1_111' title="bbox 2103 4867 3674 4953; baseline -0.011 -16"><span class='ocrx_word' id='word_1_836' title='bbox 2103 4882 2637 4953; x_wconf 76' lang='grc' dir='ltr'>συμπεπλεγμένους</span> <span class='ocrx_word' id='word_1_837' title='bbox 2670 4879 2807 4950; x_wconf 79' lang='grc' dir='ltr'>τῷδε</span> <span class='ocrx_word' id='word_1_838' title='bbox 2857 4877 2935 4948; x_wconf 78' lang='grc' dir='ltr'>τῷ</span> <span class='ocrx_word' id='word_1_839' title='bbox 2962 4877 3080 4948; x_wconf 75' lang='grc' dir='ltr'>βίῳο</span> <span class='ocrx_word' id='word_1_840' title='bbox 3123 4867 3191 4929; x_wconf 72' lang='grc' dir='ltr'>οὗ</span> <span class='ocrx_word' id='word_1_841' title='bbox 3231 4876 3297 4930; x_wconf 82' lang='grc' dir='ltr'>τό</span> <span class='ocrx_word' id='word_1_842' title='bbox 3330 4892 3395 4943; x_wconf 88' lang='grc' dir='ltr'><strong>γε</strong></span> <span class='ocrx_word' id='word_1_843' title='bbox 3432 4874 3674 4943; x_wconf 72' lang='grc' dir='ltr'>σεμνότε-</span> 
     </span>
    </p>
   </div>
   <div class='ocr_carea' id='block_1_112' title="bbox 2105 4961 3679 5048">
    <p class='ocr_par' dir='ltr' id='par_1_112' title="bbox 2105 4961 3679 5048">
     <span class='ocr_line' id='line_1_112' title="bbox 2105 4961 3679 5048; baseline -0.013 -17"><span class='ocrx_word' id='word_1_844' title='bbox 2105 4995 2200 5048; x_wconf 88' lang='grc' dir='ltr'><strong>ρον</strong></span> <span class='ocrx_word' id='word_1_845' title='bbox 2229 4975 2477 5047; x_wconf 70' lang='grc' dir='ltr'>ἀφορμαὶ</span> <span class='ocrx_word' id='word_1_846' title='bbox 2507 4972 2760 5028; x_wconf 78' lang='grc' dir='ltr'>εὔκλειαν</span> <span class='ocrx_word' id='word_1_847' title='bbox 2802 4970 3088 5039; x_wconf 74' lang='grc' dir='ltr'>φέρουσαι.</span> <span class='ocrx_word' id='word_1_848' title='bbox 3141 4969 3321 5032; x_wconf 65' lang='grc' dir='ltr'>Δόξαν</span> <span class='ocrx_word' id='word_1_849' title='bbox 3371 4969 3429 5022; x_wconf 76' lang='grc' dir='ltr'><strong>δὲ</strong></span> <span class='ocrx_word' id='word_1_850' title='bbox 3476 4965 3566 5017; x_wconf 71' lang='grc' dir='ltr'>καὶ</span> <span class='ocrx_word' id='word_1_851' title='bbox 3597 4961 3679 5012; x_wconf 77' lang='grc' dir='ltr'>εὐ-</span> 
     </span>
    </p>
   </div>
   <div class='ocr_carea' id='block_1_113' title="bbox 2102 5053 3678 5136">
    <p class='ocr_par' dir='ltr' id='par_1_113' title="bbox 2102 5053 3678 5136">
     <span class='ocr_line' id='line_1_113' title="bbox 2102 5053 3678 5136; baseline -0.011 -12"><span class='ocrx_word' id='word_1_852' title='bbox 2102 5070 2288 5124; x_wconf 84' lang='grc' dir='ltr'>κλειαν</span> <span class='ocrx_word' id='word_1_853' title='bbox 2322 5069 2470 5135; x_wconf 79' lang='grc' dir='ltr'>λέγω</span> <span class='ocrx_word' id='word_1_854' title='bbox 2499 5067 2597 5136; x_wconf 81' lang='grc' dir='ltr'>τὴν</span> <span class='ocrx_word' id='word_1_855' title='bbox 2639 5063 3017 5133; x_wconf 76' lang='grc' dir='ltr'>Ἀλεξάνδρου,</span> <span class='ocrx_word' id='word_1_856' title='bbox 3048 5060 3150 5128; x_wconf 78' lang='grc' dir='ltr'>τὴν</span> <span class='ocrx_word' id='word_1_857' title='bbox 3182 5060 3404 5128; x_wconf 83' lang='grc' dir='ltr'>Κύρου,</span> <span class='ocrx_word' id='word_1_858' title='bbox 3441 5058 3538 5129; x_wconf 78' lang='grc' dir='ltr'><strong>τὴν</strong></span> <span class='ocrx_word' id='word_1_859' title='bbox 3577 5053 3678 5108; x_wconf 78' lang='grc' dir='ltr'><strong>τῶν</strong></span> 
     </span>
    </p>
   </div>
   <div class='ocr_carea' id='block_1_114' title="bbox 2103 5146 3680 5227">
    <p class='ocr_par' dir='ltr' id='par_1_114' title="bbox 2103 5146 3680 5227">
     <span class='ocr_line' id='line_1_114' title="bbox 2103 5146 3680 5227; baseline -0.011 -13"><span class='ocrx_word' id='word_1_860' title='bbox 2103 5159 2384 5224; x_wconf 82' lang='grc' dir='ltr'>τοιούτων,</span> <span class='ocrx_word' id='word_1_861' title='bbox 2432 5152 2508 5212; x_wconf 81' lang='grc' dir='ltr'>ὧν</span> <span class='ocrx_word' id='word_1_862' title='bbox 2549 5157 2651 5210; x_wconf 89' lang='grc' dir='ltr'><strong>οὐκ</strong></span> <span class='ocrx_word' id='word_1_863' title='bbox 2701 5157 2759 5210; x_wconf 82' lang='grc' dir='ltr'>ὲν</span> <span class='ocrx_word' id='word_1_864' title='bbox 2791 5155 2932 5227; x_wconf 80' lang='grc' dir='ltr'><strong>λήθῃ</strong></span> <span class='ocrx_word' id='word_1_865' title='bbox 2971 5153 3171 5221; x_wconf 69' lang='grc' dir='ltr'>γέγονε</span> <span class='ocrx_word' id='word_1_866' title='bbox 3209 5152 3486 5221; x_wconf 85' lang='grc' dir='ltr'>τοῦνομα,</span> <span class='ocrx_word' id='word_1_867' title='bbox 3522 5146 3680 5201; x_wconf 80' lang='grc' dir='ltr'>πάλαι</span> 
     </span>
    </p>
   </div>
   <div class='ocr_carea' id='block_1_115' title="bbox 2099 5238 3677 5319">
    <p class='ocr_par' dir='ltr' id='par_1_115' title="bbox 2099 5238 3677 5319">
     <span class='ocr_line' id='line_1_115' title="bbox 2099 5238 3677 5319; baseline -0.006 -16"><span class='ocrx_word' id='word_1_868' title='bbox 2099 5249 2210 5304; x_wconf 83' lang='grc' dir='ltr'>τῶν</span> <span class='ocrx_word' id='word_1_869' title='bbox 2253 5249 2522 5319; x_wconf 87' lang='grc' dir='ltr'>σωμάτων</span> <span class='ocrx_word' id='word_1_870' title='bbox 2574 5246 2871 5302; x_wconf 83' lang='grc' dir='ltr'>λυθέντων.</span> <span class='ocrx_word' id='word_1_871' title='bbox 2915 5243 3134 5314; x_wconf 84' lang='grc' dir='ltr'>Ἐκείνη</span> <span class='ocrx_word' id='word_1_872' title='bbox 3195 5244 3313 5314; x_wconf 81' lang='grc' dir='ltr'>γὰρ</span> <span class='ocrx_word' id='word_1_873' title='bbox 3363 5245 3398 5316; x_wconf 75' lang='grc' dir='ltr'>ἡ</span> <span class='ocrx_word' id='word_1_874' title='bbox 3456 5238 3677 5308; x_wconf 77' lang='grc' dir='ltr'>δόξα,ἡ</span> 
     </span>
    </p>
   </div>
   <div class='ocr_carea' id='block_1_116' title="bbox 2100 5330 3677 5411">
    <p class='ocr_par' dir='ltr' id='par_1_116' title="bbox 2100 5330 3677 5411">
     <span class='ocr_line' id='line_1_116' title="bbox 2100 5330 3677 5411; baseline -0.009 -16"><span class='ocrx_word' id='word_1_875' title='bbox 2100 5341 2442 5411; x_wconf 81' lang='grc' dir='ltr'>διαρκέσασα</span> <span class='ocrx_word' id='word_1_876' title='bbox 2470 5337 2631 5407; x_wconf 82' lang='grc' dir='ltr'>μέχρι</span> <span class='ocrx_word' id='word_1_877' title='bbox 2653 5336 2833 5406; x_wconf 85' lang='grc' dir='ltr'>δεῦρο,</span> <span class='ocrx_word' id='word_1_878' title='bbox 2863 5335 3076 5403; x_wconf 67' lang='grc' dir='ltr'>καρπός</span> <span class='ocrx_word' id='word_1_879' title='bbox 3126 5352 3218 5396; x_wconf 82' lang='grc' dir='ltr'><strong>τις</strong></span> <span class='ocrx_word' id='word_1_880' title='bbox 3255 5331 3327 5406; x_wconf 80' lang='grc' dir='ltr'>ἦν</span> <span class='ocrx_word' id='word_1_881' title='bbox 3360 5330 3677 5400; x_wconf 78' lang='grc' dir='ltr'>ἀγωνισμά-</span> 
     </span>
    </p>
   </div>
   <div class='ocr_carea' id='block_1_117' title="bbox 2102 5412 3678 5496">
    <p class='ocr_par' dir='ltr' id='par_1_117' title="bbox 2102 5412 3678 5496">
     <span class='ocr_line' id='line_1_117' title="bbox 2102 5412 3678 5496; baseline -0.006 -12"><span class='ocrx_word' id='word_1_882' title='bbox 2102 5447 2233 5494; x_wconf 89' lang='grc' dir='ltr'>των,</span> <span class='ocrx_word' id='word_1_883' title='bbox 2281 5430 2377 5482; x_wconf 77' lang='grc' dir='ltr'><strong>καὶ</strong></span> <span class='ocrx_word' id='word_1_884' title='bbox 2418 5427 2617 5487; x_wconf 79' lang='grc' dir='ltr'>πόνων,</span> <span class='ocrx_word' id='word_1_885' title='bbox 2663 5427 2756 5480; x_wconf 71' lang='grc' dir='ltr'>καὶ</span> <span class='ocrx_word' id='word_1_886' title='bbox 2808 5425 3002 5478; x_wconf 80' lang='grc' dir='ltr'>πολλοῦ</span> <span class='ocrx_word' id='word_1_887' title='bbox 3036 5426 3428 5496; x_wconf 71' lang='grc' dir='ltr'>φρονήματος,</span> <span class='ocrx_word' id='word_1_888' title='bbox 3479 5421 3566 5492; x_wconf 75' lang='grc' dir='ltr'><strong>ἐφ’</strong></span> <span class='ocrx_word' id='word_1_889' title='bbox 3601 5412 3678 5482; x_wconf 73' lang='grc' dir='ltr'>οἷς</span> 
     </span>
    </p>
   </div>
   <div class='ocr_carea' id='block_1_118' title="bbox 2102 5514 3680 5593">
    <p class='ocr_par' dir='ltr' id='par_1_118' title="bbox 2102 5514 3680 5593">
     <span class='ocr_line' id='line_1_118' title="bbox 2102 5514 3680 5593; baseline -0.015 -16"><span class='ocrx_word' id='word_1_890' title='bbox 2102 5522 2274 5593; x_wconf 75' lang='grc' dir='ltr'>ἐχρῆν</span> <span class='ocrx_word' id='word_1_891' title='bbox 2294 5519 2569 5574; x_wconf 86' lang='grc' dir='ltr'>δεικνύναι</span> <span class='ocrx_word' id='word_1_892' title='bbox 2596 5519 2687 5571; x_wconf 71' lang='grc' dir='ltr'><strong>τὸν</strong></span> <span class='ocrx_word' id='word_1_893' title='bbox 2727 5518 2894 5589; x_wconf 77' lang='grc' dir='ltr'>ἄνδρα</span> <span class='ocrx_word' id='word_1_894' title='bbox 2929 5518 3066 5586; x_wconf 78' lang='grc' dir='ltr'>μήτε</span> <span class='ocrx_word' id='word_1_895' title='bbox 3099 5517 3499 5586; x_wconf 73' lang='grc' dir='ltr'>φιλοσώματον</span> <span class='ocrx_word' id='word_1_896' title='bbox 3531 5514 3680 5575; x_wconf 64' lang='grc' dir='ltr'>ὅντα,</span> 
     </span>
    </p>
   </div>
   <div class='ocr_carea' id='block_1_119' title="bbox 2107 5603 3680 5683">
    <p class='ocr_par' dir='ltr' id='par_1_119' title="bbox 2107 5603 3680 5683">
     <span class='ocr_line' id='line_1_119' title="bbox 2107 5603 3680 5683; baseline -0.003 -22"><span class='ocrx_word' id='word_1_897' title='bbox 2107 5613 2243 5677; x_wconf 82' lang='grc' dir='ltr'>μήτε</span> <span class='ocrx_word' id='word_1_898' title='bbox 2273 5611 2375 5680; x_wconf 80' lang='grc' dir='ltr'>χρή</span> <span class='ocrx_word' id='word_1_899' title='bbox 2388 5627 2550 5677; x_wconf 74' lang='grc' dir='ltr'>μασιν</span> <span class='ocrx_word' id='word_1_900' title='bbox 2571 5610 2740 5674; x_wconf 53' lang='lat' dir='ltr'><strong>sum,</strong></span> <span class='ocrx_word' id='word_1_901' title='bbox 2751 5608 2932 5675; x_wconf 83' lang='grc' dir='ltr'>μένον,</span> <span class='ocrx_word' id='word_1_902' title='bbox 2958 5608 3097 5683; x_wconf 62' lang='grc' dir='ltr'>μῄτε</span> <span class='ocrx_word' id='word_1_903' title='bbox 3134 5605 3360 5675; x_wconf 82' lang='grc' dir='ltr'>ἡδοναῖς</span> <span class='ocrx_word' id='word_1_904' title='bbox 3393 5603 3680 5676; x_wconf 76' lang='grc' dir='ltr'>κεχηνότα.</span> 
     </span>
    </p>
   </div>
   <div class='ocr_carea' id='block_1_120' title="bbox 2103 5696 3684 5773">
    <p class='ocr_par' dir='ltr' id='par_1_120' title="bbox 2103 5696 3684 5773">
     <span class='ocr_line' id='line_1_120' title="bbox 2103 5696 3684 5773; baseline -0.004 -18"><span class='ocrx_word' id='word_1_905' title='bbox 2103 5704 2239 5773; x_wconf 78' lang='grc' dir='ltr'>μήτε</span> <span class='ocrx_word' id='word_1_906' title='bbox 2281 5703 2387 5773; x_wconf 69' lang='grc' dir='ltr'>μὴν</span> <span class='ocrx_word' id='word_1_907' title='bbox 2435 5702 2565 5756; x_wconf 68' lang='grc' dir='ltr'>αὐτὸ</span> <span class='ocrx_word' id='word_1_908' title='bbox 2597 5701 2654 5755; x_wconf 77' lang='grc' dir='ltr'><strong>τδ</strong></span> <span class='ocrx_word' id='word_1_909' title='bbox 2694 5700 2791 5771; x_wconf 78' lang='grc' dir='ltr'><strong>ζῇν</strong></span> <span class='ocrx_word' id='word_1_910' title='bbox 2827 5701 3072 5767; x_wconf 69' lang='grc' dir='ltr'>εὐδοξὲας</span> <span class='ocrx_word' id='word_1_911' title='bbox 3111 5701 3476 5771; x_wconf 75' lang='grc' dir='ltr'>προτιθέντα.</span> <span class='ocrx_word' id='word_1_912' title='bbox 3502 5696 3684 5751; x_wconf 86' lang='grc' dir='ltr'>Ταῦτα</span> 
     </span>
    </p>
   </div>
  </div>
