3920 6200
445 317 553 383 419

1617 319 2015 379 MANUELIS
2053 319 2499 380 PALRLOLOGI

3554 322 3641 388 123

449 452 509 490 se
552 434 630 490 sic
664 422 884 489 allectos
925 432 1108 496 habet,
1158 431 1284 486 utci
1321 441 1431 485 tum
1455 441 1683 501 optima,
1719 441 1831 486 tum
1859 433 2010 487 Itone

2135 433 2434 504 ὑπερφυὲς,
2468 432 2792 502 φιλούμενός
2814 433 2962 485 ἐστιν
2987 430 3141 496 οὗτος
3166 433 3260 503 οὐχ
3286 435 3452 505 ἐαυτῷ
3482 438 3640 507 μόνον,

447 526 690 580 stissima
721 536 950 591 quaeque
988 521 1157 575 velint
1180 529 1234 575 et
1266 529 1487 608 optent,
1519 521 1590 575 ob
1618 520 2011 589 perfectionem

444 616 686 676 virtutis,
730 629 851 682 qua:
885 622 943 667 ut
969 614 1046 668 illi
1098 623 1423 668 ornamento
1447 623 1551 679 est,
1581 614 1660 667 sic
1695 623 1749 667 et
1785 614 1900 683 ipsa
1931 616 2017 667 vi-

442 705 628 758 cissim
659 705 728 757 ab
753 718 819 757 eo
859 717 956 772 par
1003 715 1381 758 ornamentum
1410 704 1627 773 accipit.
1680 704 1837 769 Quod
1864 705 2020 759 deni-

442 810 548 863 que
574 795 878 848 maximum
915 803 968 846 et
1000 794 1213 863 insigne
1228 796 1485 863 quiddam
1524 804 1629 859 est,
1658 811 1764 849 non
1789 796 1878 851 hic
1906 812 1936 850 a
1960 812 2020 851 se

443 887 562 954 ipso
589 895 800 939 tantum
864 886 1132 954 diligitur,
1157 895 1211 940 et
1252 886 1410 940 bonis
1452 886 1611 949 viris,
1638 902 1826 941 verum
1852 891 2016 941 etiam

442 979 632 1042 malis;
693 994 794 1030 nec
834 977 885 1055 id
943 992 1075 1031 sane
1126 977 1825 1042 mirum.Quemadmodnm
1853 981 2001 1033 enim

375 1055 378 1059 ’
445 1072 607 1124 homo
634 1085 835 1137 pravus
870 1078 1033 1122 etiam
1067 1070 1165 1137 ipsi
1200 1070 1307 1123 sibi
1333 1079 1414 1124 est
1439 1071 1564 1124 odio
1596 1082 1819 1139 propter
1845 1073 2019 1126 vitiu—

443 1164 681 1226 sitatem,
704 1161 895 1215 eodem
920 1161 1082 1216 modo
1114 1162 1292 1216 bonus
1317 1163 1383 1217 ab
1407 1163 1670 1231 improbis
1689 1157 1906 1233 quoque
1929 1164 2015 1217 di-

442 1257 645 1326 ligitur,
672 1272 794 1311 cum
829 1257 895 1309 ab
918 1257 998 1310 eis
1029 1257 1152 1310 talis
1192 1271 1312 1310 esse
1346 1258 1678 1325 conspicitur
1712 1260 1889 1327 qualis
1908 1267 2014 1314 est.

442 1349 644 1416 Nequit
674 1355 857 1401 autem
905 1348 1017 1401 fieri
1044 1341 1113 1399 ἰιι
1171 1347 1336 1402 situm
1386 1363 1549 1417 supra
1584 1358 1822 1405 montem
1856 1351 2016 1419 oppi-

442 1439 570 1493 dum
618 1438 1004 1491 ahscondatur.
1050 1435 1167 1489 Non
1199 1437 1342 1490 enim
1396 1436 1666 1505 permittit
1696 1439 1837 1491 Deus
1867 1446 1928 1491 ut
1959 1436 2013 1490 in

442 1529 658 1583 occulto
712 1530 888 1583 virtus
926 1527 1191 1596 patefacta
1247 1529 1455 1582 nemini
1506 1537 1741 1594 maneat,
1789 1545 1911 1584 cum
1958 1536 2017 1582 ut

442 1624 614 1690 ipsam
638 1622 846 1675 honore
868 1619 1086 1683 alliciat,
1117 1628 1175 1673 ιιι
1194 1621 1450 1689 equidem
1476 1621 1737 1686 arbitror,
1758 1630 1813 1676 et
1839 1621 2015 1675 alum.

436 1729 566 1766 num
611 1714 753 1782 ejus,
793 1723 905 1767 tum
941 1722 1000 1766 ut
1026 1728 1219 1767 omnes
1275 1714 1342 1767 ad
1377 1714 1580 1767 bonum
1607 1714 1827 1768 excitet.
1857 1714 2014 1782 COgit

436 1806 582 1859 enim
616 1805 792 1858 modis
818 1804 1074 1857 omnibus
1122 1813 1180 1857 ut
1206 1804 1430 1857 domum
1468 1819 1623 1858 suam
1660 1806 1905 1858 convivis
1927 1819 2015 1859 re-

437 1900 601 1968 pleat,
644 1912 713 1950 ne
752 1895 819 1948 ab
871 1895 965 1947 illo
996 1895 1194 1949 eximio
1246 1895 1537 1962 quisquam
1567 1896 1725 1963 epulo
1759 1897 2016 1952 exclusus

439 1990 602 2042 absit.
641 1987 807 2055 Atqui
843 1987 887 2038 si
918 1986 1093 2038 virtus
1132 1985 1257 2039 aliis
1286 1987 1585 2054 patefieret,
1619 2002 1717 2040 nec
1757 1987 2015 2061 diligere-

438 2089 526 2134 tur
555 2095 584 2151 a
615 2068 912 2148 quoquam.
946 2091 1044 2131 nec
1062 2077 1410 2129 admirationi
1435 2084 1603 2141 esset,
1634 2078 1808 2132 instar
1828 2079 2017 2148 splen-

437 2172 615 2225 dentis
664 2169 806 2229 auri,
846 2169 989 2237 quod
1028 2167 1209 2221 adhuc
1257 2175 1417 2221 terra:
1459 2169 1783 2234 permistum
1825 2178 1929 2232 est,
1961 2176 2014 2223 et

436 2278 662 2331 genuum
692 2261 995 2331 pellucide,
1025 2261 1078 2312 in
1115 2260 1353 2313 tenebris
1376 2260 1495 2313 sitae
1524 2277 1537 2313 :
1584 2260 1695 2313 imo
1722 2261 1904 2329 potius
1938 2276 2003 2315 ex

434 2371 519 2417 ea,
574 2368 920 2421 nequaquam
958 2352 1013 2404 in
1042 2351 1278 2404 medium
1310 2351 1600 2419 producta,
1641 2367 1801 2404 nemo
1838 2367 1996 2421 pror-

442 2458 537 2497 sus
563 2444 696 2497 lucri
727 2441 1026 2510 quidquam
1058 2456 1253 2509 capere
1281 2451 1502 2510 posset;
1526 2441 1725 2512 quippe
1748 2443 2014 2497 virtusin-

435 2536 621 2590 eﬂicax
655 2535 973 2587 omnicaret
998 2544 1349 2596 ornamento,
1382 2536 1602 2604 quando
1639 2550 1705 2589 ne
1728 2536 1859 2606 lyra:
1886 2537 2010 2605 qui-

334 2662 337 2665 ›
433 2628 555 2685 dem
589 2637 733 2681 recte
761 2629 1045 2680 instructae
1078 2626 1223 2679 ullus
1255 2635 1339 2681 est
1380 2643 1534 2690 usus,
1565 2629 1611 2682 si
1644 2644 1800 2684 nemo
1825 2630 1896 2684 sit
1920 2630 2010 2699 qui

433 2717 671 2769 chordas
726 2717 897 2784 perite
931 2716 1128 2784 pulset.
1167 2714 1298 2768 Nam
1325 2718 1540 2786 egregia
1575 2733 1663 2773 res
1694 2719 1868 2774 virtus
1901 2730 2007 2786 est,

432 2807 711 2877 egregium
743 2808 1004 2876 quiddam
1032 2810 1248 2862 virtutis
1274 2810 1490 2874 cultor;
1535 2810 1629 2864 sed
1666 2811 1903 2865 alterum
1932 2813 2010 2864 al-

435 2901 606 2955 terius
634 2902 838 2970 indiget
861 2939 876 2964 ,
905 2901 969 2954 ad
1002 2918 1196 2956 manus
1228 2913 1391 2971 atque
1417 2904 1657 2957 dolabrae
1687 2906 2008 2960 similitudi-

435 3008 579 3047 nem.
616 2994 708 3049 Est
730 3004 908 3049 autem
936 2997 1150 3063 proprie
1170 2996 1341 3053 virtus
1365 2998 1566 3050 bonum
1589 2996 1735 3064 quod
1753 3013 1782 3050 a
1804 2999 2010 3054 sciente

2120 522 2214 573 καὶ
2254 525 2369 585 τοῖς
2408 523 2640 593 ἀνδράσι
2691 524 2806 583 τοῖς
2839 521 3089 588 ἀγαθοῖς,
3138 521 3268 577 ἀλλὰ
3314 524 3377 594 δὴ
3414 527 3504 579 καὶ
3548 531 3646 592 τοῖς

2118 616 2331 677 κακοῖς.
2387 616 2496 668 Καὶ
2544 614 2706 670 τοῦτο
2751 616 2814 668 οὐ
2849 614 3187 684 θαυμαστόν.
3227 618 3479 691 Καθάπερ
3503 621 3646 692 γὰρὸ

2121 708 2363 775 πονηρὸς
2394 705 2685 776 ἅνθρωπος
2721 707 2818 760 καὶ
2861 706 3042 777 ἐαυτῷ
3071 708 3294 778 μισητός
3322 711 3430 763 ἐστι
3446 711 3532 765 ’διὰ
3561 713 3646 782 τὴν

2117 799 2342 861 κακίαν,
2373 799 2585 852 τουτονὶ
2633 800 2726 851 τὸν
2771 798 2976 868 τρόπον
2996 799 3032 869 ,ὁ
3061 798 3264 865 ἀγαθὸς
3301 801 3389 852 καὶ
3422 801 3520 855 ὑπὸ
3548 804 3644 856 τῶν

2120 890 2343 955 φαύλων
2374 892 2614 961 φιλεῖται
2640 931 2654 955 ,
2690 892 2883 961 φανεὶς
2914 891 3146 954 ἐκείνοις
3170 885 3280 954 οἷός
3298 894 3464 949 ἐστιν.
3506 895 3645 950 Ἀδύ-

2118 994 2277 1033 νατον
2316 980 2373 1032 δέ
2421 982 2691 1052 κρυϐῆναι
2732 980 2921 1045 πόλιν,
2959 981 3147 1035 ἐπάνω
3191 982 3345 1052 δρους
3392 984 3643 1052 κειμένην.
3696 1032 3701 1037 .

2134 1072 2192 1124 Ὀ
2222 1072 2332 1143 γὰρ
2363 1072 2496 1137 Θεὸς
2524 1074 2624 1143 τὴν
2652 1073 2854 1144 ἀρετὴν
2882 1076 2983 1129 οὐκ
3012 1076 3382 1129 ἁνεπίδεικτον
3404 1076 3649 1144 συγχωρεῖ

2122 1164 2331 1233 μένειν·
2364 1165 2533 1236 αὐτην
2555 1183 2636 1231 τε,
2667 1163 2843 1236 οἶμαι,
2868 1166 3202 1237 τιμῶν,·.κα“ι
3236 1168 3326 1220 τδν
3347 1166 3509 1237 αὐτῆς
3539 1168 3645 1235 τρό-

2120 1273 2310 1326 φιμον,
2371 1258 2468 1308 καὶ
2515 1257 2653 1326 πρός
2691 1274 2755 1325 γε
2795 1258 2875 1310 ἐτι
2909 1258 3245 1328 παρακαλῶν
3271 1259 3352 1320 είς
3378 1258 3437 1311 τὸ
3462 1258 3646 1325 ἀγαθὸν

2118 1348 2387 1410 ἅπαντας.
2435 1348 2762 1415 Ἀναγκάζει
2820 1349 2930 1418 γὰρ
2980 1350 3160 1405 πάντα
3194 1350 3414 1415 τρόπον,
3462 1350 3524 1402 ἶν’
3555 1351 3641 1418 ἐμ-

2117 1437 2300 1507 πλήσῃ
2325 1436 2669 1505 δαιτυμόνων
2693 1438 2844 1507 αὐτῷ
2889 1439 2983 1491 τὸν
3017 1430 3203 1506 ὀϊκον,
3230 1439 3305 1499 ὡς
3336 1437 3523 1508 μηδένα
3552 1455 3657 1490 στε-

2120 1526 2359 1599 ρηθῆναι
2427 1529 2526 1597 τῆς
2560 1529 2731 1598 καλῆς
2767 1528 2971 1599 θοίνης.
3005 1531 3116 1584 Καὶ
3153 1531 3261 1601 μὴν
3315 1531 3363 1582 εί
3410 1528 3656 1583 amem-

2124 1635 2253 1680 κτος
2304 1615 2373 1687 ἦν
2417 1618 2672 1687 ἡάρετὴ,
2702 1617 2813 1671 οὔτ’
2860 1618 2928 1672 ἂν
2971 1620 3112 1683 ὅλως
3165 1620 3419 1688 ἐφιλεῖτο,
3466 1619 3570 1672 οὔτ’
3602 1621 3660 1672 ἂν

2121 1706 2465 1775 ἐθαυμάζετο
2510 1712 2643 1777 παρ’
2667 1707 2979 1760 οὑτινοσοῦν
3029 1709 3142 1762 τῶν
3200 1707 3661 1776 ἁπάντωψῶσπερ

2050 1774 2086 1828 Β
2118 1798 2214 1850 καὶ
2248 1774 2455 1869 χρυσὸς
2507 1774 2763 1869 λαμπρὸς
2790 1838 2805 1863 ,
2854 1802 2921 1868 τῇ
2971 1802 3042 1871 γῇ
3096 1800 3403 1870 φυρόμενος
3437 1799 3549 1865 ἐτι,
3578 1774 3664 1850 καὶ

2116 1889 2389 1959 διαφανής
2427 1904 2512 1952 τις
2560 1890 2731 1955 λίθος,
2765 1893 2822 1943 ἐν
2869 1891 3051 1944 σκότει
3078 1891 3358 1960 κείμενος.
3393 1890 3593 1945 Μᾶλλον
3615 1889 3664 1942 δέ
3740 1900 3744 1907 ·

2115 1980 2229 2031 οὐδ’
2266 1981 2333 2033 ἂν
2370 1976 2450 2045 εἷς
2488 1977 2635 2050 εἶχεν
2675 1982 2733 2046 ἐξ
2778 1982 2994 2052 ἐκείνης
3033 1982 3093 2036 τδ
3139 1983 3403 2052 παράπαν
3430 1979 3663 2051 κερδᾶναί

2115 2087 2189 2134 τι,
2250 2073 2516 2142 μηδαμῶς
2564 2073 3035 2144 ἐπιδεδειγμένης.
3074 2075 3275 2145 Ἀρετὴ
3321 2075 3430 2142 γὰρ
3465 2073 3663 2142 ἁνενέρ-

2116 2181 2281 2234 γητος
2311 2166 2662 2234 ἀμωσγέπως
2703 2166 2982 2236 ῖᾶκοσμος.
3028 2167 3151 2220 Ὀτι
3188 2167 3288 2220 καὶ
3317 2165 3493 2228 καλῶς
3513 2166 3663 2235 ἡρμο-

2116 2253 2327 2323 σμένης
2380 2253 2553 2325 λύρας
2611 2254 2765 2307 οὐδὲν
2800 2255 3014 2324 ὄφελος,
3061 2256 3160 2309 τοῦ
3206 2257 3306 2319 τὰς
3352 2256 3537 2326 χορδὰς
3562 2253 3662 2324 μετ’

2114 2345 2433 2415 ἐπιστήμης
2470 2345 3101 2417 κινήσοντος,μηδαμῶς
3138 2346 3318 2410 ὄντος.
3363 2346 3535 2401 Καλὸν
3581 2345 3664 2417 μὲν

2115 2438 2223 2504 γὰρ
2262 2438 2294 2506 ἡ
2331 2437 2537 2509 apum
2556 2436 2722 2491 καλὸν
2745 2438 2800 2490 δέ
2825 2441 2853 2491 ὁ
2872 2438 3081 2507 ταύτης
3109 2439 3357 2510 ἐργάτης
3380 2454 3396 2469 ⁶
3425 2439 3586 2493 δεῖται
3614 2436 3663 2490 δὲ

2113 2527 2365 2597 ἀλλήλων
2408 2529 2668 2600 ἑκάτερα,
2712 2530 2854 2582 κατὰ
2879 2529 2981 2599 τὴν
3004 2531 3106 2599 τῆς
3137 2531 3339 2601 ἀξίνης
3374 2548 3432 2584 τε
3460 2530 3550 2583 καὶ
3567 2545 3666 2599 χει-

2116 2619 2206 2690 ρὸς
2250 2619 2458 2674 εἰκόνα.
2500 2620 2675 2674 Τοῦτο
2704 2621 2762 2676 δέ
2796 2622 2912 2677 ἐστι
2953 2624 3160 2694 κυρίως
3196 2626 3234 2696 ἠ
3265 2625 3468 2695 ἁρετὴ,
3510 2624 3567 2677 τδ
3598 2624 3667 2676 διο

2115 2729 2203 2765 ενε
2213 2713 2345 2783 ργού
2355 2728 2519 2783 μενον
2544 2713 2750 2781 ἀγαθὸν
2776 2715 2920 2769 κατά
2939 2731 3002 2784 γε
3036 2716 3273 2784 γνῶσιν,
3297 2718 3388 2770 καὶ
3409 2714 3665 2787 πρόθεσιν,

2112 2807 2211 2860 καὶ
2236 2805 2374 2871 ἐξιψ
2407 2808 2504 2858 καὶ
2542 2805 2798 2873 ἐνάρετος
2834 2807 2975 2877 ἀνὴρ
3010 2809 3039 2860 δ
3073 2806 3171 2878 τὴν
3219 2808 3423 2879 ἀρετὴν
3457 2807 3667 2878 νομίζων

2112 2898 2333 2950 πάντων
2386 2895 2612 2966 ἄριστον
2652 2891 2818 2961 εἶναι,
2863 2897 2962 2949 καὶ
2993 2896 3166 2965 φιλῶν
3211 2898 3276 2950 τὸ
3319 2899 3553 2967 ἄριστον,
3582 2895 3668 2948 καὶ

2113 2988 2285 3041 ποιῶν
2316 2988 2344 3041 ὅ
2373 3005 2437 3056 γε
2476 2989 2646 3065 φιλεῖ,
2686 2988 2779 3043 καὶ
2808 2989 2974 3061 ἡδέως
3003 2988 3163 3043 τοῦτο
3212 2992 3487 3062 πράττων.
3520 2985 3671 3052 οὗτος

431 3100 496 3138 ac
553 3087 824 3155 prudente
858 3103 923 3140 ex
969 3087 1133 3140 animi
1189 3087 1466 3155 proposito
1496 3098 1549 3140 et
1578 3089 1759 3141 habitu
1791 3090 2007 3158 perﬁci-

2118 3080 2396 3149 εὐδαίμων
2443 3081 2520 3143 ὡς
2560 3081 2796 3152 ἀληθῶς·
2834 3074 2991 3144 οὗτος
3025 3081 3277 3153 ζηλωτὴς
3325 3079 3386 3165 εὖ
3416 3081 3668 3153 φρονοῦσι·

431 3181 553 3238 tur;
592 3174 891 3241 itidemque
927 3174 1007 3225 vir
1041 3174 1302 3241 praeditus
1344 3175 1563 3238 virtute,
1622 3176 1716 3243 qui
1749 3179 2031 3232 virtutem.

428 3265 704 3316 exiStimat
772 3280 896 3318 esse
965 3280 1078 3317 rem
1141 3266 1389 3318 omnium
1468 3268 2004 3334 prmsmntissimam,

432 3357 687 3425 quodque
723 3356 1248 3425 prtcstantissitnum
1283 3366 1388 3420 est,
1433 3358 1629 3426 diligit,
1662 3361 1880 3428 etquod
1921 3360 2027 3428 di-.

430 3452 570 3519 ligit,
624 3451 753 3504 t‘acit
815 3464 877 3502 ac
926 3449 1161 3502 libenter
1210 3450 1427 3518 quidem
1490 3450 1642 3504 facit.
1694 3449 1795 3504 Hic
1819 3467 2033 3507 revera

431 3544 629 3598 beatus
663 3551 767 3610 est,
806 3544 892 3597 hic
925 3552 1072 3596 recte
1097 3541 1474 3611 judicantibus
1504 3544 1863 3598 adnurabilis.
1892 3547 2006 3600 Hoc

428 3646 511 3687 νει
537 3652 657 3688 csse
682 3636 898 3699 virum;
936 3620 1039 3688 lioc
1070 3642 1254 3689 nostra
1285 3646 1366 3690 est
1389 3637 1673 3705 perfectio,
1693 3637 1794 3691 hoc
1812 3636 2000 3706 hujus-

431 3744 492 3780 ce
553 3726 676 3779 vitae
724 3726 992 3789 beatitas,
1054 3728 1314 3796 quoniam
1363 3736 1654 3797 augustum
1705 3729 2003 3798 quiddam,

428 3819 687 3887 quoniam
750 3833 1030 3886 magnum.
1068 3817 1200 3884 Qua:
1236 3820 1281 3874 si
1315 3834 1441 3873 vera
1482 3829 1630 3884 sunt,
1701 3836 1812 3890 quo
1846 3830 2007 3889 pacto

428 3927 537 3964 non
562 3911 823 3965 eximium
850 3911 1108 3981 quiddam
1141 3922 1226 3967 cst
1252 3915 1435 3975 homo,
1463 3929 1742 3968 sacrarum
1764 3915 2007 3970 ulLitte-

426 4019 612 4056 rarum
635 4004 822 4057 verbis
848 4013 991 4064 utar,
1013 4004 1105 4073 qui
1130 4004 1288 4058 bouis
1304 4020 1361 4059 se
1376 4004 1536 4060 factis
1556 4007 1812 4073 oblectat,
1841 4022 1905 4062 ac
1925 4009 2007 4061 vi-

421 4096 632 4157 cissim,
676 4112 900 4165 pravum
936 4096 1219 4166 quiddam,
1269 4099 1361 4166 qui
1402 4099 2006 4169 vitiositatemproipsa

421 4187 573 4242 ducit
596 4192 725 4251 vita,
757 4203 879 4242 eum
908 4189 1118 4242 invisus
1166 4190 1237 4242 sit
1262 4199 1314 4241 et
1339 4191 1723 4257 abominabitis
1745 4192 2004 4246 omnibus

419 4266 514 4350 qui
538 4296 662 4334 eum
699 4290 970 4333 noverunt
994 4315 1014 4343 ,
1061 4290 1116 4333 et
1140 4290 1384 4334 suasmet
1419 4282 1776 4350 cogitationes
1808 4283 2006 4336 habeat

2112 3171 2258 3224 τοῦτ’
2288 3173 2450 3241 ἀνὴρ,
2485 3172 2644 3226 τοῦτο
2679 3173 2958 3243 τελειότης
3002 3176 3036 3243 ἡ
3074 3176 3216 3246 παρ’
3244 3162 3402 3247 ἡμῖν,
3433 3179 3464 3246 ἡ
3514 3190 3673 3245 μακα-

2062 3324 2065 3327 _
2114 3264 2301 3335 ριότης
2333 3263 2429 3317 τοῦ
2461 3265 2588 3336 τῇδε
2631 3265 2747 3335 βίου
2768 3279 2784 3295 ·
2816 3268 2898 3320 ὅτι
2934 3267 3154 3337 σεμνὸν,
3183 3269 3277 3322 ὅτι
3300 3270 3477 3339 μέγα.
3507 3268 3609 3321 Καὶ
3630 3266 3674 3317 εί

2111 3355 2283 3407 ταῦτα
2332 3355 2508 3425 ἀληθῆ
2534 3392 2550 3417 .
2596 3356 2715 3419 πῶς
2770 3358 2832 3408 οὐ
2891 3357 3032 3426 μέγα
3068 3358 3397 3428 ἄνθρωπος,
3427 3360 3562 3412 κατὰ
3587 3357 3676 3425 τὴν

2110 3447 2360 3516 Γραφὴν,
2409 3447 2638 3515 ἀγαθοῖς
2682 3447 2865 3518 ἔργοις
2912 3451 3124 3519 χαίρων
3166 3468 3182 3517 ;
3231 3452 3344 3504 Καὶ
3382 3448 3674 3504 τούναντίον

2110 3537 2318 3607 φαῦλόν
2373 3554 2449 3602 τι,
2494 3541 2522 3591 ὁ
2577 3539 2680 3610 τὴν
2731 3540 2936 3593 κακίαν
2967 3541 3310 3611 ποιούμενος
3341 3542 3521 3612 ἐαυτῷ
3551 3541 3673 3609 βίον⁸

2108 3630 2185 3683 ὢν
2240 3631 2342 3699 μὲν
2397 3631 2841 3702 ἀπεχθανόμενος
2871 3634 2964 3686 κα)⁵
3007 3633 3307 3703 postuma;
3342 3638 3458 3697 τοῖς
3495 3634 3676 3687 είδόσιν

2107 3723 2272 3775 αὐτὸν
2298 3722 2527 3789 ἅπασιν,
2554 3722 2634 3775 ὢν
2661 3723 2718 3775 δὲ
2742 3725 2838 3777 καὶ
2861 3725 2988 3787 τοὺς
3012 3723 3322 3794 λογισμοὺς
3354 3724 3679 3795 κεκτημένος

2109 3814 2301 3885 ὥσπερ
2334 3814 2620 3884 ἐλέγχους,
2672 3817 2767 3868 καὶ
2793 3815 2854 3868 τδ
2885 3816 3126 3880 συνειδὸς
3159 3818 3395 3884 δικάζον
3420 3814 3675 3872 ἀδέκαστά

2107 3923 2167 3959 τε
2196 3908 2294 3959 καὶ
2321 3907 2701 3977 ἀπαραίτητα.
2741 3906 2871 3959 Ὅτε
2936 3907 3116 3961 τοίνυν
3145 3911 3309 3964 ταῦθ’
3345 3908 3521 3972 οὓτως
3552 3907 3674 3976 ἔχει,

2107 3997 2355 4068 δηλονότι
2390 4000 2606 4066 πέφυκε
2650 3997 2797 4061 ἄπας
2829 3997 3120 4068 ἄνθρωπος
3149 3994 3297 4054 εἶναι
3335 4002 3435 4070 μὲν
3465 3997 3676 4070 μισοπό-

2107 4103 2297 4158 νηρος,
2341 4081 2482 4142 εἶναι
2519 4088 2575 4141 δὲ
2611 4087 2905 4156 φιλόκαλος
2936 4107 2945 4121 ·
2988 4091 3082 4142 καὶ
3109 4091 3431 4161 συμφώνως
3477 4090 3677 4160 ἔχουσιν

2107 4178 2368 4240 ἅπαντες,
2399 4178 2482 4231 ὅτι
2514 4177 2680 4231 καλὸν
2718 4179 2750 4248 ἡ
2787 4178 2984 4248 ἀρετὴ,
3018 4181 3113 4232 καὶ
3143 4183 3325 4236 κακὸν
3356 4185 3389 4253 ἡ
3430 4178 3673 4248 πονηρία.

2110 4270 2242 4339 Περὶ
2274 4268 2333 4320 δέ
2387 4269 2484 4329 τὰς
2517 4268 2726 4338 κρίσεις
2776 4267 3241 4339 διαμαρτάνουσι,
3282 4272 3385 4326 καὶ
3414 4268 3678 4342 διαιροῦν-

422 4372 573 4427 velut
619 4370 851 4433 indices,
891 4373 1176 4439 ipsamque
1218 4372 1639 4434 consdentiam,
1682 4373 2005 4442 incorrupte

2113 4376 2199 4413 ται
2229 4361 2358 4421 τοὺς
2403 4360 2575 4427 βίους,
2622 4361 2780 4413 ἐνίων
2826 4362 3149 4431 ἡγουμένων
3181 4366 3247 4416 τὸ
3284 4367 3464 4419 κακὸν
3494 4364 3680 4431 ἀγαθὸν

423 4476 721 4530 severeque
748 4461 1132 4530 judicantem?
1173 4461 1432 4515 ll.cccum
1465 4463 1536 4516 ita
1572 4466 1706 4529 sint,
1739 4464 1994 4519 nimirum

2113 4447 2266 4516 εἶναι,
2296 4452 2374 4523 τῷ
2395 4454 2495 4514 τὰς
2540 4453 2739 4516 κακίας
2785 4459 2904 4517 ταῖς
2935 4458 3160 4523 ἀρεταῖς
3187 4458 3680 4529 παραπεπηγέναι,

422 4568 451 4605 a
480 4562 673 4606 natura
702 4556 780 4606 sic
801 4552 978 4606 munis
1010 4553 1171 4606 homo
1193 4562 1543 4621 comparatus
1569 4563 1651 4607 est
1681 4564 1739 4608 ιιι
1794 4556 1997 4625 impro-

2113 4545 2201 4598 καὶ
2229 4546 2308 4616 τῷ
2341 4548 2409 4600 τὰ
2453 4547 2770 4625 φαυλότατα
2808 4550 3060 4617 μετέχειν
3110 4550 3367 4615 ἀγαθοῦ,
3399 4551 3478 4615 ὡς
3496 4548 3683 4601 θεόθεν

420 4645 645 4697 bitatem
678 4644 879 4707 oderit,
907 4652 959 4696 ct
1000 4644 1212 4696 honesti
1246 4645 1427 4697 studio
1462 4653 1744 4709 teneatur;
1773 4662 1996 4701 omnes-

2113 4640 2464 4709 ὖπηργμένα.
2503 4640 2683 4709 Ὅπερ
2711 4622 2919 4711 ’ἀπατᾷ
2964 4644 3090 4703 τοὺς
3136 4642 3411 4705 πολλοὺς,
3442 4643 3541 4696 καὶ
3567 4641 3684 4702 τοὺς

422 4750 531 4804 que
556 4736 930 4799 consentiunt,
959 4735 1210 4787 virtutem
1232 4749 1353 4787 esse
1377 4749 1486 4786 rem
1506 4733 1702 4788 bonam
1732 4743 1785 4788 et
1805 4736 2004 4805 impro-

2113 4730 2186 4799 μὴ
2216 4730 2586 4797 προσέχοντας
2617 4728 2826 4796 θέλγει,
2854 4730 2949 4783 καὶ
2996 4730 3133 4799 πρὸς
3166 4731 3273 4800 τὴν
3317 4733 3506 4785 αὐτῶν
3541 4727 3686 4782 ἀπώ-

419 4824 665 4885 bitatem,
684 4825 903 4875 malam.
921 4821 977 4874 In
992 4821 1287 4891 judicath
1307 4835 1433 4874 vero
1454 4820 1738 4885 falluntur,
1761 4822 1998 4877 diversa-

2113 4822 2257 4872 λειαν
2285 4821 2464 4885 ἐλκον,
2502 4822 2816 4891 παρασύρει
2866 4838 2924 4872 τε
2983 4825 3079 4873 καὶ
3120 4820 3406 4888 λωϐᾶται,
3442 4821 3685 4888 καθάπερ

420 4931 528 4984 que
547 4915 756 4968 vivendi
778 4928 974 4983 genera
996 4913 1354 4975 constituunt,
1385 4913 1513 4965 dum
1535 4913 1702 4981 aliqui
1728 4914 1872 4981 quod
1892 4928 2006 4965 ma-

2113 4915 2241 4982 ἡμῖν
2279 4915 2496 4983 εἴρηται
2530 4916 2810 4983 καταρχὰς
2858 4914 3039 4973 εὐθύς.

419 5010 533 5063 lum
557 5017 664 5069 est,
687 5007 886 5061 bonum
911 5022 1032 5061 esse
1052 5014 1340 5076 propterea
1374 5014 1586 5074 putant,
1604 5006 1746 5074 quod
1770 5005 1903 5058 vitia
1920 5005 2212 5057 virtutibus
2234 5008 2569 5069 adhaereant,
2595 5022 2656 5060 ac
2678 5006 2924 5074 pessimae
2945 5022 3162 5077 quoque
3191 5023 3285 5062 res
3307 5008 3441 5063 boni
3470 5003 3688 5078 partici-

320 5136 325 5143 -
416 5120 513 5174 pes
538 5105 667 5169 sint,
685 5105 830 5163 velut
848 5119 873 5155 a
897 5102 1005 5155 Deo
1024 5100 1254 5156 conditae
1275 5119 1287 5155 :
1308 5100 1454 5169 quod
1487 5114 1617 5153 sane
1636 5100 1948 5166 complures
1974 5099 2193 5167 decipit,
2220 5101 2591 5168 anitnumqum
2625 5113 2730 5151 non
2758 5099 3103 5154 advertentes
3122 5101 3431 5167 demulcet,
3450 5119 3515 5156 ac
3544 5099 3692 5170 pelli-

419 5205 569 5258 cieus
614 5201 682 5255 ad
727 5201 968 5270 ipsorum
1015 5199 1293 5254 interitum
1339 5208 1679 5250 transversos
1733 5196 1873 5263 rapit
1920 5204 1974 5249 et
1993 5195 2275 5266 depravat,
2324 5197 2786 5264 quemadmodum
2815 5196 2883 5249 ab
2915 5196 3069 5253 initio
3098 5197 3287 5251 statim
3340 5216 3369 5250 a
3408 5199 3572 5253 nobis
3611 5204 3692 5251 est

418 5294 739 5349 indicatum.

2737 5354 2952 5407 ΛΟΓΟΣ
2979 5356 3052 5409 Ι’¹.

2098 5448 2235 5517 Περὶ
2292 5446 2697 5517 προαιρέσεως
2752 5446 2873 5517 ,καὶ
2916 5446 3201 5500 ἑκουσίου
3228 5462 3243 5478 ⁸
3278 5450 3390 5504 καὶ
3457 5451 3549 5504 ὅτι
3586 5451 3698 5504 οὐκ

2166 5515 2234 5570 ἐκ
2266 5527 2531 5585 φύσεως,
2560 5515 2703 5569 οὐδὲ
2728 5516 2955 5579 ἔξωθεν
2984 5521 3016 5571 ό
3055 5519 3269 5583 κακὸς,
3311 5524 3513 5587 αὐτὸς
3548 5519 3694 5576 ἀλλ’

2168 5587 2360 5652 ἑαυτῷ
2387 5592 2580 5643 αἳτιος
2610 5589 2861 5655 γίνεται.

2170 5679 2447 5730 Δέδεικται
2498 5680 2617 5747 μὲν..
2648 5677 2719 5740 ὡς
2757 5678 3019 5747 ἠγοῦμαιν
3042 5678 3102 5731 τδ
3139 5682 3535 5750 προκείμενον
3563 5680 3696 5752 ἡμῖν

2102 5772 2328 5835 ἱκανῶς,
2358 5772 2451 5824 καὶ
2493 5787 2666 5839 πνρας
2698 5769 2725 5820 ὁ
2760 5769 2915 5836 λόγος
2947 5769 3134 5839 εἴληφε
3164 5772 3466 5841 προσῆκον
3515 5768 3690 5840 αὐτῷ’

1039 5356 1297 5413 ΟΒΛἸἹΟ
1334 5356 1427 5411 111.

416 5456 492 5509 De
570 5456 878 5518 electione,
959 5455 1124 5521 deque
1198 5451 1543 5509 voluntario,
1641 5458 1751 5501 tum
1846 5450 1991 5519 quod

485 5530 657 5578 malus
723 5540 824 5575 non
869 5535 1061 5575 natura
1109 5538 1200 5575 nec
1247 5522 1593 5585 extrinsecus,
1661 5527 1748 5571 sed
1787 5528 1990 5572 suamet

480 5598 591 5663 ipse
620 5595 775 5662 culpa
797 5595 864 5646 sit
886 5600 1082 5644 malus.

486 5685 649 5746 Satis,
669 5684 884 5752 opinor,
908 5691 1183 5734 ostensum
1216 5681 1460 5749 estquod
1520 5681 1855 5749 propositum
1890 5695 1988 5731 no-
2029 5682 2035 5690 '

411 5774 705 5836 ωορκ-αι,
765 5774 1034 5840 linetnqne
1109 5773 1212 5826 sibi
1278 5773 1689 5827 convenientem
1743 5782 1990 5828 assecuta
