3920 6200
280 335 383 398 ιει

1591 312 1875 377 ontrto
1915 298 2033 371 ru.

3428 308 3531 368 42?.

274 451 397 499 ἔστι
438 446 494 500 δὲ
528 446 719 499 λοιπὶν
775 444 962 512 φάναι,
1022 441 1164 495 Stati
1218 441 1266 491 οἰ
1325 438 1423 507 μὲν
1475 437 1669 494 τοῦτο.
1702 436 1751 487 οἱ
1790 432 1846 483 δέ

1967 423 2145 477 πιιιὶο.
2194 422 2399 483 ιιι-εισι,
2428 431 2484 475 ιιι
2513 436 2849 490 exponamus
2890 420 3243 491 quamobrem
3297 422 3362 475 de
3409 423 3536 490 qui-

276 542 463 592 ἰκεῖνο
494 537 787 607 γινόμεθα,
831 538 961 604 μιᾶς
1000 535 1166 605 τιμῆς
1210 532 1305 587 καὶ
1358 530 1573 601 φύσεως
1609 527 1854 598 ἠξιωμέο

278 650 386 684 νοι.
414 632 523 683 Καὶ
561 630 764 696 φαμὲν,
796 628 885 681 διὰ
908 630 1006 698 τὴν
1042 626 1368 695 προαίρεσιν
1400 622 1593 692 μόνην.
1624 619 1714 687 Τῷ
1749 618 1856 686 γὰρ

278 722 478 790 ἀγαθῷ
507 720 745 774 ἐθέλοντι
785 715 952 780 εἶναι,
1000 719 1097 770 καὶ
1126 715 1363 783 τάγαθὸν
1397 713 1670 774 διώκοντι,
1703 709 1857 762 οὐδέν

277 832 335 866 τι
370 814 481 865 τῶν
526 813 746 866 πάντων
776 810 1011 879 κώλυμα
1049 809 1225 871 ἔσται,
1249 807 1322 867 ὡς
1356 805 1428 875 μὴ
1461 799 1604 856 εἶναι
1637 799 1851 869 ἀγαθῷ.

292 902 440 956 Ἀλλ’
467 902 530 953 οὑ
561 901 747 953 δικαία
767 900 1101 970 παραίτησις
1124 895 1201 963 τῷ
1229 893 1304 965 μὴ
1336 893 1859 962 σπουδαίῳδγεγενη-

285 997 461 1063 μένῳ.
514 992 687 1045 Ἐκὼν
723 991 831 1061 γὰρ
873 985 1013 1043 εἶναι
1071 990 1129 1041 οὑ
1183 988 1450 1054 γίγνεται.
1498 985 1563 1040 Εί
1616 985 1722 1052 γὰρ
1762 982 1860 1035 καὶ

283 1087 463 1139 πολλὰ
488 1087 618 1156 ἡμῖν
645 1085 936 1152 ἐπιφύεται
958 1082 1064 1135 τῶν
1100 1080 1313 1141 δεινῶν,
1344 1078 1534 1147 ὥσπερ
1574 1076 1858 1143 αὐτόματα

283 1181 379 1232 καὶ
422 1176 723 1243 αὑτὸμολα·
756 1174 873 1226 ἀλλ’
900 1172 1052 1226 οὐδὲν
1085 1171 1267 1224 αὑτῶν
1292 1170 1470 1240 ἂνεῖη
1502 1167 1647 1220 οὕτω
1685 1165 1856 1235 βιαιὸ-

280 1287 451 1321 τατον
508 1268 602 1320 καὶ
658 1266 1159 1335 τυραννικώτατον,
1209 1262 1284 1323 ὡς
1325 1261 1548 1328 καὶτῆς
1584 1257 1859 1327 θελήσεως

278 1363 443 1431 ἡμῶν
468 1360 653 1428 ἄρξαι.
686 1356 785 1426 Εῖη
810 1356 918 1426 γάρ
948 1354 1013 1407 ἂν
1039 1352 1210 1423 ταύτῃ
1233 1368 1296 1418 γε
1332 1352 1394 1421 δή
1424 1368 1538 1412 πως
1573 1348 1859 1419 ἀνῃρημέ-

279 1471 375 1506 νον
418 1454 556 1521 ἡμῖν
582 1449 677 1503 καὶ
704 1446 764 1501 τὸ
799 1444 1170 1509 αὐτεξούσιον,
1210 1442 1284 1506 ὡς
1312 1442 1414 1495 κάν
1447 1440 1524 1512 τῷ
1562 1441 1665 1507 πρὸ
1704 1437 1856 1491 τοῦδε

286 1545 426 1612 ἡμῖν
467 1541 687 1612 εἴρηται
731 1538 896 1607 λιίγῳ.
928 1537 1039 1604 Τῆς
1073 1536 1127 1588 δὲ
1161 1534 1536 1604 προαιρέσεως
1571 1533 1646 1601 μὴ
1681 1528 1860 1583 νοσού-

283 1651 428 1700 σης.
484 1631 625 1700 μηδέ
680 1627 1044 1696 δουλὶυθείσης
1094 1623 1368 1687 καθάπαξ,
1405 1623 1511 1675 κᾶν
1542 1623 1570 1675 ὃ
1611 1638 1661 1673 τι
1696 1618 1857 1673 πάθοι

277 1726 459 1777 κακὸν
488 1726 550 1775 τὸ
583 1720 738 1789 σῶμα
759 1760 773 1781 ,
816 1718 969 1771 οὐδὲν
1014 1717 1174 1786 ἡμῶν
1207 1714 1459 1782 ἐμποδὼν
1490 1713 1666 1775 ἔσται,
1713 1710 1857 1764 ὥστε

280 1815 515 1882 ἀγαθοῖς
562 1807 724 1864 εἶναι.
772 1809 875 1862 Καὶ
910 1807 1062 1876 δηλοῖ
1098 1806 1165 1858 τὰ
1210 1806 1319 1858 τῶν
1354 1804 1525 1872 ἁγίων
1557 1804 1857 1873 σκάμματα

286 1906 623 1975 νενικηκότα
658 1904 766 1955 πᾶν
812 1901 1007 1969 βίαιον.
1038 1899 1329 1965 Συνίστησι
1354 1896 1409 1949 δέ
1450 1913 1540 1965 μοι
1573 1895 1665 1948 τὸν
1703 1895 1859 1962 λόγον

282 2000 383 2051 καὶ
422 1995 760 2049 τούναντίον.
795 1993 868 2046 Τὸ
904 1990 1014 2060 γάρ
1048 1990 1320 2048 ἀκουσίως
1369 1987 1531 2039 καλὸν
1577 1988 1751 2039 ποιεῖν
1798 1987 1858 2039 οὑ

283 2089 550 2156 στεφανοῖ
592 2086 715 2147 τοὺς
790 2081 1216 2152 ἐργαζομένους.
1286 2080 1359 2131 Τὸ
1417 2078 1595 2131 τοίνυν
1659 2078 1860 2133 ἄκοντα

291 2182 493 2239 ποιεῖν,
536 2179 566 2247 ἢ
606 2177 837 2245 πάσχειν
866 2186 917 2227 τι
963 2173 1037 2243 μὴ
1068 2171 1416 2241 βουλόμενον,
1452 2168 1575 2222 οὔτε
1621 2169 1860 2237 ἀγαθοὺς

289 2270 465 2338 ἡμᾶς,
504 2267 614 2319 ἀλλ’
647 2267 765 2318 οὑδὲ
794 2263 1032 2333 φαύλους
1057 2263 1357 2333 ἐργάζεται
1381 2274 1397 2290 ο
1431 2260 1508 2329 τῷ
1538 2259 1581 2312 δ’
1615 2260 1855 2329 ἑκουσίῳ

289 2361 591 2428 θελήματι,
639 2360 773 2425 ὅπερ
807 2356 922 2408 ἐστὶ
963 2355 1070 2407 τῶν
1100 2354 1184 2422 ἐφ’
1210 2356 1362 2423 ἡμῖν,
1397 2352 1493 2405 καὶ
1516 2351 1617 2404 οὑκ
1644 2352 1857 2421 ἠργμέ-

284 2471 379 2504 νον
412 2452 635 2515 ἔξωθεν,
671 2449 780 2501 οὐδ’
816 2447 1154 2516 ἐπαγόμενον
1218 2444 1463 2509 ὁθενοῦν,
1520 2444 1723 2512 ἀγαθὸς
1766 2445 1862 2498 καὶ

291 2543 373 2610 μὴ
405 2539 650 2600 τοιοῦτος
704 2539 937 2600 ἕκαστος
966 2538 1201 2605 γίνεται.
1237 2537 1399 2588 Ὥστε
1432 2536 1493 2588 τὸ
1534 2538 1644 2587 πᾶν
1677 2538 1739 2587 ἐκ
1762 2535 1860 2603 τῆς

286 2633 692 2702 προαιρέσεως.
727 2629 874 2699 Πλὴν
934 2632 962 2682 ὁ
1004 2628 1209 2694 φαῦλος
1252 2628 1419 2680 θέλων
1452 2621 1860 2693 εἷναι,γέγονεν

285 2718 455 2781 εὐθὺς
502 2721 569 2789 τῇ
610 2718 851 2786 θελήσει,
896 2719 999 2771 κᾶν
1030 2717 1201 2787 μηδὲν
1250 2717 1552 2786 ἐργάσηται
1603 2716 1709 2768 τῶν
1757 2734 1858 2768 κα-

283 2811 425 2866 κῶν.
480 2811 763 2879 Ἀρκέσειε
817 2809 925 2880 γὰρ
989 2809 1054 2862 ἂν
1103 2803 1243 2861 εἶναι
1298 2808 1505 2872 κακὸν,
1560 2808 1635 2876 τῷ
1685 2807 1860 2859 θέλειν

281 2906 513 2958 ἀπεῖναι
547 2902 640 2955 τοῦ
672 2902 901 2970 ἀγαθοῦ.
936 2902 1042 2953 Καὶ
1079 2900 1241 2954 τοῦτο
1278 2900 1498 2967 εὔλογον
1530 2895 1707 2969 οἶμαι.
1751 2900 1861 2953 Καὶ

282 2998 401 3065 γάρ
427 2995 561 3048 αὑτὸ
595 2994 656 3048 σὺ
684 2994 856 3047 κακὸν
890 2995 955 3064 τῇ
984 2993 1229 3064 ἀπουσίᾳ
1260 2992 1353 3046 τοῦ
1386 2991 1553 3045 καλοῦ
1589 2992 1858 3063 ὑπάρχειν

1960 517 2189 571 busdam
2220 532 2249 569 e
2280 517 2433 570 nobis
2459 518 2559 570 hoc
2580 516 2686 579 fiat,
2730 515 2859 569 illud
2892 531 2957 569 ex
2984 516 3129 579 aliis,
3164 530 3287 569 cun-
3334 524 3513 567 tamen

1959 607 2125 662 unius
2163 607 2442 676 dignitatis
2468 615 2521 660 et
2550 616 2757 660 natura:
2787 608 2982 661 simus.
3016 606 3093 660 Ac
3154 605 3385 661 dicimus
3433 606 3540 658 hoc

1962 698 2079 753 ﬁeri
2143 700 2314 753 solius
2381 698 2660 778 electionis
2724 699 2951 752 ratione.
3012 696 3146 751 Nam
3206 698 3298 767 qui
3365 697 3541 750 bonus

1946 807 2080 861 esse
2101 792 2235 855 vult,
2272 791 2527 861 quodque
2581 792 2783 844 bonum
2822 799 2904 845 est
2952 799 3214 853 sectatur,
3269 789 3343 842 illi
3404 789 3539 851 nihit

1958 882 2179 935 omnino
2207 896 2328 936 esse
2354 880 2738 949 impedimento
2761 887 2935 948 potest
2987 879 3278 947 quominus
3326 878 3395 931 sit
3443 876 3539 929 ho-

1960 986 2084 1024 nus.
2110 968 2222 1024 Nec
2248 971 2295 1023 ei
2345 971 2440 1039 qui
2465 985 2569 1025 non
2611 969 2784 1023 evasit
2814 969 2868 1021 in
2911 968 3087 1021 virum
3142 965 3538 1033 bonum,.jusla

1959 1061 2498 1129 superatexcusatio.
2533 1057 2665 1113 Nam
2691 1060 2792 1113 hoc
2816 1059 3016 1111 volenti
3043 1056 3328 1123 contingit.
3360 1056 3543 1119 Quan-

1959 1166 2122 1219 quam
2155 1152 2296 1204 enim
2334 1153 2501 1204 multa
2534 1151 2648 1205 dira
2681 1151 2998 1220 graviaque,
3030 1149 3177 1202 velut
3202 1163 3267 1201 ex
3296 1162 3351 1200 se
3370 1147 3543 1199 ultro-

1957 1259 2065 1313 que
2094 1244 2383 1304 venientia,
2428 1259 2528 1297 nos
2554 1243 2900 1305 adoriuntur,
2926 1249 3103 1294 tamen
3138 1239 3343 1292 mdium
3365 1253 3431 1291 ex
3461 1236 3544 1291 eis

1958 1335 2093 1389 adeo
2128 1334 2424 1388 violentum
2459 1344 2624 1403 atque
2669 1333 3018 1404 tyrannicum
3063 1332 3247 1395 fuerit,
3296 1330 3539 1383 utetiam

1960 1425 2014 1479 in
2050 1425 2382 1478 voluntatem
2432 1433 2676 1478 nostram
2736 1424 3021 1492 imperium
3078 1430 3368 1486 exerceat;
3415 1433 3541 1472 nam

1968 1517 2266 1586 caateroqui
2301 1518 2461 1572 nobis
2526 1517 2642 1585 ipsa
2676 1516 2897 1569 libertas
2942 1500 3238 1568 voluntatis
3263 1523 3537 1567 evertere—

1960 1619 2069 1672 tur,
2124 1609 2269 1663 sicut
2322 1608 2375 1661 in
2444 1609 2694 1662 oratione
2757 1609 2858 1662 hac
2926 1606 3267 1676 praecedente
3328 1604 3539 1660 dictum

1959 1708 2063 1756 est.
2093 1699 2247 1765 Quod
2282 1700 2329 1755 si
2387 1701 2555 1754 animi
2593 1701 2790 1755 electio
2821 1700 2971 1753 nullo
3016 1699 3225 1752 laboret
3255 1698 3407 1763 vitio,
3441 1712 3542 1750 nec

1961 1807 2188 1862 prorsus
2216 1792 2268 1845 in
2306 1792 2621 1846 servitutem
2652 1791 2868 1846 redacta
2901 1793 2993 1853 sit,
3022 1791 3384 1859 quodcunque
3415 1798 3540 1841 tan-

1960 1884 2081 1938 dem
2112 1885 2313 1938 malum
2371 1884 2627 1939 acciderit
2681 1882 2921 1951 corpori,
2960 1882 3184 1933 minime
3244 1879 3400 1934 nobis
3437 1883 3543 1933 erit

1961 1976 2355 2045 impedimento
2417 1976 2717 2046 quominus
2778 1974 2904 2027 boni
2965 1973 3158 2027 simus.
3208 1973 3544 2041 Argumenta

1965 2074 2096 2120 sum
2129 2067 2370 2120 virorum
2406 2075 2716 2119 sanctorum
2760 2071 3079 2122 seammata,
3145 2076 3264 2128 qua:
3324 2075 3544 2113 omnem

1961 2158 2275 2212 violentiam
2301 2164 2647 2227 superarunt.
2672 2154 2862 2208 Itidem
2898 2153 3042 2223 quod
3075 2151 3219 2215 dico,
3250 2150 3538 2205 conﬁrmat

1961 2264 2017 2308 et
2044 2254 2093 2307 id
2121 2252 2266 2324 quod
2301 2251 2347 2306 ei
2401 2249 2735 2305 contrariqu
2772 2257 2893 2309 est:
2929 2246 3129 2315 quippe
3194 2258 3298 2296 non
3347 2253 3543 2310 sponte

1962 2344 2108 2412 quod
2134 2344 2334 2398 bonum
2349 2350 2433 2395 est
2458 2339 2655 2399 facere,
2678 2336 2822 2390 nulla
2845 2335 3104 2389 facientes
3131 2347 3328 2387 corona
3351 2332 3540 2385 donat.

1963 2434 2150 2502 Itaque
2198 2433 2283 2486 vel
2309 2431 2537 2485 invitum
2594 2428 2795 2491 facere,
2859 2426 2944 2480 vel
3004 2426 3279 2479 uolentem
3334 2423 3540 2491 aliquid

1962 2525 2072 2594 pati
2099 2539 2274 2594 neque
2302 2538 2401 2578 nos
2434 2523 2607 2577 bonos
2639 2535 2818 2589 neque
2859 2520 3031 2573 malos
3065 2517 3243 2571 efficit.
3270 2515 3539 2571 Nimirum

1964 2617 2238 2670 voluntate
2266 2626 2585 2681 Spontanea,
2615 2628 2735 2682 quae
2795 2618 2991 2666 nostra
3036 2620 3118 2665 est
3145 2609 3197 2663 iu
3252 2618 3541 2678 potestate,

1963 2723 2063 2761 nec
2091 2707 2337 2776 provenit
2361 2707 2722 2763 extrinsecus.
2763 2720 2862 2759 nec
2894 2703 3036 2757 unde
3062 2701 3204 2755 unde
3247 2700 3541 2769 ingeritur,

1970 2799 2205 2869 quisque
2234 2798 2406 2851 bonus
2436 2805 2488 2851 ct
2540 2812 2647 2849 non
2687 2797 2863 2849 bonus
2893 2793 3120 2848 cﬂicitur
3145 2810 3159 2858 ;
3183 2792 3426 2858 adeoque
3458 2805 3544 2845 res

1963 2893 2032 2945 ab
2058 2891 2323 2947 electione
2348 2898 2457 2943 tota
2493 2890 2712 2958 pendet.
2749 2887 2851 2941 Sed
2880 2896 3054 2939 tamen
3081 2885 3171 2953 qui
3208 2886 3383 2938 malus
3418 2899 3541 2938 esse

1962 2983 2097 3045 vult,
2127 2983 2311 3038 statim
2353 2982 2631 3036 voluntate
2669 2981 2728 3033 tit
2776 2977 2974 3041 malus;
3005 2974 3217 3029 etiamsi
3255 2973 3389 3026 nihil
3414 2974 3542 3027 mali

283 3091 509 3150 πάντως
531 3088 701 3149 δοκεῖ,
726 3086 820 3140 καὶ
859 3086 1025 3140 οἱονεὶ
1053 3086 1373 3138 συνίσταται
1402 3085 1659 3156 στερήσει
1696 3088 1854 3156 μόνῃ,

1967 3084 2204 3145 peragat,
2230 3074 2429 3144 quippe
2452 3073 2584 3127 satis
2607 3056 2769 3126 inerit
2794 3071 2861 3124 ad
2883 3070 2984 3123 hoc
3019 3076 3077 3122 ut
3102 3067 3172 3121 sit
3198 3064 3367 3120 malus
3391 3067 3535 3135 quod

284 3182 391 3250 οὐχ
443 3178 586 3242 ἕξει.
632 3178 690 3232 ’0
734 3177 790 3231 δὲ
825 3177 1029 3245 ἀγαθὸς
1076 3176 1252 3245 ἀνὴρ.
1304 3177 1494 3246 ἐπειδὴ
1541 3178 1602 3229 τὸ
1657 3178 1862 3245 ἀγαθὸν

283 3272 498 3323 τέλειον
538 3269 764 3339 (ἀγαθὸς
801 3270 909 3338 γὰρ
936 3270 964 3321 ὁ
993 3269 1148 3332 Θεὸς,
1174 3268 1233 3319 ἐν
1260 3260 1303 3334 ᾧ
1338 3267 1503 3336 μηδὲν
1526 3267 1763 3334 ἀτελὲς),
1801 3269 1861 3319 οὑ

289 3362 557 3430 στήσεται
598 3359 758 3429 μέχρι
814 3358 909 3411 τοῦ
968 3358 1164 3421 θέλειν,
1209 3357 1347 3410 ἀλλὰ
1387 3357 1484 3410 καὶ
1546 3359 1862 3427 περαιτέρω

292 3451 653 3522 προὸἡσεται,
705 3451 799 3502 καὶ
844 3448 1009 3513 δείξει
1060 3449 1151 3501 τὸν
1186 3448 1359 3517 ἄνδρα¹
1413 3449 1598 3512 αὑτοῖς
1655 3448 1861 3517 ἔργοις,

294 3541 573 3595 συνιστῶν
624 3542 736 3601 τοῖς
775 3539 1123 3608 πράγμασιν,
1170 3538 1244 3600 ὡς
1273 3537 1334 3590 τὸ
1366 3537 1544 3591 θέλειν
1575 3539 1775 3608 ἀληθὲς
1804 3542 1863 3591 ἐν

294 3631 473 3700 αὑτῷ,
510 3630 784 3700 μηδεμὲαν
843 3629 1214 3700 κιδδηλότητα
1245 3629 1605 3701 κεκτημένον.
1654 3629 1862 3693 ’Δλλως

295 3724 407 3791 γάρ
444 3723 511 3775 ἂν
537 3721 739 3787 δόξειεν
763 3720 992 3789 ἀγαθὸς,
1045 3722 1147 3775 οὑκ
1174 3720 1291 3775 ἔστι
1321 3720 1378 3774 δὲ
1409 3721 1651 3782 πάντως.
1684 3723 1775 3773 Δεῖ
1800 3722 1863 3792 δὴ

296 3816 424 3874 τοὺς
459 3812 702 3880 ἀγαθοὺς
750 3808 892 3865 εἶναι
941 3812 1345 3877 σπουδάζοντας
1408 3812 1672 3882 μηδαμῶς
1729 3815 1865 3883 πρὸς

297 3907 541 3975 τάγαθὸν
581 3906 816 3968 ἐλλιπῶς
858 3904 1038 3977 ἔχειν·
1077 3906 1195 3959 ἀλλ’
1243 3900 1385 3958 εἶναι
1430 3906 1533 3975 μὲν
1582 3906 1864 3974 ἀκμάζου-

301 4014 399 4050 σαν
436 3998 496 4049 ἐν
528 3996 712 4058 αὑτοῖς
764 3997 859 4049 καὶ
888 3998 1065 4066 ὁρμὴν
1098 3993 1197 4066 τὴν
1242 3996 1378 4065 πρδς
1410 3997 1562 4061 αὑτὸ,
1598 3998 1692 4049 καὶ
1729 4014 1859 4075 προ-

300 4089 525 4158 θυμία-ι,
559 4090 655 4141 καὶ
680 4087 959 4156 βούλησιν,
992 4086 1136 4141 εἶναι
1173 4088 1229 4140 δὲ
1258 4090 1351 4141 καὶ
1377 4087 1579 4155 τρόπον
1618 4088 1867 4141 δεικνύν-

301 4195 398 4240 τας
426 4177 608 4239 αὑτοῖς
646 4179 761 4238 τοῖς
794 4177 981 4245 ἔργοις
1018 4177 1247 4245 ἀδελφὸν
1279 4179 1344 4247 τῇ
1387 4178 1742 4249 προαιρέσει,
1779 4178 1867 4231 ἵνα

306 4268 380 4337 μὴ
433 4267 515 4336 τῷ
566 4268 840 4336 κρείττονι
880 4266 1165 4336 χωλεύωσι
1216 4267 1395 4337 μέρει.
1425 4266 1589 4319 Ὥστε
1630 4265 1688 4319 τὸ
1739 4267 1863 4336 βού-

302 4359 490 4411 λεσθαι
520 4359 680 4425 μόνον
711 4359 808 4427 οὑχ
862 4358 1048 4410 ίκανδν
1084 4357 1328 4423 ἀγαθοὺς
1375 4357 1679 4427 ἀποφῆναι.
1723 4356 1864 4410 Ἀλλ’

1966 3187 1997 3226 a
2027 3174 2169 3225 bono
2202 3179 2444 3224 remotus
2501 3184 2622 3223 esse
2657 3168 2809 3222 velit.
2832 3166 3007 3235 Atque
3050 3164 3152 3217 hoc
3177 3161 3375 3214 rationi
3411 3176 3543 3215 cou-

1966 3273 2282 3317 seutaneum
2321 3271 2489 3330 puto:
2531 3276 2653 3314 nam
2705 3258 2905 3312 malum
2953 3258 3126 3326 ipsqu
3180 3272 3244 3312 ex
3296 3256 3541 3310 absentia

1966 3352 2091 3407 boni
2116 3352 2340 3406 omnino
2386 3351 2599 3405 videtur
2662 3352 2952 3413 exsistere,
2997 3350 3264 3419 quasique
3328 3358 3545 3403 constat
3606 3412 3619 3423 ⁸

1966 3443 2695 3513 privationetantummodo,
2737 3458 2848 3497 non
2898 3442 3109 3496 habitu.
3163 3443 3234 3496 At
3283 3458 3412 3497 vero
3461 3444 3546 3496 vir

1969 3539 2165 3613 bonus,
2193 3552 2317 3589 cum
2353 3536 2497 3605 quod
2554 3535 2755 3589 bonum
2801 3542 2885 3589 est
2933 3527 3232 3603 perfectum
3281 3532 3351 3588 sit
3378 3534 3547 3605 (Deus

1966 3629 2112 3684 enim
2145 3628 2321 3683 bonus
2344 3637 2447 3689 est,
2480 3628 2531 3681 in
2563 3643 2672 3697 quo
2705 3627 2840 3681 nihil
2877 3624 3229 3696 imperfecti),
3267 3642 3372 3680 non
3401 3626 3540 3680 velle

1966 3719 2130 3773 modo
2159 3719 2394 3785 debebit,
2442 3720 2536 3772 sed
2565 3718 2793 3774 ulterius
2820 3734 3040 3789 quoque
3065 3717 3460 3788 progrediatur,
3487 3728 3540 3771 et

1966 3810 2142 3863 virum
2166 3808 2323 3863 factis
2353 3812 2625 3873 ostendet,
2652 3810 2817 3865 rebus
2848 3811 2981 3880 ipsis
3008 3809 3387 3879 comprobaus,
3419 3825 3549 3865 esse

1968 3916 2154 3955 verum
2192 3902 2245 3954 in
2278 3916 2342 3953 eo
2375 3901 2530 3967 velle,
2569 3902 2900 3969 minimeque
2940 3900 3178 3955 fucatum
3210 3916 3224 3955 :
3282 3916 3408 3954 nam
3439 3917 3545 3955 cre-

1968 3991 2176 4059 teroqui
2200 3991 2372 4044 bonus
2394 3990 2688 4055 videbitur,
2711 4004 2834 4044 cum
2866 3991 3087 4045 omnino
3111 4006 3215 4044 non
3245 3991 3315 4047 sit
3336 3992 3536 4045 bonus.

1967 4078 2316 4149 Nequaquam
2378 4090 2545 4146 certe,
2610 4080 2699 4150 qui
2753 4081 2879 4135 boni
2928 4096 3047 4135 esse
3105 4080 3346 4145 student,
3396 4081 3545 4150 quod

1969 4169 2170 4223 bonum
2201 4180 2283 4224 est
2314 4168 2628 4239 imperfecte
2651 4169 2851 4224 debent
2874 4170 3146 4239 amplecti,
3173 4172 3264 4225 sed
3292 4180 3541 4239 vegetum

1969 4260 2025 4315 in
2056 4261 2136 4317 eis
2170 4270 2225 4316 et
2260 4277 2440 4316 acrem
2482 4262 2552 4317 ad
2602 4263 2803 4316 bonum
2846 4279 2966 4317 esse
3000 4272 3213 4333 oportet
3255 4263 3543 4333 impetum,

1971 4364 2023 4407 et
2092 4355 2428 4409 alacritatem
2489 4364 2543 4410 et
2600 4355 2975 4421 voluntatem;
3050 4353 3325 4425 simulque
3386 4355 3548 4410 factis

306 4452 354 4502 εἰ
385 4450 487 4518 μὲν
507 4449 712 4519 ἀληθές
737 4466 794 4501 τε
830 4450 924 4500 καὶ
956 4448 1200 4517 καθαρὸν
1230 4448 1339 4518 εἴη,
1375 4448 1663 4517 ἀρκέσειεν
1696 4446 1763 4500 ἂν
1808 4447 1862 4500 εὑ

1974 4447 2108 4516 ipsis
2136 4462 2317 4502 mores
2355 4447 2603 4501 instituto
2632 4447 2798 4500 animi
2824 4461 3115 4518 germanos
3167 4450 3399 4517 probare
3445 4448 3543 4503 de-

306 4542 598 4612 φρονοῦσιν
652 4542 891 4609 ἀγαθοὺς
952 4540 1317 4610 ἐργάσασθαι.
1367 4541 1481 4593 Καὶ
1535 4540 1626 4591 τὸν
1662 4539 1867 4607 ἀγαθὸν

308 4633 633 4704 βουλόμενον
665 4628 824 4693 εἶναι,
878 4632 1072 4685 τοῦτον
1106 4629 1163 4682 δὲ
1222 4629 1295 4699 μὴ
1354 4626 1532 4696 εἶναι,
1584 4628 1867 4684 ἀδύνατον.

310 4724 537 4793 ’Βψεται
589 4722 696 4792 γὰρ
745 4722 838 4775 καὶ
886 4721 948 4773 τὸ
990 4723 1257 4789 ἐνεργεῖν.
1301 4721 1360 4773 Ὀ
1392 4720 1449 4772 δὲ
1481 4719 1645 4783 κακὸς
1678 4721 1869 4791 βουλό-

310 4829 465 4880 μενος
510 4807 651 4864 εἶναι
696 4812 745 4882 (ὁ
774 4811 934 4878 λόγος
969 4810 1024 4862 δὲ
1069 4811 1203 4879 ἡμῖν
1237 4810 1298 4863 οὑ
1329 4811 1458 4880 περὶ
1493 4809 1874 4879 μελαγχολών-

306 4921 412 4959 των
434 4906 529 4958 καὶ
542 4905 942 4971 τετυφωμένων
962 4901 1059 4955 ἀνθ
1067 4900 1287 4970 ρώπων)
1320 4901 1468 4971 αὑτῴ
1491 4901 1567 4970 τῷ
1587 4900 1841 4971 βεϐουλεῦ
1860 4930 1873 4941 ο

312 4995 428 5048 σθαξ
460 5012 521 5048 τε
551 4998 648 5049 καὶ
670 4994 896 5060 θελῆσαι
924 4995 1126 5049 αὐτίκα
1175 4994 1399 5061 γέγονεν
1432 4994 1680 5063 ἀτεχνῶς
1713 4998 1770 5048 ἐν
1808 4997 1875 5063 τῇ

310 5089 505 5159 καρδίᾳ
539 5087 729 5154 αὑτοῦ,
780 5088 945 5155 φησὶν
992 5087 1019 5137 ὁ
1061 5085 1277 5155 Σωτήρ.
1334 5085 1431 5151 Εῐη
1473 5086 1583 5155 γὰρ
1614 5085 1680 5137 ἂν
1713 5085 1875 5137 τοὺτό

313 5197 395 5248 γε,
424 5180 615 5250 ὥσπερ
648 5181 717 5233 ἂν
746 5179 795 5231 εί
831 5179 901 5231 τὰ
930 5177 1075 5230 κακὰ
1119 5193 1271 5239 ουτος
1298 5176 1457 5239 αὑτὸς
1489 5178 1874 5247 προύκαλεῖτο,

317 5273 410 5326 καὶ
447 5270 913 5341 προσερχομένας
960 5269 1214 5338 ὑπήντα,
1254 5266 1349 5320 καὶ
1408 5269 1597 5337 χερσὶν
1657 5269 1874 5331 ὑπτίαις

320 5362 738 5435 ὑπεδέχετοκτὺ
772 5361 881 5433 γὰρ
924 5361 1197 5432 ἐμῦλέψαι
1228 5360 1364 5429 πρὸς
1410 5361 1471 5412 τὸ
1503 5361 1869 5431 ἐπιθυμῆσαι,

318 5451 469 5506 τοῦτὸ
500 5455 650 5506 ἐστιν
676 5453 941 5524 ἄντικρυς
970 5454 1029 5505 τὸ
1061 5451 1237 5504 θέλειν
1266 5446 1410 5504 εἴναι
1444 5451 1636 5504 κακόν.

1969 4538 2115 4601 bent,
2150 4554 2217 4592 ne
2247 4549 2399 4607 parte
2441 4538 2636 4607 potiori
2674 4538 3004 4593 elaudicent.
3058 4538 3212 4594 Unde
3253 4540 3548 4611 colligitur,

1969 4626 2145 4680 solum
2172 4626 2307 4681 velle
2334 4642 2439 4681 non
2476 4626 2725 4681 sullicere
2758 4626 2826 4683 ad
2850 4628 2950 4682 hoc
2979 4640 3034 4683 ut
3068 4627 3194 4683 boni
3226 4628 3544 4697 eiliciamur,

1970 4719 2063 4775 sed
2093 4719 2139 4773 si
2170 4734 2354 4773 verum
2397 4720 2785 4790 sincerumque
2814 4719 2952 4775 velle
3011 4720 3101 4788 sit,
3135 4720 3269 4777 satis
3327 4721 3551 4777 habebit

1972 4810 2333 4870 eliicacitatis,
2366 4819 2425 4863 ut
2451 4810 2699 4864 homines
2730 4825 2896 4866 sanos
2927 4826 2991 4866 ac
3045 4812 3339 4879 prudentes
3372 4810 3546 4868 honos

1976 4900 2173 4955 etiieiat
2197 4919 2210 4955 :
2232 4912 2287 4956 et
2310 4909 2414 4956 hoc
2435 4901 2595 4957 modo
2624 4903 2715 4971 qui
2747 4902 2925 4958 bonus
2978 4918 3100 4958 esse
3119 4904 3251 4966 vult,
3284 4904 3403 4958 ﬁeri
3438 4922 3546 4959 non

1977 5007 2150 5065 potest
2175 4996 2306 5064 quin
2334 4995 2509 5050 bonus
2537 4995 2753 5060 evadat,
2782 5008 2904 5050 nam
2928 5006 2980 5051 et
3017 4997 3130 5066 ipsa
3182 4996 3318 5051 facta
3363 5001 3552 5052 subse-

1975 5098 2233 5156 quentur.
2262 5085 2362 5152 Qui
2396 5099 2576 5141 autem
2612 5087 2723 5140 vult
2754 5102 2877 5141 esse
2908 5086 3085 5141 malus
3122 5088 3417 5157 (loquimur
3452 5104 3553 5141 au-

1977 5187 2083 5232 tem
2125 5193 2230 5232 non
2258 5180 2324 5233 de
2357 5178 2669 5232 hominibus
2695 5178 2904 5231 insanis
2934 5187 2985 5231 et
3014 5178 3407 5247 lymphatieis),
3434 5179 3549 5247 ipsa

1979 5271 2379 5323 consultatione
2419 5285 2481 5323 ac
2511 5268 2789 5323 voluntate
2827 5268 2999 5335 nquius
3029 5270 3211 5322 statim
3263 5269 3437 5323 factus
3466 5277 3551 5322 est

1980 5360 2143 5413 dubio
2173 5360 2355 5428 procul
2378 5360 2428 5412 iu
2453 5360 2615 5413 corde
2652 5376 2771 5425 suo,
2799 5360 3254 5429 quemadmodum
3289 5360 3403 5429 ipse
3430 5358 3548 5415 Sal-

1981 5461 2136 5504 vator
2172 5452 2270 5504 ait.
2310 5450 2518 5503 Etenim
2548 5452 2651 5504 hoc
2691 5450 2913 5520 perinde
2950 5450 3115 5505 fuerit
3140 5458 3301 5520 atque
3327 5450 3371 5504 si
3408 5452 3549 5505 mala

321 5540 544 5613 ipsemet
575 5554 893 5609 arcesseret,
925 5554 976 5601 et
1005 5545 1390 5600 accedentibus
1439 5557 1749 5601 occurreret
1789 5549 2148 5616 manibusque
2194 5545 2406 5617 supinis
2459 5560 2517 5599 ea
2552 5546 2870 5613 susciperet.
2933 5544 3064 5599 Nam
3124 5547 3174 5600 in
3233 5549 3333 5601 hoc
3406 5551 3550 5617 aspi-

323 5647 457 5696 cere,
490 5645 548 5687 ut
575 5635 956 5702 concupiscas,
1006 5636 1057 5687 id
1092 5649 1219 5689 vero
1279 5650 1502 5703 prorsus
1542 5646 1623 5690 est
1688 5639 1891 5691 malum
1934 5653 2053 5692 esse
2086 5638 2242 5690 velle.

397 5725 533 5778 Ἀλλ’
572 5725 691 5779 οὑδὲ
722 5727 897 5778 ἐκεῖνο
925 5725 1282 5795 ἀνέγκλητον,
1318 5726 1462 5794 ἔχειν
1500 5725 1599 5796 μὲν
1626 5728 1683 5781 ἐν
1712 5727 1785 5799 νῷ
1821 5730 1877 5781 τὸ

2060 5728 2166 5784 Nec
2208 5729 2336 5783 illud
2370 5747 2585 5800 quoque
2653 5731 3071 5801 repitlit‘nsione
3136 5743 3302 5801 caret,
3355 5733 3551 5797 habere
