3850 6200
308 372 412 435 423

1452 362 1868 443 ,MANUELts
1918 364 2355 425 mutorum

3449 365 3548 433 ιει

309 492 531 561 quidem
567 488 618 542 in
645 483 828 539 animo
863 477 1089 538 bonum,
1117 474 1208 529 sed
1242 472 1381 527 adeo
1432 471 1625 542 fragile
1647 487 1791 537 esse,
1825 485 1883 526 ut

1995 474 2210 542 Ξιγαθδν,
2246 470 2385 527 εἶναι
2418 474 2473 527 δὲ
2503 473 2644 530 οὕτω
2671 475 2891 549 σαθρὸν,
2913 476 2989 540 ῶς
3020 479 3131 540 τοῖς
3164 476 3548 550 ἐπιχειρήσου-

312 583 456 638 hanc
492 580 618 634 boni
656 570 1042 641 cogitationem
1072 567 1389 621 subvertere
1425 561 1708 617 conaturis
1734 561 1876 631 idip-

311 689 431 731 sum
456 640 611 725 facile
639 640 782 721 factu
802 660 1154 718 ostendatur:
1182 656 1264 711 vel
1285 671 1314 710 e
1335 650 1611 709 contrario
1627 668 1733 707 non
1757 668 1879 708 esse

311 771 559 833 paratum
594 755 659 811 ad
692 748 1063 808 resistendum
1094 744 1306 798 fortiter
1334 743 1411 797 rei
1466 741 1748 803 nociturae,
1779 753 1883 793 nec

310 858 487 911 factus
530 849 822 905 ostendere
861 858 980 911 qua:
1030 847 1216 893 nostra
1257 837 1309 890 in
1344 843 1618 905 potestate
1666 833 1776 888 sint
1826 843 1879 887 et

308 943 598 1002 electione,
631 934 970 1007 plusbabere
1007 930 1203 983 virium
1226 941 1389 997 quam
1422 925 1607 980 omnia
1640 939 1762 993 quae
1790 937 1883 977 ex-

308 1016 584 1090 trinsecus
629 1027 1003 1083 intenduntur.
1048 1022 1178 1075 Nam
1209 1020 1254 1073 si
1287 1017 1409 1088 quis
1436 1017 1640 1071 bonum
1673 1014 1884 1079 simpli.

309 1129 443 1183 citer
472 1126 543 1178 ita
598 1121 745 1185 velit,
799 1130 1037 1185 cumque
1081 1113 1276 1169 deinde
1312 1111 1469 1167 factis
1509 1108 1879 1181 prastandum

308 1226 413 1279 cst,
458 1214 693 1284 segniter
742 1226 806 1265 ac
857 1208 1189 1277 negligenter
1244 1205 1471 1258 allectus
1522 1204 1615 1267 sit,
1653 1203 1699 1256 is
1753 1214 1882 1255 vero

311 1315 466 1376 longe
524 1314 764 1359 remotus
819 1315 847 1353 a
903 1298 1236 1367 perfectione
1283 1311 1392 1349 non
1435 1294 1669 1365 amplius
1710 1300 1794 1347 est
1828 1291 1881 1344 in

309 1403 471 1459 bono.
504 1400 647 1466 quod
682 1409 813 1449 sane
840 1392 1141 1459 perfectum
1181 1400 1287 1443 est.
1342 1388 1597 1443 Sedenim
1641 1400 1879 1456 quonam

310 1492 408 1542 ba.-
456 1502 613 1557 pacto
680 1485 837 1539 facile
907 1482 1110 1551 possint
1158 1480 1416 1548 effugere,
1468 1479 1612 1533 dicet
1663 1472 1881 1547 aliquis.

308 1583 441 1634 Nam
471 1596 555 1633 res
590 1593 665 1629 ea:
694 1592 812 1643 quae
840 1590 933 1643 per
966 1574 1267 1641 voluptates
1306 1571 1463 1623 nobis
1522 1571 1884 1638 itnponuntct

307 1672 678 1731 lvlandiuntur,
719 1667 943 1719 omnino
977 1680 1082 1716 non
1139 1663 1410 1716 mediocre
1441 1661 1609 1715 robur
1664 1660 1883 1723 habent,

308 1764 384 1816 ιι.ἱ
414 1762 479 1814 de
518 1763 677 1813 rebus
711 1757 843 1822 ipsis
869 1771 1201 1822 cognoscere
1240 1755 1381 1807 Hect.
1418 1754 1571 1806 Alius
1594 1752 1736 1807 cnim
1766 1751 1886 1805 aliis

1984 582 2070 618 σιν
2118 564 2268 639 αὐτῷ
2308 565 2401 618 τὸν
2448 565 2708 637 λογισμὸν
2744 568 3074 639 περιτρέψαι
3115 569 3334 623 εὔκολον
3368 572 3549 635 αὐτοῖς

1982 656 2438 711 ιῐινιιδείκνυιαθιιι⁸
2481 657 2513 727 ἢ
2546 659 2882 721 τούναντίον,
2916 660 2992 732 μὴ
3023 656 3160 715 εἶναι
3194 662 3413 733 ἕτοιμον
3454 666 3549 717 ἀν-

1981 745 2235 814 τιστῆναι
2272 745 2540 813 γενναίως
2569 747 2648 816 τῷ
2679 747 2959 817 βλάψοντι.
2993 751 3088 802 καὶ
3115 751 3285 816 δεῖξαι
3315 755 3426 812 τοῖς
3456 752 3548 822 ἔρα

1982 853 2122 905 γοις,
2151 838 2225 899 ῶς
2258 838 2581 909 ἰσχυρότερα
2613 840 2681 893 τὰ
2732 840 2818 909 ἐφ’
2865 843 2999 911 ἡμῖν
3033 844 3128 896 καὶ
3161 845 3259 913 τῆς
3291 845 3552 915 προαιρέ-

1988 946 2126 992 σεως
2170 928 2280 981 τῶν
2324 929 2523 995 ἔξωθεν
2574 932 2933 1000 ἐπαγομένων
2984 934 3111 1000 ἑξῆς
3153 934 3427 989 ἁπάντων.
3490 935 3552 989 El

1984 1020 2091 1086 γάρ
2138 1036 2220 1082 τις
2273 1021 2447 1073 ἐθέλει
2493 1021 2555 1073 τὸ
2601 1023 2805 1088 ἀγαθὸν
2842 1024 3076 1077 οὑτωσὶν
3115 1025 3327 1087 ἁπλῶς,
3360 1027 3552 1080 ἔπειτα

1985 1110 2184 1179 δεῆσαν
2226 1112 2511 1181 πράττειν,
2538 1113 2567 1164 ὁ
2598 1112 2643 1164 δ’
2682 1112 2960 1184 ὀλιγώρως
2994 1115 3264 1169 διάκειται
3295 1118 3392 1170 καὶ
3420 1120 3553 1185 ἡμε-

1984 1200 2263 1271 λημὲνως,
2285 1203 2420 1256 πολὺ
2441 1201 2540 1272 τῆς
2566 1203 2908 1271 τελειότητος
2926 1205 3191 1275 ὑστερῶν,
3212 1207 3393 1260 οὐκέτ’
3408 1208 3552 1261 ἐστιν

1986 1290 2045 1342 ὲν
2078 1290 2156 1360 τῷ
2180 1290 2389 1359 ἀγαθῷ,
2415 1292 2443 1344 ὃ
2469 1308 2533 1359 γε
2568 1293 2795 1348 τέλειον.
2837 1294 3001 1347 Ἀλλὰ
3022 1297 3140 1359 πῶς
3165 1297 3235 1349 ἂν
3260 1297 3431 1350 ταῦτα
3459 1301 3553 1369 pg-

1988 1384 2117 1447 δίως
2162 1384 2521 1455 διαφύγοιμι;
2558 1388 2712 1456 φησί.
2753 1388 2879 1452 Τοῖς
2913 1388 3023 1459 γὰρ
3069 1388 3156 1442 διὰ
3199 1390 3309 1443 τῶν
3355 1388 3556 1459 ήδοιῶν

1987 1472 2301 1537 ἐξαπατῶσι
2331 1476 2424 1529 καὶ
2455 1477 2810 1531 ύποσαίνουσι
2844 1480 3166 1549 πράγμασιν
3196 1484 3295 1555 ορκ
3323 1482 3555 1550 ἀγεννής

1989 1579 2071 1625 τις
2106 1563 2323 1627 πάντως
2362 1565 2537 1635 ίσχὺς,
2566 1567 2643 1630 ὡς
2672 1568 2780 1620 ἀπὸ
2812 1568 2937 1621 τῶν⁶
2967 1570 3314 1639 πραγμάτων
3359 1573 3559 1639 ἔχομεν

1990 1654 2215 1721 γνῶναι.
2256 1656 2450 1719 Ἀλλος
2492 1657 2604 1728 γὰρ
2658 1658 2842 1722 ἄλλοις
2892 1659 3198 1727 ἁλίσκεται,
3227 1662 3330 1715 κᾶν
3359 1663 3561 1716 ὁπόσον

1994 1746 2123 1820 θέλῃ
2172 1749 2502 1818 φιλοσοφεῖν.
2550 1751 2661 1805 Καὶ
2710 1751 2883 1813 οὐδεὶς
2932 1752 3041 1804 τῶν
3090 1752 3229 1806 ὅλων
3262 1755 3556 1823 ἀνώτερος.

306 1856 539 1918 capitur.
596 1854 1024 1915 quantacunque
1060 1845 1227 1897 animi
1270 1843 1617 1897 contentione
1661 1850 1882 1905 utatur;

1995 1839 2122 1893 Οὐδὲ
2158 1841 2266 1908 ἐγὼ
2306 1843 2504 1911 ῥᾳδίως
2539 1843 2705 1913 φημὶ,
2751 1844 2886 1897 ἀλλὰ
2917 1846 3120 1916 σπουδῇ
3153 1847 3247 1898 καὶ
3288 1849 3558 1917 καρτερίᾳ

306 1962 405 1997 nec
431 1945 720 2012 quisquam
776 1942 1033 1992 omnibus
1084 1948 1167 1990 est
1224 1938 1489 2005 superior.
1526 1936 1603 1989 Ne
1663 1935 1879 2004 quidem

308 2038 421 2101 ipse
461 2034 604 2093 dico,
658 2045 816 2099 posse
844 2029 979 2081 mala
1028 2029 1185 2081 facile
1238 2029 1417 2087 vitari,
1483 2027 1575 2081 scd
1615 2042 1719 2079 non
1778 2026 1881 2080 nisi

310 2127 547 2177 maximo
589 2132 695 2174 tam
728 2121 909 2174 studio
960 2135 1121 2187 quam
1148 2118 1454 2181 tolerantia,
1490 2126 1752 2187 quantum
1785 2116 1885 2170 lto-

308 2218 439 2271 mini
478 2214 557 2268 fas
597 2222 696 2266 cst.
741 2213 907 2280 quue
969 2211 1104 2264 adeo
1154 2226 1341 2262 verum
1398 2218 1500 2271 cst,
1543 2216 1601 2261 ut
1655 2208 1780 2261 licet
1834 2206 1881 2260 ei

310 2309 434 2361 ntali
464 2307 591 2375 quid
642 2303 936 2370 aliquando
993 2301 1273 2364 acciderit,
1339 2317 1443 2353 non
1499 2310 1779 2368 propterea
1815 2298 1886 2353 sit

309 2402 507 2455 malus.
533 2384 768 2456 Ateniin,
802 2395 932 2449 dicit
966 2395 1183 2463 aliquis,
1219 2393 1497 2461 complura
1548 2393 1699 2461 quasi
1749 2405 1887 2460 quoe

308 2490 431 2546 dam
468 2491 593 2545 fuco
634 2490 793 2543 nobis
852 2488 1206 2555 intponcutia,
1270 2500 1481 2553 nosque
1527 2482 1885 2537 demulcendo

308 2583 569 2643 fallentia,
610 2580 855 2634 fortassis
883 2578 1180 2640 evitavero,
1223 2577 1264 2629 si
1306 2576 1580 2644 perpetuis
1613 2588 1695 2627 me
1752 2587 1879 2627 cer-

308 2675 603 2729 taminibus
633 2672 930 2725 addixcro:
968 2685 1150 2723 verum
1184 2669 1227 2723 si
1280 2684 1364 2723 res
1390 2668 1684 2720 admodum
1742 2680 1889 2719 mor-

309 2771 372 2819 da
400 2784 487 2825 es.
519 2770 889 2818 etcxtrcntunt
918 2761 969 2814 itt
1002 2762 1221 2814 tnodum
1259 2760 1526 2814 violentas
1556 2768 1772 2826 tamque
1790 2770 1887 2809 na-

309 2870 429 2912 tura
461 2856 852 2918 formidabiles,
886 2862 941 2907 ut
971 2854 1185 2906 animos
1218 2852 1381 2905 etiam
1438 2851 1550 2905 sola
1582 2850 1665 2904 sui
1705 2848 1885 2903 t’tcor-

309 2951 525 3001 tlatione
552 2949 888 3010 concutiant,
930 2961 1027 3015 per
1077 2958 1213 3012 quas
1255 2957 1471 3007 uxores,
1506 2943 1728 3007 liberos,
1759 2941 1890 2995 cha-

315 3042 532 3093 rissitna
566 3054 817 3108 quaeque,
845 3038 1010 3091 vitam
1061 3037 1235 3107 ipsam
1289 3035 1593 3089 amittimus
1626 3051 1641 3089 :
1679 3035 1762 3088 ha:
1802 3049 1889 3090 res

1988 1931 2219 2004 μεγίστῃ
2241 1932 2307 1985 τὰ
2329 1934 2475 1986 κακὰ
2494 1934 2806 2002 διαφεύγειν
2829 1935 3111 1998 δύνασθαι,
3137 1938 3260 1990 ὅσον
3280 1937 3554 2008 ἀνθρώπῳ

1983 2022 2242 2075 δυνατόν·
2294 2024 2388 2076 καὶ
2421 2025 2698 2099 τοσοῦτον,
2729 2025 2868 2079 ὥστε
2901 2028 2954 2079 εἴ
2982 2045 3082 2080 που
3117 2029 3210 2081 καὶ
3257 2030 3410 2099 ἁλοίη
3453 2048 3561 2084 πα-

1987 2110 2117 2175 θὼν,
2144 2113 2330 2182 μηδιὰ
2358 2092 2719 2174 τοῦτο’κακδν
2744 2110 2905 2170 εἶναι.
2950 2118 3109 2171 Ἀλλὰ
3138 2120 3206 2172 τὰ
3236 2121 3334 2190 μὲν
3361 2092 3552 2185 πολλὰ,

1986 2204 2145 2272 φησὶ,
2178 2205 2288 2257 τῶν
2324 2207 2728 2274 φενακιζόντων
2780 2226 2839 2261 τε
2889 2210 2983 2262 καὶ
3032 2211 3347 2281 κηλούντων
3393 2214 3558 2267 διολι-

1988 2296 2249 2371 σθήσαιμ⁹
2303 2297 2370 2350 ἂν
2429 2298 2578 2363 ῐσως,
2635 2299 2873 2367 ἐμαυτὸν
2948 2301 3195 2365 δεδωκὼς
3248 2304 3558 2376 διηνεκέσιν

1985 2392 2199 2459 ἀγῶσι·
2232 2392 2427 2462 κομιδῇ
2480 2391 2534 2443 δὲ
2591 2391 2894 2461 πράγματα
2945 2394 3214 2465 δακνηρὰ.
3273 2397 3556 2466 βιαιότατα

1991 2481 2092 2550 μὲν
2124 2481 2180 2543 ἐς
2220 2480 2411 2549 ἄκρον,
2440 2481 2579 2532 οὕτω
2609 2480 2666 2533 δὲ
2702 2480 2861 2548 φύσει
2889 2484 3120 2554 φοϐερὰ,
3157 2484 3231 2546 ὡς
3259 2488 3353 2539 καὶ
3384 2488 3559 2542 δονεῖν

1987 2570 2086 2633 τὰς
2114 2569 2295 2639 ψυχὰς
2342 2570 2480 2639 αὐτῇ
2534 2571 2627 2623 καὶ
2663 2571 2801 2643 μόνῃ
2830 2574 2896 2641 τῇ
2933 2576 3145 2647 μνήμῃ,
3174 2575 3244 2627 δι’
3270 2572 3345 2629 ὧν
3374 2581 3561 2644 γυναί-

1988 2679 2113 2727 κας,
2135 2662 2351 2726 παῖδας,
2373 2662 2441 2715 τὰ
2466 2662 2794 2731 τιμιώτατα,
2824 2663 2955 2717 αὐτὸ
2978 2665 3037 2719 τὸ
3067 2669 3165 2738 ζῇν
3187 2668 3558 2739 ζημιούμεθα,

1989 2756 2036 2805 εἰ
2064 2752 2203 2822 μετὰ
2230 2752 2465 2822 σφοδρᾶς
2488 2754 2767 2823 κωμάσειε
2793 2754 2995 2825 ῥύμης,
3023 2759 3137 2822 πῶς
3165 2759 3230 2812 ἂν
3256 2761 3559 2831 ύποσταίηυ

1989 2846 2294 2915 ἀειδήποτε,
2326 2845 2464 2898 ἀλλὰ
2512 2847 2585 2919 μὴ
2617 2848 2967 2901 παντάπασιν
2999 2850 3231 2919 εῐξαιμι,
3256 2856 3351 2905 καῖ⁵
3381 2846 3559 2923 οὗπερ

1991 2939 2058 2994 ἂν
2087 2940 2310 3007 ἀγάγοι,
2335 2938 2639 3009 δεδεμένοις
2667 2940 3052 3010 παραπλήσιον
3082 2942 3387 3013 ὲφεψοίμην
3406 2959 3420 3001 ς
3442 2945 3565 3014 ὲρεῖ

1989 3047 2075 3094 τις
2108 3031 2237 3093 ἴσως
2271 3028 2498 3083 τοιαῦτα
2532 3030 2950 3098 ἀνθυποφέρων.
2991 3028 3309 3086 ’Δκούσεται
3334 3035 3389 3087 δὲ
3424 3034 3562 3105 παρ’

312 3133 477 3201 igitur
511 3133 556 3185 si
614 3133 935 3186 vehemente
987 3144 1112 3183 cum
1151 3129 1350 3197 impetu
1392 3129 1622 3192 irruant,
1646 3141 1885 3196 quonam

1995 3124 2205 3193 ἀνδρῶν
2233 3123 2290 3174 ὲν
2316 3122 2460 3193 λόγῳ
2478 3121 2698 3186 ζώντων
2720 3124 2815 3177 καὶ
2837 3126 3180 3196 γενναιότητι
3202 3142 3217 3158 θ
3241 3126 3406 3205 Οὐδὲν
3434 3126 3566 3182 οὕτε

310 3240 404 3277 cas
432 3231 589 3292 pacto
617 3237 831 3289 semper
852 3220 1185 3284 sustinuero,
1234 3233 1332 3272 nec
1369 3220 1592 3271 omnino
1643 3232 1883 3285 cessero,

311 3330 640 3384 qnocunqtte
673 3313 947 3376 duxerint,
992 3312 1294 3365 vinctorum
1328 3312 1381 3365 in
1435 3324 1639 3364 morem
1698 3310 1888 3363 subse-

276 3422 279 3423 '
314 3407 531 3475 quens?
562 3403 883 3474 Hujusmodi
914 3404 1095 3457 denuo
1132 3404 1284 3456 nobis
1322 3401 1593 3470 objiciens
1617 3400 1885 3470 quispiam

316 3498 547 3549 fortasse
570 3493 875 3564 protulerit.
904 3492 975 3546 At
996 3493 1108 3547 haec
1136 3492 1376 3545 vicissim
1401 3508 1428 3544 a
1482 3493 1608 3546 viris
1633 3508 1696 3544 ex
1751 3506 1888 3561 prae-

315 3591 520 3658 scripto
552 3588 775 3642 rationis
816 3587 1224 3641 ctfortitudinis
1264 3586 1594 3649 viventibus,
1656 3588 1838 3640 audiet
1871 3603 1886 3641 :

315 3683 502 3749 Neque
535 3690 588 3733 ttt
622 3678 918 3748 quidquam
967 3678 1155 3741 sentis,
1193 3693 1364 3746 neque
1414 3678 1571 3742 dicis,
1621 3677 1780 3747 cujus
1802 3677 1886 3731 vel

318 3790 413 3840 per
462 3786 733 3841 somnum,
768 3770 935 3823 oblati
983 3770 1158 3823 virum
1225 3770 1437 3823 ratione
1494 3770 1800 3837 praeditum,
1835 3777 1889 3822 et

318 3868 499 3919 animo
534 3863 679 3926 forti,
719 3878 828 3915 non
861 3863 1053 3915 merito
1103 3861 1380 3929 puduerit,
1417 3872 1470 3914 et
1511 3860 1667 3929 cujus
1722 3874 1886 3913 causa

320 3973 429 4011 non
465 3971 656 4025 poenas
693 3962 1044 4023 experrectus
1075 3952 1187 4019 ipse
1214 3952 1281 4005 de
1332 3950 1509 4019 seipso
1567 3952 1885 4018 sumpserit.

320 4048 451 4101 Nam
487 4046 576 4114 qui
612 4059 802 4113 reapse
860 4042 957 4095 viri
1017 4051 1165 4104 sunt,
1211 4040 1346 4093 nihil
1391 4054 1565 4109 neque
1615 4040 1890 4108 potentius

319 4152 494 4204 neqtte
529 4132 929 4187 formidabilius
947 4133 1264 4187 existimant
1283 4146 1346 4183 eo
1365 4132 1453 4201 qui
1480 4146 1663 4184 revera
1698 4140 1890 4200 potens

323 4234 406 4281 est
431 4241 492 4278 ac
525 4222 923 4285 formidabilis,
971 4222 1135 4275 sicuti
1201 4238 1299 4274 nec
1342 4220 1653 4274 amantibus
1699 4221 1890 4288 pudice

322 4317 621 4385 quidquam
655 4313 942 4366 amabilius
979 4322 1031 4366 ct
1079 4312 1491 4365 dcsidcrabilitts
1549 4304 1732 4365 revera
1773 4311 1892 4381 pul-

323 4407 455 4458 chro
491 4413 543 4456 et
578 4406 742 4456 bono.
777 4402 987 4470 Quippe
1019 4402 1136 4453 dira
1168 4403 1382 4469 quidem
1441 4402 1704 4470 ejusmodi
1763 4416 1891 4458 sunt

1997 3217 2235 3285 φρονεῖς,
2270 3213 2393 3268 οὕτε
2425 3214 2626 3282 λέγεις,
2657 3214 2684 3267 ὃ
2715 3216 2790 3286 μὴ
2819 3217 2923 3269 κᾶν
2951 3216 3083 3286 δναρ
3118 3217 3239 3271 ἰδὼν
3266 3202 3405 3289 ἀνὴρ
3432 3236 3570 3289 μετ-

1994 3308 2134 3378 έχων
2166 3308 2324 3375 λόγου
2376 3308 2470 3361 καὶ
2520 3313 2924 3380 γενναιότητος,
2956 3310 3197 3381 ᾐσχύνθη
3225 3329 3285 3364 τε
3321 3315 3458 3368 πάνυ
3484 3314 3569 3368 δι-

2001 3400 2194 3461 καίως,
2222 3400 2314 3451 καὶ
2357 3399 2514 3469 δίκην
2562 3418 2625 3470 γε
2671 3403 2769 3472 τὴν
2794 3405 3125 3474 γιγνομένην
3152 3405 3571 3477 ἐξεγειρόμενος

1996 3489 2126 3560 παρ’
2151 3489 2308 3551 αὐτὸς
2346 3490 2514 3543 αὑτοῦ
2544 3492 2762 3562 εἴληφε.
2813 3495 2941 3557 Τοῖς
2974 3495 3083 3566 γὰρ
3107 3496 3183 3559 ὡς
3217 3499 3432 3566 ἀληθῶς
3461 3500 3568 3553 ἁν-

1994 3580 2184 3649 δρὰσιν
2204 3579 2356 3633 οὐδέν
2384 3597 2437 3634 τι
2470 3582 2839 3657 δυνατώτερόν
2862 3602 2919 3639 τε
2942 3586 3039 3638 καὶ
3063 3588 3440 3659 φοϐερώτερον
3464 3593 3565 3647 τοῦ

1994 3672 2162 3737 ὅντως
2208 3672 2435 3727 δυνατοῦ
2490 3691 2549 3726 τε
2605 3676 2699 3730 καὶ
2734 3678 3007 3749 φοϐεροῦ*
3042 3681 3230 3753 ῶσπερ
3282 3685 3402 3738 οὐδὲ
3447 3688 3571 3749 τοῖς

1995 3762 2159 3833 ἐρῶσι
2192 3767 2485 3834 σωφρόνως
2516 3766 2931 3840 ἐρασμιώτερόν
2962 3788 3021 3823 τε
3054 3773 3151 3826 καὶ
3180 3773 3567 3847 ποθεινότερον
3641 3778 3651 3787 ”

1995 3855 2091 3906 τοῦ
2123 3854 2294 3919 ὅντως
2318 3873 2380 3919 γε
2409 3856 2577 3910 καλοῦ
2617 3874 2675 3911 τε
2708 3862 2805 3914 καὶ
2832 3862 3063 3931 ἀγαθοῦ.
3108 3867 3267 3920 Δεινὰ
3298 3867 3396 3937 μὲν
3428 3870 3570 3939 γὰρ,

1995 3946 2088 3998 καὶ
2118 3947 2261 4017 πέρα
2306 3948 2494 4002 δεινῶν
2526 3950 2596 4002 τὰ
2625 3952 2851 4007 τοιαῦτα
2876 3971 2890 3985 ·
2923 3955 3095 4010 ἔστων
3140 3958 3198 4011 δὲ
3250 3960 3345 4011 καὶ
3395 3977 3573 4014 κατα-

1998 4035 2200 4105 πλῆξαι
2228 4038 2321 4090 καὶ
2360 4044 2681 4095 κατασεῖσαι
2715 4046 2919 4116 σφόδρα
2950 4048 3226 4119 δυνάμενα
3269 4054 3393 4115 τοὺς
3434 4055 3578 4106 πολ-

1997 4126 2144 4192 λοὺς,
2188 4133 2281 4182 καὶ
2314 4130 2617 4215 ζημιῶσαι,
2671 4136 2835 4189 πάνθ’
2880 4138 3009 4207 ἑξῆς
3047 4142 3186 4210 μετὰ
3215 4143 3309 4196 τοῦ
3364 4146 3466 4216 ζῇν
3500 4149 3578 4202 τὰ

1997 4218 2241 4288 παρόντα
2274 4222 2398 4286 τοὺς
2452 4224 2637 4290 αὐτοῖς
2690 4228 3147 4300 ἀνθισταμένους,
3199 4236 3287 4290 ἵνα
3320 4254 3415 4291 σου
3462 4240 3579 4292 τῶν

1999 4310 2315 4380 ὑπερϐολῶν
2368 4316 2641 4386 μηδεμίαν
2678 4320 3046 4392 ἀφελώμεθα’
3097 4328 3157 4381 ού
3193 4329 3301 4400 μὴν
3345 4332 3575 4388 τοιαῦτά

1998 4419 2059 4468 γε
2093 4402 2219 4456 ὄντα
2254 4404 2448 4475 (ἔστων
2477 4408 2531 4460 δὲ
2558 4410 2652 4462 καὶ
2686 4412 2877 4479 πλείω,
2901 4417 2947 4467 εί
2974 4416 3204 4489 βούλει),
3225 4422 3450 4487 ἀντάξια
3476 4426 3579 4494 δή·

324 4508 377 4550 ct
409 4496 527 4563 plus
546 4510 708 4563 quam
728 4492 1023 4559 dira,Quin
1047 4493 1207 4545 etiam
1239 4494 1452 4554 demus.
1478 4506 1533 4547 ut
1557 4495 1804 4551 territare
1838 4513 1888 4554 at

2007 4495 2206 4547 πουθεν
2236 4496 2414 4567 ψυχῆς
2460 4501 2549 4552 καὶ
2596 4500 2753 4572 δόξης
2797 4504 3198 4579 ἀληθεστάτης,
3222 4512 3291 4565 δι’
3318 4516 3352 4566 ἆ
3381 4531 3441 4582 γε
3480 4492 3582 4571 καὶ

323 4588 515 4655 vulgus
541 4586 819 4638 hominum
856 4584 1149 4654 pcreellere
1194 4584 1541 4639 vehementer
1582 4586 1805 4654 possint,
1841 4600 1894 4644 et

326 4678 510 4729 omnia
549 4677 704 4743 plane
734 4675 873 4728 bona
913 4675 1196 4744 prmsentia
1229 4691 1348 4729 enm
1377 4679 1486 4743 ipsa
1518 4677 1620 4730 vita
1640 4680 1897 4734 resisten-

328 4767 475 4819 tib.s
507 4764 766 4827 adimere,
795 4773 916 4818 tuas
945 4773 1004 4817 ut
1038 4764 1131 4817 tibi
1181 4765 1582 4833 superlationes
1629 4768 1744 4821 illas
1783 4784 1897 4822 om-

334 4872 429 4911 nes
453 4856 837 4920 Concedamus,
891 4870 999 4909 non
1052 4866 1254 4918 tamen,
1316 4859 1526 4911 etiamsi
1592 4859 1716 4912 talia
1788 4861 1899 4913 sint

328 4955 663 5021 (quanquam
697 4950 851 5018 plura
884 4966 1121 5019 quoque,
1159 4950 1204 5005 si
1244 4952 1413 5010 voles.
1444 4954 1682 5019 demus),
1730 4954 1897 5022 tequi-

328 5042 567 5113 paranda
608 5057 731 5094 cum
764 5041 947 5096 animo
993 5044 1379 5113 verissimaque
1437 5045 1605 5109 gloria
1652 5046 1895 5107 veniunt.

330 5152 563 5205 quorum
599 5149 762 5189 causa
796 5133 878 5188 vel
930 5134 1099 5203 ipsam
1148 5134 1334 5198 vitam,
1367 5137 1454 5205 qui
1501 5139 1657 5205 sapit,
1731 5139 1897 5191 multa

333 5226 762 5282 cum'alacritatc
793 5226 1115 5295 profuderit.
1140 5228 1243 5281 Par
1267 5230 1407 5281 enim
1462 5229 1604 5281 istud
1642 5245 1725 5282 res
1767 5230 1900 5283 alias

332 5319 619 5374 universas
652 5320 877 5372 nimium
915 5320 1175 5387 quantum
1229 5320 1517 5373 excellitct
1557 5332 1797 5389 superat.
1836 5324 1902 5376 At

336 5412 428 5465 illa
453 5411 657 5474 cravia,
687 5426 807 5480 quae
841 5422 898 5463 tu
932 5425 1364 5466 commemorans
1412 5412 1797 5467 exhorrescere
1828 5414 1904 5467 vi-

334 5503 577 5566 debaris,
635 5503 849 5558 etiamsi
898 5504 1022 5572 quis
1072 5504 1277 5557 irrucre
1322 5505 1607 5558 confertim
1662 5516 1902 5559 extrema

334 5610 459 5648 cum
496 5596 791 5649 acerbitate
822 5599 1185 5669 concesserit,
1229 5608 1408 5652 tamen
1443 5614 1540 5651 nec
1586 5600 1767 5653 animo
1810 5599 1905 5652 dc-

335 5685 656 5739 trimentum
693 5686 953 5749 alIerunt,
992 5689 1036 5741 si
1065 5690 1283 5755 quidem
1312 5690 1359 5741 ei
1407 5704 1511 5741 non
1546 5690 1708 5741 etiam
1744 5690 1906 5743 vehe-

338 5784 550 5829 menter
608 5776 943 5839 conducunt,
1017 5792 1114 5830 nec
1171 5777 1446 5831 infamiam
1513 5780 1825 5844 conciliant,
1865 5779 1908 5832 si

2001 4587 2061 4638 τὸ
2111 4587 2209 4656 ζῇν
2256 4589 2387 4665 αὐτὸ
2434 4591 2549 4655 δοίη
2589 4610 2671 4655 τις
2724 4596 2789 4648 ἂν
2822 4596 2880 4649 εὖ
2931 4600 3147 4669 φρονῶν
3191 4605 3332 4672 μετὰ
3371 4609 3584 4677 πολλῆς

2006 4678 2333 4746 προθυμίας.
2369 4679 2517 4747 Αὕτη
2559 4682 2669 4751 γὰρ
2701 4685 2734 4751 ἡ
2772 4682 3001 4754 ξυνωρὶς
3034 4690 3124 4743 τοῦ
3165 4696 3362 4757 παντὸς
3400 4695 3584 4767 ὑπέρ-

2005 4786 2182 4821 κειται
2218 4776 2356 4836 μετὰ
2399 4776 2617 4843 μακρᾶς
2659 4777 2758 4845 τῆς
2808 4778 3136 4850 ύπερὸολῆς.
3177 4783 3393 4839 Ἐκεῖνα
3418 4788 3478 4841 δὲ
3509 4790 3585 4843 τὰ

2004 4862 2265 4932 δυσχερῆ,
2287 4863 2323 4918 ἃ
2347 4865 2409 4916 σύ
2439 4883 2499 4932 γε
2532 4866 2707 4935 λέγων
2737 4869 2943 4933 ἐδόκεις
2974 4874 3239 4941 φρίττειν,
3268 4877 3368 4931 κᾶν
3398 4878 3585 4949 ἀθρόα

2006 4953 2120 5022 δοίη
2156 4971 2239 5017 τις
2268 4956 2616 5025 εἰσκωμάσαι
2672 4961 2813 5027 μετά
2861 4963 3190 5033 δριμύτητος
3219 4968 3417 5039 ἄκρας,
3446 4971 3587 5026 οὔτε

2010 5046 2237 5115 βλάπτει
2265 5050 2362 5119 τὴν
2387 5050 2589 5121 ψυχὴν,
2615 5054 2661 5105 εἰ
2698 5056 2773 5125 μὴ
2800 5060 2893 5110 καὶ
2928 5060 3136 5129 σφόδρα
3162 5063 3423 5132 ὀνίνησιν,
3451 5065 3587 5120 οὒτ’

2009 5139 2228 5202 ἀδοξίαν
2284 5144 2557 5210 προξενεῖ,
2592 5148 2640 5197 εί
2697 5148 2771 5217 μὴ
2823 5152 2915 5201 καὶ
2964 5152 3235 5221 λαμπρῶς
3292 5159 3589 5221 στεφανοῖ.

2012 5230 2190 5294 Ὀλως
2237 5232 2291 5285 δὲ
2324 5234 2391 5286 τὰ
2424 5235 2643 5307 λυπηρὰ
2679 5241 2759 5301 είς
2811 5240 2977 5293 ἑαυτὰ
3010 5246 3373 5314 στρεφόμενα,
3401 5246 3479 5309 ὡς
3514 5252 3590 5301 τὰ

2014 5324 2430 5392 πολυφλοίσϐοιο
2482 5329 2747 5401 θαλάττης
2802 5332 3045 5402 κύματα,
3085 5336 3387 5394 διαλύεται.
3432 5341 3499 5393 Εἰ
3531 5343 3591 5394 ὁὶ

2016 5416 2327 5485 καθάφαιτο
2373 5423 2464 5471 καὶ
2512 5423 2724 5491 μακρὸν
2757 5425 2878 5493 μεθ’
2902 5428 3032 5493 ὅσης
3059 5426 3125 5481 ἄν
3154 5446 3235 5491 τις
3264 5431 3411 5485 εἴποι
3443 5450 3593 5502 σφο-

2015 5504 2269 5573 δρότητος
2298 5510 2393 5559 καὶ
2421 5510 2758 5576 πλεονεξίας,
2791 5513 2928 5565 ἀλλὰ
2959 5518 3110 5569 πᾶσα
3140 5519 3170 5585 ἡ
3210 5518 3458 5588 παροῦσα
3487 5522 3591 5590 Crt-

2021 5596 2113 5664 μία
2144 5597 2243 5665 τῆς
2274 5600 2372 5667 ἤδη
2406 5602 2707 5671 τρεχούσης
2760 5606 2905 5656 ἐστὶν
2940 5608 3153 5676 ἡμέρας
3180 5649 3195 5674 ,
3228 5612 3277 5662 εί
3307 5612 3361 5662 δὲ
3398 5611 3592 5681 βούλει

2018 5705 2079 5753 γε
2114 5690 2345 5757 στιγμῆς
2372 5705 2384 5719 ’
2419 5695 2508 5744 καὶ
2543 5696 2599 5744 ὲν
2632 5696 2833 5763 ἀκαρεῖ
2862 5698 3095 5764 γίνεται,
3122 5700 3186 5767 ἢν
3220 5702 3464 5771 ἁκριδῶς
3502 5721 3593 5765 τις

2024 5781 2272 5851 σκοπῇσῃ
2303 5782 2368 5833 τὰ
2420 5787 2545 5851 περὶ
2582 5785 2770 5841 τῶνδε.
2819 5790 2928 5843 Kal.
2981 5792 3447 5861 συλλαμϐάνονται
3493 5810 3595 5864 μοι
