3920 6200
267 314 374 379 425

1672 302 1960 368 ORATIO
2004 303 2113 369 lli.

3418 298 3528 362 426

260 431 487 500 ταυτησὶ
520 428 619 498 τῆς
652 429 879 492 ἑννοίας,
905 429 960 482 οῖ
999 446 1058 481 τε
1111 432 1265 499 σοφοὶ
1294 430 1402 483 τῶν
1434 429 1836 496 παλαιοτέρων,

1948 423 2165 492 quidem
2203 437 2311 476 non
2339 419 2621 491 splendida
2653 419 2835 488 potius
2872 432 3073 473 corona
3125 418 3353 473 donant.
3405 421 3530 488 ipsa

263 526 360 578 καὶ
388 525 496 575 τῶν
535 521 657 574 καθ’
688 522 835 590 ἡμᾶς
871 521 1008 592 ίεροί
1038 538 1181 584 τινες
1223 522 1439 591 ἄνδρες.
1484 521 1755 590 ’Δκηκοας
1779 520 1836 572 δέ

260 634 314 669 τι
341 614 437 670 sui.
470 614 601 684 παρ’
642 615 802 684 ἡμῶν
844 614 976 683 περὶ
1003 614 1211 667 τούτων
1243 615 1581 683 σαφέστερον
1612 613 1837 682 εἰρηκό-

258 724 371 759 των
396 708 453 760 ἐν
480 706 557 775 τῷ
585 705 872 776 ἑξηκοστῷ
931 706 1174 777 δευτέρῳ
1204 707 1313 761 τῶν
1346 707 1483 777 πρὸς
1520 707 1595 763 σέ,
1616 722 1707 774 μοι
1738 721 1834 756 κεο

260 797 529 866 φαλαίων.
572 797 636 849 Ἢ
664 796 723 850 δὲ
757 796 966 850 τούτων
1001 798 1068 867 δὴ
1102 798 1211 848 τῶν
1242 797 1505 866 λυπηρῶν
1540 796 1771 864 δύναμις
1799 794 1833 862 ἢ

261 890 320 940 τὸ
344 887 587 957 φοϐῆσαι
610 889 964 958 προσδοκίαις
991 888 1162 949 ἐστὶν,
1195 888 1227 956 ἢ
1257 888 1318 941 τὺ
1351 887 1597 954 παρόντα
1626 886 1831 938 amn-

259 980 359 1031 καὶ
389 980 447 1031 τὸ
495 980 761 1045 μέγιστον
810 979 981 1033 κακὸν
1010 978 1307 1047 ἀφελέσθαι
1349 981 1443 1032 καὶ
1472 980 1532 1031 τὸ
1570 980 1692 1048 ζῇν.
1724 978 1835 1030 Καὶ

256 1071 390 1123 ὅταν
444 1070 605 1123 τοῦτο
654 1070 907 1139 γένηται,
932 1071 1052 1123 τότε
1088 1070 1252 1122 πλέον
1281 1070 1433 1122 οὐδέν
1462 1087 1517 1122 τι
1548 1070 1831 1139 δέδρακεν,

257 1163 289 1230 ἢ
324 1162 354 1213 δ
394 1164 607 1225 πάντως
637 1161 850 1215 ἔπεισιν
876 1162 1185 1229 αὐτόματόν
1210 1179 1269 1214 τε
1303 1162 1397 1214 καὶ
1431 1163 1832 1233 ἀπαραίτητον.

257 1255 349 1305 Δεῖ
381 1256 491 1322 γὰρ
520 1252 765 1321 γυμνοὺς
795 1252 1158 1322 γεννηθέντας
1190 1253 1431 1322 γυμνοὺς
1461 1257 1555 1305 καὶ
1583 1254 1830 1313 ἀπιέναι,

259 1344 404 1397 κατὰ
436 1344 537 1413 τὴν
575 1343 698 1395 Ἰὼϐ
732 1344 944 1396 ἐκείνου
972 1343 1179 1411 φωνὴν,
1203 1344 1303 1412 τὴν
1343 1343 1477 1412 ἄχρι
1510 1343 1607 1395 νῦν
1634 1344 1835 1412 ὕμνου-

258 1437 457 1505 μένην.
490 1434 712 1488 Μᾶλλον
734 1435 793 1489 δὲ
819 1434 928 1487 οὐδ’
952 1434 1083 1487 αὐτὸ
1113 1436 1552 1505 συμπεριφέρειν
1578 1436 1639 1490 τὸ
1670 1437 1834 1504 σῶμα

254 1526 567 1593 δυνάμεθα,
618 1527 830 1579 ἐνθένδε
885 1527 1286 1596 μεταστάντες·
1333 1527 1473 1581 ἀλλά
1530 1530 1624 1579 καὶ
1675 1527 1835 1582 τοῦτο

256 1616 447 1668 λοιπὸν
482 1617 721 1685 ἀνάγκη,
751 1620 912 1687 ἄχρις
942 1617 1004 1670 οὖ
1035 1618 1231 1689 καιρὸς
1280 1620 1665 1684 ἐπαναλαϐεῖν,
1694 1623 1834 1677 ἀπο·

250 1709 447 1761 δοῦναι
475 1712 542 1780 γῇ
574 1712 639 1780 τῇ
676 1712 864 1781 μητρί.
891 1705 985 1773 Οἷς
1009 1707 1102 1764 οὖν
1122 1710 1384 1782 νόιδρόμος
1408 1713 1658 1776 σύντονος
1680 1715 1833 1766 ἐπει-

259 1801 498 1867 γόμενος
529 1802 607 1862 είς
634 1803 863 1870 φθορὰν,
897 1802 991 1854 καὶ
1022 1801 1230 1871 ταύτην
1283 1802 1413 1865 ἴσως
1446 1802 1645 1856 αὐτίκα
1688 1804 1835 1872 μάλα

257 1892 659 1961 γενησομένην,
693 1892 908 1955 τούτοις
953 1892 1006 1944 τί
1064 1892 1313 1962 μόνιμον,
1336 1893 1390 1946 τί
1459 1894 1751 1965 σταθηρὸν,
1784 1897 1835 1948 τί

263 1984 461 2049 πάγιον
488 1998 503 2046 ;
535 1984 655 2046 Πῶς
677 1983 742 2036 ἂν
766 1986 799 2054 ἦ
827 2002 879 2037 τι
904 1984 1011 2037 τῶν
1038 1984 1303 2054 λυπηρῶν
1327 1985 1386 2039 εὖ
1410 1987 1669 2056 φρονοῦσι
1694 1988 1836 2057 μέγα

252 2073 484 2139 δόξειεν,
517 2075 551 2143 ἢ
574 2092 625 2127 τι
680 2076 789 2128 τῶν
815 2076 987 2146 ἡδέων
1029 2078 1494 2147 προύργιαίτερον
1528 2079 1709 2149 ψυχῆς
1742 2081 1835 2135 καὶ

253 2165 459 2233 δόξης,
490 2166 733 2219 ἀθάνατα
793 2168 1156 2240 διαμενούσης
1207 2171 1266 2235 ἐξ
1328 2172 1551 2240 ἀγαθῶν
1615 2174 1834 2243 ἐργωνς

259 2259 377 2312 Καὶ
422 2262 603 2312 τοίνυν
655 2262 798 2314 κατά
832 2262 942 2316 τῶν
992 2263 1297 2333 ἀνθρώπων
1362 2265 1589 2319 ἐκείνων
1634 2262 1835 2320 οἷστισι

257 2352 464 2418 γνῶσις
516 2355 609 2405 καὶ
656 2355 934 2424 φρόνημα,
975 2357 1282 2427 παιδαρίοις
1315 2360 1670 2429 παραπλήσια
1698 2359 1835 2430 (τοῖς

255 2444 371 2498 τῶν
402 2445 797 2512 ἀντιλεγόντων
827 2446 872 2498 δ’
899 2448 1151 2500 ἐντεῦθεν
1178 2454 1453 2518 χρήσομαι
1483 2449 1711 2520 λόγοις),
1736 2453 1836 2503 οὐκ

257 2538 495 2607 ἀγεννής
526 2554 607 2599 τις
642 2538 861 2591 πάντως
890 2538 1072 2607 ίσχὺς,
1098 2538 1173 2602 ὡς
1201 2540 1311 2592 ἀπὸ
1343 2539 1453 2592 τῶν
1492 2541 1836 2612 πραγμάτοιν

253 2626 461 2696 ιχομεν
487 2628 711 2695 γνῶναι.
748 2630 941 2692 Ἄλλος
971 2631 1079 2699 γὰρ
1108 2629 1294 2691 ἄλλοις
1344 2631 1648 2685 ἁλίσκεται.
1682 2632 1833 2685 Ὥσθ⁹

252 2723 282 2773 ό
317 2722 391 2775 τὰ
412 2720 642 2775 τοιαῦτα
674 2722 847 2789 λέγων
879 2723 995 2792 ἔχει
1026 2738 1098 2792 με
1148 2724 1441 2792 συνᾴδοντά
1473 2741 1530 2777 τε
1568 2726 1662 2778 καὶ
1698 2741 1832 2792 συμ-

256 2813 547 2881 φωνοῦντα
574 2815 675 2867 ὅσα
704 2831 769 2881 γε
798 2815 933 2884 πρὸς
980 2815 1109 2877 τοὺς
1155 2816 1432 2878 τοιούτους
1460 2815 1790 2885 ἀνθρώπους
1816 2834 1829 2849 ·

249 2905 321 2956 οὐ
380 2904 489 2973 μὴν
540 2907 636 2957 καὶ
674 2906 807 2975 πρὸς
849 2906 974 2967 τοὺς
1007 2904 1373 2975 βουλομένους
1404 2907 1640 2973 ἀγαθοὺς
1670 2905 1831 2961 εἶναι.

250 2994 390 3057 Τοῖς
438 2997 548 3066 γὰρ
589 2998 662 3067 μὴ
723 2998 925 3067 ῥᾳδίως
977 2998 1296 3051 ἁλίσκεσθαι
1352 3002 1833 3069 προαιρουμένοις,

1944 533 2075 572 vero
2116 517 2312 581 tristia,
2354 516 2511 584 plane
2553 514 2608 568 in
2642 515 2820 581 seipsa
2862 526 3161 576 conversa,
3206 512 3379 565 instar
3425 511 3520 566 iiu-

1943 617 2130 664 ctuum
2173 607 2474 662 turbulenti
2509 606 2699 667 maris,
2739 605 3098 673 dissipantur.
3144 601 3298 667 Quod
3346 602 3391 656 si
3433 603 3528 656 diu

1943 700 2232 769 pungendo
2274 699 2600 761 mordeant,
2644 708 2790 753 tanta
2832 712 2955 751 cum
3007 697 3240 765 ingentis
3292 695 3530 765 impetus

1946 793 2307 854 vehementia,
2330 800 2531 860 quanta
2556 791 2731 844 verbis
2756 806 2786 843 a
2808 804 3082 859 quoquam
3106 789 3300 857 exponi
3327 798 3526 857 potest,

1942 894 2126 940 tamen
2160 886 2247 939 illa
2283 894 2396 940 tota
2448 886 2738 939 calamitas
2786 899 3024 953 praesens
3050 885 3156 938 diei
3213 883 3375 937 modo
3404 899 3529 937 cur-

1944 976 2117 1031 rentis
2140 985 2257 1031 est:
2293 976 2376 1028 vel
2410 979 2455 1029 si
2483 977 2675 1035 mavis,
2728 975 2914 1041 puncti
2945 975 3238 1041 temporis;
3284 974 3528 1041 adeoque

1945 1078 2224 1121 momento
2260 1068 2479 1129 accidit,
2514 1068 2559 1120 si
2600 1066 2721 1135 quis
2750 1075 3008 1121 accurate
3036 1081 3125 1145 res
3172 1068 3317 1133 ipsas
3344 1065 3524 1117 mnsi-

1939 1159 2239 1213 deraverii.
2267 1161 2445 1229 Atque
2482 1162 2621 1216 hunc
2660 1161 2988 1216 sententiam
3044 1174 3220 1215 miram
3273 1175 3530 1226 compro-

1944 1253 2073 1305 bant
2109 1261 2223 1304 tum
2262 1252 2334 1305 illi
2367 1253 2535 1319 prisci
2569 1255 2870 1322 sapientes,
2900 1263 3014 1305 tum
3064 1238 3136 1307 de
3176 1254 3378 1307 nostris
3402 1268 3529 1304 san-

1943 1343 2015 1395 cti
2048 1343 2271 1411 quidam
2294 1344 2708 1399 viri.Prarterea
2752 1348 2819 1401 de
2862 1347 2949 1401 bis
3003 1346 3204 1413 aliquid
3265 1342 3524 1399 audivisti

1942 1435 2147 1489 clarius
2176 1440 2482 1503 expositum
2522 1453 2549 1490 a
2585 1416 2741 1493 no‘bis
2792 1453 3009 1507 quoque
3064 1438 3406 1506 sexagesimo
3445 1452 3532 1488 sc-

1940 1529 2123 1581 cundo
2159 1528 2372 1581 illorum
2409 1529 2649 1595 capitum
2679 1544 2800 1598 qua
2869 1531 2933 1584 ad
2974 1542 3023 1584 te
3082 1528 3526 1597 perscripsimus.

1941 1621 2036 1675 Vis
2064 1631 2246 1676 autem
2283 1622 2477 1676 horum
2504 1622 2746 1676 tristium
2783 1623 2836 1676 in
2870 1638 2936 1677 eo
2973 1623 3077 1677 sita
3101 1632 3205 1680 est,
3240 1629 3302 1672 ut
3332 1634 3529 1685 exspo-

1936 1714 2181 1769 ctatione
2209 1722 2470 1777 terreant,
2496 1713 2581 1768 vei
2613 1723 2671 1768 ut
2701 1714 2987 1784 praesentia
3010 1712 3315 1773 mordcant,
3349 1708 3525 1762 mavi-

1940 1820 2199 1875 tnutnqne
2232 1807 2435 1861 malum
2462 1817 2567 1869 est,
2603 1808 2648 1861 si
2680 1808 2845 1861 vitam
2885 1807 3162 1861 adimant:
3218 1804 3359 1870 quod
3410 1801 3526 1871 qni'

1939 1900 2060 1955 dem
2080 1900 2175 1953 ubi
2206 1900 2413 1954 factum
2440 1913 2545 1967 est,
2578 1902 2711 1956 nihil
2742 1902 2818 1955 rei
2844 1900 3068 1965 majoris
3102 1897 3328 1953 eﬂeccre
3358 1910 3522 1963 quam

1938 2003 2195 2062 quretnm
2224 2004 2422 2061 sponte
2439 2008 2561 2058 sua,
2581 2001 2699 2048 tum
2727 1992 3139 2047 inexorabiliter
3156 1987 3382 2043 omnino
3404 1995 3525 2040 tan-

1938 2084 2060 2137 dem
2088 2083 2439 2153 supervenire
2457 2083 2627 2149 solet;
2654 2083 2855 2152 quippe
2872 2080 3048 2135 nudos
3072 2083 3125 2133 in
3149 2080 3328 2133 iur-em
3350 2077 3523 2129 editos

1938 2176 2103 2227 etiam
2139 2175 2315 2228 nudos
2358 2173 2596 2244 migrare
2632 2186 2855 2226 necesse
2897 2179 3003 2234 est,
3040 2168 3340 2223 secumlum
3392 2164 3522 2217 illud

1936 2266 2060 2320 Johi
2112 2266 2337 2319 verbum
2372 2267 2513 2333 quod
2565 2264 2828 2318 hactenus
2854 2263 3187 2317 celebratur.
3246 2259 3357 2311 imo
3394 2271 3524 2309 vero

1940 2370 2010 2410 ne
2041 2370 2243 2422 corpus
2269 2355 2489 2424 quidem
2514 2356 2693 2423 ipsum
2730 2368 2855 2407 cum
2883 2351 3009 2407 hinc
3030 2349 3382 2407 discedimus,
3414 2360 3520 2398 una

1938 2447 2223 2501 nobiscum
2251 2447 2521 2500 abducere
2548 2459 2868 2514 possumus,
2888 2441 2982 2498 sed
3018 2441 3148 2495 illud
3182 2452 3399 2508 quoque
3429 2453 3523 2489 nc-

1938 2554 2095 2594 ccsse
2122 2548 2206 2593 est
2248 2545 2410 2593 terra:
2444 2537 2604 2590 matri
2640 2534 2950 2594 tradamus,
2985 2546 3157 2601 usque
3196 2532 3323 2583 dum
3367 2542 3523 2582 resn-

1938 2631 2119 2686 meud‘i
2142 2640 2359 2700 tempus
2386 2636 2624 2698 appetat.
2658 2627 2844 2694 itaque
2861 2626 2952 2695 qui
2984 2631 3246 2679 contento
3262 2635 3427 2675 cursu
3452 2619 3519 2672 ad

1934 2720 2223 2775 interitum
2260 2726 2583 2789 properant,
2606 2713 3155 2785 enmqueconiestim
3184 2710 3417 2763 fortasse
3434 2722 3521 2760 se-

1908 2836 1911 2839 λ
1936 2826 2215 2873 cuturum,
2249 2812 2377 2880 quid
2403 2809 2607 2869 habent
2629 2807 2896 2870 durabile,
2915 2820 3119 2873 quaso,
3138 2801 3265 2870 quid
3286 2800 3518 2858 stabilis.

1937 2905 2068 2973 quid
2093 2903 2277 2957 solidae
2294 2901 2406 2957 rei?
2434 2901 2553 2966 Quo
2572 2909 2729 2968 pacto
2750 2898 2829 2951 vel
2857 2902 3010 2952 triste
3035 2892 3316 2962 quidpiam
3340 2906 3521 2946 mente

1937 2996 2178 3064 praeditis
2217 3006 2471 3061 maguum
2527 2988 2697 3043 videri
2732 2987 2926 3057 possit,
2972 2985 3050 3037 vel
3076 2982 3383 3053 jucundum
3419 2982 3519 3032 ali-

248 3088 390 3159 μηδ’
419 3088 667 3157 εὐχερῶς
697 3088 947 3141 ἐθέλουσι
972 3089 1364 3155 καταπίπτειν,
1396 3091 1531 3160 μηδὲ
1563 3092 1623 3143 τὸ
1652 3095 1835 3162 κρεῖτσ-

1941 3088 2073 3159 quid
2096 3087 2266 3141 videri
2289 3084 2442 3154 prius
2477 3090 2641 3151 atque
2662 3081 2842 3150 potius
2866 3078 3048 3133 animo
3083 3083 3134 3128 et
3157 3074 3327 3139 gloria
3362 3072 3517 3126 bonis

245 3197 352 3233 τον
380 3180 476 3249 τῆς
504 3179 683 3250 ψυχῆς
714 3182 808 3233 καὶ
840 3180 1174 3251 ὑψηλότερον
1206 3182 1370 3253 μέρος
1399 3188 1464 3252 τῇ
1502 3184 1740 3254 συζυγίᾳ
1766 3188 1832 3256 τῇ

247 3271 563 3341 κατωτέρω
583 3272 1048 3325 καταδουλοῦσθαι
1069 3274 1150 3342 (τὸ
1177 3274 1576 3344 ἐπιθυμητικόν
1604 3292 1662 3328 τε
1693 3277 1836 3343 λέγω

250 3366 355 3416 καὶ
384 3356 663 3432 θυμικδνξ
689 3365 726 3417 ἃ.
775 3365 1060 3434 προσῆκεν
1109 3367 1433 3420 ὑποκεῖσθαι
1468 3370 1562 3420 καὶ
1594 3370 1833 3439 ἠνιοχεῖ-

252 3457 391 3509 σθαι
421 3457 498 3524 τῷ
526 3456 715 3525 λόγων
742 3457 932 3510 παιᾶιά
954 3474 1038 3520 τις
1060 3458 1326 3528 ἄντικρυς
1358 3460 1452 3511 καὶ
1474 3460 1648 3528 γέλως
1673 3460 1838 3530 ἔσχα-

250 3568 351 3612 τος
383 3550 545 3619 ὅλως,
570 3550 719 3603 ἃπαν
742 3551 911 3604 δεινὸν
945 3551 1343 3622 δεδιττόμενον,
1368 3553 1464 3603 καὶ
1491 3553 1518 3605 ὃ
1544 3568 1597 3605 τι
1626 3569 1836 3622 παρεκο

254 3642 464 3712 τρέπει
516 3642 1028 3713 μορμολυττόμενον
1070 3643 1196 3696 ὀδοῦ
1230 3645 1325 3698 καὶ⁸
1356 3643 1539 3713 ψήφου
1569 3645 1668 3713 τῆς
1697 3645 1833 3715 ἀλη-

252 3733 415 3796 θοῦς.
446 3735 572 3796 Τοῖς
600 3737 708 3805 γὰρ
734 3735 799 3805 δὴ
834 3737 960 3788 κατ’
1010 3735 1211 3803 ἄνδρας
1243 3735 1547 3805 ἀμύνεσθαι
1582 3734 1837 3805 βουλομέ-

253 3844 404 3888 νοις,
433 3826 527 3878 καὶ
556 3829 775 3881 πάντων
806 3829 1088 3897 αἴσχιστον
1112 3830 1406 3897 οίομένοις,
1437 3829 1512 3897 μὴ
1540 3826 1664 3890 τοὺς
1695 3828 1834 3897 ὑπὲρ

255 3916 359 3969 τοῦ
415 3917 584 3969 καλοῦ
634 3919 729 3970 καὶ
776 3922 875 3987 τῆς
911 3920 1116 3989 ἀρετῆς
1149 3920 1381 3989 ἱδρῶτάς
1417 3935 1477 3972 τε
1508 3920 1604 3972 καὶ
1639 3919 1836 3981 πόνους

254 4010 621 4078 ὑφίστασθαι,
654 4010 794 4062 ὥστε
828 4010 903 4080 μὴ
934 4012 1229 4075 προδοῦναι
1269 4009 1711 4063 καταπατεῖσθαι
1736 4012 1836 4082 τὴν

254 4105 362 4170 τῆς
392 4104 572 4173 ψυχῆς
601 4103 906 4171 εὐγένειαν,
931 4104 1143 4167 είκόνος
1176 4102 1342 4173 οὔσης
1372 4104 1466 4157 τοῦ
1504 4105 1833 4169 πλάσαντος,

257 4197 386 4258 πῶς
419 4197 522 4248 οὐκ
554 4195 710 4247 ἔσται
737 4197 958 4249 πάντων
994 4196 1405 4264 περιγενέσθαι,
1434 4195 1524 4248 τὸν
1547 4196 1682 4249 Θεὸν
1711 4196 1840 4248 συλ-

257 4291 519 4359 Αήπτορα
547 4290 905 4359 κεκτημένοις
929 4304 947 4355 ;

1935 3197 2003 3236 ex
2028 3180 2185 3233 iactis
2206 3188 2472 3232 aeternum
2498 3174 2729 3229 durante
2753 3172 2775 3223 ἵ
2796 3171 2967 3239 igitur
2989 3166 3257 3220 adversus
3281 3164 3401 3217 illos
3425 3164 3519 3215 bo-

1937 3277 2116 3329 mines
2169 3271 2261 3340 qui
2312 3270 2405 3323 tali
2458 3276 2588 3323 sunt
2635 3264 2986 3332 intelligentia
3006 3259 3213 3330 prtcditi
3249 3267 3302 3311 et
3334 3257 3518 3310 animo

1935 3361 2115 3430 qualis
2144 3358 2497 3423 puerulorum
2524 3363 2607 3408 est
2629 3355 2775 3424 (utar
2795 3361 2975 3403 autem
3002 3350 3182 3401 verbis
3201 3362 3387 3401 eorum
3425 3346 3517 3415 qui

1936 3452 2096 3508 nobis
2116 3448 2541 3514 contradicunt),
2564 3460 2669 3499 non
2690 3445 2913 3498 omnino
2936 3441 3110 3495 debile
3132 3440 3298 3493 robur
3323 3440 3515 3492 horum

1940 3553 2047 3607 est,
2077 3552 2134 3597 ut
2161 3542 2293 3609 ipsis
2316 3556 2380 3595 ex
2427 3539 2585 3593 rebus
2622 3549 2952 3604 cognoscere
3002 3532 3152 3587 licet.
3184 3531 3338 3585 Alius
3371 3532 3514 3585 enim

1940 3636 2066 3690 aliis
2093 3635 2325 3703 capitur.
2352 3632 2452 3697 Qui
2502 3632 2616 3685 haec
2653 3629 2807 3689 dicit.
2841 3640 2926 3680 nte
2958 3625 3060 3679 sibi
3106 3624 3261 3691 plane
3284 3638 3519 3678 consen-

1941 3728 2161 3781 tientem
2196 3725 2379 3788 habet,
2424 3724 2571 3792 quod
2600 3718 2871 3789 ejusmodi
2902 3716 3120 3786 quidem
3154 3714 3404 3770 homines
3438 3723 3519 3766 at-

1862 3819 2112 3882 “tinet”
2129 3833 2316 3870 verum
2352 3830 2459 3868 non
2484 3814 2694 3867 illorum
2720 3824 2943 3879 quoque
2983 3820 3227 3876 respectu
3262 3806 3355 3875 qui
3388 3805 3515 3860 boni

1939 3925 2063 3975 esse
2103 3911 2307 3964 volunt.
2330 3906 2482 3959 Nam
2515 3905 2604 3972 qui
2647 3904 2788 3955 nolle
2808 3916 2868 3956 se
2897 3901 3054 3953 facile
3097 3900 3215 3968 capi
3248 3899 3364 3953 suis
3392 3914 3515 3953 cum

1946 4002 2145 4056 animis
2175 3999 2539 4057 constituunt,
2569 4012 2669 4049 nec
2690 3996 2754 4047 ad
2778 3994 3068 4047 labentium
3095 3992 3362 4061 proclives
3394 4005 3517 4044 esse

1947 4097 2156 4159 volunt,
2188 4106 2361 4161 neque
2396 4098 2602 4158 partem
2627 4087 2793 4138 animi
2814 4085 3250 4156 praestantiorem
3275 4093 3328 4135 et
3351 4084 3519 4136 subli-

1910 4214 1915 4219 ·
1948 4190 2173 4244 miorem
2200 4182 2431 4253 geminis
2456 4180 2560 4233 illis
2584 4178 2935 4232 inferioribus
2959 4176 3010 4228 in
3030 4176 3345 4229 servitutem
3367 4175 3518 4227 addi-

1947 4281 2177 4349 cere(de
2201 4277 2250 4329 vi
2286 4286 2401 4328 tum
2448 4269 2897 4339 concupisccndi,
2949 4278 3061 4322 tum
3108 4268 3402 4333 irascendi,
3438 4268 3517 4320 lo-

253 4399 426 4453 quor,
446 4399 586 4453 quas
616 4398 738 4439 esse
762 4383 956 4438 rationi
979 4381 1246 4452 subiectas
1268 4394 1321 4441 et
1340 4385 1407 4440 ab
1424 4387 1613 4440 eadem
1644 4383 1933 4454 gubernari
1963 4374 2262 4443 convenit),
2285 4371 2351 4425 iis
2366 4380 2648 4424 extremus
2676 4368 2832 4436 plane
2859 4366 3015 4420 ludus
3044 4376 3206 4431 atque
3237 4366 3396 4436 jncus
3415 4386 3425 4413 ι
3446 4381 3471 4418 s
3498 4404 3515 4427 ,

254 4478 531 4547 quidquid
560 4478 783 4532 reidira:
803 4490 1065 4533 terrorem
1106 4477 1287 4539 iniert,
1315 4480 1577 4547 quasique
1601 4480 1745 4532 larva
1777 4477 2013 4547 quadam
2032 4468 2377 4526 lcrmidinem
2412 4463 2699 4524 incutiens,
2736 4462 2803 4514 ab
2828 4460 3022 4515 itinere
3048 4463 3105 4525 ju
3131 4462 3365 4527 tieioquc
3390 4478 3518 4514 vero

252 4571 727 4639 abducit.Etenim
748 4573 839 4642 qui
859 4573 1067 4626 virilem
1091 4572 1142 4625 in
1158 4574 1376 4625 modum
1396 4588 1454 4627 se
1468 4588 1811 4643 propugnare
1825 4572 2031 4634 volunt,
2050 4563 2401 4629 omniumque
2412 4556 2790 4625 turpissimum
2810 4557 3035 4622 tittruui,
3057 4574 3162 4613 non
3182 4560 3395 4615 honesti
3414 4562 3521 4614 vir-

257 4670 510 4737 tutisque
531 4682 695 4721 eausa
720 4668 947 4721 sudores
967 4674 1127 4735 atque
1145 4665 1358 4720 labores
1374 4666 1668 4729 sustinere,
1689 4682 1756 4721 ne
1783 4668 1942 4734 culpa
1967 4676 2063 4717 sua
2088 4656 2286 4728 proteri
2308 4654 2532 4723 pedibus
2562 4652 2730 4715 animi
2748 4654 3076 4709 nobilitatem
3101 4659 3398 4724 patiantur,
3426 4662 3519 4728 qui

258 4761 582 4817 Conditoris
604 4760 774 4829 ipsius
806 4770 887 4814 est
913 4761 1289 4826 simulacrum,
1310 4774 1418 4827 quo
1436 4769 1591 4828 pacto
1606 4774 1715 4812 non
1747 4759 1821 4812 illi
1851 4757 2161 4827 superimcs
2187 4750 2443 4805 omnibus
2480 4748 2771 4811 evaserint,
2798 4763 2920 4802 cum
2942 4749 3108 4804 Deum
3139 4753 3517 4809 auxiliatorem

265 4857 508 4908 habeant
534 4851 557 4903 2

352 4945 517 4997 Ἀλλά
554 4940 759 4992 τούτων
793 4939 894 5004 μὲν
924 4937 1063 5000 ἃλις,
1090 4937 1261 5004 φησί’
1319 4934 1692 5004 συνεπεράνθη
1727 4934 1835 5003 γὰρ

2012 4933 2119 4989 Sed
2152 4935 2219 4989 de
2249 4936 2333 4989 bis
2358 4935 2471 5002 jam
2500 4936 2653 4995 satis,
2695 4934 2894 4993 dixerit
2942 4938 3166 5007 aliquis.
3218 4941 3319 4994 Est
3372 4943 3519 5007 enipi

266 5038 347 5096 ὡς
377 5034 575 5105 ἐχρῆν,
619 5030 778 5100 οἶμαι
805 5045 818 5060 ’
850 5028 912 5081 τὸ
959 5029 1015 5079 δὲ
1073 5028 1193 5079 κατ’
1241 5028 1469 5094 ἄγνοιαν
1506 5027 1778 5096 καθαρὰν,
1805 5027 1838 5095 ἢ

271 5128 497 5194 ἀπάτην
527 5122 761 5192 θύραθεν
795 5118 1241 5187 ὲπιγιγνομένην,
1272 5118 1305 5187 ἦ
1336 5118 1397 5171 τὸ
1426 5118 1717 5187 βιασθέντα
1768 5113 1847 5168 εἴ-

275 5218 366 5281 ξαι
396 5216 565 5285 πολλῇ
614 5216 709 5266 καὶ
741 5212 1155 5279 ἁκαταμαχήτῳ
1187 5210 1419 5279 δυνάμει
1454 5210 1539 5279 εἴη
1572 5210 1637 5262 ἂν
1683 5207 1847 5262 ἀκού-

277 5324 394 5359 σιον
443 5304 709 5375 ἀτεχνῶς,
758 5305 854 5357 καὶ
905 5305 1047 5355 ποιεῖ
1082 5304 1154 5353 ντδ
1203 5302 1510 5371 ἁμάρτημα
1569 5300 1850 5361 παντελῶς

275 5398 635 5466 ἀνέγκλητον.
682 5392 839 5446 Τοῦτ’
868 5392 935 5446 ἂν
962 5392 1094 5455 ίσως
1138 5391 1282 5443 εἴποι
1314 5407 1399 5453 τις
1435 5390 1571 5459 πρὸς
1594 5392 1663 5443 τά
1696 5392 1849 5460 ιὶρη.

276 5492 437 5559 μένα.
453 5489 564 5541 Καὶ
582 5485 887 5545 ἀκολούθως
915 5479 1071 5550 οἶμαι
1097 5483 1283 5553 ῥηθὲν,
1307 5480 1606 5549 ἀναγκάζει
1630 5482 1849 5544 πάντως

274 5587 413 5655 ἡμῖν
436 5585 532 5636 τὸν
565 5582 724 5649 λόγον
747 5580 962 5643 διελεῖν,
994 5582 1091 5631 καὶ
1122 5578 1457 5647 παραδοῦναι
1489 5577 1848 5644 σαφέστερον,

274 5679 346 5729 οὐ
378 5678 507 5746 περὶ
553 5677 652 5744 τῆς
701 5674 1076 5742 προαιρέσεως
1130 5673 1316 5741 μόνον,
1367 5670 1502 5723 ἀλλὰ
1531 5672 1625 5721 καί¹
1652 5671 1703 5719 τί
1735 5667 1851 5719 ποτ’

278 5766 431 5819 ἔστὶν
482 5769 659 5819 ἐκεῖνο
695 5764 757 5815 τὸ
805 5762 1060 5829 καθαρῶς
1107 5762 1376 5827 ἑκούσιον,
1408 5762 1498 5817 καὶ
1531 5760 1581 5811 τί
1611 5759 1671 5811 τὸ
1703 5760 1853 5809 ὲνανσ

560 5861 829 5919 Parnon.
876 5857 990 5916 Gn.
1028 5856 1206 5915 CLVI

1944 5024 2019 5077 ita
2074 5027 2390 5080 conclusum
2446 5028 2899 5095 quemadmodum
2950 5032 3255 5097 oportebat,
3306 5035 3519 5100 opinor.

1949 5118 2015 5169 At
2050 5132 2177 5169 vero
2201 5117 2346 5185 quod
2375 5133 2436 5171 ex
2466 5120 2772 5187 ignorantia
2814 5137 2958 5173 mera
2995 5123 3077 5186 lit,
3127 5134 3220 5175 aut
3247 5140 3341 5191 per
3368 5142 3526 5178 acce-

1949 5208 2166 5263 dentem
2196 5208 2541 5263 extriusecns
2570 5211 2815 5269 fraudem
2852 5228 2866 5277 ;
2892 5211 2973 5265 vel
2996 5212 3041 5267 si
3068 5214 3195 5282 quis
3220 5215 3271 5267 vi
3304 5228 3524 5269 coactus

1954 5314 2164 5368 magna:
2197 5314 2262 5351 ac
2291 5301 2694 5367 inexpugnabili
2731 5301 2985 5369 potestati
3019 5302 3281 5363 cesserit,
3318 5302 3369 5357 id
3396 5318 3527 5356 sane

1957 5391 2124 5444 dubio
2149 5392 2334 5459 procul
2368 5393 2794 5446 involuntarium
2829 5391 3015 5453 fuerit,
3059 5393 3350 5471 ipsumque
3391 5395 3531 5449 deli-

1959 5493 2105 5537 ctum
2138 5484 2283 5534 omni
2313 5484 2473 5551 culpa
2499 5482 2827 5538 liberaverit.
2852 5481 3529 5556 Hoc.l'ortasse;quispiaru

1958 5576 2156 5630 dixerit
2203 5576 2270 5626 ad
2326 5580 2389 5626 ea
2462 5590 2583 5641 qua:
2627 5576 2859 5629 iudicata
2922 5584 3068 5630 sunt.
3122 5577 3372 5647 Cumque
3412 5596 3531 5631 mea

1959 5681 2093 5718 sane
2120 5664 2374 5731 opinione
2397 5666 2791 5719 convenienter
2816 5668 3020 5720 dictum
3039 5669 3135 5734 sit,
3174 5672 3401 5724 omnino
3434 5685 3532 5722 nos

1950 5758 2103 5826 cogit
2136 5765 2192 5809 ut
2233 5757 2539 5810 orationem
2576 5760 2900 5827 partiamur,
2954 5771 3007 5813 et
3034 5764 3204 5831 magis
3250 5770 3531 5834 perspicue

2984 5855 3055 5915 1's
