3920 6200
484 269 584 336 ιετ

1674 269 2070 331 ΜΑΝΠΕῌΞ
2105 266 2543 332 ΡΑῙηἸΞΟΙΛἾϐῙ

3580 283 3666 349 ιιέὶ

487 396 832 449 ;Iisseramus,
868 383 974 438 non
1014 384 1078 436 de
1101 383 1362 437 electione
1397 391 1625 446 tantum,
1663 399 1847 437 verum
1885 386 2046 437 etiam

2159 387 2301 448 τίον,
2328 387 2422 438 καὶ
2450 387 2600 437 ποῖον
2625 382 2782 448 αὖθις
2804 385 3091 455 ἐπίμικτον
3121 389 3209 440 καὶ
3234 390 3568 459 ἀμφιῤῥεπὲς,
3593 401 3670 450 καὶ

481 483 608 552 quid
631 480 843 534 tandem
865 475 992 528 illud
1032 488 1164 544 pure
1189 475 1556 528 voluntarium
1585 476 1676 536 sit,
1700 477 1898 542 quidve
1923 475 2052 528 huic

480 572 844 632 contrarium;
897 578 945 622 et
1009 583 1198 622 rursus
1257 568 1533 636 quodnam
1617 569 1836 620 mistum
1900 582 1962 619 ac
2001 567 2054 617 in

480 669 995 731 utramquepartem
1027 659 1404 728 proneudcns:
1453 669 1504 712 et
1546 660 1746 727 quibus
1803 660 1918 710 haec
1950 671 2058 710 mo-

478 754 558 807 dis
605 754 755 814 ﬁant,
788 760 839 802 et
869 749 1142 817 quodnam
1174 748 1371 799 borum
1403 755 1646 814 agentes,
1668 743 1796 812 quid
1847 757 2054 795 merea-

479 862 620 905 mur,
655 843 852 912 quibus
901 841 1070 894 rebus
1113 839 1564 901 admirationem,
1619 837 1821 905 quibus
1867 834 2054 887 odium

480 937 635 990 nobis
697 934 1077 997 conciliemus,
1124 946 1244 999 qute
1295 931 1829 984 commiserationem
1879 929 2054 995 impe-

479 1036 694 1090 trc-nt,a
726 1025 880 1078 nobis
935 1037 1156 1092 quoquo
1199 1021 1364 1075 modo
1408 1021 1570 1074 facta.
1627 1019 1829 1073 Verum
1863 1019 1908 1072 si
1953 1021 2058 1072 hoc

477 1120 852 1181 instituamus,
886 1118 938 1171 in
976 1116 1244 1168 inﬁnitum
1281 1122 1537 1183 provecta
1564 1113 1745 1165 oratio
1789 1111 1973 1174 faciet,
1998 1119 2056 1164 ut

477 1213 663 1266 aﬂecta
695 1211 806 1281 (sal
829 1211 966 1277 scio)
995 1209 1241 1262 molestia
1274 1208 1507 1276 quadam
1538 1205 1798 1272 juventus
1830 1205 2054 1259 haereat.

474 1309 607 1362 Nam
640 1306 1006 1376 particulatim
1037 1317 1310 1371 exponere
1345 1301 1482 1355 velle
1539 1312 1879 1368 quaecunque
1909 1297 2055 1351 mul-

476 1401 676 1454 tiformi
715 1399 1056 1466 scenicaaque
1101 1395 1229 1447 huic
1258 1393 1379 1446 vitae
1431 1391 1751 1474 contingere
1803 1398 2053 1472 possunt.

472 1506 520 1544 ei
558 1505 899 1560 quaecunque
952 1487 1110 1540 nobis
1139 1485 1325 1538 eadem
1377 1465 1637 1546 ostendit,
1679 1483 1806 1535 dum
1849 1465 2052 1534 larvam

475 1587 786 1650 frequenter
819 1581 1096 1643 immutat,
1128 1587 1454 1643 tantumque
1489 1589 1594 1628 neu
1623 1573 1861 1627 fabulam
1895 1573 2053 1641 quasi

471 1675 763 1744 quamdam
799 1670 1043 1732 exhibet,
1068 1668 1203 1721 alias
1237 1665 1358 1722 aliis
1398 1663 1784 1728 incidentibus,
1807 1662 2053 1717 diversa-

473 1783 591 1820 rum
626 1764 983 1819 occasionum
1005 1770 1057 1814 et
1086 1773 1444 1828 personarum
1496 1771 1704 1821 causa;
1748 1769 1870 1808 cum
1913 1755 2055 1821 ipso-

473 1874 592 1912 rum
617 1869 836 1926 quoque
873 1864 1180 1921 temporum
1223 1850 1357 1904 adeo
1395 1847 1557 1902 variae
1613 1847 1725 1901 sint
1781 1839 2054 1900 vicissitu-

472 1951 649 2010 dines,
689 1955 747 2000 ut
768 1944 957 1999 eadem
989 1953 1250 2012 perpetuo
1282 1955 1382 1994 nos
1413 1940 1480 1993 de
1537 1937 1701 1992 rebus
1741 1935 1932 2011 iisdem
1961 1951 2054 1990 eo-

473 2041 644 2108 gitare
678 2035 827 2089 nullo
859 2033 1019 2087 modo
1045 2031 1367 2101 permittant
1395 2028 1482 2084 :id
1513 2042 1666 2090 vero.
1686 2042 1803 2082 mea
1831 2027 2051 2094 quidem

473 2129 782 2187 sententia.
835 2139 1062 2195 prorsus
1116 2125 1220 2176 huc
1279 2136 1382 2174 non
1426 2119 1800 2190 quadraverit.
1840 2117 2050 2172 Etenim

471 2221 762 2276 ambitiose
795 2219 976 2288 potius
997 2214 1369 2286 philosophari
1398 2213 1532 2267 velle
1557 2211 1864 2266 videbimur
1885 2224 2052 2280 quam

475 2323 525 2368 te
561 2313 626 2367 ad
657 2312 910 2365 virtutem
939 2310 1224 2364 instruere.
1266 2304 1402 2358 Nam
1432 2305 1550 2374 ipsa
1594 2303 1816 2373 quidem
1851 2303 2056 2356 oratio-

475 2407 557 2462 nis
587 2407 757 2462 series
791 2404 991 2457 multas
1015 2399 1306 2456 ostendere
1337 2399 1638 2454 divisiones
1693 2406 1747 2452 et
1804 2396 2053 2452 subdivi-

472 2500 656 2553 siones
708 2496 872 2564 cogit,
938 2492 1246 2563 gradusque
1303 2490 1486 2558 plures
1537 2487 1741 2552 facere,
1789 2488 2055 2556 quasique

471 2591 675 2646 scalam
720 2587 1014 2656 quamdam
1044 2586 1236 2638 horum
1287 2581 1588 2636 exhibere:
1653 2582 1748 2635 sed
1818 2581 2055 2634 deterret

471 2683 650 2751 copia,
685 2692 1056 2748 magnumque
1087 2676 1311 2746 pelagus
1334 2688 1526 2728 eorum
1554 2688 1676 2741 quae
1735 2670 2050 2726 necessario

469 2775 702 2831 dicenda
737 2773 984 2826 veniunt.
1046 2769 1411 2835 Quamobrem
1440 2767 1508 2820 de
1550 2765 1637 2820 bis
1679 2764 1887 2832 prolixe
1943 2763 2056 2820 dis-

469 2883 673 2931 serere,
709 2863 975 2936 quidquid
1016 2871 1102 2916 est
1132 2875 1312 2930 Operae
1353 2860 1613 2930 pretium,
1654 2857 1967 2912 Aristotelis
2000 2864 2053 2910 et

468 2959 712 3015 Platonis
751 2966 806 3012 et
836 2957 1066 3009 aliorum
1100 2952 1288 3006 talium
1320 2966 1442 3005 esse
1483 2959 1751 3011 statuens,
1775 2963 1869 3002 eos
1905 2947 2054 3016 ipsos

468 3053 534 3104 de
578 3052 742 3105 rebus
798 3046 1109 3117 liujnsmodi
1162 3043 1530 3113 philosophari
1576 3042 1775 3105 sinam,
1830 3039 2052 3108 quando

469 3143 586 3196 fieri
629 3140 819 3208 nequit
846 3149 903 3192 ut
937 3139 1226 3206 quisquam
1263 3136 1335 3188 ’de
1360 3134 1442 3186 his
1483 3133 1688 3186 rectius
1745 3143 1906 3200 atque
1936 3145 2049 3183 me-

467 3234 576 3286 lius
608 3232 689 3285 eis
718 3231 972 3283 disserat.
1001 3227 1107 3280 Nos
1145 3239 1275 3278 vero
1312 3225 1577 3276 duntaxat
1626 3222 1825 3283 obiter,
1878 3227 2042 3289 prout

467 3324 582 3376 ﬁeri
611 3321 816 3386 licebit,
850 3320 934 3372 bis
959 3317 1116 3386 quasi
1142 3315 1415 3378 delibatis,
1445 3314 1509 3367 ad
1540 3313 1795 3366 ulteriora
1846 3311 2041 3365 deinde

471 3413 898 3484 progrediemur.
933 3408 1067 3463 Nam
1097 3419 1152 3462 et
1207 3408 1321 3476 ipsa
1361 3407 1474 3460 haec
1517 3405 1749 3460 docendi
1796 3405 1954 3468 ratio,
1987 3412 2043 3457 et

2083 1816 2130 1873 Β

2157 479 2267 530 τίσι
2299 477 2467 530 ταῦτα
2499 477 2752 546 γίγνεται
2785 479 3032 548 τρόποις,
3065 481 3157 532 καὶ
3184 482 3231 532 τί
3264 482 3454 535 τούτων
3483 489 3670 540 ποιοῦνι

2161 583 2274 632 τες,
2307 569 2470 620 τίνων
2515 569 2682 637 ἐσμὲν
2731 569 2891 634 ἄξιοι,
2920 570 3012 622 καὶ
3041 571 3151 622 τίσι
3185 572 3575 642 θαυμαζόμεθα,
3597 581 3675 630 xtl.

2160 661 2269 712 τίσι
2324 660 2653 728 μισούμεθα,
2681 661 2775 714 καὶ
2806 663 2951 714 τίσιν
3000 662 3315 731 ἐλεούμεθα,
3339 665 3437 716 τῶν
3464 668 3679 738 ὁπωσδή-

2159 767 2289 802 ποτε
2340 750 2474 819 παρ’
2523 751 2680 820 ἡμῶν
2730 752 3058 820 γινομένων.
3109 755 3250 823 [Ιλὴν
3295 757 3341 808 εί
3371 756 3517 809 τοῦτο
3541 761 3678 825 ποιή-

2162 856 2344 908 σαιμι,
2395 841 2475 902 είς
2522 842 2802 910 ἄπειρονὸ
2829 841 2986 908 λόγος
3033 843 3349 911 ἐξενεχθεὶς,
3377 843 3432 896 εὖ
3488 844 3572 897 οἷδ’
3612 849 3680 899 ὅτι

2161 933 2259 1000 τὴν
2309 933 2540 1001 νεότητα
2570 934 2938 999 ἀποκναίσας,
2989 934 3225 1002 ίλιγγιᾷν
3273 937 3589 1004 προξενήσει.
3617 937 3680 990 Τὸ

2159 1024 2268 1093 γάρ
2318 1024 2460 1076 κατὰ
2505 1024 2672 1093 μέρος
2724 1024 3023 1094 πειρᾶσθαι
3058 1025 3308 1096 φράζειν,
3334 1028 3528 1095 ὅσαπερ
3557 1029 3677 1080 ἐνδέ-

2158 1132 2314 1184 χεται
2347 1118 2653 1182 συμπεσεῖν
2689 1116 2768 1187 τῷ
2818 1117 3159 1188 πολυμόρφῳ
3195 1119 3284 1171 καὶ
3317 1118 3545 1188 σκηνικῴ
3571 1120 3686 1188 τῷδε

2162 1204 2281 1274 βίῳ,
2319 1206 2412 1257 καὶ
2465 1206 2679 1276 ὅσαπερ
2736 1210 2872 1277 ἡμῖν
2930 1209 3096 1272 αὐτὸς
3123 1208 3409 1273 δείκνυσι,
3451 1212 3614 1262 πυκνὰ
3642 1212 3693 1261 τὸ

2160 1301 2507 1366 προσωπεῖον
2557 1299 2934 1365 ὑπαλλάττων,
2981 1302 3078 1354 καὶ
3133 1303 3413 1371 μονονουχὶ
3453 1303 3691 1371 δραματο-

2157 1389 2350 1454 ποιῶν,
2412 1389 2600 1443 ἄλλοτε
2656 1391 2835 1444 ἄλλων
2877 1392 3375 1461 παρεμπιπτόντων
3407 1432 3422 1456 ,
3453 1393 3694 1460 διαφόρων

2159 1481 2428 1549 ἀφορμῶν
2474 1483 2571 1534 καὶ
2619 1483 2930 1552 προσώπων
2974 1483 3161 1546 ἕνεκα,
3203 1484 3298 1536 καὶ
3351 1486 3558 1552 προσέτι
3604 1485 3696 1534 τῶν

2158 1573 2365 1640 καιρῶν
2415 1573 2776 1636 παντοδαπῶς
2828 1575 3344 1644 μεταϐαλλομένων,
3396 1575 3530 1628 ὥστε
3582 1574 3698 1643 μηδὲ

2161 1666 2466 1731 συγχωρεῖν
2484 1664 2660 1715 ταύτὰ
2685 1665 2823 1717 νοεῖν
2854 1665 3121 1733 διηνεκῶς
3144 1665 3274 1734 περί
3303 1665 3369 1716 τὰ
3389 1664 3519 1715 αὐτὰ
3541 1664 3700 1731 πράγο

2163 1771 2330 1822 ματα,
2357 1757 2637 1818 παντελῶς
2668 1756 2733 1809 ἂν
2756 1759 2842 1824 εἴη
2881 1757 2987 1823 ἔξω
3008 1757 3102 1810 τοῦ
3127 1758 3518 1827 προσήκοντος,
3541 1751 3701 1822 οἶμαι.

2156 1849 2389 1917 Δόξομεν
2415 1851 2524 1918 γὰρ
2556 1849 2869 1917 φιλοσοφεῖν
2906 1849 3312 1918 φιλοτιμεῖσθαι
3344 1848 3554 1917 μᾶλλον,
3583 1847 3610 1915 ἦ
3644 1847 3694 1897 σὲ

2156 1942 2293 2008 πρὸς
2329 1936 2460 2009 ἦθος
2491 1941 2803 1995 παιδεύειν⁸
2845 1943 2880 2011 ἡ
2927 1941 3025 2009 μὲν
3055 1941 3165 2012 γὰρ
3192 1939 3476 1993 ἀκολουθία
3503 1938 3588 1990 τοῦ
3619 1937 3694 1988 16-

2155 2049 2253 2100 γου
2305 2032 2714 2100 καταναγκάξει
2765 2033 3053 2103 διαιρέσεις
3099 2050 3160 2084 τε
3212 2032 3411 2094 πολλὰς
3459 2033 3546 2083 καὶ
3587 2031 3702 2082 ύπο·

2154 2125 2454 2195 διαιρέσεις
2485 2127 2786 2188 δεικνύναι,
2818 2128 2911 2179 καὶ
2959 2125 3208 2194 βαθμοὺς
3258 2122 3489 2184 πολλοὺς
3528 2123 3699 2178 ποιεῖν.

2154 2218 2249 2269 καὶ
2298 2218 2462 2269 οἱονεί
2495 2235 2614 2269 τινα
2665 2217 2872 2270 τούτων
2921 2217 3174 2286 κλίμακα
3227 2215 3542 2286 ἀποφῆναι·
3570 2212 3706 2280 φοϐεῖ

2153 2306 2209 2359 δὲ
2242 2306 2388 2375 μάλα
2436 2308 2496 2368 τδ
2544 2307 2752 2375 πλῆθος
2785 2308 2879 2360 καὶ
2904 2308 2964 2360 τὸ
2997 2309 3131 2362 πολὺ
3165 2307 3277 2360 τῶν
3304 2305 3610 2373 ἀναγκαίων
3637 2304 3703 2353 εὶ·

2158 2397 2358 2468 ρῆσθαι
2387 2398 2649 2466 πέλαγος.
2685 2398 2847 2451 Ὅθεν
2877 2398 2942 2467 δὴ
2967 2397 3028 2450 τὸ
3076 2397 3365 2468 προῦργου
3397 2397 3570 2464 λέγειν
3597 2396 3710 2462 περὶ

2155 2491 2263 2544 τῶν
2304 2491 2563 2545 τοιούτων
2593 2492 2674 2553 εἰς
2727 2493 2898 2560 μῆκος
2939 2491 3375 2562 Ἀριστοτέλους,
3403 2490 3494 2542 καὶ
3515 2488 3707 2542 Πλάτω-

2153 2600 2266 2649 νος,
2318 2583 2412 2636 καὶ⁴
2460 2582 2568 2634 τῶν
2603 2580 2783 2635 ἄλλων
2833 2581 2940 2634 τῶν
2983 2583 3255 2636 τοιούτων
3301 2579 3443 2634 εἶναι
3487 2579 3710 2649 νομίσας,

2154 2674 2378 2738 τούτους
2408 2670 2476 2728 αὖ
2522 2673 2685 2727 πάλιν
2717 2673 2863 2726 ὲάσω
2897 2672 2964 2726 τά
2997 2690 3061 2740 γε
3113 2671 3351 2726 τοιαῦτα
3403 2670 3709 2739 φιλοσοφεῖν,

2153 2768 2229 2822 ὅτ’
2283 2767 2438 2820 οὐδὲν
2485 2765 2636 2818 ἔστιν
2685 2767 2864 2818 εἰπεῖν
2906 2764 3152 2818 ὁντινοῦν
3207 2764 3439 2818 ἐκείνων
3493 2763 3713 2830 ἄμεινον.

2166 2863 2361 2932 Ἡμεῖς
2391 2861 2446 2913 δὲ
2483 2860 2642 2939 μόνον
2672 2858 2747 2920 ῶς
2781 2859 2992 2911 ἔνεστιν
3023 2858 3482 2928 ἀφοσιωσάμενοι
3509 2856 3575 2906 τὰ
3601 2852 3714 2921 περὶ

2153 2955 2343 3014 τῶνδε,
2369 2949 2470 3007 εἶτ’
2521 2953 2614 3005 ἐπὶ
2643 2952 2710 3006 τὰ
2756 2951 2947 3020 πρόσω
2979 2953 3340 3022 χωρήσομεν.
3369 2951 3482 3004 Καὶ
3508 2949 3610 3018 γὰρ
3636 2951 3718 2998 καὶ

2153 3046 2215 3098 τὸ
2245 3045 2431 3116 σχῆμα
2470 3045 2568 3113 τῆς
2621 3043 2860 3112 ὁμιλίας,
2907 3043 3002 3096 καὶ
3045 3045 3079 3112 ἡ
3129 3043 3232 3095 τοῦ
3266 3043 3432 3110 λόγου
3462 3040 3718 3108 καταρχὲς

2153 3136 2320 3204 ὁρμὴ,
2346 3135 2522 3205 εἴργει
2543 3135 2798 3190 τοσοῦτον
2829 3135 3355 3204 ὑπερεκτείνεσθαι,
3381 3135 3579 3194 πάσαις
3605 3131 3718 3184 €116-

2152 3243 2311 3294 μενον
2361 3229 2483 3288 ταῖς
2529 3227 2959 3295 παρεκδρομαῖς,
3008 3227 3112 3278 κᾶν
3165 3228 3482 3295 ἀναγκαῖαι
3527 3226 3584 3276 τὸ
3612 3217 3723 3274 κατ’

2148 3313 2314 3376 αύτὰς
2377 3314 2650 3382 λέγεσθαι.
2716 3301 2976 3386 Ἀρκτέον
3018 3315 3083 3386 δὴ
3145 3320 3252 3371 καὶ
3313 3319 3620 3387 πειρατέον,
3657 3313 3724 3375 ὡς

2147 3400 2258 3459 οἷόν
2288 3423 2372 3472 τε,
2400 3407 2490 3461 διὰ
2523 3408 2772 3478 βραχέων
2803 3408 3096 3460 ἀποδοῦναι
3128 3411 3225 3463 τὸν
3258 3412 3444 3478 λόγον.

467 3512 722 3580 pliltt'eps
752 3504 1374 3565 orationisinstitutum,
1426 3510 1712 3570 tantOpere
1756 3517 1853 3556 nos
1907 3503 2122 3575 evagari
2165 3519 2273 3557 non
2303 3504 2454 3570 sinit,
2522 3515 2582 3559 ut
2647 3507 2900 3562 omnibus
2947 3507 3192 3576 obliquis
3252 3510 3407 3563 velut
3467 3504 3732 3562 excursio.

469 3601 987 3663 nibusinsistanius,
1021 3601 1272 3667 quamvis
1302 3597 1430 3664 ipsa:
1465 3611 1558 3665 per
1597 3612 1655 3648 se
1714 3599 2038 3651 necessariae
2111 3600 2219 3653 sint
2258 3599 2561 3668 explicato.
2599 3599 2970 3671 Incipiendum
3001 3602 3191 3672 igitur,
3248 3618 3538 3672 operaque
3565 3601 3728 3655 danda

415 3698 433 3713 '
467 3713 564 3765 pro
597 3697 799 3749 viribus
833 3704 890 3746 ut
925 3709 1011 3747 res
1043 3701 1154 3746 tota
1191 3691 1449 3745 brevibus
1484 3701 1810 3758 exponetur.

539 3790 743 3843 Delicta
802 3787 996 3856 partim
1044 3801 1110 3840 ex
1158 3784 1497 3854 ignoratione
1539 3785 1773 3851 perfecta
1820 3786 2043 3852 proiici-

465 3894 716 3946 Srunlur,
744 3895 916 3948 eaque
961 3894 1091 3934 sane
1133 3877 1334 3931 fuerint
1365 3891 1394 3928 a
1441 3890 1544 3943 qua
1571 3877 1649 3927 vis
1691 3883 1804 3927 tum
1859 3891 2042 3942 parua,

471 3985 580 4024 tum
616 3969 1038 4038 reprehensione
1066 3968 1327 4019 immunia
1353 3981 1368 4030 ;
1391 3965 1585 4033 partim
1608 3981 1634 4016 a
1660 3965 1964 4018 scientibus
1991 3976 2044 4019 et

466 4062 826 4133 pru.lcntibus
845 4060 1296 4119 adiuittuntur,et
1321 4066 1571 4110 accurata
1590 4058 1904 4122 voluntate;
1924 4072 2044 4124 qua:

467 4155 799 4222 probationis
820 4151 960 4205 haud
984 4158 1162 4219 egent,
1187 4164 1292 4219 qua
1311 4149 1650 4210 ostendatur,
1670 4164 1790 4202 esse
1813 4164 2039 4216 prorsus

465 4265 526 4301 ea
560 4247 887 4307 voluntaria,
920 4259 1039 4297 cum
1066 4260 1094 4297 a
1134 4258 1267 4311 pura
1314 4242 1584 4294 electione
1617 4241 1785 4292 animi
1823 4241 2039 4308 prolici-

466 4349 706 4392 scantur.
738 4335 871 4389 Nam
903 4335 1172 4403 ejusmodi
1202 4325 1493 4385 manifesto
1531 4330 1836 4383 voluntaria
1867 4339 2029 4396 sunt;

2215 3787 2340 3840 Τῶν
2367 3788 2784 3859 ἁμαρτημάτων
2806 3789 2873 3842 τὰ
2905 3789 3002 3856 μὲν
3034 3789 3156 3842 ἔστι
3187 3791 3323 3844 κατ’
3355 3790 3585 3857 ἄγνοιαν
3611 3804 3732 3840 παν-

2143 3879 2293 3949 τελῆ,
2347 3882 2442 3932 καὶ
2472 3877 2581 3933 εἷεν
2637 3881 2704 3934 ἂν
2749 3881 3014 3952 ἐλεύθερα
3059 3882 3227 3952 δίκης
3281 3881 3610 3954 ἡστινοσοῦν
3648 3877 3733 3931 καὶ

2147 3973 2407 4043 μέμψεως
2433 3991 2446 4004 ·
2473 3976 2540 4027 τὰ
2579 3975 2636 4027 δὲ
2669 3977 2726 4027 έν
2761 3975 2964 4042 γνώσει
2993 3975 3272 4042 γινόμενα
3307 3977 3410 4029 καὶ
3447 3974 3586 4027 κατὰ
3623 3971 3733 4041 βού-

2143 4064 2302 4135 λησιν
2327 4065 2552 4135 ἀκριϐῆ,
2579 4067 2739 4120 ἆτινα
2761 4067 2820 4119 ού
2847 4067 3021 4120 δεῖται
3045 4067 3338 4120 δεικνύναι
3368 4063 3732 4132 κατασκευῆς,
3759 4103 3768 4114 ,

2144 4155 2220 4218 ῶς
2247 4155 2335 4226 ἄρ’
2377 4157 2603 4211 ἑκούσια
2639 4158 2942 4224 παντελῶς,
2982 4159 3080 4211 ἆτε
3115 4161 3521 4229 προαιρέσεως
3553 4160 3739 4226 (inpat-

2144 4247 2309 4315 φνοῦς
2335 4247 2482 4302 ὄντα.
2517 4248 2597 4300 Τὰ
2629 4247 2738 4316 γὰρ
2764 4247 2827 4316 δὴ
2853 4248 3074 4301 τοιαῦτα
3106 4250 3312 4317 σαφῶς
3344 4249 3580 4303 ἑκούσια
3603 4263 3618 4278 ·
3651 4246 3738 4297 καὶ

2141 4339 2295 4394 οὐδὲν
2330 4340 2530 4393 κωλύει
2565 4341 2626 4392 τὸ
2664 4342 2740 4410 μὴ
2769 4341 2863 4394 καὶ
2894 4341 2954 4394 τὸ
2987 4340 3238 4410 ἔμπαλιν
3273 4339 3428 4396 εἶναι
3457 4360 3473 4372 ’
3503 4343 3647 4409 λέγω
3683 4338 3737 4389 τὸ

467 4445 562 4482 nec
584 4429 879 4497 quidquam
908 4423 1150 4494 prohibet
1170 4437 1278 4492 quo
1299 4423 1480 4476 minus
1499 4430 1551 4473 et
1574 4421 1691 4475 vice
1709 4425 1864 4475 v'ersa
1881 4420 2036 4476 dica-

2151 4431 2234 4485 καὶ
2266 4433 2376 4484 πᾶν
2405 4432 2652 4486 ἑκούσιον
2666 4406 2770 4502 ’τῆς
2809 4406 3189 4503 προαιρέσεως
3217 4436 3513 4501 γίνεσθαι.
3538 4406 3614 4488 Oti
3638 4431 3733 4499 γὰρ

467 4533 576 4597 tur,
607 4517 871 4589 quidquid
914 4515 1283 4569 voluntarium
1326 4514 1417 4574 sit,
1443 4514 1508 4566 ad
1531 4513 1851 4568 electionem
1873 4515 2036 4583 perti-

465 4630 614 4665 nere.
639 4609 758 4663 Non
791 4610 932 4662 enim
957 4607 1156 4676 ubique
1181 4605 1572 4675 requirendum
1599 4614 1685 4658 est
1711 4605 1763 4658 id
1795 4605 1938 4673 quod
1968 4620 2034 4659 ex

465 4705 635 4757 altera
669 4709 822 4770 parte
848 4698 1162 4767 respondet,
1191 4712 1313 4749 nam
1350 4711 1473 4766 qua:
1498 4694 1659 4748 latius
1693 4702 1902 4764 patent,
1928 4709 2036 4748 una

465 4808 590 4847 cum
633 4790 878 4860 partibus
905 4792 1018 4842 suis
1048 4796 1102 4840 et
1134 4787 1244 4855 ipsa
1279 4797 1390 4840 tum
1444 4784 1881 4850 considerantur,
1919 4795 2036 4838 tum

465 4899 586 4940 sese
615 4881 851 4937 oﬂ’erunt
874 4897 887 4934 :
914 4887 968 4932 at
995 4879 1048 4931 in
1081 4877 1329 4946 partibus
1359 4892 1467 4928 non
1493 4875 1702 4938 itidem,
1733 4875 1877 4944 quod
1910 4876 2035 4928 uni-

467 4974 730 5031 versalius
762 4981 866 5027 est.
894 4969 1024 5024 Tale
1051 4985 1180 5022 vero
1207 4969 1466 5037 quiddam
1492 4983 1616 5022 esse
1647 4977 1754 5021 tam
1783 4970 2036 5022 volunta-

463 5067 606 5120 rium
634 5079 797 5134 quam
819 5063 1166 5122 electionem,
1191 5061 1364 5113 visum
1387 5067 1471 5112 est
1501 5060 1814 5114 exercitatis
1852 5061 1903 5112 in
1934 5060 2036 5114 hoc

465 5177 661 5233 genere
678 5161 829 5224 viris,
849 5158 1024 5226 iisque
1043 5167 1152 5211 tum
1175 5156 1331 5224 plane
1350 5154 1527 5217 bonis,
1552 5163 1664 5206 tum
1685 5153 2036 5222 virtutegpraa-

462 5254 613 5308 ditis.
636 5252 803 5305 Aiunt
842 5249 1012 5309 enim,
1034 5247 1353 5300 electionem
1415 5260 1522 5298 non
1554 5259 1674 5298 esse
1709 5245 1853 5298 idem
1887 5241 2035 5312 quod

467 5344 855 5415 voluntarium,
883 5339 976 5395 sed
1003 5348 1209 5408 partem
1234 5339 1372 5406 ejus.
1396 5337 1465 5389 At
1497 5337 1549 5389 in
1580 5336 1882 5389 voluntaria
1902 5337 2036 5389 sub-

462 5439 632 5492 tiliter
653 5434 1132 5496 existimabantur,
1163 5446 1504 5498 quaecunque
1551 5438 1704 5497 putat
1725 5428 2035 5497 aliquisne-

461 5531 662 5586 minem
691 5543 884 5582 sanum
905 5541 1132 5598 prorsus
1149 5525 1345 5579 debere
1364 5524 1497 5577 velle
1521 5537 1710 5591 ;quam
1732 5523 1950 5592 quidem
1967 5523 2037 5576 ob

462 5634 685 5676 causam
705 5632 804 5673 nec
825 5627 972 5671 amat
992 5629 1198 5680 ea,nec
1226 5614 1404 5668 facere
1420 5615 1586 5682 cupit,
1626 5615 1735 5666 imo
1772 5627 1900 5667 vero
1940 5629 2037 5682 pro

451 5708 667 5786 jnsigni
695 5707 848 5764 lucro
873 5707 1020 5764 ducit
1049 5705 1192 5777 quod
1236 5705 1374 5762 nihil
1401 5706 1503 5762 sibi
1541 5721 1663 5762 cum
1690 5706 1771 5762 eis
1795 5721 2034 5776 unquam

2139 4522 2418 4592 πανταχοῦ
2455 4523 2515 4575 τὸ
2551 4523 2910 4591 ἀντιστρέφον
2941 4523 3312 4592 ἀπαιτητέον.
3348 4527 3436 4578 Τὰ
3475 4527 3586 4592 γὰρ
3635 4525 3744 4574 ἐπι·

2137 4613 2298 4666 πλέον
2327 4614 2422 4666 καὶ
2455 4614 2844 4681 συνθεωρεῖται
2869 4616 2961 4667 καὶ
2989 4619 3439 4685 συνεισφέρεται
3493 4617 3576 4688 τῷ
3604 4613 3741 4681 σφῶν

2139 4703 2318 4755 αὐτῶν
2356 4704 2514 4774 μέρει
2537 4719 2550 4733 ·
2582 4706 2650 4757 τὰ
2681 4708 2823 4773 μέρη
2858 4703 2918 4757 δὲ
2953 4705 3138 4757 οὐκέτι
3163 4706 3251 4774 τῷ
3292 4707 3744 4772 καθολικωτέρῳς

2139 4797 2380 4850 τοιοῦτον
2412 4797 2468 4851 δὲ
2495 4801 2555 4851 τὸ
2578 4799 2829 4852 ἑκούσιον
2861 4799 2955 4852 καὶ
2990 4801 3022 4867 ἡ
3056 4799 3415 4870 προαίρεσις
3451 4801 3604 4865 ἔδοξε
3639 4800 3744 4854 τοῖς

2139 4888 2268 4957 περὶ
2291 4887 2362 4938 τὰ
2381 4888 2610 4940 τοιαῦτα
2634 4891 3008 4957 ὲσχολακόσιν,
3034 4890 3280 4959 ἀνδράσι
3307 4893 3507 4945 πάντα
3533 4889 3750 4957 ἀγαθοῖς

2138 4975 2233 5028 καὶ
2281 4975 2823 5040 σπουδαίοιςμὶΕἷναι
2858 4979 2958 5046 μὲν
2996 4979 3104 5047 γὰρ
3139 4977 3252 5047 τὴν
3295 4981 3644 5049 προαίρεσιν
3691 4976 3747 5026 οὐ

2138 5069 2333 5120 ταυτὸν
2355 5066 2434 5137 τῷ
2455 5069 2714 5138 έκουσίῳ,
2740 5070 2953 5122 ἐκείνου
2982 5069 3041 5122 δέ
3071 5086 3124 5121 τι
3162 5070 3380 5140 μέρος.
3423 5070 3575 5124 Ἀλλ’
3603 5071 3754 5137 ἀκρι·

2139 5159 2248 5218 θῶς
2288 5160 2386 5226 μὲν
2422 5159 2656 5213 ἀκούσια
2713 5160 3127 5229 νομισθήσεται,
3189 5161 3308 5214 ὅσα
3374 5164 3446 5232 δή
3515 5179 3606 5224 τις
3663 5159 3752 5223 οὐχ

2139 5253 2356 5321 ἡγεῖται
2391 5250 2592 5318 θελητὰ
2640 5252 2966 5320 τοπαράπαν
3007 5247 3146 5303 εἶναι
3179 5255 3311 5315 τοῖς
3352 5253 3422 5306 εὖ
3453 5252 3754 5324 φρονοῦσι*

2137 5346 2232 5394 καὶ
2257 5342 2346 5394 διὰ
2375 5341 2534 5393 τοῦτο
2571 5341 2695 5394 οὔτε
2745 5343 2910 5411 φιλεῖ,
2956 5341 3082 5395 οὔτε
3118 5342 3417 5410 πράττειν
3457 5346 3607 5397 αὐτὰ.
3637 5341 3757 5412 βού-

2138 5434 2290 5487 λεται
2312 5450 2326 5464 ·
2350 5433 2487 5486 ἀλλὰ
2515 5434 2608 5486 καὶ
2629 5433 2763 5487 πολύ
2792 5453 2844 5487 τι
2877 5434 3066 5502 κέρδος
3095 5435 3334 5501 νομίζει
3362 5436 3432 5488 τὸ
3461 5437 3607 5506 μηδὲ
3637 5450 3763 5500 συγ-

2140 5528 2422 5594 γεγονέναι
2469 5529 2708 5580 τουτοισὶ
2745 5526 3010 5598 μηδαμῶς
3071 5524 3410 5596 μηδέποτε,
3441 5529 3586 5597 μηδὲ
3639 5524 3763 5578 καθ’

2140 5617 2431 5687 ἡντιναοῦν
2484 5618 2810 5685 φαντασίαν,
2859 5617 2892 5685 ἢ
2925 5617 3057 5684 γοῦν
3104 5615 3385 5672 ἐπίνοιαν
3448 5619 3765 5691 λογισμῶν.

2142 5709 2242 5763 Ἢν
2271 5708 2329 5762 δέ
2357 5725 2407 5763 τι
2433 5709 2696 5780 πράττειν
2724 5709 3042 5780 ἀναγκασθῇ
3081 5707 3260 5780 μηδὲν
3297 5711 3456 5776 ὅλως
3496 5713 3769 5783 βουλόμε-
