3920 6200
264 286 380 355 429

1668 251 1949 370 OIlATIO
1991 306 2095 371 ill.

3411 326 3513 388 430

268 419 364 466 vo;
406 404 574 476 πολλῇ
609 412 900 482 περιουσίᾳ
930 410 1234 485 δυνάμεως,
1266 419 1470 488 σφόδρα
1508 420 1817 491 βιαζομένιι

2018 365 2095 371 ---
3411 365 3513 388 ‘1va

1939 420 2046 474 ullo
2093 423 2254 477 tundo
2285 427 2595 481 commercii
2642 425 2823 493 fuerit,
2852 444 2917 483 ne
2947 445 3041 500 per
3075 433 3513 507 imaginationem

267 490 368 545 τοῦ
403 496 726 564 πράγματος
757 495 790 565 ἢ
822 499 1137 567 προσώπου,
1162 504 1414 561 λυπεῖται
1451 511 1570 577 μὲν,
1595 490 1839 581 χωροῦν⁹

265 598 365 646 τος
406 585 501 637 τοῦ
546 585 746 650 δεινοῦ,
779 587 936 657 ζητεῖ
972 592 1030 646 δὲ
1060 594 1262 663 τρόπον
1291 600 1507 653 ᾶπαντα
1562 602 1716 654 λύσιν
1745 603 1841 655 τοῦ

265 677 515 744 χαλεποῦ
544 694 559 706 °
596 681 690 732 καὶ
720 680 902 734 πάντα
932 684 1081 737 λίθον
1109 687 1291 758 (φασὶ)
1319 694 1477 757 κινεῖ,
1527 694 1623 749 καὶ
1663 712 1841 765 μηχα-

263 770 370 830 νὰς
415 770 509 820 ἐπὶ
556 775 849 842 μηχαναῖς,
882 776 977 828 καὶ
1023 779 1243 832 ἀνιᾶται
1291 783 1458 850 μηδὲν
1503 785 1712 838 ἀνύωψ
1747 788 1840 840 καὶ

261 859 557 927 διόρθωσιν
601 862 861 928 λαϐόντος
895 869 991 920 τοῦ
1044 872 1438 940 τυραννοῦντος
1486 877 1588 946 ἤδη
1638 880 1836 944 κακοῦ,

268 949 391 1012 πῶς
438 952 563 1015 οτει,
611 954 776 1007 πόσον
824 957 1054 1027 ἧδεται;
1108 964 1273 1016 πόσον
1320 968 1541 1037 χαίρεις
1602 973 1837 1041 σκιρτῶν

266 1041 486 1111 φαιδρῷ
515 1043 595 1112 τῷ
643 1047 944 1119 προσώπῳ,
977 1055 1071 1104 καὶ
1106 1055 1292 1124 σαφῶς
1344 1061 1459 1121 τοῖς
1501 1060 1646 1124 ὅλοις
1674 1065 1837 1118 αὑτὸν

257 1132 502 1199 δεικνὺς,
528 1136 604 1199 ὡς
636 1138 719 1190 ὃτι
757 1140 832 1211 μὴ
866 1145 960 1194 καὶ
1003 1144 1196 1200 θᾶττον
1244 1150 1615 1221 ἀπήλλακται,
1646 1158 1837 1228 δυσχε-

260 1226 446 1297 ραίνει
470 1242 484 1255 ·
516 1228 610 1279 καὶ
652 1229 749 1283 τοῦ
780 1235 985 1298 παντὸς
1021 1237 1089 1290 ἀν
1142 1239 1230 1308 εἴη
1261 1242 1438 1310 τιμῶν
1469 1246 1570 1313 τήν
1604 1263 1667 1314 γε
1702 1226 1838 1318 πρδς

256 1314 427 1367 τοῦτο
457 1317 736 1386 φέρουσαν
786 1326 1098 1395 ταχυτῆτα·
1128 1328 1206 1392 ὡς
1242 1330 1308 1384 ἀν
1362 1351 1415 1386 τι
1451 1338 1660 1391 τούτων
1695 1341 1831 1410 ἀπῇ,

257 1406 362 1457 οὐκ
391 1406 542 1460 ἔστιν
569 1411 892 1481 ἀμέμπτους
937 1418 1311 1490 ἀναφανῆναι,
1353 1424 1624 1494 οὖμενουν
1652 1428 1755 1483 κᾶν
1782 1406 1839 1483 ἐι

258 1510 320 1544 τι
352 1496 770 1564 προδάλλοιντο,
799 1502 918 1555 ἀνθ’
942 1499 1016 1557 ὧν
1046 1508 1144 1560 οὐκ
1174 1511 1360 1579 ἄρτιον
1393 1515 1526 1585 παρ’
1568 1518 1749 1572 αὐτῶν
1776 1521 1835 1576 τὸ

257 1587 545 1655 προσῆκον
573 1589 844 1657 γίγνεται.
881 1597 991 1649 Καὶ
1021 1599 1197 1656 ταῦτα
1245 1606 1345 1673 μιν
1388 1609 1516 1678 περὶ
1543 1611 1635 1663 τοῦ
1666 1614 1834 1665 ἀκου-

255 1679 379 1729 σίου
403 1694 418 1708 ·
462 1681 595 1749 περὶ
644 1683 702 1736 δὲ
748 1685 843 1738 τοῦ
894 1688 1144 1744 ἑκουσίου
1180 1696 1383 1764 φαμὲν,
1412 1698 1486 1761 ὡς
1515 1699 1576 1753 ού
1610 1704 1770 1769 μόνον
1796 1706 1832 1759 ἀ

255 1765 528 1837 ποιοῦμεν
579 1770 1017 1844 εὐφραινόμενοι,
1049 1778 1275 1835 ἑκούσια
1298 1823 1315 1849 ,
1349 1784 1484 1840 ἀλλά
1509 1765 1622 1842 καὶ⁷
1650 1794 1831 1848 ἐκεῖνα

256 1859 500 1924 πάντως,
524 1861 561 1914 ἃ
594 1864 656 1916 ού
688 1863 916 1936 θέλομεν
968 1873 1168 1935 ποιεῖν,
1194 1873 1264 1926 δι’
1312 1876 1481 1947 ἄλλην
1533 1880 1590 1934 δὲ
1635 1884 1832 1954 ἡδονὴν

258 1955 392 2021 ἡμῖν
426 1956 609 2019 αὐτοῖς
654 1958 957 2027 ὲπάγομεν.
995 1965 1105 2017 Καὶ
1134 1965 1246 2036 γὰρ
1280 1968 1341 2021 τὸ
1386 1972 1647 2041 πράττειν
1678 1979 1828 2041 τινάς

1818 2054 1831 2076 ξ

253 2047 469 2110 ἐκεῖνα,
497 2047 643 2102 ἔστω
678 2049 758 2114 δὲ,
798 2051 889 2123 βίᾳ
924 2056 1159 2128 μεγίστῃ
1209 2062 1304 2113 καὶ
1336 2066 1634 2131 τυραννίδι,
1686 2054 1830 2139 ἅπερ

252 2138 328 2190 ἂν
356 2138 531 2207 αὐτῆς
559 2141 805 2214 ἀπούσης
835 2146 935 2199 οὐκ
965 2147 1032 2202 ἂν
1066 2150 1356 2221 ἔπραττον,
1384 2157 1483 2210 οὐκ
1510 2158 1658 2213 ἔστιν
1680 2162 1828 2231 ὅμως

252 2228 496 2293 ἄκοντας
530 2234 812 2303 πράττειν,
867 2239 1005 2294 ἀλλά
1051 2243 1364 2299 τούναντίον
1397 2250 1623 2314 ἑκόντας
1668 2228 1829 2324 περι-

253 2321 465 2387 φανῶς,
504 2324 666 2394 εἰπερ
701 2328 918 2394 ἑκόντες
950 2332 1175 2398 ἑαυτοὺς
1208 2338 1289 2400 είς
1314 2344 1545 2411 ταυτηνὶ
1579 2345 1677 2414 τὴν
1705 2321 1827 2415 βίαν

249 2414 575 2483 εἰσήγαγον,
611 2418 711 2489 τὴν
742 2419 916 2492 ἀρχὴν
961 2425 1056 2478 τοῦ
1105 2426 1398 2499 βιασθῆναι
1432 2433 1644 2488 οἴκοθεν
1671 2414 1827 2491 αύτοὶ

249 2510 784 2577 παρεισαγαγόντες.
821 2516 933 2569 Καὶ
974 2519 1172 2584 γένοιτ’
1217 2520 1284 2574 ἂν
1319 2525 1530 2580 ἐκεῖθεν
1580 2544 1827 2600 καταφα-

236 2598 367 2661 νές.
410 2597 472 2651 '0
523 2602 631 2671 γάρ
676 2605 926 2676 τυράννῳ
983 2608 1180 2676 μισθοῦ
1237 2612 1529 2683 δουλεύων,
1560 2597 1826 2686 είδὼςνώς

249 2688 402 2741 ἔστιν
434 2690 649 2762 ἀνάγκη
682 2696 944 2765 πράττειν
975 2699 1037 2752 τὸ
1063 2703 1241 2773 τούτῳ
1287 2705 1469 2772 δόξαν,
1514 2710 1547 2780 ἢ
1589 2713 1708 2780 μετ’
1737 2717 1823 2768 αι-

251 2782 464 2852 σχύνης
489 2784 579 2836 καὶ
615 2785 839 2855 πληγῶν
863 2790 1227 2863 ἀφαιρεθῆναι
1257 2799 1316 2850 τὸ
1347 2801 1476 2870 ζῇν
1509 2803 1679 2858 ἔπειτ’
1701 2808 1825 2860 ἀνε-

247 2871 369 2925 λεῖν
421 2874 653 2940 ἀθώους,
703 2878 1053 2953 λωποδυτεῖν,
1089 2887 1420 2959 ἱεροσυλεῖν.
1449 2896 1556 2948 πᾶν
1604 2898 1820 2952 ἀνόσιον

244 2954 454 3029 ποιεῖν,
487 2968 579 3019 ὑπ’
613 2970 828 3024 ἐκείνου
859 2972 1185 3047 βιαζόμενος
1217 2984 1497 3049 τοσοῦτον,
1531 2987 1607 3051 ώς
1638 2991 1732 3043 καὶ
1760 2993 1821 3045 τὸ

239 3054 405 3123 ξίφος
453 3058 830 3129 ἐπισειόμενον
888 3066 1038 3136 αὐτῷ
1090 3071 1335 3141 καθορᾷν
1384 3073 1532 3128 δυοῖν
1566 3077 1815 3152 ἔνεκα,ἢ

1948 515 2170 583 quidem
2208 532 2593 589 quamcunque
2624 522 2708 575 vel
2752 525 3142 593 cogitationum
3208 534 3517 602 mentisque

1948 604 2391 675 conceptionem.
2420 609 2573 675 Quod
2603 612 2647 665 si
2670 614 2799 681 quid
2832 618 3058 672 omnino
3080 635 3188 674 non
3212 624 3402 678 volens
3432 628 3515 680 fa-

1943 709 2067 750 cere
2093 707 2313 753 coactus
2342 698 2710 775 iuerit,nimia
2735 705 2786 757 vi
2814 711 3094 771 potestatis
3120 712 3409 779 adductus,
3433 719 3515 771 vel

1952 796 2132 852 re,vel
2161 804 2392 858 persona
2423 793 2676 863 quapiam
2705 797 2905 853 acriter
2927 813 3170 869 cogente,
3189 804 3343 861 dolor
3360 811 3516 877 equi-

1912 879 2063 937 ,dem
2098 882 2416 938 aﬂiciturob
2452 887 2579 940 mali
2611 902 2986 958 progressum,
3010 895 3102 948 sed
3124 899 3316 965 quovis
3349 902 3513 953 modo

1942 975 2018 1027 rei
2037 976 2280 1030 molesta:
2312 978 2473 1032 linem
2494 982 2708 1048 quaerit,
2739 998 3066 1054 omnemque
3086 989 3315 1058 lapidem
3343 994 3512 1061 (quod

1941 1064 2120 1133 aiunt)
2146 1078 2350 1130 movet,
2383 1085 2446 1124 ac
2480 1072 2794 1128 molitioues
2851 1078 3231 1135 molitionibus
3265 1087 3513 1138 cumulat

1938 1156 2030 1207 sed
2059 1155 2193 1209 nihil
2215 1159 2479 1226 prolicere
2496 1162 2645 1217 dolet
2682 1181 2695 1216 :
2729 1174 3017 1235 postquam
3051 1170 3284 1241 denique
3306 1175 3508 1228 malum

1938 1244 2070 1299 illud
2098 1248 2201 1301 vim
2230 1250 2466 1307 aﬂ'erens
2512 1254 2624 1322 jam
2685 1260 3067 1326 emendatum:
3098 1273 3198 1326 est,
3248 1277 3511 1333 quantum

1938 1347 2099 1406 putas
2136 1343 2432 1411 voluptatis
2481 1347 2758 1416 percipit?
2785 1363 3050 1419 quantum
3114 1356 3355 1411 laetitiae?
3381 1359 3510 1412 dum

1939 1430 2116 1487 fronte
2148 1434 2308 1488 hilari
2357 1438 2615 1502 exsultat,
2649 1450 2703 1493 et
2742 1442 2901 1511 plane
2929 1445 3091 1501 rebus
3119 1450 3375 1514 omnibus
3417 1453 3511 1505 dr-

1936 1522 2127 1588 clarat,
2159 1529 2545 1594 permolestum
2589 1532 2695 1586 sibi
2727 1536 2999 1601 accidere,
3032 1543 3179 1609 quod
3204 1546 3366 1599 citius
3398 1562 3507 1600 non

1936 1611 2199 1669 liberatus
2223 1617 2319 1681 sit,
2348 1634 2660 1690 magnoque
2680 1638 2847 1694 supra
2885 1644 2971 1683 res
3007 1647 3200 1687 omnes
3250 1636 3302 1688 in
3331 1639 3507 1704 pretio

1936 1704 2268 1760 celeritatem
2336 1725 2402 1764 eo
2463 1714 2854 1780 pcrdueentem
2919 1720 3082 1775 habet
3128 1739 3143 1788 ;
3200 1729 3402 1797 quippe
3458 1729 3503 1783 si

1938 1794 2132 1851 horum
2156 1799 2363 1869 aliquid
2386 1804 2551 1869 absit,
2578 1809 3003 1876 reprehensione
3017 1829 3207 1871 carere
3231 1831 3507 1888 nequeunt

1937 1891 2207 1955 homines,
2251 1894 2466 1951 etiamsi
2511 1914 2708 1956 causas
2752 1904 3029 1972 proferant
3083 1910 3153 1963 ob
3203 1928 3340 1981 quas
3382 1915 3507 1968 oili-

1934 1981 2079 2035 cium
2121 1984 2359 2054 perfecte
2395 1996 2502 2044 non
2554 1992 2776 2049 faciant.
2812 1996 2876 2051 Et
2910 1999 3023 2054 inec
3061 1990 3280 2070 quidem
3319 2006 3385 2060 de
3422 2009 3506 2060 in-

1936 2073 2267 2132 voluntario.
2321 2078 2395 2135 De
2447 2082 2758 2142 voluntario
2800 2104 2926 2143 vero
2976 2091 3245 2160 dicimus,
3292 2112 3398 2153 non
3439 2117 3502 2157 ea

1932 2166 2097 2222 modo
2145 2183 2267 2237 qua:
2320 2184 2444 2226 cum
2489 2173 2672 2229 laetitia
2727 2176 2957 2237 facimus
3000 2199 3121 2241 esse
3159 2188 3501 2259 voluntaria,

1866 2289 1881 2303 .
1930 2252 2026 2307 sed
2071 2258 2297 2311 omnino
2346 2269 2400 2315 et
2449 2263 2537 2317 illa
2574 2280 2695 2335 qua:
2729 2270 2907 2326 facere
2952 2289 3058 2329 non
3092 2280 3369 2349 volumus,
3405 2287 3500 2339 διὰ

1926 2346 2154 2402 alterius
2212 2351 2507 2423 voluptatis
2550 2370 2716 2414 causa
2768 2364 2925 2418 nobis
2976 2368 3078 2436 ipsi
3141 2375 3492 2431 arcessimus.

1928 2432 1995 2488 Et
2040 2438 2187 2491 enim
2237 2441 2458 2512 aliquos
2503 2461 2567 2501 ea
2619 2448 2796 2507 facere
2846 2432 3065 2515 coaetos
3119 2463 3220 2532 (ut
3269 2466 3321 2519 id
3366 2483 3498 2525 sane

1926 2527 2144 2599 demus)
2170 2532 2222 2586 vi
2266 2540 2658 2610 tyranuideque
2698 2546 2952 2613 maxima,
2993 2527 3190 2622 quaesi
3234 2559 3313 2615 vis
3346 2563 3501 2619 abes-

1927 2630 2032 2685 set,
2065 2638 2171 2679 non
2202 2625 2408 2684 faceret
2429 2646 2444 2697 ;
2466 2648 2573 2686 non
2604 2636 2655 2690 id
2683 2639 2927 2707 proiecto
2959 2646 3156 2705 invitos
3180 2663 3263 2708 est
3294 2654 3495 2723 facere,

1925 2711 2021 2767 sed
2044 2715 2159 2769 vice
2178 2732 2333 2773 versa
2351 2723 2596 2779 volentes
2616 2727 2760 2784 haud
2790 2732 2957 2790 dubie
2982 2754 2997 2794 :
3018 2742 3288 2811 siquidem
3312 2740 3497 2806 volcn~

1926 2809 2006 2854 tes
2037 2802 2088 2855 in
2113 2810 2251 2859 hanc
2286 2822 2345 2862 se
2372 2812 2479 2864 vim
2510 2817 2945 2889 praecipitarunt,
2994 2844 3118 2885 cum
3151 2835 3376 2903 ipsimet
3425 2860 3491 2898 cx

1923 2906 2044 2945 sese
2095 2895 2366 2965 principio
2397 2908 2702 2967 coactionis
2731 2921 3077 2979 occasionem
3139 2932 3443 2996 prmberent
3475 2959 3489 2994 :

1921 2984 2066 3052 quod
2104 2988 2328 3054 quidem
2360 2994 2441 3097 vel
2486 2997 2612 3055 hinc
2659 3009 3002 3073 apertissime
3068 2984 3489 3097 patuerit—.Héiii

1924 3080 2154 3142 tyranno
2183 3082 2449 3137 mercedis
2479 3100 2642 3145 causa
2678 3100 2865 3159 servit,
2887 3115 3012 3159 cum
3056 3112 3199 3166 norit
3229 3080 3488 3173 necessa-

238 3147 342 3201 τοῦ
379 3151 497 3202 ταῖν
523 3155 706 3221 χεροῖν
727 3156 1046 3225 ἀποσφάξαι
1072 3162 1198 3225 τοὺς
1238 3165 1437 3229 ἀδίκως
1462 3169 1540 3239 τῷ
1566 3147 1817 3243 τυράννῴ

245 3244 611 3269 ...-,.....ι.--.-
654 3247 745 3269 ---κ
782 3250 957 3269 ,εμπ
1031 3255 1039 3263 .
1090 3255 1103 3269 ,
1339 3259 1351 3269 .
1399 3260 1452 3269 _-
1666 3266 1684 3269 _
1791 3266 1811 3269 _

2689 3147 2756 3149 ντί
2783 3147 2789 3149 .
2809 3147 2865 3159 --ν
2891 3147 3012 3159 ...η-ι.
3056 3147 3199 3166 uia-It
3229 3147 3484 3173 IICK’UDSH‘

1924 3164 2007 3219 rio
2032 3166 2136 3220 sibi
2173 3167 2487 3230 faciundum
2516 3184 2661 3250 quod
2702 3186 3000 3257 ipsivisnm
3034 3199 3219 3269 fuerit,
3254 3209 3334 3261 vel
3361 3227 3484 3266 cum

243 3244 633 3311 μισουμένους,
654 3247 751 3298 καὶ
780 3250 962 3303 πάντα
996 3255 1266 3322 πράττειν
1297 3259 1364 3311 τά
1389 3260 1623 3332 ἄθεσμα,
1657 3266 1690 3335 ἢ
1722 3266 1817 3319 τοῦ

237 3336 358 3397 τοῖς
387 3337 554 3389 αὐτοῦ
587 3339 917 3410 μολυνθῆναι
950 3344 1010 3397 τὸ
1046 3346 1201 3416 ξίφος
1235 3351 1466 3420 αἵμασιν
1487 3370 1500 3385 ⁸
1524 3356 1553 3408 ὁ
1579 3357 1635 3409 δὲ
1666 3363 1819 3427 μισεῖ

243 3424 349 3493 μὲν
396 3428 543 3495 μάλα
595 3432 689 3482 τὸν
736 3431 898 3498 φόνον
929 3434 1187 3503 (δεδόσθω
1217 3440 1347 3510 γὰρ)
1370 3482 1387 3507 ,
1424 3444 1621 3513 πράξει
1650 3424 1695 3499 δ’
1722 3449 1819 3502 οῦν

240 3518 396 3586 ὅμως
426 3519 517 3571 τὸν
546 3521 727 3588 φόνον,
757 3524 851 3577 καὶ⁸
885 3526 947 3579 τὸ
972 3525 1107 3596 ἄγος
1132 3533 1254 3583 ταῖν
1285 3537 1466 3602 χεροῖν
1498 3538 1811 3611 ἐνεργήσει·

240 3608 364 3672 πῶς
418 3610 515 3681 οὐχ
563 3612 708 3665 ἑκών
744 3630 807 3681 γε
845 3616 1043 3688 δήμιος
1076 3622 1104 3672 ὁ
1133 3622 1378 3687 τοιοῦτος
1408 3626 1604 3695 γέγονε
1633 3646 1649 3694 ;
1686 3608 1813 3685 Καὶ

244 3702 355 3783 μὴν
391 3703 484 3756 καὶ
520 3704 710 3773 ἕτερον
761 3706 937 3777 ἔγωγε
992 3712 1278 3782 ἡκηκόειν,
1308 3716 1401 3784 ὅγε
1435 3718 1510 3789 μὴ
1541 3722 1682 3776 πάνυ
1707 3724 1813 3777 διέ-

242 3778 413 3863 στηκε
458 3796 552 3848 τοῦ
609 3797 738 3866 πρὶν
791 3801 922 3869 ἡμῖν
974 3778 1296 3874 είρημένου,
1325 3778 1376 3861 εί
1413 3778 1599 3882 μὴ’τῷ
1632 3817 1811 3887 πολλῷ

240 3883 603 3961 χεῖρομλεῖναι
636 3890 849 3945 ἐκείνου
872 3908 884 3920 ο
915 3895 1009 3948 καὶ
1034 3896 1176 3962 δόξει
1204 3898 1326 3963 μὲν,
1355 3897 1415 3955 εὖ
1450 3899 1592 3971 οἶδα,
1623 3883 1810 3961 καινὸν

226 3979 589 4050 ,τὸέςπράγμα,
621 3982 819 4052 ἀληθὲς
849 3986 904 4039 δὲ
942 3988 1252 4058 ἰσχυρίζετο
1289 3990 1431 4049 εἶναι
1462 3999 1491 4050 ό
1522 3998 1682 4052 τοῦτο
1723 3999 1809 4054 λέ-

238 4086 372 4137 γων.
433 4074 629 4142 Ἔλεγε
677 4079 787 4146 γὰρ
836 4079 1176 4151 ἐπιθυμῆσαί
1205 4100 1327 4139 τινα
1360 4088 1469 4140 ἀπὸ
1513 4090 1688 4160 θυμοῦ
1718 4109 1809 4145 το·-

240 4161 808 4244 πρῶτονράρξάμενον,
837 4171 916 4231 εἰς
940 4170 1030 4223 τὸν
1052 4175 1221 4228 αὐτοῦ
1247 4178 1472 4245 μείζονα
1495 4180 1801 4252 ἐξυϐρίσαι·

238 4253 332 4302 καὶ
350 4246 538 4316 δεδιὼς
561 4255 619 4306 τὸ
641 4256 910 4328 ὑπερέχον
931 4261 1181 4330 τάνδρὸς,
1206 4266 1310 4319 οὐκ
1330 4269 1557 4338 ἐτόλμα.
1580 4246 1804 4344 Ἰαξξεῦρε

235 4341 284 4393 δ’
311 4343 457 4405 ὅπως
481 4344 680 4409 ἐξοίσει
700 4349 781 4410 εἰς
801 4352 1131 4434 παραφορὰν
1156 4356 1352 4410 ἑαυτὸν
1378 4360 1467 4412 καὶ
1487 4341 1805 4434 θρασύτητα

238 4432 560 4489 ἀκάθεκτον.
603 4428 998 4509 Ἑμφορηοεὶςλ
1018 4444 1130 4512 γὰρ
1181 4447 1425 4517 ἀκράτου
1458 4428 1681 4517 πολλοῦ,
1710 4428 1804 4509 ἐπὶ

1923 4463 2012 4510 2st.
2043 4458 2114 4512 At
2151 4475 2239 4515 res
2267 4463 2487 4532 quidem
2538 4428 2676 4539 ipsa,

238 4523 316 4591 τῷ
359 4526 457 4589 τὰς
503 4528 705 4597 φρένας
736 4530 1132 4603 διαφθαρῆναι,
1161 4515 1271 4592 καὶ.
1306 4542 1475 4614 ταύτῃ
1512 4561 1575 4613 γε
1603 4515 1803 4617 θράσος
1838 4515 1881 4570 D

242 4612 441 4683 λαϐεῖν,
468 4624 565 4671 καὶ
594 4621 686 4673 τὸν
733 4623 833 4691 μὲν
880 4627 1192 4697 προῦχοντα
1221 4636 1355 4705 τιμῇ
1405 4612 1531 4700 ταῖς
1580 4612 1802 4708 ῦδρεσιν

240 4704 557 4774 ἀποπλῦναι,
586 4712 730 4782 ἔχειν
760 4715 818 4768 δὲ
862 4720 1235 4792 ἀναχώρησιν,
1264 4727 1365 4795 τὴν
1396 4728 1501 4781 εἶτ’.
1538 4704 1802 4803 ἀναισθη-

245 4795 377 4861 σίαν,
408 4803 518 4854 είτε
554 4803 817 4875 βακχείαν
864 4812 1020 4877 φίλον
1052 4816 1161 4868 τινὶ
1192 4817 1401 4886 λέγειν,
1433 4824 1663 4890 πράττει
1697 4795 1798 4893 μέν

241 4886 299 4936 τὸ
317 4888 464 4954 δόξαν
493 4895 687 4962 ἀδεῶς,
716 4903 1030 4970 παρήνεγκε
1057 4906 1113 4959 δὲ
1144 4909 1325 4979 πολλῷ
1354 4886 1531 4965 πάντα
1562 4886 1796 4987 ἐμϐρον-

241 4989 391 5042 τητον
424 4982 517 5033 καὶ
564 4991 971 5057 τετυφωμένον.
1026 4994 1192 5056 Δίκας
1237 4996 1283 5047 δ’
1328 5000 1797 5070 εἰσπραττόμενος

242 5066 335 5134 τῆς
354 5070 739 5142 ἀναισχυντίας
778 5083 919 5150 μετὰ
948 5084 1045 5151 τὴν
1081 5086 1253 5155 μέθην
1294 5091 1386 5143 καὶ
1423 5066 1522 5162 την
1554 5066 1795 5162 κραιπά-

242 5156 352 5224 λην.
374 5161 571 5216 κλαίων
608 5169 707 5221 καὶ
755 5169 1041 5239 οἱμώττων
1070 5175 1337 5243 ᾐσθάνετο
1366 5181 1549 5243 κακῶς
1583 5183 1681 5250 μὲν
1709 5184 1797 5235 δν-

241 5261 338 5310 τως
381 5253 829 5327 βεῦουλευμένος,
861 5264 1043 5329 κακῶς
1089 5267 1145 5319 δὲ
1201 5270 1345 5337 μάλα
1394 5272 1690 5343 τολμήσας.
1734 5277 1793 5328 '0

240 5334 357 5395 γοῦν
400 5341 642 5405 τοιοῦτος
694 5346 1003 5417 ἀνθρωποςμ
1023 5354 1124 5406 οὐκ
1157 5357 1223 5409 ἄν
1256 5375 1337 5410 σοι
1368 5360 1495 5432 δόξῃ
1533 5364 1791 5432 πάροινος

240 5419 388 5490 εἶναι,
416 5432 566 5485 τοῦτ’
600 5438 734 5490 αὑτὸ
788 5439 951 5512 βουλῇ
1006 5450 1099 5497 κιαι
1147 5449 1341 5522 γνώμῃ
1378 5419 1785 5523 γεγενημένοςξ

240 5513 370 5569 Πάνυ
400 5540 489 5590 μοι
511 5526 677 5591 δοκῶ,
707 5533 804 5582 καὶ
843 5535 1048 5598 πάντας
1078 5532 1232 5607 οἶμαι
1259 5513 1550 5597 συνθέσθαι
1661 5549 1787 5622 δόξῃ

241 5609 414 5682 ταύτῃ.
434 5618 542 5685 Οὐχ
562 5618 719 5683 οὗτος
740 5622 796 5674 δὲ
820 5625 1008 5692 μόνον,
1029 5626 1204 5698 οἶμαι,
1227 5635 1254 5685 ὁ
1279 5634 1554 5704 προῦργου
1572 5609 1639 5693 τό.

252 5699 528 5768 πῃλακίσαι
562 5715 934 5783 ποιησάμενος
957 5756 972 5783 ,
1026 5716 1123 5774 εἶτ’
1153 5724 1244 5776 ἐπὶ
1272 5726 1407 5796 τῷδε
1454 5733 1787 5801 μεθυσθῆναι

1922 3254 2218 3324 ignominia
2236 3272 2289 3316 et
2306 3268 2623 3329 verberibus
2645 3278 2995 3339 amittendam
3021 3289 3208 3356 vitam,
3232 3298 3275 3350 si
3293 3299 3489 3358 deinde

1919 3346 2239 3411 innocentes
2261 3362 2805 3437 occirlere,grassari,
2823 3377 3107 3449 sacrilegia
3127 3390 3485 3459 committere,

1916 3442 2053 3498 nihil
2084 3463 2188 3503 non
2222 3451 2371 3523 impii
2390 3470 2649 3529 peragere
2682 3469 2895 3533 tyranni
2932 3442 3093 3540 jussu
3133 3494 3305 3548 usque

1915 3547 2164 3605 cogatur,
2198 3553 2256 3597 ut
2288 3547 2452 3602 etiam
2503 3552 2742 3620 gladium
2784 3560 3063 3620 obvibrari
3105 3547 3377 3632 sibiduas
3415 3581 3487 3634 ob

1915 3640 2112 3684 causas
2135 3632 2353 3701 videat,
2393 3640 2477 3694 vel
2508 3653 2565 3696 ut
2596 3645 2796 3714 injuste
2820 3660 3053 3721 tyranno
3107 3640 3305 3720 exesos
3368 3675 3485 3725 suis

1914 3717 2031 3785 ipse
2059 3726 2311 3782 manibus
2336 3730 2572 3801 jugulet,
2600 3740 2896 3810 omniaque
2930 3747 3139 3804 nefaria
3180 3754 3365 3824 faciat,
3396 3765 3479 3815 vel

1911 4086 2072 4142 nibus
2108 4091 2224 4146 suis
2248 4094 2524 4162 piaculum
2569 4104 2676 4158 tale
2733 4121 2974 4180 peragat,
3007 4130 3115 4183 quo
3170 4086 3328 4189 pacto
3362 4086 3470 4183 non

1910 4176 1957 4232 is
1986 4190 2180 4248 sponte
2203 4200 2302 4241 sua
2351 4191 2596 4247 carnifex
2628 4195 2804 4255 factus
2834 4176 3238 4277 estibquidein
3265 4220 3471 4275 etaliml

1906 4276 2213 4342 exemplum
2266 4282 2458 4338 audire
2493 4292 2736 4357 memini,

2788 4298 2932 4363 quod
2961 4300 3030 4354 ab
3075 4310 3323 4375 expisito
3363 4330 3471 4370 non

1908 4364 2137 4421 multum
2186 4369 2371 4433 distat.
2413 4386 2730 4447 extraquam

2788 4390 2937 4455 quod
2980 4393 3074 4448 illo
3115 4398 3274 4470 longe
3320 4407 3471 4474 pejus

2704 4479 2935 4544 satscio,
2974 4499 3113 4541 nova
3143 4500 3197 4543 et
3229 4493 3473 4551 insolens

1910 4562 2033 4602 esse
2062 4551 2340 4609 videbitur
2375 4575 2389 4623 ;
2428 4563 2521 4616 sed
2559 4566 2653 4633 qui
2688 4581 2805 4623 eam
2841 4576 3119 4644 narrabat,
3151 4598 3330 4639 veram
3351 4604 3472 4645 esse

1904 4651 2220 4699 constanter
2251 4647 2450 4706 aiebat.
2474 4653 2771 4718 Quemdam
2810 4666 2956 4719 enim
2984 4681 3470 4747 commemorabat,

1904 4745 2158 4789 exorsum
2183 4738 2252 4792 ab
2281 4741 2381 4804 ira,
2418 4747 2694 4814 cupivisse
2718 4761 3052 4815 contumelia
3091 4767 3355 4836 majorem
3412 4791 3469 4827 si:

1902 4822 2078 4877 virum
2098 4827 2351 4901 allicere,
2383 4849 2618 4907 cumque
2640 4843 2739 4896 viri
2759 4844 3075 4908 formidaret
3091 4859 3467 4925 eminentiam.

1902 4929 2008 4967 non
2058 4918 2107 4971 id
2148 4910 2341 4976 ausum
2384 4925 2585 4995 facere,
2628 4936 2845 4991 tandem
2891 4942 3166 5003 invenisse
3202 4958 3465 5011 rationem

1900 5018 2007 5072 qua
2036 5022 2316 5077 raperetur
2349 5018 2415 5071 ad
2450 5019 2718 5079 insaniam
2763 5032 3147 5093 etindomitatn
3173 5049 3464 5112 quamdam

1899 5094 2178 5155 ferociam.
2220 5105 2390 5161 Multo
2436 5114 2580 5167 enim
2648 5132 2803 5174 mero
2861 5128 3121 5195 repletus,
3172 5144 3229 5186 ut
3269 5145 3466 5193 mentis

1898 5187 2005 5241 vim
2038 5194 2312 5258 perderet.
2347 5209 2510 5270 atque
2544 5206 2646 5260 hoc
2689 5211 2848 5265 modo
2880 5187 2982 5268 sibi
3007 5222 3327 5280 conciliaret
3361 5244 3460 5282 au-

1897 5280 2131 5345 daciam.
2150 5302 2261 5354 quo
2293 5300 2406 5345 tum
2428 5295 2692 5353 eminenti
2713 5300 2920 5359 honore
2954 5309 3072 5362 viro
3096 5322 3459 5377 contumelias

1894 5386 2228 5444 aspergeret,
2253 5388 2363 5432 tum
2387 5385 2572 5454 eﬂugii
2595 5390 2714 5444 loco
2736 5394 2960 5451 haberet
2993 5417 3152 5457 suum
3179 5407 3325 5461 illum
3349 5414 3462 5466 sive
