3850 6200
439 256 541 322 431

1601 257 1995 319 MANUELIS
2036 255 2483 319 PALEOLOGI

2836 194 3014 211 γ-ψνῇν,

3540 270 3628 339 439

440 386 630 443 poenas
663 368 1009 439 impudentia:
1053 368 1249 431 lueret,
1296 368 1520 437 plorans
1555 380 1608 423 et
1646 370 1859 425 ululans
1888 388 2012 425 scu-

2129 374 2353 441 )ελήσας
2379 392 2394 406 ·
2425 372 2545 429 ἀλλ’
2572 374 2600 426 ὀ
2633 373 2725 426 καὶ
2761 374 2836 443 μὴ
2866 372 3029 427 τοῦτο
3060 370 3385 444 βουλόμενος,
3407 383 3630 453 πολλάκις

439 466 609 520 tiebat
637 463 839 516 malum
869 476 928 514 se
952 475 1140 513 revera
1173 459 1464 514 consilium
1507 460 1676 514 inisse
1705 475 1801 515 nec
1826 464 2009 517 minus

442 555 687 624 improbe
716 552 1025 607 fcroeiisse.
1054 551 1201 605 Talis
1228 552 1395 619 igitur
1437 552 1599 605 homo
1629 569 1734 605 non
1783 553 1833 605 itt
1884 554 2011 606 vino

441 646 534 699 tibi
558 642 828 697 videbitur
849 642 1211 696 immodestus
1236 657 1377 705 esse,
1398 656 1520 694 cum
1543 642 1731 694 volens
1752 657 1815 695 ac
1832 642 2012 695 scirns

440 738 491 790 id
527 736 701 789 factus
733 737 803 788 sit
835 735 856 787 ί
887 733 1018 787 Mihi
1050 734 1273 803 quidem
1309 749 1538 799 prorsus
1570 734 1641 786 ita
1680 735 1915 795 videtur,
1952 743 2008 787 et

440 828 568 881 huic
599 827 842 896 Opinioni
889 840 1022 879 mea:
1048 828 1321 883 neminem
1351 840 1455 879 non
1481 842 1833 879 assensurum
1866 826 2011 880 arbi-

440 932 576 975 tror.
602 918 790 988 Neque
833 928 1041 972 tantum
1102 919 1209 985 hic,
1274 933 1391 972 mea
1453 919 1670 988 quidem
1711 920 2010 983 sententia,

440 1016 533 1083 qui
570 1015 750 1068 studio
775 1012 945 1065 voluit
985 1011 1241 1081 iniuriam
1282 1011 1483 1065 inferre
1517 1011 1696 1073 alteri,
1721 1019 1885 1079 atque
1910 1011 2013 1064 hoc

445 1106 613 1161 animi
638 1105 917 1175 proposito
937 1104 1156 1159 sibimet
1174 1103 1462 1157 ebritatem
1486 1117 1584 1159 sua
1609 1112 1803 1172 sponte
1828 1117 2012 1156 arces-

441 1199 557 1263 siit,
591 1213 778 1251 verum
800 1197 965 1250 etiam
999 1196 1090 1263 qui
1124 1194 1227 1248 hoc
1248 1194 1469 1263 quidem
1504 1211 1609 1247 non
1652 1195 1788 1256 vult,
1812 1193 2011 1261 saepius

443 1298 625 1343 tamen
645 1287 969 1351 inebriatus,
998 1292 1161 1352 atque
1192 1296 1314 1351 post
1345 1284 1662 1338 ebrietatem
1691 1284 1859 1337 illatis
1919 1285 2011 1337 in-

439 1381 625 1450 jurits,
656 1394 789 1432 mox
813 1391 1025 1442 rursus,
1061 1376 1245 1429 itidem
1277 1384 1336 1430 ut
1368 1386 1518 1437 ante,
1553 1385 1722 1431 semet
1757 1376 2013 1438 inebriat.

442 1481 496 1525 et
527 1468 851 1523 immodeste
879 1466 1190 1522 vinolentus
1214 1475 1296 1521 est
1325 1475 1380 1521 et
1414 1467 1680 1522 insolens.
1744 1468 2013 1533 Quamvis

443 1566 590 1620 enim
627 1579 687 1618 ea
724 1566 852 1617 hora
881 1578 989 1632 qua
1024 1561 1279 1633 iujuriam
1322 1561 1523 1627 intulit,
1549 1576 1715 1630 prope
1744 1561 1810 1616 de
1839 1570 2018 1630 potes-

445 1668 554 1711 tate
579 1655 1005 1722 exierat,mente
1032 1655 1143 1708 vini
1161 1653 1365 1710 diluvio
1379 1653 1536 1723 quasi
1555 1654 1789 1723 quodam
1817 1653 2011 1706 obruta

445 1750 863 1816 submersaque,
903 1756 1084 1800 tamen
1137 1761 1232 1815 per
1258 1746 1605 1801 occasionem
1654 1745 1889 1814 injuria},
1914 1759 2014 1799 vo-

2115 464 2162 517 8’
2196 460 2291 517 οὖν
2327 463 2644 534 μεθυσθεὶς,
2683 466 2777 516 καὶ
2813 465 2953 533 μετὰ
2976 464 3074 531 τὴν
3098 465 3265 534 μέθην
3295 468 3515 539 ὑϐρίσας,
3535 473 3633 531 εἶτα

2124 558 2288 611 πάλιν
2321 556 2604 628 χρώμενος
2642 560 2709 627 τῇ
2745 557 2885 628 μέθῃ
2919 555 3172 627 καθάπερ
3202 558 3303 627 πρὸ
3333 562 3442 624 τοῦ,
3467 568 3636 635 πάροι-

2121 666 2210 711 νος
2244 649 2309 702 ἂν
2334 649 2419 717 εῐη
2452 649 2549 701 καὶ
2601 648 2887 717 ὑϐριστής.
2930 648 2991 699 Εἰ
3016 648 3125 717 γὰρ
3160 650 3249 700 καὶ
3268 652 3384 703 καθ’
3408 653 3467 723 ἢν
3497 672 3637 725 προε-

2124 740 2425 810 amicimth
2458 739 2626 809 ὥραν,
2665 738 2865 808 μικροῦ
2914 739 3025 792 δεῖν
3065 740 3169 804 ἔξω
3202 743 3405 809 φρενῶν
3435 747 3639 816 ὑπῆρχε,

2120 830 2593 893 κατακλυσθέντος
2618 848 2678 882 τε
2710 832 2805 883 καὶ
2836 830 3173 899 ὑποδρυχίου
3200 835 3543 903 γεγενημένου
3562 840 3643 891 τοῦ

2119 925 2213 978 νοῦ
2252 922 2328 993 τῷ
2361 924 2491 993 οῐνῳ
2515 940 2530 955 ο
2578 922 2715 975 ἀλλὰ
2743 925 2809 992 τῇ
2859 923 3135 992 προφάσει
3170 923 3268 991 τῆς
3300 923 3493 994 ὕϐρεως
3526 930 3645 982 ἑκὼν

2121 1016 2475 1087 προσέδραμε
2502 1016 2744 1076 πάντως,
2774 1013 2866 1068 καί¹
2905 1015 2997 1067 τὸν
3024 1015 3275 1085 κρατῆρα
3304 1020 3395 1070 καὶ
3423 1019 3513 1088 τὴν
3542 1022 3649 1089 φιά.

2120 1110 2221 1177 λην
2253 1108 2416 1170 αὐτὸς
2466 1106 2882 1175 ὲνέπλησε,,καὶ
2915 1106 2989 1177 τῷ
3036 1107 3269 1176 στόματι
3320 1115 3651 1182 προσενήνοχε

2118 1202 2243 1253 ταῖν
2294 1200 2501 1270 χεροῖν,
2533 1199 2626 1252 καὶ
2680 1197 2864 1263 ἔπιεν,
2897 1199 2959 1251 οὺ
3020 1200 3170 1269 μάλα
3205 1200 3388 1269 διψῶν,
3420 1204 3522 1256 026‘
3550 1205 3656 1259 ὅσον

2124 1291 2458 1362 κορεσθέντα
2490 1288 2697 1343 παῦσαι
2727 1288 2827 1358 τὴν
2854 1288 3019 1358 δίψαν
3047 1329 3063 1354 ,
3094 1290 3212 1343 ἀλλ’
3240 1291 3359 1344 ὅσον
3385 1293 3460 1354 είς
3482 1296 3655 1361 μανίαν

2122 1400 2183 1437 τε
2209 1384 2306 1437 καὶ
2339 1382 2699 1452 παραφορὰν,
2732 1380 2918 1433 ἱκανὸν
2948 1380 3150 1444 ἔδοξεν.
3186 1381 3343 1435 Ὥστε
3368 1382 3425 1435 τὸ
3446 1385 3545 1436 πᾶν
3564 1386 3661 1453 εἰρ-

2127 1475 2338 1543 γάσατο
2366 1474 2580 1545 γνώμῃ,
2615 1471 2725 1525 Καὶ
2757 1474 2784 1525 ὁ
2831 1470 2893 1524 τὸ
2929 1471 3154 1543 σπέρμα
3184 1473 3495 1543 παρασχὼν,
3520 1476 3662 1539 αὐτὸς

2123 1566 2233 1619 τῶν
2262 1565 2481 1633 φύντων
2512 1562 2730 1627 αἴτιος.
2786 1560 3016 1616 Πάντων
3045 1563 3155 1633 γὰρ
3187 1563 3324 1632 ὁμοῦ
3352 1564 3458 1616 τῶν
3497 1564 3661 1628 τελῶν,

2124 1657 2356 1711 καὶτῶν
2394 1654 2679 1708 ὲκὸἀσεων
2734 1652 2986 1718 ἀπασῶν,
3019 1653 3115 1707 καὶ
3170 1654 3353 1717 ἁπλῶς
3396 1655 3501 1707 τῶν
3547 1656 3666 1709 ὅλων

2125 1747 2399 1817 περάτων,
2433 1746 2529 1807 τὰς
2580 1746 2757 1814 ἀρχὰς
2807 1747 2904 1800 καὶ
2952 1744 3050 1809 τὰς
3087 1745 3379 1809 ὑποθέσεις
3429 1746 3670 1800 αἰτιατέον

445 1842 564 1894 lens
584 1840 649 1894 ad
681 1842 866 1891 vinum
896 1836 1159 1901 accurrit,
1194 1844 1248 1889 et
1276 1845 1543 1890 craterem
1590 1844 1752 1904 atque
1771 1845 2013 1905 pateram

2129 1811 2329 1908 ἂνέῖη.
2360 1839 2426 1890 El
2460 1811 2723 1904 γοῦν
2776 1835 2886 1889 τῶν
2938 1837 3198 1891 ἁπάντων
3239 1840 3268 1891 ὁ
3318 1838 3468 1906 λόγος
3514 1837 3665 1900 οὗτος,

446 1932 694 2001 implevit
726 1931 860 1999 ipse,
919 1928 1287 1995 manibusque
1323 1927 1568 1982 admovit
1612 1927 1718 1992 ori,
1759 1942 1823 1982 ac
1862 1928 2017 1990 bibit,

447 2041 552 2078 non
577 2023 731 2076 valde
755 2023 968 2084 sitiens,
993 2036 1092 2073 nec
1119 2028 1384 2088 quantum
1420 2020 1622 2075 satiato
1650 2019 1905 2075 sedanda:
1927 2020 2019 2074 siti

2125 1930 2305 1997 πολλῷ
2348 1945 2412 1997 γε
2449 1928 2652 1999 μᾶλλον
2688 1928 2781 1981 ἐπὶ
2827 1929 2936 1981 τῶν
2969 1927 3117 1997 λόγῳ
3151 1929 3547 1998 τετιμημένων.
3577 1926 3670 1979 Καὶ

2125 2021 2298 2075 ταῦτα
2329 2021 2429 2090 μὲν
2457 2021 2591 2091 περὶ
2623 2018 2734 2073 τῶν
2763 2019 2952 2088 σαφῶς
2976 2020 3252 2073 ἑκουσίων
3284 2020 3378 2073 καὶ
3405 2015 3668 2072 ἀκουσίων.

446 2118 743 2174 sufﬁceret,
770 2115 862 2167 sed
893 2123 1157 2182 quaututu
1186 2114 1251 2165 ad
1282 2111 1550 2165 insaniam
1581 2121 1636 2165 et
1655 2098 1854 2166 mentis
1879 2112 2267 2168 alienationem
2298 2113 2433 2168 satis
2462 2127 2590 2168 esse
2656 2112 2934 2167 videretur
2967 2128 2985 2178 ;
3024 2112 3095 2166 de
3154 2127 3267 2181 quo
3305 2110 3581 2180 colligitur,
3614 2123 3670 2164 er

446 2214 617 2268 animi
638 2210 901 2265 sententia
934 2224 1044 2261 rem
1083 2218 1384 2276 pet-aetatu.
1454 2204 1545 2260 Sic
1595 2207 1689 2274 qui
1754 2222 1943 2261 semen
1971 2278 1976 2283 I
2002 2208 2337 2278 suppeditat,
2401 2217 2593 2262 auctor
2622 2216 2704 2261 est
2731 2222 2917 2261 rerum
2957 2206 3330 2262 nascentium.
3367 2205 3493 2259 Nam
3521 2219 3672 2259 causa:

447 2311 638 2364 ﬁnium
679 2307 885 2377 pariter
918 2305 1186 2366 omnium,
1220 2312 1274 2358 et
1338 2320 1585 2358 ommum
1616 2313 1933 2369 eventuum,
2009 2310 2369 2376 omniumque
2433 2306 2756 2373 simpliciter
2795 2304 3235 2362 extremitatem.
3266 2304 3331 2358 ad
3367 2303 3611 2373 principia
3630 2312 3676 2356 et

448 2403 763 2458 occasiones
811 2408 939 2453 sunt
969 2397 1283 2452 referendae.
1332 2398 1696 2461 Quamobrem
1744 2398 1787 2452 si
1831 2398 2091 2454 omnibus
2126 2404 2177 2454 in
2211 2403 2375 2455 rebus
2404 2401 2518 2455 hac
2546 2399 2758 2454 obtinet
2794 2398 2954 2460 ratio,
2990 2398 3168 2451 multo
3203 2398 3381 2466 magis
3413 2398 3466 2451 in
3497 2398 3675 2450 ornatis

447 2497 659 2553 ratione
715 2494 889 2547 locum
914 2490 1181 2545 habet.Et
1206 2491 1320 2545 haec
1337 2490 1556 2560 quidem
1590 2491 1734 2544 dicta
1792 2500 1957 2546 sunto
2007 2493 2073 2546 de
2103 2494 2171 2548 iis
2200 2478 2324 2563 quae
2382 2492 2674 2549 manifesto
2706 2491 3012 2545 voluntaria
3043 2500 3256 2545 suntet
3282 2491 3646 2545 involuntaria.

516 2589 787 2644 Caeterum
819 2586 886 2640 de
909 2601 1015 2639 non
1057 2584 1385 2637 voluntariis
1417 2585 1512 2653 (ita
1541 2584 1785 2653 loquitur
1809 2585 2024 2639 Aristo-

448 2682 605 2747 teles,
648 2678 741 2749 qui
773 2677 852 2732 sic
874 2676 1172 2745 appellavit
1207 2676 1261 2729 in
1314 2684 1604 2745 utramque
1637 2675 2026 2744 propendentia

448 2782 679 2843 partem,
712 2779 763 2824 et
796 2784 919 2839 quae
938 2785 1041 2821 non
1061 2768 1288 2821 omnino
1316 2782 1450 2836 pure
1486 2768 1569 2819 vel
1594 2767 1903 2820 voluntaria
1932 2766 2017 2821 vel

451 2862 818 2918 involuntaria
847 2860 997 2929 sunt)
1031 2861 1134 2913 hoc
1160 2859 1643 2913 dico.Mentionem
1674 2874 1802 2914 vero
1827 2859 2024 2914 faciam

449 2958 526 3012 rei
550 2956 833 3025 cujusdam
855 2954 1005 3022 prius
1027 2952 1377 3022 expositae,ad
1398 2949 1813 3004 fundamentum
1836 2965 2023 3005 eorum

2200 2587 2334 2657 Περὶ
2366 2587 2422 2639 δὲ
2445 2587 2556 2639 τῶν
2590 2587 2691 2657 οὐχ
2721 2584 2984 2638 ἑκουσίων
3011 2583 3449 2654 (Ἀριστοτέλους
3470 2584 3522 2634 δὲ
3547 2581 3677 2634 τοῦτο

2122 2679 2307 2748 φωνή·
2350 2676 2497 2731 οὕτω
2545 2676 2653 2747 γὰρ
2702 2675 2931 2729 ἐκάλεσε
2985 2676 3053 2726 τὰ
3110 2674 3444 2746 ἀμφιρῤεπῆ
3493 2674 3578 2727 καὶ
3616 2673 3678 2740 μὴ

2118 2773 2415 2835 «παντελῶς
2460 2771 2838 2843 καθαρεύοντα
2882 2771 2979 2824 τοῦ
3028 2787 3087 2823 τε
3128 2771 3383 2823 ἑκουσίου
3429 2769 3519 2822 καὶ
3545 2770 3684 2820 ἀκουο

2134 2866 2275 2936 σίου)
2291 2868 2466 2918 ἐκεῖνο
2496 2866 2661 2933 λέγω.
2694 2864 3103 2935 Μνησθήσομαι
3135 2862 3194 2915 δέ
3220 2879 3372 2924 τινος
3391 2861 3495 2913 τῶν
3524 2873 3685 2927 προει-

2132 2959 2384 3029 ρημένων
2413 2960 2493 3023 είς
2524 2958 2785 3012 ὑπόθεσιν
2817 2959 2926 3010 τῶν
2961 2954 3394 3027 ῥηθησομένων.
3434 2950 3686 3016 Ἓπεὶγᾶρ

451 3065 574 3119 qua:
595 3049 868 3103 dicentur.
911 3043 1046 3099 Nam
1069 3045 1197 3112 quia
1229 3043 1379 3112 prius
1403 3042 1537 3106 dixi,
1566 3044 1810 3111 quaedam
1868 3042 2022 3097 nobis

2131 3050 2303 3119 ἔφθην
2327 3048 2518 3112 εἰπὼν,
2548 3050 2622 3112 ὡς
2648 3050 2788 3102 κατὰ
2809 3048 3009 3116 γνῶσιν
3037 3049 3144 3101 ’καὶ
3186 3046 3446 3117 βούλησιν
3482 3039 3687 3111 ἀκριϐῆ.

447 3157 510 3196 ει
558 3140 726 3194 animi
790 3136 1061 3192 sententia
1120 3135 1510 3201 voluntateqne
1556 3143 1821 3187 accurata
1882 3132 2023 3200 ﬁeri,

447 3234 694 3301 quaedam
720 3231 876 3299 plane
908 3244 1017 3281 non
1040 3228 1134 3292 ita,
1164 3226 1419 3279 distincte
1441 3227 1506 3279 de
1539 3226 1623 3279 his
1665 3239 1885 3294 quoque
1910 3225 2027 3279 dis-

451 3325 742 3377 serendum
781 3328 886 3374 est.
920 3318 1033 3372 Hoc
1080 3318 1227 3371 enim
1263 3317 1424 3371 modo
1458 3316 1657 3372 clarior
1687 3319 1793 3373 erit
1828 3319 2025 3373 oratio.

452 3414 596 3469 Sunt
622 3429 752 3484 ergo
785 3418 892 3467 nun
922 3426 1117 3481 pauca,
1157 3426 1256 3465 nec
1278 3410 1529 3473 honesta,
1568 3426 1666 3465 nec
1695 3412 1860 3475 bona,
1906 3426 2027 3480 quae

456 3505 767 3561 voluntarie
805 3504 1024 3574 quidem
1049 3502 1204 3569 ﬁunt,
1229 3501 1322 3557 sed
1348 3517 1472 3556 cum
1506 3503 1685 3571 qualia
1704 3513 1886 3558 essent
1919 3518 2025 3557 non

450 3600 847 3668 intelligeretur
878 3613 893 3661 ;
919 3596 1021 3649 alia
1051 3610 1179 3648 vero
1227 3594 1363 3647 ﬁunt
1386 3594 1731 3663 illa-quidem
1764 3609 1793 3648 a
1822 3595 2029 3649 sciente

452 3691 743 3761 prudente,
771 3704 879 3742 non
923 3697 1107 3741 tamen
1138 3701 1201 3739 ex
1228 3685 1401 3739 animi
1431 3701 1530 3755 per
1583 3701 1641 3740 se
1676 3687 1805 3740 moti
1850 3696 1910 3740 ut
1950 3687 2026 3742 ita

451 3786 652 3847 dicam,
695 3780 977 3851 proposito
1013 3797 1027 3843 ;
1061 3788 1226 3847 atque
1271 3777 1619 3832 rursuslttec
1650 3778 1901 3833 bifariam
1942 3779 2026 3833 di-

450 3876 730 3929 viduntur.
763 3877 870 3926 Aut
914 3872 1059 3925 enim
1109 3885 1139 3923 a
1184 3871 1338 3924 nobis
1406 3868 1543 3940 ipsis
1594 3872 1748 3934 ﬁunt,
1796 3871 2024 3926 liberam

453 3976 773 4036 potestatem
825 3978 889 4016 ea
927 3962 1013 4016 vel
1072 3961 1366 4031 peragendi
1421 3962 1507 4016 vel
1562 3976 1670 4015 non
1726 3963 2023 4032 peragendi

451 4059 787 4115 habentibus
831 4057 920 4118 (de
948 4052 1154 4124 quibus
1174 4054 1279 4107 dici
1303 4068 1409 4106 non
1432 4053 1716 4115 convenit,
1745 4054 1887 4121 quod
1912 4053 2025 4123 iam

450 4163 576 4206 ante
630 4150 906 4204 declarata
940 4147 1074 4202 satis
1102 4145 1383 4217 arbitrer),
1410 4153 1507 4198 aut
1553 4146 1894 4200 extrinsecus
1927 4146 2029 4199 im-

452 4254 729 4313 ponuntur
754 4256 784 4294 a
812 4252 1162 4309 quocunque.
1191 4252 1288 4306 par
1333 4237 1594 4310 voluntati
1629 4239 1795 4290 robur
1827 4236 2029 4290 haben-

450 4344 505 4388 te
542 4351 559 4398 ς
594 4348 657 4386 ac
689 4332 885 4385 deinde
938 4334 1327 4398 perpetrantur
1358 4342 1387 4379 a
1442 4327 1622 4392 nobis,
1654 4327 1801 4382 haud
1838 4343 2027 4398 perpe-

2128 3143 2253 3196 τινὰ
2291 3142 2422 3212 παρ’
2451 3141 2611 3212 ἡμῶν
2654 3141 2931 3210 γίγνεται,
2984 3142 3082 3194 καὶ
3126 3142 3297 3212 ἕτερα
3346 3139 3558 3196 πάντως
3602 3134 3691 3200 οὐχ

2127 3230 2323 3295 οὕτως,
2351 3210 2438 3284 δεῖ
2475 3210 2570 3284 διαὶ
2598 3233 2757 3284 ταυτὶ
2791 3230 3008 3285 διελεῖν.
3043 3210 3242 3302 Ταύτῃ
3297 3230 3406 3300 γὰρ
3440 3225 3694 3294 συμὸἡσε-

2127 3339 2221 3375 ται
2252 3322 2643 3394 καθαρώτερον
2670 3325 2867 3376 εἰπεῖν.
2902 3323 3059 3375 Ἔστι
3092 3326 3285 3375 τοίνυν
3305 3323 3406 3374 οὐκ
3432 3320 3578 3384 ὀλίγα
3601 3316 3694 3367 τῶν

2124 3413 2191 3466 οὐ
2222 3413 2404 3466 καλῶν
2442 3412 2564 3467 οὐδὲ
2594 3413 2819 3481 ἀγαθῶν
2854 3414 2998 3467 κατὰ
3031 3414 3303 3485 βούλησιν
3340 3412 3441 3483 μὲν
3473 3425 3699 3479 πιπραγο

2133 3503 2291 3574 μένα,
2347 3506 2509 3558 ὁποῖα
2564 3503 2610 3556 δ’
2664 3503 2794 3558 ὄντα
2837 3504 3122 3575 τυγχάνει,
3181 3505 3260 3575 μὴ
3315 3502 3693 3570 γινωσκόμενα.

2132 3596 2336 3667 Ἕτερα
2376 3596 2433 3649 δὲ
2478 3594 2744 3666 γινόμενα
2801 3597 2900 3663 μὲν
2949 3598 3007 3649 ἐν
3039 3596 3279 3663 γνώσει,
3327 3596 3392 3648 οὐ
3440 3594 3543 3663 μὴν
3576 3592 3700 3646 κατὰ

2129 3687 2450 3756 προαίρεσιν
2473 3686 2824 3755 αὑθόρμητον
2850 3685 2995 3738 εἴποι
3013 3702 3103 3749 τις
3128 3687 3221 3740 ἄν.
3242 3687 3351 3738 Καὶ
3367 3684 3535 3737 ταῦτα
3557 3683 3698 3736 πάλων

2127 3779 2381 3846 τέμνεται
2441 3776 2585 3845 δίχα.
2617 3777 2688 3838 Ἢ
2725 3778 2835 3846 γὰρ
2885 3775 3016 3849 παρ’
3046 3777 3223 3847 ἡμῶν
3252 3776 3441 3830 αὐτῶν
3486 3777 3697 3843 γίνεται,

2130 3868 2341 3938 κυρίων
2390 3868 2563 3922 ὄντων
2609 3868 2785 3923 ταῦτα
2820 3872 3064 3939 ποιῆσαι,
3103 3871 3208 3923 καὶ
3255 3870 3356 3940 μὴ,
3405 3868 3531 3938 περὶ
3555 3862 3621 3917 ὧν
3648 3865 3697 3914 οὐ

2127 3962 2456 4030 γιγνόμενον
2480 3960 2664 4030 λέγειν
2709 3961 3055 4029 (ἀποδέδοται
3093 3964 3214 4034 γὰρ
3269 3963 3502 4024 ἱκανῶς,
3525 3956 3699 4028 οἷμαι)’

2127 4050 2161 4121 ἢ
2201 4049 2437 4122 θύραθεν
2464 4052 2735 4120 ἐπάγεται
2768 4053 2859 4121 ὑφ’
2883 4052 3134 4120 ὁτουοῦν,
3170 4059 3277 4123 τὴν
3310 4056 3467 4124 ἰσχὺν
3493 4050 3704 4120 ἐφάμιλ-

2127 4142 2219 4196 λον
2249 4145 2468 4214 ἔχοντος
2492 4147 2558 4215 τῇ
2589 4144 2865 4216 βουλήσει,
2885 4142 3003 4197 εἶτα
3032 4163 3113 4198 πα
3123 4148 3176 4215 ρ’
3204 4149 3239 4204 ἠ
3249 4147 3373 4217 μῶν
3399 4148 3702 4217 πράττεται,

2126 4236 2227 4289 οὐκ
2256 4237 2322 4290 ἂν
2350 4237 2729 4305 πραττόντων,
2757 4238 2858 4290 οὐκ
2879 4236 3046 4307 οὔσης
3073 4237 3203 4305 βίας
3234 4240 3527 4309 μεγίστης.
3555 4233 3701 4287 Ταυτὶ

2126 4330 2172 4384 δ’
2203 4330 2269 4384 ἂν
2301 4330 2386 4399 εῐη
2432 4328 2808 4398 μιξοεκούσια,
2840 4330 2887 4381 si
2914 4329 3101 4381 δίδωσί
3143 4348 3238 4393 τις
3281 4332 3437 4401 κάμὲ
3466 4332 3699 4397 ὀνοματο-

453 4423 682 4477 traturis
714 4421 761 4475 si
798 4420 877 4474 vis
915 4420 1154 4472 maxima
1186 4431 1293 4469 non
1318 4416 1698 4470 adhiberetur.
1730 4418 1856 4471 Htec
1891 4432 2022 4472 vero

2129 4422 2282 4475 ποιὸν
2311 4419 2476 4485 εἶναι,
2526 4420 2657 4473 εἰδὲ
2697 4419 2879 4487 βούλει
2911 4437 2997 4486 γε,
3049 4423 3473 4491 καινοτομῆται
3513 4437 3564 4470 τι
3597 4432 3700 4481 σμι-

451 4520 562 4572 siut
593 4531 725 4570 sane
749 4515 907 4567 utista
969 4511 1302 4572 voluntaria,
1345 4509 1389 4563 si
1423 4507 1549 4577 quis
1606 4510 1767 4563 nobis
1810 4525 2025 4579 quoque

453 4604 727 4660 licentiam
770 4598 1011 4670 ﬁngendi
1066 4598 1328 4652 vocabula
1372 4598 1663 4666 permittit,
1708 4598 1791 4652 vel
1845 4604 2027 4668 potius

454 4698 673 4767 paulum
703 4693 837 4764 quid
881 4693 934 4746 in
968 4692 1119 4745 hisce
1186 4690 1465 4745 vocabulis
1520 4690 1834 4744 innovaudi.
1894 4688 2028 4743 Nam

453 4805 575 4860 qua:
610 4788 661 4840 vi
701 4786 864 4840 nobis
894 4785 1271 4852 imponuntur,
1303 4792 1355 4835 et
1384 4796 1413 4835 a
1443 4783 1605 4836 nobis
1638 4783 1831 4853 deinde
1867 4799 2028 4852 pera—

452 4889 674 4951 guntul‘,
708 4877 1015 4933 mistasane
1035 4872 1264 4937 fuerint,
1291 4888 1355 4926 ac
1390 4890 1497 4928 non
1527 4876 1860 4939 voluntaria,
1886 4877 2029 4929 sicut

449 4983 534 5029 est
555 4974 787 5035 dictum,
813 4984 937 5024 cum
957 4983 1064 5022 non
1096 4968 1147 5021 in
1213 4967 1533 5020 alterutram
1553 4968 1777 5021 omnino
1802 4975 2028 5035 partem,

450 5068 546 5124 sed
578 5068 633 5120 in
681 5074 978 5132 utramque
1019 5060 1423 5132 propendeant.
1472 5058 1750 5128 Quotquot
1780 5072 1910 5127 ergo
1943 5074 2035 5112 ne-

451 5171 725 5228 quaquam
754 5169 818 5208 ex
841 5169 901 5208 se
922 5151 1127 5220 aliquid
1151 5150 1401 5212 attulere,
1420 5147 1487 5202 de
1506 5161 1614 5215 quo
1632 5147 1929 5201 necessitas
1951 5148 2033 5200 vel

452 5248 520 5303 ad
542 5244 882 5317 patiendum,
904 5240 986 5295 vel
1010 5239 1318 5294 faciendum
1343 5236 1559 5306 aliquod
1586 5234 1785 5287 malum
1811 5249 2031 5305 cogens,

452 5345 794 5409 sequeretur;
810 5335 857 5389 si
881 5332 1073 5389 deinde
1093 5332 1296 5384 malum
1317 5329 1456 5382 ultro
1478 5328 1773 5397 quodpiam
1793 5328 2033 5393 irruerit,

454 5433 618 5501 idque
665 5427 1119 5484 violentissimutn
1158 5438 1385 5492 prorsus
1416 5437 1740 5489 omnemque
1796 5422 2039 5491 tyranni—

452 5526 575 5578 detn
606 5534 893 5590 superans,
920 5527 973 5572 et
994 5518 1139 5585 quod
1166 5515 1534 5570 calamitatem
1559 5530 1666 5566 nou
1687 5521 2038 5566 contemnen-

453 5617 578 5668 dam
619 5613 877 5673 minetur,
905 5625 967 5663 ac
995 5612 1179 5668 vitam,
1198 5608 1355 5676 plane
1383 5622 1489 5659 non
1527 5606 1950 5674 permittenteut,
1981 5614 2040 5657 ut

458 5704 711 5771 cptahilis
731 5702 899 5755 videri
928 5704 1032 5752 vita
1060 5701 1231 5767 possit
1254 5718 1268 5765 ;
1293 5709 1454 5766 atque
1481 5700 1580 5767 ipsi
1603 5712 1825 5752 causam
1848 5696 2040 5752 allcrre

2133 4513 2265 4582 κρὸν
2293 4513 2593 4582 δυνηθῆναι
2646 4511 2782 4581 περὶ
2826 4512 2894 4564 τὰ
2922 4511 3177 4579 ὀνόματα
3202 4511 3415 4565 ταῦτα.
3451 4511 3590 4563 Ὅσα
3619 4507 3709 4573 γὰρ

2128 4603 2264 4673 πρὸς
2313 4601 2434 4671 βίαν
2463 4603 2594 4671 ἡμῖν
2627 4601 2916 4668 ἐπάγεται,
2948 4596 3071 4653 εἶτα
3116 4603 3261 4672 παρ’
3296 4602 3457 4671 ἡμῶν
3495 4601 3705 4669 apam-

2130 4710 2241 4756 ται,
2277 4694 2442 4762 μικτά
2479 4692 2545 4746 ἂν
2577 4692 2660 4763 εἴη
2689 4694 2784 4744 καὶ
2825 4692 2921 4761 οὐχ
2949 4690 3212 4757 ἑκούσια,
3249 4693 3452 4763 ὥσπερ
3478 4694 3711 4760 εἴρηται,

2135 4783 2210 4854 μὴ
2236 4784 2372 4853 πρὸς
2404 4784 2639 4854 θάτερον
2667 4783 2972 4854 ὁλοσχερῶς
3009 4783 3123 4835 τῶν
3171 4786 3393 4854 μερῶν,
3428 4785 3561 4837 ἀλλὰ
3590 4780 3711 4848 πρὸς

2130 4877 2398 4945 ἑκάτερον
2425 4875 2525 4944 τὴν
2562 4876 2737 4945 ῥοπὴν
2777 4874 2993 4943 ἔχοντα.
3029 4874 3199 4928 Ὅσοι
3243 4876 3439 4930 τοίνυν
3485 4872 3714 4940 οὐδαμῶς

2132 4956 2463 5037 είσήνεγκᾰν
2494 4984 2545 5019 τι
2601 4967 2733 5036 παρ’
2766 4967 2974 5018 ἑαυτῶν
3004 4966 3153 5035 πρὸς
3216 4970 3285 5020 τὸ
3332 4969 3438 5036 τὴν
3485 4968 3716 5029 ἀνάγκην

2135 5060 2334 5123 ἐλθεῖν,
2377 5059 2478 5130 τὴν
2514 5058 2548 5129 ἤ
2595 5059 2791 5111 παθεῖν
2831 5058 3049 5120 αὐτοὺς.
3104 5059 3144 5129 ἢ
3203 5059 3426 5129 πρᾶξαί
3464 5075 3516 5111 τι
3563 5056 3718 5109 unum

2136 5148 2577 5213 ἀναγκάζουσαν,
2620 5145 2795 5198 ἔπειτ’
2824 5144 3170 5212 αὑτόκλητόν
3200 5164 3259 5201 τι
3288 5148 3468 5199 δεινὸν
3488 5145 3719 5203 ἐπέλθοι,

2132 5238 2446 5307 βιαιότατον
2479 5238 2615 5299 ὅλως
2651 5234 2711 5287 ὃν
2742 5236 2836 5287 καὶ
2875 5238 3397 5304 τυραννικώτατον,
3450 5233 3720 5301 συμφοράν

2136 5347 2196 5383 τε
2227 5328 2485 5381 ἀιπειλοῦν
2514 5329 2612 5396 οὐχ
2652 5328 2998 5396 ὑπεροπτέαν
3026 5326 3336 5392 δοκοῦσαν,
3372 5330 3405 5397 ἢ
3437 5329 3572 5396 βίον,
3595 5325 3720 5381 ὅλως

2136 5421 2237 5474 οὐκ
2267 5419 2651 5488 ἐπιτρέποντα,
2678 5418 2740 5470 τὸ
2770 5419 2871 5486 ζῇν
2902 5418 3133 5469 εὐκτέον
3172 5420 3470 5488 ἡγεῖσθαι,
3518 5416 3719 5486 ἔχοντες

2138 5511 2234 5563 καὶ
2268 5510 2541 5578 πρόφασιν
2571 5508 2945 5577 προϐαλέσθαι
2988 5507 3298 5577 διόρθωσιν
3329 5511 3437 5561 οὐκ
3482 5508 3720 5576 ἔχουσαν,

2141 5601 2477 5670 συγγνώμης
2523 5618 2588 5667 γε
2644 5601 2745 5670 τῆς
2792 5602 3122 5670 γιγνομένης
3174 5601 3590 5666 ὲπιτεύξονται,
3618 5596 3723 5649 ἔστι

2140 5693 2184 5747 δ’
2217 5696 2305 5747 ὅτε
2359 5696 2452 5746 καί
2483 5693 2668 5756 ἐλέους
2694 5692 2975 5755 ἀξιοῦσθαι
3010 5690 3265 5745 δίκαιοι·
3305 5693 3483 5760 λέγω,
3515 5688 3726 5744 ἐπειδὰν
