3920 6200
275 365 389 428 433

1685 381 2120 462 onATtontI.

3425 414 3529 480 434

269 485 336 533 τὸ
371 484 511 593 νὲιπὲρ
538 485 750 540 τούτων
782 493 1227 565 παραιτούμενον
1280 501 1424 572 μέγα
1451 499 1508 576 ᾖ,
1534 506 1629 560 καὶ
1663 525 1838 576 μονον

1961 512 2198 570 habeant
2259 531 2361 572 cur
2398 519 2546 575 nulla
2612 522 2684 578 sit
2720 524 3054 593 emendatio,
3119 529 3332 583 veniam
3391 546 3527 586 sane

267 575 398 642 ουχὶ
449 578 648 642 κοινῶς
674 581 933 639 ἁπάντων
961 588 1090 658 ἑξῆς
1119 595 1320 664 κρατῇ.
1345 595 1420 648 Τὸ
1453 575 1562 669 γὰρ
1591 575 1686 654 ἕνα
1709 581 1842 664 που,

267 672 367 724 καὶ
397 671 514 736 δύο,
551 676 694 747 ὑπὲρ
718 677 968 746 ἅπαντας
1011 685 1267 756 φανῆναι,
1311 692 1376 745 οὗ
1421 696 1570 746 ποιεῖ
1615 694 1841 760 τούτους

267 767 615 858 μεμπτέους.
647 772 722 825 Οὐ
745 773 854 844 γὰρ
888 777 916 829 ὁ
947 779 1136 846 φυγὼν
1171 784 1400 852 μυρίους
1426 785 1534 840 τῶν
1563 788 1841 858 πολεμίων

265 855 447 950 δειλὸς
465 858 626 923 εὐθὺς
657 864 1006 933 κριθήσεται,
1037 871 1201 936 εἴτις
1230 873 1294 943 δὴ
1325 877 1577 932 τεθνάναι
1608 855 1840 950 κέκρικε

268 948 381 1015 πρὸ
408 951 504 1003 τοῦ
541 956 606 1022 τῇ
654 959 805 1026 φυγῇ
842 961 1176 1029 χρήσασθαι.
1219 967 1472 1022 Δείκνυσι
1507 970 1563 1024 δὲ
1594 948 1838 1030 κάκεῖνο.

262 1039 399 1136 τοῖς
426 1043 533 1136 γὰρ
565 1049 731 1122 πενία
776 1053 1142 1119 πιεζομένοις,
1175 1059 1208 1126 ἦ
1239 1076 1347 1112 τινι
1393 1064 1531 1132 νόσῳ
1563 1082 1846 1136 τετρυχω-

211 1209 219 1214 α
269 1133 481 1226 μένοις,
499 1135 638 1189 ὥστε
672 1141 944 1211 μηδαμῶς
964 1145 1228 1203 δύνασθαι
1249 1151 1348 1211 τὰς
1368 1152 1499 1220 γοῦν
1523 1133 1838 1226 ἐφημέρους

261 1224 479 1315 τροφᾶς
508 1229 859 1297 πορίζεσθαι,
889 1236 982 1289 ἅτε
1015 1240 1103 1290 τὴν
1135 1239 1252 1310 βίον
1278 1244 1353 1313 μὴ
1380 1224 1846 1315 δυναμένοις-ἀπδ-

260 1314 375 1408 τῷν
409 1319 612 1386 χειρῶν
646 1324 946 1388 ποιεῖσθαι,
998 1328 1064 1381 ἂν
1105 1322 1244 1399 μετᾶ
1287 1334 1447 1403 λιμόν
1493 1314 1617 1391 τινα
1656 1339 1849 1408 ὀλίγου

258 1403 378 1500 δεῖν
410 1408 686 1479 ἀφόρητον
731 1417 979 1470 ἐπαιτεῖν
1008 1421 1355 1491 ἐπιχειρῶσι,
1406 1431 1701 1498 νεμεσήσει
1737 1403 1850 1500 μὲν

259 1497 448 1591 οὐδεὶς
515 1503 625 1556 τῶν
665 1510 1087 1580 σωφρονούντων
1134 1515 1459 1585 ἀνθρώπων,
1509 1497 1840 1591 συναλγησει

258 1590 331 1688 δέ
355 1594 453 1647 καὶ
484 1599 595 1660 πᾶς
626 1615 734 1665 τις,
761 1602 818 1665 ὃς
856 1618 920 1670 τε
954 1605 1054 1675 τὴν
1082 1608 1246 1675 φύσιν
1292 1610 1582 1666 ἐπίσταται
1613 1595 1710 1667 καὶ
1738 1616 1851 1688 τὴν

257 1682 444 1755 τύχην
467 1689 656 1759 κοινὴν
681 1692 850 1747 οὖσαν
875 1695 1213 1766 ἀνθρώποις,
1242 1700 1379 1770 μηδὲ
1407 1703 1584 1758 έκεῖνο
1606 1682 1818 1772 ἀγνοῶν
1847 1695 1856 1708 ’

255 1776 341 1839 ὡς
368 1779 488 1833 ἔστι
517 1799 582 1850 γε
610 1783 671 1836 τὸ
707 1785 903 1852 μέλλον
932 1789 1305 1860 ἀτέκμαρτον,
1350 1795 1444 1847 καὶ
1481 1795 1640 1850 τοῦτο
1678 1799 1840 1867 μόνον

1949 607 2362 662 convenientem
2397 610 2786 681 impetrabunt,
2823 627 2879 671 et
2920 633 3314 690 nonnunquam
3373 637 3526 676 com-
3617 633 3628 643 '

1951 696 2311 757 miseratione
2340 718 2584 773 quoque
2619 707 2796 779 dignif
2819 711 3191 766 censebuntur
3225 729 3239 765 :
3271 725 3408 771 tum.
3444 716 3524 768 in-

1943 802 2128 857 quam,
2159 806 2282 846 cum
2328 797 2473 863 quod
2501 811 2596 852 eos
2658 810 2907 865 excusat,
2942 818 3196 872 magnum
3259 806 3517 874 quiddam

1944 894 2050 955 est,
2079 892 2399 955 tantumque
2439 903 2544 942 non
2584 891 2867 947 universos
2911 902 3155 962 superat.
3189 893 3320 947 Nam
3350 913 3519 949 uttqu

1941 972 2103 1038 forte,
2135 976 2217 1030 vel
2241 977 2476 1032 alterum
2491 982 2823 1050 quempiam,
2848 991 3082 1039 czeteros
3099 987 3485 1039 atttecellttisse
3506 1007 3519 1042 :

1943 1064 1999 1118 id
2034 1082 2163 1120 vero
2189 1083 2293 1123 non
2331 1069 2460 1124 facit
2494 1083 2554 1126 ut
2589 1073 2645 1126 hi
2673 1075 3155 1142 reprehensionem
3185 1087 3522 1141 mereantur;

1947 1173 2052 1210 non
2074 1159 2220 1214 enim
2250 1161 2316 1226 is,
2337 1165 2429 1230 qui
2457 1164 2642 1220 hostes
2669 1166 2913 1220 infinitos
2946 1182 3111 1236 prope
3129 1167 3285 1236 fugit,
3315 1170 3522 1222 idcirco

1947 1265 2072 1304 mox
2097 1251 2321 1307 timidus
2351 1255 2662 1323 habebitur,
2693 1259 2836 1327 quod
2871 1259 3016 1314 alius
3044 1260 3168 1329 quis
3192 1261 3326 1314 mori
3357 1261 3527 1312 maln-

1944 1343 2072 1405 erit,
2101 1359 2264 1412 quam
2307 1347 2432 1416 fuga
2466 1349 2568 1403 sibi
2627 1353 2939 1408 consulere.
2989 1352 3193 1407 Probat
3220 1354 3364 1407 idem
3421 1353 3526 1407 hoc
3599 1361 3608 1366 ‘

1946 1447 2186 1504 quoque.
2213 1435 2539 1506 Paupertate
2569 1442 2792 1509 pressis,
2827 1452 2920 1497 aut
2947 1446 3140 1498 morbo
3163 1446 3420 1514 quopiam
3447 1445 3526 1500 sic

1946 1523 2180 1590 aﬂlictis,
2223 1536 2283 1581 ut
2305 1529 2564 1583 alimenta
2595 1532 2914 1599 qu0tidiana
2945 1520 3095 1588 nullo
3125 1536 3288 1587 modo
3334 1551 3528 1589 conse-

1947 1616 2043 1684 qui
2079 1617 2308 1685 possint,
2338 1619 2500 1673 veluti
2528 1622 2623 1689 qui
2656 1623 2863 1677 victum
2898 1624 3153 1678 manibus
3184 1625 3301 1679 suis
3329 1640 3522 1693 parare

1951 1717 2253 1778 nequeant,
2288 1709 2336 1764 si
2380 1720 2500 1780 post
2534 1709 2732 1767 famem
2762 1714 3160 1784 propemodum
3203 1716 3523 1769 intolerabi-

1947 1798 2055 1853 lem
2085 1799 2403 1855 mendicare
2453 1812 2746 1868 conentur,
2793 1805 3146 1858 succensebit
3186 1820 3370 1868 uerno,
3424 1806 3520 1872 qui

260 1870 438 1925 αὑτοῦ
487 1875 681 1943 σαφὲς,
724 1877 786 1930 τδ
834 1880 1014 1936 πάντα
1065 1855 1286 1951 μέλλειν
1328 1887 1460 1939 αὐτὸ
1497 1855 1698 1960 κυκᾷν,
1748 1893 1838 1946 καὶ

1950 1890 2207 1946 molestus
2232 1905 2352 1946 esse
2369 1892 2535 1956 volet,
2563 1893 2656 1948 sed
2677 1909 2836 1949 nemo
2859 1909 2967 1974 non
2991 1897 3170 1964 potius
3188 1895 3521 1961 condolehit,

260 1964 528 2033 στρέφειν
551 1967 666 2022 ἄνω
690 1972 786 2024 καὶ
816 1972 992 2040 κάτω,
1016 1975 1215 2046 τροχοῦ
1240 1993 1390 2041 τινος
1422 1969 1600 2049 δίκην.
1630 1982 1704 2034 Οὐ
1738 1981 1846 2053 μὴν

256 2055 405 2110 ἀλλὰ
441 2059 534 2111 καὶ
573 2060 666 2113 τὸν
711 2063 769 2116 ὲν
799 2067 1143 2136 νυκτομαχίᾳ
1171 2071 1260 2122 τὸν
1297 2071 1414 2124 υἱὸν
1445 2072 1846 2129 ἀποκτείναντα

255 2147 364 2216 οὺχ
393 2149 543 2211 ὅπως
563 2150 628 2204 ἄν
652 2168 737 2214 τις
767 2154 1057 2222 μισήσειεν
1078 2139 1136 2209 εὖ
1162 2159 1400 2227 φρονῶν,
1429 2160 1564 2215 ἀλλὰ
1596 2163 1688 2216 καὶ
1716 2164 1848 2217 πολ·-

253 2237 360 2290 λοῦ
393 2238 579 2301 ἐλέους
630 2242 782 2306 ἄξιον
817 2243 1075 2314 ἡγήσαιτ’
1109 2248 1208 2314 ἂν,
1271 2245 1451 2317 οἴμαι.
1506 2253 1617 2306 Καὶ
1668 2256 1716 2309 εί
1764 2256 1848 2310 δεῖ

255 2331 552 2402 συντόμως
574 2336 751 2389 είπετν
779 2331 909 2408 περὶ
931 2342 1162 2394 τουτωνὶ
1194 2344 1304 2395 τῶν
1332 2345 1848 2417 ἀμφισϐητησίμων

251 2421 706 2492 ἁμαρτημάτων,
743 2427 934 2500 ὥσπερ
964 2431 1230 2503 αἰσχύνης
1264 2435 1358 2487 καὶ
1387 2435 1649 2506 μέμψεως
1693 2440 1845 2493 ἐλευ-

258 2516 463 2586 θεροῦν
492 2518 704 2586 πέφυκε
743 2521 814 2574 τὰ
844 2522 1078 2594 ἔναγχος
1106 2527 1242 2595 ἡμῖν
1275 2529 1549 2597 εἰρημένα
1575 2532 1705 2602 πιερῖ¹
1743 2533 1838 2586 τοῦ

257 2610 548 2679 ἀκουσίου,
586 2612 731 2666 οὕτω
771 2615 870 2668 καὶ.
903 2617 974 2669 τὰ
1007 2617 1230 2670 ἐναντία
1277 2619 1338 2671 τὸ
1376 2619 1622 2675 ἐναντίον
1664 2625 1842 2677 ποιεῖν

255 2699 446 2762 εἴωθε,
497 2705 592 2756 καὶ
638 2704 730 2757 τὸν
765 2705 1139 2776 ἐργαζόμενον
1187 2709 1359 2766 ταῦτα
1392 2712 1606 2766 πολλῶν
1649 2714 1841 2767 κακῶν

254 2792 568 2848 ὑπεύθυνον
599 2797 913 2866 ἀποφαίνει.
941 2799 1019 2856 Οὐ
1053 2803 1160 2872 μὴν
1200 2803 1315 2856 ἀλλ’
1352 2805 1575 2858 ἐπειδὰν
1604 2808 1838 2860 κάκεῖνο

260 2885 476 2955 συμϐῇ,
505 2888 727 2942 ἀπεῖναι
762 2907 812 2942 τι
857 2890 966 2944 τῶν
1008 2891 1222 2946 aet.)on
1273 2896 1617 2963 πεφυκότων,
1653 2897 1837 2966 ὀλίγου

252 2977 374 3032 δεῖν
399 2981 460 3033 τὸ
503 2980 679 3046 βίαιον
709 2983 952 3053 ὡσπερεὶ
979 2984 1251 3056 θελήσεως
1275 2990 1668 3060 νομισθήσεται
1691 3009 1706 3025 ο
1744 3001 1836 3046 το-

191 3101 194 3104 ~
251 3073 452 3126 σοῦ-τόν
494 3091 559 3143 γε
576 3077 672 3142 τῆς
715 3076 1055 3146 πλάστιγγος
1083 3081 1222 3149 πρὸς
1253 3080 1315 3133 τὺ
1349 3080 1619 3146 ἑκούσιον,
1658 3079 1836 3154 οἶμαις

1947 1980 2035 2034 cui
2067 1979 2284 2050 quidem
2309 1979 2422 2050 ipsa
2446 1991 2640 2035 natura
2660 1983 2875 2050 cognita
2893 1982 2983 2045 sit,
3015 1991 3068 2036 et
3088 1985 3402 2035 communis
3427 1981 3518 2038 illa

1947 2084 2070 2124 sors
2101 2072 2414 2126 mortalium
2449 2088 2463 2137 ;
2500 2074 2708 2143 quique
2761 2087 2862 2127 nec
2914 2072 3046 2126 illud
3108 2073 3342 2142 ignoret,
3399 2086 3522 2127 esse

1948 2161 2262 2218 futurorum
2316 2173 2546 2219 eventus
2572 2166 2858 2227 obscuros.
2890 2164 3056 2234 idque
3113 2165 3289 2218 solum
3347 2161 3401 2214 in
3441 2177 3524 2215 eis

1945 2255 2296 2326 perspicuum
2355 2265 2411 2312 et
2467 2257 2843 2323 manifestum,
2915 2256 3157 2310 futurum
3220 2263 3272 2308 ιιι
3337 2254 3520 2306 omnia

1946 2351 2302 2414 misceantur,
2336 2361 2389 2404 et
2413 2350 2586 2403 instar
2618 2358 2748 2404 rotte
2776 2363 2994 2404 sursum
3015 2347 3268 2401 deorsum
3296 2345 3522 2398 volvan-

1947 2450 2054 2496 tur.
2097 2439 2239 2508 Quin
2277 2441 2441 2494 etiam
2473 2441 2518 2495 si
2559 2440 2685 2509 quis
2724 2439 2778 2493 in
2832 2439 3027 2508 prwlio-
3051 2448 3320 2492 nocturno
3351 2435 3518 2490 tilium

1945 2549 2104 2590 suum
2135 2533 2488 2598 interfecerit,
2520 2546 2646 2587 eum
2681 2539 2902 2586 tantum.
2929 2531 3082 2585 abest
3131 2541 3190 2582 ut
3215 2529 3342 2582 odio
3398 2543 3522 2597 per-

1943 2633 2206 2694 sequatur
2232 2623 2616 2690 homo‘mente
2671 2620 2955 2690 praeditus,
3027 2630 3086 2675 ut
3132 2623 3320 2685 etiam,
3399 2633 3518 2672 mea

1943 2716 2166 2784 quidem
2189 2713 2486 2776 sententia,
2520 2713 2746 2781 dignum
2805 2724 2996 2779 magna
3039 2710 3521 2764 commiseratione

1941 2813 2185 2860 censeat.
2211 2801 2365 2868 Quod
2398 2801 2443 2856 si
2471 2800 2708 2854 breviter
2733 2798 2944 2868 aliquid
2970 2799 3036 2853 de
3066 2799 3344 2866 ambiguis
3372 2800 3522 2853 hisce

1931 2883 2158 2956 'delictis
2182 2907 2269 2953 est
2296 2895 2612 2962 dicendum,
2635 2895 2778 2950 sicut
2806 2895 2875 2949 ab
2919 2895 3222 2964 ignominia
3253 2904 3306 2949 et
3333 2909 3520 2963 repre-

1940 2991 2206 3048 hensione
2236 2989 2470 3045 liberare
2499 2989 2699 3052 solent,
2744 3005 2865 3058 quae
2893 2988 3054 3058 paulo
3087 2998 3212 3042 ante
3241 2989 3308 3042 de
3360 2989 3515 3040 invo-

1941 3085 2184 3143 iuntario
2238 3083 2380 3138 dicta
2417 3091 2548 3138 sunt
2575 3081 2818 3145 a’nobis,
2856 3080 2929 3135 ita
2970 3079 3250 3134 contraria
3299 3094 3520 3148 quoque

255 3167 564 3237 ῥεπούσης,
606 3167 803 3221 ὁπόσον
833 3185 885 3222 τι
935 3170 1036 3238 τῆς
1078 3171 1338 3238 γνώσεως
1371 3171 1403 3243 ἢ
1435 3175 1535 3243 τῆς
1579 3176 1838 3246 προαιρέ-

1942 3179 2278 3237 contrarium
2309 3177 2491 3232 facere
2519 3182 2948 3238 consueverunt,
3004 3183 3058 3228 et
3111 3182 3520 3244 perpetrantetn

255 3274 406 3322 σεως
459 3260 689 3329 μίξομεν
718 3263 836 3325 τοῖς
865 3261 950 3330 ἐφ’
995 3263 1130 3332 ἡμῖν
1167 3264 1510 3333 πράγμασιν.
1559 3265 1676 3336 Ἐφ’
1713 3268 1838 3322 ὅσον

251 3351 373 3420 γὰρ
401 3351 469 3405 ἂν
497 3354 558 3405 τὸ
592 3353 770 3408 θέλειν
808 3355 903 3408 καὶ
937 3355 995 3408 τὸ
1038 3355 1244 3424 γνῶναι
1293 3359 1430 3426 ἡμῖν
1472 3360 1675 3430 παρείη
1701 3402 1714 3426 ,
1746 3363 1838 3415 ἐπὶ

253 3441 524 3497 τοσοῦτον
549 3445 821 3513 παρέσται
850 3446 911 3498 τδ
939 3447 1181 3501 ἀπολύον
1212 3449 1414 3510 αίτίας.
1448 3451 1745 3520 Συμϐαίνει
1771 3453 1837 3524 δὴ

253 3534 452 3595 (καλὸν
477 3537 588 3606 γὰρ
614 3530 770 3606 οἶμαι
808 3540 1162 3611 συναγαγεῖν)
1189 3542 1250 3592 τὸ
1279 3544 1379 3610 μὲν
1411 3547 1469 3596 ἐν
1498 3544 1712 3616 γνώμῃ,
1742 3548 1836 3599 καὶ

257 3626 452 3697 βουλῇ,
486 3630 581 3680 καὶ
613 3630 937 3700 προαιρέσει
987 3632 1339 3702 γιγνόμενον,
1385 3634 1445 3688 ού
1479 3637 1575 3690 καὶ
1620 3639 1652 3709 ἡ
1693 3639 1837 3708 ἀρχὴ

254 3720 398 3787 παρ’
423 3719 583 3789 ἡμῶν
614 3722 751 3786 ἐστι,
791 3723 1007 3793 καὶτῆς
1030 3726 1308 3796 ἡμετέρας
1342 3727 1630 3797 δυνάμεώς
1658 3747 1718 3783 τε
1744 3733 1838 3784 καὶ

253 3813 535 3877 ἐξουσίας,
571 3815 732 3867 τοῦτο
777 3810 924 3871 εἶναι
952 3815 1014 3870 τὸ
1067 3819 1198 3889 παρ’
1231 3821 1366 3889 ἡμῖν
1400 3821 1650 3876 ἑκούσιον
1681 3825 1838 3893 ἀκρι-

254 3901 394 3965 ϐῶς·
427 3903 492 3963 τὸ
531 3903 587 3956 δὲ
634 3904 756 3958 κατ’
787 3905 1014 3974 ἄγνοιαν
1059 3908 1306 3978 παντελῆ
1331 3949 1346 3973 ,
1382 3908 1532 3963 τοῦθ’
1568 3911 1837 3982 ὑπάρχειν

253 3992 519 4047 ἀκούσιον
547 3995 834 4064 καθαρῶς’
870 3998 968 4050 καὶ
997 3997 1059 4050 τὸ
1103 3997 1206 4068 μὲν
1236 4000 1401 4053 καλόν
1424 4017 1483 4053 τε
1515 4003 1611 4054 καὶ
1635 4005 1837 4070 ἀγαθὸν

254 4080 528 4143 ἑκουσίως
559 4081 906 4150 γιγνόμενον,
936 4083 1096 4136 τοῦτο
1134 4081 1278 4138 εἶναι
1315 4087 1416 4158 τὴν
1441 4090 1674 4159 ἀρετήν’
1701 4091 1762 4143 τὸ
1791 4092 1837 4146 δ’

254 4173 504 4226 έναντίον
537 4174 852 4226 παντάπασι
881 4172 961 4244 τῷ
994 4173 1146 4245 καλῷ
1177 4177 1445 4242 ἑκουσίως
1487 4181 1834 4252 γιγνόμενον,

255 4265 419 4318 τοῦτο
450 4261 594 4319 εἶναι
621 4265 723 4336 τὴν
753 4267 977 4323 κακίαν.
1021 4266 1130 4320 Καὶ
1173 4269 1410 4322 καθόσον
1443 4272 1543 4342 μὲν
1565 4273 1665 4339 τῆς
1694 4274 1838 4341 γνώο

258 4373 369 4426 μης
392 4356 455 4411 τὸ
486 4358 884 4428 πεπραγμένον
914 4360 1017 4412 οὐκ
1063 4360 1204 4426 ἐστι,
1238 4361 1498 4416 τοσοῦτον
1530 4365 1652 4434 μηδ’
1695 4362 1834 4418 εἶναι

257 4449 590 4519 ἁμάρτημα·
632 4450 832 4503 ὁπόσον
856 4450 913 4503 δέ
940 4468 1003 4520 γε
1039 4455 1243 4524 ταύτης
1277 4454 1418 4516 ἐστὶ,
1448 4455 1708 4509 τοσοῦτον
1737 4457 1830 4510 καὶ

258 4545 540 4606 κολάσεως
568 4543 742 4609 ἄξιον.
775 4545 850 4597 Τὸ
883 4544 994 4615 γὰρ
1021 4545 1359 4618 δὴοσμικρδν
1393 4547 1588 4614 κακὸν,
1636 4550 1830 4623 γνώμῃ

261 4637 754 4708 διαπραττόμενον,
788 4639 933 4708 μέγα
973 4638 1062 4704 ἂν,
1113 4639 1341 4703 δικαίως
1392 4643 1736 4713 παρενέγκαι
1766 4647 1844 4716 τῇυ

262 4731 502 4785 καθαυτδ
531 4732 804 4802 ποιότητι,
837 4733 930 4784 καὶ
953 4731 1022 4784 τὰ
1051 4730 1235 4802 πολλῷ
1268 4733 1493 4802 μεγέθει
1518 4733 1675 4787 τοῦτο
1695 4753 1835 4807 παρα

258 4826 556 4892 ενεγκόντα
587 4866 602 4887 ,
654 4825 882 4877 ἐπειδὰν
941 4824 1177 4877 ἀκούσια
1238 4825 1393 4876 ταῦτ’
1445 4825 1668 4898 ἐπέλθῃ.
1724 4829 1834 4881 Καὶ

261 4917 465 4980 γίνεταί
498 4934 616 4980 πως
645 4919 727 4973 si;
762 4916 1023 4986 μέμψεως
1054 4916 1214 4984 λόγον
1238 4916 1298 4969 τὸ
1327 4916 1504 4987 βραχὺ
1535 4921 1600 4989 τῇ
1635 4936 1835 4990 προαι-

265 5007 402 5076 ρέσει
448 5010 782 5079 γιγνόμενον
818 5009 989 5062 κακὸν
1023 5010 1213 5078 μεῖζον
1251 5011 1373 5076 μεθ’
1403 5011 1537 5080 ὅσης
1590 5012 1832 5084 ὑπερσο-

263 5095 375 5166 λῆςν
401 5101 494 5153 τοῦ
535 5099 808 5163 ἀκουσίως
840 5102 976 5169 ἡμῖν
1010 5101 1437 5171 συμϐαίνοντος,
1473 5101 1579 5155 κᾶν
1608 5105 1690 5156 ὅτι
1730 5106 1829 5175 μέ-

265 5204 437 5255 γιστον
473 5188 616 5246 εἶναι
657 5192 820 5245 τοῦτο
849 5193 1005 5260 δοκῇ.

1941 3289 2006 3330 ea
2045 3273 2232 3328 multis
2259 3271 2419 3326 malis
2460 3269 2763 3324 obnoxium
2797 3268 3043 3322 reddere.
3085 3265 3191 3321 Nec
3221 3283 3332 3322 non
3389 3267 3436 3320 si
3467 3275 3522 3320 et

1941 3368 2072 3424 illud
2149 3365 2508 3430 usuvenerit,
2576 3377 2634 3419 ut
2689 3363 2897 3434 aliquid
2961 3378 3149 3419 eorum
3203 3364 3346 3419 absit
3398 3379 3522 3433 quae

1940 3460 2213 3516 hominem
2273 3461 2432 3529 culpa
2475 3459 2708 3513 liberare
2759 3457 2956 3522 solent,
3015 3457 3410 3527 prapemodum
3466 3458 3520 3512 id

1940 3553 2085 3623 quod
2119 3553 2174 3606 vi
2210 3551 2417 3606 factum
2449 3560 2532 3604 est
2564 3550 2729 3620 quasi
2760 3550 3022 3604 voluntati
3067 3551 3362 3615 tribuetur,
3395 3559 3518 3604 tau-

1941 3639 2181 3696 tumdem
2217 3639 2388 3704 lance,
2428 3647 2489 3692 ut
2517 3639 2776 3703 arbitror,
2810 3638 2876 3692 ad
2937 3639 3306 3694 voluntarium
3363 3639 3522 3694 incli-

1939 3742 2105 3788 nante
2137 3741 2416 3801 quantum
2439 3745 2575 3786 sane
2616 3739 2731 3784 tum
2758 3731 3024 3797 scientiae,
3057 3745 3182 3786 cum
3240 3733 3524 3788 electionis

1939 3823 2109 3880 animi
2134 3824 2298 3879 rebus
2329 3823 2382 3877 in
2415 3831 2603 3878 nostra
2639 3831 2912 3892 potestate
2963 3824 3159 3893 positis
3193 3823 3522 3881 admiscebi-

1941 3927 2083 3966 mns.
2117 3911 2400 3977 Quatenus
2457 3913 2602 3968 enim
2637 3915 2892 3968 voluntas
2915 3921 2969 3968 et
3018 3913 3186 3967 animi
3250 3915 3522 3970 sententia

1941 4005 2098 4059 nobis
2129 4005 2390 4071 adfuerit,
2425 4013 2658 4059 eatenus
2687 4014 2740 4059 et
2772 4005 3032 4059 liberatio
3062 4021 3092 4058 a
3121 4005 3280 4072 culpa
3313 4005 3514 4061 aderit.

1940 4095 2200 4162 Sequitur
2238 4110 2370 4163 ergo
2399 4095 2549 4165 (nam
2580 4107 2726 4149 recte
2749 4096 2996 4151 facturos
3030 4111 3138 4151 nos
3170 4097 3430 4159 arbitror,
3463 4099 3511 4152 si

1939 4190 2152 4243 tandem
2183 4188 2340 4258 quasi
2367 4188 2746 4256 colligamus),
2772 4187 2918 4257 quod
2940 4203 3007 4242 ex
3025 4188 3191 4242 animi
3223 4190 3518 4256 sententia,

1938 4291 1991 4336 et
2024 4281 2321 4346 voluntate,
2361 4289 2411 4335 et
2441 4281 2710 4335 electione
2773 4281 2850 4344 lit,
2878 4279 3034 4346 cujus
3082 4281 3247 4334 etiam
3300 4281 3508 4349 princi-

1936 4375 2086 4445 pium
2119 4375 2171 4427 in
2207 4373 2364 4428 nobis
2397 4382 2501 4436 est,
2539 4383 2852 4443 nostrasque
2897 4382 3009 4427 tum
3051 4367 3351 4436 facultatis,
3405 4383 3516 4428 tum

1938 4467 2243 4536 potestatis,
2291 4466 2343 4520 id
2379 4465 2455 4520 uti
2484 4465 2557 4521 sit
2593 4477 2837 4520 nostrum
2877 4465 3009 4520 illud
3039 4475 3298 4521 accurate
3327 4466 3522 4520 volun-

1939 4561 2174 4625 tarium;
2210 4559 2356 4630 quod
2393 4571 2575 4613 autem
2615 4575 2708 4627 per
2735 4559 3138 4629 ignorationem
3190 4561 3520 4628 prorsus,id

1934 4653 2014 4708 uti
2050 4668 2186 4722 pure
2217 4655 2286 4707 sit
2321 4654 2756 4708 involuntarium
2796 4671 2809 4707 :
2857 4653 3047 4708 itidem
3115 4653 3381 4723 quidquid
3417 4655 3519 4708 lto-

1933 4746 2078 4798 nesti
2107 4753 2161 4797 et
2203 4743 2328 4797 boni
2366 4753 2562 4812 sponte
2595 4746 2708 4805 liat,
2746 4745 2797 4797 id
2831 4744 2908 4797 uti
2962 4746 3140 4798 virtus
3196 4745 3310 4810 sit;
3370 4745 3518 4814 quod

1932 4842 2110 4887 autem
2151 4843 2347 4901 sponte
2387 4834 2477 4886 fiat
2518 4835 2754 4888 honesto
2780 4836 2958 4889 modis
2990 4834 3248 4891 omnibus
3294 4851 3520 4890 contra-

1933 4926 2098 4990 rium,
2135 4924 2185 4977 id
2219 4924 2297 4978 uti
2331 4925 2402 4978 sit
2451 4925 2661 4980 vitium.
2715 4927 3005 4992 Quatenus
3056 4928 3222 4983 etiam
3277 4928 3332 4982 id.
3366 4929 3513 4998 quod

1939 5027 2226 5087 peractum
2249 5027 2330 5071 est
2363 5017 2430 5071 ab
2452 5018 2616 5072 animi
2653 5021 2928 5074 sententia
2962 5019 3268 5089 profectum
3299 5036 3406 5074 non
3443 5021 3517 5072 sit

1938 5119 2244 5163 uteatenus
2285 5125 2354 5164 ne
2386 5124 2486 5179 pro
2522 5110 2727 5164 delicto
2751 5113 2973 5180 quidem
3005 5113 3273 5165 habeatur
3302 5131 3316 5177 ;
3378 5128 3516 5181 qna-

1937 5212 2099 5260 tenus
2163 5215 2342 5258 autem
2376 5204 2500 5256 inde
2539 5203 2864 5271 profectum,
2895 5212 2953 5256 ut
2983 5211 3208 5256 eatenus
3237 5213 3291 5255 et
3353 5219 3512 5270 poena

265 5284 327 5338 sit
354 5288 595 5357 dignum.
625 5289 835 5356 Quippe
867 5288 1068 5342 malum
1111 5289 1329 5359 aliquod
1374 5291 1654 5358 exiguum,
1680 5295 1822 5361 quod
1864 5313 1930 5352 ex
1960 5303 2127 5354 animi
2153 5301 2421 5354 sententia
2455 5300 2756 5367 peragitur,
2809 5297 2944 5351 satis
3021 5313 3276 5363 magnum
3347 5294 3513 5361 fuerit

275 5387 329 5428 ut
362 5380 618 5445 qualitate
649 5393 748 5432 sua
783 5391 1004 5448 superet
1036 5381 1200 5435 etiam
1239 5383 1408 5436 multo
1480 5399 1538 5437 se
1574 5383 1781 5453 majora
1826 5389 2018 5444 delicta
2086 5409 2204 5459 qua:
2267 5400 2463 5459 praeter
2523 5392 2856 5445 voluntatem
2912 5391 3189 5446 eveniunt.
3250 5392 3509 5460 Adeoque

267 5469 500 5537 \‘itupcrii
539 5471 772 5536 ratione,
805 5472 1063 5542 pusillum
1107 5476 1309 5529 malum
1373 5491 1469 5545 per
1490 5474 1812 5533 electionem
1862 5484 2030 5536 animi
2062 5483 2386 5549 admissum,
2419 5483 2707 5554 insigniter
2731 5485 2908 5553 majus
2931 5481 3165 5539 efﬁcitur
3224 5501 3292 5540 eo
3355 5487 3503 5556 quod

268 5572 448 5628 praeter
502 5565 835 5618 voluntatem
916 5565 1075 5620 nobis
1135 5567 1355 5634 accidit,
1413 5567 1628 5624 etiamsi
1685 5571 1786 5625 hoc
1825 5573 2001 5644 ipsum
2032 5591 2151 5630 esse
2211 5578 2509 5630 maximum
2554 5577 2824 5631 videatur.

332 5655 489 5709 Ὥστε
514 5657 576 5710 τὸ
603 5659 716 5711 πᾶν
743 5657 808 5711 ὲκ
829 5660 928 5728 τῆς
954 5661 1350 5731 προαιρέσεως,
1384 5661 1634 5732 καθάπερ
1663 5664 1824 5733 ὲξαρ-

273 5749 358 5814 λῆς
404 5752 808 5821 ἡμῖνέῐρηται*
857 5756 952 5808 καὶ
1002 5755 1030 5806 ὁ
1081 5754 1248 5816 κακὸς
1298 5752 1423 5809 οὔτε
1483 5758 1545 5810 ἐκ
1578 5755 1820 5826 φύσεως,

255 5834 379 5924 ὀὒτε
409 5840 628 5908 εξωθεν,
657 5843 772 5898 ἀλλ’
808 5843 988 5917 laurei:
1022 5845 1212 5913 αίτιος.
1257 5849 1414 5905 Δυοῖν
1447 5849 1553 5922 γὰρ
1585 5848 1819 5919 θάτερον

2001 5669 2370 5733 Quamobrem
2399 5679 2507 5724 t0ta
2543 5686 2631 5726 res
2680 5671 2750 5724 ab
2811 5670 3079 5726 electione
3134 5685 3196 5726 ac
3254 5673 3506 5732 instituto

1928 5760 2091 5814 animi
2136 5761 2356 5832 pendet,
2391 5762 2540 5818 velut
2575 5777 2604 5818 a
2641 5763 2800 5819 nobis
2831 5763 2898 5818 ab
2949 5762 3106 5818 initio
3146 5764 3354 5820 dictum
3383 5779 3502 5829 est:

1923 5851 2124 5922 quique
2149 5853 2323 5912 malus
2349 5861 2578 5927 est,uec
2610 5865 2827 5928 natura,
2867 5872 2967 5916 nec
3023 5858 3368 5918 extrinsecus
3417 5870 3502 5917 es:
