3920 6200
531 381 642 442 435

1715 385 2114 446 MANUELIS
2151 386 2600 448 PALEOLOGI

3618 391 3702 453 436

521 496 717 558 malus,
758 494 852 547 sed
889 493 1045 560 culpa
1099 509 1218 548 sua.
1247 492 1382 548 Nam
1443 509 1473 550 e
1506 493 1722 550 duobus
1771 497 2088 551 alterutrum

2212 499 2514 565 ἱναγκαῖον,
2555 494 2854 566 ῆοίκοθεν,
2892 492 3078 561 ὥσπερ
3127 491 3352 560 ἔφημεν,
3404 496 3432 564 ῆ
3477 498 3703 569 μηδαμῶς

518 583 886 636 neressarium
921 592 1024 644 est,
1057 584 1140 637 vel
1164 595 1219 639 ut
1251 601 1314 638 ex
1349 601 1424 650 se,
1460 600 1559 640 ceu
1582 587 1845 648 diximus,
1875 588 1957 640 vel
1991 601 2087 639 ne—

517 689 789 743 quaquam
815 676 1106 745 quisquam
1131 678 1378 730 omnium
1437 678 1510 732 sit
1535 679 1731 732 malus.
1762 675 1826 731 Et
1846 693 2085 745 quonam

515 776 693 834 pacto,
729 768 873 821 dicet
912 770 1267 840 aliquis,ipse
1297 771 1399 825 sibi
1457 771 1721 824 malorum
1777 781 1971 822 auctor
1993 784 2089 823 ex-

515 860 714 912 stiterit
771 861 934 914 homo
994 863 1084 930 qui
1142 878 1332 934 sapore
1403 865 1648 917 videtur?
1694 863 1854 927 Quia,
1889 864 2088 916 bonum

520 960 801 1018 tantopere
847 968 953 1005 non
1007 953 1189 1023 diligit
1235 962 1574 1024 quantopere
1636 955 1783 1023 diligi
1828 967 2086 1018 meretur,

515 1044 609 1096 sed
637 1045 794 1099 malis
830 1046 1051 1114 gaudet.
1081 1051 1257 1112 Atque
1293 1049 1396 1100 hoc
1431 1049 1633 1101 nemini
1679 1048 1882 1114 ‘uiirum
1940 1058 2086 1102 esto.

515 1133 632 1188 Non
660 1137 804 1190 enim
855 1138 1103 1192 homines
1133 1140 1378 1209 eligendo
1398 1141 1598 1193 malum
1652 1150 1925 1207 quatenus
1975 1155 2092 1193 ma-

514 1229 651 1292 lum,
681 1244 788 1297 pra:
819 1230 999 1295 bono;
1029 1232 1107 1283 vel
1142 1248 1252 1300 prae
1285 1232 1660 1301 pulcherrimo
1687 1232 2088 1300 turpissimum,

515 1324 1246 1392 quatenusturpissimum;
1305 1325 1386 1377 vel
1434 1325 1598 1377 etiam
1670 1325 1918 1387 noxium,
1979 1341 2092 1393 prae

518 1413 884 1478 conducibili;
939 1417 1003 1469 de
1049 1415 1211 1470 bouis
1248 1418 1376 1470 mali
1422 1417 1710 1473 efficimur.
1764 1417 1884 1482 Quo
1947 1417 2091 1469 enim

517 1497 570 1555 id
602 1504 804 1572 pacto?
854 1505 1350 1576 Nequaquamtvel
1401 1508 1759 1561 stultissimos
1819 1507 2090 1568 omnium,

519 1593 616 1660 qui
649 1609 886 1664 unquam
919 1597 1200 1662 exstitere,
1239 1599 1552 1650 mortalium
1580 1598 1818 1651 arbitror
1849 1612 1910 1651 ea
1943 1598 2096 1651 laboo

519 1702 672 1741 rasse
705 1687 970 1742 crecitate.
1021 1687 1290 1742 Nimirum
1334 1706 1402 1744 ex
1461 1691 1764 1758 impostura
1805 1699 1858 1742 et
1907 1703 2096 1743 errore

519 1779 719 1832 malum
755 1779 860 1832 hoc
885 1781 1144 1845 originem
1181 1797 1332 1835 suam
1363 1781 1548 1845 trahit,
1573 1795 1807 1848 cumque
1857 1781 1976 1833 loco
2004 1794 2093 1832 ra-

521 1868 662 1922 dicis
692 1878 743 1921 et
775 1871 1109 1936 irrigationis
1141 1872 1409 1925 inscitiam
1461 1880 1514 1924 et
1537 1872 1842 1924 vecordiam
1879 1870 2096 1936 habeat,

523 1974 811 2027 posuiuam
839 1961 1201 2014 diuturnitate
1235 1963 1497 2030 temporis
1525 1963 1713 2025 alitur,
1766 1971 1820 2014 et
1877 1961 2094 2025 longius

524 2052 846 2120 porrigitur,
880 2052 1064 2120 itaque
1092 2053 1363 2118 solidatur
1397 2064 1455 2106 ut
1487 2054 1778 2107 retundere
1805 2052 1946 2120 quod
1983 2067 2096 2104 me—

524 2144 629 2197 lius
659 2153 742 2198 est
773 2145 965 2214 possit,
998 2155 1109 2198 tum
1160 2145 1359 2199 deinde
1427 2145 1715 2199 difficulter
1768 2143 1836 2197 ab
1883 2143 1950 2196 iis
2005 2146 2100 2212 qui

524 2238 967 2306 remelorcupati
1007 2249 1154 2301 sunt,
1189 2237 1463 2306 proﬂigari
1513 2245 1710 2306 potest.
1761 2235 1906 2289 Nihil
1955 2236 2100 2289 enim

531 2342 707 2395 neque
763 2327 1021 2388 deterius,
1079 2345 1253 2398 neque
1277 2329 1552 2383 difﬁcilius
1599 2330 1907 2404 emendatu,
1941 2344 2103 2398 quam

528 2420 572 2470 si
611 2421 677 2472 ab
710 2421 892 2490 aliquo
931 2421 1063 2474 vitio
1094 2421 1354 2489 iuvenum
1413 2422 1716 2490 praesertim
1763 2422 1931 2475 animi
1981 2422 2098 2474 sint

534 2514 917 2581 praeoccupati.
965 2512 1098 2567 Nam
1133 2523 1190 2567 ut
1230 2515 1479 2583 occupati
1509 2515 1807 2582 persistaut
1829 2514 1879 2566 in
1913 2513 2096 2576 malis,

525 2606 824 2671 jucundum
855 2614 935 2659 est
967 2621 1027 2659 ac
1079 2605 1273 2669 facile;
1309 2607 1401 2660 sed
1442 2617 1498 2660 ut
1528 2607 1716 2660 eadem
1761 2619 1990 2672 exuant,
2044 2621 2108 2660 ac

533 2706 827 2760 mutentur,
861 2697 910 2749 id
942 2713 1070 2752 vero
1113 2699 1446 2752 laboriosum
1493 2715 1556 2753 ac
1611 2699 1850 2765 difficile,
1910 2699 2110 2766 vixque

531 2804 667 2855 opus
699 2789 867 2842 animi
897 2791 1297 2858 grueresissimi
1335 2789 1520 2845 fuerit.
1556 2794 1731 2859 Atque
1789 2793 1892 2845 hoc
1946 2791 2108 2844 modo

533 2883 646 2933 fieri
677 2882 926 2950 equidem
961 2883 1219 2944 arbitror,
1275 2891 1334 2934 ut
1392 2883 1571 2950 major
1625 2884 1871 2954 peiorum
1943 2899 2105 2951 quam

532 2976 800 3026 bonorum
829 2975 909 3026 vis
940 2976 1042 3038 sit;
1076 2984 1130 3027 et
1157 2975 1247 3042 qui
1288 2976 1356 3028 ab
1398 2975 1558 3028 initio
1590 2977 1791 3040 bonus,
1833 2991 1940 3029 non
1968 2992 2112 3031 sem-

533 3079 630 3130 per
659 3064 931 3132 ejusmodi
967 3064 1292 3132 reperiatur,
1330 3067 1424 3119 sed
1464 3067 1532 3120 ad
1587 3068 1788 3120 malum
1837 3077 2111 3130 transeat,

535 3246 668 3307 Quae
696 3260 816 3297 cum
848 3244 922 3296 ita
955 3243 1087 3306 sint,
1119 3244 1413 3298 manifesto
1437 3253 1604 3312 patet,
1657 3260 1930 3314 quemque
1979 3247 2110 3300 sibi-

540 3345 650 3389 met
699 3345 977 3389 auctorem
1028 3334 1296 3388 malorum
1347 3351 1488 3390 esse.
1543 3335 1699 3402 Quod
1758 3338 1977 3404 quidem
2035 3340 2109 3394 ita

537 3427 963 3482 consideremus.
996 3425 1098 3490 Qui
1133 3427 1274 3481 scire
1304 3427 1450 3494 quod
1499 3427 1702 3482 bonum
1759 3438 1844 3481 cst
1906 3439 2107 3497 potest,

541 3536 727 3577 verum
776 3520 917 3574 scire
947 3534 1051 3572 non
1086 3520 1198 3572 vult
1233 3537 1246 3572 :
1281 3527 1375 3572 aut
1409 3519 1553 3572 \vult
1593 3519 1684 3573 ille
1731 3520 1974 3587 quidem,
2015 3521 2108 3574 sed

541 3622 649 3668 igon
679 3620 888 3665 tantum
921 3620 1178 3680 quantum
1229 3609 1538 3664 sufficeret:
1571 3619 1663 3662 aut
1694 3611 1973 3678 adgnoscit
2014 3613 2108 3664 bo-

543 3722 698 3770 num,
731 3714 781 3757 et
813 3703 1071 3772 praeclare
1121 3703 1360 3773 quidem,
1397 3704 1488 3756 sed
1552 3703 1753 3756 malum
1787 3717 1892 3756 non
1925 3702 2061 3772 fugit
2094 3721 2107 3755 :

544 3808 640 3852 aut
697 3807 842 3852 recte
905 3795 1132 3861 facii-ns,
1191 3794 1350 3864 fugit,
1391 3805 1446 3848 at
1507 3811 1614 3849 non
1676 3795 1892 3848 duobus
1950 3794 2113 3863 (quod

547 3895 700 3947 aiunt
733 3893 750 3961 )
780 3892 1031 3960 pedibus,
1067 3906 1170 3945 nec
1203 3891 1484 3954 continuo,
1509 3889 1598 3946 sed
1625 3889 1892 3942 interdum
1919 3890 2110 3953 victor,

544 3987 814 4040 interdum
837 3985 1009 4036 victus
1027 3983 1388 4050 conspicitur,
1425 3982 1589 4035 modo
1639 3979 1931 4036 levioribus
1967 3983 2114 4035 vitiis

546 4079 814 4147 superior,
845 4077 1006 4130 modo
1036 4076 1264 4130 inferior
1293 4076 1519 4144 (quippe
1564 4074 1631 4127 de
1684 4074 2112 4128 vehementiori-

548 4173 650 4225 bus
679 4180 732 4224 et
775 4167 1182 4238 potentioribus
1229 4168 1410 4229 malis,
1455 4167 1694 4220 fortasse
1725 4180 1792 4218 ne
1822 4164 2113 4218 dicendum

547 4263 766 4332 quidem
798 4262 1074 4331 erit),qno
1102 4269 1262 4330 pacto
1289 4274 1396 4313 non
1447 4259 1534 4312 hic
1562 4259 1680 4327 ipse
1727 4257 1912 4326 procul
1950 4256 2117 4308 dubio

549 4373 702 4410 reum
735 4370 795 4409 se
838 4356 1104 4407 malorum
1141 4352 1288 4414 facit,
1321 4352 1450 4404 dum
1495 4349 1777 4402 affectione
1839 4362 1938 4401 sua
1991 4360 2119 4414 pro-

552 4447 749 4516 pendet
793 4445 858 4498 ad
899 4459 960 4498 ea
1021 4457 1142 4511 quae
1200 4456 1397 4495 nocere
1445 4448 1694 4508 possunt,
1751 4437 2119 4504 omnibusque

2195 582 2335 638 εἶναι
2375 587 2546 638 κακὸν
2598 585 2724 654 μηδ’
2750 585 2814 636 ἂν
2847 584 2944 637 ἕνα
2977 581 3086 635 τῶν
3118 585 3348 639 πάντων.
3388 586 3479 638 Καὶ
3522 591 3620 653 πῶς
3644 594 3699 644 ἂν

2193 679 2429 744 γένοιτο,
2464 678 2652 746 φησὶν,
2689 677 2864 737 αἴτιος
2899 675 3078 744 ἑαυτῷ
3116 675 3223 727 τῶν
3263 678 3438 727 κακῶν
3467 678 3618 731 δοκῶν
3648 699 3703 749 γε

2191 771 2254 836 δή
2288 787 2404 831 πως
2437 770 2735 835 σωφρονεῖν
2769 766 3092 835 ἄνθρωποςς
3123 765 3210 834 Τῷ
3237 766 3307 836 μὴ
3338 767 3501 832 φιλεῖν
3519 771 3572 820 τὸ
3593 771 3707 837 ἀγα·

2195 856 2305 918 θὸν,
2337 858 2461 908 ὅσον
2487 855 2658 920 ἄξιον,
2689 855 2824 907 ἀλλὰ
2850 858 2960 915 τοῖς
2987 857 3176 917 κακοῖς
3197 856 3427 924 χαίρειν.
3453 858 3552 909 Καὶ
3574 861 3709 911 τοῦτο

2197 949 2390 1016 μηδεὶς
2421 947 2772 1016 θαυμαζέτω
2811 948 2872 999 οὐ
2915 945 3025 1015 γὰρ
3062 946 3138 1014 τῷ
3189 946 3450 1014 αἱρεῖσθαι
3483 949 3539 999 τὶ)
3565 951 3709 1002 κακὸν

2193 1032 2227 1112 ᾖ
2253 1041 2422 1093 κακὸν
2449 1039 2556 1108 πρὸ
2578 1039 2674 1092 τοῦ
2706 1039 2912 1106 ἀγαθοῦ
2945 1039 3077 1100 τοὺς
3100 1037 3438 1106 ἀνθρώπους,
3468 1039 3497 1108 ἦ
3523 1039 3616 1107 πρὸ
3634 1040 3713 1092 τοῦ

2195 1130 2485 1183 καλλίστου
2522 1130 2582 1182 τὸ
2611 1129 2894 1198 αἴσχιστον
2927 1124 3071 1201 ᾗπερ
3099 1130 3398 1198 αἴσχιστον,
3433 1131 3519 1182 καὶ
3552 1132 3712 1198 μέντοι

2195 1225 2290 1276 καὶ
2330 1224 2392 1274 τὸ
2439 1222 2680 1291 βλάπτον
2729 1223 2838 1291 πρὸ
2883 1221 2978 1273 τοῦ
3027 1223 3381 1286 συνοίσοντος,
3432 1223 3487 1288 ἐξ
3527 1223 3717 1289 ἀγαθῶν

2196 1313 2462 1380 γινόμεθα
2509 1313 2843 1365 τούναντίον.
2886 1311 3012 1374 Πῶς
3057 1314 3208 1380 γάρ;
3247 1311 3320 1363 υΰ
3365 1328 3450 1379 μοι
3497 1309 3716 1362 δοκοῦσιν

2196 1404 2365 1456 οὐδ’οί
2386 1405 2602 1457 πάντων
2629 1403 2980 1472 εὐηθέστεροι
3003 1402 3112 1454 τῶν
3141 1401 3359 1455 πώποτε
3381 1402 3720 1469 γεγενημένων

2197 1495 2504 1564 ἀνθρώπων
2537 1492 2684 1547 τοῦτ’
2721 1493 2788 1548 ἂν
2819 1495 3048 1562 νοσῆσαι
3081 1494 3142 1546 τὸ
3173 1494 3404 1561 νόσημα.
3460 1491 3590 1544 Ἀλλ’
3618 1491 3721 1555 ἑξα-

2198 1589 2345 1656 πάτῃ
2376 1603 2437 1638 τε
2469 1588 2562 1638 καὶ
2595 1586 2902 1655 διαμαρτίᾳ
2938 1587 3091 1638 τουτὶ
3120 1586 3184 1638 τὸ
3210 1587 3381 1638 κακδν
3409 1584 3588 1652 φύεται
3615 1599 3626 1612 '
3661 1581 3725 1652 ρί·

2198 1678 2298 1740 ζαν
2326 1679 2381 1730 δὲ
2407 1677 2501 1730 καὶ
2542 1679 2765 1746 ἀρδεὶαν
2797 1677 2921 1746 ἕχον
2943 1677 3041 1746 τὴν
3073 1676 3434 1730 ἀπαιδευσίαν
3465 1676 3554 1728 καὶ
3585 1673 3725 1743 ρᾳθυ-

2203 1767 2356 1835 μίαν,
2395 1767 2476 1836 τῷ
2529 1768 2708 1836 χρόνῳ
2760 1763 2936 1834 δήπου
2979 1767 3339 1834 τρεφόμενον,
3386 1765 3478 1816 καὶ
3505 1766 3726 1818 ἐπεκτει-

2201 1861 2448 1929 νόμενον,
2471 1864 2566 1911 καὶ
2589 1858 2936 1928 πηγνύμενον
2963 1859 3100 1925 πρὸς
3121 1857 3444 1910 ἀντιτυπίαν
3462 1857 3550 1910 τοῦ
3571 1859 3725 1925 κρείτ-

2201 1968 2373 2013 τονος.
2404 1951 2859 2003 δυσαπάλλακτον
2889 1951 2984 2002 τοῦ
3020 1950 3214 2003 λοιποῦ
3240 1950 3464 2018 ,γίνεται
3505 1951 3606 2010 τοῖς
3641 1949 3722 2017 ήδη

2203 2043 2662 2112 κεκρατημένοις.
2696 2041 2802 2094 Τοῦ
2854 2042 2964 2109 γὰρ
3016 2042 3387 2111 προειλῆφθαι
3419 2041 3601 2110 ψυχὰς,
3648 2041 3726 2091 καὶ

2207 2137 2445 2205 μάλιστα
2469 2137 2567 2196 τὰς
2598 2136 2752 2199 νέων,
2791 2136 2897 2188 ὑπό
2925 2153 3020 2187 του
3047 2133 3280 2196 πάθους,
3299 2135 3448 2186 οὐδὲν
3475 2134 3534 2186 ἂν
3552 2135 3726 2199 γένοιτο

2204 2230 2410 2298 χεῖρον,
2443 2228 2564 2278 οὐδὲ
2597 2227 2985 2296 χαλεπώτερον
3020 2229 3101 2289 εἰς
3133 2227 3442 2295 διόρθωσιν.
3478 2225 3725 2294 Ἐμμεῐναι

2185 2308 2188 2311 ’
2208 2319 2306 2388 μὲν
2341 2320 2449 2388 γὰρ
2479 2322 2592 2380 τοῖς
2642 2323 2835 2379 κακοῖς
2881 2322 3006 2380 τοὺς
3053 2320 3532 2390 προειλημμένους
3564 2315 3648 2387 ἡδύ
3681 2331 3728 2366 τε

2208 2410 2301 2464 καὶ
2333 2411 2583 2479 εὐχερέςο
2624 2412 2688 2462 τὸ
2735 2410 3045 2476 ἀπαλλάξαι
3092 2411 3212 2463 τῶν
3246 2411 3431 2465 κακῶν
3467 2411 3552 2461 καὶ
3601 2421 3732 2475 μετα-

2208 2505 2392 2558 δαλεῖν
2423 2506 2680 2560 ἐπίπονόν
2707 2525 2764 2558 τε
2797 2507 2887 2558 καὶ
2918 2505 3212 2574 δυσχερὲς,
3264 2505 3358 2557 καὶ
3407 2502 3549 2570 μόλις
3579 2499 3636 2550 ἂν
3660 2496 3733 2562 τέ·

2174 2615 2352 2672 ,νθιτο
2377 2599 2770 2668 γενναιοτάτης
2799 2599 2979 2667 ψυχῆς
3020 2598 3213 2666 ἔργον.
3247 2597 3358 2650 Καὶ
3399 2592 3578 2648 τοῦτον
3611 2587 3733 2655 οἶμαι

2208 2692 2299 2743 τὸν
2337 2692 2541 2759 τρόπον
2572 2691 2680 2742 τῶν
2718 2690 3021 2757 ἀμεινόνων
3073 2692 3140 2740 τὰ
3196 2689 3367 2757 χείρω
3415 2681 3733 2738 πλεονεκτεῖνν

2209 2783 2308 2836 καὶ
2334 2783 2426 2835 τὸν
2457 2783 2550 2834 ἀπ’
2584 2785 2760 2851 ἀρχῆς
2791 2782 2995 2849 ἀγαθὸν
3019 2782 3118 2834 οὐκ
3148 2783 3249 2833 ἀεὶ
3274 2778 3508 2832 τοιοῦτον
3527 2772 3739 2842 εὑρίσκε-

2213 2875 2360 2936 σθαι,
2388 2874 2526 2928 ἀλλά
2557 2877 2653 2928 καὶ
2683 2875 2763 2937 είς
2794 2875 2965 2927 κακὸν
3003 2871 3393 2942 μεταϐάλλειν,
3423 2863 3739 2935 διαμενούσης

2213 2969 2302 3021 ἀεὶ
2329 2969 2428 3036 τῆς
2454 2965 2671 3033 φύσεως
2709 2966 2767 3017 ἐν
2793 2965 2997 3032 ταυτῴ.
3031 2964 3138 3015 Καὶ
3171 2966 3232 3016 εἰ
3264 2962 3416 3014 ταῦθ’
3446 2960 3604 3018 οὕτως
3629 2955 3738 3021 ἔχει,

2217 3060 2486 3130 πρόδηλον
2511 3059 2585 3122 ὡς
2621 3057 2793 3119 αἴτιος
2821 3059 2927 3110 τῶν
2979 3056 3166 3110 κακῶν
3221 3058 3449 3114 ἕκαστος
3480 3047 3641 3115 ἑαυτῷ
3673 3044 3740 3109 γί-

534 3157 651 3215 ipsa
686 3163 880 3206 natura
920 3169 1135 3220 semper
1181 3155 1258 3210 in_
1291 3155 1480 3208 eodem
1531 3164 1675 3208 statu
1731 3167 2106 3224 permanente.

2220 3170 2391 3206 νεται.
2417 3151 2718 3219 Σκοπῶμεν
2745 3151 2824 3203 δέ.
2847 3144 2916 3218 Ὦ
2945 3166 3010 3214 γε
3042 3148 3264 3211 ἔξεστιν
3294 3131 3488 3199 εἰδὲναῖ
3514 3136 3739 3207 τάγαθὸν.

2209 3247 2238 3297 ὁ
2259 3246 2302 3297 δ’
2335 3246 2393 3296 οὐ
2419 3243 2689 3311 βούλεται·
2715 3244 2747 3312 ἢ
2777 3241 3022 3310 βούλεται
3059 3241 3180 3309 μὲν,
3218 3241 3318 3309 οὐχ
3350 3242 3468 3290 ὅσον
3493 3237 3543 3288 δὲ
3568 3229 3743 3285 ἱκανόν·

2210 3337 2244 3406 ἢ
2280 3335 2542 3402 γινώσκει
2583 3334 2682 3403 μὲν
2711 3333 2863 3396 αὖτ’),
2896 3332 3037 3383 ἔστω
3069 3332 3124 3383 δὲ
3150 3333 3302 3384 πάνυ
3334 3327 3528 3389 καλῶς,
3555 3324 3609 3376 οὐ
3634 3319 3746 3387 φεὺο

2211 3445 2300 3496 γει
2335 3429 2391 3480 δὲ
2426 3428 2486 3479 τὸ
2520 3427 2710 3480 κακόψ
2750 3427 2783 3495 ἢ
2813 3426 3006 3492 φεύγει
3037 3426 3135 3492 μὲν
3164 3423 3234 3476 εὖ
3267 3421 3456 3482 ποιῶν,
3486 3417 3542 3468 οὐ
3581 3412 3674 3479 μὴν
3699 3409 3746 3460 δὲ

2212 3519 2306 3571 καὶ
2337 3517 2456 3569 δυσὶ
2483 3517 2659 3575 ποσὶν,
2694 3517 2722 3567 ὃ
2748 3532 2932 3582 φασιν,
2986 3513 3106 3565 οὐδὲ
3139 3511 3415 3581 συνεχῶς,
3449 3505 3554 3559 ἀλλ’
3582 3502 3746 3555 ἄλλοτε
3831 3503 3836 3510 ’

2218 3611 2314 3679 μὲν
2342 3611 2534 3677 ὁρᾶται
2593 3609 2833 3677 κρατῶν,
2875 3607 3067 3660 ἄλλοτε
3118 3607 3179 3658 δὲ
3222 3603 3621 3674 κρατούμενος·
3672 3593 3748 3644 καὶ

2215 3705 2344 3756 ποτὲ
2379 3703 2475 3768 μὲν
2504 3702 2766 3769 κρείττων
2805 3698 2914 3751 τῶν
2941 3698 3297 3768 κουφοτέρων
3327 3693 3531 3752 παθῶν,
3563 3684 3679 3740 ποτὲ
3704 3679 3750 3731 δὲ

2215 3797 2392 3865 ἥττων
2437 3795 2725 3863 (περὶγὰρ
2766 3792 2875 3843 τῶν
2912 3789 3369 3859 ὲμϐριθεστέρων
3425 3786 3515 3838 καὶ
3553 3784 3750 3844 impr

2213 3889 2490 3956 τεστὲρων
2540 3886 2728 3937 κακῶν
2763 3885 2892 3945 ῐσως
2931 3882 3055 3934 οὐδὲ
3101 3883 3213 3951 χρὴ
3267 3879 3505 3947 λέγειν)·
3537 3875 3641 3931 πῶς
3670 3869 3748 3932 οὐκ

2215 3982 2516 4040 ὑπεύθυνος
2548 3977 2704 4039 οὗτος
2733 3976 2912 4041 ἑαυτῷ
2939 3975 3043 4027 τῶν
3071 3975 3268 4027 κακῶν
3295 3970 3534 4040 ἀτεχνῶς
3555 3966 3748 4034 γίνεται,

2219 4072 2403 4140 ῥέπων
2433 4071 2499 4138 τῇ
2535 4067 2666 4137 παρ’
2706 4065 2904 4118 ἑαυτοῦ
2945 4063 3195 4116 διαθέσει
3237 4063 3378 4132 πρὸς
3407 4060 3472 4111 τὰ
3511 4053 3752 4119 δυνάμενα

2196 4157 2504 4233 ’βλάπτειν,
2539 4163 2632 4213 καὶ
2665 4159 2798 4211 πᾶσι
2827 4157 3054 4226 τρόποις
3090 4156 3290 4208 ἑαυτὸν
3344 4153 3608 4205 εὐάλωτον
3638 4140 3755 4237 éxsl:

2219 4271 2329 4316 νοις
2358 4251 2814 4321 παρασκευάζων.
2849 4250 2945 4300 καὶ
2988 4246 3165 4315 παρὸν
3206 4244 3532 4311 διαφυγεῖν,
3567 4238 3592 4288 ὁ
3617 4235 3664 4286 δὲ
3692 4235 3752 4293 τῷ

2224 4347 2299 4417 μὴ
2324 4346 2648 4408 σπουδάζειν
2677 4344 2987 4404 ἁλίσκεται,
3015 4340 3247 4409 εὐχερὲς
3273 4339 3374 4392 καὶ
3404 4335 3600 4401 κοῦφον
3619 4322 3754 4417 ἡγού-

2224 4457 2386 4510 μενος
2440 4439 2764 4504 καθυφεῖναι
2820 4434 2915 4486 τοῦ
2980 4431 3186 4491 καλοῦ.
3254 4432 3355 4483 καὶ
3410 4416 3756 4496 προσηλῶσθαι

553 4539 727 4594 modis
761 4553 818 4591 sc
856 4545 1013 4603 captu
1067 4534 1279 4588 facilem
1341 4533 1421 4588 eis
1473 4531 1721 4599 praebet;
1780 4544 2016 4597 cumque
2063 4529 2108 4581 in

2225 4508 2513 4599 πράγμασι
2563 4525 2831 4594 φαύλοιςς
2878 4524 3021 4576 Ἀλλ’
3056 4523 3218 4592 ἄθρει
3269 4522 3334 4591 δή
3395 4538 3487 4588 μοι
3521 4516 3610 4569 καὶ
3643 4508 3760 4576 τῇδε.

556 4638 815 4702 proniptu
840 4637 986 4682 esset
1010 4635 1068 4679 ut
1094 4641 1154 4678 ea
1188 4626 1407 4688 vitaret,
1427 4622 1632 4676 nullum
1658 4619 1968 4674 adhibendo
1999 4628 2118 4673 stu-

556 4725 706 4776 dium
734 4720 972 4790 capitur,
1005 4717 1331 4773 existimans
1352 4731 1472 4769 esse
1527 4715 1684 4768 facile
1734 4713 1993 4782 quiddam
2063 4725 2125 4764 ac

559 4819 697 4880 leve,
715 4814 857 4868 bono
884 4827 942 4866 se
972 4810 1292 4865 subtrahere
1311 4809 1599 4877 pravisque
1625 4807 1788 4864 rebus
1809 4804 2128 4860 adhaerere?

560 4906 703 4970 Quin
735 4904 897 4958 etiam
931 4903 1032 4956 hoc
1053 4903 1291 4968 quodam
1325 4899 1487 4952 modo
1537 4897 1666 4950 mihi
1703 4912 1815 4950 rem
1851 4893 2126 4962 inspicito.

563 4999 619 5050 Si
645 4997 766 5066 quis
785 4994 1006 5056 malum,
1032 4995 1175 5060 quod
1245 4991 1576 5046 levissimum
1607 5002 1729 5042 esse
1774 4993 2019 5058 putetur,
2069 4983 2124 5036 in

563 5093 805 5145 animum
895 5086 1120 5140 subdole
1205 5084 1433 5152 primum
1552 5083 1830 5148 irrepens,
1955 5077 2131 5129 admi—

566 5184 701 5239 serit
731 5184 800 5236 ob
881 5180 1115 5248 speciem
1187 5179 1309 5230 boui
1387 5188 1551 5242 quam
1630 5174 1929 5240 praaselert.
1999 5177 2131 5220 tau-

567 5293 680 5332 tum
717 5290 824 5328 non
874 5273 1072 5326 emissa
1107 5285 1236 5324 voce
1285 5267 1624 5337 promittens,
1677 5261 1832 5315 facile
1868 5260 2132 5321 futurum,

573 5382 632 5424 ut
668 5369 759 5438 qui
795 5365 1096 5434 periculum
1154 5362 1271 5427 ejus
1301 5360 1480 5414 facere
1515 5355 1771 5420 voluerit,
1811 5368 1999 5407 rursus
2044 5352 2137 5405 illo

567 5464 862 5522 liberetur;
896 5457 1089 5512 deinde
1134 5454 1300 5507 semel
1342 5452 1603 5519 deceptus
1647 5450 1732 5501 hic
1784 5448 1945 5500 homo
1983 5445 2137 5513 quasi

573 5557 698 5608 fuco
723 5552 980 5621 quodam,
1016 5549 1274 5618 paulatim
1305 5542 1653 5613 progrediens
1685 5538 1926 5606 seipsum
1981 5537 2141 5588 rebus

501 5683 505 5688 ι
574 5643 826 5713 pessimis
848 5640 1152 5700 dediderit,
1187 5651 1421 5706 quorum
1455 5636 1506 5686 in
1557 5644 1866 5688 numerum,
1892 5627 2140 5685 obsecro,

574 5731 887 5787 referetur?
927 5729 1042 5782 Non
1082 5742 1266 5780 eorum
1301 5725 1392 5793 qui
1441 5739 1507 5776 ex
1535 5722 1699 5775 animi
1728 5719 1977 5774 instituto
2017 5715 2141 5768 mali

510 5881 513 5884 ,
579 5823 756 5880 fiunt?
788 5822 864 5876 ita
901 5821 1099 5876 sentire
1139 5818 1412 5882 convenit,
1457 5817 1650 5885 opinor
1682 5833 1694 5868 :
1731 5827 1854 5897 nam
1898 5809 2145 5902 alioquin

2238 4622 2363 4674 Ἐάν
2419 4635 2504 4681 τις
2548 4618 2610 4671 τὸ
2639 4616 2974 4684 κουφότατον
3007 4613 3178 4665 κακὸν
3225 4607 3374 4665 εἶναι
3423 4605 3758 4676 νομιζόμενον.

2227 4712 2479 4773 ὑπούλως
2509 4708 2792 4777 καταρχὰς
2823 4705 3179 4774 είσκωμάσαν
3222 4704 3309 4765 εἰς
3351 4700 3453 4772 τὴν
3485 4696 3672 4768 ψυχὴν,
3697 4687 3767 4739 δέ·

2230 4804 2410 4873 ξηται,
2442 4801 2540 4854 διτε
2579 4800 2744 4852 καλὸν
2776 4798 3135 4866 φαινόμενον,
3173 4796 3270 4846 καὶ
3306 4789 3592 4862 μονονουχὶ
3615 4779 3771 4873 φωνὴν

2230 4867 2408 4962 ἀφιὲν,
2434 4890 2875 4960 ὑπισχνούμενον
2895 4889 2969 4950 ὡς
2995 4885 3377 4949 ἀπαλλάξεται
3405 4881 3599 4953 ῥᾳδίως
3622 4879 3646 4928 ὁ
3669 4867 3775 4923 τούς

2231 5004 2326 5040 του
2357 4988 2557 5053 πεῖραν
2587 4982 2781 5034 λαϐεῖν
2811 4981 3103 5048 ἐθελήσας,
3135 4976 3315 5029 ἔπειθ’
3341 4969 3499 5036 οὗτος
3521 4969 3777 5035 ἄνθρωπθς

2235 5076 2605 5146 φενακισθεὶς,
2663 5073 2768 5142 ὁδῷ
2808 5070 3042 5140 βαδίζων
3069 5069 3264 5121 ἑαυτὸν
3303 5066 3451 5133 ὲκδῴ
3485 5065 3597 5122 τοῖς
3625 5069 3781 5146 χειρ-,θ

2237 5183 2402 5229 στοις,
2433 5167 2577 5216 τίσιν
2615 5149 3059 5228 ἐγγεγράψεταις
3091 5159 3164 5210 Οὐ
3209 5160 3331 5218 τοῖς
3384 5154 3524 5224 μετά
3555 5157 3785 5217 προαιρε-

2239 5272 2375 5315 σεως
2410 5253 2602 5312 κακοῖς
2647 5249 2971 5316 γεγονόσιν;
3006 5241 3168 5298 Οὕτω
3213 5261 3310 5312 μοι
3369 5242 3522 5295 δοκεῖ
3558 5235 3783 5305 πρέπειν.

2243 5346 2448 5406 Ἀλλως
2481 5345 2590 5412 γὰρ
2626 5339 3120 5410 πάνταλποιοῦντες
3163 5336 3232 5390 τὰ
3286 5335 3465 5396 κακὰ,
3516 5331 3708 5386 πάντες
3733 5321 3788 5412 ᾷν

2239 5435 2382 5507 ἦμεν
2415 5435 2724 5488 ἀνεύθυνοι.
2765 5433 2920 5485 Ἐπεὶ
2969 5431 3144 5492 οὐδεὶς
3194 5426 3502 5495 ἐργάζεται
3545 5421 3604 5475 τὸ
3644 5410 3792 5470 κακδν

2241 5533 2431 5599 ἄρτιον
2471 5526 2732 5596 ὲξαρχῆς·
2765 5524 2884 5577 ἀλλ’
2917 5523 3024 5576 ἀπὸ
3055 5519 3310 5589 σμικρῶν
3341 5519 3437 5568 καὶ
3469 5513 3687 5599 φαύλων
3710 5507 3793 5571 ἀρ-

2243 5597 2477 5688 χόμεθα,
2542 5617 2790 5686 σμικρὰν
2836 5615 2930 5665 καὶ
2989 5612 3196 5679 φαύλην
3250 5606 3467 5674 ζημίαν
3499 5597 3798 5669 νομίζοντες

2246 5713 2673 5780 ὑποστήσεσθαι,
2717 5709 2811 5761 καὶ
2845 5702 3236 5776 καρπώσεσθαι
3270 5697 3498 5766 ἡδονὴν,
3523 5693 3616 5746 καὶ
3647 5693 3800 5780 ἐπαν-

2249 5806 2399 5876 ήξειν
2441 5805 2646 5872 ταχέως
2682 5804 2760 5866 εἰς
2795 5802 2895 5867 τὴν
2943 5799 3220 5864 προτέραν
3275 5791 3640 5846 κατάστασιν.
3687 5774 3800 5832 Εἶτα
