3920 6200
301 364 411 428 437

1705 332 1987 427 ORATIO
2032 368 2148 433 III.

3448 362 3554 425 438

301 479 359 530 ά)
377 477 662 547 ισκόμεθα,
682 476 763 537 είς
800 469 1102 545 προῦπτον,
1133 475 1209 537 ὡς
1234 474 1434 541 εἰπεῖν,
1457 476 1708 530 κίνδυνον
1727 479 1878 547 ἡμᾶς

1995 492 2175 532 omnes
2217 477 2400 532 omnia
2435 477 2574 531 mala
2611 483 3016 545 perpetrantes,
3070 473 3137 529 ab
3186 489 3334 529 omni
3371 472 3551 542 culpa.

301 572 505 634 αὐτοὺς
562 570 909 631 ἐκδιδόντες,
948 569 1131 621 ἐκεῖνα
1183 568 1460 639 δήπουθεν
1513 569 1867 640 πράττοντες,

302 666 447 733 άπερ
486 668 533 718 εἰ
570 660 715 734 ἦμεν
748 664 1025 732 ἐλεύθεροι
1073 663 1184 717 τῶν
1213 664 1318 736 ἢδη
1362 662 1715 736 κρατούντων
1770 680 1876 718 πα-

1982 568 2256 624 immunes
2284 584 2529 624 essemus
2554 585 2569 632 ;
2600 568 2798 637 quippe
2829 582 2987 621 nemo
3021 566 3221 621 malum
3250 565 3384 619 facit
3411 565 3553 632 quini

1978 662 2048 715 ab
2075 660 2232 714 initio
2266 660 2567 730 perfectum
2597 661 2667 714 sit
2697 669 2750 713 et
2781 659 3074 728 integrum,
3112 658 3204 712 sed
3244 657 3311 710 ab
3339 657 3559 726 exiguis

301 754 807 824 θῶν,ῄσχυνόμεθα
861 753 929 808 ἂν
978 754 1232 810 ἀκοῦσαι.
1290 755 1372 809 Τά
1416 756 1523 827 γάρ
1566 757 1875 825 κουφότερα

1995 759 2031 803 -.t
2061 767 2183 820 quae
2220 750 2369 821 parvi
2403 751 2657 803 momenti
2706 758 2833 804 sunt
2878 749 3146 811 ordimur,
3199 749 3451 818 exiguum
3489 762 3556 801 ac

300 847 707 911 δοκοῖωτιτῶν
754 848 977 915 φαύλων
1010 847 1188 917 ἔργων
1243 848 1487 918 εὐχερῶς
1538 848 1873 919 πράττομεν,

304 938 671 1008 ἑξαπατώσης
704 940 848 1002 τινὸς
883 940 1121 1002 ἐλπίδος,
1152 939 1444 1008 δεικνύσης
1466 940 1564 1010 τὴν
1588 939 1878 1011 διόρθωσιν

305 1031 361 1081 ἒν
392 1032 576 1097 χεροῖν
609 1025 774 1090 εῖναι,
809 1030 1067 1101 καθάπερ
1093 1031 1196 1101 ἤδη
1229 1032 1579 1103 προείρηται.
1613 1034 1726 1087 Οὐκ
1762 1033 1877 1086 ἔστι

304 1121 362 1172 δὲ
398 1121 603 1186 τοῦτο,
654 1123 754 1174 οὐκ
800 1122 946 1175 ἐστιν
972 1138 987 1154 ·
1020 1122 1159 1175 άλλά
1207 1124 1523 1177 τούναντίον
1555 1124 1700 1178 ἅπαν
1737 1125 1876 1179 ἐστί.

305 1212 464 1265 Μετὰ
512 1213 620 1280 γὰρ
668 1211 729 1263 τὸ
762 1213 998 1281 σμικρὸν
1047 1214 1407 1278 ὑπενδοΰναι,
1439 1215 1882 1285 ὀλιγωρήσαντες

303 1303 403 1354 τοῦ
440 1301 802 1371 καθήκοντος,
840 1304 946 1356 ὑπὸ
981 1305 1152 1358 τῶνδε
1184 1304 1295 1359 τῶν
1326 1305 1520 1359 δεινῶν
1550 1305 1882 1377 κηλούμενοι

307 1411 367 1447 τε
397 1399 493 1448 καὶ
525 1396 957 1465 τυραννούμενοι
1011 1399 1271 1468 συνεχῶς,
1318 1399 1429 1452 τῶν
1460 1399 1743 1463 σωζόντων
1795 1401 1884 1454 λο-

309 1487 531 1555 γισμῶν
568 1489 973 1557 ἐκτρεπόμεθα.
1014 1489 1135 1542 οὐδὲ
1170 1490 1299 1556 γοῦν
1333 1489 1444 1543 τῶν
1487 1492 1675 1561 ἄκρως
1715 1494 1885 1561 ὕπερ-

308 1577 487 1629 ίολῶν
525 1578 874 1648 φειδόμενον
916 1578 1003 1631 ἴνα
1031 1578 1089 1631 δὲ
1129 1580 1225 1632 καὶ
1271 1579 1370 1650 τὴν
1423 1580 1731 1650 ὑπερϐολὴν
1775 1580 1885 1635 τῶν

306 1668 502 1720 κακῶν
532 1667 695 1731 εἴπω,
729 1668 807 1737 τῷ
849 1670 963 1731 τοῖς
993 1670 1233 1732 ἀνοσίοις
1278 1670 1516 1740 χρῆσθαι
1567 1670 1887 1740 φιλοτιμού-

312 1759 483 1830 μεθα,
509 1761 615 1814 καῖ
636 1759 724 1828 ἐφ’
752 1754 835 1823 οἷς
860 1762 1029 1830 ἐχρῆν
1057 1759 1437 1830 αἰσχύνεσθαι,
1469 1762 1631 1832 ἡμεῖς
1661 1761 1717 1815 δὲ
1746 1762 1884 1816 πάν-

309 1867 420 1911 τως
458 1852 551 1905 καὶ
584 1847 991 1921 σεμνυνόμεθα,
1036 1853 1182 1905 κατὰ
1226 1853 1353 1915 τοὺς
1406 1852 1746 1924 μελαγχολίᾳ
1798 1870 1889 1907 κε-

313 1944 723 2013 κρατημένους.
769 1944 1034 2005 Εἰκότως.
1070 1943 1178 1996 Τὸν
1214 1944 1322 2014 γὰρ
1364 1943 1462 1997 τοῦ
1513 1944 1889 2015 προσήκοντος

311 2032 681 2099 ὲκτραπέντα,
732 2034 827 2085 καὶ
876 2032 1169 2102 πράγμασι
1212 2031 1637 2104 λυμαινομένοις
1682 2034 1888 2103 σφόδρα

311 2123 415 2173 τδν
447 2121 574 2175 νοῦν
623 2123 881 2187 καθάπαξ
910 2125 1105 2178 ἑαυτὸν
1135 2124 1496 2190 ἐκδεδωκότα,
1533 2126 1632 2179 οὐκ
1663 2126 1891 2190 ἀπεικὸς

306 2212 773 2281 τετυφλωμένους
801 2213 997 2283 ἔχοντα
1023 2214 1153 2277 τοὺς
1187 2215 1489 2284 λογισμοὺς
1521 2217 1887 2286 παραπαίειν,

308 2301 561 2371 ὅπουπερ
591 2300 658 2355 άν
684 2304 976 2373 πορεύοιτο
1004 2307 1099 2360 καὶ
1124 2304 1357 2374 βαδίζοι.
1390 2300 1518 2375 'Ap‘
1539 2306 1711 2370 οὕτως
1739 2307 1892 2379 ἔχον-

308 2407 408 2455 τες
433 2393 708 2463 ἄνθρωποι
732 2396 856 2448 λίαν
877 2395 1161 2465 ὀλιγώρως
1187 2398 1317 2467 περὶ
1343 2397 1413 2451 τὰ
1452 2398 1666 2461 δέοντα,
1698 2394 1817 2455 εἶτά
1837 2418 1888 2454 τι

312 2484 627 2554 πάσχοντες
663 2487 696 2557 ἢ
736 2488 1043 2554 ποιοῦντες,
1077 2489 1216 2560 ὅπερ
1258 2489 1315 2539 ιν
1362 2490 1527 2560 μοίρᾳ
1557 2490 1664 2544 τῶν
1694 2491 1753 2543 ού
1786 2508 1890 2545 κα-

309 2576 450 2641 λῶν,
489 2578 715 2641 ἄκοντές
762 2598 846 2633 σοι
897 2578 1125 2648 δόξομεν
1154 2580 1260 2635 ὑπὸ
1290 2581 1525 2646 εὐθύνας
1558 2579 1703 2637 εἶναι
1725 2601 1740 2651 ;
1785 2585 1892 2638 06-

308 2668 528 2736 δαμῶςο
559 2669 682 2722 οὐδὲ
710 2671 818 2738 γὰρ
846 2686 913 2722 συ
924 2670 1155 2739 μϐαἶνον
1180 2673 1249 2817 τέ
1281 2672 1565 2742 φρονήσει,
1590 2673 1697 2726 κᾶν
1732 2672 1891 2729 ούπω

309 2775 382 2817 γε
410 2762 491 2817 εἰς
519 2760 723 2817 ἄνδρας
746 2763 932 2817 τελῆε.
968 2762 1032 2815 Ei
1063 2762 1176 2817 γάρ
1252 2763 1286 2817 ‘h
1334 2765 1433 2817 xui.
1484 2766 1708 2817 ἐονεται
1752 2767 1891 2817 ποὺς

309 2775 382 2826 γε
410 2762 491 2820 εἰς
519 2760 723 2828 ἄνδρας
746 2763 932 2833 τελῇς.
968 2762 1032 2815 Ei
1063 2762 1176 2835 γάρ
1221 2760 1287 2830 δὴ
1334 2765 1433 2818 καὶ
1484 2766 1708 2838 ἔρχεται
1752 2767 1891 2837 πρὸς

305 2853 465 2919 ἡμᾶς
498 2851 567 2905 τὰ
596 2854 747 2922 πάθη
778 2854 914 2924 μετὰ
950 2855 1177 2925 πολλῆς,
1222 2855 1300 2920 ὥς
1342 2855 1410 2910 ἄν
1454 2872 1540 2920 τις
1587 2859 1756 2924 εῐποι,
1790 2859 1890 2928 τῆς

305 2943 523 3013 σκηνῆς
559 2946 655 2998 καὶ
703 2946 803 3015 τῆς
850 2947 1217 3017 ὑποκρίσεως,
1271 2947 1391 3001 ἀλλ’
1437 2949 1570 3002 αὑτό
1617 2965 1681 3016 γε
1727 2949 1891 3005 τοῦτο

309 3035 470 3103 ἡμᾶς
497 3037 557 3088 ού
593 3037 785 3108 λέληθε
826 3038 1068 3101 πάντως,
1099 3038 1175 3103 ὡς
1215 3040 1471 3103 ὑπούλως
1522 3040 1763 3111 ἔρχεται,
1795 3044 1889 3096 καὶ

1978 842 2095 897 leve
2126 844 2387 895 damnum
2423 841 2663 894 facturos
2695 853 2793 893 nos
2843 839 3242 903 existimantes,
3301 838 3552 907 volupta-

1987 943 2209 1001 temque
2251 944 2631 1003 percepturos.
2663 941 2716 986 et
2746 930 2999 985 celeriter
3023 930 3086 983 ad
3121 929 3400 997 pristinam
3427 944 3561 983 con.

1979 1026 2239 1081 ditionem
2280 1040 2624 1081 reversuros.
2646 1024 2846 1078 Deinde
2878 1024 3124 1093 capimur
3155 1025 3206 1076 in
3244 1022 3564 1091 praevisum-

1982 1124 2043 1170 ut
2064 1116 2140 1170 ita
2168 1115 2371 1179 dicam,
2396 1114 2694 1183 periculum
2722 1121 2938 1167 nosmet
2969 1114 3118 1181 ipsos
3146 1112 3356 1174 dantes,
3386 1126 3561 1178 eaque

1981 1207 2388 1262 committentes
2426 1220 2567 1275 quae,
2601 1204 2648 1257 si
2682 1219 2711 1259 a
2753 1204 2895 1258 vitiis
2932 1204 3041 1257 illis
3076 1220 3327 1259 essemus
3361 1205 3559 1256 immuo

1985 1315 2080 1355 nes
2108 1298 2362 1369 quaejam
2401 1312 2581 1351 rerum
2621 1298 2673 1350 in
2713 1295 2871 1349 nobis
2915 1295 3216 1365 potiuntur,
3262 1295 3342 1365 vel
3374 1294 3562 1346 audire

1982 1390 2178 1460 pudori
2206 1389 2366 1442 nobis
2398 1397 2563 1443 esset.
2594 1385 2729 1440 Nam
2764 1387 2955 1440 vitiosa
2994 1386 3155 1448 facta,
3191 1401 3311 1455 qua;
3358 1384 3562 1438 levium

1984 1483 2265 1547 videntur,
2310 1481 2470 1535 facile
2520 1492 2924 1549 perpetramus,
2979 1479 3283 1548 desipiente
3326 1493 3423 1530 nos
3470 1491 3565 1542 spe

1988 1576 2219 1644 quadam
2255 1589 2379 1643 qua;
2414 1572 2808 1626 correctionem
2840 1585 2960 1625 esse
2994 1569 3045 1622 in
3084 1569 3333 1622 manibus
3378 1577 3561 1621 osten-

1987 1667 2088 1730 dit,
2124 1664 2585 1736 quemadmodum
2614 1665 2726 1734 jam
2777 1670 2903 1717 ante
2954 1661 3309 1721 dictumfest.
3361 1658 3559 1712 Verum

1991 1759 2216 1812 minime
2238 1772 2327 1813 res
2350 1759 2421 1810 ita
2448 1765 2761 1827 comparata
2784 1764 2887 1818 est.
2914 1754 3006 1810 sed
3040 1753 3200 1825 plane
3228 1754 3558 1807 contrarium

1990 1849 2050 1904 in
2071 1848 2316 1904 modum.
2346 1846 2707 1916 Posteaquam
2746 1847 2890 1900 enim
2944 1845 3201 1915 pusillum
3251 1844 3561 1903 remisimus

1989 1942 2234 2012 neglecto
2258 1939 2456 2002 cilicio,
2490 1939 2649 1993 malis
2677 1939 2784 1993 illis
2826 1940 3091 1994 continuo
3126 1951 3225 1991 nos
3251 1935 3565 1989 domuit-en-

1989 2035 2156 2097 tibus.
2185 2032 2317 2087 etin
2350 2039 2671 2101 potestatem
2708 2045 2772 2085 ac
2818 2030 3137 2084 servitutem
3171 2028 3562 2097 redigentilms,

1990 2140 2020 2181 a
2044 2125 2470 2195 cogitationibus
2495 2122 2657 2177 saluti
2681 2120 3179 2177 consulentibusita
3203 2118 3569 2185 deﬂectimus,

1990 2226 2051 2272 ut
2076 2233 2145 2273 ne
2169 2216 2238 2272 ab
2273 2217 2339 2273 iis
2365 2216 2608 2285 quidem,
2638 2229 2759 2284 qua:
2791 2221 3034 2269 extreme
3063 2211 3227 2265 nimia
3256 2221 3404 2272 sunt,
3439 2210 3573 2263 abs--

1992 2312 2283 2367 tineamus.
2330 2311 2501 2379 Atque
2532 2309 2609 2362 uti
2644 2307 2909 2361 malorum
2940 2305 3381 2374 exsuperantiam
3423 2303 3561 2356 indi.

1991 2417 2131 2467 cem,
2174 2416 2331 2456 usum
2362 2400 2711 2456 scelestorum
2746 2400 2801 2453 in
2832 2398 2992 2454 laude
3015 2397 3289 2467 ponimus,
3320 2405 3371 2450 et
3395 2396 3464 2450 ob
3501 2409 3562 2447 ea

1990 2509 2221 2564 quorum
2258 2508 2356 2549 nos
2386 2493 2591 2563 pudere
2618 2491 2869 2558 debebat,
2886 2491 3043 2560 plane
3068 2488 3408 2559 gloriabundi
3433 2502 3563 2543 nos-

1990 2593 2104 2641 met
2141 2586 2514 2649 ostendamus,
2541 2599 2732 2638 eorum
2768 2598 2917 2637 more
2947 2568 3041 2653 qui
3080 2582 3435 2637 melancholia
3491 2581 3570 2635 la-

1989 2676 2203 2731 borant.
2235 2675 2345 2731 Nec
2372 2676 2469 2731 abs
2504 2690 2580 2730 re.
2603 2674 2737 2731 Nom
2786 2675 2879 2745 qui
2914 2674 2983 2728 ab
3015 2673 3193 2728 oﬂicio
3227 2673 3461 2737 deﬂexit,
3486 2689 3570 2725 re-

1990 2767 2201 2837 busque
2258 2776 2495 2821 mentem
2530 2767 2685 2821 valde
2710 2766 3185 2836 corrumpentibus
3217 2765 3450 2835 seipsum
3476 2779 3567 2819 se-
3612 2760 3625 2772 '

1992 2858 2098 2914 mel
2125 2857 2355 2922 addixit,
2387 2874 2510 2912 eum
2551 2866 2976 2912 consentaneum
3009 2856 3171 2911 estin
3206 2857 3294 2910 illa
3324 2856 3567 2910 caecitate

1990 2948 2408 3019 cogitationum,
2460 2961 2788 3016 quocunque
2841 2946 3056 3000 tandem
3115 2956 3303 3017 pergat
3357 2947 3567 3015 iterque

1991 3038 2262 3107 dirigat,a
2300 3048 2445 3093 recta
2488 3035 2901 3091 via-deﬂectere.
2936 3035 3074 3089 Num
3102 3050 3232 3102 ergo
3263 3050 3361 3091 nos
3386 3036 3565 3090 homi-

308 3129 401 3188 είς
442 3129 544 3191 τάς
576 3127 755 3198 ψυχάς
808 3131 1154 3202 καταμικρὸν
1208 3132 1581 3187 ὑπεισδύεται.
1639 3134 1750 3187 Καὶ
1795 3131 1892 3204 τὴν

1998 3146 2092 3185 nes
2119 3144 2289 3201 usque
2323 3128 2458 3185 adeo
2487 3129 2818 3199 negligentes
2863 3128 2917 3182 in
2951 3129 3101 3181 omni
3135 3127 3332 3193 oﬂicio,
3363 3130 3408 3183 si
3434 3128 3565 3195 quid

308 3217 501 3286 ἀρχὴν
554 3218 805 3272 είσδύντα
869 3220 1299 3292 δουλοπρεπῶς,
1364 3221 1560 3276 ἔπειτα
1623 3223 1890 3294 κατάρχει

308 3307 660 3372 δεσποτικῶς
684 3326 698 3342 ο
735 3312 832 3363 καὶ
867 3312 895 3365 ό
934 3312 996 3364 τὸ
1025 3312 1180 3377 τέλος
1211 3313 1390 3378 εἰδὼς,
1442 3314 1537 3367 καὶ
1567 3314 1668 3384 τὴν
1704 3315 1883 3385 ἀρχὴν

314 3399 424 3469 οὐχ
472 3399 781 3466 ὑποσοὸὦν,
816 3402 1046 3467 δικαίως
1080 3403 1147 3458 ἂν
1187 3402 1471 3457 εὐθύνοιτο
1517 3407 1613 3459 καὶ
1643 3404 1892 3476 περὶτοῦ

311 3490 535 3552 τέλους.

1988 3221 2188 3277 deinde
2218 3220 2304 3276 vel
2340 3221 2617 3289 patiamur
2643 3221 2725 3275 vel
2751 3221 3018 3275 faciamus
3044 3221 3283 3275 alienum
3308 3221 3377 3274 ab
3402 3221 3569 3274 hone-

1990 3322 2097 3377 sto,
2133 3311 2289 3367 inviti
2315 3311 2531 3381 culpam
2563 3310 2831 3365 sustinere
2864 3311 2959 3366 tibi
2988 3310 3332 3365 videbimur?
3359 3309 3574 3379 Nequa-

1990 3421 2175 3477 quam.
2208 3404 2325 3461 Non
2359 3404 2502 3459 enim
2536 3405 2677 3475 apud
2735 3405 3061 3472 prudentem
3092 3404 3200 3459 boc
3263 3404 3459 3459 habere
3489 3405 3569 3457 lo-

1993 3513 2116 3552 cum
2145 3505 2341 3567 potest,
2374 3495 2591 3550 etiamsi
2619 3495 2829 3549 virilem
2861 3494 3092 3550 necdum
3121 3502 3331 3548 atatem
3380 3494 3583 3561 attige-

313 3584 423 3639 ris.
454 3583 593 3638 Nam
624 3601 934 3678 quanquam
966 3586 1230 3644 accedunt
1262 3590 1326 3644 ad
1364 3605 1465 3645 nos
1514 3590 1654 3645 mala
1707 3591 1901 3657 multo,
1940 3600 2000 3648 ut
2026 3592 2104 3648 sic
2126 3592 2340 3662 loquar,
2367 3604 2491 3646 cum
2525 3598 2787 3660 apparatu
2816 3589 3039 3644 scenico
3067 3597 3124 3644 et
3196 3586 3570 3652 simulatione,

318 3685 509 3732 tamen
568 3681 672 3751 ipsi
710 3696 1058 3751 nequaquam
1116 3682 1435 3752 ignoramus
1460 3698 1522 3738 ea
1569 3685 1797 3740 subdole
1846 3699 1912 3739 ac
1981 3683 2354 3740 fraudulenter
2433 3682 2717 3747 accedere,

2792 3680 3164 3751 paulatimque
3232 3691 3444 3735 nostros
3517 3683 3568 3736 in

320 3770 544 3826 animos
576 3772 853 3840 irrepere:
884 3785 1124 3841 cumque
1186 3762 1439 3828 servilem
1508 3772 1561 3827 in
1626 3774 1849 3828 modum
1898 3773 2054 3828 initio
2106 3775 2395 3844 irrepsere,
2454 3773 2712 3841 deinceps
2765 3771 3014 3826 beriliter
3065 3769 3357 3841 imperium
3410 3788 3572 3827 exer-

319 3866 469 3911 cent.
498 3857 616 3914 iam
641 3858 732 3930 qui
767 3860 937 3914 tinem
953 3869 1300 3931 perspectum
1326 3861 1559 3929 babens,
1587 3863 1917 3934 principium
1957 3878 2066 3917 non
2099 3872 2273 3929 arcet,
2301 3864 2350 3920 is
2382 3862 2549 3920 etiam
2606 3861 2802 3919 merito
2860 3863 3074 3934 culpam
3164 3865 3288 3919 linis
3354 3866 3572 3935 praesti-

318 3950 471 4005 terit.

406 4042 632 4112 ’Ᾱληοὲς
661 4037 757 4097 οὗν
776 4083 794 4107 ,
826 4042 1007 4115 οἶμαι,
1057 4047 1310 4114 φανεῖται
1358 4046 1527 4100 πᾶσιν
1557 4047 1890 4119 ἀνθρώποις,

322 4136 400 4196 ὡς
428 4137 498 4187 τά
531 4134 790 4188 δοκοῦντα
819 4135 989 4204 κακά,
1033 4136 1083 4189 εί
1122 4137 1224 4207 μὲν
1249 4136 1399 4192 ἐστιν
1431 4138 1671 4208 άληθῶς,
1707 4141 1770 4192 ὲκ
1798 4141 1897 4210 τῆς

325 4226 705 4295 προαιρέσεως
736 4226 836 4297 τὴν
881 4226 1064 4298 ἀρχὴν
1108 4227 1264 4298 ἔχει·
1322 4231 1373 4283 εί
1421 4229 1478 4283 δὲ
1517 4230 1617 4283 ούκ
1655 4229 1802 4283 ἐστιν
1833 4231 1898 4282 ἐκ

326 4318 721 4387 προαιρέσεως,
768 4319 889 4373 οὐδὲ
939 4319 1177 4390 ὑπάρχει
1226 4321 1535 4375 τοσύνολον.
1587 4320 1749 4375 Ἀλλὰ
1790 4321 1897 4391 μὴν

328 4411 393 4462 τὰ
418 4409 566 4462 κακά
588 4409 682 4460 τὸν
716 4408 913 4478 θνητὸν
940 4411 1348 4481 περιπολοῦντα
1380 4412 1634 4481 φαίνεται
1665 4414 1894 4483 κόσμον,

2075 4047 2265 4116 itaque
2296 4046 2582 4101 manifesto
2614 4062 2802 4102 verum
2831 4062 2951 4103 esse
2982 4054 3155 4117 paret,
3201 4047 3416 4116 opinor,
3470 4052 3573 4105 lto-

2003 4139 2244 4195 minibus
2289 4139 2583 4201 universis,
2635 4153 2756 4207 qum
2809 4137 2951 4193 mala
3004 4147 3286 4209 putantur,
3346 4141 3392 4193 si
3449 4158 3575 4198 vere

2005 4230 2144 4285 mala
2170 4231 2297 4295 sint,
2335 4231 2402 4284 ab
2430 4229 2597 4284 animi
2626 4231 2895 4287 electione
2923 4231 3153 4301 primam
3182 4232 3444 4301 originem
3480 4236 3576 4288 duo

2004 4335 2127 4375 cere
2157 4339 2169 4376 :
2208 4323 2292 4375 sin
2318 4322 2385 4375 ab
2411 4321 2677 4376 electione
2730 4337 2835 4376 non
2887 4323 3323 4392 proliciscantur,
3352 4339 3576 4393 pronus

2001 4427 2064 4466 ca
2108 4427 2173 4465 ne
2220 4412 2436 4481 quidem
2493 4413 2779 4467 exsistere.
2816 4414 2886 4467 At
2915 4427 3044 4467 vero
3100 4413 3242 4466 mala
3294 4417 3575 4469 mortalem

328 4505 472 4557 κατὰ
499 4506 595 4557 τὸν
625 4505 917 4563 Πλάτωνα.
949 4506 1117 4558 ’Ὥστε
1148 4507 1450 4574 ἀναγκαῖον
1489 4507 1568 4569 είς
1607 4508 1784 4560 ταῦτα
1813 4507 1892 4559 αἱ·

2010 4485 2156 4557 bunc
2202 4503 2357 4557 obire
2414 4503 2677 4558 mundum
2740 4502 2915 4573 palam
2968 4512 3073 4571 est,
3118 4506 3576 4573 quemadmodum

330 4598 548 4650 τιᾶσθαι
588 4597 684 4666 τὴν
721 4597 1049 4667 προαίρεσιν
1090 4596 1282 4667 μόνην,
1322 4598 1381 4649 οὐ
1414 4599 1492 4666 τῷ
1535 4598 1814 4668 αἱρεῖσθαι
1843 4599 1904 4651 τὸ

330 4688 502 4740 κακὸν
543 4688 649 4757 πρὸ
673 4687 768 4741 τοῦ
796 4686 1005 4753 ἀγαθοῦ
1038 4688 1165 4751 τοὺς
1199 4685 1545 4757 ἀνθρώπους,
1570 4688 1689 4740 ἀλλ’
1719 4689 1903 4761 ἀπάτῃ

332 4796 390 4831 τε
427 4781 523 4832 καὶ
560 4779 883 4849 διαμαρτίᾳ.
924 4778 1001 4841 ὡς
1030 4778 1095 4849 δὴ
1131 4778 1223 4831 διὰ
1249 4780 1518 4832 πλειόνων
1550 4779 1606 4831 ὲν
1632 4783 1743 4842 τοῖς
1772 4782 1906 4849 πρό-

337 4870 461 4923 σθεν
486 4871 707 4940 ετρηται
735 4870 870 4939 παρ’
911 4871 1104 4939 ἡμῶν,
1137 4871 1231 4923 καὶ
1278 4870 1374 4924 νῦν
1403 4867 1558 4933 αὖθις
1599 4873 1902 4942 εἰρήσεται.

338 4962 567 5029 Ἀγνοια
598 4961 661 5032 δή
689 4979 797 5027 τις,
831 4962 1028 5030 ἄγνοια
1053 4962 1115 5015 τὸ
1152 4961 1347 5026 κακὸν,
1394 4963 1443 5015 εί
1489 4961 1571 5015 δεῖ
1622 4963 1905 5029 συντόμως

335 5055 532 5106 εἰπεῖν.
583 5053 705 5123 Χρὴ
748 5054 808 5106 δὲ
851 5055 1005 5106 τουτὶ
1050 5053 1111 5107 τδ
1157 5052 1282 5108 κατ’
1307 5052 1538 5121 ἄγνοιαν
1567 5053 1906 5124 σαφέστερον

336 5142 667 5197 ἀποδοῦναι’
727 5146 802 5214 μή
853 5161 984 5198 ποτε
1040 5145 1285 5215 δόξωμεν
1337 5162 1483 5199 τισιν
1533 5147 1666 5215 ἡμῖν
1719 5146 1906 5210 αὐτοῖς

337 5235 714 5303 περιπίπτειν,
754 5234 871 5287 ἀνθ’
918 5229 995 5288 ὧν
1051 5236 1458 5305 άπεφηνόιμεθα
1497 5238 1564 5290 τά
1610 5236 1757 5291 κακὰ
1806 5240 1907 5307 τῆς

335 5326 716 5396 προαιρέσεως
760 5326 931 5395 μόνης
984 5319 1154 5389 εἶναι,
1213 5326 1391 5379 ἔπειτ’
1443 5322 1602 5390 αὖθις
1649 5316 1903 5398 λέγομεν,

339 5418 569 5485 ’Δγνοια
598 5419 659 5471 τὸ
696 5418 889 5471 κακόν.
942 5418 1057 5471 Οὐκ
1091 5419 1209 5471 ἐστι
1257 5419 1315 5471 δὲ
1349 5417 1510 5473 τοῦτο
1562 5419 1755 5485 πάθος,
1805 5421 1907 5473 οὐκ

335 5509 477 5560 ἔστιν
506 5508 784 5572 ἐνταυθοῖ,
812 5509 917 5561 κᾶν
946 5508 1098 5579 δοκῇ,
1132 5511 1180 5562 εί
1217 5508 1292 5580 μὴ
1318 5510 1672 5563 παντάπασιν
1714 5509 1911 5580 ἄγροι-

336 5617 424 5659 κος
456 5599 601 5669 ἐγώ.
623 5601 731 5653 Καὶ
757 5600 822 5669 δὴ
854 5601 1263 5673 συμϐιϐαστέον
1297 5601 1396 5656 ὡδὶ
1434 5602 1527 5655 τὸν
1559 5602 1750 5670 λόγον,
1784 5601 1906 5655 οὐδὲ

338 5696 460 5760 πρὶν
510 5693 829 5763 άσύμύατον
862 5692 996 5748 δντα
1044 5695 1158 5758 τοῖς
1214 5711 1278 5761 γε
1332 5694 1516 5758 καλῶς
1567 5693 1904 5765 θεωρήσασι.

335 5786 475 5856 Φημὶ
502 5786 635 5857 γοῦν
674 5789 736 5841 τὸ
785 5788 908 5843 κατ’
939 5788 1167 5858 ἄγνοιαν
1208 5789 1481 5861 ἁμαρτεῖν
1515 5789 1784 5860 διττόν.γι
1811 5789 1907 5859 δή·

2009 4594 2161 4648 Plato
2194 4594 2432 4662 scripsit.
2468 4593 2808 4664 Quapropter
2861 4598 3229 4651 necessarium
3260 4611 3343 4653 est
3399 4610 3454 4653 ut
3482 4616 3577 4654 eo-
3613 4662 3620 4670 θ

2007 4700 2127 4738 rum
2157 4699 2378 4738 causam
2412 4686 2476 4738 ad
2504 4685 2673 4739 animi
2699 4685 2868 4740 solam
2902 4687 3220 4742 electionem
3252 4690 3575 4756 t-eferamus,

2007 4793 2115 4830 non
2152 4779 2294 4846 quod
2328 4778 2545 4831 malum
2571 4792 2679 4847 pm
2710 4778 2855 4833 bono
2905 4780 3161 4834 mortales
3201 4781 3425 4851 eligant.
3481 4786 3577 4839 sed

2005 4870 2150 4936 quod
2184 4870 2481 4937 impostura
2521 4877 2574 4922 et
2604 4882 2759 4924 error
2789 4869 3175 4936 interveniant,
3221 4876 3578 4942 quemadmo-

2005 4957 2138 5012 dum
2170 4959 2421 5028 pluribus
2459 4962 2690 5014 anteltac
2713 4975 2741 5013 a
2773 4962 2930 5016 nobis
2959 4971 3038 5015 est
3076 4963 3400 5030 indicatum,
3437 4966 3581 5034 jam-

2006 5065 2114 5120 que
2164 5065 2357 5106 rursus
2409 5061 2737 5120 exponetur.
2803 5052 3107 5121 ignorantia
3169 5070 3303 5110 sane
3350 5057 3577 5122 malum,

2005 5144 2308 5215 ignorantia
2335 5146 2577 5215 quaedam
2600 5155 2704 5208 est,
2734 5146 2781 5199 si
2822 5146 3009 5213 patieis
3043 5145 3299 5213 explicari
3359 5163 3447 5201 res
3482 5148 3579 5200 deo

2005 5235 2133 5299 bet;
2166 5244 2332 5305 atque
2363 5238 2465 5290 hoc
2502 5236 2726 5291 verbum
2785 5236 3092 5303 ignorantia
3129 5245 3377 5291 nostrum
3420 5237 3578 5291 dilu-

2006 5328 2182 5383 cidius
2212 5328 2601 5382 declarandum
2633 5337 2737 5390 est.
2776 5343 2845 5382 ne
2897 5326 3099 5395 quibus
3137 5326 3235 5394 ipsi
3269 5342 3369 5381 nos
3424 5343 3582 5381 ever-

2007 5430 2120 5474 tere
2161 5420 2479 5484 ,videamur,
2532 5418 2691 5488 quasi
2749 5434 2849 5487 pro
2879 5432 2947 5471 co
2999 5419 3144 5485 quod
3213 5420 3350 5472 mala
3407 5420 3580 5475 solius

2007 5510 2175 5565 animi
2206 5509 2492 5564 electionis
2528 5524 2651 5565 esse
2698 5509 3199 5577 pronuntiavimus.
3256 5525 3401 5564 nunc
3432 5510 3583 5566 dica-

2009 5619 2149 5667 mus,
2195 5596 2395 5657 malum
2429 5616 2551 5657 esse
2578 5603 2961 5673 ignorantiam.
2999 5602 3121 5655 Non
3148 5611 3231 5656 est
3258 5611 3438 5656 autem
3475 5604 3581 5658 huc

2007 5696 2216 5756 vitium,
2249 5711 2354 5749 non
2394 5705 2477 5750 est
2518 5693 2625 5760 hic,
2685 5695 2902 5750 tau‘tctsi
2949 5694 3215 5759 videatur,
3286 5696 3389 5750 nisi
3428 5711 3583 5765 pror-

2010 5803 2102 5845 sus
2136 5803 2237 5859 ego
2279 5786 2428 5846 rudis
2489 5805 2553 5845 ac
2594 5787 2885 5855 imperitus
2925 5803 3069 5843 sum.
3117 5788 3182 5842 Et
3236 5788 3579 5844 coneiéianda
