3920 6200
362 347 471 409 439

1554 341 1944 402 MANUELIS
1969 340 2411 419 PAUEOLOGI

3505 346 3609 413 440

359 476 490 515 sane
530 456 705 512 oratio
732 463 816 509 est
853 454 955 506 hoc
1002 449 1234 515 quodam
1270 451 1450 516 modo,
1492 468 1591 505 nec
1653 462 1776 505 ante
1823 451 1925 507 sibi

2043 454 2235 505 πουθεν
2263 451 2420 508 εἶναι.
2450 456 2559 508 Καὶ
2590 455 2820 525 θάτερον
2849 457 2949 525 μὲν
2983 458 3294 526 συμϐαίνει,
3328 460 3410 531 τῷ
3437 461 3610 531 ὕπερ-

362 566 691 620 repugnans.
728 546 774 602 si
828 545 919 615 qui
976 544 1136 612 recte}
1167 560 1280 599 rem
1344 545 1765 599 considerarint.
1832 546 1932 598 Aio

363 643 524 710 igitur
554 649 831 707 peccatum
874 651 937 690 ex
1003 636 1309 705 ignorantia
1344 635 1540 705 duplex
1599 651 1745 700 esse,
1797 650 1932 703 quo-

362 748 478 784 rum
518 739 808 796 utrumque
839 727 1108 795 contingit
1139 741 1202 779 ex
1241 740 1307 780 eo
1348 724 1494 793 quod
1531 740 1616 779 res
1674 726 1934 793 ignorata:

359 830 617 890 superent
654 820 734 873 vel
802 818 1165 873 communiter
1228 819 1519 872 humanam
1575 827 1824 870 naturam
1879 825 1933 871 et

359 913 666 973 scientiam,
734 921 787 965 et
841 912 1244 974 dexteritatem,
1305 911 1387 963 vel
1440 910 1806 978 particulatim
1852 911 1932 963 l'a-

357 1007 614 1059 ruliatem
650 1004 886 1067 alicujus
923 1004 1014 1072 qui
1055 1004 1155 1058 hoc
1194 1004 1394 1057 illndve
1424 1003 1676 1056 didicerit
1711 1012 1805 1055 aut
1842 1017 1933 1056 co-

358 1097 623 1161 gnoverit.
684 1093 844 1148 Verbi
912 1094 1107 1163 gratia,
1175 1094 1491 1163 ignoramus
1556 1094 1761 1162 pariter
1816 1108 1930 1145 om-

356 1202 456 1241 1.85
496 1187 619 1240 coeli
660 1194 907 1240 naturam
941 1194 994 1240 et
1042 1186 1499 1254 magnitudinem,
1533 1194 1588 1238 et
1615 1199 1737 1254 qua
1766 1199 1931 1253 supra

358 1277 554 1329 rmlum
590 1286 721 1329 sunt
748 1285 939 1344 etqua:
982 1278 1084 1331 sub
1121 1286 1290 1329 terra.
1335 1276 1551 1330 Rursus
1584 1275 1818 1343 quidam
1848 1275 1929 1329 sic

359 1378 706 1435 comparatus
764 1384 869 1421 non
918 1377 1001 1441 est
1052 1376 1110 1419 ut
1146 1378 1337 1419 orator
1368 1382 1491 1421 esse
1522 1368 1719 1435 potsit,
1753 1367 1836 1420 vel
1877 1367 1932 1420 in

362 1468 587 1509 extenso
616 1456 744 1510 fune
773 1457 977 1511 saltare
1000 1457 1191 1509 oeulis
1215 1456 1470 1523 obligatis
1506 1457 1699 1519 linteo,
1732 1473 1932 1526 quem-

316 1576 327 1593 ι
362 1546 656 1600 admodum
724 1547 902 1600 facere
929 1547 1226 1601 nonnullos
1262 1529 1533 1604 videmus.
1558 1548 1633 1601 Ex
1673 1548 1756 1601 bis
1786 1562 1934 1617 qua:-

374 1654 593 1707 cunque
650 1654 813 1707 supra
852 1654 957 1692 non
992 1641 1166 1707 posita
1198 1647 1363 1702 sunt,
1398 1640 1465 1694 dc
1496 1639 1563 1695 iis
1592 1648 1649 1693 ut
1683 1641 1932 1695 dicamus

364 1732 588 1786 minime
626 1748 850 1787 necesse
880 1743 983 1787 est.
1023 1734 1235 1803 Quippe
1269 1734 1353 1787 vel
1385 1747 1530 1788 casco
1579 1731 1929 1789 manifestum

363 1832 468 1886 cst,
502 1825 577 1876 uti
616 1824 906 1892 proverbio
936 1823 1129 1887 fertur,
1154 1840 1215 1879 na
1248 1839 1347 1879 nec
1378 1839 1501 1879 esse
1531 1834 1714 1878 nostra
1752 1826 1805 1879 in
1842 1840 1939 1894 po-

369 1923 589 1977 testate,
644 1930 744 1968 nec
801 1914 1123 1983 ignorantia:
1165 1916 1385 1969 nomine
1420 1931 1521 1971 nos
1551 1917 1747 1971 teneri.
1780 1915 1943 1981 Quae-

368 2020 587 2074 cunque
644 2020 777 2058 vero
829 2006 898 2059 ab
959 2006 1239 2075 aliquibus
1297 2007 1638 2075 ignorantur,
1661 2007 1940 2075 aliquibus

370 2110 493 2152 nota
544 2107 693 2161 sunt,
753 2114 814 2153 ea
853 2110 1004 2167 paret
1027 2115 1149 2155 esse
1196 2110 1383 2155 nostra
1432 2102 1486 2155 in
1539 2108 1832 2170 potesmte.
1878 2102 1936 2153 lu

368 2193 568 2259 quibus
636 2192 890 2247 omnibus
950 2192 1091 2245 haud
1158 2194 1411 2264 equidem
1476 2194 1716 2249 arbitror
1788 2209 1939 2250 com-

369 2299 592 2338 munem
650 2294 905 2338 naturam
950 2293 1002 2338 et
1059 2284 1344 2348 notitiam,
1406 2294 1459 2339 et
1513 2285 1833 2349 scientiam,
1884 2294 1939 2340 et

370 2378 744 2432 dexteritatem
799 2378 909 2431 ullo
955 2378 1116 2431 modo
1168 2378 1635 2445 culpandam,sed
1678 2395 1939 2447 quorum-

370 2469 493 2523 dam
553 2470 824 2524 inscitiam
871 2479 924 2523 et
983 2477 1351 2534 contemptum
1422 2470 1542 2536 ejus
1594 2471 1738 2538 quod
1800 2486 1937 2537 pra:-

370 2563 579 2615 clarum
637 2572 690 2615 et
759 2562 957 2614 bonum
1010 2571 1112 2614 est.
1177 2560 1389 2629 Quippe
1446 2576 1545 2616 nec
1610 2562 1936 2614 iustructmn

369 2670 489 2707 esse
535 2653 780 2707 doctrina
836 2667 933 2706 ne:
974 2667 1156 2706 rerum
1213 2653 1553 2719 egregiorum
1610 2652 1939 2716 studiosum,

276 2768 281 2774 ι
370 2741 469 2796 sed
526 2741 809 2811 profutura
862 2742 1151 2809 ignorare,
1206 2742 1318 2807 illa,
1379 2742 1633 2810 inquam,
1671 2759 1791 2811 qua:
1839 2759 1940 2795 no-

367 2836 466 2891 stri
524 2836 795 2888 similibus
843 2835 1027 2903 ignota
1098 2850 1202 2887 non
1256 2844 1404 2898 sunt,
1438 2835 1490 2889 id
1537 2851 1667 2887 vero
1704 2835 1941 2903 plerum-

368 2944 477 2997 que
517 2930 644 2982 facit
686 2936 743 2981 ut
773 2928 894 2996 quis
942 2928 995 2981 in
1046 2926 1363 2982 excolendis
1405 2926 1562 2981 b0nis
1615 2927 1861 2979 moribus
1887 2936 1941 2979 et

368 3022 549 3077 causis
579 3018 912 3089 cognitioais
937 3019 1217 3087 negligens
1238 3019 1349 3080 sit:
1381 3016 1448 3072 de
1477 3020 1708 3073 consilio
1746 3018 1942 3088 loquor

2037 543 2242 597 σαίνειν
2288 546 2355 598 τά
2412 547 2759 617 ἀγνοούμενα
2812 548 2844 614 ἢ
2900 552 3054 620 κοινῇ
3106 550 3207 621 τὴν
3256 551 3608 619 ἀνθρωπείαν

2036 634 2220 702 φύσιν,
2268 638 2365 690 καὶ
2395 641 2733 710 ἐπιστήμην,
2781 641 2876 694 καὶ
2906 641 3214 712 δεξιότητα’
3265 644 3297 711 ἢ
3331 644 3429 712 τὴν
3460 646 3613 706 τινός

2037 743 2143 777 που
2176 727 2407 797 δύναμιν
2438 730 2708 797 μερικῶς,
2742 732 2880 801 πρὸς
2917 732 2977 785 τὸ
3022 733 3178 786 τοῦτο
3209 733 3239 801 ἢ
3276 734 3451 787 ἐκεῖνο
3500 751 3612 802 μα-

2037 818 2150 870 θεῖν
2180 817 2211 888 ἧ
2243 822 2465 906 γνῶναι.
2514 824 2601 886 Ὠς
2634 824 2770 893 ὁμοῦ
2810 825 2910 893 μὲν
2945 826 3144 888 πάντες
3173 827 3274 879 οὐκ
3317 826 3476 896 ἴσμεν
3519 828 3616 880 ού-

2036 910 2199 979 ρανοῦ
2232 930 2291 964 τε
2332 913 2495 980 φύσιν
2524 918 2618 968 καὶ
2662 918 2917 984 μέγεθος,
2945 916 3013 969 τά
3054 934 3113 969 τε
3144 918 3285 987 ὑπὲρ
3316 918 3485 983 τόνδε,
3514 921 3615 973 καὶ
3720 974 3725 975 ,

2036 1003 2141 1055 ὑπὸ
2173 1004 2296 1073 γῆν.
2353 1006 2415 1060 '0
2444 1007 2597 1060 δεῖνα
2637 1008 2695 1060 δὲ
2743 1010 2805 1061 οὐ
2848 1010 3093 1077 πέφυκεν
3122 1005 3264 1062 εἶναι
3298 1012 3609 1079 ῥητορικὸς,

2034 1094 2067 1162 ἢ
2098 1096 2380 1163 ὀρχεῖσθαι
2416 1099 2511 1150 ἐπὶ
2545 1099 2761 1168 σχοίνου
2784 1100 3114 1169 τεταμένης,
3139 1100 3297 1170 ὀθόνῃ
3324 1102 3612 1170 δεδεμένος

2035 1188 2162 1249 τοὺς
2200 1188 2542 1256 ὀφθαλμοὺς,
2575 1189 2648 1253 ὥς
2690 1207 2842 1255 τινας
2880 1192 3097 1259 ὁρῶμεν
3149 1191 3463 1253 ποιοῦντας.
3500 1193 3614 1244 Καὶ

2034 1280 2136 1331 ὃσα
2172 1280 2270 1347 μὲν
2298 1281 2439 1352 ὑπὲρ
2473 1284 2645 1351 ἡμᾶς,
2683 1282 2801 1336 ἀλλ’
2831 1284 2953 1336 οὐδὲ
2998 1282 3179 1350 λέγειν
3221 1284 3350 1351 περὶ
3404 1282 3618 1334 τούτων

2034 1370 2270 1440 ἀνάγκη,
2312 1372 2406 1424 καὶ
2437 1374 2625 1442 τυφλῷ
2654 1375 2761 1444 γὰρ
2794 1375 2977 1445 δῆλον,
3016 1376 3203 1442 φασὶν,
3244 1376 3321 1438 ὠς
3353 1374 3466 1427 οὒτ’
3491 1370 3619 1426 ἐστὶ
3656 1374 3663 1383 ’

2032 1459 2141 1512 τῶν
2173 1461 2260 1529 ἐφ’
2289 1463 2441 1531 ἡμῖν,
2489 1463 2613 1515 οὔτε
2664 1464 2825 1531 λόγον
2880 1464 2979 1533 τῆς
3033 1465 3263 1532 ἀγνοίας
3296 1464 3612 1533 ὀφείλομενο

2034 1548 2132 1604 εἶτα
2162 1552 2208 1604 δ’
2240 1554 2344 1606 ὑπὸ
2378 1553 2488 1606 τῶν
2519 1557 2819 1621 ἀγνοεῖται,
2853 1557 2949 1609 καὶ
2976 1555 3081 1608 ύπὸ
3111 1555 3220 1608 τῶν
3254 1555 3611 1623 γινώσκεται,

2034 1642 2194 1711 δῆλον
2229 1643 2303 1705 ὡς
2329 1643 2446 1697 ἔστι
2486 1645 2597 1698 τῶν
2648 1645 2735 1713 ἐφ’
2774 1646 2933 1715 ἡμῖν.
2988 1645 3079 1708 Εἰς
3110 1644 3145 1699 ἃ
3178 1645 3245 1716 δὴ
3277 1648 3454 1700 πάντα
3506 1647 3617 1717 τὴν

2038 1734 2227 1805 κοινὴν
2261 1734 2447 1803 φύσιν,
2499 1737 2594 1791 καὶ
2635 1736 2861 1804 γνῶσιν,
2896 1738 2991 1792 καὶ
3024 1738 3365 1808 ἐπιστήμην,
3401 1739 3496 1792 καὶ
3524 1738 3619 1791 δε-

2042 1824 2285 1894 ξιότητα,
2320 1826 2433 1880 οὐδ’
2490 1829 2797 1881 ὁπωστιοῦν
2852 1847 2942 1899 μοι
2986 1829 3164 1883 δοκῶ⁶
3211 1832 3310 1900 τὴν
3349 1830 3407 1883 δὲ
3445 1830 3619 1883 τινῶν

2040 1918 2404 1971 ἀπαιδευσίαν
2439 1919 2532 1971 καὶ
2589 1921 3003 1989 καταφρόνησιν
3051 1921 3189 1990 πρὸς
3239 1922 3301 1976 τὸ
3338 1921 3506 1975 καλόν
3551 1939 3616 1974 τε

2041 2010 2134 2063 καὶ
2165 2010 2369 2078 ἀγαθὸν
2419 2012 2695 2067 αἰτιατέον
2728 2015 2859 2083 ἡμῖν
2898 2016 3037 2068 ἐστι.
3070 2016 3144 2069 Τὸ
3174 2015 3287 2084 γὰρ
3328 2016 3467 2083 μήτε
3513 2032 3620 2067 πε-

2040 2100 2404 2168 παιδευμένον
2432 2096 2597 2167 εἶναι,
2634 2103 2777 2172 μήτε
2816 2102 3128 2167 σπουδαῖον,
3162 2103 3280 2156 ἀλλ’
3305 2104 3521 2171 ἀγνοεῖν
3542 2102 3619 2155 τὰ

2042 2194 2379 2257 συνοίσοντα,
2435 2194 2580 2260 λέγω
2614 2194 2677 2265 δὴ
2724 2194 2794 2248 τὰ
2842 2197 2956 2259 τοῖς
2999 2196 3209 2264 ὁμοίοις
3242 2196 3345 2249 οὐκ
3379 2194 3618 2262 ἀγνοού-

2041 2303 2200 2357 μενα,
2238 2288 2299 2339 ὲκ
2322 2284 2417 2338 τοῦ
2441 2286 2725 2356 ὀλιγώρως
2754 2285 2901 2355 ἔχειν
2952 2286 3088 2357 πρὸς
3137 2287 3209 2360 τά
3259 2287 3614 2357 χρηστότερα

2038 2378 2147 2430 τῶν
2179 2376 2349 2447 ἠθῶν,
2383 2377 2479 2429 καὶ⁵
2503 2378 2571 2430 τὰ
2602 2378 2704 2447 τῆς
2730 2378 2985 2446 γνώσεως
3018 2378 3191 2443 αῐτια,
3215 2377 3291 2441 ὡς
3318 2378 3615 2431 ὲπιτοπολὺ

2039 2469 2285 2535 γίνεται·
2334 2467 2534 2537 βουλήν
2567 2485 2629 2521 τε
2678 2469 2842 2536 λέγω,
2894 2468 2990 2520 καὶ
3025 2467 3285 2537 μάθησιν,
3327 2466 3614 2534 ὠφελῆσαι

2039 2558 2349 2629 δυναμένην
2403 2558 2530 2621 τοὺς
2562 2559 2960 2630 κεκτημένους,
3008 2559 3101 2611 καὶ
3131 2558 3195 2628 δὴ
3230 2558 3324 2610 καὶ
3354 2556 3619 2625 τηλικαύο

2041 2669 2139 2720 την
2180 2650 2435 2718 σπουδὴν,
2471 2650 2644 2718 ὁπόση
2679 2650 2777 2720 τὴν
2808 2650 2985 2719 ψυχὴν
3017 2651 3149 2720 ἡμῖν
3175 2649 3388 2717 πέφυκε
3422 2648 3622 2719 βελτίω

2043 2744 2241 2803 ποιεῖν,
2279 2742 2647 2811 συλλέγουσαν
2694 2743 2764 2795 τὰ
2809 2742 3063 2813 βέλτιστα
3108 2741 3481 2815 πανταχόθεν·
3519 2742 3617 2792 καὶ

2040 2837 2087 2887 εἰ
2125 2838 2186 2889 ἐκ
2220 2835 2314 2888 τοῦ
2353 2836 2428 2905 μὴ
2477 2836 2779 2904 μανθάνειν
2820 2852 2881 2887 τε
2931 2836 3026 2887 καὶ
3069 2836 3352 2902 συλλέγειν
3379 2834 3448 2887 τὰ
3478 2850 3619 2903 γρη-

2043 2928 2273 2997 στότερα
2324 2914 2386 2979 τὸ
2436 2928 2653 2994 ἀγνοεῖν
2704 2927 2771 2980 τὰ
2824 2926 3080 2996 βέλτιστα
3136 2929 3401 2994 γίγνεται·
3435 2925 3517 2995 τῷ
3554 2926 3616 2978 δὲ

2040 3020 2215 3073 ταῦτα
2260 3021 2475 3086 ἀγνοεῖν
2526 3018 2589 3071 τὸ
2621 3019 2803 3087 χεῖρον
2844 3008 3062 3072 ἑλέσθαι
3119 3017 3410 3086 συμϐαίνει
3435 3033 3450 3047 ·
3490 3018 3525 3086 ἡ
3558 3016 3619 3070 δὲ

367 3123 422 3167 et
468 3110 743 3173 doctrina,
816 3125 938 3180 qua:
988 3110 1250 3179 prodesse
1307 3126 1366 3166 se
1423 3110 1664 3179 praeditis
1724 3120 1931 3179 potest;

2043 3110 2220 3181 κρίσις
2261 3109 2663 3180 προαιρέσεωςο
2710 3110 2769 3162 τὸ
2804 3110 2862 3163 δὲ
2892 3108 3283 3181 προαιρεῖσθαι
3332 3107 3426 3161 τοῦ
3457 3109 3621 3161 ἑκου-

369 3202 607 3270 itemque
651 3202 715 3255 de
748 3201 843 3254 tali
901 3202 1108 3263 studio,
1166 3202 1328 3270 quale
1361 3210 1448 3256 sat
1493 3202 1746 3255 idoneum
1782 3202 1938 3255 sitad

370 3291 716 3349 efﬁciendum
739 3292 1017 3344 meliorem
1043 3292 1286 3345 animum
1317 3300 1590 3355 uestrum,
1621 3294 1747 3347 dum
1782 3295 1941 3349 rebus

372 3400 435 3438 ex
490 3382 745 3436 omnibus
778 3382 981 3451 optima
1037 3383 1263 3450 colligit,
1319 3383 1440 3438 Jam
1481 3385 1526 3438 si
1556 3385 1623 3438 de
1670 3387 1940 3456 imperitia

376 3472 730 3543 neglectique
777 3474 1117 3529 collectionis
1144 3489 1333 3529 eorum
1364 3491 1483 3545 qua:
1527 3477 1735 3546 potiora
1787 3487 1936 3541 sunt,

371 3564 704 3634 optimorum
730 3564 998 3634 ignoratio
1024 3566 1301 3635 provenit:
1339 3582 1407 3622 ex
1439 3569 1541 3623 hac
1567 3578 1748 3623 autem
1785 3570 1940 3638 igno-

374 3655 583 3708 ratione
636 3653 926 3709 dcterioris
970 3653 1206 3713 electio:
1251 3659 1429 3727 ipsum
1481 3674 1608 3713 vero
1643 3659 1938 3727 judicium,

372 3744 416 3797 si
443 3744 610 3797 animi
637 3744 924 3800 electionis
950 3754 1033 3803 est
1061 3764 1076 3801 :
1105 3748 1149 3803 si
1192 3748 1514 3805 electionem
1554 3750 1792 3821 denique
1820 3767 1944 3821 pro-

373 3836 557 3890 batum
593 3847 695 3901 est,
750 3847 959 3906 partem
1008 3854 1131 3895 esse
1186 3842 1480 3897 voluntarii
1520 3862 1533 3898 :
1590 3844 1844 3913 sequitur
1890 3845 1941 3900 id

373 3930 515 3997 quod
552 3930 751 3982 malum
776 3939 859 3984 est
880 3930 1009 3984 oriri
1037 3947 1100 3986 ex
1134 3933 1501 4001 ignoratione,
1527 3936 1662 3990 oriri
1694 3952 1754 3990 ex
1782 3937 1944 3993 insci-

374 4021 450 4073 tia
515 4021 994 4092 negligentiaque,
1039 4024 1171 4078 oriri
1223 4039 1285 4078 ex
1338 4026 1647 4082 inconsulta
1706 4030 1942 4099 quadam

374 4113 607 4166 amentia
630 4122 681 4167 et
714 4113 966 4168 instituto
996 4116 1186 4182 animi,
1212 4126 1375 4186 atque
1404 4133 1525 4173 esse
1555 4120 1943 4195 voluntarium.

374 4204 590 4273 Quippe
619 4205 855 4259 siexorsi
887 4205 954 4258 ab
979 4207 1336 4273 ignoratione,
1369 4224 1489 4277 quae
1515 4210 1736 4265 verticis
1772 4210 1945 4264 instar

373 4306 475 4358 est,
506 4296 572 4349 ad
634 4296 1019 4350 resolutionem
1079 4300 1423 4362 accedamus,
1479 4314 1574 4368 per
1624 4300 1944 4363 inter-media

374 4385 532 4454 quasi
566 4387 980 4455 progrediendo,
1017 4387 1083 4439 ad
1108 4388 1275 4440 animi
1311 4388 1478 4442 dubio
1501 4389 1689 4456 procul
1718 4389 1941 4444 electio-

378 4492 501 4530 nem
558 4485 722 4545 atque
766 4477 1138 4531 voluntarium
1193 4479 1599 4547 perveniemus,
1634 4495 1755 4549 qua:
1816 4496 1942 4536 vere

379 4578 507 4623 sunt
555 4568 707 4622 radix
740 4569 1033 4624 malorum.
1089 4569 1199 4626 Nos
1236 4582 1416 4624 autem
1445 4572 1514 4624 ab
1567 4571 1723 4626 initio
1751 4587 1856 4627 non
1879 4574 1946 4627 de

282 4666 293 4675 '
380 4659 695 4715 hominibus
727 4670 908 4715 mente
936 4661 1189 4718 alienatis
1222 4663 1568 4718 instituimus
1596 4664 1804 4727 dicere,
1840 4666 1939 4721 sed

377 4750 443 4803 de
471 4751 539 4805 iis
575 4751 845 4806 duntaxat
880 4753 1083 4822 quibus
1131 4755 1302 4808 animi
1346 4756 1497 4810 salva
1526 4765 1614 4811 est
1649 4757 1861 4823 electio,
1890 4768 1947 4811 et

381 4844 696 4913 incorrupta
726 4845 1028 4914 prudentia:
1067 4846 1147 4901 vis
1180 4856 1368 4903 restat.
1397 4847 1584 4919 Neque
1609 4864 1738 4903 vero
1773 4850 1947 4919 culpa:

379 4951 443 4987 ac
477 4936 892 5004 reprehensioni
928 4938 1211 5007 subjectus
1233 4940 1357 5002 erit,
1389 4940 1479 5008 qui
1503 4955 1610 4994 non
1637 4940 1819 4994 omnia
1848 4956 1947 4994 no-

380 5027 493 5089 vit,
547 5027 762 5082 tametsi
796 5030 935 5096 sspit
960 5045 975 5094 ;
1003 5044 1105 5083 nec
1136 5045 1295 5099 ptena
1328 5030 1508 5100 dignis
1543 5031 1868 5094 ascribetur,
1900 5030 1945 5084 si

380 5130 488 5169 non
524 5115 643 5170 aliis
673 5116 896 5171 omnino
933 5118 1135 5172 viribus
1164 5134 1261 5187 par
1283 5118 1391 5174 sit:
1429 5118 1507 5172 uti
1536 5134 1633 5173 nec
1659 5122 1702 5173 is
1725 5121 1816 5185 qui
1850 5134 1947 5187 pa-

381 5224 492 5263 rem
525 5224 648 5264 cum
673 5209 741 5265 iis
778 5210 1153 5279 cognitionem
1189 5227 1293 5266 non
1332 5212 1513 5276 habet,
1544 5213 1634 5281 qui
1671 5212 1943 5281 cognitio-

382 5305 469 5359 nis
505 5320 667 5359 causa
697 5313 830 5359 sunt
870 5306 1244 5360 admirationi.
1279 5303 1412 5359 Nam
1439 5305 1532 5375 qui
1568 5306 1816 5373 peritiam
1852 5320 1947 5359 nc-

379 5396 499 5465 quit
533 5404 833 5451 extremam
863 5398 1104 5466 assequi,
1135 5412 1256 5466 qua:
1280 5396 1415 5451 viris
1444 5395 1662 5450 eximiis
1687 5397 1948 5449 duntaxat

379 5486 657 5554 obtigerit,
702 5496 975 5556 quotquot
1028 5489 1296 5543 bonorum
1360 5487 1427 5541 ad
1456 5487 1716 5541 verticem
1768 5487 1948 5540 modis

354 5581 637 5634 omnibus
672 5581 773 5635 soli
809 5583 1207 5646 conscendunt,
1240 5581 1442 5636 nullius
1472 5579 1678 5634 idcirco
1701 5578 1949 5633 criminis

380 5674 506 5725 erit.
554 5671 762 5739 Quippe
792 5673 1007 5727 crimini
1047 5674 1208 5727 nobis
1238 5673 1417 5737 datur,
1452 5687 1559 5727 non
1609 5672 1755 5739 quod
1791 5681 1949 5724 natu-

383 5777 497 5816 ram
525 5773 764 5817 nostram
805 5768 1039 5828 excedit.
1071 5784 1168 5823 nec
1201 5780 1542 5837 quaecunque
1571 5780 1665 5833 per
1693 5764 1819 5819 vita:
1849 5780 1945 5819 ους

1972 4442 2020 4501 D

2044 3201 2160 3254 σίου
2190 3200 2459 3254 δέδεικται
2500 3200 2688 3271 μέροςο
2714 3202 2776 3253 τὸ
2800 3200 2968 3254 κακὸν
2994 3201 3111 3254 εστι
3146 3202 3241 3271 μὲν
3266 3200 3331 3254 δι’
3364 3201 3614 3266 ἄγνοιαν,

2034 3293 2153 3365 εστι
2184 3293 2241 3346 δὲ
2267 3293 2336 3345 δι’
2365 3293 2727 3347 ἀπαιδευσίαν
2783 3310 2844 3346 τε
2901 3293 3000 3346 καὶ
3041 3291 3360 3361 ὀλιγωρίαν,
3411 3292 3527 3344 εστι
3556 3291 3625 3345 δὲ

2039 3386 2107 3437 δι’
2141 3384 2400 3439 ἀϐουλίαν
2432 3402 2491 3438 τε
2545 3387 2641 3437 καὶ
2683 3386 3028 3455 προαίρεσιν,
3076 3384 3193 3436 ἐστι
3241 3383 3297 3436 δὲ
3338 3380 3627 3437 ἑκούσιον.

2042 3478 2105 3530 Ei
2138 3477 2248 3547 γὰρ
2283 3464 2389 3529 ἐπι
2424 3477 2485 3529 τὸ
2538 3476 2795 3530 ἀναλύειν
2830 3476 3102 3543 ἔλθοιμεν,
3150 3476 3216 3527 ὲκ
3255 3475 3356 3542 τῆς
3389 3474 3629 3539 ἀγνοίας

2042 3569 2364 3639 ἀρξάμενοι,
2400 3569 2538 3638 ὅπερ
2569 3569 2601 3639 ἡ
2634 3568 2872 3638 κορυφὴ,
2909 3567 2998 3622 διὰ
3030 3566 3138 3619 τῶν
3182 3566 3365 3635 μέσων
3403 3567 3631 3619 ὁδεύον-

2042 3676 2151 3724 τες,
2174 3661 2254 3722 εἰς
2280 3661 2378 3722 τὴν
2412 3659 2732 3728 προαίρεσιν
2764 3659 2950 3727 σαφῶς
2978 3660 3072 3712 καὶ
3109 3659 3169 3711 τὸ
3197 3658 3442 3711 ἑκούσιον
3476 3674 3630 3710 κατ-

2042 3749 2387 3819 αντήσομεν·
2418 3747 2453 3801 ἃ
2499 3748 2564 3818 δὴ
2605 3749 2732 3818 ῥίζα
2772 3749 2881 3802 τῶν
2921 3749 3109 3803 κακῶν
3144 3751 3295 3802 ἐστιν
3342 3749 3622 3818 ἀτεχνῶς.

2054 3841 2113 3893 '0
2140 3839 2293 3907 λόγος
2320 3839 2377 3893 δὲ
2403 3842 2534 3909 ἡμῖν
2564 3842 2798 3911 ἑξαρχῆς
2828 3842 2889 3894 ού
2934 3845 3064 3909 περὶ
3103 3839 3616 3911 παραφρονούντων

2043 3929 2370 4000 ἀνθρώπιον,
2407 3931 2543 3985 ἀλλά
2576 3932 2706 3999 περὶ
2735 3932 2903 3984 τῶνδε
2931 3932 3113 4001 μόνον,
3146 3926 3227 3995 οἷς
3264 3934 3325 3984 τὸ
3356 3947 3626 4001 προαιρε-

2043 4024 2193 4077 τικὸν
2233 4024 2290 4076 ἐν
2320 4023 2499 4094 ὑγείᾳ,
2533 4023 2817 4093 ἀλωὸήτου
2847 4023 2942 4076 τοῦ
2977 4026 3197 4093 φρονεῖν
3232 4021 3508 4091 μένοντος.
3542 4022 3627 4074 Οὐ

2048 4114 2155 4183 μὴν
2180 4114 2239 4176 ὃς
2260 4113 2325 4166 ἂν
2350 4114 2425 4182 μὴ
2449 4113 2625 4166 πάντα
2656 4113 2788 4182 γνῷ,
2810 4116 2859 4167 εἰ
2882 4113 2977 4167 καὶ
3005 4116 3292 4184 σωφρονεῖ,
3313 4111 3416 4164 ὑπὸ
3436 4110 3628 4164 αἰτίαν

2047 4204 2143 4258 καὶ
2171 4203 2384 4273 μέμψιν
2416 4204 2589 4267 ἔσται,
2624 4204 2718 4257 καὶ
2744 4206 2860 4265 τοῖς
2890 4219 2954 4270 γε
2983 4203 3142 4271 δίκην
3166 4202 3425 4271 δρλουσιν
3456 4204 3628 4267 ἐγγε-

2050 4297 2343 4366 γράψεται,
2369 4296 2437 4365 ἠν
2472 4296 2545 4365 μὴ
2581 4292 2739 4350 πάντ’
2764 4294 2991 4357 ἐκείνοις
3082 4294 3178 4365 τὴν
3206 4292 3359 4362 ἰσχὺν
3387 4292 3628 4360 ἐφάμιλ-

2046 4387 2158 4451 λος.
2192 4386 2403 4441 Οὔκουν
2434 4386 2543 4439 οὐδ’
2583 4388 2610 4438 ὁ
2657 4386 2732 4455 μὴ
2775 4386 3061 4453 γινώσκων
3105 4387 3165 4437 ὲν
3207 4385 3304 4450 ἴσῳ
3336 4385 3447 4444 τοῖς
3489 4381 3628 4433 θαυ-

2050 4478 2377 4549 μαζομένοις
2427 4480 2484 4531 ὲν
2526 4477 2748 4546 γνώσει.
2786 4478 2847 4531 'U
2895 4478 3002 4547 γὰρ
3042 4477 3118 4547 μὴ
3152 4476 3453 4541 δυνάμενος
3499 4475 3629 4539 ἐφι-

2049 4570 2244 4622 κέσθαι
2298 4571 2436 4639 πρὸς
2475 4569 2771 4640 ἐμπειρίας
2802 4570 3102 4639 ἀκρότητα,
3143 4568 3265 4637 ἣτις
3302 4566 3367 4619 ἂν
3419 4565 3632 4634 £57791;-

2053 4665 2233 4732 μένοις
2261 4664 2489 4734 ἀνδράσι
2520 4664 2755 4731 γένοιτο,
2814 4664 2996 4732 μόνοις
3027 4660 3363 4729 ἀνηγμένοις
3400 4658 3480 4718 εἰς
3516 4658 3631 4723 τὴν

2048 4756 2155 4807 τῶν
2187 4754 2368 4808 καλῶν
2427 4756 2674 4825 κορυφὴν
2708 4755 2841 4808 πᾶσι
2866 4754 3122 4823 τρόποις,
3162 4753 3262 4803 οὐκ
3302 4752 3379 4806 εἰς
3426 4746 3634 4815 ἐνοχὴν

2049 4850 2469 4918 καταστήσεται.
2507 4840 2803 4917 Ἐγκλημα
2843 4846 2951 4916 γὰρ
2988 4846 3122 4915 ἡμῖν
3146 4844 3244 4911 ούχ
3284 4842 3419 4908 ὅπερ
3450 4839 3633 4907 ὑπερ-

2051 4940 2227 4992 ϐαίνει
2253 4940 2314 4991 τὸ
2347 4939 2589 5007 πεφυκὸς
2614 4939 2675 4991 τὸ
2702 4937 2999 5007 ἡμέτερον,
3050 4935 3157 4987 οὐδ’
3191 4934 3290 5003 ὅσα
3326 4948 3391 4999 γε
3425 4931 3497 4998 μὴ
3525 4929 3629 4980 δὲ-

2053 5030 2221 5082 δωκεν
2250 5031 2381 5099 ἡμῖν
2416 5031 2443 5081 ὁ
2476 5029 2587 5097 βίος
2620 5028 2836 5096 μαθεῖν,
2882 5025 2990 5079 οὐδ’
3032 5025 3174 5093 ἅπερ
3214 5024 3310 5074 οὐκ
3343 5017 3626 5086 ἐπέτρεψε

2053 5120 2265 5187 καιρὸς,
2299 5116 2330 5185 ἦ
2371 5116 2689 5186 σύμπτωμά
2719 5134 2771 5169 τι
2813 5117 2910 5169 καὶ
2947 5113 3107 5183 τύχη·
3137 5111 3272 5165 ἀλλά
3314 5108 3381 5162 δι’
3428 5110 3627 5159 ἐκεῖνα.

2053 5210 2212 5275 μόνον
2239 5208 2593 5277 ἀποδώσομεν
2639 5208 2874 5269 εύθύνας
2924 5206 3053 5274 ἑξῆς
3101 5205 3360 5262 ἅπαντες,
3406 5201 3636 5267 ὅσαπερ

2050 5302 2171 5366 ἐξὸν
2200 5302 2329 5371 ἡμῖν
2370 5303 2570 5355 εἰδέναι
2600 5302 2633 5371 ἢ
2691 5302 2903 5371 μαθεῖν,
2944 5304 3011 5371 τῇ
3042 5317 3099 5352 τε
3132 5298 3340 5352 οἴκοθεν
3384 5292 3626 5362 σπουδῇ,

2051 5395 2147 5446 καί
2171 5395 2235 5462 τῇ
2278 5392 2411 5462 παρ’
2442 5393 2645 5460 ἑτέρων
2684 5391 3029 5461 διδασκαλίᾳ,
3085 5391 3245 5460 ἡμεῖς
3280 5387 3334 5439 δὲ
3368 5388 3505 5453 μήτε
3538 5386 3629 5435 εῖ-

2050 5486 2191 5537 δέναι
2223 5486 2603 5553 σπουδάσομεν
2633 5486 2819 5545 πόνοις
2864 5483 3181 5550 ἡμετέροις,
3228 5479 3365 5548 μήτε
3420 5476 3630 5546 μαθεῖν

2053 5576 2389 5646 ἐθελήσομεν
2419 5576 2570 5646 παρὰ
2599 5575 2706 5628 τῶν
2738 5574 2977 5628 εἰδότων.
3012 5558 3149 5635 Τοὺς
3192 5570 3300 5640 γὰρ
3340 5568 3633 5630 τοιούτους

2052 5668 2114 5721 ού
2151 5669 2555 5738 παραιτήσεται
2603 5668 2664 5719 τδ
2708 5667 2979 5737 ἁμαρτεῖν
3016 5662 3137 5716 κατ’
3172 5662 3417 5729 ἄγνοιαν.
3461 5661 3633 5712 Ἐστι

2052 5761 2160 5833 γὰρ
2191 5758 2251 5812 οὐ
2284 5759 2520 5829 φύσεως,
2554 5758 2673 5814 οὐδὲ
2702 5775 2846 5822 τινος
2871 5756 2982 5813 τῶν
3004 5753 3243 5827 θύραθεν
3266 5749 3633 5823 συμπτωμά-
