3920 6200
203 337 307 404 Ml

1621 345 1910 408 ORATIO
1950 347 2038 408 IV.

3361 344 3464 406 442

198 471 340 516 των,
371 451 505 507 ἀλλὰ
539 454 909 524 προαιρέσεως
940 456 1212 526 ἔγκλημα.
1257 457 1320 512 Ἥ
1356 459 1458 528 μὲν
1479 461 1589 530 γὰρ
1614 461 1774 528 φύσις
1808 472 1824 521 l

1939 476 2009 514 rzc
2069 459 2332 512 rationcm
2363 456 2577 511 discere
2609 456 2769 510 nobis
2799 455 2943 510 haud
2984 455 3141 511 licuit
3165 496 3180 518 .
3221 469 3313 511 aut
3344 473 3464 525 qua:

199 549 269 598 ὲν
297 547 447 616 ὅροις
500 547 674 614 μένει,
731 551 825 604 καὶ
858 551 1263 620 παραιτήσεται
1324 553 1461 622 πρὸς
1502 552 1636 605 Θεὸν
1687 556 1781 606 καὶ

199 640 340 701 τοὺς
366 638 708 708 ἀνθρώπους,
743 641 836 693 καὶ
885 641 985 708 τὴν
1034 643 1266 696 ἑκάστου
1321 645 1658 711 συνείδησιν,
1686 646 1788 698 ἐὰν

208 731 295 800 μὴ
321 731 415 799 ἐνῇ
436 733 614 783 ποιεῖν
644 732 711 784 τὰ
736 732 830 784 καὶ
861 733 949 785 τάν
981 734 1014 802 ἡ
1047 733 1104 786 δὲ
1137 736 1457 806 προαίρεσις
1483 736 1688 789 δύναιτ’
1718 736 1790 790 ἂν

210 823 664 891 μεταϐεϐλῆσθαι
712 825 806 876 καὶ
851 825 1224 880 πεποικίλθαι.
1261 827 1352 879 Διὸ
1383 829 1510 890 τοὺς
1554 829 1655 895 μὲν
1688 829 1787 895 ἀγ·-

206 913 419 980 γὲλοις,
451 913 578 976 τοὺς
603 913 657 966 δὲ
683 914 935 984 δαίμοσιν
972 917 1156 980 αὐτοῖς
1192 918 1574 988 ἐγγεγράφθαι
1617 924 1784 972 ποιεῖ’

209 1007 317 1059 καὶ
361 1007 450 1060 διὰ
482 1006 642 1059 τοῦτο
675 1008 742 1060 τὰ
776 1008 914 1060 αὐτὰ
957 1008 1111 1079 παρὰ
1156 1010 1256 1080 μὲν
1303 1012 1414 1064 τῶν
1460 1013 1787 1082 ἐνεργεῖται,

212 1099 374 1166 παρὰ
399 1098 457 1150 δὲ
484 1099 594 1151 τῶν
631 1099 907 1168 οὐδαμῶς.
938 1101 1050 1154 Καὶ
1080 1103 1144 1172 δὴ
1178 1104 1272 1156 καὶ
1301 1103 1452 1172 παρὰ
1479 1104 1586 1157 τῶν
1609 1104 1792 1157 αὐτῶν

211 1189 342 1242 τοτὲ
377 1188 477 1256 μὶν
512 1189 654 1256 ἄγαν
684 1190 1054 1259 θαυμάζεται,
1086 1193 1208 1246 τοτὲ
1232 1193 1290 1247 δὲ
1315 1195 1649 1248 τούναντίον.
1683 1195 1792 1247 Καὶ

210 1280 375 1366 ταῦτ’
415 1281 671 1349 ἀνδρείας
716 1277 873 1348 οἶμαι
918 1283 1122 1354 ψυχῆς,
1179 1284 1210 1354 ἢ
1269 1285 1650 1353 γυναικώδους
1701 1287 1795 1338 καὶ

219 1371 504 1442 μαλακῆς,
545 1372 622 1442 μὴ
656 1375 842 1426 πονεῖν
868 1375 1334 1446 προαιρουμένης,
1363 1376 1450 1444 ἐφ’
1477 1373 1560 1440 οἷς
1590 1379 1798 1447 προσῆ-

217 1479 344 1516 κεν.
391 1462 454 1516 Ἥ
495 1461 658 1530 φύσις
680 1463 735 1515 δὲ
769 1463 901 1516 πᾶσι
948 1463 1124 1534 κοινὴ,
1158 1467 1254 1518 καὶ
1288 1465 1356 1518 τὰ
1410 1464 1622 1534 ταύτης
1666 1469 1799 1536 ἡμῖν

218 1553 406 1608 κοινά·
438 1555 535 1608 καὶ
566 1554 708 1623 ὑπὲρ
741 1556 912 1625 αὐτῆς
961 1557 1140 1618 οὐδεὶς
1173 1556 1296 1610 οὔτε
1354 1559 1760 1627 στεφανώσεται
1780 1596 1798 1624 ,

220 1647 352 1702 οὔτε
386 1648 643 1716 φεύξεταί
705 1665 832 1702 τινα
877 1648 1058 1718 δίκην.
1107 1649 1266 1715 Λέγω
1299 1649 1357 1703 δὲ
1389 1650 1552 1720 φύσιν
1581 1652 1674 1702 νῦν
1703 1649 1804 1717 τὴν

221 1743 286 1792 ἐν
316 1738 394 1809 τῷ
424 1738 660 1793 καθόλου
686 1739 820 1792 εἴδει
855 1740 1264 1810 θεωρουμένην,
1313 1742 1405 1794 τὸν
1445 1742 1676 1796 καθόλου
1709 1741 1802 1794 ἄν-

223 1792 475 1901 θρωττον,
524 1829 623 1900 τὴν
657 1792 1295 1900 ἀνθρωπότῆταιτιᾶσαν.
1657 1792 1803 1885 ίιᾷξᾷ-
1834 1792 1874 1846 Β

226 1940 385 1986 στοις
416 1921 668 1993 διαφοραὶ
692 1921 754 1974 οὐ
780 1921 916 1990 πρὸς
947 1923 1045 1991 τὴν
1077 1921 1240 1989 φύσιν
1259 1923 1645 1994 ἀναφέρονται,
1670 1924 1808 1976 ἀλλὰ

225 2017 427 2084 γνώμῃ
455 2016 699 2082 γίνονται
736 2014 956 2077 παντως
993 2013 1219 2077 πολλαῖς
1251 2031 1310 2068 τε
1341 2016 1436 2068 καὶ
1467 2015 1807 2068 πολυτιδέσιν

225 2108 459 2168 αἰτίαις.
491 2108 654 2160 Ὥστε
692 2100 880 2177 ὦνπερ
907 2105 1100 2176 κύριος
1135 2107 1365 2171 ἕκαστος
1389 2107 1570 2170 καλῶς
1604 2113 1664 2159 τε
1712 2108 1808 2160 καὶ

229 2199 320 2268 μὴ
372 2198 661 2261 διαθεῖναι,
703 2200 832 2267 περὶ
866 2197 1072 2252 τούτων
1104 2198 1168 2266 δὴ
1226 2197 1322 2250 καὶ
1377 2198 1539 2266 μόνον
1583 2197 1814 2266 ὀφλήσει

225 2291 392 2358 δίκην
431 2291 682 2354 δικαίως,
717 2285 899 2358 οἶμαι,
936 2289 1011 2361 μὴ
1055 2289 1328 2353 διατεθεὶς
1383 2289 1570 2360 τυχὸν,
1619 2288 1813 2359 ὥσπερ

229 2383 406 2452 ἐχρῆν
439 2397 500 2434 τε
530 2384 625 2435 καὶ
647 2383 774 2435 ἔδει.
811 2379 958 2436 Εἶεν.
993 2383 1084 2435 Δεῖ
1127 2382 1205 2448 δὲ,
1240 2378 1420 2452 οἶμαι,
1465 2383 1528 2436 τὸ
1572 2384 1679 2436 πᾶν
1728 2383 1812 2434 εί-

231 2476 444 2537 ¹κιόντας
489 2475 936 2543 συν-τεταγμένως
979 2491 1038 2526 τε
1073 2478 1168 2528 καὶ
1223 2473 1529 2543 συντόμως,
1575 2474 1814 2531 ἐνταῦθα

235 2568 443 2638 στῆσαι
491 2568 584 2621 τὸν
635 2567 830 2635 λόγον’
891 2567 988 2620 καὶ
1029 2567 1215 2637 φαμὲν
1261 2567 1330 2620 δι’
1369 2567 1594 2635 ἄγνοιαν
1627 2567 1727 2635 μὲν
1757 2565 1817 2618 τὸ

231 2659 414 2714 κακον
445 2658 714 2726 γίνεσθαι.
753 2658 1001 2714 ἑκούσιον
1025 2658 1071 2712 δ’
1105 2662 1257 2729 ὅμως
1291 2653 1459 2722 εἶναι,
1500 2660 1596 2712 καὶ
1632 2674 1819 2728 προαι-

235 2753 470 2820 ρετικῆς
500 2764 644 2811 τινος
671 2749 899 2820 γνώμης
934 2750 1031 2802 καὶ
1073 2749 1280 2813 οἰκείας
1309 2749 1632 2812 διαθέσεως.
1655 2751 1818 2801 Ὥστε

233 2847 305 2915 δὴ
342 2843 498 2912 κακῷ
524 2843 772 2910 γεγονότι
800 2842 996 2913 γνώμῃ
1032 2841 1096 2895 τδ
1126 2841 1235 2894 τῶν
1267 2841 1620 2911 καλουμένων
1662 2857 1820 2911 περι-

237 2936 494 2989 στάσεων
525 2932 670 2986 ᾶπαν
700 2931 1002 3001 ἄθροισμα,
1028 2931 1122 2982 καὶ
1148 2931 1303 2983 πᾶσα
1321 2928 1500 2997 τούτῳ
1525 2928 1819 2996 πρόφασις,

237 3029 344 3084 καὶ
373 3027 726 3097 παραίτησις,
776 3025 874 3078 καὶ
918 3023 1100 3077 πάντα
1150 3023 1218 3075 τὰ,
1262 3020 1514 3081 τοιαῦτα,
1564 3019 1695 3089 ψιλή
1741 3025 1825 3081 τις

1887 551 2146 616 temporLs
2171 546 2554 616 opportunitas
2586 544 2731 599 haud
2764 546 3058 608 concessit,
3099 549 3182 601 vel
3210 563 3372 602 casus
3408 557 3466 600 et

1888 654 2007 693 sors
2033 639 2219 707 aliqua
2246 654 2260 690 :
2294 638 2385 690 sed
2429 651 2622 690 omnes
2646 651 2874 705 prorsus
2905 637 2972 691 de
2994 637 3062 690 iis
3086 640 3468 691 tantummodo

1888 731 2160 786 rationem
2224 728 2494 783 reddituri
2531 742 2749 789 sumus,
2779 743 2901 795 quae
2936 743 3060 783 cum
3091 730 3233 782 scire
3257 730 3338 782 vel
3375 729 3462 782 di-

1890 838 2044 878 scere
2079 823 2259 886 liceat,
2297 833 2406 876 tam
2441 821 2625 874 studio
2660 823 2882 890 proprio
2927 837 3090 890 quam
3122 823 3355 875 aliorum
3386 823 3466 875 iu-

1892 915 2216 980 structione,
2249 929 2350 968 nos
2383 928 2557 982 neque
2592 913 2871 967 laboribus
2909 914 3110 968 nostris
3135 925 3472 983 c0gnosccre

1892 1007 2289 1068 studuerimus,
2347 1021 2523 1074 neque
2557 1005 2768 1060 discere
2802 1007 3143 1085 voluerimus
3179 1009 3253 1060 ab
3291 1009 3356 1060 iis
3378 1009 3470 1075 qui

1894 1114 1956 1154 ea
1988 1107 2211 1153 norunt.
2244 1096 2403 1152 Tales
2423 1112 2656 1165 namque
2683 1098 2885 1151 nullam
2915 1113 3058 1152 exeo
3085 1109 3210 1152 sunt
3240 1098 3473 1152 habituri

1896 1189 2333 1252 excusationem,
2363 1189 2508 1257 quod
2562 1203 2657 1256 per
2707 1189 3074 1258 ignorantiam
3125 1189 3477 1257 deliquerint.
3551 1227 3557 1236 .

1900 1284 1994 1337 Est
2014 1281 2157 1336 enim
2201 1283 2308 1336 hoc
2340 1296 2448 1334 non
2479 1291 2709 1344 natura,
2741 1296 2839 1337 nec
2873 1280 3109 1348 alicujus
3131 1282 3479 1334 extrinsecus

1900 1373 2207 1429 accidentis
2237 1374 2337 1438 rei,
2371 1372 2466 1428 sed
2503 1373 2788 1427 electionis
2818 1373 2985 1428 animi
3015 1373 3246 1427 crimen.
3267 1371 3480 1440 Quippe

1901 1474 2094 1521 natura
2119 1465 2339 1535 quidem
2365 1478 2496 1519 suos
2519 1465 2662 1519 intra
2688 1465 2889 1520 limites
2911 1473 3114 1528 manet,
3143 1480 3206 1518 ac
3230 1479 3330 1518 nos
3351 1478 3480 1532 erga

1902 1560 2092 1621 Deum,
2119 1567 2172 1611 et
2208 1557 2480 1620 homines,
2510 1566 2564 1610 et
2597 1571 2750 1610 suam
2781 1557 3050 1626 cujusque
3082 1557 3479 1611 conscientiam

1902 1651 2177 1722 purgabit,
2224 1651 2271 1704 si
2318 1649 2456 1710 inec,
2489 1648 2570 1702 vel
2609 1649 2721 1711 illa,
2769 1647 2947 1702 facere
2981 1663 3088 1701 non
3129 1647 3480 1716 poterimus:

1905 1742 2074 1796 animi
2117 1754 2244 1794 vero
2290 1738 2493 1793 electio
2543 1737 3077 1806 m‘utarivariarique
3113 1745 3316 1804 posset.
3349 1735 3481 1788 Eam

1905 1835 1975 1888 ob
1997 1847 2221 1886 causam
2256 1830 2386 1884 facit
2409 1837 2466 1883 ιιι
2495 1829 2586 1883 alii
2618 1829 2854 1883 coetibus
2879 1829 3223 1898 angelorum,
3249 1827 3340 1879 alii
3369 1840 3486 1878 ma-

1906 1927 1976 1982 lis
2003 1925 2176 1994 grniis
2208 1931 2590 1992 aggregentu-r.
2626 1921 2832 1975 Eadem
2865 1922 2932 1974 dc
2965 1935 3132 1972 causa
3170 1934 3256 1972 res
3279 1918 3482 1970 eaedeiu

1908 2017 2088 2072 abhis
2127 2014 2456 2077 efﬁciuntur,
2493 2013 2562 2066 ab
2611 2012 2716 2066 iliis
2775 2025 2880 2064 non
2938 2010 3274 2065 efficiuntur.
3345 2008 3489 2074 Quin
3543 2029 3564 2052 θ

1909 2111 2076 2166 etiam
2098 2109 2303 2164 eisdem
2353 2107 2518 2161 modo
2546 2115 2674 2161 sunt
2699 2105 3049 2159 admirationi
3075 2146 3089 2168 ,
3117 2103 3278 2157 modo
3302 2118 3487 2158 secus.

1911 2204 2088 2269 Atque
2133 2202 2247 2254 inec
2294 2200 2374 2252 vel
2413 2201 2482 2252 ab
2521 2198 2710 2252 animo
2761 2197 2910 2260 forti,
2953 2198 3035 2250 vel
3079 2211 3108 2249 a
3155 2195 3408 2249 muliebri
3439 2202 3493 2246 et

1913 2294 2059 2348 molli
2097 2291 2368 2362 proficisci
2401 2299 2554 2361 puto,
2593 2291 2684 2359 qui
2719 2291 2958 2343 laborem
3003 2290 3056 2342 in
3097 2289 3240 2342 iisin
3285 2287 3495 2356 quibus

1915 2385 2166 2448 debebat,
2195 2383 2471 2451 suscipere
2515 2393 2751 2436 recusat.
2779 2378 2982 2432 Natura
3027 2393 3154 2433 vero
3187 2376 3499 2431 communis

1916 2485 2000 2529 est
2030 2474 2324 2536 universis,
2357 2483 2410 2526 et
2439 2487 2558 2542 qua:
2581 2473 2727 2525 illius
2761 2481 2908 2534 sunt,
2939 2469 3124 2523 itidem
3161 2467 3318 2522 nobis
3348 2482 3515 2537 com-j

1925 2567 2109 2621 munia
2145 2584 2160 2620 :
2209 2580 2308 2620 nec
2353 2565 2469 2632 ejus
2515 2564 2734 2618 nomine
2776 2564 3069 2631 quisquam
3113 2560 3196 2614 vel
3238 2573 3498 2613 coronam

1929 2658 2284 2726 adipiscetur,
2316 2656 2400 2711 vel
2448 2660 2703 2724 tanquam
2747 2669 2873 2708 reus
2901 2651 3278 2706 accusabitur.
3307 2650 3374 2703 Et
3411 2664 3504 2702 na-

1924 2758 2099 2802 turam
2133 2761 2276 2800 nunc
2305 2745 2540 2813 appello,
2576 2759 2698 2812 qua:
2743 2743 2795 2796 in
2829 2742 3087 2796 universa
3148 2741 3331 2808 specie
3382 2755 3507 2792 con-

1928 2841 2226 2901 sideratur,
2260 2837 2534 2890 hominem
2571 2835 2958 2897 universalem,
2997 2843 3169 2887 totum
3206 2848 3376 2899 genus
3401 2833 3502 2884 hu,

1925 2945 2182 2993 manum;
2215 2943 2339 2981 nam
2390 2940 2513 2994 qua:
2552 2923 2870 2981 discrimina
2901 2935 3024 2979 sunt
3065 2927 3116 2978 in
3160 2923 3409 2992 singulis,
3445 2938 3508 2975 ca

1932 3026 1996 3077 ad
2029 3031 2279 3075 naturam
2311 3018 2647 3085 referuntur,
2681 3019 2773 3073 sed
2804 3018 3029 3072 omnino
3074 3017 3140 3070 de
3173 3016 3340 3069 animi
3381 3031 3509 3068 sen-

239 3117 474 3188 σκῆψις·
518 3115 612 3169 καὶ
656 3113 808 3166 οὐδὲν
847 3112 1016 3183 ίερδν,
1050 3109 1172 3164 οὐδὲ
1208 3107 1383 3176 ὑγιὲς,
1432 3105 1555 3161 οὐδὲ
1607 3105 1824 3184 πειθοῦς

1935 3111 2100 3165 tentia
2147 3108 2595 3180 proﬁciscuntur,
2627 3117 2683 3160 et
2732 3108 2920 3162 multis
2967 3119 3032 3160 ac
3078 3104 3514 3160 muitilormibus

241 3213 424 3278 ἄξιον.
459 3210 634 3276 Μόγις
685 3208 796 3276 γὰρ
841 3205 920 3276 τῷ
971 3203 1286 3275 μαινομένῳ
1328 3201 1422 3254 καὶ
1465 3197 1836 3268 παραπαίοντι

244 3299 666 3370 συγχωρητέον,
721 3295 801 3366 τῷ
831 3292 1095 3364 καθαρῶς
1130 3293 1390 3345 ἀκούσιον
1438 3289 1833 3358 ἁμαρτάνοντι.

242 3393 367 3448 Καὶ
392 3392 441 3444 εί
470 3391 547 3462 μὴ
573 3392 695 3458 εἰκῇ
731 3388 996 3456 δοκοῦμεν
1029 3383 1344 3454 λογίζεσθαι
1373 3383 1467 3436 καὶ
1494 3380 1840 3433 κατασκευᾶ-

247 3486 395 3551 ζειν,
428 3485 528 3551 τῆς
563 3481 820 3551 ἀληθείας
852 3483 881 3533 ὁ
910 3479 1067 3548 λόγος
1109 3478 1318 3548 ἔχεται,
1370 3475 1466 3528 καὶ
1498 3472 1612 3528 οὐδ’
1655 3471 1837 3540 ἐαυτῷ

246 3577 676 3648 περιπέπτωκε.
722 3572 909 3626 Ταῦτα
957 3572 1014 3624 δὲ
1058 3572 1192 3640 ἡμῖν
1243 3569 1351 3624 ἔδει
1405 3567 1709 3639 δειχθῆναι,
1741 3567 1836 3617 καὶ

249 3670 454 3739 γέγονε
484 3666 630 3720 κατὰ
659 3665 756 3733 τὴν
784 3663 1070 3734 ἡμετέραν
1095 3659 1274 3730 ἰσχύν.
1467 3665 1469 3667 ’

1940 3200 2139 3254 causis.
2175 3200 2518 3267 Quapropter
2550 3198 2604 3252 in
2655 3198 2854 3266 quibus
2887 3197 3058 3250 libera
3111 3195 3311 3264 cuique
3343 3195 3517 3248 facul-

1940 3307 2024 3351 tas
2051 3305 2136 3349 est
2168 3305 2314 3349 recte
2343 3294 2426 3348 vel
2463 3299 2620 3348 Secus
2654 3305 2774 3347 sese
2805 3294 3053 3362 gerendi,
3089 3305 3278 3348 corum
3313 3291 3515 3345 dtmtu-

1939 3397 2031 3440 xat
2057 3387 2298 3450 nomine,
2325 3400 2440 3439 mea
2466 3385 2681 3452 quidem
2709 3387 2990 3451 opinione,
3015 3385 3211 3438 merito
3238 3384 3518 3436 damnabi-

1943 3485 2054 3541 tur,
2081 3475 2127 3527 si
2162 3475 2302 3528 lo'rte
2339 3489 2446 3527 non
2474 3473 2702 3528 allectus
2733 3473 2805 3526 ita
2846 3475 3007 3528 fuerit
3037 3473 3113 3527 uti
3150 3483 3247 3542 par
3274 3483 3413 3526 erat.
3445 3475 3521 3524 Ac

1941 3566 2010 3620 sit
2038 3565 2112 3619 ita
2143 3580 2290 3620 sane.
2331 3563 2605 3620 Caeterum
2652 3579 2777 3619 cum
2810 3581 2896 3620 res
2930 3576 3040 3618 tota
3078 3568 3377 3632 composite
3408 3563 3522 3613 via-

1941 3671 2046 3724 que
2100 3656 2503 3724 compendiaria
2568 3656 2641 3710 sit
2696 3657 2968 3725 exposita,
3023 3657 3375 3709 inhibendum
3437 3656 3523 3706 Ιιίι”

251 3773 480 3816 cursum
526 3759 794 3814 orationis
844 3756 1118 3822 arbitror;
1160 3753 1406 3822 adeoque
1434 3751 1684 3816 dicimus,
1729 3759 1826 3818 per
1862 3749 2232 3818 ignorantiam
2263 3750 2482 3817 quidem
2533 3749 2649 3802 ﬁeri
2683 3748 2831 3816 quod
2861 3749 3064 3800 malum
3102 3757 3207 3812 est,
3276 3748 3370 3802 sed
3442 3748 3526 3797 ni-

254 3855 374 3908 hilo
404 3856 587 3907 minus
613 3865 737 3906 esse
762 3847 1148 3916 voluntarium,
1174 3856 1230 3902 et
1264 3847 1333 3900 ab
1373 3844 1698 3898 electionem
1731 3843 1965 3896 habente
2035 3840 2202 3894 animi
2251 3840 2524 3893 sententia
2596 3840 2926 3907 prppriaque
3000 3837 3288 3893 aliectione
3336 3839 3490 3907 proli

257 3947 416 4002 disci.
452 3945 572 4012 Quo
609 3946 668 3998 lit
695 3942 868 4011 utqui
902 3942 972 3996 de
1005 3938 1173 3993 animi
1215 3937 1298 3992 sui
1329 3934 1605 3990 sententia
1659 3933 1834 3986 malus
1872 3929 2050 3985 factus
2082 3939 2185 3993 est,
2255 3927 2302 3983 ei
2329 3928 2901 3991 circumstantiarum,
2968 3941 3106 3996 quas
3138 3939 3357 3992 vocant,
3392 3940 3527 3980 con"

261 4044 441 4114 geries
479 4041 680 4105 omnis,
718 4037 900 4094 omnis
948 4047 1064 4090 tum
1115 4031 1354 4095 occasio,
1387 4039 1500 4083 tum
1531 4027 1832 4086 excusatio,
1877 4039 1998 4079 cum
2029 4021 2283 4076 omnibus
2314 4022 2437 4075 aliis
2475 4020 2697 4084 talibus,
2774 4021 2956 4073 nudus
2989 4021 3151 4073 modo
3226 4029 3528 4087 prtett-xtu;

267 4111 348 4199 iit,
385 4147 485 4187 nec
516 4132 812 4202 quidquam
840 4129 1004 4190 sacri,
1036 4141 1137 4182 nec
1161 4127 1305 4189 sani,
1345 4136 1444 4176 nec
1469 4121 1558 4175 cui
1588 4121 1721 4173 tides
1753 4117 1996 4172 adhiberi
2073 4115 2290 4169 debeat.
2345 4111 2443 4166 Vix
2491 4112 2639 4165 enim
2721 4112 2931 4166 furioso
3006 4125 3068 4164 ac
3117 4111 3370 4164 delirauti
3448 4118 3525 4162 est

267 4232 680 4304 ignoscendum,
728 4230 822 4300 qui
867 4243 1001 4299 pure
1051 4234 1248 4296 praeter
1283 4224 1450 4278 animi
1487 4223 1824 4276 voluntatem
1867 4215 2152 4284 delinquit.
2187 4215 2262 4268 Ac
2302 4214 2346 4267 si
2393 4213 2610 4283 quidem
2665 4227 2771 4267 non
2851 4211 3050 4264 frustra
3101 4208 3414 4264 ratiocinari
3477 4218 3533 4260 ct

272 4301 646 4403 argumentari
678 4328 946 4392 videmur,
970 4326 1181 4382 veritati
1215 4333 1582 4378 consentanea
1613 4329 1694 4373 est
1721 4315 1920 4379 oratio,
1955 4328 2057 4368 nec
2083 4313 2201 4382 ipsa
2229 4319 2406 4366 semet
2436 4309 2655 4366 evertit.
2716 4307 2886 4362 Erant
2951 4318 3130 4364 autem
3203 4306 3320 4360 haec
3379 4301 3534 4358 nobis

278 4425 721 4489 demonstranda,
754 4435 946 4492 resque
981 4435 1078 4489 pro
1113 4420 1318 4474 viribus
1352 4433 1382 4472 a
1410 4416 1566 4471 nobis
1591 4423 1674 4469 est
1706 4412 1824 4466 cunl

1930 4423 1980 4464 η.
3088 4393 3097 4401 ’

887 4537 1109 4591 ΛΟΓΟΣ
1161 4532 1235 4589 Δ⁹.

1930 4517 1938 4555 ’
2563 4519 2820 4576 ORATIO
2857 4517 2943 4574 iV.

286 4639 422 4707 Περὶ
467 4633 699 4707 ἡδονῆς
726 4649 740 4662 ο
771 4633 860 4686 ὅτι
893 4622 1384 4707 κρεῖττον-ἂζῇν
1422 4625 1578 4707 μηδὲ
1612 4621 1728 4692 ’τὴν
1755 4623 1857 4690 ἀρ-

531 4697 656 4774 χὴνἐ
679 4697 1083 4772 συμπαρεῖναι
1118 4697 1200 4763 τῷ
1233 4698 1352 4764 ,ϐίῳ
1393 4698 1601 4761 τούτῳ.

361 4799 530 4854 Ἀλλὰ
559 4797 669 4868 γὰρ
702 4793 1029 4865 γιγνόμενόν
1067 4795 1183 4845 ἐστι
1217 4791 1313 4844 καὶ
1360 4790 1661 4860 προσῆκον,
1717 4786 1854 4858 μηδὲ

286 4894 380 4963 τὴν
409 4877 571 4945 ἐνίων
601 4890 734 4958 περὶ
762 4891 863 4957 τῆς
885 4885 1080 4954 ἡδονῆς
1116 4884 1276 4948 δόξαν
1319 4883 1518 4936 οὑτωσὶ
1564 4881 1854 4951 παραδρα-

292 4985 406 5051 μεῖν
434 4981 714 5047 ἐθελῆσαι.
746 4976 971 5044 Νομίζω
993 4976 1102 5044 γὰρ
1133 4975 1356 5033 τούτους
1376 4989 1435 5025 τε
1460 4971 1864 5040 ἐξαμαρτάνειν

288 5077 377 5128 τοῦ
403 5091 466 5144 γε
501 5072 662 5143 ὀρθοῦ
689 5069 976 5139 λογισμοῦ,
1005 5069 1100 5121 καὶ
1133 5069 1266 5137 ἡμῖν
1288 5066 1538 5134 ἀνάγκην
1573 5062 1738 5128 εἶναι,
1793 5062 1864 5115 τά

291 5184 351 5236 γε
371 5165 638 5220 δοκοῦντα
673 5163 804 5232 περὶ
835 5161 1069 5230 ταυτησὶ
1101 5157 1304 5226 λέγειν,
1343 5157 1446 5226 σήν
1467 5171 1527 5207 τε
1571 5156 1738 5224 χάριν
1765 5153 1863 5206 καὶ

293 5257 557 5329 ὠφελείας
594 5257 782 5308 ἕνεκεν
811 5251 920 5305 τῶν
959 5249 1364 5318 ἐντευξομένων
1416 5247 1549 5310 ἴσως
1580 5245 1658 5315 τῷ
1687 5246 1856 5312 λόγῳ.

293 5352 518 5407 Δοκοῦσι
538 5350 718 5403 τοίνυν
745 5347 874 5400 ἔνιοι
905 5344 1013 5398 τῶν
1044 5342 1370 5413 ἀνθρώπων,
1394 5337 1548 5408 οἶμαι
1575 5339 1620 5390 δ’
1650 5338 1731 5390 ὅτι
1766 5336 1861 5388 καὶ

293 5442 388 5509 τῆς
420 5438 612 5509 μοίρας
641 5435 749 5490 τῶν
771 5434 1074 5487 δοκούντων
1104 5432 1165 5485 οὐ
1189 5429 1408 5500 φαύλων
1439 5423 1602 5490 εἶναι,
1633 5427 1775 5479 οὕτω
1799 5443 1863 5492 γε

296 5529 629 5600 τυραννικὴν
661 5529 755 5580 καὶ
785 5524 1180 5597 βασιλεύουσαν
1215 5517 1358 5575 εἶναι
1409 5520 1508 5591 τὴν
1540 5519 1752 5590 ἡδονὴν,
1787 5519 1864 5579 ὡς

299 5620 388 5675 ὑπ’
440 5620 658 5688 ἐκείνης
715 5617 959 5679 ἅπαντας
1010 5613 1243 5682 ἄγεσθαι
1302 5609 1670 5681 αἰχμαλώτων
1716 5606 1870 5661 οὐδὲν

301 5711 543 5777 ἄμεινον.
578 5708 713 5763 Είτα
748 5705 1172 5777 διισχυρίζονται
1197 5706 1298 5757 οὐκ
1335 5702 1560 5771 ἀγαθὸν,
1585 5701 1694 5756 οὐδ’
1720 5701 1870 5770 ὠφέ-

308 5803 461 5871 λιμον
513 5801 720 5869 ταύτην
759 5795 900 5855 εἶναι
940 5798 1073 5865 ταῖνδε
1135 5795 1213 5864 τῷ
1246 5793 1378 5864 βίῳ-
1413 5793 1722 5850 τούναντίον
1773 5793 1872 5849 μὲν

2108 4615 2183 4670 De
2219 4617 2488 4683 voluptate
2516 4634 2529 4670 :
2568 4617 2707 4684 quod
2736 4629 2851 4666 eam
2884 4618 3166 4680 praestaret
3198 4609 3260 4661 ab
3298 4606 3396 4659 hac

2465 4688 2576 4740 vita
2595 4695 2814 4753 prorsus
2844 4686 3044 4736 abesse.

2036 4778 2292 4834 Sedenim
2345 4783 2559 4850 azquu'm
2594 4783 2655 4830 ac
2711 4773 2908 4828 rationi
2959 4781 3388 4828 consentaneum
3434 4777 3541 4833 est,

1965 4885 2067 4926 nec
2106 4853 2420 4940 opinionem
2472 4869 2832 4938 quorumdam
2887 4868 2951 4919 de
2995 4865 3271 4934 voluptate
3321 4860 3543 4915 silentio

1964 4965 2259 5036 praeteriri.
2308 4957 2444 5019 Nam
2499 4965 2748 5034 equidem
2801 4961 3040 5015 arbitror
3075 4969 3126 5013 et
3172 4958 3269 5010 bos
3317 4970 3346 5007 a
3394 4965 3540 5006 recta

1961 5060 2232 5114 sententia
2257 5059 2534 5122 aberrare,
2565 5068 2618 5111 et
2648 5069 2676 5108 a
2705 5055 2863 5109 nobis
2897 5051 3209 5105 necessario
3251 5046 3453 5115 requiri
3484 5053 3542 5096 ut

1960 5151 2090 5221 quid
2139 5150 2296 5204 nobis
2349 5153 2414 5204 de
2448 5151 2549 5204 hac
2581 5148 2850 5208 Videatur,
2888 5160 3011 5198 cum
3063 5153 3150 5194 tua
3193 5155 3380 5204 causa,
3428 5147 3541 5190 tum

1969 5243 2221 5299 utilitatis
2252 5256 2438 5296 eorum
2484 5237 2576 5308 qui
2617 5237 2864 5290 fortassis
2911 5235 3047 5286 hanc
3092 5230 3394 5282 orationem
3429 5226 3544 5294 pel-

1972 5333 2164 5388 lecturi
2208 5343 2360 5398 sunt,
2398 5343 2758 5400 expattamus.
2813 5327 3114 5392 Opinantur
3161 5335 3291 5385 ergo
3321 5317 3541 5384 quidam

1974 5425 2240 5487 homines,
2272 5432 2327 5477 et
2372 5437 2558 5476 eorum
2591 5420 2810 5489 quidem
2853 5432 2882 5469 e
2911 5428 3139 5466 numero
3175 5409 3265 5479 qui
3319 5409 3544 5460 tuinime

1973 5515 2109 5570 viles
2142 5525 2195 5568 et
2227 5513 2614 5568 contemnendi
2664 5511 2939 5570 videntur,
2995 5519 3165 5570 uSque
3195 5501 3329 5554 adeo
3360 5509 3545 5567 tyran-

1973 5609 2149 5661 nicam
2179 5613 2232 5660 et
2263 5604 2614 5674 imperiosam
2645 5617 2762 5655 esse
2785 5601 3118 5664 voluptatem
3146 5605 3202 5648 ut
3237 5592 3303 5644 ab
3325 5605 3386 5644 ea
3416 5603 3548 5659 cap-

1973 5701 2205 5755 tivorum
2235 5700 2288 5752 in
2325 5711 2529 5753 morem
2563 5694 2798 5750 universi
2827 5692 3134 5752 trahantur.
3172 5684 3371 5741 Deinde
3403 5697 3543 5737 con-

1991 5801 2172 5848 taliter
2202 5771 2476 5850 asserunt.
2507 5803 2626 5846 eam
2667 5788 2790 5844 \ilzn
2821 5783 3122 5842 mortalium
3171 5793 3271 5835 nec
3318 5777 3536 5842 bonam,
