3920 6200
428 299 530 362 ιιι

1619 295 2014 356 MANUELIS
2051 296 2498 359 PALEOLOGI

3569 302 3666 366 445

434 426 532 462 nec
572 411 754 463 utilem
789 422 929 470 esse,
960 407 1053 460 sed
1101 421 1131 460 e
1163 406 1441 459 contratio
1474 406 1672 461 malum
1707 406 2000 475 quoddam,
2032 459 2033 464 η

2139 405 2201 462 ὖν
2235 411 2354 477 μεθ’
2388 411 2691 480 ὑπερϐολῆς
2721 413 2894 464 κακόν
2925 429 2976 464 τι
3013 412 3182 482 μέγα,
3223 413 3313 464 καὶ
3343 411 3657 482 λυμαινόμε-

438 501 661 552 nimium
694 507 979 566 quantum,
1009 497 1261 566 quodque
1289 512 1513 564 prorsus
1537 497 1803 551 universis
1836 511 2005 550 nocu-

439 601 621 643 mento
651 590 743 646 sit.
777 590 854 642 Ac
903 592 944 644 si
993 591 1081 658 qui
1116 606 1212 646 eos
1251 592 1612 661 interrogent,
1645 592 2002 658 quamobrem

437 684 616 736 istuc?
645 685 934 748 Quoniam,
965 685 1208 751 inquient
1243 686 1446 749 Statim,
1478 694 1533 740 et
1560 700 1735 738 mores
1760 699 2007 738 corrum-

435 778 531 840 pit,
567 785 618 830 et
653 780 852 830 multos
904 778 972 831 ob
1020 780 1272 833 virtutem
1326 780 1672 834 admirabiles
1725 785 1791 836 de
1829 785 2002 846 bonis,

437 864 835 920 interveniente
873 871 1388 932 ntutatione,malos
1438 871 1622 925 allicit.
1681 872 2006 942 Quanquam

437 961 734 1014 convenire
766 962 945 1027 potius
992 962 1254 1025 arbitror,
1305 973 1362 1016 ut
1408 980 1528 1032 qua:
1573 970 1833 1019 adversus
1886 981 2004 1020 eam

439 1049 791 1117 proferuntur
825 1091 838 1113 ,
896 1053 1141 1118 pluribus
1197 1069 1554 1122 exponamus.
1607 1056 1822 1110 Audent
1875 1072 2006 1127 ergo

439 1141 644 1199 dicere.
697 1144 838 1209 quod
872 1143 936 1196 ad
975 1144 1146 1210 ipsum
1184 1161 1398 1214 quoque
1454 1146 1620 1200 Deum
1652 1163 1710 1201 se
1761 1150 2008 1217 porrigit,

448 1233 639 1284 melius
674 1247 760 1286 res
788 1234 1086 1298 habituras,
1118 1237 1162 1288 si
1195 1238 1442 1304 voluptas
1476 1239 1635 1305 plane
1672 1240 1819 1293 nulla
1847 1240 2012 1302 foret.

446 1340 545 1376 nec
565 1324 689 1377 huic
709 1329 920 1378 adesset
942 1327 1083 1390 vitae,
1106 1343 1204 1382 nec
1223 1344 1442 1394 prorsus
1463 1333 1770 1386 exsisteret.
1803 1332 2014 1401 Quippe

447 1417 609 1469 vitam
640 1418 954 1483 humanam,
985 1421 1250 1486 inquiunt,
1282 1422 1693 1488 perturbatione
1719 1425 2014 1493 doloreque

446 1523 551 1559 non
586 1510 784 1576 exiguo
812 1510 1004 1577 replet,
1038 1527 1394 1580 magnamque
1418 1515 1618 1568 nostris
1645 1514 1840 1568 animis
1865 1532 2018 1570 acer-

448 1597 670 1650 bitatem
703 1599 976 1654 oﬂ‘undit:
1013 1617 1135 1654 nam
1174 1603 1464 1671 voluptatis
1501 1619 1665 1658 causa
1724 1605 2013 1659 multarum

450 1704 871 1757 magnarumque
908 1706 1085 1744 rerum
1120 1695 1628 1762 consequendarum
1662 1695 1888 1750 libidine
1918 1696 2020 1749 au-

448 1781 648 1844 cimur,
700 1782 874 1848 iisipte
937 1798 1035 1835 nos
1067 1783 1355 1838 confestim
1410 1788 1679 1852 petituros
1711 1800 2018 1853 speramus.

452 1871 662 1922 Etenim
729 1887 792 1925 ex
829 1874 1142 1940 cupiditatis
1177 1877 1514 1930 vehementia
1553 1878 1710 1932 nobis
1757 1877 1810 1930 in
1849 1878 2024 1930 mani-

373 2003 406 2042 .
458 1964 558 2015 bus
588 1977 706 2014 esse
759 1975 998 2028 putatur,
1036 1966 1175 2030 quod
1227 1981 1291 2019 ex
1329 1967 1595 2021 diametro
1641 1983 2017 2035 saepenumero

456 2056 724 2110 Consistit.
761 2058 824 2109 Et
854 2058 1131 2123 quodlibet
1161 2057 1351 2110 horum
1385 2059 1449 2112 ad
1487 2059 1814 2128 voluptatem
1849 2060 2025 2114 maxi-

461 2162 601 2198 luam
635 2148 986 2200 suffecturum
1047 2149 1413 2203 existimatur.
1456 2151 1678 2204 Interim
1734 2151 1921 2218 paucis
1971 2159 2026 2204 et

458 2238 691 2313 etriguis,
725 2250 777 2290 ct
829 2238 914 2292 vix
945 2241 1186 2306 quidem,
1221 2242 1477 2308 potimnr,
1505 2256 1626 2310 qua:
1660 2243 1773 2308 ipsa
1811 2256 2026 2310 quoque

461 2328 714 2395 languide
742 2347 838 2384 nos
883 2341 936 2385 et
976 2333 1174 2400 pusillo
1201 2334 1372 2399 spatio
1403 2338 1661 2402 temporis
1695 2337 2020 2389 exhilarant.

460 2421 571 2473 Nec
605 2421 824 2475 minima
855 2440 950 2478 nos
976 2426 1137 2478 allicit
1167 2425 1432 2490 molestia,
1459 2427 1598 2494 quod
1626 2427 1750 2479 talia
1780 2442 1836 2480 se
1868 2427 2025 2480 nobis

460 2513 769 2566 exhibeant.
804 2515 932 2580 Qua:
957 2517 1170 2583 quidem
1198 2519 1376 2570 omnia
1409 2519 1600 2572 merito
1622 2519 1702 2570 sic
1727 2517 2024 2571 eveniunt:

463 2615 589 2651 nam
654 2606 1040 2669 conrupiscere
1089 2605 1302 2659 facilius
1350 2614 1433 2659 est
1485 2607 1739 2660 omnibus
1777 2607 1828 2658 in
1865 2606 2029 2660 rebus

464 2707 628 2758 quam
654 2695 875 2762 adipisci
907 2715 921 2759 ;
953 2704 1005 2747 et
1034 2696 1160 2759 ipsa:
1190 2713 1273 2749 res
1301 2714 1420 2751 cum
1451 2699 1558 2766 jam
1583 2699 1802 2762 adsunt,
1837 2691 2032 2764 spebus

466 2785 758 2840 inferiores
798 2791 967 2857 atque’
992 2788 1209 2842 viliores
1256 2802 1538 2856 apparent.
1587 2791 1773 2844 Itidem
1809 2792 2030 2844 multum

465 2892 561 2942 spe
605 2894 697 2932 sua
731 2879 986 2934 frustrari
1015 2891 1177 2948 atque
1211 2881 1409 2951 decipi,
1449 2883 1734 2936 molestum
1765 2895 1866 2936 est.
1905 2883 2036 2948 Qua:

465 2984 596 3022 sane
641 2987 944 3040 quanquam
993 2973 1150 3027 nobis
1199 2975 1470 3038 accidant,
1540 2990 1646 3028 non
1700 2984 1879 3028 tamen
1934 2989 2037 3028 nos

2107 517 2198 552 νον
2235 501 2362 568 ἑξῆς
2395 501 2590 554 ἅπασι.
2631 502 2742 554 Καὶ
2795 501 2848 553 εί
2874 517 3021 562 τινες
3057 500 3261 560 αὐτοὺς
3298 498 3520 567 ἕροιντο,
3554 486 3658 552 5i:-

2107 594 2194 655 τί;
2226 593 2369 653 “Ott,
2405 595 2674 661 φήσουσιν
2705 592 2884 656 εὐθὺς,
2914 593 2984 645 τά
3015 611 3071 645 τε
3103 593 3210 660 ἤθη
3233 591 3552 662 διαφθείρει,
3579 594 3661 645 καὶ

2109 684 2338 745 πολλοὺς
2373 685 2824 754 θαυμαζομένους
2872 686 2958 738 ἐπ’
3006 687 3177 755 ἀρετῇ
3240 686 3301 750 ἐξ
3333 685 3547 752 ἀγαθῶν
3592 686 3662 746 είς

2109 777 2345 843 φαύλους
2382 777 2734 844 μεταϐάλλει.
2768 777 3067 830 ΜᾶλλονὍὲ
3100 778 3408 846 προσήκειν
3439 777 3662 847 ἡγοῦμαι

2109 867 2197 920 διὰ
2227 867 2486 920 πλειόνων
2512 869 2764 921 ἐκθέσθαι
2805 869 2873 921 τὰ
2891 869 3009 922 κατ’
3035 871 3206 934 αὐτῆς
3232 868 3515 936 λεγόμενα.
3545 870 3666 920 Τολ-

2115 959 2260 1027 μῶσι
2286 960 2466 1011 τοίνυν
2497 962 2696 1022 εἰπεῖν,
2715 960 2742 1011 ὃ
2783 963 2876 1012 καὶ
2911 963 2989 1021 είς
3016 960 3152 1012 Θεὸν
3177 958 3488 1028 ἀνατρέχει,
3517 961 3586 1019 ῶς
3606 954 3664 1027 ἦν

2114 1051 2181 1104 ἂν
2222 1054 2470 1120 κρεῖττον
2514 1052 2764 1121 μηδόλως
2791 1047 2955 1115 εἶναι,
2994 1052 3130 1121 μηδὲ
3163 1053 3419 1120 παρεῖναι
3447 1050 3573 1120 τῷδε
3599 1048 3666 1116 τῷ

2115 1142 2235 1212 βίῳ,
2262 1143 2397 1212 μηδὲ
2415 1144 2512 1212 τὴν
2543 1143 2715 1213 ἀρχὴν
2749 1144 3046 1212 ὑφεστάναι
3078 1144 3180 1214 τὴν
3207 1137 3424 1211 ἡδονῆν.
3451 1143 3546 1195 Τὸν
3570 1145 3666 1212 γὰρ

2113 1236 2457 1304 ἀνθρώπινον
2483 1236 2598 1304 βίον
2632 1239 2881 1306 ταραχῆς
2912 1237 3004 1287 καὶ
3029 1235 3274 1304 ἀθυμίας
3299 1234 3498 1301 πολλῆς
3522 1234 3670 1302 ἐμπί-

2115 1324 2304 1393 πλησι,
2335 1326 2426 1377 καὶ
2453 1325 2651 1394 πολλὴν
2682 1325 2780 1395 τὴν
2805 1326 2999 1394 ἀηδίαν
3030 1325 3142 1377 τῶν
3166 1325 3358 1394 ψυχῶν
3382 1324 3532 1394 ἡμῶν
3556 1340 3671 1377 κατ·

2117 1415 2250 1485 έχει.
2288 1416 2388 1468 Διὰ
2434 1417 2543 1486 γὰρ
2575 1417 2674 1487 τὴν
2708 1416 2900 1486 ἡδονὴν
2929 1416 3145 1468 πολλῶν
3177 1415 3279 1483 μὲν
3309 1416 3403 1467 καὶ
3441 1414 3670 1484 μεγάλων

2117 1505 2493 1576 ἐπιθυμοῦμεν
2517 1511 2701 1578 τυχεῖν
2721 1524 2735 1538 ·
2766 1508 2962 1561 αὐτίκα
2992 1508 3047 1560 δὲ
3087 1508 3238 1576 μάλα
3268 1506 3556 1576 ἐλπίζομεν
3583 1507 3665 1558 αύ-

2116 1598 2227 1648 τῶν
2275 1596 2588 1660 τεύξεσθαι.
2661 1599 2792 1650 Ἀπὸ
2844 1599 2953 1665 γὰρ
2988 1597 3082 1649 τοῦ
3127 1598 3336 1666 σφόδρα
3379 1597 3587 1657 ἐθέλειν,
3622 1598 3670 1646 ἐν

2119 1689 2302 1757 χεροῖν
2327 1685 2469 1741 εἶναι
2511 1689 2794 1758 νομίζεται
2829 1691 2886 1742 τδ
2915 1692 2976 1741 ἐκ
3007 1690 3308 1758 διαμέτρου
3336 1689 3584 1748 πολλάκις
3603 1687 3670 1751 ὃν,

2122 1781 2214 1832 καὶ
2247 1780 2454 1835 τούτων
2489 1781 2724 1835 ἕκαστον
2755 1783 2835 1843 είς
2884 1782 3155 1850 μεγίστην
3206 1781 3526 1850 ἐπαρκέσειν
3553 1781 3670 1832 ὑπο-

2121 1869 2459 1938 λαμϐάνεται
2506 1871 2717 1940 τέρψιν.
2761 1871 2992 1938 Ὀλίγων
3038 1872 3120 1933 δὲ,
3165 1871 3263 1924 καὶ
3295 1850 3554 1939 σμικρῶν,
3594 1870 3674 1920 καὶ

2126 1963 2281 2031 μόλις
2320 1965 2789 2032 ἐπιτυγχάνομεν·
2825 1964 2920 2016 καὶ
2948 1963 3161 2016 τούτων
3193 1959 3260 2016 αὖ
3289 1963 3447 2016 πάλιν
3475 1963 3673 2029 ἀδρανές

2121 2069 2175 2104 τι
2207 2053 2461 2122 καὶπρὸς
2482 2054 2662 2127 ὀλίγον
2712 2055 2856 2124 ἡμᾶς
2902 2055 3338 2125 εὐφραινόντων.
3369 2055 3476 2124 Οὗχ
3501 2053 3672 2120 ἥκιστα

2122 2144 2178 2196 δέ
2203 2161 2267 2209 γε
2295 2145 2457 2196 λυπεῖ
2475 2146 2569 2197 καὶ
2595 2145 2654 2197 τὸ
2678 2145 2914 2213 φανῆναι
2943 2145 3200 2200 τοιαῦτα.
3234 2145 3470 2208 Εἰκότως
3489 2145 3540 2196 δὲ
3561 2143 3672 2196 ruit-

2123 2253 2192 2288 τα
2223 2237 2423 2290 πάντα.
2457 2239 2530 2290 Τὸ
2569 2237 2678 2305 γὰρ
2721 2239 2975 2306 ἐφίεσθαι
3017 2239 3110 2292 τοῦ
3166 2241 3356 2308 τυχεῖν
3389 2237 3676 2306 εὐχερέστε-

2129 2347 2220 2399 ρον
2277 2331 2369 2382 ἐπὶ
2401 2331 2510 2382 τῶν
2547 2332 2840 2383 ἁπάντων·
2901 2333 2996 2385 καὶ
3028 2333 3147 2386 τῶν
3197 2332 3426 2385 ἐλπίδων
3471 2331 3594 2384 αὐτὰ
3619 2329 3674 2381 τὰ

2129 2422 2434 2490 πράγματα
2459 2423 2665 2474 ἐλάττω
2687 2423 2779 2474 καὶ
2803 2412 3111 2492 φαυλότερα
3147 2424 3554 2494 παραγενόμενα
3573 2419 3674 2488 φαί-

2129 2527 2298 2563 νεται.
2335 2510 2443 2561 Καὶ
2469 2509 2531 2562 τὸ
2561 2511 2696 2563 πολὺ
2726 2511 3051 2581 διαμαρτεῖν
3074 2509 3184 2578 τῆς
3203 2510 3415 2571 ἐλπίδος
3456 2506 3668 2574 ἀνιαρόν.

2131 2603 2240 2654 Καὶ
2273 2601 2445 2654 ταῦτα
2483 2603 2546 2670 δὴ
2573 2602 2894 2671 πάσχοντες,
2927 2603 3192 2671 οὖδαμιῖη
3213 2599 3670 2668 ἀπαλλαττόμεθα·

2131 2695 2264 2747 ἀλλὰ
2299 2693 2586 2763 ζητοῦντες
2617 2694 2845 2762 ἥδεσθαι
2889 2697 3062 2765 δπόσῃ
3089 2711 3185 2758 τις
3211 2696 3276 2748 ἂν
3313 2694 3449 2747 εἴποι
3479 2691 3672 2758 σπουδῇ,

2132 2785 2422 2853 ὁσημέραι,
2455 2787 2580 2837 ὅσαι
2632 2779 2791 2856 ὧραι,
2827 2787 3029 2848 πάσαις
3065 2788 3367 2855 μηχαναῖς,
3403 2785 3525 2837 πᾶσι
3571 2780 3673 2846 196—

2136 2895 2278 2942 ποις,
2307 2877 2500 2931 ἔπειτα
2531 2877 2694 2929 πάλιν
2727 2877 2820 2928 τοῦ
2861 2877 3066 2930 σκοποῦ
3107 2877 3440 2930 -τοπλεῖστον
3472 2876 3673 2944 διαμαρ-

2137 2969 2412 3031 τάνοντες,
2466 2967 2676 3030 πάσαις
2711 2967 2983 3033 ἀνάγκαις
3015 2968 3386 3037 ἀσχάλλομεν.
3419 2967 3518 3018 Καὶ
3541 2978 3672 3015 συνε-

467 3064 818 3127 extricamus,
850 3066 943 3118 sed
976 3065 1309 3134 voluptatem
1335 3074 1637 3131 quaerentes
1659 3067 1839 3119 studio
1860 3080 2033 3134 quan-

2139 3061 2249 3130 χῶς
2281 3061 2411 3142 ἡμῖν
2440 3061 2632 3112 τούτου
2681 3058 2775 3111 τοῦ
2807 3060 2984 3112 δεινοῦ
3029 3059 3387 3129 γιγνομένου,
3414 3057 3440 3109 ὃ
3464 3053 3674 3108 δουλείαν

472 3164 530 3208 ιο
561 3156 662 3208 dici
696 3156 935 3208 maximo
968 3165 1146 3222 potest
1177 3156 1436 3221 quotidie,
1465 3157 1692 3222 singulis
1721 3157 1887 3220 horis,
1916 3155 2038 3224 qui-

476 3247 664 3300 husvis
697 3245 1093 3309 molitionibus,
1122 3247 1294 3300 modis
1319 3247 1611 3312 omnibus;
1647 3263 1766 3301 mox
1805 3248 1893 3300 ubi
1923 3248 2040 3316 plu-

471 3341 667 3390 rimum
711 3353 739 3390 a
773 3354 938 3406 scopo
985 3339 1328 3401 aberramus,
1369 3339 1506 3406 ringi
1542 3354 1639 3392 nos
1669 3339 1893 3392 omnino
1942 3351 2039 3393 ne-

473 3445 627 3484 cesse
677 3439 780 3483 est.
836 3432 1012 3499 Atque
1050 3431 1152 3484 hoc
1179 3430 1404 3493 malum,
1437 3447 1561 3484 cum
1592 3431 1856 3484 continuo
1885 3433 2040 3486 nobis

474 3524 705 3586 accidat,
741 3525 880 3592 quod
915 3524 958 3577 si
994 3524 1116 3591 quis
1142 3524 1461 3577 servitutem
1498 3523 1867 3591 appellaverit,
1895 3534 2042 3578 recte

475 3625 602 3664 sane
630 3612 921 3680 loquetur:
959 3611 1085 3665 licet
1125 3613 1358 3681 optanda
1394 3613 1615 3668 libertas
1648 3613 1741 3675 sit,
1776 3623 1830 3666 et
1877 3628 2042 3681 expe-

479 3703 638 3755 tenda
689 3704 936 3757 studiose
987 3704 1325 3766 immunitas,
1362 3719 1458 3759 nos
1505 3715 1683 3758 tamen
1719 3704 1792 3757 rei
1833 3704 2038 3759 demul-

477 3796 656 3848 centis
723 3795 1142 3866 investigatione
1188 3796 1514 3860 detinentur,
1560 3804 1612 3849 et
1663 3797 1826 3863 priori
1866 3797 2045 3852 studio

478 3881 712 3934 studium
759 3882 903 3936 aliud
961 3885 1235 3937 ardentius
1297 3899 1514 3954 Semper
1561 3884 1924 3953 adiungimus.
1967 3887 2046 3940 Ac

479 3970 690 4027 videtur
717 3975 934 4041 quidem
964 3987 1116 4030 certe
1148 3977 1323 4029 dirum
1359 3979 1459 4032 hoc
1489 3978 1638 4031 nobis
1668 3993 1793 4032 esse
1821 3979 2044 4043 malum,

480 4062 837 4132 ignavamque
860 4067 1028 4120 vitam
1059 4083 1250 4122 omnes
1283 4069 1674 4138 vituperamus,
1709 4085 1771 4123 ac
1803 4069 2048 4138 volupta-

481 4155 622 4207 tibus
649 4171 766 4210 esse
800 4157 1063 4223 deditum,
1095 4175 1299 4214 meram
1333 4177 1586 4214 vocamus
1610 4161 1881 4216 insaniam
1908 4179 1923 4218 :
1954 4161 2046 4214 sed

483 4245 694 4299 interim
728 4265 829 4300 non
871 4249 1031 4302 facile
1072 4265 1257 4304 sanam
1293 4251 1358 4302 ad
1393 4257 1624 4304 mentem
1656 4251 1919 4312 redimus,
1951 4266 2049 4305 nec

481 4350 674 4402 sponte
717 4349 898 4390 nostra
946 4339 1262 4394 desistimus
1293 4343 1358 4396 ab
1392 4342 1491 4394 hac
1552 4338 1763 4393 insania
1794 4357 1915 4410 quae
1947 4359 2043 4396 vo-

484 4429 712 4480 luntaria
762 4429 885 4497 jure
921 4441 1286 4498 nuncupatur.
1321 4431 1441 4495 Quo
1473 4433 1614 4484 enim
1647 4442 1804 4499 pacto
1837 4449 1942 4486 non
1979 4435 2045 4488 il-

483 4518 576 4570 hec
600 4517 881 4572 manifesta
916 4518 1077 4572 fuerit
1108 4520 1344 4582 insania,
1371 4522 1413 4574 si
1442 4521 1565 4574 mali
1597 4523 1816 4577 nomine
1841 4535 2050 4580 nosmet

479 4609 770 4678 jactemus,
835 4610 1058 4678 ejusque
1113 4612 1356 4680 vestigiis
1411 4612 1711 4666 insisteudo
1782 4616 2051 4672 nobismet

484 4702 813 4768 placeamus,
865 4719 986 4754 eum
1026 4703 1206 4771 potius
1255 4704 1642 4760 erubescentes
1696 4707 1846 4761 vultu
1897 4710 2050 4777 quasi

488 4803 630 4844 tecto
661 4793 1004 4864 retrocedere
1047 4794 1304 4848 deceret?
1336 4794 1457 4850 Jam
1491 4798 1632 4865 quod
1667 4799 1903 4852 maxime
1940 4817 2054 4853 om-

487 4883 631 4934 nium
661 4885 986 4952 reprehendi
1020 4894 1278 4950 meretur,
1311 4903 1376 4941 ne
1408 4888 1604 4943 damno
1628 4891 1845 4959 quidem
1873 4892 2052 4946 allecti

484 4974 744 5041 sapimus,
779 4977 917 5044 quod
973 4987 1148 5030 tamen
1183 4987 1237 5032 et
1285 4979 1464 5033 stultis
1498 4979 1764 5036 Hesiodus
1808 4984 2055 5037 attribuit

485 5080 605 5117 eum
634 5065 727 5128 ait,
778 5067 1003 5120 stultum
1060 5069 1262 5137 aliquid
1299 5085 1620 5140 perpessum
1652 5089 1866 5141 sapere.
1899 5076 2052 5140 Quod

484 5173 613 5211 sane
648 5161 868 5214 verbum
897 5177 1018 5215 cum
1059 5162 1351 5230 prudenter
1410 5178 1533 5217 esse
1571 5166 1843 5232 prolatum
1877 5168 2051 5220 visum

489 5250 700 5314 fuisset,
737 5266 799 5304 ac
841 5252 1042 5320 szepius
1070 5263 1462 5321 usurparetur;
1501 5256 1722 5308 tandem
1758 5258 2054 5308 confirma-

487 5351 598 5394 tum
631 5343 1000 5410 paulatimque
1025 5345 1415 5412 progrediendo
1445 5344 1494 5395 in
1522 5347 1871 5414 proverbium
1898 5350 2052 5403 abiit.

485 5435 650 5502 Atqui
703 5450 814 5487 rem
858 5436 1014 5503 plane
1047 5450 1148 5487 non
1179 5433 1558 5502 perﬁciendam
1605 5438 1882 5500 molimur,
1909 5440 1954 5494 si
1990 5441 2056 5492 li-

487 5529 726 5580 bidinem
755 5538 806 5580 et
844 5528 1190 5595 eupiditatcn't
1243 5529 1406 5580 animi
1432 5529 1684 5584 cohibere
1714 5533 2054 5600 cogitemus;

488 5619 634 5685 quod
672 5634 801 5670 sane
835 5619 1036 5671 nemini
1084 5619 1322 5670 omnium
1364 5621 1604 5688 ignotum
1636 5636 1758 5676 esse
1794 5625 2053 5677 arbitror.

490 5709 754 5764 Nimirum
789 5721 844 5764 ut
877 5711 1111 5764 crudelis
1145 5709 1371 5777 alicujus
1423 5722 1476 5766 et
1516 5713 1870 5769 inexorabilis
1916 5713 2053 5778 heri,

2138 3169 2220 3214 τις
2242 3151 2433 3215 εἰπὼν,
2459 3150 2635 3219 ὀρθῶς
2665 3168 2728 3218 γε
2754 3150 2973 3213 πάντως
3003 3151 3139 3219 ἐρεῖ,
3178 3150 3296 3203 δέον
3320 3151 3375 3204 ὃν
3403 3147 3676 3213 ἐλευθερίας

2141 3243 2410 3312 ἐφίεσθαι,
2451 3244 2546 3296 καὶ
2602 3243 3071 3308 ἀπαλλοξείοντας
3107 3238 3294 3296 εἶναι’
3352 3244 3500 3311 ἡμεῖς
3543 3239 3592 3291 δέ
3622 3240 3676 3305 τῇ

2142 3333 2368 3403 ζητήσει
2399 3335 2492 3386 τοῦ
2521 3334 2640 3387 τότε
2661 3334 2944 3402 θέλγοντος
2977 3334 3352 3404 κατεχόμεθα,
3372 3334 3455 3386 καὶ
3484 3334 3541 3399 τῇ
3570 3345 3676 3397 προ-

2141 3425 2274 3496 τέρα
2320 3425 2524 3495 σπουδῇ
2575 3425 2770 3496 ἐτέραν
2802 3425 3138 3494 θερμοτέραν
3196 3427 3283 3478 ἀεὶ
3332 3421 3675 3493 προστίθεμεν.

2143 3519 2300 3569 Δοκεῖ
2326 3517 2423 3585 μὲν
2453 3513 2546 3569 οῦν
2592 3517 2765 3570 δεινὸν
2803 3518 2865 3571 τὸ
2897 3517 3092 3579 πάθος,
3134 3519 3240 3570 καὶ
3285 3515 3464 3576 κακῶς
3494 3513 3572 3565 τὸν
3597 3510 3676 3579 ῥᾴ-

2145 3609 2313 3675 Θυμον
2345 3607 2546 3671 πάντες
2572 3608 2805 3676 λέγομεν
2838 3608 2974 3677 βίον,
3029 3609 3122 3661 καὶ
3179 3609 3326 3677 σαφῆ
3363 3607 3546 3676 μανίαν
3567 3605 3678 3654 ἀπο·

2147 3699 2420 3766 καλοῦμεν
2448 3699 2509 3751 τὸ
2534 3703 2653 3762 ταῖς
2677 3699 2892 3768 ἡδοναῖς
2941 3701 3263 3754 ἐκδεδόσθαι
3285 3715 3299 3729 ⁸
3342 3701 3434 3753 οὐκ
3461 3696 3521 3750 ἂν
3538 3692 3676 3748 δ’νεΰ-

2147 3790 2319 3851 κόλως
2350 3790 2747 3858 σωφρονισθείη
2758 3807 2878 3858 μεν,
2897 3790 3004 3842 οὐδ’
3026 3792 3090 3842 ἂν
3119 3792 3343 3852 ἑκόντες
3370 3784 3676 3855 παυσαίμεθα

2146 3883 2378 3948 ταυτησὶ
2407 3882 2508 3949 τῆς
2541 3882 2788 3934 ἑκουσίου
2829 3883 3028 3951 μανίας
3071 3883 3299 3947 δικαίως
3349 3884 3412 3936 ἂν
3441 3873 3674 3945 κεκλημέ-

2150 3991 2266 4042 νης.
2303 3973 2429 4036 Πῶς
2455 3973 2566 4042 γὰρ
2615 3974 2676 4026 οὐ
2714 3974 2882 4043 μανία
2931 3975 3132 4044 σαφὴς,
3167 3977 3299 4028 ὅταν
3327 3969 3674 4040 σεμνυνώμεθα

2149 4063 2226 4131 τῷ
2255 4064 2430 4130 κακῷ,
2458 4064 2553 4116 καὶ
2571 4063 2646 4132 τῷ
2669 4063 2899 4116 κατόπιν
2922 4065 3092 4135 αὐτῆς
3119 4068 3257 4119 ίὲναι
3281 4057 3673 4134 φιλοτιμὼμεθαν

2151 4152 2360 4221 πρέπον
2387 4151 2446 4204 δν
2470 4153 2837 4222 ἐρυθριῶντας
2860 4154 3235 4207 καλύπτεσθαι
3259 4155 3352 4206 καὶ
3379 4149 3674 4219 ὑποχωρεῖνὶ

2153 4245 2227 4298 Τὸ
2253 4245 2308 4296 δὲ
2335 4246 2552 4300 πάντων
2589 4247 3000 4314 σχετλιώτατον,
3032 4249 3151 4302 οὐδὲ
3182 4249 3310 4316 γοῦν
3338 4246 3582 4302 παθόντες
3607 4255 3676 4302 γι-

2153 4335 2453 4404 νώσκομεν,
2485 4337 2513 4390 δ
2545 4341 2636 4390 καὶ
2664 4339 2876 4407 νηπίοις
2911 4340 3142 4392 δέδωκεν
3194 4340 3430 4400 Ἠσίοδος
3457 4354 3468 4367 '
3496 4330 3673 4387 Παθὼν

2151 4425 2260 4496 γάρ
2290 4444 2353 4479 τε
2383 4427 2621 4492 νήπιος.
2646 4428 2820 4496 ἔγνω.
2864 4430 2973 4481 Καὶ
2996 4431 3054 4482 τδ
3089 4431 3219 4493 ἐπος
3252 4429 3398 4497 ὑγιὲς
3420 4427 3578 4488 δόξαν,
3601 4417 3676 4473 καὶ

2154 4521 2391 4589 συνεχῶς
2425 4521 2736 4588 λεγόμενον,
2782 4521 2968 4573 ἔπειτα
2998 4524 3174 4591 χρόνῳ
3212 4523 3405 4588 παγὲν,
3436 4517 3527 4584 ὀδῷ
3557 4511 3678 4582 βαδί-

2152 4611 2261 4673 ζον,
2289 4613 2365 4672 είς
2387 4613 2690 4680 παροιμίαν
2723 4592 3030 4679 ἐξελήλιῖθε.
3069 4615 3262 4666 Καίτοι
3289 4608 3548 4666 παντελῶς
3574 4602 3680 4666 ἀνὴ·

2153 4723 2286 4758 νυτα
2333 4706 2626 4774 πονοῦμεν,
2683 4710 2879 4774 στῆσαι
2917 4709 3012 4778 τὴν
3075 4708 3369 4775 ἐπιθυμίαν
3408 4699 3677 4771 ζητοῦντες·

2155 4797 2263 4849 Καὶ⁵
2315 4799 2476 4850 τοῦτο
2518 4796 2671 4868 οἶμαι
2713 4799 2915 4868 μηδένα
2957 4798 3239 4868 λεληθέναι
3301 4797 3408 4849 τῶν
3472 4792 3677 4844 πάντων.

2159 4890 2369 4958 Ὥσπερ
2404 4889 2459 4940 δέ
2513 4907 2658 4952 τινος
2697 4889 2851 4958 ὠμοῦ
2889 4907 2947 4941 τε
3001 4889 3375 4959 ἀπαραιτήτου
3429 4878 3680 4936 δεσπότου,

2157 4978 2307 5047 ξίφος
2333 4980 2686 5046 ἐπισείοντος,
2717 4981 2809 5034 καὶ
2832 4981 2900 5032 τὰ
2953 4982 3044 5031 καὶ
3076 4980 3146 5031 τὰ
3192 4979 3575 5033 ἐπιτάττοντοςν
3600 4965 3681 5016 οὐκ

2158 5071 2365 5123 ἔνεστιν
2406 5065 2685 5125 ἀπειθεῖνο
2724 5072 2900 5134 οὕτως
2935 5071 3107 5123 εἴκειν
3141 5073 3345 5129 πάντας
3374 5066 3570 5132 ἀνάγκη
3605 5054 3682 5108 καὶ

2159 5163 2397 5233 τρέχειν,
2432 5165 2554 5218 ὅποι
2583 5164 2650 5216 ἂν
2682 5165 2714 5231 ἡ
2741 5164 2899 5233 ἡδονὴ
2936 5152 3199 5215 νεύσέιεν.
3244 5155 3560 5226 Ἐφεστῶτος
3592 5157 3682 5242 γας

2157 5255 2252 5308 τοῦ
2279 5257 2507 5318 πάθους,
2534 5257 2627 5308 καὶ
2652 5255 3102 5324 διακελευομένου
3153 5253 3230 5323 τῷ
3267 5245 3563 5318 ὑφορμῶντι
3603 5253 3680 5336 τον

2162 5347 2294 5417 παρ’
2326 5351 2461 5415 ἡμῖν
2509 5347 2817 5414 πεφυκότος
2863 5349 2999 5416 πρός
3039 5363 3183 5406 τινος
3212 5337 3495 5396 ἀπόλαυσιν
3521 5347 3574 5384 τε
3604 5341 3682 5378 και

2165 5440 2399 5508 μετοχὴν
2428 5440 2534 5491 τῶν
2560 5438 2861 5491 δοκούντων
2888 5438 3093 5504 ἐφετῶν
3120 5433 3277 5494 εἶναι,
3303 5431 3391 5485 καὶ
3422 5425 3543 5494 πρὸς
3572 5420 3680 5470 ἑαυ·

2159 5533 2226 5584 τά
2262 5531 2653 5598 μ’‹οΞ)-κόντων,
2694 5532 2773 5582 ἐτι
2801 5530 2856 5581 δὲ
2901 5525 3388 5598 προσαπειλοῦντος
3421 5514 3678 5599 λυπήσειν,

2161 5623 2209 5673 εί
2252 5623 2326 5688 μὴ
2364 5623 2682 5674 κατανεύειν
2705 5622 3002 5689 ἐθέλοιμεν,
3027 5619 3174 5671 οὐδὲν
3200 5616 3262 5670 ἂν
3291 5616 3372 5678 εἴη
3399 5606 3563 5694 λοιπδν
3585 5599 3682 5694 δια-

2163 5711 2497 5781 πράξασθαι,
2527 5711 2558 5780 ἢ
2595 5711 2890 5780 ἐφέπεσθαί
2924 5727 2980 5762 τε
3009 5711 3101 5763 καὶ
3133 5705 3352 5776 ἄγεσθαι
3374 5738 3388 5765 ι
3423 5692 3548 5751 κατὰ
3575 5697 3680 5740 τους
