3920 6200
284 334 390 398 445

1684 339 1972 413 ORATIO
2004 341 2083 401 IV

3424 343 3530 405 M6

280 451 391 505 ἀπὺ
416 448 515 504 τοῦ
548 449 765 521 χείλους
817 450 1138 521 δεδεμένους
1166 454 1274 507 τῶν
1310 455 1518 520 ἵππων,
1573 456 1671 509 καὶ
1706 473 1864 524 στρε-

1991 457 2058 524 pii
2102 457 2338 526 gladium
2376 458 2576 525 vibrat,
2610 469 2665 515 et
2695 461 2808 516 hmc
2834 469 2996 530 atque
3027 461 3119 515 illa
3152 446 3329 513 facere
3355 459 3533 525 jubet,

280 539 619 610 ϐλουμὲνους
650 543 759 594 τιν)⁵
796 541 960 613 ξύλῳ.
1001 545 1146 613 Πρὸς
1171 544 1278 616 γὰρ
1310 547 1374 616 δὴ
1399 547 1595 600 δάκνον
1628 549 1725 618 ἤδη
1760 565 1864 601 πα-

281 638 373 703 ρον
395 632 681 701 (δάκνεται
703 635 815 704 γὰρ
841 636 868 685 ὁ
905 636 1195 705 ἐπιθυμῶν
1224 637 1375 705 αὐτῷ
1413 638 1492 706 τῷ
1525 639 1863 710 ἐπιθυμεῖν),

1968 551 2253 618 imperium
2294 568 2548 608 recusare
2574 570 2675 607 non
2713 556 2859 618 licet,
2895 555 2970 608 ita
3002 556 3191 608 cedere
3214 561 3439 606 cunctos
3478 561 3533 605 et

1965 654 2191 694 currere
2224 656 2443 696 necesse
2493 654 2579 696 est
2618 659 2949 711 quocunque
2993 644 3241 712 voluptas
3270 643 3530 695 innuerit.

279 724 375 777 καὶ
401 724 546 795 πρὸς
600 725 836 794 ἀπειλὴν
875 727 1064 779 κακῶν
1096 728 1338 797 (ἀπειλεῖ
1366 731 1476 799 γὰρ
1495 731 1558 784 τὸ
1595 731 1867 799 ποθούμε-

1991 732 2175 799 ὶιιὶρρο
2206 748 2325 787 cum
2363 736 2557 787 malum
2585 735 2756 803 ipsum
2786 751 2884 790 nos
2913 743 3086 803 urget,
3114 745 3163 787 et
3189 733 3531 802 appetentem

278 831 368 867 νον
388 815 733 879 ἀποπνίξειν,
758 818 812 869 εί
838 817 905 886 δὴ
927 820 1209 883 παντελῶς
1240 822 1563 890 ἀποσταίη),
1606 823 1697 875 καὶ
1731 823 1869 891 πρὸς

280 904 401 975 βίαν
433 906 632 976 ἡδονῆς
659 906 736 973 (τί
762 907 873 978 γάρ
904 911 1141 980 ταυτησὶ
1179 911 1482 981 βιαιότερον
1505 914 1567 980 ;),
1600 917 1697 968 καὶ
1730 915 1868 981 πρὸς

280 998 636 1068 παράκλησιν
669 999 849 1052 καλῶν
880 1001 1220 1071 φαινομένων
1246 1003 1458 1073 (ὥσπερ
1487 1003 1596 1073 γὰρ
1628 1004 1872 1072 αὐτόμα-

279 1107 347 1143 τα
380 1090 568 1144 πάντα
618 1088 760 1142 είκει
789 1094 856 1160 τῇ
897 1092 1008 1144 τῶν
1049 1092 1232 1147 καλῶν
1264 1094 1409 1163 θέᾳ),
1458 1096 1552 1147 καὶ
1579 1095 1869 1147 συνελόντα

283 1184 484 1246 είπεῖν,
516 1181 658 1251 πρὸς
693 1182 871 1253 ὁρμὴν
895 1185 994 1251 τῆς
1027 1185 1246 1251 φύσεως
1274 1186 1379 1240 ὑπὸ
1406 1186 1679 1240 τοσούτων
1714 1189 1872 1253 ἐφελ-

282 1276 555 1344 κομένην,
586 1279 674 1340 τίς
701 1278 846 1330 οὕτω
880 1277 1166 1347 σιδηροῦς,
1206 1280 1294 1342 τίς
1340 1279 1592 1346 ἀδάμας,
1630 1279 1705 1342 ὡς
1739 1280 1868 1348 μέλ-

282 1367 399 1421 λειν
421 1368 640 1437 ἑδραῖος
663 1370 1027 1438 φανήσεσθαι,
1046 1370 1183 1424 ἀλλὰ
1209 1372 1283 1441 μὴ
1301 1372 1757 1434 καταπεσεῖσθαι,
1778 1373 1872 1425 καὶ

284 1458 583 1523 διαπαντὸς
614 1461 829 1512 κεῖσθαι
862 1459 1248 1530 βουλήσεσθαι,
1285 1463 1385 1530 τὴν
1413 1462 1705 1531 διόρθωσιν
1734 1479 1874 1514 παν-

283 1550 531 1602 τάπασιν
561 1551 874 1617 ἀπογνούςς
922 1552 1067 1604 Ἀλλ’
1097 1552 1125 1605 δ
1147 1554 1209 1619 δὴ
1237 1553 1622 1623 χαλεπώτερον
1653 1556 1745 1606 καὶ
1773 1571 1877 1605 πα-

288 1640 575 1708 ραμυθίας
609 1641 906 1712 ἀνώτερον,
937 1643 1032 1696 καὶ
1058 1643 1280 1696 ἀνίατον
1304 1644 1491 1707 κακὸν,
1516 1644 1570 1696 τί
1595 1644 1670 1714 μὴ
1695 1644 1871 1711 λέγω;

285 1731 552 1785 Ἐπειδὰν
582 1735 694 1802 γάρ
724 1735 817 1787 καὶ
841 1733 1101 1803 τύχωμεν
1129 1734 1238 1788 τῶν
1270 1735 1462 1803 ἡδέων,
1493 1737 1589 1791 καλ⁸
1614 1737 1713 1804 τὴν
1736 1735 1875 1802 ἀγα-

287 1821 388 1889 θὴν
421 1822 743 1891 νομίσωμεν
774 1824 948 1894 τύχην
999 1827 1147 1893 ἡμᾶς
1181 1826 1668 1896 ἐπιδεδημηκέναι,
1713 1826 1874 1896 μόγις
1910 1810 1949 1864 Β

287 1912 374 1976 δὲ.
402 1915 498 1967 καὶ
526 1915 618 1968 διὰ
646 1916 865 1985 χρόνου,
896 1918 1102 1986 ταχέως
1129 1917 1272 1984 ἄγαν
1304 1919 1629 1987 ἀφίπταται,
1662 1921 1757 1973 καὶ
1782 1919 1877 1971 λυ-

292 2007 390 2056 πεῖ
410 2006 491 2074 τῷ
513 2007 820 2075 ἀφεστάναι
855 2007 1037 2078 πολλῷ
1074 2024 1137 2077 γε
1177 2009 1401 2076 μᾶλλον,
1426 2011 1459 2080 ἢ
1487 2011 1772 2078 εὐφραίνει
1801 2010 1878 2080 τῷ

289 2099 579 2164 παρεῖναι.
609 2099 673 2151 El
699 2099 745 2151 δ’
771 2101 1140 2168 ὲπιμήκιστον
1169 2100 1446 2171 διαρκέσει
1469 2100 1684 2170 χρόνον,
1713 2099 1878 2154 λυπεῖ

288 2188 375 2257 τῷ
404 2189 574 2257 κόρῳ.
610 2190 907 2259 Πλησμονὴ
935 2191 1069 2260 γὰρ,
1108 2190 1215 2261 ἔφη
1247 2209 1353 2254 τις,
1383 2193 1494 2244 τῶν
1522 2208 1585 2259 γε
1622 2193 1880 2247 τοιούτων

290 2282 582 2334 ἁπάντων.
611 2280 771 2345 Εἱκδς
802 2282 845 2333 δ’
876 2283 944 2334 ἂν
976 2283 1085 2352 εἴη,
1108 2285 1207 2351 τῆς
1257 2283 1412 2352 δόξης
1439 2286 1879 2352 μετατραπείσης

289 2373 376 2435 είς
403 2373 744 2435 τούναντίον,
797 2372 906 2426 ἀπὸ
940 2373 1041 2442 τῆς
1090 2375 1308 2444 πείρας,
1349 2375 1522 2444 μείζω
1575 2377 1677 2443 τὴν
1704 2374 1881 2445 λύπην

294 2460 445 2516 εἶναι
476 2463 579 2530 τῆς
603 2464 943 2535 εὐφροσύνης
967 2482 980 2496 ·
1014 2466 1106 2518 καὶ
1131 2465 1231 2534 τῆς
1259 2465 1550 2534 φθασάσης
1576 2467 1767 2537 ἡδονῆς
1792 2467 1883 2520 τὸν

295 2554 662 2622 ὲπιγεγονότα
696 2557 967 2624 κρατῆσαι
1008 2546 1336 2624 μετάμελον,
1367 2557 1462 2608 καὶ
1483 2556 1884 2627 πλεονεκτηθῆ-

292 2662 392 2696 ναι
424 2646 516 2697 καὶ
536 2646 839 2733 ἡττηθῆναι
869 2646 1074 2718 ταύτην
1104 2648 1338 2702 ἐκείνου.
1366 2649 1440 2701 Τὸ
1468 2650 1576 2717 γὰρ
1616 2648 1714 2718 ήδὺ
1745 2647 1883 2717 μετά

294 2738 398 2788 τὸν
427 2736 593 2806 κόρον
625 2740 962 2807 ἀνιαρὸν,ὡς
994 2742 1300 2810 εἰρήκαμεν
1320 2760 1333 2772 ι
1371 2742 1466 2794 καὶ
1498 2739 1721 2809 ἀλγύνει
1749 2740 1883 2806 μᾶλ-

292 2830 395 2881 λον
427 2830 490 2882 τὸ
527 2832 868 2900 ὑπερϐάλλον
896 2833 993 2900 τῆς
1026 2833 1372 2903 πλησμονῆς,
1405 2832 1438 2902 ἦ
1472 2834 1884 2903 παραμυθεῖται

293 2923 365 2973 τὸ
405 2922 627 2993 μέτριον
652 2924 753 2993 τῆς
805 2926 1046 2995 τρυφῆς·
1089 2928 1183 2978 καὶ
1214 2925 1376 2978 λυπεῖ
1415 2927 1475 2977 τὸ
1500 2925 1885 2994 διαρκέστερον

293 3013 408 3077 τῆς
436 3014 725 3077 ἀπουσίας,
757 3015 790 3084 ἢ
819 3015 1104 3085 χαρίζεται
1146 3019 1178 3087 ἡ
1212 3017 1513 3087 παρουσία,
1542 3017 1616 3079 ὡς
1654 3016 1888 3085 τάχιστα

1971 833 2181 877 naturae
2210 837 2407 880 nostra:
2438 838 2645 896 partem
2682 827 3001 879 exhortatur
3029 829 3093 879 ad
3127 826 3435 880 t‘ruitioncm
3470 841 3533 878 ac

1972 915 2441 981 participationem
2493 916 2723 980 alicujus
2768 930 3068 983 eorumque
3103 915 3352 968 videntur
3378 929 3540 982 expe-

1972 1007 2154 1067 tenda,
2192 1015 2247 1059 ct
2274 1008 2337 1058 ad
2372 1021 2429 1059 se
2460 1006 2787 1073 pertrahunt
2842 1021 2903 1059 ac
2942 1007 3193 1069 invitant,
3225 1013 3278 1056 et
3322 1015 3535 1072 βιαιοτ-

1972 1112 2032 1152 ea
2094 1096 2331 1151 dolorem
2370 1098 2654 1152 allaturum
2690 1114 2749 1154 se
2796 1098 3037 1151 minatur
3069 1099 3122 1150 ni
3172 1098 3398 1151 velimus
3443 1096 3533 1148 ad-

1973 1190 2164 1249 ntle're,
2204 1189 2336 1242 nihil
2369 1189 2513 1258 quod
2547 1205 2770 1256 agamus
2806 1190 2952 1243 aliud
2988 1196 3154 1242 restat
3180 1202 3339 1257 quam
3371 1196 3430 1240 ut
3461 1202 3541 1240 se-

1974 1291 2313 1348 quamur,et
2367 1280 2635 1334 ducamur
2695 1281 2910 1335 illorum
2956 1296 3217 1349 equorum
3269 1294 3420 1331 more
3453 1278 3561 1345 qLi’

1976 1367 2131 1424 labro
2161 1374 2613 1441 constringuntur
2649 1384 2702 1428 et
2744 1373 2893 1442 ligno
2924 1375 3160 1441 quodam
3201 1380 3540 1439 torquentur.

1975 1460 2108 1514 Nam
2139 1464 2205 1515 ad
2233 1463 2283 1516 id
2322 1465 2466 1532 quod
2492 1466 2602 1531 jam
2634 1480 2878 1534 praisens
2909 1465 3119 1517 mordet
3154 1463 3376 1532 (quippe
3403 1476 3550 1513 mor-

1976 1568 2096 1608 sum
2134 1557 2423 1624 qtu-mdam
2454 1559 2612 1611 sentit
2652 1559 2718 1623 is,
2755 1558 2843 1623 qui
2877 1558 3109 1626 appetit,
3155 1571 3220 1609 eo
3253 1555 3372 1623 ipso
3402 1554 3546 1621 quod

1978 1649 2204 1716 appetit)
2244 1657 2297 1701 et
2324 1651 2391 1704 ad
2419 1650 2566 1719 ipsas
2602 1650 2861 1703 malorum
2891 1649 3071 1703 minas
3105 1651 3250 1717 (nam
3287 1655 3549 1701 enecatu-

1982 1756 2101 1794 rum
2144 1756 2203 1795 se
2232 1741 2467 1793 minatur
2501 1740 2552 1794 id
2584 1743 2728 1809 quod
2768 1741 3061 1809 expetitur,
3095 1740 3138 1793 si
3177 1738 3398 1809 omnino
3440 1754 3545 1789 non

1979 1834 2324 1901 impetretur)
2363 1845 2415 1887 et
2467 1834 2534 1885 ad
2570 1831 2871 1900 voluptatis
2918 1832 3024 1886 vim
3069 1831 3219 1899 (quid
3259 1831 3402 1885 enim
3459 1828 3543 1880 illa

1978 1926 2294 1992 violentius)
2323 1933 2374 1979 et
2409 1925 2473 1977 ad
2522 1925 2895 1977 invitationem
2929 1938 3115 1976 eorum
3145 1937 3265 1990 quas
3313 1923 3545 1988 Speciem

1978 2013 2247 2068 bonormn
2279 2013 2480 2066 habent
2505 2013 2709 2081 (omnia
2748 2027 2982 2081 namque
3010 2022 3204 2080 sponte
3231 2026 3326 2064 sua
3357 2010 3554 2064 cedunt

1980 2104 2047 2159 iis
2078 2119 2195 2171 qute
2220 2104 2441 2172 pulchra
2470 2104 2761 2171 videntur),
2784 2115 2839 2157 ut
2868 2104 3186 2157 summatim
3214 2102 3447 2170 denique
3472 2101 3556 2154 di—

1982 2211 2124 2261 cam,
2161 2195 2226 2248 ad
2254 2196 2512 2262 impetum
2556 2206 2783 2263 naturae,
2814 2210 2975 2262 quem
3009 2205 3087 2248 tot
3115 2209 3203 2247 rcs
3240 2192 3553 2260 impellunt,

1980 2288 2105 2373 guis
2136 2288 2269 2338 adeo
2305 2286 2512 2340 ferreus
2560 2285 2726 2340 fuerit
2760 2286 2951 2355 quisve
2997 2295 3105 2339 tam
3143 2283 3550 2346 adamantinos,

1984 2388 2044 2432 ut
2075 2378 2321 2434 stabilem
2357 2394 2417 2433 se
2448 2378 2831 2432 declaraturus
2871 2379 2964 2441 sit,
3008 2392 3071 2431 ac
3102 2392 3206 2430 non
3236 2375 3426 2430 collabi
3456 2390 3557 2443 po-

1988 2472 2115 2536 tius,
2157 2482 2210 2524 et
2242 2481 2505 2539 perpetuo
2533 2455 2719 2539 jacere
2751 2470 2902 2531 velit,
2933 2469 3081 2523 omni
3113 2481 3339 2538 prorsus
3366 2480 3556 2519 emen-

1985 2564 2207 2618 datione
2231 2564 2515 2633 desperata
2538 2563 2562 2616 ?
2582 2560 2699 2616 Jam
2733 2563 2877 2631 quod
2900 2562 3065 2617 etiam
3091 2559 3337 2629 gravius,
3361 2565 3414 2611 et
3439 2571 3561 2610 om-

1990 2670 2109 2709 nem
2144 2664 2300 2708 extra
2330 2640 2728 2708 rorrectiOnem
2756 2652 3015 2720 positum,
3049 2652 3363 2716 malmnque
3392 2662 3557 2714 pror-

1989 2762 2082 2802 sus
2114 2745 2435 2808 insanabile,
2463 2761 2561 2798 cur
2592 2762 2698 2799 non
2737 2744 3054 2813 proferam?
3086 2758 3209 2797 nam
3239 2756 3359 2796 cum
3396 2741 3558 2793 rebus

1988 2837 2249 2909 iucundis
2280 2836 2438 2904 potiti
2475 2850 2687 2897 sumus,
2720 2836 2942 2903 jamque
2973 2843 3224 2902 putamus
3258 2834 3455 2883 bonam
3493 2829 3557 2880 ad

1992 2942 2092 2982 nos
2133 2927 2431 2980 accessisse
2468 2922 2765 2987 fortunam,
2814 2926 2901 2976 vix
2942 2925 2992 2977 id
3040 2923 3259 2991 quidem
3293 2930 3344 2973 et
3395 2921 3555 2985 longo

1991 3018 2256 3088 temporis
2299 3017 2610 3079 intervallo,
2645 3016 2899 3070 celeriter
2940 3015 3228 3069 admodum
3272 3010 3471 3071 avolat,
3508 3017 3563 3061 et

294 3106 458 3176 ἡμᾶς
492 3106 944 3175 παρατρέχουσα.
975 3107 1136 3160 Ὥστε
1166 3109 1226 3160 τὸ
1256 3109 1482 3178 τέρπον,
1506 3108 1587 3160 ἑνί
1614 3125 1690 3178 τῳ
1732 3108 1886 3177 μέρει

1993 3114 2231 3167 discessu
2265 3125 2364 3164 suo
2391 3109 2558 3175 longe
2600 3107 2789 3173 majori
2834 3122 2931 3160 nos
2975 3105 3164 3159 dolore
3199 3100 3358 3155 allicit
3388 3114 3549 3168 quant

294 3196 683 3269 χαριζόμενον
718 3199 796 3268 τῷ
849 3200 1127 3268 παρεῖναι,
1191 3200 1382 3260 διττῶς
1423 3202 1570 3269 ἡμᾶς
1615 3202 1760 3269 ἀνιᾷ,
1811 3200 1887 3269 τῷ

1991 3216 2228 3270 ιιι-ιιιεοῐιε
2255 3199 2544 3255 exhilaret.
2566 3197 2716 3263 Quod
2740 3198 2782 3250 si
2804 3195 3120 3264 longissimo
3140 3192 3400 3259 temporis
3431 3204 3562 3258 spa-

302 3289 390 3358 μὴ
420 3289 856 3358 παραγεγονέναι
885 3291 1123 3361 ταχέως,
1174 3292 1268 3345 καὶ
1298 3290 1376 3361 τῷ
1408 3291 1571 3361 κόρον
1619 3293 1889 3361 ἐμποιεῖν,

300 3378 539 3431 ἐπειδὰν
565 3378 717 3433 ἐλθὸν
743 3381 1000 3452 ὲπιμείνῃ
1019 3399 1036 3415 ο
1070 3382 1118 3433 εί
1149 3381 1205 3434 δὲ
1245 3381 1339 3453 μὴ,
1380 3382 1458 3451 τῷ
1486 3383 1700 3452 ταχέως
1722 3381 1894 3434 ἀπαλ-

301 3470 547 3540 λαγῆναι
592 3473 685 3524 καὶ
718 3473 1055 3541 ἀφεστάναι·
1094 3475 1188 3527 καὶ
1241 3475 1298 3525 ὲν
1352 3476 1570 3543 ἑκάστῳ
1598 3473 1655 3526 δὲ
1687 3474 1893 3527 τούτων

305 3559 481 3612 πλέον
508 3560 570 3613 τὺ
596 3559 794 3614 δάκνον
824 3562 856 3631 ἢ
885 3563 942 3615 tv
977 3562 1056 3631 τῷ
1091 3564 1319 3631 τέρπειν
1342 3565 1401 3616 τὸ
1430 3564 1817 3634 χαριζόμενον.

1991 3293 2065 3345 tio
2088 3292 2268 3355 duret,
2319 3291 2433 3356 ipsa
2465 3288 2548 3342 sui
2584 3288 2842 3341 satietate
2895 3285 3121 3339 molesta
3161 3293 3267 3336 est.
3300 3282 3434 3335 Nam
3473 3280 3549 3331 uti

1991 3382 2216 3453 quidam
2253 3382 2410 3443 dixit,
2460 3380 2769 3455 huiusmodi
2821 3392 3000 3430 rerum
3045 3376 3285 3429 omnium
3342 3373 3565 3427 satietas

1991 3473 2550 3529 est.Consentaneum
2580 3479 2758 3523 autem
2795 3458 2980 3530 fuerit,
3009 3468 3265 3536 opinione
3295 3465 3562 3518 diversam

1995 3565 2049 3619 in
2082 3574 2290 3634 partem
2328 3571 2556 3626 mutata,
2585 3575 2651 3615 ex
2689 3561 2801 3629 ipsa
2827 3558 3047 3628 quidem
3074 3556 3428 3627 experientia,
3464 3555 3564 3606 do—

311 3653 505 3707 lorem
536 3652 727 3707 latitia
762 3654 1023 3723 majorem
1061 3669 1203 3721 esse,
1232 3670 1296 3709 ac
1329 3655 1604 3724 voluptate
1627 3670 1745 3721 quae
1806 3657 2105 3724 praecessit,
2166 3657 2507 3711 subsecutam
2575 3652 2940 3722 paenitentiam
3000 3666 3121 3706 esse
3210 3647 3565 3715 superiorem.

313 3758 376 3801 et
408 3748 478 3802 ab
505 3748 607 3802 liae
638 3747 782 3801 illam
807 3748 965 3818 longo
991 3764 1056 3804 ex
1080 3749 1367 3804 intervallo
1387 3750 1555 3805 vinci.
1579 3749 1734 3814 Quod
1756 3750 1898 3804 enim
1931 3760 2014 3806 est
2038 3753 2251 3819 volupe,
2281 3758 2403 3820 post
2430 3750 2754 3812 satietatem,
2786 3762 2885 3800 ceu
2946 3742 3199 3807 diximus,
3266 3741 3553 3802 molestum

310 3854 388 3892 ac
417 3839 700 3894 ta‘diosum
729 3854 850 3894 esse
876 3840 1036 3905 solet,
1067 3841 1436 3909 maioremque
1467 3839 1709 3894 dolorem
1735 3838 1890 3893 atlert
1929 3840 2017 3893 illa
2043 3840 2207 3893 nimia
2237 3839 2497 3892 saturitas
2521 3852 2683 3905 quam
2707 3837 2952 3902 voluptas
3006 3835 3219 3887 modica
3282 3830 3554 3883 delectet:

312 3930 587 3984 absentia:
616 3932 850 3999 denique
895 3931 1220 3998 diuturnitas
1281 3931 1399 4000 plus
1475 3931 1711 3986 tristitia:
1762 3930 1918 3985 uobis
1995 3930 2191 4000 ingerit
2232 3944 2401 3998 quam
2442 3929 2566 3981 boui
2619 3928 2911 3994 praesentia
2952 3925 3238 3993 largiatur,
3272 3921 3560 3974 celerrime

310 4039 426 4080 nos
455 4035 831 4091 prastervecta.
868 4023 987 4090 Quo
1021 4026 1098 4091 tit,
1153 4034 1210 4078 nt
1240 4026 1384 4094 quod
1431 4025 1679 4090 delectat,
1727 4026 1884 4078 unica
1926 4033 2130 4078 tantum
2157 4038 2213 4076 re
2239 4023 2374 4092 grati
2402 4022 2528 4089 quid
2560 4021 2715 4074 nobis
2746 4020 2976 4076 faciens.
3007 4018 3134 4070 dum
3202 4015 3377 4094 adest,
3448 4025 3567 4061 mo-

312 4120 483 4173 lestia
509 4119 746 4173 vicissim
775 4118 976 4187 duplici
1012 4118 1231 4182 alliciat,
1265 4127 1379 4171 tum
1411 4118 1552 4186 quod
1598 4118 1761 4172 citius
1817 4133 1921 4170 non
1999 4117 2313 4180 accesserit,
2350 4126 2460 4170 tum
2494 4114 2635 4181 quod
2665 4113 2747 4167 sui
2774 4111 3085 4166 satietatem
3120 4108 3322 4177 gignat,
3355 4106 3444 4159 ubi
3471 4105 3571 4159 dc-

313 4219 493 4268 latum
527 4211 591 4264 ad
625 4224 744 4274 nos,
780 4209 988 4264 diutius
1015 4210 1213 4263 durat:
1251 4211 1336 4264 sin
1364 4219 1566 4272 autem,
1598 4209 1762 4263 citius
1786 4208 1975 4262 saltem
2015 4206 2379 4263 abscedendo.
2412 4204 2590 4274 Atque
2622 4205 2675 4258 in
2746 4194 2987 4273 quolibet
3052 4201 3244 4254 horum
3311 4199 3433 4268 plus
3478 4207 3562 4252 est

310 4305 471 4377 quod
508 4306 748 4360 mordeat
784 4320 948 4374 quam
997 4304 1050 4357 in
1095 4303 1460 4357 delectatione
1494 4304 1636 4371 quod
1678 4311 1893 4370 gratum
1932 4301 2022 4356 sit.

396 4401 511 4454 Καὶ
540 4398 713 4452 ταῦτα
742 4400 841 4470 μὲν
866 4416 931 4453 πε
943 4402 997 4470 9i.
1019 4399 1128 4453 τῶν
1154 4397 1525 4480 ἐλπιζομένων
1548 4389 1691 4468 ἡμῖν’
1712 4398 1884 4467 ἡδέων

2084 4396 2151 4451 Ει
2188 4398 2302 4451 haec
2331 4396 2550 4466 quidem
2588 4394 2654 4448 de
2679 4395 2747 4449 iis
2776 4396 2935 4448 rebus
2957 4392 3214 4461 jucundis
3245 4407 3361 4461 qua:
3392 4391 3443 4444 in
3477 4408 3576 4444 ex-

313 4494 353 4563 ἢ
380 4492 495 4544 τῶν
532 4492 608 4561 μὴ
646 4491 822 4561 πάντη
860 4490 1117 4561 βεϐαίων,
1154 4493 1203 4544 εί
1255 4491 1352 4544 καὶ
1399 4493 1622 4558 παρεῖεν
1652 4507 1665 4520 ’
1700 4491 1828 4558 περὶ
1852 4489 1908 4542 δὲ

310 4583 436 4637 τῶν
463 4583 568 4652 ἤδη
604 4584 892 4653 παρόντων
927 4582 1119 4652 συχνόν
1150 4599 1212 4651 γε
1261 4582 1533 4652 δήπουθεν
1567 4583 1780 4651 χρόνον,
1815 4581 1908 4634 καὶ

311 4676 414 4730 διὰ
438 4673 599 4728 τοῦτο
627 4673 1003 4745 νομιζομένων
1031 4675 1303 4745 μηδέποτε
1331 4674 1764 4745 μεταϐήσεσθαι,
1794 4672 1911 4725 ἀλλ’

316 4766 551 4820 ἔσεσθαί
597 4783 658 4833 γε
689 4764 919 4835 ἑδραίων
972 4768 1039 4837 τῇ
1072 4767 1408 4841 παρεκτάσει
1445 4764 1645 4828 παντὸς
1680 4764 1823 4834 βίου,
1850 4765 1906 4816 τί

318 4860 395 4913 ἄν
410 4874 500 4919 τις
528 4855 704 4921 είποι;
728 4856 791 4910 Ei
815 4856 923 4926 γάρ
949 4875 999 4909 τι
1026 4856 1231 4910 τούτων
1257 4856 1552 4910 ἀποϐαλεῖν
1568 4858 1692 4920 τοὺς
1716 4873 1914 4925 κεκτη-

323 4944 531 5015 μένους
561 4945 801 5014 συμϐαίη
835 4945 1149 5013 (συμϐαίνει
1180 4945 1237 4998 δδ
1271 4944 1558 5013 συνεχῶς),
1593 4943 1760 5013 βαϐαὶ⁹
1786 4944 1912 4996 ὅσον

321 5036 632 5105 ἀφόρητον,
688 5037 782 5090 καὶ
842 5036 1052 5102 πεῖθον,
1109 5036 1207 5106 τὴν
1239 5036 1446 5104 ζημίαν
1480 5036 1556 5104 μὴ
1613 5034 1911 5104 φέροντας.

322 5127 702 5198 διαφθαρῆναι
732 5130 801 5199 τῇ
826 5126 1005 5197 λύπηῐ
1059 5126 1223 5180 Ὥστε
1257 5126 1319 5179 τὸ
1349 5126 1451 5189 τῆς
1483 5126 1679 5197 ἡδονῆς
1710 5124 1904 5195 χρῆμα

323 5225 413 5282 εἰς
436 5221 750 5273 τούναντίον
772 5222 907 5290 ἡμῖν
931 5218 1301 5289 περιίσταται,
1334 5219 1430 5272 καὶ
1459 5219 1525 5271 δι’
1553 5217 1723 5288 αὐτὴν
1745 5218 1819 5280 ὡς
1844 5212 1913 5270 τά

328 5312 512 5365 πολλᾶ
556 5312 618 5364 τὸ
644 5311 999 5364 λελυπεῖσθαι
1041 5311 1356 5380 συμϐαίνει.
1392 5310 1468 5362 Οὐ
1508 5311 1613 5379 μὴν
1641 5310 1778 5363 ἀλλὰ
1819 5309 1913 5361 καὶ

323 5404 393 5457 τὸ
422 5404 642 5471 φθονεῖν
673 5402 994 5472 ἠδικηκόσιν
1026 5403 1201 5467 οὐδὲν,
1238 5401 1376 5471 πλὴν
1403 5403 1484 5455 ὅτι
1510 5402 1713 5469 μᾶλλον
1751 5401 1908 5472 ἡμῶν

330 5497 552 5566 τρυφᾷν
584 5495 857 5563 δύνανται,
889 5494 1007 5563 εἴγε
1042 5494 1339 5566 βούλοιντο,
1364 5495 1479 5555 τοῖς
1516 5494 1666 5555 ἰδίοις
1686 5491 1915 5558 ἀγαθοῖς

334 5588 783 5659 καταχρώμενοι,
850 5588 1033 5654 σαφῶς
1092 5586 1302 5639 ἐκεῖθεν
1351 5586 1485 5656 ἡμῖν
1546 5583 1908 5649 ἐπιγίγνεται.

332 5682 551 5749 Σφόδρα
574 5680 684 5748 γὰρ
713 5678 1016 5747 ζηλότυπον
1047 5678 1105 5729 τὸ
1130 5677 1432 5745 φιλήδονον,
1454 5675 1546 5726 καὶ
1571 5674 1782 5743 νομίζει
1814 5674 1914 5741 ζη-

343 5772 602 5844 μιοῦσθαι
620 5775 739 5835 ταῖς
771 5772 972 5839 ὲτηὲρων
996 5768 1353 5826 ἀπολαύσεσι.
1392 5766 1636 5822 Τουτὶνδὲ
1659 5766 1718 5820 τὸ
1744 5766 1914 5829 πάθος

2010 4490 2349 4560 spectatione
2382 4488 2571 4557 positae
2601 4495 2750 4552 sunt,
2788 4486 2869 4540 vel
2905 4487 2970 4538 de
3006 4500 3111 4539 non
3137 4484 3358 4537 omnino
3387 4482 3572 4543 certis,

2010 4581 2137 4635 licet
2162 4580 2362 4634 adsint.
2395 4581 2463 4631 At
2493 4591 2626 4631 vero
2660 4578 2724 4629 de
2760 4576 2826 4631 iis
2860 4592 2978 4646 qua:
3004 4574 3165 4642 longo
3193 4574 3303 4643 jam
3336 4581 3578 4640 tempore

2012 4671 2167 4727 nobis
2205 4666 2423 4731 adsunt,
2457 4668 2687 4734 ideoque
2725 4680 3000 4732 nunquam
3032 4667 3351 4719 abscessura
3388 4672 3553 4731 putat:

2011 4769 2120 4824 tur,
2157 4759 2250 4814 sed
2281 4757 2497 4812 stabilia
2530 4756 2736 4821 futura,
2771 4768 3062 4824 quousque
3092 4768 3151 4807 se
3183 4753 3289 4805 vita
3328 4766 3580 4819 porrexe-

2012 4852 2105 4918 rit,
2139 4850 2400 4920 quidnam
2428 4849 2625 4919 aliquis
2658 4846 2854 4902 dicat?
2888 4846 3091 4915 quippe
3121 4844 3166 4899 si
3201 4844 3500 4914 contingat,
3527 4851 3584 4895 ut

2016 4945 2207 4997 horum
2242 4941 2447 5011 aliquid
2484 4942 2757 5004 amittant,
2786 4939 2876 5008 qui
2907 4937 3224 5007 possident;
3256 4933 3333 5008 (et
3365 4934 3581 4989 coutin-

2012 5036 2089 5106 git
2120 5034 2220 5089 hoc
2255 5050 2385 5088 sane
2427 5033 2762 5104 frequenter)
2820 5031 2974 5086 babae
3004 5044 3167 5099 quam
3215 5043 3276 5082 ea
3332 5043 3419 5080 res
3454 5026 3587 5095 ipsis

2015 5124 2377 5181 intolerabilis
2402 5125 2620 5189 accidit,
2656 5138 2926 5193 quamque
2953 5120 3196 5191 graviter
3230 5120 3499 5177 hortatur,
3525 5127 3585 5169 ut

2013 5232 2133 5270 eam
2168 5217 2439 5285 iacturam
2473 5230 2578 5268 non
2618 5215 2878 5277 terentes,
2913 5211 3196 5265 interitum
3222 5209 3325 5261 sibi
3353 5206 3583 5259 dolendo

2015 5316 2320 5361 arcessant.
2353 5305 2471 5371 Quo
2511 5305 2567 5358 tit
2603 5312 2661 5357 ut
2696 5304 2945 5371 voluptas
2974 5301 3031 5353 in
3063 5298 3401 5355 contrarium
3432 5295 3588 5352 nobis

2015 5398 2194 5459 radat,
2224 5405 2279 5449 ct
2300 5410 2396 5463 per
2424 5410 2542 5448 eam
2572 5393 2893 5464 plerumque
2919 5389 3190 5458 contingit
3218 5399 3275 5441 ut
3303 5384 3581 5441 tristitiam

2016 5487 2386 5556 experiamur.
2436 5485 2579 5551 Quin
2620 5485 2782 5537 etiam
2838 5485 3014 5552 ipsum
3057 5480 3301 5535 invidere
3343 5476 3586 5531 mortalis

2017 5580 2139 5643 bus,
2174 5578 2263 5647 qui
2297 5576 2440 5630 nulla
2478 5591 2534 5629 re
2566 5591 2665 5629 nos
2698 5577 2978 5637 lazscrnnt,
3012 5573 3117 5628 nisi
3149 5571 3290 5641 quod
3320 5570 3584 5636 majorem

2017 5686 2177 5736 quam
2205 5684 2301 5722 nos
2329 5666 2545 5721 deliciis
2580 5667 2765 5720 utendi
2807 5665 3120 5721 facultatem
3154 5663 3355 5718 habent
3416 5661 3461 5717 si
3496 5677 3594 5717 ve-

2017 5763 2135 5829 lint,
2171 5756 2327 5817 bouis
2352 5759 2468 5815 suis
2490 5759 2787 5829 abutendo,
2812 5758 3099 5815 mauil'nSto
3123 5756 3281 5815 nobis
3305 5772 3372 5813 ex
3395 5752 3589 5811 eodem
