3850 6200
474 299 575 363 44Ἱ

1660 312 2052 375 MANUELIS
2092 319 2539 387 PALEOLOGI
3561 346 3649 411 448
3736 298 3741 301 ﬁ

476 415 627 469 fonte
656 415 1039 484 proﬁciScitur.
1081 418 1214 471 Nam
1243 420 1393 489 gravi
1421 420 1670 476 laborant
1694 424 1922 491 invidia,
1946 429 2035 497 qui

2144 435 2349 506 σφόδρα
2372 455 2435 505 γε
2466 439 2670 496 λυποῦν
2690 443 2857 508 ἔστιν,
2884 444 2946 497 ὃν
2976 443 3042 521 av
3072 446 3309 513 σχέτλιον
3325 450 3444 508 ἕλοι.
3462 456 3646 525 Οίμὼτ-

474 505 761 567 voluptarii
828 514 977 569 sunt,
1026 507 1369 578 aliorumque
1426 511 1651 567 delicias
1713 530 1811 584 pro
1864 518 2036 572 detri-

473 604 654 647 mento
680 611 779 648 suo
806 596 1031 654 ducunt.
1064 598 1178 655 lloc
1202 613 1382 657 autem
1409 604 1600 659 vitium
1632 608 1933 664 vehementi
1960 610 2038 665 af-

474 685 636 739 ficere
660 686 848 742 dolore
885 692 1045 757 solet,
1079 694 1123 748 si
1151 709 1310 763 quem
1353 697 1613 752 miserum
1646 700 1919 757 hominem
1948 719 2041 759 oc-

469 778 770 839 cupaverit.
811 777 983 832 Ellicit
1017 782 1160 835 enim
1187 783 1477 852 dupliciter
1504 794 1561 839 ut
1590 787 1783 854 ploret,
1819 804 1919 843 nec
1951 806 2038 846 res

469 864 704 918 aliorum
741 870 1011 923 secundas
1037 886 1192 941 aequo
1238 875 1423 930 animo
1458 876 1658 943 ferens,
1696 886 1751 933 et
1783 895 1910 934 suas
1943 882 2037 935 de-

471 958 605 1011 flens
651 974 944 1016 aerumnas.
982 962 1136 1017 Multi
1164 967 1325 1020 etiam
1365 970 1684 1040 sanguinem
1727 971 1941 1027 illorum
1970 975 2039 1027 lid-

473 1044 661 1100 benter
687 1049 997 1115 hauserint,
1038 1054 1247 1122 quibus
1276 1058 1540 1126 invident,
1574 1077 1674 1117 nec
1700 1063 1847 1131 ipsas
1880 1074 2039 1119 natu-

471 1151 546 1188 ra:
581 1137 725 1205 leges
760 1144 999 1208 reveriti,
1037 1161 1135 1201 nec
1186 1149 1391 1215 ubique
1420 1152 1663 1219 gentium
1702 1152 1884 1218 latas;
1918 1170 2039 1224 quae

471 1230 835 1284 communiter
867 1234 1082 1288 unicum
1125 1238 1381 1305 quiddam
1422 1244 1766 1312 prwcipiunl,
1800 1261 2039 1301 amorem

471 1310 682 1372 scilicet
737 1324 1133 1391 proximorum,
1186 1329 1310 1384 licet
1368 1332 1489 1385 aliis
1543 1334 1867 1402 quibusdam
1930 1353 2036 1392 non

475 1410 662 1475 paucis
687 1413 853 1468 rebus
882 1416 1022 1469 inter
1047 1431 1104 1471 se
1135 1420 1462 1489 discrepent.
1490 1422 1627 1489 Quin
1654 1428 1817 1479 etiam
1846 1428 1892 1481 si
1917 1430 2040 1496 quis

476 1515 664 1555 amore
693 1514 890 1570 motus,
922 1509 1206 1575 cupiditati
1241 1526 1304 1565 ac
1336 1512 1543 1568 libidini
1574 1525 1775 1573 nostra:
1801 1535 1906 1574 non
1938 1522 2039 1575 atl-

476 1590 695 1645 modum
728 1594 967 1651 honesta:
997 1599 1293 1668 obstiterit,
1352 1604 1402 1658 ei
1453 1621 1574 1660 cum
1633 1609 1885 1665 maximae
1931 1612 2040 1667 sint

478 1684 739 1740 habendae
769 1690 977 1756 grati’e,
1025 1708 1123 1746 nos
1163 1695 1468 1752 maledictis
1499 1701 1709 1755 molesti
1742 1720 1952 1769 sumus,
1986 1715 2041 1760 et

476 1774 749 1830 hominem
776 1780 1084 1849 discerpere
1103 1785 1374 1852 volumus,
1411 1791 1651 1858 adeoque
1678 1808 1863 1859 parum
1888 1795 2044 1850 abest
2073 1756 2115 1815 Β

476 1866 605 1931 quin
640 1867 903 1924 devorare
931 1872 1214 1939 cupiamus
1238 1891 1362 1931 vere
1383 1879 1721 1949 diligentem,
1752 1894 1803 1937 et
1832 1900 1949 1938 eam
1975 1888 2042 1940 ob

475 1973 700 2011 causam
753 1961 920 2013 multa
954 1978 1079 2031 erga
1120 1981 1215 2018 nos
1267 1967 1519 2023 libertate
1550 1980 1815 2036 utentem,
1863 1976 2042 2030 diver-

475 2064 617 2112 sum,
648 2066 811 2118 quam
853 2068 951 2122 par
979 2068 1116 2117 erat,
1153 2068 1401 2125 agentes.
1449 2061 1826 2121 Consimiliter
1857 2079 1912 2121 et
1959 2069 2038 2123 illi

475 2142 568 2210 qtti
602 2143 768 2196 libere
799 2160 895 2199 nos
928 2147 1203 2213 admonet,
1237 2165 1420 2204 amore
1452 2152 1737 2221 impulsus,
1771 2168 1833 2210 et.
1856 2158 1944 2226 qui
1973 2159 2039 2213 ti-

477 2235 795 2290 tnidiuscule
833 2238 934 2290 hoc
968 2239 1108 2293 idem
1144 2239 1293 2304 facit,
1329 2243 1640 2308 irascimur,
1671 2249 1813 2316 quod
1843 2250 2040 2304 admo-

479 2328 713 2380 nitiones
760 2327 993 2383 fortasse
1022 2346 1129 2385 non
1158 2332 1394 2387 libenter
1432 2336 1809 2391 admittamus.
1853 2339 1966 2392 lmo
1993 2332 2037 2394 ξι

474 2418 596 2485 quis
645 2419 801 2472 nobis
850 2421 1116 2476 duntaxat
1155 2435 1441 2492 suspectus
1492 2424 1587 2489 sit,
1621 2428 1773 2495 quasi
1822 2428 2038 2483 libidini

477 2518 674 2561 nostra:
699 2511 941 2574 resistat,
969 2512 1097 2579 quid
1123 2526 1226 2564 non
1261 2512 1348 2567 ille
1369 2514 1534 2567 miser
1561 2531 1591 2568 a
1624 2516 1782 2570 nobis
1814 2518 1937 2570 mali
1966 2517 2043 2572 fe-

477 2612 578 2660 ret.
619 2602 845 2654 modoid
882 2601 1139 2668 perficere
1163 2605 1459 2671 possimus,
1496 2606 1901 2674 maximumque
1931 2620 2035 2661 tam

478 2694 574 2761 ipsi
611 2708 772 2759 quam
809 2694 968 2749 rebus
995 2694 1109 2763 ejus
1133 2697 1389 2749 damnum
1421 2697 1548 2750 dare
1572 2697 1595 2749 ’ί
1618 2697 1884 2752 Perfacile
1913 2715 2040 2752 vero

474 2794 757 2849 suspectus
789 2783 1023 2838 habetur
1062 2784 1228 2838 etiam
1286 2786 1331 2839 is
1383 2788 1471 2855 qui
1507 2802 1853 2857 nequaquam
1914 2788 2038 2843 talis

474 2884 578 2935 est,
611 2889 709 2927 nec
735 2876 1002 2943 ejusmodi
1036 2877 1111 2931 rei
1144 2877 1248 2932 sibi
1276 2881 1550 2945 conscius,
1587 2880 1655 2935 ob
1687 2897 1848 2950 quam
1882 2882 2038 2936 volu-

474 2973 593 3033 ptas
621 2966 712 3020 illa
740 2968 995 3036 StISpicax
1031 2971 1173 3037 apud
1204 2986 1305 3026 nos
1334 2985 1456 3025 eum
1483 2974 1806 3028 criminatur
1839 2984 1894 3029 et
1925 2985 2037 3029 tra-

2138 546 2252 583 τειν
2282 531 2391 601 γὰρ
2418 533 2576 605 διπλῇ
2609 537 2880 605 προξενεῖ,
2904 538 3004 599 τάς
3028 555 3087 591 τε
3113 539 3217 592 τῶν
3241 540 3404 597 ἄλλων
3424 547 3646 617 εὐτυχίας

2138 621 2198 672 οὐ
2231 623 2485 691 φέροντα,
2515 627 2605 679 καὶ
2652 627 2750 690 τάς
2781 628 2989 691 οἰκείας
3019 629 3344 700 ὀδυρόμενον
3374 635 3646 707 δυστυχίας.

2140 714 2332 767 Πολλοὶ
2350 717 2443 769 καὶ
2475 718 2583 770 τῶν
2601 720 2851 786 αἱμάτων
2872 720 2984 773 τῶν
3004 721 3095 774 ὑπ’
3118 723 3292 775 αὐτῶν
3312 726 3652 797 φθονουμένων

2140 805 2311 875 ἡδέως
2333 807 2397 860 ἂν
2430 809 2631 876 πίοιεν,
2652 810 2774 863 οὔτε
2802 812 2930 874 τοὺς
2957 813 3054 881 τῆς
3089 814 3295 881 φύσεως
3313 817 3654 887 αἰσχυνόμενοι

2140 897 2357 964 νόμους,
2388 898 2512 952 οὔτε
2547 902 2672 962 τοὺς
2712 902 3023 972 ἅπανταχοῦ
3075 904 3178 971 γῆς
3209 906 3507 974 κειμένους,
3530 909 3584 963 ἓν
3609 928 3655 963 τι

2140 985 2335 1047 κοινῶς
2367 987 2775 1057 ἐπιτάττοντας,
2796 990 2894 1058 τὴν
2925 991 3033 1043 τῶν
3066 992 3297 1061 πλησίον
3311 995 3535 1064 ἀγάπην,
3567 998 3657 1052 κᾶν

2140 1076 2350 1139 πολλοῖς
2383 1095 2525 1131 τισιν
2575 1079 2782 1150 ἑτέροις
2823 1081 2960 1151 πρὸς
3002 1081 3264 1153 ἀλλήλους
3315 1084 3654 1155 διαφέρωνται.

2142 1166 2251 1218 Καὶ
2273 1166 2379 1237 μὴν
2409 1168 2463 1221 ετ
2476 1186 2558 1232 τις
2592 1169 2800 1241 φίλτρῳ
2828 1170 3168 1240 κινούμενος,
3188 1174 3429 1242 ἐμποδὼν
3452 1179 3570 1246 ἡμῖν
3589 1178 3665 1243 γέ-

2141 1274 2285 1309 νοιτο
2314 1260 2412 1323 τῆς
2434 1259 2831 1329 ὲπιθυμίας,ού
2864 1264 3008 1317 πάνυ
3045 1279 3131 1318 τοι
3163 1265 3331 1335 καλῆς
3358 1265 3526 1336 οὔσης,
3558 1269 3661 1321 δίον

2141 1349 2289 1420 αύτῷ
2320 1352 2582 1421 μεγίστην
2631 1354 2836 1407 ειδέναι
2868 1356 2969 1427 τὴν
3014 1358 3179 1426 χάριν
3202 1358 3388 1427 ’ἡμεῖς
3414 1359 3466 1412 δὲ
3495 1359 3658 1413 suarm

2140 1438 2461 1510 κακίζομεν,
2502 1443 2596 1495 καὶ
2653 1443 2941 1514 διαρρῆξαι
3002 1446 3292 1515 ζητοῦμεν,
3352 1447 3539 1517 μικροῦ
3587 1451 3663 1502 καὶ

2141 1528 2451 1581 κατεσθίειν
2499 1532 2883 1603 ἐπιθυμοῦμεν
2922 1536 3014 1589 τὸν
3049 1536 3127 1600 ὡς
3179 1537 3390 1607 άληθῶς
3418 1539 3667 1608 φιλοῦντα,

2142 1619 2237 1672 καὶ
2266 1620 2352 1673 διὰ
2394 1622 2552 1676 τοῦτο
2585 1624 2868 1694 χρώμενον
2914 1628 3081 1698 πολλῇ
3115 1632 3184 1699 τῇ
3222 1630 3354 1700 πρὸς
3382 1633 3520 1700 ἡμᾶς
3544 1634 3670 1702 παῤ-

2148 1711 2331 1782 ρησίᾳ,
2359 1714 2669 1769 τούναντίον
2700 1717 2732 1787 ἢ
2767 1720 3044 1790 προσῆκεν
3076 1724 3212 1791 ήμῖν
3250 1721 3533 1785 ποιοῦντες.
3564 1724 3673 1792 ’ορ-

2145 1804 2410 1874 γιζόμεθα
2432 1808 2488 1860 δὲ
2518 1809 2721 1877 ὁμοίως
2746 1812 2838 1864 καὶ
2864 1812 2941 1879 τῷ
2976 1814 3263 1884 παρρησίᾳ
3290 1811 3463 1882 πολλῴ
3482 1812 3552 1882 τῷ
3572 1813 3675 1880 φίλ-

2143 1912 2276 1966 τρῳ,
2310 1898 2403 1950 καὶ
2426 1898 2514 1968 ,τῷ
2547 1899 2664 1967 μεθ’
2693 1901 2997 1972 ὑποστολῆς
3031 1903 3418 1972 παραινοῦντιο
3456 1905 3573 1966 ἴσως
3607 1904 3674 1972 τῷ

2146 1988 2222 2057 μὴ
2249 1988 2501 2057 δέχεσθαι
2536 1990 2633 2053 τὰς
2657 1994 3007 2062 παραινέσεις
3049 1995 3201 2064 ἡμᾶς
3231 1994 3417 2064 ἡδέως.
3459 1994 3559 2047 Καὶ
3581 1995 3671 2062 μὴν

2143 2077 2192 2130 εί
2225 2078 2384 2146 μόνον
2410 2080 2778 2153 ὑποπτευθείη
2814 2084 3219 2151 προσίστασθαί
3248 2101 3330 2147 τις
3349 2084 3454 2137 τῶν
3484 2082 3674 2138 πάντων

2140 2167 2238 2235 τῆς
2269 2168 2565 2238 ἐπιθυμίας
2595 2173 2749 2241 ἡμῖν,
2802 2172 2853 2225 τί
2915 2173 3015 2226 οὐκ
3060 2174 3130 2227 ἂν
3189 2175 3218 2226 ὁ
3246 2174 3507 2244 δυστυχὴς
3561 2173 3677 2239 παρ’

2142 2258 2301 2326 ἡμῶν
2334 2259 2516 2325 πάθοι,
2566 2262 2684 2313 ἐνὸν
2714 2262 2849 2330 ἡμῖν
2884 2262 3041 2316 τοῦτο
3077 2263 3314 2333 πρᾶξαι,
3366 2265 3458 2316 καὶ
3508 2260 3676 2331 κομιδῆ

2141 2350 2328 2411 κακῶς
2358 2351 2520 2404 αὑτὸν
2566 2352 2659 2405 καὶ
2695 2352 2763 2405 τὰ
2794 2353 2959 2405 αὐτοῦ
3006 2354 3311 2420 διαθεῖναι;
3369 2352 3607 2422 Εὑχερῶς
3630 2350 3677 2402 δὲ

2142 2441 2507 2496 ὑποπτεύεται
2534 2444 2628 2496 καὶ
2650 2445 2678 2496 ὁ
2709 2445 2971 2514 μηδαμῶς
2996 2446 3071 2498 ὢν
3091 2446 3357 2511 τοιοῦτος,
3382 2445 3511 2517 μηδὲ
3529 2459 3680 2496 συνει-

2141 2532 2245 2594 δὼς
2262 2534 2411 2602 αὑτῷ
2443 2551 2493 2587 τι
2515 2534 2778 2601 τοιοῦτον,
2811 2538 2992 2590 ὁποῖον
3022 2537 3085 2589 τὸ
3113 2541 3215 2608 τῆς
3250 2539 3439 2608 ἡδονῆς
3470 2534 3680 2588 ὕποπτον

2142 2622 2305 2674 αὐτὸν
2337 2624 2473 2691 ἡμῖν
2499 2624 2796 2678 διαϐάλλει.
2827 2626 2917 2694 Τῷ
2962 2625 3070 2696 γὰρ
3108 2628 3251 2698 πρὸς
3278 2629 3377 2689 τάς
3400 2624 3581 2695 ἡδονὰς
3603 2639 3681 2675 κε-

2141 2714 2329 2783 χηνότι
2361 2714 2667 2776 εύδιάὸολος
2691 2716 2782 2767 καὶ
2819 2715 2992 2783 φίλος,
3031 2717 3129 2769 καὶ
3162 2716 3219 2769 ετ
3243 2734 3329 2779 τις
3375 2716 3544 2769 πάντα
3566 2716 3681 2779 ἀγα-

2141 2802 2230 2866 θὸς
2264 2802 2455 2873 ἐκείνῳ
2487 2804 2779 2873 νομίζοιτο.
2833 2805 3037 2875 Τυφλοῖ
3070 2806 3186 2877 γὰρ
3237 2806 3383 2875 μάλα
3413 2806 3472 2857 τὸ
3512 2802 3681 2861 πάθος.

2141 2896 2232 2949 καὶ
2257 2897 2358 2949 οὐκ
2390 2898 2454 2966 ὲᾷ
2498 2897 2589 2949 τὸν
2627 2897 2890 2968 λογισμὸν
2939 2898 3110 2970 ὀρθὴν
3173 2899 3479 2965 ἐξενεγκεῖν
3504 2896 3682 2964 ψῆφον.

2142 2987 2253 3040 Καὶ
2311 2988 2409 3056 μὲν
2437 2987 2502 3057 δὴ
2550 2990 2647 3041 καὶ
2677 2990 2902 3059 χρυσίον
2954 2988 3239 3059 ἀθροίζειν
3285 2985 3684 3056 καταδεχοίμεθα,

471 3059 640 3114 ducit.
670 3057 804 3114 Nam
839 3062 931 3129 qui
964 3060 1333 3130 voluptatibus
1371 3064 1569 3130 inhiat,
1603 3067 1743 3135 apud
1771 3081 1895 3122 eum
1931 3082 2035 3137 pu-

2142 3077 2339 3140 ἀδίκως
2363 3094 2423 3129 τε
2454 3078 2550 3131 καὶ
2581 3057 2819 3147 ἀγεννῶς
2841 3080 2987 3134 ἔστιν
3013 3057 3128 3144 ὅτε,
3157 3083 3238 3144 ὼς
3260 3080 3547 3151 δυνηθῆναι
3573 3077 3689 3146 κτή-

476 3152 574 3204 tari
598 3151 758 3205 debet
790 3160 843 3206 et
866 3155 1123 3218 amicum,
1155 3166 1209 3210 et
1239 3158 1502 3225 optimum
1534 3158 1693 3226 plane
1722 3159 1898 3213 virum
1931 3163 2039 3229 peti

2148 3171 2345 3223 σασθαι
2377 3170 2445 3222 τὰ
2464 3170 2599 3240 πρὸς
2635 3171 2827 3241 ἡδονὴν
2861 3173 3174 3242 ἐπιτήδεια.
3209 3173 3282 3228 Ὅ
3306 3189 3364 3224 τε
3394 3171 3498 3239 γὰρ
3526 3167 3690 3229 δοῦλος

472 3241 762 3296 calumniis
799 3242 957 3297 facile
992 3260 1156 3313 posse
1205 3263 1220 3311 ;
1253 3248 1458 3317 quippe
1491 3250 1714 3304 morbus
1749 3250 1839 3306 bic
1872 3253 2045 3307 homi-

475 3346 596 3384 nem
630 3348 955 3402 magnopere
997 3336 1253 3402 ext‘agcat,
1288 3354 1466 3405 neque
1499 3342 1767 3407 permittit
1816 3351 1873 3397 ttt
1908 3347 2044 3401 ratio

477 3433 682 3477 rectam
732 3429 1054 3483 sententiam
1106 3430 1264 3485 ferat.
1327 3431 1594 3487 Praeterea
1650 3450 2041 3508 nonnunquam

478 3518 636 3572 nobis
683 3519 910 3575 minime
941 3536 1104 3591 grave
1132 3533 1235 3588 est,
1271 3538 1460 3577 aurum
1492 3535 1545 3579 et
1573 3526 1778 3597 injuste
1806 3539 1861 3584 et
1890 3540 2043 3585 extra

478 3611 701 3664 virtutis
725 3612 1099 3680 prescriptunt
1124 3614 1398 3683 colligere,
1429 3631 1535 3685 quo
1559 3633 1751 3685 parare
1779 3620 2040 3689 voluptati

476 3701 833 3755 accomodata
869 3705 1163 3769 possimus.
1192 3702 1325 3758 Nam
1356 3708 1444 3773 qui
1484 3708 1812 3777 voluptatum
1842 3712 2044 3766 manci-

475 3792 620 3858 pium
668 3803 769 3857 est,
802 3798 1110 3851 necessario
1166 3801 1412 3866 pecuniis
1444 3802 1682 3871 indiget;
1714 3814 1769 3857 et
1807 3807 1891 3861 cui
1928 3807 2043 3861 col-

473 3880 641 3937 lectio
675 3887 1025 3951 pecuniarum
1071 3889 1121 3941 in
1152 3891 1343 3959 primis
1369 3902 1451 3945 cst
1481 3909 1645 3959 curae,
1673 3898 1854 3950 omnia
1890 3898 2041 3967 cupi-

470 3979 626 4031 ditati
663 3979 960 4034 ditescendi
997 3983 1311 4049 postponit;
1346 3985 1490 4053 quod
1523 3988 1774 4055 equidem
1803 3989 2048 4044 inﬁnito-

475 4087 595 4124 rutn
633 4072 895 4127 malorum
930 4076 1193 4145 originem
1220 4092 1341 4132 esse
1363 4080 1621 4132 arbitror.
1651 4082 1792 4147 Quin
1826 4091 1881 4137 et
1909 4084 2039 4139 illud

469 4164 671 4218 malum
722 4166 877 4219 nobis
919 4169 1141 4224 accidit.
1191 4169 1456 4234 Pleraque
1505 4172 1789 4241 ntancipiis
1842 4190 2042 4230 conve-

468 4255 675 4308 nientia
731 4255 961 4311 facimus
1009 4274 1195 4313 eorum
1242 4260 1655 4315 oblinettdorutu
1707 4279 1867 4319 causa
1919 4282 2041 4333 qua:

466 4344 699 4412 jucunda
752 4355 913 4409 sunt;
949 4347 1246 4415 itidemque
1278 4351 1550 4402 tuordacia
1585 4354 1827 4419 quaedam
1862 4356 2043 4421 perfe—

2144 3260 2254 3314 τῶν
2284 3260 2487 3329 ἡδονῶν
2516 3260 2832 3327 ἀναγκαίως
2862 3262 3038 3315 δεῖται
3094 3263 3428 3332 χρημάτων,
3458 3260 3543 3313 καὶ
3572 3261 3597 3309 ὁ
3639 3254 3693 3308 τὸ

2142 3351 2580 3424 χρηματίζεσθαι
2603 3351 2884 3423 προῦργου
2915 3354 3149 3421 θέμενος
3179 3355 3361 3407 πάντα
3385 3351 3601 3420 δεύτερα
3622 3363 3696 3399 νο·

2148 3443 2294 3512 μίξει
2322 3442 2415 3495 τοῦ
2460 3443 2710 3496 πλουτεῖν
2730 3458 2745 3474 ⁸
2778 3445 2913 3515 ὅπερ
2948 3444 3124 3499 αἴτιόν
3156 3448 3313 3499 ἐστιν
3346 3445 3603 3511 ἀπείρων,
3630 3432 3695 3491 οἴ-

2147 3548 2269 3602 μαι,
2298 3532 2504 3587 κακῶν.
2536 3534 2612 3586 υύ
2643 3534 2749 3605 μὴν
2778 3535 2916 3587 ἀλλὰ
2946 3537 3173 3590 κάκεῖνο
3212 3539 3498 3605 πάσχομεν
3516 3535 3583 3586 τὸ
3601 3532 3698 3584 δει-

2144 3623 2257 3677 νόν.
2312 3624 2499 3679 Πυκνὰ
2531 3626 2600 3678 τά
2657 3626 2867 3691 δούλοις
2925 3628 3216 3696 πρέποντα
3250 3629 3582 3705 πράττομεν.
3616 3625 3697 3675 καὶ

2143 3716 2410 3770 δάκνοντά
2433 3733 2555 3769 τινα
2578 3716 2819 3785 φέρομεν
2846 3717 2956 3771 τῶν
2990 3719 3162 3787 ἡδέων
3196 3720 3387 3773 ἕνεκα.
3420 3720 3525 3773 Καὶ
3561 3717 3699 3768 ἀναιο

2146 3806 2478 3876 σχυντοῠμεν
2509 3807 2793 3872 πολλάκις,
2819 3809 2900 3872 είς
2933 3807 3029 3872 οὓς
3056 3811 3175 3863 οὐδ’
3210 3811 3518 3878 ἀναϐλέψαι
3545 3822 3698 3877 προσ-

2142 3899 2296 3967 ἧκεν,
2324 3897 2434 3949 οὐδ’
2466 3896 2532 3951 ἂν
2572 3898 2826 3952 οὐδέποτε
2861 3899 3188 3970 ἐτολμῶμεν
3247 3903 3360 3969 πρὸ
3401 3902 3495 3952 τοῦ
3523 3898 3701 3952 δουλω⁴

2144 3989 2303 4058 θῆναι
2324 3989 2401 4057 τῷ
2429 3988 2612 4043 πάθει.
2645 3990 2753 4042 Καὶ
2778 3993 2884 4060 μὴν
2911 3990 3089 4060 πάντη
3123 4009 3226 4045 που
3248 3993 3416 4061 δῆλον
3438 3993 3527 4045 τὸν
3551 3990 3701 4057 θυμὸν

2142 4082 2207 4133 ἐκ
2230 4080 2327 4147 τῆς
2354 4079 2651 4148 ἀποτυχίας
2699 4081 2809 4133 τῶν
2834 4081 3146 4151 ἐπιθυμιῶν
3188 4083 3452 4152 φύεσθαι.
3487 4082 3589 4135 Καὶ
3630 4080 3704 4132 ἶνα

2147 4172 2221 4239 μή
2255 4187 2366 4223 τισι
2392 4171 2574 4240 δῶμεν
2616 4171 2750 4240 ὓλην
2780 4172 3128 4239 φιλονεικεῖν,
3162 4177 3333 4244 ἀρκεῖ
3367 4175 3613 4227 τοσοῦτον
3641 4173 3706 4222 sl-

2144 4264 2284 4327 πεῖν,
2316 4262 2391 4324 ὼς
2442 4262 2473 4332 ἢ
2504 4262 2566 4314 τὸ
2600 4265 2706 4315 πᾶν
2738 4264 2830 4315 τοῦ
2865 4264 3063 4334 θυμοῦ,
3111 4266 3143 4335 ἢ
3172 4268 3237 4318 τὸ
3272 4266 3462 4329 πλέον,
3495 4265 3579 4317 διά
3621 4260 3705 4320 τὰς

2140 4352 2336 4421 ἡδονὰς
2367 4353 2636 4420 γίγνεται.
2687 4354 2797 4407 Καὶ
2827 4357 2987 4407 ταυτὶ
3025 4359 3122 4425 μὲν
3162 4357 3391 4411 ἅπαντα
3436 4358 3706 4422 ἀσύμφορα

469 4435 663 4487 rimus.
700 4432 911 4501 διυρὶιιε
937 4445 994 4489 et
1031 4438 1368 4503 imptuleuter
1402 4443 1665 4495 adversus
1685 4457 1779 4495 eos
1807 4436 2039 4511 agimus,

2148 4446 2348 4507 πάντες
2386 4443 2564 4513 ἴσμεν,
2609 4444 2878 4498 ἀκόλουθα
2936 4444 2980 4497 δ’
3014 4445 3106 4499 οὖν
3150 4451 3272 4510 τοῖς
3327 4446 3704 4517 ἡγησαμένοιςο

466 4538 603 4591 quos
628 4538 696 4576 ne
731 4524 944 4591 quidem
977 4526 1174 4579 intueri
1220 4529 1609 4594 conveniebat,
1669 4547 1768 4585 nec
1804 4548 2036 4602 unquam

470 4615 521 4669 id
549 4615 665 4668 ausi
698 4614 990 4669 fuissemus
1024 4616 1206 4671 facere
1239 4619 1390 4687 prius
1425 4636 1587 4690 quam
1628 4622 1730 4677 iste
1765 4639 1861 4676 nos
1893 4640 2039 4679 mor-

470 4710 567 4761 hus
593 4707 644 4759 in
676 4708 993 4761 servitutem
1020 4709 1333 4777 redegisset.
1357 4708 1475 4765 Jam
1531 4724 1585 4768 et
1626 4714 1753 4767 illud
1817 4716 2039 4771 omnino

466 4807 700 4857 ccastat,
739 4797 1077 4851 iracundiam
1130 4814 1194 4851 ex
1254 4800 1607 4857 frustratione
1672 4806 2035 4873 cupiditatum

469 4889 643 4943 Itasci.
676 4890 854 4957 Atque
882 4890 956 4941 uti
992 4891 1205 4944 rixaudi
1234 4894 1514 4946 materiem
1560 4896 1763 4949 nemini
1793 4898 2038 4963 praebea-

468 4993 608 5041 mus,
647 4982 748 5032 hoc
783 4990 988 5033 tantum
1016 4982 1197 5035 dicere
1232 4984 1451 5049 sullicit,
1494 4986 1575 5039 vel
1611 4987 1947 5039 iracundiam
1984 4990 2035 5040 in

467 5071 805 5135 universum,
844 5071 927 5125 vel
963 5072 1152 5139 majori
1183 5090 1244 5126 ex
1284 5083 1435 5143 parte
1481 5086 1699 5143 propter
1732 5076 2039 5144 voluptates

466 5164 747 5215 exsistere.
770 5164 832 5215 Et
867 5164 978 5217 haec
993 5167 1207 5232 quidem
1237 5166 1412 5219 omnia
1443 5168 1745 5236 perniciosa
1771 5184 1890 5220 esse
1930 5168 2040 5222 st-i-

469 5273 590 5309 mus
613 5272 821 5320 atnues,
858 5257 1069 5326 illisque
1088 5269 1452 5312 consentanea
1482 5273 1600 5327 quae
1626 5269 2038 5326 pnecesserunt.

472 5350 681 5403 Etenim
714 5342 913 5418 quibus
963 5351 1217 5418 voluptas
1254 5368 1349 5418 pro
1410 5353 1515 5405 line
1544 5352 1788 5416 ducitur,
1828 5352 1893 5405 iis
1952 5353 2040 5405 illa

471 5443 630 5496 facile
667 5444 977 5511 persuadet,
1012 5452 1068 5496 ut
1095 5443 1329 5497 absurda
1377 5444 1579 5511 qumvis
1612 5448 1897 5510 audentes,
1921 5459 2041 5498 om-

474 5533 561 5589 nia
587 5538 817 5588 molesta
847 5535 1142 5605 gravisque
1179 5534 1477 5601 perferant,
1517 5535 1733 5589 tametsi
1762 5538 1921 5589 valde
1951 5551 2044 5619 no-

476 5628 565 5681 ala
597 5631 705 5683 sint
733 5639 788 5684 et
811 5631 1121 5699 Opinionem
1155 5632 1459 5699 famamque
1497 5647 1601 5685 non
1632 5632 1827 5686 bonam
1857 5633 2042 5687 conci-

478 5720 627 5776 lient.
667 5722 823 5791 Quod
862 5724 909 5780 si
934 5739 1150 5794 aequum
1202 5732 1308 5792 est,
1363 5724 1627 5795 potiorem
1685 5724 1884 5795 ubique
1928 5726 2033 5781 vim

2141 4532 2235 4598 οἷς
2269 4535 2378 4604 γὰρ
2410 4534 2475 4604 δὴ
2515 4534 2665 4597 τέλος
2702 4535 2733 4604 ἡ
2783 4536 2968 4605 ἡδονὴ,
3016 4537 3221 4606 ῥαδίως
3256 4555 3322 4605 γε
3355 4538 3579 4599 τούτους
3608 4534 3713 4585 πεί-

2141 4627 2246 4690 θει,
2272 4627 2451 4680 πάντα
2478 4626 2790 4695 τολμῶντας
2813 4627 2878 4678 τὰ
2910 4626 3110 4694 ἄτοπα,
3142 4629 3335 4682 πάντα
3390 4632 3458 4681 τὰ
3485 4623 3709 4695 δυσχερῆ

2141 4719 2348 4787 φέρειν,
2374 4718 2474 4771 κᾶν
2500 4713 2603 4772 ὦσι
2626 4717 2746 4770 λίαν
2778 4718 3078 4787 ὲπιὸλαὸἧ,
3129 4723 3231 4772 καὶ
3266 4721 3432 4791 δόξης
3468 4722 3566 4772 οὐκ
3591 4721 3715 4784 ἁγα-

2143 4810 2239 4879 θῆς
2265 4812 2518 4882 πρόξενα.
2547 4811 2655 4863 Καὶ
2694 4811 2800 4879 μὴν
2842 4813 2892 4863 εί
2922 4811 3130 4864 δίκαιόν
3162 4813 3287 4868 ἐστι
3320 4812 3603 4882 πανταχοῦ
3629 4811 3714 4861 τά·

2142 4903 2301 4972 ληθὲς
2336 4906 2581 4973 κρατεῖν,
2609 4904 2729 4955 οὐδὲ
2776 4906 2952 4956 ἐκεῖνο
2982 4904 3323 4972 σιωπητέον.
3368 4907 3445 4958 Τὸ
3477 4905 3605 4973 γοῦν
3630 4901 3715 4971 ἡδύ

2141 5010 2199 5046 τε
2232 4994 2327 5045 καὶ
2362 4992 2552 5062 χάριεν
2609 4995 2669 5044 ἐν
2703 4997 2824 5056 ταῖς
2865 4993 3077 5047 ἐλπίσιν
3132 4994 3364 5064 ἔχομεν.
3406 4994 3575 5047 Τοῦτο
3619 4993 3718 5059 γὰρ

2142 5084 2214 5145 ὠς
2242 5085 2307 5136 τὰ
2342 5084 2511 5136 πολλὰ
2531 5083 2801 5150 γίγνεται.
2839 5083 2950 5146 Τὰς
2979 5083 3033 5136 δὲ
3068 5084 3158 5137 διά
3190 5086 3297 5147 τάς
3333 5085 3531 5156 ἡδονὰς
3555 5083 3721 5141 λύπας

2143 5179 2324 5239 αὐτοῖς
2378 5175 2737 5246 καρπούμεθα
2782 5176 2895 5238 τοῖς
2959 5177 3285 5245 πράγμασι.
3340 5172 3721 5242 Συμεαίνειδὲ

2148 5272 2240 5323 καὶ
2273 5268 2431 5321 τοῦτο
2456 5269 2739 5330 πολλάκις.
2765 5267 2984 5320 Μᾶλλον
3010 5270 3114 5339 γὰρ
3141 5268 3571 5340 εὐφραινόμεθα
3613 5267 3725 5329 τζῖς

2144 5362 2378 5421 ἐλπίσιν,
2410 5361 2445 5432 ἢ
2480 5359 2571 5410 ἐπὶ
2591 5358 2696 5410 τῶν
2719 5360 3061 5427 πραγμάτων
3094 5358 3281 5425 αὐτῶν
3327 5350 3599 5418 ἐλθόντες.
3641 5356 3725 5417 Ὠς

2144 5454 2197 5507 εἴ
2214 5471 2297 5514 τις
2332 5453 2477 5505 εἴποι
2506 5450 2844 5519 ματαιότητα
2877 5451 2969 5502 καὶ
3001 5450 3266 5519 λογισμὸν
3317 5451 3560 5503 οὑτωσὶν
3592 5444 3727 5502 εἶναι

2146 5544 2304 5598 τοῦτο
2333 5544 2396 5611 δὴ
2442 5544 2501 5594 τὸ
2536 5521 2665 5611 rapi
2708 5542 2866 5610 ἡμῶν
2900 5542 3261 5609 διωκόμενον,
3301 5543 3367 5594 ού
3413 5541 3722 5594 παντάπασι

2145 5637 2243 5705 τῆς
2274 5633 2560 5703 ἀκριϐείας
2588 5634 2933 5685 ὲκπέπτωκε.
2967 5633 3039 5685 Τὸ
3063 5632 3118 5685 δὲ
3152 5632 3415 5685 ἐναντίον
3441 5632 3541 5701 οὐχ
3572 5630 3728 5683 οὕτω.

2147 5729 2222 5782 Τὸ
2262 5726 2361 5799 μὲν
2389 5726 2495 5797 γὰρ
2532 5723 2627 5796 ἡδύ
2652 5742 2757 5778 που
2791 5726 3243 5798 παραγενόμενον
3275 5723 3381 5794 ὀψὲ
3409 5724 3507 5778 καὶ
3540 5723 3730 5793 χρόνον
