3920 6200
251 301 353 366 449

1655 310 1938 374 ORATIO
1983 312 2079 377 ιν.

3394 320 3504 385 450

253 415 481 482 μήκεσι,
508 413 602 467 καὶ
629 412 901 483 περιόδοις
931 412 1349 483 ἐκτεταμέναις,
1388 417 1611 487 μονονοὺ
1659 436 1828 489 προσ-

1938 419 2182 475 veritatis
2216 435 2357 487 esse,
2392 436 2460 477 ne
2493 421 2544 477 id
2577 422 2791 492 quidem
2826 423 3037 481 silentio
3070 429 3503 497 praetereundum

249 505 590 577 αγορεῦσαν,
640 506 830 576 ὥσπερ
865 508 1107 579 ἀπέπτη.
1142 510 1252 562 Καὶ
1286 510 1344 562 τὸ
1379 510 1830 580 προσδοκώμενον

254 597 573 661 σϐέννυται,
606 599 711 668 πρὸ
732 599 827 651 τοῦ
851 602 1086 668 φανῆναι
1114 601 1332 663 τελέως.
1360 600 1519 654 Οὕτω
1540 603 1676 671 ταχὺ
1697 602 1831 670 πρὸς

251 690 604 759 ἀπαλλαγὴν,
636 692 729 744 καὶ⁸
760 691 915 745 οὐδὲν
939 693 1110 763 ἱερὸν,
1147 694 1298 763 φασί.
1330 692 1403 746 Τὸ
1426 694 1482 746 δὲ
1516 694 1748 761 ἀλγύνον
1770 710 1831 745 τε

250 783 343 832 καὶ
378 780 590 833 λυποῦν
624 782 865 849 νιφάδων
896 784 993 849 μὲν
1035 782 1119 835 ὕει
1144 784 1321 852 δίκην,
1349 784 1567 837 σύνεστι
1596 786 1655 838 δὲ
1683 786 1834 853 διαρο

251 872 539 941 κέστερον,
571 872 842 925 εἰσδύεται
881 873 937 925 δὲ
995 873 1317 944 βαρύτερον,
1373 876 1729 945 προσίσχεται
1774 877 1833 930 δὲ

249 961 669 1029 ἀκριϐέστερον,
701 962 795 1013 καὶ
817 961 1075 1014 τοσοῦτον
1107 963 1300 1017 ἔπειτα
1329 966 1466 1032 μετά
1494 966 1833 1035 δριμύτητος

251 1053 307 1101 τὸ
334 1051 539 1102 ἑαυτοῦ
569 1052 965 1117 ἐπιδείκνυται,
1002 1054 1095 1105 καὶ
1125 1057 1187 1106 τὸ
1220 1056 1414 1108 ἑαυτοῦ
1448 1058 1612 1121 ποιεῖ,
1635 1057 1833 1109 ὁπόσον

251 1142 600 1194 οὐδεπώποτε
636 1142 693 1193 τὸ
725 1146 945 1195 πάντων
996 1144 1217 1213 ἥδιστον
1265 1148 1576 1216 ἐχαρίσατο.
1615 1149 1688 1201 Οὺ
1721 1148 1830 1218 μὴν

253 1231 365 1282 ἀλλ’
393 1236 444 1283 εἰ
484 1232 559 1301 μὴ
590 1234 893 1302 παράδοξον
922 1234 1103 1301 λέγειν
1121 1276 1136 1299 ,
1190 1239 1294 1289 κάν
1326 1237 1475 1306 αὑτῷ
1502 1238 1579 1309 τῷ
1606 1240 1833 1309 ἥδεσθαι

252 1322 418 1376 αὐτοῦ
442 1340 509 1390 γε
550 1324 712 1377 πάλιν
741 1324 905 1379 ἕνεκα
936 1326 1029 1378 τοῦ
1056 1328 1210 1395 ἡδέος
1236 1330 1392 1391 ἀνίας
1430 1332 1565 1400 ὅσης
1601 1332 1834 1401 μετέχο-

254 1433 372 1485 μεν,
402 1416 473 1486 ἣν
508 1417 751 1485 ἀκριϐῶς
782 1416 1189 1488 θεωρήσωμενς
1226 1422 1361 1474 Οὐδὲ
1391 1422 1502 1493 γὰρ
1547 1419 1705 1490 οἴμαι
1747 1424 1833 1476 λε·

250 1508 480 1575 ληθέναι
534 1509 633 1578 τὴν
677 1510 855 1581 ψυχὴν
881 1550 895 1573 ,
926 1510 1001 1574 ὡς
1050 1512 1127 1581 τῷ
1165 1515 1279 1583 ἡδεῖ
1308 1514 1367 1566 τὸ
1391 1515 1635 1584 λυπηρὸν
1662 1516 1830 1583 ἀναγ-

250 1599 424 1663 καίως
470 1600 780 1668 ἀκολουθεῖ,
833 1603 973 1656 κατὰ
1036 1603 1127 1656 τὸν
1166 1605 1487 1674 Ἀρίστωνος
1545 1607 1826 1661 Πλάτωνα.

251 1692 414 1746 Οὕτω
459 1695 576 1756 τοῖς
614 1695 759 1758 ὅλοις
819 1695 1138 1750 πλεονεκτεῖ
1198 1698 1304 1751 τῶν
1360 1699 1454 1767 τῆς
1512 1700 1706 1767 ἡδονῆς
1762 1700 1827 1753 τὰ

250 1786 353 1853 τῆς
424 1786 627 1856 λύπης.
678 1787 785 1840 Καὶ
839 1789 1254 1857 φενακιζόμενοι
1302 1766 1501 1854 πάντες
1536 1766 1598 1844 οῖ
1668 1766 1906 1862 ῥᾳθυ-Β

254 1880 491 1948 μότερον
523 1879 621 1949 ζῇν
648 1880 989 1949 αἱρούμενοι,
1030 1881 1168 1935 ἄλλα
1200 1882 1299 1952 μὲν
1329 1882 1621 1952 διώκομεν,
1648 1884 1832 1947 ἄλλοις

250 1973 304 2026 δὲ
340 1972 713 2041 ἀλισκόμεθα·
759 1975 895 2045 ὅπερ
938 1975 1154 2045 ὁρῶμεν
1190 1981 1497 2047 πάσχοντας
1535 1978 1661 2039 τοὺς
1694 1978 1835 2045 άγαν

251 2065 469 2134 λίχνους
531 2065 641 2118 τῶν
694 2066 1085 2136 θηρευομένων
1136 2070 1355 2137 ίχθύων.
1414 2069 1690 2140 Εὐφρᾶναι
1726 2073 1835 2142 γάρ

248 2157 505 2210 ἐθέλουσι
525 2161 590 2227 τῇ
612 2162 795 2228 τρυφῇ
835 2158 895 2210 τὸ
928 2161 1107 2229 στόμα
1136 2160 1342 2213 καὶτὸν
1382 2161 1604 2232 λαιμὸν,
1634 2164 1755 2216 ἀντὶ
1781 2164 1837 2218 δὲ

249 2251 448 2307 τούτου
506 2251 927 2322 περιπείρουσιν
982 2251 1124 2306 αὒτά
1164 2254 1241 2322 τῷ
1286 2255 1507 2324 σιδήρῳ.
1570 2256 1837 2310 Τοσοῦτον

248 2349 384 2416 ἡμῖν
420 2346 773 2415 περιίσταται
834 2346 971 2415 πρὸς
1018 2346 1330 2399 τούναντίον
1368 2349 1400 2417 ἡ
1436 2347 1619 2419 ἡδονή.
1652 2348 1838 2410 Οὕτως

249 2439 335 2493 διὰ
372 2439 602 2491 πάντων
638 2441 774 2507 ἡμῖν
799 2439 1126 2509 λυμαίνεται
1169 2441 1230 2493 τὸ
1277 2442 1413 2511 πρὸς
1470 2441 1569 2512 τὴν
1626 2446 1837 2513 τρυφὴν

251 2532 572 2600 κεχηνέναι.
614 2532 723 2583 Καὶ
759 2532 845 2584 ἵνα
897 2534 958 2585 τὸ
1012 2535 1121 2587 πᾶν
1162 2536 1401 2604 εἴποιμι,
1458 2536 1601 2604 ὑπὲρ
1638 2536 1837 2605 συχνῆς

248 2623 447 2691 ἡδονῆς
478 2624 574 2675 καὶ
602 2623 796 2676 παθεῖν
824 2627 932 2679 πᾶν
984 2626 1182 2691 ὁτιοῦν,
1217 2626 1311 2678 καὶ⁵
1363 2628 1524 2681 πάνθ’
1552 2627 1688 2694 ὁμοῦ
1719 2630 1835 2681 δια-

247 2716 571 2785 πράξασθαι
606 2717 879 2786 πρόθυμοι
916 2718 1113 2781 πάντες
1149 2721 1337 2789 ἐσμὲν,
1392 2720 1527 2789 μηδὲ
1558 2720 1618 2772 τὸ
1675 2723 1836 2790 τυχὸν

247 2809 391 2877 ὑπὲρ
422 2809 535 2861 τῶν
564 2808 795 2860 δεόντων
826 2808 1254 2879 καταδεχόμενοι
1287 2809 1497 2879 φέρειν.
1527 2810 1635 2863 Καὶ
1659 2811 1835 2877 τέλος,

244 2901 293 2951 εί
315 2900 412 2952 διὰ
444 2899 722 2952 τοσούτων
740 2898 985 2968 ἀνιαρῶν
1006 2899 1100 2950 καλ⁸
1132 2898 1474 2968 τηλικούτων
1498 2898 1683 2952 κακῶν
1711 2898 1835 2968 χρόα

243 3009 318 3061 νῳ
352 2993 453 3045 καὶ
483 2992 645 3060 μόγις
666 2992 837 3059 αὐτὴν
862 2991 1228 3059 κτησαίμεθα,
1257 2992 1524 3061 λαμπράς
1552 3007 1615 3059 γε
1641 2991 1705 3060 δὴ
1734 2991 1833 3051 τὰς

1937 511 2106 568 venit.
2144 513 2738 583 Quidquidjucundum
2768 526 2822 573 et
2876 529 3091 586 gratum
3146 530 3251 583 est,
3313 522 3364 574 in
3410 538 3508 591 spe
3569 506 3573 511 1

1932 610 2142 658 tantum
2173 605 2472 672 habemus;
2504 622 2628 660 nam
2659 609 2761 663 hoc
2800 611 3137 681 plerumque
3202 614 3340 667 solet
3374 630 3510 669 usu-

1933 697 2164 754 venire:
2199 697 2419 753 dolores
2472 707 2681 763 autem,
2749 716 2888 769 quos
2938 702 3278 771 voluptatum
3338 720 3503 758 causa

1936 791 2249 852 toleramus,
2278 790 2455 857 reipsa
2490 789 2841 859 percipimus.
2879 788 3267 860 Saepenumero
3292 805 3345 848 et
3371 796 3501 849 illud

1934 882 2169 948 act-idit;
2206 884 2326 953 plus
2360 883 2503 936 enim
2543 898 2605 937 ex
2638 899 2732 951 spe
2763 885 2943 953 gaudii
3010 887 3283 953 capimus,
3344 904 3503 956 quam

1934 988 2058 1028 cum
2083 976 2148 1027 ad
2180 975 2323 1043 ipsas
2374 990 2462 1029 res
2503 976 2867 1044 pervenimus.
2898 976 3262 1039 Quamobrem
3294 980 3338 1032 si
3384 981 3506 1047 quis

1935 1066 2155 1129 dixerit,
2189 1076 2242 1120 et
2273 1069 2566 1122 vanitatem
2611 1078 2664 1121 et
2688 1068 2886 1122 nudam
2946 1070 3048 1123 hoc
3089 1072 3245 1123 modo
3303 1073 3506 1137 cogita-

1939 1158 2141 1211 tionem
2170 1172 2318 1222 esse,
2380 1160 2525 1228 quod
2588 1169 2870 1227 tantopere
2930 1162 3335 1228 persequimur,
3396 1178 3504 1217 non

1934 1252 2156 1304 omnino
2194 1252 2261 1303 ab
2310 1262 2559 1305 accurata
2592 1252 2667 1305 rei
2737 1252 3088 1307 discussione
3140 1252 3498 1309 aberraverit.

1932 1341 2086 1409 Quod
2126 1352 2304 1395 autem
2332 1342 2460 1395 huic
2505 1358 2534 1396 e
2564 1343 2844 1396 contrario
2882 1345 3194 1412 respondet,
3262 1344 3335 1398 ita
3397 1360 3502 1397 non

1935 1436 2123 1490 habet.
2151 1434 2287 1488 Nam
2316 1434 2460 1501 quod
2493 1434 2686 1501 volupe
2723 1442 2827 1497 est,
2864 1450 2988 1489 cum
3019 1450 3141 1488 sero
3172 1435 3413 1500 tandem,
3449 1444 3504 1487 et

1930 1535 2053 1595 post
2081 1526 2235 1593 longa
2283 1525 2544 1593 temporis
2582 1526 2780 1590 spatia.
2812 1526 3189 1594 quosdamque
3230 1526 3319 1579 diu
3378 1542 3505 1593 pro-

1932 1624 2134 1670 tractos
2165 1617 2448 1679 ambitus,,
2478 1618 2732 1679 accessit,
2768 1617 2929 1670 nobis
2972 1626 3181 1671 tantum
3206 1632 3308 1669 non
3340 1618 3500 1685 quasi

1933 1708 2290 1775 compellatis,
2362 1708 2575 1764 avolat:
2634 1709 2852 1777 etquod
2918 1719 3289 1778 exspectatur,
3353 1710 3503 1776 prius

1934 1801 2476 1869 exstinguiturquam
2503 1800 2741 1869 perfecte
2763 1802 3158 1870 conSpieiatur.
3186 1800 3359 1854 Tanta
3387 1800 3504 1865 ejus

1936 1893 1989 1947 in
2023 1892 2362 1948 abscedendo
2397 1893 2671 1957 celeritas,
2718 1894 2855 1947 adeo
2885 1893 3016 1945 nihil
3041 1902 3124 1947 est
3158 1894 3325 1954 sacri,
3357 1892 3502 1958 quod

1936 1988 2109 2043 aiunt.
2146 1984 2213 2039 At
2244 1985 2506 2055 quidquid
2527 1984 2763 2039 dolorem
2790 1984 2949 2038 affert
2980 1993 3146 2053 atque
3176 1984 3503 2046 molestiam,

1936 2092 1992 2137 et
2023 2082 2329 2136 nimborum
2363 2079 2538 2134 instar
2564 2079 2720 2147 pluit,
2758 2085 2809 2132 et
2845 2077 3002 2132 adeSt
3068 2077 3405 2142 diuturnius,
3452 2088 3506 2129 et

1938 2175 2154 2245 gravius
2180 2182 2444 2242 penetrat,
2487 2182 2539 2225 et
2570 2172 2809 2225 adhaeret
2842 2169 3177 2230 accuratius,
3237 2177 3501 2234 tantaque

1938 2266 2193 2332 deinceps
2216 2280 2339 2319 eum
2364 2262 2663 2317 acerbitate
2716 2262 2821 2313 vim
2856 2276 3007 2315 suam
3034 2262 3285 2327 declarat
3307 2270 3359 2313 et
3389 2262 3505 2313 olli-

1938 2357 2081 2413 cium
2122 2356 2279 2419 facit,
2328 2365 2585 2421 quantum
2620 2368 2686 2406 ne
2715 2352 3108 2421 iucundissima
3144 2352 3361 2420 undem
3420 2366 3507 2403 res

1939 2461 2176 2514 unquam
2203 2443 2577 2498 delectationis
2596 2443 2812 2496 obtulit.
2846 2440 2981 2503 luto,
3021 2443 3065 2496 si
3114 2443 3330 2511 quidem
3396 2457 3506 2494 non

1938 2540 2042 2594 hoc
2076 2536 2320 2592 insolens
2347 2545 2431 2591 est
2463 2536 2694 2604 prolatu,
2729 2536 2779 2587 iu
2804 2535 2920 2605 ipsa
2954 2534 3317 2589 delectatione
3338 2549 3510 2601 quan-

1936 2640 2048 2683 tam
2085 2646 2278 2685 rursus
2329 2631 2505 2698 ipsius
2550 2628 2805 2697 jucundze
2858 2627 2933 2681 rei
2983 2642 3144 2681 causa
3200 2628 3505 2681 molestiam

1938 2722 2296 2791 percipimus,
2329 2722 2371 2774 si
2428 2733 2682 2774 accurata
2748 2721 3189 2773 consideratione
3250 2721 3511 2774 utamur?

1936 2814 2047 2869 Nec
2068 2815 2479 2881 etiim,.opinor,
2526 2814 2873 2878 iguotnmest
2929 2814 3136 2871 animo.
3196 2818 3507 2868 necessario

1935 2904 2229 2973 voluptatis
2262 2904 2512 2956 comitem
2553 2917 2672 2956 esse
2707 2902 2970 2965 dolorem,
3028 2900 3329 2955 secundum
3382 2900 3508 2953 Pla-

1934 3002 2143 3059 touem,
2210 2992 2477 3048 Aristonis
2530 2991 2722 3046 ﬁlium.
2760 2991 2939 3057 Usque
2997 2992 3132 3045 adeo
3175 2991 3507 3059 voluptatem

243 3082 491 3151 ἀμοιϐὰς
510 3083 677 3144 εὐθὺς
702 3083 835 3152 ἡμῖν
865 3082 1184 3136 ἀποδίδωσι.
1213 3083 1469 3151 Γίγνεται
1496 3082 1605 3152 γὰρ
1636 3084 1832 3153 παραί-

1935 3088 2104 3143 rebus
2125 3085 2379 3141 omnibus
2409 3093 2630 3151 superat
2662 3082 2837 3138 dolor.
2872 3081 3092 3137 Necnon
3128 3083 3389 3148 universi,
3414 3083 3508 3150 qui

242 3194 357 3239 τιος
386 3176 489 3230 καὶ
518 3176 719 3242 φθόνου
750 3176 904 3246 παρά
948 3176 1057 3230 τῶν
1089 3176 1289 3241 ἄλλων,
1349 3178 1443 3231 καὶ
1510 3178 1831 3247 νοσημάτων

243 3271 380 3338 ἡμῖν
416 3267 703 3333 πολλάκις,
764 3269 955 3322 καὶτὰ
1017 3269 1184 3340 μυρία
1211 3270 1382 3323 δεινά.
1417 3270 1491 3323 Οὒ
1528 3271 1638 3340 γὰρ
1695 3270 1831 3338 πρὸς

244 3366 301 3414 τὸ
327 3362 618 3431 βέλτιστον
651 3363 863 3431 ἀφορᾷν
926 3363 1079 3431 ἡμᾶς
1128 3362 1386 3425 συνωθεῖ,
1416 3363 1555 3415 ἀλλὰ
1596 3364 1733 3433 πρὸς
1771 3363 1831 3415 τδ

245 3453 449 3520 θέλγον
479 3452 692 3514 ἁπλῶς.
727 3450 979 3505 Τοσαῦτά
1007 3467 1067 3503 τε
1126 3452 1222 3504 καὶ
1276 3451 1448 3509 πλείω
1477 3452 1639 3521 τυχὸν
1680 3454 1831 3514 παρὰ

244 3545 355 3597 τῶν
386 3544 610 3605 πολλοῖς
635 3560 748 3596 τισι
782 3542 967 3613 βέλεσι
1005 3541 1354 3613 βεδλημένων
1382 3542 1473 3611 ὑφ’
1499 3543 1691 3613 ἡδονῆς
1719 3542 1833 3594 δια-

246 3636 570 3688 ίαλλόντων
601 3633 771 3703 αὐτὴν
802 3633 952 3685 ἔστιν
986 3633 1208 3688 ἀκούειν
1237 3647 1249 3664 ’
1306 3634 1356 3686 οἳ
1389 3634 1514 3695 τοὺς
1555 3634 1830 3695 ἐναντίους

246 3727 550 3789 ἀκούοντες
582 3726 794 3793 λόγους,
811 3724 1152 3787 παντοδαπὰς
1180 3725 1485 3793 ἐπάγουσιν
1506 3724 1829 3786 ἀντιθέσεις,

244 3818 731 3891 τυραννικώτατον
767 3817 938 3879 πάθος
998 3817 1169 3886 αὐτὴν
1215 3816 1528 3891 καλοῦιτες.
1562 3818 1655 3867 καὶ
1691 3833 1831 3868 παν-

246 3913 480 3965 τοδαπδν
510 3910 724 3980 θηρίον,
761 3909 856 3963 καὶ
893 3910 1011 3977 ἅμα
1037 3907 1263 3977 ὕφαλον,
1299 3908 1375 3971 ὡς
1404 3907 1514 3961 οὐδ⁹
1547 3906 1613 3960 ἂν
1643 3906 1701 3959 ἒν
1722 3907 1831 3961 τῶν

246 4006 537 4058 ἁπάντων.
576 4001 761 4063 Δόλοις
799 4001 909 4069 γὰρ
937 4001 1050 4055 alet
1074 4001 1280 4070 χαίρει,
1310 4001 1370 4053 ὲν
1396 3994 1476 4062 οἷς
1499 4001 1592 4052 καὶ
1628 3998 1831 4068 μᾶλλον

248 4099 386 4150 πᾶσι
442 4094 773 4165 λυμαίνεται
801 4109 815 4124 ·
878 4093 1123 4162 ὡσπερεὶ
1170 4092 1279 4162 γὰρ
1323 4090 1833 4161 διαζωγραφοῦντες

247 4192 441 4260 αὐτὴν,
534 4186 877 4250 Ὑποδύεται,
935 4186 1092 4254 φασὶ,
1156 4186 1217 4237 τὸ
1274 4189 1625 4255 προσωπεῖον
1686 4185 1830 4238 πάνυ

246 4283 435 4337 πυκνά
485 4280 580 4333 τοῦ
613 4278 777 4333 καλοῦ
816 4295 875 4331 τε
923 4279 1016 4331 καὶ
1077 4278 1431 4339 σννοέσοντος.
1495 4277 1606 4329 Καὶ
1650 4276 1702 4329 τί
1765 4277 1831 4329 ἂν

244 4376 471 4442 πρῶτον
502 4372 751 4439 εἴποιμεν
776 4386 793 4436 ;
818 4369 870 4421 τί
897 4368 956 4421 δὲ
1008 4367 1242 4423 ὖστατον
1271 4369 1361 4433 ;τί
1408 4369 1465 4422 δὲ
1514 4369 1677 4437 μέσον
1716 4366 1830 4419 τῶν

1939 3181 2241 3234 molliorem
2274 3183 2440 3231 vitam
2475 3176 2750 3244 eligimus.
2797 3176 3099 3243 impostura
3132 3176 3369 3241 quadam
3423 3175 3507 3229 lu-

1938 3272 2165 3336 dificati,
2184 3271 2287 3323 alia
2328 3269 2545 3338 quidem
2571 3269 2975 3346 pe‘seqnimur,
2996 3278 3049 3321 al
3087 3268 3208 3321 aliis
3236 3270 3509 3334 capimur.

1940 3367 1989 3420 id
2018 3366 2162 3433 quod
2200 3364 2449 3418 accidere
2469 3361 2713 3415 videmus
2754 3362 2805 3414 in
2835 3361 3143 3427 piscatione
3196 3359 3403 3426 gulosis
3455 3372 3508 3413 et

1938 3458 2109 3510 avidis
2160 3454 2485 3525 quibusdam
2515 3454 2800 3521 piscibus:
2832 3454 3033 3508 etenim
3094 3454 3217 3507 cibo
3276 3453 3510 3507 delicato

1938 3558 1986 3601 et
2012 3563 2074 3602 os
2111 3558 2162 3602 et
2188 3548 2377 3615 gulam
2401 3546 2678 3601 oblectare
2702 3545 2915 3608 volunt,
2967 3544 3061 3599 sed
3094 3545 3212 3597 vice
3230 3559 3386 3598 versa
3414 3561 3512 3615 gn-

1887 3668 1896 3677 υ
1937 3639 2043 3692 iam
2090 3638 2311 3708 aﬂigunt
2336 3638 2517 3691 hamo.
2550 3636 2861 3703 Tantopere
2895 3636 3051 3689 nobis
3110 3636 3384 3691 diversam
3453 3637 3506 3688 in

1936 3742 2146 3801 partem
2192 3730 2442 3796 voluptas
2499 3728 2709 3781 recidit.
2768 3727 2860 3782 Sic
2901 3742 2996 3795 per
3035 3730 3217 3782 omnia
3280 3728 3521 3793 noxium

1937 3824 2095 3879 nobis
2119 3822 2462 3887 est,de|iciis
2498 3821 2732 3874 inhiare.
2800 3821 2977 3890 Atque
3036 3824 3112 3874 uti
3165 3838 3277 3875 rem
3338 3829 3508 3874 totam

1938 3916 2205 3985 aperiam,
2235 3915 2617 3983 plerarumque
2654 3927 2817 3965 causa
2885 3914 3223 3982 voluptatum
3278 3914 3343 3966 ad
3388 3928 3514 3980 per-

1937 4003 2252 4075 petiendum
2277 4003 2510 4071 quidvis,
2548 4002 2838 4070 omniaque
2866 4003 3239 4068 suscipienda,
3273 4005 3505 4072 prompti

1937 4107 1991 4152 et
2022 4096 2229 4151 alacres
2262 4088 2447 4147 sumus
2476 4107 2687 4157 omnes,
2727 4107 2850 4145 cum
2888 4108 2985 4161 pro
3017 4093 3080 4145 iis
3099 4108 3219 4161 qua:
3245 4102 3388 4146 recta
3451 4114 3461 4141 ι
3489 4104 3509 4148 t

1928 4203 2085 4257 ta'qua
2107 4194 2232 4241 sunt
2263 4201 2328 4239 ne
2359 4185 2632 4238 tantillum
2675 4184 2893 4252 quidem
2951 4184 3192 4253 perferre
3234 4186 3509 4239 sustinea-

1939 4292 2081 4333 mus.
2123 4276 2368 4344 Denique
2390 4277 2435 4329 si
2470 4275 2635 4327 tantis
2696 4274 2973 4328 molestiis
3013 4275 3290 4345 tantisque
3347 4278 3507 4332 malis

1940 4369 2181 4435 tandem,
2204 4377 2257 4422 et
2281 4367 2367 4420 vix
2392 4366 2608 4434 quidem
2650 4382 2768 4421 eam
2824 4368 3302 4436 acquisiverimus.
3370 4388 3509 4441 prae-

247 4468 439 4537 ὶκείνῃ
492 4464 630 4534 πρὸς
683 4464 830 4533 ἡμᾶς
879 4463 1255 4531 γιγνομένων;
1314 4461 1437 4524 Πῶς
1479 4460 1545 4513 ἄν
1580 4477 1663 4522 τις
1715 4460 1832 4523 ὅλος

1940 4463 2117 4517 claras
2139 4461 2348 4515 scilicet
2372 4460 2520 4514 vices
2554 4459 2845 4515 confestim
2894 4462 3050 4517 nobis
3074 4464 3271 4518 reddit.
3302 4463 3433 4519 Nam
3455 4477 3508 4521 et

247 4557 471 4623 γλῶσσα
493 4556 807 4623 γενόμενος,
832 4555 959 4613 τοὺς
990 4552 1206 4621 ἐκείνης
1226 4552 1487 4622 τρόπους,
1521 4551 1619 4614 τὰς
1657 4569 1837 4621 μηχα-

248 4648 489 4711 νὰς,τάς
518 4644 748 4707 πλοκὰς,
777 4644 875 4706 τὰς
903 4642 1182 4705 ποικιλίας
1216 4641 1423 4708 ἐξείποι
1451 4659 1466 4707 ;
1518 4642 1695 4711 Πειρᾷ
1738 4642 1835 4712 μὲν

246 4741 423 4794 ἅπασι
458 4739 680 4807 τρόποις
706 4735 1030 4805 ἠδυσμενὴς
1060 4736 1077 4803 (
1110 4736 1185 4797 ὡς
1216 4735 1325 4801 γάρ
1378 4733 1624 4804 ἔμψυχον
1665 4732 1836 4803 αὐτὴν

248 4832 348 4884 νῦν
373 4847 491 4892 πως
510 4830 590 4891 είς
612 4829 779 4898 μέσον
798 4826 1081 4895 ἐξοίσομεν
1108 4832 1148 4888 )·
1172 4826 1423 4896 γοητεύει
1452 4825 1507 4877 δὲ
1534 4825 1650 4887 πῶς
1691 4826 1791 4879 οῖει
1818 4843 1831 4889 ;

249 4920 588 4985 Δελεάζειδὲ
629 4918 933 4987 κακοηθείᾳ
992 4917 1193 4987 ἐσχάτῃ
1221 4933 1237 4950 ·
1289 4916 1385 4971 καὶ
1450 4918 1584 4970 πᾶσι
1625 4915 1835 4984 γίνεται

252 5015 460 5074 πάντα,
492 5010 632 5080 πρὸς
689 5008 1006 5077 ἀνατροπὴν
1056 5007 1161 5058 τῶν
1230 5006 1610 5077 χρηστοτέρων
1662 5004 1831 5074 ἠθῶν.

251 5102 571 5169 Σύμὸουλος
620 5098 954 5169 αὐτόκλητος
1008 5098 1334 5161 ἐπεισι,καλ⁷
1393 5098 1493 5169 τὴν
1547 5097 1835 5168 ῥᾳστώνην

250 5194 637 5261 θαυμάζουσα,
669 5191 889 5253 κακίζει
920 5189 1082 5243 πάνθ’
1122 5188 1158 5242 ἃ.
1187 5188 1406 5241 δίδωσιν
1431 5189 1622 5255 ἀγῶνα
1648 5187 1835 5254 σώμα-

249 5300 305 5336 σι
334 5282 431 5335 καὶ
459 5282 684 5351 ψυχαῖς,
728 5280 990 5334 νοσοποιά
1020 5283 1180 5333 ταυτὶ
1226 5279 1488 5332 καλοῦσα.
1522 5279 1602 5349 Τῇ
1634 5296 1692 5332 τε
1723 5280 1834 5349 γὰρ

250 5375 442 5443 σαρκὶ,
474 5373 550 5441 τῷ
583 5390 642 5426 τε
674 5373 970 5440 πνεύματι,
1001 5374 1202 5441 συχνήν
1242 5389 1365 5424 τινα
1392 5371 1562 5436 ζάλην
1585 5373 1681 5425 καὶ
1738 5388 1833 5424 τα-

250 5442 432 5531 ραχὴν
481 5463 729 5531 ιμποιεῖν
776 5442 918 5512 αύτὰ
952 5461 1126 5527 λέγει,
1168 5462 1264 5513 καὶ
1301 5460 1500 5529 μυρίαν
1532 5461 1833 5529 τρικυμίαν

246 5552 501 5618 ἐπάγειν,
534 5552 630 5602 καὶ
676 5549 911 5618 διηνεκῆ
941 5551 1232 5619 μαρασμδν
1284 5548 1643 5618 ἐργάζεσθαι.
1675 5550 1835 5601 Δοκεῖ

246 5641 309 5695 δὲ
350 5641 493 5693 πάνυ
523 5639 747 5709 πιθανὴ,
784 5640 892 5693 ἀπὸ
925 5639 1017 5693 τοῦ
1042 5644 1111 5693 τά
1147 5641 1349 5712 εὐχερῆ
1414 5643 1701 5710 παραινεῖν
1733 5641 1833 5708 τὴν

252 5733 415 5803 ισχὺν
442 5731 654 5801 ἔχουσα.
680 5730 983 5786 Κολακεύει
1020 5732 1168 5803 μάλα
1197 5733 1601 5804 δουλοπρεπῶς.
1636 5735 1830 5786 Διακε-

1938 4553 2199 4608 invidiam
2239 4552 2395 4605 nobis
2425 4550 2654 4604 aliorum
2700 4553 2978 4619 conciliat,
3019 4563 3071 4607 et
3105 4556 3325 4611 morbos
3371 4571 3508 4622 quo-

1936 4656 2040 4712 que
2071 4655 2483 4709 nonnunquam,
2517 4650 2571 4693 et
2610 4639 2818 4693 infinita
2855 4641 3105 4707 quaedam
3166 4643 3327 4697 mala.
3390 4644 3507 4697 Non

1935 4736 2079 4785 enim
2118 4732 2184 4786 ad
2219 4732 2268 4784 id
2295 4731 2439 4798 quod
2475 4729 2741 4799 optimum
2792 4740 2881 4784 est
2913 4731 3186 4799 respicere
3240 4746 3337 4785 nos
3363 4748 3512 4786 enm-

1938 4821 2112 4890 pellit,
2139 4820 2235 4873 sed
2269 4820 2594 4890 simpliciter
2656 4820 2722 4873 ad
2759 4821 2809 4873 id
2861 4822 3004 4888 quod
3058 4822 3315 4876 delectat.
3375 4825 3507 4876 'I'am

1936 4912 2103 4966 multa
2134 4927 2267 4966 sane
2304 4922 2466 4981 atque
2483 4911 2634 4980 plura
2661 4912 2785 4965 licet
2820 4912 2888 4966 ab
2919 4911 2985 4967 iis
3013 4916 3222 4977 audire,
3255 4915 3344 4983 qui
3373 4917 3511 4969 mul-

1939 5004 2005 5059 tis
2048 5019 2077 5057 a
2111 5004 2387 5072 voluptate
2423 5004 2576 5072 petiti
2615 5003 2836 5071 laesique
2865 5004 3005 5070 telis,
3037 5020 3158 5059 eam
3209 5008 3512 5059 criminan-

1937 5105 2043 5159 tur.
2083 5096 2251 5150 Iidem
2281 5095 2325 5148 si
2386 5095 2628 5149 ratioaes
2674 5096 2981 5150 contrarias
3030 5099 3279 5161 audiant,
3330 5102 3509 5150 varius

1935 5187 2179 5241 vicissim
2208 5185 2545 5253 obiectiones
2577 5186 2838 5249 inferunt,
2871 5188 2996 5238 dum
3039 5201 3157 5239 eam
3226 5188 3506 5242 violentis-

1935 5281 2135 5334 simum
2164 5280 2409 5332 morbum
2444 5279 2739 5346 appellant,
2782 5278 3106 5344 variamque
3162 5278 3418 5343 bt-lluatn,
3453 5293 3507 5331 et

1939 5372 2009 5423 ita
2040 5369 2349 5433 subdolam,
2392 5379 2451 5423 ut
2473 5371 2703 5422 aliarum
2730 5371 2973 5423 omnium
3000 5370 3169 5421 nulla.
3208 5370 3340 5423 Nam
3366 5386 3508 5423 seu.-

1937 5476 2030 5529 per
2062 5458 2343 5512 fraudibus
2375 5472 2427 5513 et
2459 5462 2775 5527 imposturis
2809 5460 3030 5528 gaudet,
3055 5462 3255 5527 QUthS
3309 5462 3362 5514 in
3399 5468 3509 5529 pri-

1936 5552 2041 5605 mis
2070 5566 2189 5605 esse
2222 5551 2384 5604 noxia
2418 5551 2630 5605 cunctis
2681 5552 2845 5605 solet.
2876 5551 3087 5605 Etenim
3143 5565 3261 5604 eam
3330 5556 3507 5623 pictu-

1938 5657 1996 5695 ra
2028 5643 2182 5711 quasi
2207 5641 2443 5709 quadam
2481 5641 2881 5709 exprimentes,
2945 5643 3268 5711 frequenter
3322 5646 3509 5698 admo-

1936 5734 2087 5799 dum,
2116 5733 2389 5804 iuquiuut,
2419 5732 2641 5789 honesti
2662 5741 2825 5803 atque
2848 5735 2996 5791 utilis
3027 5736 3235 5791 larvam
3294 5736 3504 5801 induit;
