3850 6200
427 255 528 322 451

1621 260 2019 320 MANUELIS
2054 260 2500 323 PALIEOLOGI
3530 281 3615 341 452

429 385 485 429 et
503 373 629 441 quid
653 373 908 441 primum,
949 371 1074 438 quid
1102 371 1376 438 ultimum,
1401 372 1533 441 quid
1561 377 1796 428 medium
1824 375 1987 445 profe-

2105 377 2323 430 λεύεται
2364 376 2612 444 φιλικῶς.
2641 379 2990 442 Δεσποτικῶς
3030 379 3327 438 ἐπιτάττειν
3364 388 3456 442 οὐκ
3483 380 3621 447 ἔπαι-

432 481 622 520 remus
651 480 716 518 ex
753 463 819 518 iis
848 478 964 530 qua)
991 463 1148 518 ndbis
1178 464 1245 518 ab
1273 479 1334 518 ea
1361 467 1719 532 proveniunt!
1744 466 1992 533 Quonam

431 559 627 626 aliquis
661 565 839 624 pacto,
879 565 1024 608 totus
1061 557 1112 608 in
1137 557 1376 623 linguam
1405 569 1667 623 mutatus,
1725 569 1779 614 et
1850 569 1996 613 artes

427 649 567 715 ejus,
599 656 654 700 et
675 647 1007 710 molitiones,
1045 658 1097 701 et
1138 649 1310 714 dolos,
1350 657 1401 702 et
1434 651 1701 704 versutias
1731 665 1996 718 exposue-

431 741 541 790 rit?
576 737 747 790 Modis
775 737 1030 791 omnibus
1055 738 1253 792 infesta
1298 739 1473 793 bellua
1530 741 1764 796 sollicita
1828 741 1997 810 (Iubet

427 827 572 878 enim
601 827 744 879 illam
775 827 918 880 velut
968 828 1266 880 animatant
1330 829 1381 882 in
1418 832 1654 884 medium
1703 832 1992 900 proferre),

428 918 730 983 eademque
765 918 963 983 quibus
1017 934 1121 971 non
1174 921 1464 988 przesdgiis
1515 923 1729 975 utitur?
1790 922 1992 992 Malitia

429 1009 663 1070 quadam
698 1019 938 1063 extrema
973 1011 1201 1065 inescat.
1243 1013 1326 1066 Fit
1354 1015 1610 1069 omnibus
1639 1016 1842 1076 munia,
1876 1031 1994 1068 mo-

431 1117 517 1155 res
541 1112 594 1153 ut
619 1104 787 1156 bonos
811 1113 1040 1158 evertat.
1067 1106 1266 1174 Sponte
1288 1123 1402 1173 sua,
1423 1117 1648 1162 vocante
1680 1111 1918 1174 nemine,
1936 1125 1995 1164 se

429 1195 796 1247 consiliariam
827 1195 982 1250 offert
1008 1215 1022 1262 ;
1049 1199 1422 1264 adntirataque
1449 1202 1756 1264 mollitiem,
1782 1205 1993 1268 probris

432 1284 658 1338 incessit
691 1286 871 1339 omnia
907 1304 1025 1354 qua:
1059 1291 1382 1355 corporibus
1407 1301 1460 1343 et
1491 1291 1685 1344 animis
1717 1301 1991 1346 certamen

433 1375 648 1444 aliquod
676 1377 977 1446 imponunt,
1003 1379 1129 1431 dum
1167 1395 1228 1432 ea
1272 1381 1564 1435 morbilera
1592 1393 1887 1451 nuncupat.
1907 1384 1997 1438 Ait

429 1469 575 1519 enim
603 1467 689 1520 illa
712 1478 816 1520 tam
845 1470 992 1520 carni
1011 1485 1170 1536 quant
1202 1471 1674 1537 spirituicrebram
1703 1476 1993 1543 quamdam

430 1566 805 1623 tempestatem
839 1573 901 1610 ac
925 1559 1390 1624 perturbationem
1427 1567 1713 1628 suscitare,
1750 1581 1996 1634 peneque

429 1650 534 1701 vim
570 1649 834 1702 infinitam
865 1649 1121 1704 fluctuum
1159 1652 1378 1716 inferre,
1414 1665 1789 1726 perpetuusque
1851 1660 1992 1712 tabis

428 1758 646 1798 causam
667 1744 993 1797 esse.Sintul
1021 1747 1084 1795 ad
1110 1746 1545 1813 persuadendum
1575 1764 1696 1803 esse
1715 1750 1993 1816 aptissima

429 1839 666 1901 videtur,
710 1853 831 1890 cum
869 1852 932 1889 ex
977 1852 1040 1890 eo
1069 1839 1230 1890 robur
1260 1841 1458 1893 haheat
1515 1843 1659 1909 quod
1712 1843 1778 1896 ad
1814 1842 1990 1897 facilia

427 1930 929 1983 factucohortetnr.
980 1931 1282 1984 Admodum
1341 1933 1601 1986 servilem
1657 1934 1708 1987 in
1775 1937 1991 1990 modum

427 2022 699 2086 adulatur,
729 2031 906 2073 monet
946 2023 1140 2085 amice,
1179 2037 1284 2089 quo
1318 2024 1495 2078 minus
1555 2026 1796 2080 heriliter
1828 2029 1996 2097 impe-

429 2123 528 2176 ret,
557 2115 759 2180 pudore
787 2114 933 2167 nullo
967 2117 1316 2182 pra‘peditur.
1350 2115 1491 2170 Nihil
1515 2131 1596 2172 est
1633 2119 1994 2188 impedimen-

428 2205 487 2265 ti,
510 2205 638 2258 nihil
668 2207 806 2274 quod
831 2216 1035 2266 arceat,
1058 2206 1186 2258 nihil
1219 2211 1360 2275 quod
1393 2209 1569 2263 obstet
1598 2251 1611 2273 ,
1650 2227 1759 2280 quo
1808 2214 1986 2272 minus

427 2297 492 2348 ad
537 2298 906 2350 tiiV‘Jl'SihSill'la
955 2297 1111 2352 facile
1159 2300 1451 2353 transiliat.
1488 2301 1825 2358 Erubescere
1885 2322 1992 2360 non

425 2391 595 2448 novit,
637 2391 976 2443 verecundiae
1011 2406 1074 2444 ne
1098 2394 1314 2460 quidem
1352 2395 1597 2445 meminit
1631 2412 1643 2446 :
1677 2396 1804 2462 quid
1845 2399 1988 2452 enim

425 2482 770 2547 impudentiae
803 2496 1087 2536 commune
1119 2497 1238 2535 cum
1279 2471 1648 2538 verecundia?
1696 2487 1990 2553 Quiescere

424 2574 636 2640 nequit,
675 2589 772 2626 nec
799 2575 940 2626 enim
969 2575 1072 2628 hoc
1109 2575 1226 2643 ejus
1269 2587 1460 2630 natura
1500 2577 1621 2631 fert.
1658 2579 1870 2636 Nullam
1895 2599 1992 2639 nec

423 2666 683 2731 quietem,
709 2681 807 2719 nec
839 2667 1033 2733 otium,
1063 2683 1164 2721 nec
1197 2670 1670 2737 tranquillitatem,
1715 2691 1812 2729 nec
1847 2677 1989 2732 aliud

426 2759 531 2812 tale
570 2759 814 2827 agnoscit
844 2775 857 2812 :
885 2758 1018 2813 nihil
1055 2761 1198 2814 enim
1228 2765 1456 2818 omnino
1489 2766 1698 2821 didicit.
1730 2769 1992 2825 Croeodi-

425 2847 525 2913 los,
545 2849 745 2916 leones,
772 2851 1036 2920 quidquid
1071 2851 1162 2905 ira:
1195 2869 1298 2906 non
1341 2857 1673 2923 moderatur,
1698 2861 1776 2915 vel
1809 2861 1991 2918 furore

426 2941 696 2996 detinetur
720 2981 734 3005 ,
760 2958 998 3010 omnem,
1032 2946 1435 3015 sanguinariam
1476 2950 1733 3015 bellnam,
1773 2955 1989 3011 stimqu

2101 467 2374 536 σχύνεται.
2418 469 2582 521 Οὐδὲν
2608 468 2743 540 αὐτῇ
2773 468 3025 539 κώλυμα,
3050 473 3146 525 οὐκ
3167 469 3364 544 εἶργον,
3395 482 3451 532 οὐ
3480 501 3621 550 πρςσ.

2099 560 2410 626 ιστάμενον,
2441 561 2517 622 ὼς
2561 561 2636 627 μὴ
2689 560 2890 629 ῥαδίως
2925 564 2981 624 ἐς
3013 565 3078 615 τά
3108 566 3451 622 ἐναντιώτατα
3484 591 3625 640 μετα-

2097 650 2293 719 πηδᾷν.
2321 651 2434 703 Οὐκ
2457 647 2598 704 οἶδεν
2626 653 2900 722 ὲρυθριᾷν.
2927 655 3189 724 Αἰσχύνης
3214 657 3327 731 οὐδὲ
3348 660 3590 731 μέμνηται
3615 686 3625 696 ·

2096 740 2148 792 τί
2174 741 2283 808 γάρ
2313 742 2557 812 ἀναιδείᾳ
2590 745 2728 810 πρὸς
2794 743 3062 813 αἰσχύνην
3101 725 3314 812 κοινόνξ
3350 725 3628 822 θ’Ᾱτρεμεῖν

2095 831 2193 902 οὐχ
2234 832 2323 884 οἵα
2354 849 2413 884 τε
2447 849 2461 864 ο
2495 834 2616 886 οὐδὲ
2644 835 2752 903 γὰρ
2787 835 3058 903 πέφυκεν.
3099 838 3381 906 Ἦρεμίαν,
3405 843 3627 912 ἠσυχῖσν,

2097 920 2364 991 γαλήνην,
2390 925 2444 976 εί
2465 923 2798 985 τιτοιοῦτον,
2845 926 3095 994 οὐδαμῶς
3155 930 3431 984 ἐπίσταται
3460 948 3473 961 ·
3502 935 3631 986 οὐδὲν

2097 1014 2206 1084 γὰρ
2265 1015 2399 1077 ὅλως
2450 1018 2758 1084 μεμάθηκε.
2812 1018 3225 1089 Κροκοδείλους,
3277 1020 3498 1090 λέοντας,
3543 1032 3632 1080 πᾶν

2099 1103 2255 1174 Θυμῴ
2287 1107 2684 1176 κρατούμενον,
2721 1108 2753 1176 ἢ
2795 1108 2962 1182 λύττῃ
2991 1111 3376 1180 κατεχόμενον,
3415 1119 3513 1167 πᾶν
3556 1121 3632 1170 αἱ·

2101 1195 2353 1263 μοῦὁρον,
2396 1197 2544 1250 ἆπαν
2585 1199 2981 1269 κεντρότυπον,
3029 1202 3256 1266 ἰοϐόλον,
3284 1203 3468 1257 δάκνον
3499 1209 3634 1260 ἀνία-

2097 1304 2184 1352 τα,
2219 1291 2284 1358 τῇ
2322 1288 2587 1360 θηριωδίᾳ
2634 1295 3004 1362 παρήνεγκεν.
3076 1294 3355 1348 ’Λτίθασόν
3385 1301 3514 1363 ἐστι,
3554 1301 3636 1351 καὶ

2096 1380 2392 1447 ἀνήμερον,
2421 1382 2512 1432 καὶ
2537 1382 2884 1451 καταλλαγάς
2912 1387 3228 1442 ἀποσείεται
3251 1403 3264 1417 ·
3306 1390 3362 1440 οὐ
3393 1391 3494 1457 γὰρ
3519 1394 3634 1458 ἀγα-

2097 1471 2176 1539 πᾷ
2208 1471 2267 1522 τὸ
2319 1473 2431 1524 ἴσον
2465 1473 2662 1542 ἔχουσα
2694 1475 3046 1532 σπείσασθαι.
3087 1477 3233 1532 ⁹Ανθ’
3259 1475 3331 1534 ὧν
3368 1482 3636 1554 βιαζομένη

2097 1561 2236 1612 κατὰ
2264 1564 2430 1614 um
2472 1566 2563 1616 καὶ
2619 1564 2974 1633 ἐξαπατῶσα,
3015 1570 3248 1634 πολλοὺς
3297 1568 3430 1625 εἶναι
3481 1591 3527 1624 τι
3568 1575 3641 1626 δο-

2099 1652 2327 1712 κοῦντας
2360 1655 2502 1721 μέγα
2543 1658 2621 1717 είς
2672 1659 3049 1728 γενναιότητα,
3107 1663 3203 1716 καὶ
3256 1665 3403 1733 παρά
3450 1666 3639 1718 πάντων

2097 1743 2549 1813 θαυμαζομένους
2575 1748 2664 1799 ἐπ’
2682 1749 2874 1818 ἀρετῇ,
2899 1752 3241 1822 κατήνεγκεν
3270 1757 3403 1827 αὐτῇ
3435 1760 3641 1828 προσ-ὃσα

2094 1835 2184 1904 λῇ,
2241 1837 2334 1888 καὶ
2367 1837 2643 1906 ἐξήλεγξε.
2695 1840 2810 1894 Κᾶν
2839 1843 2898 1894 ού
2948 1848 3306 1918 καταστρέψῃ
3361 1853 3424 1920 τῇ
3467 1853 3640 1924 πρώτῃ

2097 1929 2283 1997 πείρᾳ,
2327 1932 2420 1983 καὶ
2450 1933 2746 2005 παρασύρῃ
2790 1939 3100 2009 χειμάρρου
3155 1941 3337 2010 δίκην,
3370 1945 3483 1996 ἀλλ’
3525 1946 3642 2015 αὑτὴ

2096 2022 2190 2072 καὶ
2213 2023 2518 2092 καρτερίαν
2573 2027 2781 2095 πολλὴν
2825 2029 3190 2100 ἐνδείκνυται,
3230 2036 3328 2088 καὶ
3359 2039 3433 2106 τῷ
3486 2043 3642 2092 πονεῖν

2095 2109 2236 2177 ἄγαν
2276 2114 2562 2181 τέρπεται.
2595 2119 2705 2169 Καὶ
2736 2119 2873 2180 ὅλως
2896 2137 2960 2189 γε
2991 2123 3145 2176 δοκεῖ
3170 2143 3253 2189 τις
3286 2123 3422 2181 εἶναι
3455 2131 3649 2198 ἀκάματα
3677 2177 3680 2180 .

2097 2220 2190 2265 τος
2225 2207 2306 2266 είς
2346 2207 2417 2258 τὰ
2452 2207 2580 2260 καθ’
2611 2211 2795 2278 ἡμῶν.
2841 2187 2917 2266 To
2946 2216 3056 2285 γὰρ
3094 2217 3159 2287 δὴ
3205 2187 3430 2300 σιιᾳάᾷρα1
3459 2187 3645 2287 “iisti:

2093 2297 2155 2348 ού
2181 2298 2367 2350 δίδωσι
2403 2299 2515 2351 τῶν
2550 2303 2732 2356 πόνων
2767 2305 3150 2364 αἰσθάνεσθαι.
3213 2314 3389 2380 Μόγις
3421 2297 3517 2369 που
3571 2320 3650 2371 καὶ

2093 2387 2181 2440 διά
2221 2389 2416 2458 χρόνον
2457 2395 2572 2455 τοῖς
2600 2399 3008 2462 γενναιοτάτοις
3033 2402 3149 2454 τῶν
3177 2404 3428 2474 ἀθλητῶν
3457 2409 3650 2462 ὑπενδί-

2092 2480 2281 2534 δωσιν.
2319 2483 2562 2554 Ἐὡρακέ
2597 2505 2680 2549 τις
2708 2491 2879 2562 αὐτὴν
2907 2497 3209 2562 πρωτείων
3244 2500 3475 2566 πύκταις
3502 2521 3655 2574 παρτ.

2093 2574 2447 2640 χωρήσασαν,
2493 2577 2731 2642 πύκταις
2769 2582 3026 2648 ἐκείνοις,
3061 2583 3150 2649 οἷς
3204 2589 3428 2659 ἱδρῶτες
3474 2611 3529 2646 τε
3573 2597 3655 2648 καὶ

2093 2665 2243 2717 πόνοι
2283 2670 2416 2736 παρ’
2469 2669 2623 2723 οὐδὲν
2675 2672 2988 2740 νομίζονται
3047 2677 3546 2752 διηγωνισμένοιςο
3603 2687 3656 2738 ού

2091 2757 2170 2825 τῷ
2200 2757 2407 2828 ταύτην
2436 2761 2754 2840 αἰδεσθῆναι
2792 2765 2892 2836 τὴν
2932 2769 3165 2839 ἀνδρίαν
3199 2774 3310 2826 τῶν
3377 2780 3660 2847 κρατησάν-

2091 2867 2200 2902 των
2231 2850 2330 2920 (τί
2373 2835 2477 2921 γάρ
2511 2854 2575 2924 δὴ
2624 2858 2804 2910 κοινὸν
2847 2835 3005 2912 Ϋαίδοί
3035 2835 3212 2934 -πρὺς
3268 2835 3663 2940 ἀπηρυθρίακὸς

2091 2961 2144 2995 τι
2199 2946 2295 2996 καὶ
2342 2947 2736 3017 ἀναίσχυντον;
2797 2953 2841 3021 ),
2885 2954 2962 3023 τῷ
3005 2955 3062 3009 δὲ
3131 2967 3446 3031 παρασχεῖν
3493 2967 3664 3035 καιρὸν

425 3043 770 3100 punge-atem,
810 3050 1154 3100 venenosam,
1180 3038 1464 3094 insanabili
1489 3057 1675 3097 morsu
1709 3044 1987 3102 lmdentem

2095 3035 2280 3098 αὐτοῖς
2305 3038 2602 3109 ῥᾳθυμίας,
2627 3043 2756 3096 ὅσον
2805 3046 3192 3120 ἀμελέστερον
3227 3057 3299 3106 τά
3329 3059 3450 3110 κατ’
3488 3060 3668 3118 αὐτοὺς

425 3122 638 3175 feritate
663 3132 903 3190 superat.
935 3123 1040 3178 Nec
1075 3128 1446 3191 mansueﬁeri,
1483 3145 1581 3182 nec
1624 3133 1854 3187 cicurari
1888 3152 1989 3206 po-

424 3221 550 3275 test,
585 3221 639 3266 et
669 3214 1140 3268 reconciliationes
1171 3227 1474 3290 aversatur.
1512 3221 1627 3275 Non
1668 3227 1813 3277 enim
1845 3229 1991 3295 paci-

423 3303 502 3354 sci
532 3303 930 3356 conditionibus
961 3305 1128 3372 aequis
1161 3317 1326 3362 amat.
1379 3307 1717 3380 Quapropter
1765 3315 1890 3369 dum
1920 3319 1993 3371 si-

426 3394 533 3446 tuul
574 3403 625 3446 et
651 3394 699 3445 vi
737 3404 789 3447 et
821 3393 1104 3448 fraudibus
1170 3398 1363 3463 utitur,
1439 3400 1635 3454 multos
1659 3403 1751 3470 qui
1809 3406 1986 3472 magni

423 3499 543 3537 esse
577 3495 794 3552 propter
824 3485 987 3538 animi
1048 3489 1467 3556 generositatem
1514 3491 1783 3558 videnlur,
1811 3505 1864 3548 et
1919 3499 1988 3550 ob

426 3577 677 3626 virtutem
703 3577 953 3628 omnibus
987 3579 1332 3632 admirationi
1361 3591 1511 3644 sunt,
1565 3583 1764 3650 impetu
1813 3585 1988 3652 primo
2017 3624 2025 3631 -

423 3666 558 3734 deiet
581 3669 619 3718 it
651 3684 712 3719 ae
742 3668 889 3720 vicit.
913 3668 1062 3733 Quod
1093 3669 1138 3722 si
1173 3675 1555 3727 noueverlerit
1584 3686 1780 3731 conatu
1815 3679 1988 3746 primo

353 3781 363 3789 -
421 3759 596 3811 neein
631 3775 830 3812 morem
867 3762 1122 3813 torrentis
1184 3763 1506 3830 ahripuerit,
1573 3783 1821 3835 magnam
1873 3771 1985 3839 ipsa

421 3848 765 3901 tolerantiam
800 3860 1040 3916 praestat,
1087 3860 1141 3906 et
1194 3853 1455 3922 singulari
1516 3857 1809 3927 diligentiae
1864 3863 1984 3916 nisu

425 3938 716 4008 p'ttt‘inttttu
768 3942 1102 4008 delectatur;
1151 3947 1393 4016 adeoque
1425 3949 1476 4001 in
1511 3949 1578 4004 iis
1625 3966 1746 4018 quae
1796 3965 1984 4008 contra

422 4046 520 4085 nos
559 4032 794 4084 molitur.
845 4033 1170 4088 indefessam
1207 4052 1265 4091 se
1321 4055 1512 4106 gerere
1562 4042 1796 4099 videtur.
1848 4047 1982 4100 Nam

419 4123 591 4186 ipsnn.
629 4122 758 4177 illud
794 4126 1139 4181 vehementer
1174 4130 1311 4183 velle
1337 4146 1442 4186 non
1495 4125 1780 4205 permittit,
1841 4139 1981 4196 ullos

420 4217 495 4266 uti
530 4215 743 4268 labores
779 4217 996 4271 sentiat.
1020 4219 1115 4272 Vix
1181 4224 1419 4287 tandem,
1470 4235 1524 4278 et
1577 4229 1762 4296 elapso
1813 4233 1983 4287 multo

418 4318 680 4372 tempore,
720 4307 1037 4363 fortissimis
1062 4312 1282 4366 athletis
1315 4315 1477 4368 cedit.
1511 4317 1657 4372 Vidit
1689 4321 1981 4389 aliquando

416 4396 540 4463 quis
566 4413 684 4448 eam
721 4398 923 4464 primas
946 4403 1287 4455 concessisse
1327 4405 1621 4472 pugilibus,
1653 4387 1830 4462 etillis
1863 4413 1983 4478 qtti~
2015 4387 2060 4442 Β

418 4489 538 4538 dem
571 4488 838 4555 pugilibus
872 4492 962 4557 qui
989 4493 1218 4548 sudores
1253 4504 1305 4546 et
1330 4496 1543 4550 labores
1581 4499 1631 4551 in
1673 4505 1988 4558 certamini-

415 4578 517 4629 ltus
548 4589 830 4646 susceptos
856 4581 1010 4633 nihili
1035 4584 1335 4649 penderent
1369 4605 1383 4640 :
1421 4604 1526 4641 non
1558 4593 1695 4657 quod
1733 4594 1844 4661 ipsa
1879 4597 1987 4650 for-

422 4669 703 4722 titudinem
775 4671 1000 4726 victoria
1047 4676 1342 4742 petitorum
1401 4686 1700 4737 reverentia
1749 4690 1983 4755 quadam

421 4773 849 4832 prosequeretnr
880 4764 1026 4831 (quid
1064 4766 1206 4818 enim
1251 4783 1538 4827 commune
1606 4778 1797 4842 pudori
1860 4795 1981 4833 cunt

419 4867 486 4904 eo
513 4853 652 4920 quod
682 4849 894 4908 ruboris
917 4865 970 4909 et
1003 4857 1225 4924 pudoris
1249 4874 1443 4930 expers
1473 4876 1553 4920 est
1579 4866 1643 4938 ?).
1682 4871 1774 4924 sed
1807 4883 1863 4925 ut
1902 4874 1982 4926 eis

417 4948 757 5000 occasionem
796 4948 1019 5018 ignaviae
1065 4955 1350 5020 pra-heret,
1393 4960 1457 5010 ad
1513 4962 1842 5018 reddendum
1893 4982 1984 5020 ne-

416 5037 769 5104 gligentior-cs
803 5040 854 5091 in
889 5043 1284 5098 constituendis
1328 5047 1487 5101 rebus
1521 5053 1658 5110 suis,
1695 5056 1979 5124 quasijam

416 5126 518 5177 illa-
544 5129 689 5194 prius
721 5131 958 5184 molesta:
987 5149 1071 5186 res
1103 5131 1283 5189 essent
1305 5153 1333 5191 e
1362 5140 1540 5193 medio
1565 5145 1808 5201 sublatae.
1845 5150 1977 5214 Qui-

415 5220 512 5271 bus
544 5223 612 5271 ita
643 5223 899 5288 peracus,
936 5242 1054 5278 mox
1093 5229 1157 5279 de
1193 5231 1482 5296 improviso
1517 5236 1754 5302 irruens,
1781 5243 1979 5297 mentis

413 5325 524 5363 s-ua:
555 5313 789 5378 cogitata
826 5313 1039 5368 faetlius
1063 5321 1288 5384 perlicit.
1312 5322 1366 5372 ld
1395 5338 1458 5375 ex
1488 5324 1601 5389 ipsa
1629 5328 1976 5384 manifestum

411 5413 494 5452 est
522 5404 853 5469 experientia
888 5423 900 5457 :
927 5409 1124 5475 quippe
1161 5424 1279 5479 μηδι
1313 5413 1428 5467 I”.tS
1459 5417 1706 5472 inducias
1735 5423 1854 5474 belli
1895 5426 1980 5492 {li-

413 5491 504 5542 bet
526 5506 700 5545 autem
727 5497 942 5565 imagini
967 5502 1131 5553 semel
1174 5504 1436 5559 instituue
1472 5509 1652 5564 adhuc
1692 5512 1976 5581 inhaerere,

412 5582 456 5632 si
485 5583 655 5634 visum
688 5588 735 5638 ei
765 5589 834 5639 sit
864 5601 1226 5656 opportunum
1254 5612 1374 5651 esse
1416 5609 1628 5670 tempus
1666 5607 1728 5656 ad
1765 5606 1978 5659 faciun-

411 5670 540 5722 dum
580 5674 1082 5750 impetumrentquc
1141 5691 1474 5756 teuzandam,
1505 5694 1686 5748 statim
1745 5712 1808 5750 ex
1874 5701 1977 5754 int-

2092 3127 2359 3183 διαθεῖναι
2414 3137 2856 3203 παρασκευάσαι,
2888 3141 2983 3194 ἆτε
3035 3134 3105 3215 δὴ
3169 3149 3288 3206 τῶν,
3323 3151 3666 3223 ἐνοχλούντων

2090 3223 2496 3294 ἠφανισμένων.
2544 3227 2708 3282 Ὅθεν
2766 3235 2929 3286 ταυτὶ
2983 3235 3474 3314 διαπραττομένη,
3514 3247 3669 3299 ἔπειτ’

2091 3315 2150 3378 ἐξ
2184 3317 2424 3384 ἀφανοῦς
2470 3320 2848 3390 είσϐάλλουσα,
2880 3329 3010 3398 ῥᾷον
3058 3333 3223 3388 ἀνύει
3256 3338 3329 3389 τά
3360 3341 3498 3390 κατά
3537 3342 3671 3392 νοῦν.

2090 3408 2262 3478 Δῆλον
2290 3411 2345 3463 δὲ
2377 3413 2485 3466 ἀπὸ
2518 3415 2620 3484 τῆς
2656 3419 2870 3488 πείρας.
2907 3423 3062 3478 Μετά
3111 3433 3231 3499 γάρ
3262 3432 3365 3500 τὴν
3397 3434 3674 3502 ἀνακωχῆν

2089 3502 2183 3554 τοῦ
2209 3503 2448 3574 πολέμου
2478 3509 2494 3575 (
2525 3507 2822 3579 ἀνθέξομαι
2853 3511 2910 3564 δὲ
2950 3515 3049 3585 τῆς
3078 3521 3304 3585 εἰκόνος
3347 3524 3429 3598 ἔτι
3456 3526 3496 3595 ),
3524 3527 3671 3591 δόξαν

2089 3592 2348 3663 εὔκαιρον
2400 3598 2730 3665 προσϐαλεῖν
2778 3604 2869 3655 καὶ
2917 3592 3464 3681 ἀποπειράσασθαι,
3493 3620 3678 3688 ἀπρεό-

2094 3702 2245 3748 πτως
2278 3689 2440 3752 εὐθὺς
2481 3691 2774 3758 ἐφίσταται
2801 3712 2814 3726 ’
2851 3699 2943 3749 καὶ
2979 3702 3408 3762 ὲπεισπεσοῦσα
3439 3711 3678 3780 δριμύτε-

2040 3845 2052 3858 λ
2089 3781 2180 3848 ρόν
2207 3799 2323 3844 πως
2357 3784 2450 3835 καὶ
2479 3788 2875 3866 ιμνικώτερον,
2901 3794 2960 3846 τό
3011 3812 3073 3860 γε
3135 3803 3221 3864 είς
3261 3806 3486 3875 ἐκείνην
3535 3803 3677 3874 ἧκον,

2088 3869 2556 3940 πάντ’ὲργάξεται
2589 3878 2657 3931 τὰ
2705 3879 2854 3935 δεινά
2879 3899 2894 3914 ·
2930 3885 3117 3959 ἐκείνη
3179 3891 3318 3961 γὰρ,
3359 3869 3453 3959 ὡς⁷
3493 3869 3677 3955 ἔοικεν,

2085 3962 2146 4014 οὐ
2173 3963 2381 4017 δέδοικε
2410 3967 2539 4030 τοὺς
2589 3971 2852 4037 πολλάκις
2902 3975 3075 4046 αὐτῆς
3111 3987 3540 4056 κρατήσαντας.
3579 3993 3679 4042 Οὐκ

2085 4053 2462 4123 ὀῤῥωδείτοὺς
2520 4067 2894 4131 νενικηκότας,
2958 4068 3020 4121 ού
3077 4073 3218 4137 τοὺς
3283 4053 3517 4149 μακράν
3570 4097 3683 4132 τινα

2083 4146 2241 4216 δίκην
2271 4148 2474 4219 ταύτην
2509 4153 3046 4236 εἰσπράξανταςοτῆς
3111 4167 3203 4229 είς
3263 4146 3522 4235 ἐκείνους
3564 4174 3685 4225 ταύο

2083 4253 2182 4303 της
2221 4239 2424 4306 μανίας
2451 4257 2464 4270 ·
2491 4244 2629 4296 ἀλλὰ
2671 4247 2723 4299 τὸ
2758 4249 2983 4303 πίπτειν
3016 4261 3283 4327 συνεχῶς
3343 4267 3570 4320 παιδιάν
3603 4267 3682 4316 λο-

2086 4326 2374 4399 γιζομένη,
2426 4331 2564 4403 ὀρθὴ
2613 4337 2826 4405 ταχέως
2867 4326 3285 4421 εύρισκομέῗνη,
3349 4359 3465 4419 τοῖς
3519 4359 3685 4419 αὐτοῖς

2092 4423 2188 4472 καὶ
2219 4422 2382 4476 πάλιν
2435 4428 2724 4498 ἐπιχειρεῖ,
2772 4433 2962 4519 ὥσπερ
3031 4441 3324 4513 μηδαμῶς
3384 4451 3684 4520 ἡττηθεῖστ.

2093 4513 2202 4564 Καὶ
2229 4515 2482 4586 καθάπερ
2512 4521 2739 4605 ἐπὶ-,ιτῶν
2770 4514 3106 4596 ἀθυρμάτων
3137 4535 3192 4585 οἱ
3226 4513 3453 4606 παῖδες,
3489 4513 3537 4594 εί
3575 4543 3689 4593 ὠθι-

2094 4603 2217 4672 σμῷ
2244 4607 2351 4659 τῶν
2387 4603 2802 4681 συναθυρόντων
2827 4621 3272 4695 καταϐληοεῒεν,
3328 4603 3474 4697 πρὸς
3526 4637 3690 4703 πάλην

2090 4692 2248 4760 αὖθις
2277 4700 2620 4767 ἀνίστανται,
2653 4709 2741 4758 καὶ
2772 4709 3005 4780 ἑτοίμως
3058 4715 3269 4786 ἔχουσι
3305 4730 3695 4796 συμπλακῆναι

2091 4791 2202 4852 τοῖς
2229 4798 2620 4862 κατενεγκοῦσι
2651 4800 2910 4867 πολλάκις
2937 4821 2952 4838 ο
2982 4808 3074 4859 καὶ
3100 4811 3210 4879 ἥδε
3246 4817 3417 4869 οὐδὲν
3451 4821 3695 4887 κορέννν·

2089 4896 2181 4932 ται
2243 4884 2726 4960 καταδεὸλημένη,
2788 4894 2906 4945 ἀλλ’
2958 4898 3064 4950 αἰεὶ
3134 4907 3275 4967 τοῖς
3353 4913 3700 4978 συμπλοκαῖς

2090 4973 2454 5040 ὲπαγάλλεται
2530 4981 2641 5032 τῶν
2691 4987 2934 5055 συνεχῶς
2998 4997 3552 5057 καταπαλαιὸντων.
3619 5004 3700 5064 Ὠς

2087 5063 2281 5132 ὄφελόν
2315 5084 2377 5134 γε
2401 5071 2496 5121 καὶ
2519 5072 2678 5140 ἡμεῖς
2716 5077 2808 5128 τὸν
2837 5079 2950 5132 ἴσον
3004 5085 3224 5151 τρόπον
3279 5092 3540 5163 ἠνύομεν
3581 5063 3702 5157 τους

2090 5158 2227 5224 πρὸς
2252 5159 2468 5229 ἐκείνην
2501 5163 2743 5229 ἀγῶνας.
2802 5169 2959 5223 Οὖτω
3010 5173 3127 5244 γάρ
3191 5182 3518 5244 φιλονεικεί
3575 5190 3705 5256 πρὸς

2087 5247 2497 5321 τὰκαθ’ήμῶν,
2531 5257 2605 5318 ὡς
2663 5259 2798 5325 μηδὲ
2852 5262 3046 5330 βιωτὸν
3110 5269 3420 5337 ἡγεῖσθαι,
3484 5280 3584 5330 ἐάν
3619 5247 3710 5347 ’μὴ

2088 5338 2182 5406 ἐξῇ
2241 5344 2332 5394 καὶ
2392 5347 2514 5408 τοὺς
2567 5351 2852 5418 κρείττους
2902 5355 3055 5421 ἄγειν
3103 5369 3466 5430 περιφανῶς
3520 5369 3710 5436 ῶσπερ

2088 5432 2415 5504 ἀνδράποδα.
2454 5440 2569 5490 Κᾶν
2603 5442 2814 5514 ὑπενὸῷ
2840 5463 2923 5507 τις
2949 5448 3159 5518 μικρὸν
3229 5457 3382 5522 πρὸς
3415 5461 3522 5522 τάς
3570 5464 3713 5512 ὲκεί-

2087 5541 2183 5593 νης
2218 5529 2417 5595 ὁρμὰς,
2448 5530 2478 5599 ῆ
2514 5531 2698 5584 νεῦσαί
2728 5551 2779 5588 τι
2817 5538 2950 5606 πρὸς
2972 5536 3370 5612 ’καταλλαγὰς
3400 5550 3560 5624 δόξῃ,
3587 5569 3711 5603 τον-

2085 5615 2136 5665 τι
2167 5616 2223 5666 τι
2260 5619 2458 5685 μικρὸν
2491 5621 2808 5690 ἁρπάσασα,
2845 5627 2907 5679 τὸ
2937 5630 3044 5681 πᾶν
3081 5630 3270 5694 εὐθὺς
3334 5615 3717 5711 ἀνειρξπολεῑ,

2088 5708 2179 5761 καὶ
2209 5710 2408 5780 μελετᾷ
2449 5731 2569 5766 τινα
2610 5715 2762 5770 δόλον
2795 5720 2930 5790 πρὸς
2983 5722 3082 5791 τὴν
3121 5724 3273 5798 -τῶν
3335 5729 3719 5805 ὴμεὶηκότων
