3850 6200
165 299 252 361 υίᾶῖ

1570 296 1861 359 ORATIO
1886 299 1986 359 ιν.

3312 299 3419 367 454

168 408 498 479 καθαίρεσιν,
530 391 760 459 καὶτῶν
790 404 850 457 ὲν
882 403 1132 466 σπονδαῖς
1194 402 1501 470 γεγονότων
1534 405 1743 475 κρατῆ-

1848 408 2068 474 proviso
2093 409 2333 473 advenit,
2367 417 2425 464 et
2478 408 2660 465 acrius
2689 422 2757 465 ac
2820 408 3077 465 furiosius
3137 410 3414 475 irruendn,

166 519 242 554 σαι
279 498 449 552 θέλει.
483 498 596 551 Καὶ
629 497 762 566 περὶ
791 495 883 549 τοῦ
913 496 1056 560 πῶς,
1084 498 1113 548 ὁ
1140 494 1299 561 λόγος
1329 495 1465 564 αὐτῇ
1500 495 1733 566 βραχύς.

162 593 320 646 Ὅθεν
356 592 539 644 πάντα
559 589 624 659 δὴ
654 590 859 653 κάλων,
888 587 1106 641 ἅπαντα
1151 585 1302 640 λίθον
1336 602 1351 617 '
1392 588 1490 641 καὶ
1552 588 1740 641 τοιαύ-

160 702 251 755 την
279 681 834 751 ἀπασανιπαροιμίαν
865 680 1012 734 εῐποι
1058 697 1143 743 τις
1178 678 1245 732 ἀν
1296 675 1449 748 οἶμαι
1508 680 1738 744 δικαίως

163 778 279 847 πιρῖ
310 775 419 827 τῶν
458 774 680 843 ἐκείνης
737 772 1173 843 μηχανημάτων.
1240 772 1564 841 Παρήνεγκε
1625 773 1737 842 γάρ

162 868 415 937 ἀτεχνῶς,
450 868 578 920 ὅτου
612 866 678 920 ἀν
702 881 787 929 τις
817 863 931 935 ἔχοι
989 864 1301 935 μνησθῆναι
1331 864 1640 934 δυστρόπου
1673 881 1735 917 τε

162 962 247 1013 καὶ
286 961 601 1028 εὐμηχάνου
646 957 784 1027 πρὸς
814 958 1175 1028 κακουργίαν.
1246 956 1589 1026 Ἀκήρυκτον
1622 955 1737 1025 ,μὲν

161 1055 287 1121 ἡμῖν
314 1051 510 1119 ἐπάγει
533 1050 625 1102 τὸν
653 1049 915 1117 πόλεμον,
950 1046 1161 1118 τρῶσαι
1184 1047 1490 1118 βουλομένη
1511 1049 1619 1118 πρὸ
1640 1049 1734 1101 τοὸ

163 1142 394 1212 φανῆναι
426 1159 445 1174 ο
475 1140 855 1210 νυκτομαχίαν
897 1140 956 1193 δὲ
992 1139 1158 1206 φιλεῖ,
1195 1138 1269 1203 ὡς
1299 1140 1732 1210 καταδαρθάνου-

165 1253 241 1288 σιν
270 1233 590 1302 ἐπιστῆναι,
613 1232 687 1296 ὡς
717 1232 924 1300 φθάσαι
960 1232 1055 1285 τὸν
1089 1232 1354 1301 πολέμιον
1387 1233 1491 1301 πρὸ
1517 1232 1610 1285 τοῦ
1641 1250 1739 1301 γυ-

165 1324 372 1394 μνῶσαι
407 1324 469 1376 τὸ
500 1320 677 1389 ξίφος.
708 1322 835 1384 Πῶς
872 1323 980 1393 γάρ
1021 1322 1087 1376 ἂν
1112 1323 1328 1390 ἐκείνην
1350 1322 1584 1385 διέλαθε,
1641 1325 1739 1377 πό-

163 1436 252 1472 σου
291 1419 462 1488 τιμᾷν
486 1417 638 1482 ἄξιον
659 1416 719 1469 τὸ
758 1416 1092 1471 καταλαϐεῖν
1120 1415 1404 1486 αἰφνιδίως
1436 1434 1451 1483 ;
1491 1417 1600 1471 Καὶ
1626 1418 1737 1488 γάρ

160 1511 267 1564 ἐστι
288 1509 453 1563 τοῦτο
478 1509 654 1562 δεινὸν
682 1509 778 1563 καὶ
809 1508 1212 1576 γενναιοτάτων
1240 1508 1422 1578 ψυχὰς
1452 1508 1733 1570 κλονῆσαι.

160 1599 334 1676 Κάνῇ
373 1621 428 1656 τι
459 1602 665 1669 κοῦφον
680 1602 742 1654 τὸ
775 1602 1115 1673 προσπεσὸν,
1150 1601 1353 1671 μᾶλλον
1391 1601 1458 1654 ἂν
1495 1603 1735 1672 ίσχύσειε

134 1696 390 1767 ιθροῆσαι
416 1695 514 1749 καὶ
541 1696 669 1757 τοὺς
706 1696 807 1747 οὐκ
837 1693 905 1747 ἂν
952 1692 1155 1764 ῥᾳδίως
1183 1692 1347 1746 τοῦτο
1376 1693 1651 1756 παθόντας
1702 1693 1737 1763 ἡ

159 1804 208 1840 τι
228 1787 643 1858 γινωσκόμενον
672 1786 800 1847 τοὺς
827 1785 1273 1855 ἀγεννεστέρους.
1320 1785 1394 1837 Τὸ
1446 1786 1557 1855 γὰρ
1589 1785 1739 1855 παρά

160 1878 492 1949 προσδοκίαν
529 1877 729 1948 μικρδν
753 1877 1268 1948 ἔκπληκτικώτερον
1296 1878 1536 1947 μεγάλου
1567 1895 1737 1948 προσ-

161 1969 495 2041 δοκωμένου.
551 1971 683 2043 Ἐρᾷ
712 1970 805 2024 τοῦ
855 1972 1105 2037 σκότους,
1144 1973 1340 2036 νυκτὸς
1390 1972 1569 2042 αὐτῆς
1609 1973 1738 2025 ἀσε-

160 2061 343 2133 λήνου.
401 2062 639 2135 Ὀμίχλῃ
673 2063 855 2132 χαίρει
888 2065 1112 2135 παχείᾳ,
1143 2063 1377 2133 ἀόρατον
1426 2064 1650 2134 όράσεσι
1678 2062 1741 2116 τὸ

161 2155 354 2225 ὁρατόν
371 2170 437 2220 γε
470 2154 726 2223 ποιούσῃ.
764 2153 1014 2217 Συνόδοις
1048 2150 1206 2224 οἶμαι
1245 2154 1454 2224 ταύτην
1506 2153 1741 2222 ἀγάλλε-

160 2247 286 2300 σθαι
320 2246 557 2299 τουτωνὶ
585 2245 694 2299 τῶν
725 2245 1133 2316 λαμπροτάτων
1166 2247 1434 2317 ἀστέρων,
1458 2247 1534 2309 ῶς
1563 2246 1738 2317 ταύτῃ

161 2354 223 2407 γε
252 2338 351 2390 τοῦ
385 2338 642 2406 σώματος
676 2336 776 2404 τῆς
834 2336 1093 2406 σελήνης,
1134 2337 1244 2390 τῶν
1292 2337 1589 2409 ὀφθαλμῶν
1645 2340 1740 2392 καὶ

160 2431 252 2485 τοῦ
274 2431 431 2501 ἡλίου
460 2429 915 2499 μεσολαϐοὖντος,
961 2429 1036 2499 μὴ
1073 2428 1339 2483 δύνασθαι
1371 2431 1432 2484 τὸ
1483 2432 1617 2485 ίδιον
1640 2432 1740 2495 τὰς

164 2526 389 2586 ἀκτῖνας
422 2522 560 2590 πρὸς
586 2523 738 2594 ἡμᾶς
789 2523 1148 2593 ἐργάζεσθαι.
1207 2525 1547 2596 Συλλήϐδην,
1600 2528 1738 2598 ὅπερ

164 2615 337 2669 αῖτιον
368 2614 463 2668 τοῦ
494 2614 798 2682 λεληθότως
825 2615 1087 2668 δύνασθαι
1119 2614 1324 2686 βλάϐην
1356 2618 1487 2687 ἡμῖν
1509 2619 1742 2688 ὲμποιῆ.

165 2725 255 2762 σαι
295 2707 397 2778 τὴν
429 2707 645 2777 ἡδονὴν,
680 2707 834 2776 φίλον
854 2708 1036 2777 eam.
1074 2708 1277 2771 Είωθδς
1313 2709 1422 2779 γάρ
1453 2708 1594 2777 μάλα
1649 2710 1741 2763 καί

163 2797 472 2869 σύντροφον
494 2797 719 2868 ἀφεῖναι
744 2798 844 2868 μὲν
866 2798 1047 2868 λάθρα
1085 2798 1261 2869 βέλος,
1291 2802 1512 2867 ἀφεῖναι
1543 2801 1599 2854 δὲ
1634 2803 1742 2854 πᾶν

160 2891 225 2942 τὸ
263 2890 470 2961 πλῆξον
492 2904 508 2919 ·
532 2891 749 2958 ἀφεῖναι
783 2890 861 2954 δὲ,
894 2890 1157 2944 θδίδωσιν
1186 2891 1432 2954 ἐλπίζειν
1464 2892 1607 2960 μάλα
1649 2892 1743 2944 δυ-

160 2982 435 3055 νήσεσθαι
470 2982 698 3052 καιρίαν
718 2983 931 3053 τρῶσαι
959 2982 1200 3054 πληγήν.
1237 2984 1345 3037 Καὶ
1390 2984 1527 3047 ὅλως
1582 2985 1740 3039 πάντ’

1840 500 1983 566 quod
2017 498 2189 567 ipsam
2216 500 2432 564 attinet,
2456 502 2637 555 omnia
2658 502 2772 555 dira
2803 511 3099 570 perpetrat.
3121 503 3238 557 Non
3271 504 3414 559 enim

1841 589 1929 644 illa
1961 591 2158 644 metuit
2192 607 2310 656 eos,
2339 593 2415 644 nti
2444 592 2663 660 quidem
2683 592 2920 654 videtur,
2956 596 3046 660 qui
3070 595 3268 660 smpius
3294 609 3413 647 eam

1838 690 2186 748 superarunt.
2217 679 2335 736 Non
2369 681 2605 737 victores
2654 682 3000 747 reformidat,
3027 699 3130 735 non
3162 698 3258 737 eos
3318 684 3414 750 qui
3466 738 3471 745 ί

1840 768 1908 824 de
1937 771 2051 839 ipsa
2075 771 2397 826 diuturnum
2428 786 2711 841 sumpsere
2741 774 3065 842 supplicium
3096 773 3302 827 furoris
3355 774 3410 828 in

1839 862 2080 930 se.prius
2106 865 2355 929 exerciti,
2387 867 2485 920 sed
2506 865 2681 933 ipsum
2701 864 2835 919 illud
2871 865 3130 919 continuo
3154 881 3409 921 succum-

1839 951 1968 1006 bere
1999 968 2095 1023 pro
2134 953 2261 1010 ludo
2289 956 2514 1020 ducens,
2545 956 2734 1010 statim
2764 963 2946 1010 erecta
2972 972 3161 1012 rursus
3190 961 3406 1011 eosdem

1840 1046 2112 1113 adoritur,
2162 1049 2318 1117 quasi
2347 1048 2393 1103 si
2428 1063 2769 1118 nequaquam
2802 1049 2936 1103 victa
2968 1050 3179 1103 fuisset.
3206 1052 3281 1102 Ac
3315 1067 3411 1104 ve-

1839 1141 1921 1194 lut
1947 1139 1999 1193 in
2030 1139 2265 1196 ludicris
2287 1142 2468 1211 pueri,
2495 1140 2542 1195 si
2598 1140 2984 1197 eolludentium
3026 1143 3256 1210 impulsu
3286 1157 3413 1210 pro-

1838 1240 2154 1286 sternantur
2182 1230 2356 1296 humi,
2388 1246 2584 1288 rursus
2616 1234 2685 1287 ad
2714 1233 2914 1288 luctam
2968 1241 3283 1303 resurgunt,
3315 1247 3412 1301 pa-

1839 1324 2054 1391 ratique
2094 1334 2361 1379 suntcum
2391 1324 2462 1380 iis
2495 1340 2711 1382 manum
2748 1340 3058 1392 conserere,
3093 1327 3183 1396 qui
3212 1327 3413 1396 smpius

1839 1426 1934 1465 eos
1966 1426 2185 1482 quoque
2212 1423 2560 1481 prostrarunt
2592 1432 2606 1468 :
2644 1417 2729 1471 sic
2784 1424 2839 1470 et
2860 1416 2961 1469 ista
2999 1416 3229 1470 minime
3264 1430 3411 1483 pru-

1842 1512 2016 1558 strata
2046 1505 2303 1585 satytur,
2336 1500 2459 1561 sed‘
2489 1521 2677 1561 eorum
2739 1507 3118 1576 congressibus
3153 1510 3244 1579 qui
3291 1523 3412 1562 eam

1840 1597 2093 1650 continua
2144 1597 2525 1653 colluctatione
2578 1607 2861 1666 superant,
2914 1614 3134 1668 semper
3166 1598 3412 1652 oblecta-

1843 1697 1955 1746 tur.
1999 1687 2219 1743 Utinam
2282 1689 2501 1758 quidem
2552 1705 2652 1743 nos
2699 1685 2911 1759 q'uoque
2952 1672 3294 1746 consimilem
3357 1692 3409 1744 ia

1844 1781 2069 1836 modum
2102 1782 2372 1837 adversus
2396 1783 2569 1851 ipsam
2588 1792 2841 1851 suscepta
2905 1783 3202 1837 certamina
3249 1785 3414 1852 perti-

1840 1886 2109 1928 ceremus.
2144 1872 2277 1927 Nam
2305 1887 2368 1926 ea
2402 1874 2757 1927 contentione
2807 1882 2995 1928 contra
3066 1889 3166 1929 nos
3219 1876 3414 1941 utitur,

1842 1970 1900 2015 ut
1924 1978 1989 2017 ne
2011 1964 2296 2018 vivendum
2332 1964 2562 2033 quidem
2595 1971 2820 2029 statuat,
2848 1967 2892 2020 si
2931 1980 3034 2019 nou
3069 1966 3237 2020 etiam
3274 1982 3414 2034 prm-

1840 2055 2135 2111 stantiores
2157 2055 2279 2110 aliis
2303 2057 2696 2125 mancipiorum
2725 2058 2777 2111 in
2813 2072 3020 2111 morem
3074 2058 3291 2112 trahere
3316 2072 3415 2125 pa-

1839 2149 1944 2204 lam
1974 2149 2164 2217 possit.
2202 2148 2355 2217 Quod
2383 2150 2425 2204 si
2456 2150 2579 2219 quis
2632 2150 2699 2204 ad
2736 2150 2854 2219 ejus
2884 2150 3124 2205 assultus
3173 2150 3257 2205 vel
3283 2165 3419 2220 pau—

1840 2238 1950 2293 lum
1976 2240 2226 2305 cesserit,
2257 2249 2350 2294 aut
2379 2240 2628 2295 nonnihil
2662 2240 2907 2295 adnuere
2931 2243 3080 2296 visus
3117 2242 3186 2295 sit
3230 2242 3420 2309 pacifi-

1841 2333 2071 2398 cationi;
2105 2334 2210 2387 hoc
2236 2333 2357 2402 ipso
2383 2333 2579 2402 pusillo
2605 2346 2847 2399 arrepto.
2907 2336 3090 2388 statim
3143 2350 3414 2389 summam

1841 2424 1920 2478 rei
1951 2426 2209 2488 somniat,
2236 2437 2292 2479 et
2320 2424 2561 2480 fraudem
2583 2424 2819 2493 aliquam
2851 2427 3146 2481 meditatur
3172 2429 3236 2482 ad
3265 2443 3420 2484 ever-

1842 2516 2051 2572 sionem
2088 2518 2425 2588 negligenter
2458 2533 2518 2573 se
2564 2520 2911 2588 gerentium;
2947 2520 3148 2589 quique
3178 2536 3300 2574 cum
3355 2536 3418 2574 ea

1843 2607 1983 2675 pacti
2010 2615 2137 2662 sunt
2171 2607 2443 2673 inducias,
2493 2624 2589 2665 eos
2619 2599 2765 2677 ips'os
2791 2610 2843 2663 in
2890 2618 3212 2678 potestatem
3275 2612 3420 2668 redi—

1843 2715 1974 2771 gere
2006 2702 2232 2768 cogitat.
2269 2700 2379 2755 Nec
2421 2702 2602 2771 magni
2634 2709 2793 2770 putat
2840 2702 3044 2758 referre
3073 2718 3182 2773 quo
3221 2704 3275 2758 id
3327 2720 3423 2773 pa-

1844 2800 1931 2845 cto
1964 2790 2074 2844 ﬁat.
2105 2791 2257 2847 Unde
2286 2792 2493 2846 nullum
2537 2807 2643 2846 non
2674 2794 2986 2857 rudentem,
3050 2794 3259 2848 nullum
3310 2810 3418 2849 non

1844 2883 2079 2951 lapidem
2116 2894 2295 2938 movet
2324 2884 2517 2950 :cujus
2546 2884 2764 2953 quidem
2789 2887 3012 2954 generis
3062 2886 3245 2940 omnia
3296 2901 3421 2953 pro-

1848 2977 2031 3032 verbia
2066 2987 2213 3031 recte
2239 2976 2383 3046 quis,
2429 2977 2642 3045 opinor,
2687 2978 2754 3032 de
2812 2978 3193 3033 molitionibus
3243 2979 3420 3047 ipsius

160 3075 467 3147 ἐργάζεται
498 3074 684 3145 κρύφα
714 3076 782 3128 τά
812 3076 933 3128 καθ’
962 3075 1144 3145 ἡμῶν,
1171 3074 1391 3128 ἐπειδάν
1419 3075 1512 3147 ἐξῇ
1544 3079 1740 3141 ποιεῖν,

1848 3070 2153 3140 protulerit.
2183 3069 2415 3137 Superat
2436 3070 2582 3124 enim
2608 3070 2793 3138 procul
2851 3069 3015 3125 dubio
3046 3072 3308 3141 quidquid
3358 3072 3441 3143 in,

162 3169 262 3225 καὶ
318 3169 473 3222 οὐδὲν
512 3168 896 3239 προσίσταται.
936 3171 1033 3221 Ἂν
1098 3168 1154 3221 δὲ
1201 3168 1433 3239 φωραθῇ
1498 3170 1603 3238 πρὸ
1650 3170 1745 3222 τοῦ

162 3263 395 3333 πρᾶξαι,
420 3264 559 3334 πρὸς
591 3263 903 3316 τούναντίον
929 3261 1135 3315 αὐτίκα
1157 3262 1440 3332 τρέπεται,
1478 3262 1571 3315 καὶ
1595 3261 1749 3316 ἀναί-

163 3354 265 3427 δην
334 3355 516 3408 πάντα
566 3355 737 3416 ποιεῖ,
791 3355 884 3408 καὶ
944 3354 1297 3423 ἀναισχυντεῖ
1338 3353 1609 3422 φανερῶς,
1655 3352 1751 3406 καὶ

169 3445 611 3515 ἀναισχυντοῦσα
661 3445 1183 3518 παρῤησιάζεται,ῆ
1220 3445 1276 3496 εί
1301 3462 1384 3508 τις
1430 3447 1523 3498 ἐπὶ
1556 3446 1751 3516 πράγ-

172 3555 311 3607 μασι
342 3536 546 3608 πολλὴν
574 3537 763 3608 ἔχουσι
800 3536 1138 3607 φιλοτιμίαν.
1168 3537 1279 3589 Καὶ
1306 3537 1494 3589 λοιπὸν
1524 3540 1666 3589 κινεῖ
1685 3536 1747 3589 τὸ

171 3629 300 3700 δόρυ
325 3630 478 3699 παρά
502 3631 723 3684 πάντων
753 3631 1027 3698 ὁρωμένη,
1070 3628 1163 3680 καὶ
1195 3627 1381 3680 κοντὸν
1403 3629 1628 3697 ἀφίησιν
1651 3628 1747 3681 ἐπὶ

176 3721 368 3790 στόμα,
394 3722 488 3775 καὶ
506 3721 686 3782 λίθους
710 3722 830 3774 ταῖν
881 3723 1063 3792 χεροῖν
1095 3719 1459 3789 ἀμφοτέραιν,
1512 3720 1607 3773 καί
1647 3719 1749 3789 τὴν

185 3812 524 3881 Ἡρακλέους
570 3811 803 3864 ἑπισείει
832 3812 1089 3881 κορύνην.
1123 3811 1279 3864 Ἐστι
1303 3811 1348 3862 δ’
1378 3811 1512 3863 ὅπου
1539 3811 1748 3878 ταύτην

176 3903 272 3954 καὶ
292 3901 586 3970 καταφέρει
616 3900 857 3970 κεφαλῆς
900 3901 1252 3954 παντάπασιν
1288 3901 1624 3968 ἀφυλάκτου.
1659 3894 1754 3953 Εἶ-

176 3993 246 4045 τά
284 4008 383 4045 που
430 3994 642 4054 καὶτὰς
678 3993 831 4062 ἡνίας
850 3992 1063 4061 ἒφεῖσα,
1099 3991 1345 4062 θρασέως
1380 3991 1521 4058 άγαν
1544 3995 1750 4061 euntq-

180 4085 267 4158 δᾴ,
294 4087 389 4137 καὶ
419 4086 681 4152 πειρᾶται
708 4083 911 4152 φθάσαι
946 4082 1047 4153 τὴν
1077 4081 1422 4153 συμπλοκὴν,
1474 4085 1571 4135 καὶ
1605 4082 1749 4136 ἑλεῖν

182 4175 453 4229 αὖτοεοεί.
498 4175 655 4228 Οὕτω
698 4190 762 4241 γε
813 4175 1034 4245 τρόπων
1081 4174 1182 4227 οὒκ
1215 4176 1434 4243 ἀπορεῖ,
1468 4175 1608 4244 πρὸς
1658 4174 1752 4227 τὸν

187 4268 381 4321 σκοπὸν
410 4266 580 4335 αὐτῆς
604 4266 1011 4319 συντεινόντων.
1044 4265 1156 4318 Καὶ
1172 4264 1234 4318 τὸ
1267 4265 1331 4333 δὴ
1370 4264 1750 4335 φοϐερώτερον

190 4359 427 4418 πάντων,
465 4357 560 4408 καὶ
582 4354 809 4424 μονονοὺ
824 4356 944 4417 ταῖς
964 4353 1167 4424 ψυχαῖς
1193 4355 1506 4423 ἀπόγνωσιν
1554 4356 1753 4425 ἐμποι-

1860 3171 2094 3216 mentem
2126 3160 2287 3214 alicui
2322 3160 2507 3215 venire
2533 3175 2850 3229 perversum
2897 3160 3070 3229 possit
3099 3169 3154 3214 et
3181 3163 3248 3216 Ad
3308 3178 3422 3216 ηια-

1853 3254 2028 3308 litiam
2053 3252 2412 3322 ingeniosum.
2455 3250 2586 3306 Siue
2611 3252 3032 3308 denuntiatione
3063 3254 3264 3309 bellum
3322 3271 3423 3310 no-

1856 3346 1939 3400 bis
1967 3343 2152 3409 infert,
2190 3343 2484 3397 vulnerare
2517 3343 2669 3411 prius
2711 3344 2898 3398 volens
2924 3359 3085 3412 quam
3114 3346 3422 3415 conspicia-

1854 3446 1964 3492 tur.
1989 3436 2236 3491 Prtelium
2270 3447 2596 3490 nocturnum
2647 3443 2819 3503 amat,
2852 3447 2909 3490 ut
2953 3438 3163 3505 sopitos
3227 3452 3423 3509 aggre-

1856 3529 2058 3594 diatur,
2092 3540 2149 3583 ut
2177 3528 2421 3594 hostem,
2456 3530 2607 3598 prius
2643 3545 2806 3599 quam
2838 3530 3046 3599 gladius
3074 3535 3304 3588 nudatus
3332 3534 3421 3598 sit,

1853 3630 2183 3678 antevertat.
2248 3622 2368 3687 Quo
2389 3623 2531 3677 enim
2569 3621 2659 3676 illa
2691 3624 3203 3693 pactoiguoraverit
3227 3626 3420 3693 quanti

1853 3715 2115 3771 aestimari
2144 3716 2340 3783 debeat
2383 3713 2703 3781 anticipatio
2764 3725 2989 3782 repente
3043 3715 3225 3770 facta?
3284 3715 3419 3770 Nam

1853 3806 1974 3874 ejus
2006 3803 2322 3859 admiranda
2349 3803 2428 3856 vis
2460 3812 2543 3856 est
2569 3802 2625 3855 in
2681 3786 3043 3871 percellendis
3106 3808 3270 3861 etiam
3314 3808 3424 3861 foro

1854 3898 2191 3952 tissitnorum
2221 3894 2442 3948 animis.
2470 3892 2716 3955 ,Tametsi
2747 3895 2864 3950 leve
2895 3897 3154 3965 quiddam
3186 3900 3419 3960 accidat,

1855 3989 1973 4057 plus
2004 3997 2183 4040 tatren
2211 3985 2436 4039 habebit
2462 3985 2660 4038 virium
2696 3989 2762 4039 ad
2790 3986 2907 4040 illos
2958 4002 3173 4057 quoque
3214 3998 3425 4044 terrea-

1855 4080 1951 4132 dos
1981 4077 2069 4144 qui
2098 4090 2207 4129 non
2234 4074 2394 4128 facile
2433 4074 2625 4127 terreri
2658 4075 2863 4134 solent.
2891 4090 3052 4145 quam
3089 4079 3233 4146 quod
3286 4094 3422 4145 prae-

1852 4168 2027 4222 visum
2052 4176 2159 4231 est,
2186 4165 2440 4220 recordes
2475 4165 2675 4220 turbet.
2705 4162 2838 4217 Nam
2898 4180 3121 4233 parvum
3168 4167 3422 4235 quiddam

1856 4268 2054 4329 praeter
2102 4257 2566 4326 exspectationem
2645 4255 3043 4310 formidabilius
3084 4267 3170 4311 est
3227 4274 3424 4326 magno

1856 4354 1999 4419 quod
2024 4355 2401 4417 ex5pectatur.
2436 4347 2717 4403 Tenebras
2744 4358 2909 4412 amat,
2967 4348 3299 4417 illunemque
3326 4367 3425 4403 no-

190 4449 281 4501 οὖν
299 4467 315 4479 ·
344 4449 488 4501 νῶτα
521 4448 630 4517 γὰρ
656 4444 827 4500 δοῦσά
858 4461 1013 4510 ποτε,
1041 4444 1343 4514 ἀπράκτων
1364 4446 1475 4497 τῶν
1497 4447 1745 4516 ἐγχειρη-

1856 4451 2023 4497 ctem.
2060 4441 2307 4511 Caligine
2338 4454 2520 4495 crassa
2555 4440 2879 4499 delectatur.
2946 4456 3067 4510 qum
3126 4443 3303 4495 oculis
3345 4442 3425 4495 in.-

198 4541 371 4607 μάτων
399 4539 535 4607 αὐτῇ
563 4536 840 4606 φανέντων
869 4535 996 4605 ἑξῆς
1024 4536 1282 4589 ἁπάντων
1312 4538 1330 4604 (
1356 4537 1520 4605 μόνου
1550 4538 1661 4601 γάρ
1687 4537 1753 4612 ἀν

198 4630 276 4698 εἴη
304 4628 437 4682 Θεοῦ
465 4629 526 4680 τὸ
575 4627 862 4687 παντελῶς
908 4628 1180 4695 ἀήττητον
1215 4625 1259 4694 ),
1288 4626 1350 4679 οὐ
1396 4627 1753 4692 καταπίπτει,

198 4724 287 4773 οὐκ
320 4721 525 4787 ἀμελεῖ,
555 4720 658 4771 οὐκ
688 4716 1047 4786 ἀπαγορεύει,
1095 4714 1216 4769 οὐδὲ
1269 4717 1491 4785 μακρὰν
1525 4716 1759 4786 ἀφίστα-

200 4825 302 4875 ται,
329 4809 462 4863 ἀλλὰ
496 4809 841 4878 περινοστεῖ,
900 4807 995 4859 καὶ
1029 4805 1396 4867 ἐπιϐουλεύει,
1438 4805 1557 4867 πῶς
1610 4806 1753 4872 aiat;

204 4904 328 4971 πόση
349 4902 554 4970 σπουδῇ
580 4917 596 4965 ;
618 4900 677 4951 οὐ
704 4899 770 4969 δὴ
794 4900 953 4968 λήγει
986 4897 1268 4968 ράπτουσα
1282 4898 1488 4964 δόλους,
1516 4897 1638 4950 οὐδὲ
1661 4898 1759 4967 λή-

206 4992 275 5056 ξει
298 4993 354 5059 γέ
383 5009 532 5055 ποτε,
555 4989 822 5060 οῠμενουν
844 4991 953 5043 οὐδ’
974 4990 1298 5044 ὁπωστιοῦν.
1321 4989 1456 5042 Οὐδὲ
1487 4989 1592 5060 γὰρ
1619 4993 1759 5044 ἀπο-

207 5082 463 5148 γινώσκει,
477 5083 581 5137 κᾶν
629 5084 658 5136 ὅ
688 5101 742 5136 τι
772 5082 973 5137 πάθοιο
996 5082 1105 5136 οὐδ’
1143 5082 1351 5153 ίλιγγιᾷ
1398 5085 1517 5145 ταῖς
1552 5085 1758 5135 ἀποτυ-

207 5172 355 5241 χίαις,
380 5175 478 5228 κᾶν
500 5174 740 5246 ἀριθμοῦ
759 5176 1042 5245 κρείττους
1070 5174 1332 5242 γένοιντο.
1365 5174 1684 5246 Παρατηρεῖ
1702 5175 1758 5228 δὲ

211 5265 320 5325 τοὺς
335 5268 575 5335 καιροὺς,
590 5267 710 5330 καὶ,
724 5268 855 5320 ὅταν
878 5267 1116 5335 θύραθέν
1136 5285 1187 5320 τι
1208 5266 1380 5321 δεινὸν
1395 5267 1634 5333 ἐπέλθοι,
1664 5267 1757 5320 τό·

211 5368 261 5403 τε
277 5357 360 5407 καὶ
377 5358 470 5427 ἥδε
498 5362 753 5424 κινεῖται,
776 5359 1007 5427 ἕρμαιον
1032 5362 1214 5429 ἡγησα
1226 5360 1361 5429 μένη
1376 5358 1437 5411 τὸ
1454 5358 1756 5428 συμπεσόν.

222 5444 357 5499 Ἐπεὶ
384 5450 475 5502 καὶ
507 5450 660 5519 μῦες,
688 5451 786 5505 καὶ
808 5450 1067 5520 αἴλουροι,
1102 5454 1197 5502 καί
1233 5450 1344 5502 πᾶν
1364 5448 1604 5502 τοιοῦτον
1629 5450 1755 5502 κλε-

214 5539 497 5607 πτίστατον,
514 5543 667 5595 λύκοι
681 5559 741 5595 τε
765 5545 854 5595 καὶ
874 5545 1020 5597 ἅπαν
1038 5542 1403 5613 ἁρπακτικὸν,
1421 5543 1635 5612 ταραχῇ
1661 5543 1758 5595 καὶ

217 5629 332 5703 ζάλῃ
352 5634 545 5705 χαίρει,
560 5635 656 5687 καὶ
674 5635 954 5704 ραγδαίοις
971 5635 1163 5697 ὑετοῖς,
1194 5635 1287 5687 καὶ
1311 5634 1643 5703 ἀστραπαῖς,
1666 5634 1759 5686 καὶ

220 5719 439 5789 βρονταῖς
467 5710 743 5793 ἐξαισίοις,
778 5728 877 5780 καὶ
904 5727 1002 5780 ὅσα
1033 5726 1337 5796 τρικυμίαν
1363 5726 1559 5795 ψυχαῖς
1600 5726 1759 5795 ἐντή-

1855 4534 2155 4603 spectabile
2184 4531 2359 4586 reddit
2411 4534 2554 4602 quod
2621 4532 2954 4600 aspectabile
3007 4540 3115 4585 est.
3158 4531 3424 4599 Equidem

1857 4626 2000 4680 illam
2033 4623 2291 4680 delectari
2310 4622 2694 4692 congressibus
2714 4624 2953 4677 siderum
2990 4622 3422 4678 clarissimorum

1857 4715 2122 4779 arbitror,
2156 4724 2214 4768 ut
2241 4715 2346 4768 hoc
2389 4714 2550 4767 modo
2582 4730 2818 4783 corpore
2873 4715 3017 4767 lunae
3043 4715 3187 4768 inter
3240 4714 3428 4768 oculos

1855 4815 1911 4860 et
1933 4805 2104 4859 solem
2133 4814 2306 4860 semet
2343 4803 2732 4873 interjiciente,
2768 4804 2904 4859 radii
2943 4808 3052 4859 vim
3086 4819 3238 4858 suam
3294 4818 3424 4874 erga

1858 4913 1955 4951 nos
1988 4911 2245 4951 exercere
2266 4905 2566 4963 nequeant.
2598 4895 2679 4950 Ad
2705 4911 2999 4959 summam.
3055 4897 3282 4950 charum
3345 4908 3430 4951 est

1858 4989 2120 5056 voluptati
2161 4986 2422 5057 quidquid
2458 4987 2509 5040 in
2546 5002 2712 5041 causa
2741 4999 2828 5044 est
2861 4998 2920 5042 ut
2980 4988 3121 5042 clam
3159 5002 3260 5042 nos
3312 4988 3431 5041 alli-

1860 5094 1986 5134 cere
2014 5080 2339 5135 detrimento
2364 5080 2557 5150 possit.
2583 5080 2887 5134 Admodum
2913 5082 3057 5135 enim
3083 5082 3131 5135 ei
3164 5081 3432 5149 familiare

1858 5184 1962 5239 est,
1998 5174 2266 5244 quasique
2295 5174 2532 5229 cum‘illa
2569 5175 2671 5229 hoc
2704 5175 2962 5238 adolevit,
2995 5186 3052 5227 ut
3083 5176 3220 5228 clam
3255 5176 3422 5228 telum

1860 5267 2074 5322 emittat
2103 5283 2167 5321 ac
2213 5267 2475 5335 quidquid
2542 5268 2912 5321 sauciaturum
2961 5266 3058 5327 sit,
3106 5267 3154 5319 id
3208 5266 3426 5347 quidem

1861 5363 2097 5425 emittat,
2131 5377 2240 5429 quo
2273 5361 2430 5415 letale
2454 5376 2511 5414 se
2542 5361 2739 5413 vulnus
2765 5357 3013 5419 inﬂigere
3041 5370 3199 5424 posse
3222 5364 3424 5423 speret.

1860 5455 2021 5508 Clam'
2059 5453 2295 5520 denique
2352 5461 2540 5506 cointra
2602 5466 2700 5504 nos
2753 5449 2999 5503 omnino.
3032 5447 3163 5500 facit
3220 5449 3424 5507 oumia.

1859 5561 1981 5599 cum
2014 5544 2195 5596 facere
2229 5550 2429 5608 potest,
2462 5556 2563 5595 nec
2592 5537 2810 5607 aliquod
2844 5538 3292 5606 impedimentum
3318 5549 3424 5592 ρει.

1857 5632 2026 5684 Αίὶιι
2092 5631 2330 5683 facinore
2359 5631 2403 5683 si
2468 5629 2909 5698 deprehendatur
2963 5636 3253 5695 antequam
3309 5642 3420 5680 rem

1862 5721 2150 5791 pert-gerit,
2177 5734 2298 5774 mox
2331 5721 2385 5774 in
2417 5720 2754 5775 contrarium
2787 5734 2908 5776 sese
2939 5719 3122 5786 vertit,
3144 5728 3199 5773 et
3248 5719 3429 5788 palata
