3920 6200
536 258 648 322 4ἴῶ

1739 268 2139 333 MANUELIS
2178 277 2625 338 PAL/EOLOGI
3330 352 3335 355 ,
3614 306 3691 367 456

540 375 883 441 impudenter
908 390 969 429 ac
1002 376 1248 447 improbe
1303 378 1431 434 facit
1463 382 1666 447 omnia,
1724 400 1828 454 qua
1887 385 2089 453 quiden

2213 410 2321 457 κει,
2367 396 2441 458 ὡς
2493 394 2795 463 τηνικαῦτα
2838 395 3037 467 ῥᾳδίως
3092 401 3347 474 δυνάμενα
3402 421 3691 483 κακουργεῖν,

537 464 869 533 impudentia
912 467 1168 534 majorem
1199 471 1298 523 sibi
1331 471 1609 527 licentiam
1665 474 2102 546 libertatemque,

534 556 723 615 sumit,
766 571 926 623 quam
958 559 1100 613 alius
1128 561 1178 614 in
1207 563 1369 618 rebus
1401 564 1806 622 honestissimis
1865 567 2100 635 faceret;

530 657 693 712 atque
721 647 790 697 ita
854 649 1051 705 deinde
1112 652 1163 706 iu
1226 656 1471 709 omnium
1530 670 1832 727 conspectu
1890 661 2101 714 hastam

524 734 726 802 quatit,
754 737 879 789 etin
913 739 1236 807 osjaculum
1267 743 1474 813 dirigit,
1506 747 1877 816 ambabusque
1918 750 2098 802 mania

526 826 627 879 bus
663 842 791 881 saxa
830 832 1067 899 projicit,
1099 846 1152 888 et
1181 836 1388 889 clavam
1426 836 1675 894 llerculis
1701 841 1900 903 vibrat,
1964 856 2102 895 nou-

526 931 804 983 nunquam
838 920 973 974 hanc
1015 924 1181 976 etiam
1238 926 1291 978 in
1320 936 1483 994 caput
1514 929 1741 983 omnino
1810 946 1916 985 non
1979 947 2103 983 ιιιιι-

525 1009 699 1062 nitnm
742 1011 1000 1068 demittit.
1062 1014 1375 1071 Secundum
1433 1018 1545 1072 haec
1602 1019 1801 1072 laxatis
1852 1020 2097 1087 habenis,

525 1101 786 1157 audacter
808 1104 1098 1159 admodum
1121 1108 1315 1173 insilit,
1342 1118 1398 1164 et
1462 1118 1812 1186 antevenere
1842 1127 2100 1180 congres-

523 1206 641 1244 sum
663 1193 870 1258 nititur,
900 1198 1223 1268 hostemque
1240 1200 1413 1266 primo
1434 1200 1637 1268 impetu
1662 1216 1881 1264 capere.
1909 1200 2098 1273 Usque

522 1283 659 1335 adeo
690 1300 794 1337 non
826 1287 1020 1341 desunt
1052 1290 1099 1342 ei
1156 1290 1418 1357 rationes,
1486 1293 1552 1346 ad
1608 1295 1935 1350 destinatum
1993 1298 2097 1367 ipsi

526 1374 688 1428 tinem
727 1392 1062 1448 scopumque
1092 1384 1481 1459 pertinentes.
1504 1384 1656 1450 Quod
1706 1387 1945 1457 denique
1987 1404 2097 1459 prae

520 1470 734 1520 cmteris
760 1470 1165 1526 formidabilius
1192 1484 1300 1538 est,
1330 1468 1656 1545 animosque
1686 1480 1846 1532 modo
1894 1496 1997 1534 non
2029 1483 2096 1536 ad

520 1558 967 1643 «,lcsperationetq
1008 1564 1198 1632 adigit,
1239 1565 1512 1620 interdum
1550 1568 1679 1623 licet
1725 1581 1872 1638 terga
1933 1573 2093 1627 dede-

520 1650 615 1711 rit,
648 1663 952 1719 omnesque
988 1665 1222 1710 conatus
1250 1658 1370 1726 ejus
1400 1658 1542 1713 irriti
1567 1660 1733 1715 fuisse
1762 1665 1855 1716 visi
1887 1663 2093 1719 fuerint

516 1740 739 1811 (quippe
771 1745 943 1799 solius
980 1747 1072 1801 Dei
1110 1748 1293 1816 fuerit,
1352 1766 1577 1819 prorsus
1630 1754 1893 1809 invictum
1950 1758 2092 1827 esse)
2126 1727 2169 1786 Β

515 1848 621 1886 non
658 1845 837 1889 tamen
871 1840 1102 1903 corruit,
1140 1856 1244 1894 non
1269 1857 1453 1895 curam
1478 1844 1689 1912 abjicit,
1721 1862 1826 1900 non
1854 1848 2091 1902 animum

515 1923 833 1990 despondet,
864 1942 971 1982 non
1004 1931 1191 1997 procul
1214 1933 1479 1995 abscedit,
1510 1935 1607 1988 sed
1659 1937 1973 1992 obambulat
2036 1949 2093 1995 et

516 2015 849 2081 insidiatur;
887 2034 995 2087 quo
1027 2033 1182 2088 putas
1217 2023 1413 2091 pacto?
1441 2040 1550 2093 quo
1605 2030 1828 2081 studio?
1870 2031 2094 2089 fraudes

516 2114 733 2160 nectere
766 2124 872 2162 non
900 2111 1123 2174 desinit,
1144 2127 1260 2173 ,nec
1315 2128 1551 2181 unquam
1581 2130 1678 2170 nec
1712 2119 1816 2172 ulla
1874 2124 2092 2179 ratione

510 2197 749 2254 desinet.
784 2200 901 2254 Non
934 2204 1078 2256 enim
1112 2203 1391 2273 desperat,
1448 2207 1711 2277 quidquid
1762 2211 1812 2263 ei
1875 2215 2091 2267 tandem

515 2290 750 2344 accidat.
779 2290 890 2345 Nec
928 2295 998 2347 ob
1030 2295 1278 2363 repulsas
1301 2304 1355 2349 et
1387 2297 1501 2364 spei
1534 2297 1927 2355 frustrationes
1978 2305 2087 2358 hae-

514 2367 618 2441 ret,
644 2384 861 2438 tametsi
896 2386 1118 2439 veniant
1139 2388 1774 2457 propeinnumerabiles.
1811 2391 2081 2448 Momenta

512 2482 820 2541 temporum
875 2479 1155 2541 observat,
1237 2485 1292 2532 ct
1322 2494 1445 2531 cum
1513 2481 1853 2536 extrinsecus
1909 2486 2088 2539 dirum

512 2566 721 2633 aliquid
747 2569 1069 2632 accesserit,
1125 2579 1253 2624 tunc
1306 2580 1360 2624 et
1413 2572 1529 2638 ipsa
1586 2586 1709 2626 sese
1755 2587 2087 2642 commovet,

506 2673 747 2725 eumque
780 2673 965 2713 casum
1002 2675 1101 2727 pro
1134 2660 1413 2732 insperato
1439 2664 1590 2718 lucro
1642 2665 1812 2721 ducit.
1847 2667 1983 2722 Nam
2028 2680 2085 2723 et

515 2767 719 2814 iiitn'es,
751 2764 805 2805 et
839 2752 991 2818 feles,
1023 2763 1077 2807 et
1120 2754 1381 2824 quidquid
1408 2757 1525 2827 ejus
1549 2766 1631 2812 est
1680 2760 1896 2828 generis
1942 2760 2088 2814 fura-

509 2842 816 2907 cissimum,
849 2844 1087 2914 itemque
1116 2847 1226 2915 lupi
1260 2856 1311 2902 et
1339 2850 1569 2916 quodvis
1636 2866 1801 2921 rapax
1860 2853 2085 2920 animal,

510 2934 925 3001 perturbatione
963 2944 1398 3008 tempestateque
1428 2941 1685 3009 gaudent,
1716 2954 1769 2998 et
1802 2944 2091 2999 vehemen-

478 3026 656 3087 ,tibns
685 3026 904 3095 pluviis,
930 3036 982 3081 et
1033 3028 1334 3097 fulgoribus
1363 3040 1523 3099 atque
1559 3035 1821 3089 tonitruis
1889 3036 2087 3089 imma-

508 3119 692 3180 uibus,
720 3114 780 3171 et
801 3118 948 3182 aliis,
1005 3121 1206 3189 quibus
1261 3124 1427 3175 animi
1484 3123 1770 3192 fluctuant,
1828 3128 1975 3195 quod
2031 3128 2085 3182 id

510 3212 772 3279 temporis
796 3225 1054 3265 exercere
1086 3214 1352 3267 maleficia
1381 3230 1479 3269 sua
1513 3215 1725 3270 facilius
1754 3218 1947 3286 possit,
2009 3220 2077 3272 ad

508 3300 614 3350 alia
656 3301 1078 3368 respicientibus
1107 3302 1216 3356 illis
1252 3304 1346 3372 qui
1383 3306 1698 3373 ceteroquin
1736 3307 1804 3361 ab
1830 3310 1909 3361 eis
1970 3308 2075 3362 sibi

506 3401 719 3446 cavent.
751 3392 1107 3447 Truculcmia
1145 3398 1387 3463 quadam
1440 3397 1491 3450 in
1522 3400 1664 3452 ursis
1718 3407 1807 3456 est
1855 3399 2085 3469 aliisque

508 3484 728 3548 talibus,
765 3493 822 3539 at
851 3486 977 3554 quid
1002 3486 1066 3539 de
1089 3486 1192 3541 ista
1244 3486 1554 3542 detestabili
1584 3489 1867 3544 dicemus?
1925 3491 2084 3547 Acris

503 3584 593 3635 est
624 3574 677 3627 in
715 3574 967 3641 tigribus,
1001 3584 1053 3628 et
1083 3578 1124 3628 si
1158 3577 1284 3644 quid
1314 3578 1396 3629 bis
1435 3592 1554 3645 par,
1583 3578 1904 3644 iracundia;
1937 3588 1991 3633 at
2027 3580 2080 3634 in

507 3666 607 3719 hac
642 3680 889 3732 quamam
908 3676 994 3719 est
1026 3670 1385 3722 mansuetudo
1416 3669 1438 3721 ἲ
1465 3668 1661 3724 Βοειίαι
1684 3673 1927 3738 quaedam
1955 3673 2086 3725 sub-

503 3757 641 3810 dolae
667 3767 817 3824 sunt,
853 3758 922 3813 de
946 3760 1229 3816 vilioribus
1250 3762 1367 3816 istis
1396 3761 1610 3830 loquor,
1636 3772 1692 3815 ιιι
1712 3763 1895 3832 vulpes
1923 3776 2074 3829 sunt,
2174 3788 2177 3795 λ

503 3859 561 3901 ιιι
592 3850 782 3916 simiae,
808 3860 867 3904 ut
900 3852 1018 3906 alite
1052 3852 1206 3906 tales.
1228 3853 1385 3919 Quod
1408 3852 1652 3908 fallacias
1677 3855 1894 3918 attinet,
1921 3855 2076 3923 longe

498 3941 718 4009 quidem
756 3943 854 3997 has
877 3944 1127 4014 voluptas
1184 3954 1430 4013 superat.
1476 3944 1936 4000 Chammleontem
1990 3948 2074 4000 in-

498 4034 637 4096 duit,
668 4034 806 4088 alius
842 4035 1062 4104 quidam
1102 4034 1332 4089 Proteus
1378 4045 1482 4091 est.
1534 4035 1808 4105 Quidquid
1856 4053 2077 4106 perver-

2208 485 2304 539 ἆτε
2333 486 2396 557 δὴ
2425 487 2735 557 βλεπόντων
2760 490 2840 551 είς
2868 491 3032 561 ἔτερα
3058 495 3163 547 τῶν
3190 496 3253 549 τὰ
3272 497 3433 552 αὐτῶν
3455 504 3690 569 φυλαττόν·

2207 598 2336 635 των.
2393 581 2677 651 ’ἰταμότης
2707 585 2763 643 ὲν
2788 588 2910 648 ταῖς
2952 588 3169 655 ἄρκτοις
3198 592 3286 644 καὶ
3332 595 3433 656 τοῖς
3462 599 3695 665 τοιούτοις.

2204 670 2270 723 Τί
2299 672 2355 723 δὲ
2383 674 2414 741 ὴ
2447 674 2871 746 ἀποφρὰςζαῦτη
2905 694 2918 743 ;
2961 678 3247 750 Ὀξυθυμία
3275 684 3413 753 παρά
3434 690 3531 748 τοῖς
3557 689 3696 756 τίγρι-

2206 779 2279 825 σι,
2302 764 2398 814 καὶ
2447 763 2501 814 εἴ
2535 782 2585 816 τι
2611 765 2825 839 τούτοις
2855 769 3172 838 ὲφάμιλλον.
3214 772 3299 825 Ἐν
3345 774 3502 846 ταύτῃ
3545 778 3592 829 δὲ
3633 781 3697 853 τίς

2204 856 2451 925 πραότης
2476 873 2489 920 ;
2519 856 2771 911 ’Ύπουλά
2787 876 2905 913 τινα
2925 860 3085 931 θηρία
3109 864 3296 916 ’ταυτὶ
3322 865 3372 918 δὲ
3399 866 3525 933 λέγω
3556 870 3697 923 mea.

2203 946 2518 1015 τελέστερα,
2558 949 2756 1016 κερδὼ,
2790 952 2886 1005 καὶ
2938 953 3186 1020 πίθηκοι,
3244 959 3332 1009 καὶ
3386 958 3446 1010 τὰ
3494 961 3696 1018 τοιαῦτα.

2206 1039 2391 1109 Ιῖολλῷ
2421 1058 2487 1108 γε
2508 1042 2681 1095 ταῦτα
2707 1044 3133 1114 ὑπερηκόντισεν
3160 1050 3191 1117 ή
3221 1048 3372 1119 ἡδονὴ
3395 1052 3573 1119 πρδςτὸ
3593 1052 3699 1120 itea-

2202 1132 2315 1186 λον.
2340 1135 2671 1204 Χαμαιλέων
2693 1137 2925 1204 γίνεται,
2960 1140 3215 1215 Πρωτεὺς
3251 1142 3416 1206 ἄλλος.
3446 1146 3585 1216 Ζηλοί
3611 1149 3697 1200 πᾶν

2200 1226 2262 1279 τὸ
2314 1228 2589 1297 κακόηθες
2630 1232 2725 1282 καὶ
2792 1232 3151 1299 μεταϐάλλειν
3199 1234 3387 1301 αὐτίκα
3429 1236 3699 1307 δυνάμενον.

2201 1320 2494 1389 Καταγελᾷ
2516 1321 2651 1390 πρὸς
2678 1324 2736 1375 τὸ
2762 1324 2978 1395 ἀπατᾷν
3002 1326 3108 1378 τῶν
3130 1329 3440 1399 σοφωτέρων
3459 1332 3529 1391 εἰς
3555 1330 3698 1391 τοῦτο,

2199 1411 2425 1464 ἐναλίων
2444 1411 2492 1463 ϐ’
2509 1414 2647 1483 ἅμα,
2665 1417 2757 1467 καὶ
2772 1415 2990 1486 πτηνῶν
3006 1416 3102 1470 καὶ
3118 1402 3449 1493 τετραπόδων
3471 1420 3700 1475 ἁπάντων.

2198 1504 2265 1559 Εἴ
2281 1524 2332 1558 τι
2351 1506 2459 1557 τῶν
2480 1507 2617 1568 ὅλως
2641 1507 2980 1575 αἰσθητικῶν
3001 1510 3096 1563 ἐπὶ
3117 1511 3213 1580 τὴν
3232 1510 3438 1580 ὑφήλιον
3456 1512 3701 1578 ἐξύμνηται

2196 1597 2279 1657 εἰς
2310 1596 2579 1667 πονηρίαν
2602 1598 2695 1650 καὶ
2718 1601 3248 1670 καηήθειαν,λῆρος
3279 1602 3446 1674 ἐκείνῃ
3472 1603 3702 1668 νομίζεται

2196 1689 2275 1751 είς
2296 1689 2499 1760 ἑαυτὴν
2528 1686 2938 1764 ἁποῦλεποῦσῇ.
2966 1693 3149 1746 Μόνον
3167 1695 3271 1760 γὰρ
3287 1694 3435 1747 τοῦτο
3455 1695 3700 1762 θαυμάζει,

2194 1783 2223 1836 ὃ
2246 1784 2311 1853 δὴ
2338 1784 2561 1855 λογικὴν
2586 1786 3068 1857 ψυχηνάπατῆσαι
3100 1789 3317 1841 δύναται
3346 1788 3436 1856 τὴν
3462 1788 3700 1857 ταχίστην.

2193 1879 2297 1930 Τὸν
2325 1878 2450 1946 ὄφιν
2484 1878 2612 1941 ἴσως
2643 1879 2956 1950 αἰσχύνεται
2983 1882 3059 1945 ὡς
3094 1882 3254 1934 πάλαι
3284 1880 3431 1934 τοῦτο
3459 1880 3701 1949 δεδυνημέ-

2192 1988 2303 2027 νον.
2342 1971 2485 2043 Πλὴν
2516 1971 2608 2024 καὶ
2637 1970 2829 2025 τοῦτοῦ
2860 1990 2951 2040 μοι
2985 1972 3138 2026 δοκεῖ
3167 1973 3473 2043 ἰσχυροτέρα
3501 1974 3528 2043 ﬁ
3554 1972 3699 2042 ἡδονή.

2191 2064 2350 2115 Δυοϊν
2380 2064 2489 2132 γὰρ
2511 2064 2706 2126 ὄντοιν,
2739 2064 2809 2117 δι’
2837 2063 2871 2117 ἃ
2908 2066 3266 2119 πεπτώκασιν
3290 2066 3337 2119 oi
3377 2065 3693 2133 προπάτορες.

2190 2156 2282 2209 τὸν
2317 2156 2441 2229 ὅφιν
2463 2156 2631 2225 λέγω,
2663 2156 2760 2210 καὶ
2791 2157 2883 2210 τὸν
2916 2159 3154 2227 καρπὸν,
3188 2159 3395 2227 πρῶτόν
3422 2174 3475 2210 τε
3512 2156 3653 2210 αῐτιον
3680 2158 3700 2209 ὁ

2192 2252 2409 2319 καρπὸς
2437 2250 2531 2303 καὶ
2567 2250 2774 2319 μεῖζον,
2796 2250 2871 2316 ῶς
2899 2251 2962 2319 γέ
2989 2269 3081 2320 μοι
3109 2253 3373 2329 φαίνεται.
3402 2249 3499 2303 Τοῦ
3528 2248 3698 2317 καρποῦ

2190 2343 2299 2413 γὰρ
2321 2342 2397 2413 μὴ
2422 2344 2713 2413 παρόντος,
2744 2345 2879 2415 μηδὲ
2909 2346 3004 2406 τὰς
3040 2346 3197 2413 ὄψεις
3225 2345 3565 2413 ἐφελκομένου
3592 2345 3700 2410 πρὶς

2188 2437 2289 2507 τὴν
2323 2434 2520 2489 ἑαυτοῦ
2552 2436 2681 2489 Θέαν
2715 2438 2810 2490 καὶ
2866 2439 3222 2507 κατανόησιν.
3257 2440 3308 2491 τί
3337 2438 3448 2490 ποτ’
3478 2440 3536 2490 ἂν
3585 2431 3699 2504 εἶχεν

2188 2529 2216 2582 ὁ
2237 2528 2360 2596 ὄφις
2395 2527 2527 2599 δρᾷν
2550 2544 2564 2593 ;
2591 2526 2644 2579 τί
2668 2527 2762 2579 καὶ
2780 2529 3071 2595 παραινεῖν
3105 2544 3120 2591 ;
3144 2529 3199 2580 τί
3227 2531 3314 2585 καὶ
3334 2524 3696 2597 συμὸουλεύεινς

2190 2620 2396 2674 Τούτου
2423 2621 2480 2674 δὲ
2508 2619 2862 2685 ἀποστάντος,
2923 2621 3170 2688 εὐχερῶς
3217 2620 3281 2674 ἂν
3312 2617 3448 2689 εἶχον
3475 2617 3698 2680 κλαπῆναι

2188 2715 2254 2783 τῇ
2283 2712 2580 2782 ὡραιότητι
2605 2712 2696 2764 τοῦ
2728 2710 2942 2781 καρποῦ
2965 2714 3015 2765 οἱ
3043 2714 3126 2783 τῷ
3147 2712 3320 2783 θηρίῳ
3348 2709 3699 2767 πιστεύσαντες,

2191 2804 2368 2874 σαθρά
2402 2820 2525 2857 τινα
2552 2804 2961 2871 παραινέσαντι.
3014 2802 3158 2857 Οὔτε
3192 2804 3300 2875 γὰρ
3346 2803 3541 2872 φθονεῖν
3584 2799 3701 2857 εἰκὸς

2187 2891 2257 2967 ἦν
2294 2896 2385 2948 τὸν
2415 2894 2752 2964 πεποιηκότα
2780 2893 2857 2962 τῷ
2884 2892 3188 2961 πλάσματι,
3237 2894 3327 2949 καὶ
3355 2892 3410 2945 τδ
3432 2891 3549 2944 Θεὸν
3581 2886 3701 2956 γενέ·

2193 2989 2318 3043 σθαι
2351 2987 2441 3040 τὸν
2469 2988 2533 3039 ὲκ
2562 2985 2736 3055 πηλοῦ
2765 2984 2981 3055 καρποῦ
3005 3002 3155 3057 τινος
3196 2982 3501 3056 μεταλήψει.
3534 2981 3701 3033 [latins-

2110 3064 2158 3127 Ο
2189 3081 2299 3143 λῶς
2320 3080 2607 3133 ἀπίθανον.
2653 3077 2866 3148 Ὦραῖος
2895 3078 2952 3130 δὲ
2984 3072 3051 3147 ἧν
3084 3078 3318 3149 καρπὸς,
3346 3076 3434 3128 καὶ
3462 3070 3701 3142 γοητεύειν

2193 3172 2341 3242 μάλα
2369 3168 2688 3239 δυνάμενος,
2723 3168 2817 3221 καὶ
2867 3167 3122 3238 ,χρηστὰς
3172 3165 3492 3235 ἐπαγγελίας
3529 3156 3704 3231 προτεί·

2191 3280 2295 3317 νων
2320 3264 2434 3325 τοῖς
2466 3260 2632 3314 αὑτοῦ
2671 3258 3161 3328 μεταληψομένοις.
3234 3258 3320 3319 Ὧς
3351 3261 3450 3326 γὰρ
3488 3249 3702 3321 εὐφρανεῖ

2187 3358 2267 3428 τῷ
2302 3358 2533 3424 στόματι
2576 3354 3044 3422 προσφερόμενος,
3111 3353 3210 3406 καὶ
3240 3352 3374 3411 ὅλως
3429 3349 3566 3400 ἔσται
3615 3341 3705 3394 τῶν

2185 3450 2405 3521 ὡραίων
2444 3449 2661 3502 πάντων
2694 3450 2880 3519 ἡδίων.
2910 3448 3019 3500 Καὶ
3046 3448 3207 3501 οὐδὲν
3266 3447 3513 3513 ὑπέσχετο
3565 3439 3701 3503 ξένον.

2183 3543 2307 3597 οὐδὲ
2335 3542 2539 3605 καινὸν,
2575 3541 2683 3594 οὐδ’
2717 3542 3001 3603 ἀπίθανον,
3033 3540 3153 3593 ἀλλ’
3189 3539 3385 3592 οἰκεῖον
3410 3535 3556 3604 ἔργον
3583 3528 3703 3583 τελέ-

2186 3653 2325 3703 σειν,
2362 3637 2455 3689 κα¹ι
2480 3635 2728 3705 εὐχερὲς,
2758 3634 2850 3686 καὶ
2876 3634 3228 3701 γιγνόμενον.
3265 3630 3338 3685 Τὸ
3362 3631 3463 3701 γὰρ
3484 3627 3540 3694 δη
3569 3620 3701 3675 καλὸν

2186 3734 2266 3795 εἰς
2288 3731 2413 3799 ὗψιν
2467 3730 2530 3783 οὐ
2567 3727 2907 3799 θαυμαστὸν,
2938 3729 2986 3779 εἰ
3019 3724 3357 3797 ὑποληφθείη
3412 3712 3701 3791 φανήσεσθαι

2189 3827 2401 3898 βέλτιον
2433 3824 2540 3876 τῶν
2557 3823 2733 3876 ἄλλων
2755 3823 2835 3883 είς
2865 3822 3072 3888 γεῦσιν.
3103 3819 3268 3876 ’Ὥστε
3290 3816 3420 3887 πρὸς
3444 3813 3497 3866 τὸ
3524 3821 3699 3898 temta-

2174 3896 2340 3979 2m.
2366 3920 2491 3979 τοὺς
2519 3915 2581 3979 ἐξ
2614 3916 2787 3985 ἀρχῆς
2817 3914 2917 3969 οὐκ
2973 3912 3133 3980 ὀλίγα
3188 3908 3500 3969 συνεϐάλετο
3546 3902 3625 3955 καὶ
3672 3896 3695 3963 ἡ

2181 4011 2291 4065 ἀπὸ
2316 4010 2409 4062 τοῦ
2448 4005 2660 4076 καρποῦ
2699 4005 3015 4058 ὲλπισθείσα
3070 4006 3256 4075 ἡδονή.

496 4143 616 4184 sum
641 4138 746 4191 est,
787 4129 1073 4198 subitoque
1112 4127 1338 4181 formam
1387 4129 1547 4181 aliam
1585 4131 1857 4185 asciscere
1891 4138 2085 4199 potest,
2151 4126 2456 4181 aemulatur.
2483 4118 2841 4219 Οιξίιιίιιῇάβξι
2874 4117 3109 4219 hilum“)
3133 4208 3145 4219 ν
3175 4118 3387 4175 “frum
3450 4124 3528 4219 θεέ

497 4219 754 4273 animalia
782 4221 987 4273 marina
1016 4224 1221 4288 pariter
1237 4229 1290 4272 et
1321 4218 1587 4283 volucria,
1619 4220 2079 4288 quadrnpedaque
2113 4218 2384 4274 universa,
2428 4211 2639 4265 irridet.
2682 4207 2956 4276 Quidquid
2997 4208 3224 4261 omnino
3254 4222 3445 4262 sensus
3474 4211 3697 4274 partire!"

500 4316 552 4366 in
578 4316 709 4368 orbe
731 4314 827 4366 soli
858 4315 1098 4376 subjecto
1128 4313 1410 4381 pravitatis
1459 4322 1517 4365 et
1569 4312 1810 4367 mollitia:
1859 4314 2075 4366 nomine
2114 4308 2459 4363 nobilitatum
2486 4314 2587 4370 est,
2620 4305 2691 4358 ab
2724 4304 2835 4372 ipsa
2864 4305 3103 4371 seipsam
3144 4305 3463 4368 respiciente
3523 4310 3606 4365 νη)
3652 4301 3694 4337 ’δ

499 4403 654 4457 nauci
688 4404 924 4457 ducitur.
952 4403 1064 4456 Hoc
1121 4404 1266 4457 enim
1328 4402 1505 4455 solum
1549 4403 1869 4467 admiratur,
1903 4402 2047 4471 quod
2092 4401 2331 4453 animam
2394 4398 2603 4451 ratione
2664 4395 2946 4463 praeditam
3007 4395 3297 4449 celerrime
3324 4395 3502 4447 fallere
3533 4392 3691 4457 potest-

498 4499 816 4566 Serpentem
844 4495 1073 4549 fortasse
1115 4502 1414 4559 reveretur,
1439 4509 1558 4563 quae
1576 4495 1702 4548 olim
1737 4496 1839 4548 hoc
1863 4495 2057 4562 potuit.
2106 4493 2216 4558 lmQ
2241 4494 2321 4546 vel
2348 4492 2449 4544 hoc
2479 4490 2595 4558 ipso
2630 4488 2896 4541 valentior
2932 4486 3343 4583 mihivoluptas
3413 4499 3527 4583 εἶδες
3581 4480 3699 4531 'ide‘

498 4600 588 4645 tur
623 4604 787 4644 :nam
834 4605 956 4642 cum
985 4590 1101 4642 dua:
1131 4604 1216 4642 res
1244 4589 1351 4641 sint
1379 4602 1516 4656 quas
1546 4588 1615 4639 ob
1648 4603 1732 4641 res
1793 4595 2046 4657 parentes
2091 4586 2166 4640 illi
2204 4584 2362 4652 primi
2396 4584 2547 4637 fuere
2577 4582 2735 4650 lapsi,
2762 4595 3011 4648 serpens,
3072 4580 3322 4673 inquam,
3382 4587 3434 4632 et
3500 4575 3695 4673 ﬁll-tul"

499 4701 620 4739 meo
668 4685 885 4753 quidem
934 4684 1163 4752 judicio,
1214 4682 1467 4751 princeps
1525 4680 1808 4750 majorque
1860 4696 2021 4735 causa
2048 4680 2245 4749 lapsus
2293 4679 2345 4730 in
2398 4676 2576 4729 fructu
2649 4672 2782 4737 fuit;
2844 4672 3040 4741 ψιίρρο
3069 4671 3113 4725 εί
3152 4673 3366 4727 {melus
3396 4687 3494 4726 "0"
3525 4664 3701 4764 “his:

495 4788 598 4840 set,
631 4792 731 4830 nec
757 4776 940 4829 oculos
966 4774 1031 4825 ad
1069 4789 1128 4828 se
1163 4777 1518 4840 spectandum
1576 4773 1879 4836 invitasset,
1936 4773 2220 4843 quidnam,
2261 4769 2512 4831 obsecro,
2545 4781 2772 4835 serpens
2847 4766 3057 4865 t-ﬂicere
3107 4765 3434 4866 potuisset?‘
3476 4753 3699 4866 aqut‘til

499 4867 728 4931 hortari,
766 4866 900 4936 quid
937 4863 1264 4919 consulere?
1294 4862 1540 4918 Vicissim
1569 4873 1745 4917 tamen
1780 4872 2068 4917 venustate
2103 4863 2317 4916 fructus
2349 4859 2511 4912 illecti
2538 4857 2929 4953 fuisseutuqui
3006 4869 3114 4953 use
3179 4865 3289 4908 tam
3345 4850 3701 4953 imbecilll'stt'

499 4961 805 5014 hortatione
842 4958 1030 5014 bellua:
1065 4957 1434 5011 crediderunt.
1504 4955 1614 5011 Nec
1668 4958 1947 5010 enimvero
2008 4965 2427 5009 consentaneum
2501 4959 2639 5013 erat,
2705 4947 2963 5016 Opiﬁccm
3015 4947 3271 5009 ﬁgmenti)
3328 4960 3425 4998 8th
3475 4938 3700 4999 iIH‘IdEI’cv

493 5067 549 5108 et
591 5054 879 5107 formatum
916 5066 947 5105 e
978 5050 1109 5109 luto.
1144 5060 1393 5119 percepto
1426 5050 1599 5103 fructu
1628 5050 1860 5118 quodam
1895 5050 2059 5102 Deum
2100 5060 2418 5107 evasurum,
2447 5042 2604 5110 plane
2631 5041 2787 5094 fidem
2856 5055 2959 5093 non
3006 5039 3343 5092 merebatur.
3406 5035 3474 5089 At
3524 5030 3702 5155 fruelu:

1366 5143 1413 5155 -.
1509 5144 1556 5155 --
1880 5154 1884 5155 κ
1998 5152 2007 5155 -
2119 5151 2129 5155 -
2250 5142 2260 5153 .
2328 5140 2361 5155 σν
2684 5135 2785 5155 ηις,
2825 5133 3061 5155 --ηιμ-ε
3124 5133 3208 5155 ,ηε
3257 5147 3375 5155 μη,
3430 5137 3676 5155 “mm

495 5150 587 5202 ille
650 5155 916 5198 venustus
973 5155 1114 5206 erat,
1186 5157 1252 5195 ac
1297 5143 1450 5195 valde
1509 5142 1738 5195 blandiri
1802 5152 2032 5208 poterat,
2083 5151 2136 5194 et
2174 5140 2373 5193 eximia
2406 5135 2650 5206 quaedam
2683 5135 2788 5187 illis
2822 5133 3086 5202 polliceri,
3118 5133 3211 5202 qui
3252 5147 3377 5185 eum
3429 5133 3676 5200 perceptul

492 5246 681 5292 essent
713 5256 726 5291 :
757 5235 974 5305 puta.si
1000 5240 1378 5287 adnmveretur
1406 5236 1509 5298 ori,
1562 5232 1804 5286 futurum
1843 5242 1899 5285 ut
1957 5236 2288 5302 voluptatem
2325 5231 2570 5290 atl‘erret,
2645 5227 2913 5297 planeque
2983 5234 3204 5278 venusta
3282 5234 3476 5278 cuncta
3524 5215 3701 5329 ,ὠιίαῖ

494 5338 619 5387 dine
671 5340 972 5401 superaret.
1028 5328 1213 5399 Neque
1245 5329 1497 5397 quiddam
1554 5328 1811 5391 alienum,
1871 5338 1963 5382 aut
2012 5330 2249 5383 insolens
2304 5340 2397 5380 aut
2445 5328 2747 5379 abhorrens
2804 5338 2831 5374 a
2884 5336 3045 5384 vero;
3102 5320 3194 5374 sed
3259 5321 3309 5371 id
3359 5320 3696 5385 praestitum!"

495 5440 553 5476 se
586 5425 963 5493 pollicebatur,
998 5426 1138 5493 quod
1182 5423 1286 5477 sibi
1325 5423 1601 5490 proprium
1629 5432 1794 5484 esset.
1825 5434 1876 5475 et
1898 5422 2055 5477 facile
2095 5432 2604 5477 etconscntaneum.
2639 5417 2793 5483 Quod
2815 5417 2959 5469 enim
2989 5424 3209 5481 aspectu
3279 5411 3555 5478 pulchrum
3609 5407 3698 5466 ρει,

498 5518 550 5540 ε..
588 5534 742 5540 _.-___
784 5536 865 5540 _-_
901 5528 1123 5540 -_.-..--
1157 5518 1198 5540 ,ε
1261 5517 1502 5540 -..-ι-...;
1570 5530 1780 5540 ,.....,...,.
1840 5513 2160 5540 θυιδαμ-...η
2195 5513 2311 5540 ..ηιμ
2376 5510 2631 5540 Λιιῖ....ι..ιρ
2717 5508 2939 5540 ιηῖιιίηιο
2999 5505 3195 5540 uminnn
3265 5504 3591 5540 llainnrnnlnr
3642 5486 3701 5540 βά

497 5518 551 5571 id
584 5534 747 5585 supra
783 5536 868 5573 res
896 5528 1126 5573 cazteras
1156 5518 1200 5570 si
1260 5517 1502 5585 gustatui
1568 5530 1782 5583 quoque
1840 5513 2161 5581 placiturum
2194 5513 2313 5580 quis
2376 5510 2650 5576 Opinetur,
2717 5508 2967 5603 minime
2999 5505 3222 5558 mirum.
3265 5504 3591 5603 Quapropter
3642 5503 3668 5544 θ

496 5611 704 5676 lapsum
739 5613 1033 5679 primorum
1082 5618 1365 5678 parentum
1399 5622 1501 5661 non
1531 5621 1723 5675 parum
1788 5614 2047 5658 momenti
2092 5604 2159 5657 de
2189 5604 2366 5655 fructu
2392 5617 2604 5670 quoque
2640 5609 2850 5669 sperata
2886 5599 3131 5700 voluptas
3163 5595 3365 5700 ξιξιιιξίῑο

577 5701 769 5773 Verum
804 5703 903 5755 hoc
945 5704 1108 5756 etiam
1159 5702 1316 5755 modo
1348 5704 1671 5768 voluptatem
1709 5700 1837 5753 mihi
1884 5691 2064 5752 consi-

2256 5696 2399 5748 Ἀλλ’
2420 5696 2572 5764 ἄθρει
2599 5712 2688 5764 μοι
2735 5693 2827 5746 xa‘t
2858 5693 2982 5761 τῇδε
3017 5690 3115 5759 τὴν
3159 5687 3375 5756 ἡδονὴν,
3436 5683 3525 5735 καὶ
3577 5674 3701 5743 πόση
