3920 6200
242 315 343 381 ᾉΞιτ

1642 306 1931 373 ORATIO
1975 308 2077 375 iV.

3380 310 3484 374 43:8

239 427 316 469 τις
350 404 608 476 ήταύτης
638 400 800 476 ⁸ἰσχὺς
832 399 955 467 καθ’
1009 397 1168 469 ἡμῶν
1204 398 1354 451 ἐστιν
1390 397 1472 459 είς
1538 395 1598 448 τὸ
1650 396 1796 449 ἀπα-

1915 373 2329 467 ξΙριυιιξᾳιιοιιίιιιο
2356 394 2429 450 sit
2451 394 2613 466 hujus
2639 395 2925 451 adversum
2955 410 3051 450 nos
3081 396 3131 449 in
3160 397 3486 467 decipienda

239 471 460 565 τᾷνίείς
490 471 814 553 τὸνπέίθειν,
854 490 936 553 εἰς
988 490 1047 542 τὸ
1080 486 1393 558 βιάζεσθαι.
1446 486 1634 556 Πολλῷ
1691 486 1800 555 γὰρ

1915 487 2305 555 persuadendo,
2329 488 2572 557 cogendo
2598 486 2785 543 robur.
2805 487 3010 557 Quippe
3032 490 3185 546 nobis
3205 488 3347 545 illam
3369 511 3489 549 esse

245 585 379 643 εἶναι
406 583 803 657 χαλεπωτέραν
855 582 1002 651 φημὶ
1053 583 1191 649 πρὸς
1239 581 1388 650 ἡμᾶς
1439 578 1610 651 ἧδηῇ
1667 578 1805 645 πρὸς

238 679 364 742 τοὺς
394 676 751 747 προπάτορας
794 673 985 733 πάλαι.
1049 674 1119 729 ’Ἡ
1171 671 1281 741 γὰρ
1325 670 1581 725 τοσοῦτον
1610 668 1803 740 εἰργά-

245 786 371 825 σατο
396 768 534 837 πρὸς
558 767 685 831 τοὺς
724 766 996 836 μηδαμῶς
1034 763 1397 835 μηδεπώποτε
1440 762 1533 815 ὑπ’
1587 762 1808 828 ἐκείνης

240 860 636 931 κρατηθέντας,
670 858 745 920 ὡς
768 858 832 926 δὴ
873 856 968 917 καὶ
998 857 1148 925 σχεῖν
1196 854 1532 924 ἡττηθέντας
1581 841 1805 917 αὐτοὺς,

242 953 426 1027 ὥσπερ
461 951 628 1020 ἡμεῖς
661 949 728 1009 τὰ
762 946 1092 1019 ἀνδράποδα,
1123 946 1177 997 τί
1207 944 1331 997 ποτ’
1355 944 1421 997 ἂν
1468 947 1563 999 καὶ
1588 942 1834 1014 δράσειε.

244 1042 375 1112 πρὸς
405 1042 576 1112 ἡμᾶς,
609 1039 736 1105 τοὺς
767 1038 874 1092 ύπδ
901 1038 1012 1097 τῶν
1038 1037 1231 1107 αὐτῆς,
1256 1035 1332 1098 ὡς
1365 1036 1565 1100 εἰπεῖν,
1600 1035 1806 1104 αἰχμα-

237 1135 417 1189 λώτων
441 1132 668 1200 φύντας,
701 1131 797 1185 καὶ
828 1130 963 1201 πρὸς
986 1130 1046 1183 τὸ
1077 1127 1353 1199 χείριστον
1378 1128 1717 1197 ἐληλακότας
1737 1129 1803 1197 τῇ

239 1227 381 1295 παρὰ
410 1224 524 1277 τῶν
557 1222 849 1292 φυσᾶν-των
882 1221 1142 1293 διαδοχῇς
1204 1219 1360 1272 Ὠσθ’
1414 1222 1449 1290 ἡ
1488 1220 1693 1290 ταύτης
1719 1220 1809 1273 δύ-

238 1333 415 1395 ναμις,
456 1314 556 1371 καὶ
584 1315 618 1381 ἡ
644 1313 753 1371 τῶν
774 1313 988 1376 παθῶν,
1016 1310 1255 1382 ὲξαρχῆς
1317 1311 1648 1380 κρατήσασα
1697 1311 1807 1365 τῶν

240 1408 465 1480 πρώτως
488 1407 797 1475 γεγονότων
826 1405 1155 1473 ἀνθρώπων,
1184 1403 1387 1457 ἔπειτα
1434 1403 1523 1457 διὰ
1552 1402 1663 1455 τῶν
1710 1404 1812 1473 μέ-

239 1519 336 1561 σων
361 1498 634 1553 κατιοῦσα
665 1499 804 1568 πρὸς
834 1496 960 1561 τοὺς
992 1496 1286 1569 ἐσχάτους,
1344 1499 1478 1567 ῥᾷον
1530 1497 1646 1568 ἔχει
1685 1494 1811 1549 τού-

238 1608 340 1654 τοις
379 1589 688 1660 ἐμπαίζειν
717 1589 750 1656 ἢ
779 1589 894 1652 τοῖς
923 1587 1032 1657 πρὸ
1054 1586 1241 1641 αὐτῶν
1271 1587 1550 1657 γεγονόσι.
1589 1588 1670 1642 Τὰ
1697 1588 1808 1658 γὰρ

236 1682 553 1752 ἀνθρώπεια
581 1681 731 1751 πάθη
752 1680 1032 1751 πολεμίων
1065 1680 1301 1746 σώζουσι
1360 1681 1571 1751 σχῆμα,
1603 1677 1685 1745 οἷς
1741 1680 1804 1734 τι.

235 1775 504 1845 κρατῆσαι
534 1775 818 1845 καταρχὰς
846 1775 957 1827 τῶν
982 1773 1398 1844 ἀνθισταμένων
1440 1774 1587 1844 μετὰ
1645 1774 1807 1843 μεγίο

238 1881 373 1921 πων
400 1866 619 1934 γίνεται
659 1865 766 1919 τῶν
792 1864 1079 1921 κινδύνων.
1116 1866 1178 1918 El
1207 1865 1252 1918 δ’
1282 1861 1378 1919 οὖν
1417 1864 1566 1930 ἅπαξ
1591 1865 1806 1933 γένοιτο

235 1959 336 2011 τῶν
365 1957 685 2012 ἀντιπάλων
727 1957 1146 2027 περιγενέσθαι,
1179 1957 1365 2011 οὐκέτι
1418 1958 1671 2025 φαίνεται
1704 1974 1803 2029 χα-

236 2050 390 2104 λεπὸν
409 2050 544 2113 τους
574 2050 777 2115 αὐτοὺς
800 2049 1010 2117 φοϐεῖν,
1045 2052 1141 2104 καὶ
1174 2050 1422 2120 τρέπειν,
1456 2050 1552 2103 καὶ
1593 2049 1807 2103 δεικνύ-

234 2161 317 2197 ναι
337 2144 488 2197 νῶτα
529 2142 795 2208 διδόντας,
856 2143 951 2195 καὶ
1006 2141 1108 2210 τὴν
1140 2140 1350 2195 δειλίαν
1386 2141 1619 2211 ταυτηνὶ
1666 2141 1805 2209 μετὰ

237 2233 559 2306 προσθήκης
586 2232 1213 2303 παραπέμπεσθαι-τοῖς
1266 2222 1534 2301 ἐκγόνοις.
1568 2232 1745 2285 ”Ωσθ’⁴
1768 2232 1802 2302 ἡ

230 2326 428 2398 ταύτης
462 2325 591 2381 καθ’
630 2326 788 2396 ἡμῶν
836 2324 1065 2393 δύναμις
1103 2322 1308 2394 μείζων
1356 2324 1474 2377 ἐστὶ
1538 2324 1634 2377 καὶ
1668 2323 1804 2395 δρα-

232 2403 600 2488 στικωτέραῆ
644 2417 785 2487 πρὸς
817 2418 941 2480 τοὺς
968 2415 1271 2487 ἡμετέρους
1326 2416 1648 2489 προγόνους,
1711 2416 1807 2469 καὶ

235 2513 310 2565 ἑτι
337 2510 480 2582 πρὸς
511 2510 639 2573 τοὺς
670 2508 921 2573 ἐκείνων,
942 2508 1050 2571 ἕως
1081 2506 1149 2563 ἂν
1175 2508 1256 2570 είς
1285 2507 1412 2579 τοὺς
1448 2507 1806 2578 προπάτορας

236 2599 572 2662 ἒπανέλθοις.
613 2598 776 2653 Ἀλλά
814 2597 919 2669 μὴν
944 2596 1129 2668 ἐκείνη
1160 2612 1225 2665 γε
1254 2595 1390 2665 πρὸς
1412 2599 1527 2659 τοῖς
1578 2596 1806 2667 εἰρημέ-

234 2711 358 2758 νοις,
407 2693 561 2759 λέγω
589 2691 647 2744 δὲ
696 2691 795 2762 τὴν
855 2688 1050 2761 ἡδονὴν
1083 2688 1202 2758 (καὶ
1249 2688 1330 2741 ἔτι
1367 2689 1474 2758 γὰρ
1506 2688 1805 2758 ἀντέχομαι

232 2788 324 2856 τῆς
364 2785 625 2852 εἰκόνος),
656 2786 782 2847 τοὺς
815 2784 923 2843 τῶν
951 2781 1153 2853 ἰατρῶν
1185 2780 1545 2852 ὑποκρίνεται
1582 2780 1802 2861 παῖδας.

233 2880 503 2951 Παραινεῖ
537 2880 605 2933 τὰ
630 2877 766 2949 πρὸς
796 2874 1036 2944 ὑγίειαν,
1076 2872 1164 2927 ἵνα
1188 2871 1263 2943 δῷ
1284 2870 1362 2942 τῷ
1400 2871 1615 2941 σώματι
1638 2887 1801 2940 σφρι-

230 2974 349 3045 γᾷν,
385 2972 486 3033 καὶ
513 2973 607 3026 τὸν
633 2970 733 3040 τῆς
759 2969 942 3040 ψυχῆς
979 2966 1274 3039 παραλύσῃ
1306 2964 1629 3019 τόνον.’Κᾶν
1666 2964 1804 3015 άπο-

1834 1724 1882 1783 Β

1909 579 2243 637 iufestiorcm
2276 579 2363 633 aio
2397 595 2562 648 quam
2598 580 2724 633 olim
2759 583 3057 653 majoribus
3103 585 3205 638 illis
3259 590 3488 643 nostris.

1908 665 2042 720 Nam
2094 684 2212 738 qum
2250 678 2456 725 tantum
2493 668 2705 729 cﬂiccre
2737 676 2912 741 potuit
2951 675 3212 730 adversus
3253 692 3345 731 eos
3394 685 3486 748 qui

1908 764 1978 816 ab
2003 762 2120 830 ipsa
2154 763 2382 815 necdum
2412 777 2646 830 unquam
2672 764 2799 818 victi
2831 765 3065 831 fuerant,
3098 780 3153 822 ut
3185 783 3280 822 eos
3304 771 3487 826 itidem

1908 852 1961 906 in
2017 862 2334 920 potestatem
2399 854 2648 911 reductos
2707 857 2955 924 haberet,
3011 862 3087 914 uti
3143 872 3329 916 nostra
3391 881 3489 918 nos

1909 945 2205 1014 mancipia,
2246 947 2399 1017 quid
2435 963 2537 1003 non
2574 948 2820 1016 designet
2852 952 2903 1005 in
2932 968 3049 1016 nos,
3084 955 3173 1020 qui
3211 970 3277 1015 ex
3322 959 3490 1021 ipsius

1914 1038 1995 1106 (ut
2021 1038 2091 1091 ita
2127 1038 2381 1107 dixerim)
2415 1041 2648 1108 captivis
2682 1044 2794 1099 nati
2863 1060 3072 1112 sumus,
3107 1056 3163 1101 et
3193 1051 3487 1118 pessimam

1910 1129 1975 1180 ad
2010 1128 2403 1195 conditionem,
2443 1145 2507 1185 ex
2567 1147 2753 1187 eorum
2791 1135 2883 1204 qui
2919 1152 3017 1189 nos
3052 1152 3487 1215 progenuerunt,

1916 1220 2264 1277 successione
2322 1224 2574 1281 redacti?
2613 1226 2731 1299 Quo
2765 1227 2845 1292 fit,
2893 1239 2952 1284 ut
2987 1239 3091 1293 tam
3126 1231 3296 1298 ipsius
3325 1249 3489 1303 quam

1908 1307 2166 1363 vitiorum
2221 1311 2325 1377 vis,
2358 1312 2426 1367 ab
2481 1313 2637 1369 initio
2693 1320 2961 1386 superatis
3020 1321 3332 1377 lmminihns
3386 1325 3490 1380 illis

1909 1399 2142 1470 primum
2180 1403 2435 1471 conditis,
2467 1405 2661 1461 deinde
2710 1425 2803 1477 per
2837 1412 3186 1469 inter-medios
3212 1418 3275 1470 ad
3305 1426 3489 1472 extre-

1911 1484 2026 1547 mos
2078 1495 2454 1550 descendendo
2511 1513 2822 1570 progressa,
2871 1502 3086 1558 facilius
3130 1507 3213 1562 his
3267 1508 3493 1565 illudere

1911 1581 2083 1651 possit
2130 1598 2287 1650 quam
2326 1586 2563 1655 ipsorum
2600 1591 2919 1660 majoribus.
2952 1594 3197 1655 Humana
3257 1616 3491 1668 namque

1912 1670 2039 1725 vitia
2065 1675 2297 1742 speciem
2332 1679 2621 1745 quamdam
2673 1681 2905 1737 hostium
2933 1687 3313 1753 praeseferunt,
3350 1707 3490 1758 quo-

1914 1776 2029 1816 rum
2069 1762 2135 1819 de
2164 1765 2491 1838 adversariis
2522 1770 2749 1827 victoria
2802 1789 2908 1830 non
2940 1776 3043 1831 nisi
3095 1780 3349 1837 maximis
3395 1797 3491 1849 pe.

1913 1854 2099 1910 riculis
2128 1866 2359 1911 constat.
2392 1857 2592 1921 Verum
2624 1863 2668 1917 si
2700 1866 2867 1919 semel
2902 1871 3189 1925 usuveniat
3223 1882 3282 1925 ut
3326 1888 3489 1940 supc-

1912 1945 2085 1999 riorcs
2132 1947 2370 2005 inimicis
2428 1951 2688 2017 evadant,
2731 1970 2837 2010 non
2872 1957 2980 2026 jam
3012 1960 3226 2016 dilliclle
3274 1964 3491 2020 videtur

1911 2036 2146 2105 amplius
2171 2040 2389 2095 eosdem
2434 2052 2486 2097 et
2530 2044 2808 2111 territare,
2840 2056 2892 2100 et
2919 2058 3185 2115 avertere,
3215 2059 3269 2107 et
3296 2070 3491 2124 cogere

1912 2141 2062 2198 terga
2116 2131 2268 2197 dare,
2318 2143 2485 2203 atque
2543 2136 2686 2191 hanc
2741 2137 3083 2197 formidinem
3135 2145 3203 2203 ad
3242 2157 3492 2217 posteros

1908 2221 2073 2275 etiam
2107 2237 2228 2276 cum
2260 2226 2579 2289 accessione
2605 2230 2839 2298 quadarn
2874 2235 3268 2293 transmittere.
3298 2220 3494 2303 Quam-

1911 2313 2101 2368 obrem
2144 2315 2227 2370 vis
2262 2317 2405 2377 illius
2442 2319 2701 2375 adversus
2743 2338 2839 2381 nos
2889 2324 3060 2394 major
3089 2336 3258 2387 estet
3307 2329 3491 2385 effica-

1911 2405 2049 2475 cior,
2099 2422 2263 2478 quam
2310 2410 2572 2473 adversus
2608 2424 2824 2471 nostros
2870 2433 3127 2488 proavos,
3185 2431 3237 2475 et
3274 2424 3489 2479 illorum

1913 2496 2098 2552 itidem
2130 2499 2393 2569 majores,
2426 2505 2599 2559 donec
2637 2507 2701 2559 ad
2728 2508 2875 2575 ipsos
2901 2512 3121 2581 generis
3152 2515 3359 2581 primos
3388 2532 3489 2570 au-

1910 2597 2094 2645 ctores
2168 2593 2515 2651 ascendendo
2575 2601 2883 2667 pervenias.
2954 2604 3243 2660 Enimvero
3296 2619 3492 2675 prmter

1910 2696 1971 2736 ea
2004 2697 2124 2751 quae
2152 2684 2295 2741 dicta
2322 2697 2468 2757 sunt,
2515 2690 2753 2746 medicos
2789 2692 2899 2757 illa,
2958 2696 3204 2765 voluptas
3265 2700 3491 2770 inquam

1909 2772 2111 2842 (adhuc
2160 2776 2300 2829 enim
2355 2778 2576 2846 imagini
2615 2791 2811 2837 nostra:
2866 2784 3167 2857 inhmrco),
3224 2791 3491 2849 imitatur.

1910 2863 2141 2933 Operam
2173 2867 2469 2923 valetudini
2516 2872 2746 2933 dandam
2786 2886 2989 2942 monet,
3036 2890 3093 2932 ut
3145 2885 3365 2951 corpori
3397 2890 3492 2940 oc-4

1911 2959 2191 3011 caslonem
2230 2958 2544 3016 lasciviendi
2582 2965 2823 3033 praebeat
2866 2967 3143 3045 animique
3185 2979 3495 3033 eontentio~

233 3068 464 3138 σοϐηθῇ,
498 3064 604 3120 κᾶν
640 3060 1023 3135 ἀποκρουσθῇ,
1048 3059 1156 3119 ,κᾶν
1186 3058 1386 3132 ῥάϐδον
1414 3056 1635 3127 δέξηται
1663 3054 1806 3108 κατὰ

1916 3065 2042 3104 nem
2069 3050 2296 3106 relaxet.
2331 3052 2594 3120 Quamvis
2638 3057 2913 3128 abigatur,
2943 3064 3210 3132 ’quamvis
3264 3070 3463 3136 repella
3486 3101 3498 3111 -

138 3192 145 3197 -
232 3160 504 3231 κορυφῆς,
537 3157 632 3209 καὶ
661 3156 843 3220 ταυτὶ,
884 3154 978 3207 καὶ
1029 3151 1098 3206 τά
1132 3149 1360 3205 τοιαῦτα
1414 3148 1580 3220 λῆρος
1623 3148 1801 3219 αὐτῇ*

229 3253 326 3309 κᾶν
349 3248 666 3321 διαπτύσῃς
705 3246 904 3319 αὐτὴν,
938 3246 1034 3299 καὶ
1071 3244 1230 3298 τοῦτο
1269 3241 1554 3313 μυριάκις,
1588 3242 1807 3309 συχνοῖς

230 3360 338 3399 τισι
381 3345 619 3405 πάττεις
650 3341 846 3410 ῥόδοις.
876 3339 1053 3402 Ὅλως
1082 3338 1275 3405 ὁσάκις
1306 3337 1565 3409 ύϐρισθῇ,
1607 3353 1806 3389 τοσαυ-

193 3437 380 3499 ’τάκις
439 3434 589 3489 αὐτὴ
636 3431 990 3504 προσϐάλλει.
1045 3433 1423 3499 Φιλοτιμεῖται
1475 3430 1578 3500 τὴν
1639 3429 1808 3498 ὕδραν

230 3528 635 3598 παρενεγκεῖν
668 3524 763 3576 καὶ
792 3522 953 3577 τοῦτό
984 3540 1048 3591 γε
1089 3521 1213 3592 μεθ’
1253 3524 1386 3590 ὅσης
1439 3520 1756 3591 ὑπερϐολῆς
1791 3537 1807 3585 ;

236 3621 332 3672 Ἂν
357 3618 551 3691 τμηθῇ
591 3617 695 3687 τὴν
744 3616 1013 3685 κεφαλὴν,
1049 3614 1619 3704 πολυκέφαλοςεύθὺς
1678 3615 1812 3666 ἀνα-

235 3710 509 3775 φαίνεται.
542 3708 665 3762 Κᾶν
694 3707 909 3779 ἡττηθῇ
945 3707 1317 3777 κατακράτος,
1351 3707 1446 3760 καὶ
1471 3705 1736 3777 τρόπαιόν
1756 3722 1810 3759 τι

234 3801 291 3866 ἐξ
321 3801 496 3869 αὐτῆς
522 3800 716 3871 ἐγείρῃ
759 3799 906 3869 μάλα
957 3796 1215 3867 λαμπρὸν
1269 3795 1533 3868 (εἰρήσθω
1561 3797 1671 3867 γάρ
1721 3813 1811 3866 μοι

234 3891 515 3945 καὶτοῦτο
544 3890 608 3945 τὺ
654 3889 1046 3959 ὑπερϐάλλον),
1086 3888 1272 3958 ἐκείνη
1302 3888 1360 3941 δὲ
1394 3888 1454 3941 τὸ
1483 3887 1609 3940 καθ’
1639 3886 1812 3957 αὐτὴν

233 3984 604 4053 χαλεπωτέρα
636 3983 897 4052 πειρᾶται
918 3979 1229 4050 φαίνεσθαι.
1255 3979 1378 4032 Κᾶν
1407 3979 1619 4049 ἀλήτης
1651 3979 1813 4048 γένη-

232 4090 319 4127 ται
348 4076 447 4131 καὶ
475 4074 683 4144 φυγὰς,
709 4072 811 4128 κᾶν
831 4076 972 4143 πρὸς
1002 4071 1276 4141 ἀνύδρους
1307 4071 1551 4142 πορευθῇ
1582 4071 1809 4133 τόπους,

232 4165 391 4223 πάλιν
416 4164 786 4236 ἐπανέρχεται
816 4163 1020 4231 ἑαυτῆς
1061 4162 1507 4226 πολλαπλασίων,
1539 4160 1813 4230 κατὰλτην

231 4257 414 4315 εἰκόνα
445 4258 674 4326 ἐκείνην
704 4255 826 4309 τού
853 4255 1174 4324 ἀκαθάρτου
1212 4253 1548 4323 πνεύματος.
1598 4250 1811 4306 Οὔκουν

232 4367 293 4417 γε
313 4349 680 4420 διαλιμπάνει
705 4350 867 4401 ταυτὶ
902 4348 1156 4415 ποιοῦσα,
1186 4348 1278 4403 καὶ
1303 4348 1385 4403 ἔτι
1403 4346 1597 4419 χείρω.
1620 4346 1810 4409 Οὕτως

233 4438 463 4501 ἀναιδὲς.
496 4440 596 4493 καὶ
627 4438 1011 4508 ἀναίσχυντον,
1039 4440 1136 4492 καὶ
1183 4439 1441 4511 μανικὸν,
1474 4440 1570 4493 καὶ
1600 4439 1811 4509 κακόη-

234 4529 339 4593 θες.
382 4531 576 4583 Πάντα
631 4529 864 4599 πράττει
896 4530 993 4582 σὺν
1025 4529 1338 4599 ίταμότητι.
1377 4529 1554 4595 Κυνὸς
1602 4529 1810 4600 ὄμματ’

236 4618 367 4687 ἔχει,
413 4619 652 4689 κραδίην
682 4620 728 4671 δ’
758 4619 860 4673 οὐκ
886 4618 1135 4689 ἐλάφοιο,
1177 4620 1295 4675 ἀλλ’
1320 4614 1403 4683 οἷς
1437 4620 1607 4684 πολὺς
1636 4624 1664 4674 ὁ
1722 4622 1815 4674 κόι-

235 4724 322 4773 τος
352 4710 436 4763 ἐνὶ
499 4708 766 4782 στήθεσσι
797 4709 972 4764 πέλει.
1006 4711 1151 4783 Πρὸς
1207 4712 1268 4764 ἓν
1311 4729 1366 4765 τι
1400 4710 1617 4782 βλέπει,
1672 4711 1812 4782 πρὸς

238 4794 292 4846 ἓν
321 4799 443 4867 δρᾷ,
498 4796 563 4849 τδ
612 4797 1041 4876 καταπαλαῖσαι⁸
1075 4798 1203 4861 τοὺς
1263 4799 1497 4869 ταυτησὶ
1545 4799 1816 4868 φανέντας

239 4886 522 4956 ἀμείνους.
557 4888 870 4941 Φιλονεικεϊ
898 4888 997 4958 τὴν
1020 4882 1194 4958 ἧτταν
1224 4888 1698 4955 ἀνακαλέσασθαι,
1719 4889 1815 4944 καὶ

241 4979 417 5051 πολλῷ
446 4979 531 5050 τῷ
559 4979 807 5049 περιόντι
839 4980 1098 5049 γενέσθαι
1154 4979 1427 5051 κρείττων
1465 4980 1719 5058 ἐκείνων,
1767 4980 1825 5033 οἵ

237 5084 296 5132 γε
345 5071 648 5139 κρείσσους
707 5072 917 5139 ταύτης
979 5071 1254 5139 ἐγένοντο.
1310 5070 1534 5126 Τούτων
1582 5071 1816 5143 δεύτερα

239 5162 408 5216 πάντα
437 5162 652 5230 τίθησι,
685 5163 782 5216 καὶ
810 5161 1244 5234 είκατορθώσειε
1275 5163 1458 5234 μόνον,
1493 5163 1647 5217 οὐδὲν
1683 5163 1818 5219 ὑπο·

238 5250 513 5321 λογίζεται
550 5255 659 5307 τῶν
696 5253 915 5319 δεινῶν,
941 5255 1005 5308 οὗ
1038 5254 1148 5308 τῶν
1176 5255 1451 5325 φοϐερῶν,
1484 5254 1545 5308 ού
1588 5254 1699 5307 τῶν
1725 5255 1817 5308 λυ-

242 5344 453 5416 πηρῶν,
480 5345 547 5398 ού
572 5345 678 5398 τῶν
711 5345 1010 5415 αἰσχίστων
1062 5346 1282 5409 πάντων
1313 5345 1477 5417 ὁμοῦ.
1514 5348 1711 5403 Καίτοι
1760 5348 1814 5399 τί

240 5434 377 5506 λέγω
412 5435 725 5507 αἰσχίστων
754 5454 768 5502 ;
804 5438 944 5489 ὅπου
974 5454 1037 5505 γε
1086 5437 1185 5490 καὶ
1224 5435 1437 5498 τούτοις
1468 5435 1815 5501 ἐγκαλλωπί-

243 5527 409 5596 ζεται,
444 5530 546 5582 καὶ
579 5528 779 5598 μᾶλλον
814 5526 997 5600 χαίρει
1026 5529 1092 5582 δι’
1119 5531 1301 5583 αὐτῶν
1335 5530 1367 5600 ἦ
1424 5528 1633 5583 τούτων
1680 5529 1813 5583 ἄνευ

246 5623 535 5690 κρατῆσαι.
573 5621 759 5686 Ἀξιον
782 5622 840 5674 δὲ
882 5624 1104 5675 κάκεῖνο
1157 5621 1419 5692 λεχθῆναι
1443 5638 1456 5652 °
1506 5621 1816 5691 τηνικαῦτα

248 5711 415 5781 λύπην
469 5714 711 5783 ἐντίθησι
767 5716 888 5778 ταῖς
943 5714 1170 5785 ψυχαῖς,
1227 5714 1466 5783 ὁπηνίκα
1534 5731 1597 5786 γε
1649 5714 1847 5786 ἐχρῆν-

572 5810 844 5871 l‘a'rnOt.
890 5811 1008 5870 Gtt.
1059 5808 1254 5872 CLVI.

1916 3154 2024 3206 tur,
2056 3144 2307 3215 quamvis
2363 3147 2414 3199 in
2444 3157 2611 3218 caput
2638 3148 2803 3207 fustis
2833 3151 3190 3225 impingatur,
3229 3168 3416 3217 tamen
3440 3173 3496 3219 et

1917 3237 2033 3291 haec
2075 3246 2129 3293 et
2190 3238 2293 3292 alia
2325 3239 2455 3293 talia
2514 3241 2670 3296 nihili
2704 3242 2853 3299 facit.
2892 3244 3152 3312 Quamvis
3198 3265 3316 3305 eam
3364 3268 3498 3309 cou-

1915 3345 2103 3399 spuas,
2156 3340 2211 3385 et
2259 3331 2456 3387 millies
2505 3333 2748 3403 quidem,
2796 3338 2935 3401 nihil
2982 3338 3101 3410 agis
3143 3342 3289 3398 aliud
3332 3362 3495 3416 quam

1915 3420 2060 3489 quod
2098 3436 2252 3477 rosas
2287 3423 2339 3477 in
2364 3437 2483 3478 eam
2517 3426 2745 3484 crebras
2774 3431 3007 3502 spargis.
3043 3432 3268 3500 Quoties
3293 3450 3494 3497 contu~

1918 3511 2116 3566 meltiis
2146 3511 2339 3568 affecta
2383 3513 2568 3582 fuerit,
2625 3518 2788 3599 to_ties
2839 3520 3100 3591 impetum
3146 3525 3199 3579 in
3251 3542 3349 3584 nos
3383 3530 3499 3599 ipsa

1915 3599 2070 3658 facit.
2116 3603 2351 3676 Hydram
2415 3607 2585 3677 ipsam
2635 3592 2859 3668 vincere
2904 3615 3117 3681 nititur,
3176 3627 3232 3673 at
3287 3592 3496 3690 quanta

1916 3706 2100 3760 quaeso
2123 3708 2245 3747 cum
2275 3700 2710 3767 cxsuperantia?
2740 3700 2794 3756 Si
2832 3714 2998 3772 caput
3032 3707 3081 3759 ei
3143 3709 3494 3777 promittatur,

1918 3780 2209 3837 confestim
2269 3785 2560 3857 multiceps
2619 3791 2977 3861 conspicitur.
3038 3794 3095 3849 Si
3151 3798 3392 3854 maxima
3445 3801 3496 3855 vi

1915 3888 2169 3944 superata
2193 3875 2375 3947 fuerit,
2410 3895 2474 3937 ac
2518 3889 2783 3954 tropaanm
2825 3884 2894 3940 de
2948 3901 3012 3947 ea
3048 3889 3204 3947 valde
3251 3893 3498 3964 splendi-

1916 3968 2042 4023 dum
2078 3977 2354 4024 statuatur
2400 3969 2597 4039 (liceat‘
2638 3974 2783 4028 enim
2828 3974 2931 4031 hoc
2964 3993 3184 4047 quoque
3232 3983 3365 4036 mihi
3403 3998 3500 4053 per

1918 4059 2340 4128 superlationem
2370 4061 2548 4133 eﬂ'ari)
2580 4103 2595 4128 ,
2636 4072 2829 4120 tamen
2870 4071 3015 4136 quod
3053 4069 3225 4137 ipsam
3280 4074 3493 4142 attinet,

1917 4150 2258 4208 infestiorem
2281 4167 2342 4207 se
2373 4153 2652 4217 declarare
2684 4158 3129 4221 conatur.‘1.icet
3176 4165 3497 4233 vagabunda
3580 4148 3585 4153 ⁷

1918 4236 2012 4297 ﬂat
2073 4252 2127 4299 et
2186 4243 2433 4315 fugitiva,
2488 4244 2615 4301 licet
2670 4249 2737 4302 ad
2801 4246 3063 4318 inaquosa
3101 4251 3222 4308 loca
3282 4266 3497 4324 pergat,

1921 4342 2099 4389 tamen
2135 4332 2207 4388 ita
2236 4336 2553 4402 revertitur,
2588 4347 2646 4394 ut
2674 4352 2735 4395 se
2776 4340 2951 4409 ipsam
3006 4359 3235 4399 numero
3285 4347 3493 4411 vincat,

1921 4425 2228 4481 secundum
2267 4426 2412 4482 illam
2447 4429 2713 4486 immundi
2736 4432 2963 4501 spiritus
2989 4434 3498 4508 imaginemﬂeque

1922 4525 2104 4574 tamen
2151 4527 2206 4573 et
2251 4519 2368 4575 haec
2400 4530 2455 4574 et
2500 4520 2776 4578 deteriora
2809 4539 3029 4596 quoque
3062 4526 3243 4584 facere
3274 4530 3496 4597 desinit,

1921 4611 2059 4685 adeo
2103 4612 2360 4682 quiddam
2394 4614 2819 4677 inverecundum
2853 4627 2908 4673 et
2944 4620 3254 4688 impudens,
3307 4632 3363 4679 et
3416 4623 3503 4678 fu-

1920 4702 2148 4767 riosum,
2183 4712 2239 4757 et
2274 4702 2569 4774 malignum
2604 4719 2707 4761 est.
2741 4704 3043 4764 lnsolenter
3100 4710 3282 4767 omnia
3339 4710 3498 4767 facit.

1919 4791 2161 4848 Caninos
2210 4793 2430 4863 quidem
2481 4796 2673 4852 oculos
2700 4797 2890 4864 habet,
2920 4809 2978 4853 at
3012 4815 3107 4856 cor
3164 4816 3272 4856 non
3319 4804 3505 4859 ccrvi-
3556 4823 3595 4857 μ’.

1921 4901 2072 4949 num,
2104 4886 2199 4942 scd
2226 4902 2415 4944 eorum
2438 4890 2635 4960 quibus
2665 4890 2758 4946 iraa
2788 4892 2870 4947 vis
2907 4892 3097 4963 ingens
3123 4905 3204 4950 est
3228 4896 3281 4950 in
3312 4908 3503 4965 pecto-

1921 4990 2004 5030 re.
2039 4973 2220 5037 Unum
2265 4978 2369 5035 hoc
2402 4980 2671 5046 intuetur,
2709 4997 2873 5037 unum
2925 4982 3026 5039 hoc
3078 4984 3322 5054 respicit,
3356 4995 3415 5041 ut
3444 5001 3508 5042 se

1923 5069 2178 5125 fortiores
2207 5085 2271 5126 ac
2310 5074 2624 5143 superiores
2653 5084 2990 5141 prosternat.
3046 5074 3309 5131 Damnum
3341 5092 3503 5133 acce-

1922 5168 2074 5231 ptum
2136 5161 2512 5234 redintegrare
2546 5165 2846 5230 contendit,
2886 5174 2941 5219 et
2976 5163 3081 5219 illis
3139 5165 3294 5235 longe
3344 5181 3510 5236 supe-

1927 5253 2040 5309 rior
2065 5255 2301 5309 evadere
2333 5256 2423 5325 qui
2450 5256 2601 5325 prius
2626 5271 2745 5311 eam
2789 5256 3131 5313 devicerunt.
3168 5256 3262 5311 His
3320 5259 3507 5312 omnia

1926 5347 2221 5416 postponit,
2256 5363 2377 5417 qua:
2405 5349 2450 5403 si
2484 5349 2751 5403 duntaxat
2809 5348 3038 5403 feliciter
3071 5350 3339 5413 obtineat,
3371 5350 3508 5406 nihil

1924 5439 2150 5494 omnino
2187 5442 2364 5494 dirum
2436 5451 2672 5511 reputat,
2729 5442 2867 5496 nihil
2945 5442 3313 5510 formidabile,
3363 5446 3502 5501 nihil

1927 5532 2115 5614 triste,‘
2134 5530 2269 5585 nihil
2300 5532 2378 5587 vel
2419 5533 2787 5593 fmilissimutn
2848 5543 3091 5589 veretur.
3127 5534 3187 5589 Et
3242 5537 3372 5606 quid
3407 5554 3508 5610 ego

1925 5622 1993 5677 de
2029 5621 2344 5683 fmdissimis
2376 5623 2571 5694 loquor
2596 5624 2619 5677 ?
2644 5625 2862 5693 quando
2903 5627 2955 5680 in
2992 5626 3075 5682 eis
3109 5631 3223 5697 ipsa
3256 5630 3357 5685 sibi
3389 5630 3511 5700 pla-

1928 5722 2034 5780 cet,
2090 5712 2373 5784 magisque
2430 5730 2527 5785 pcr
2578 5730 2643 5772 ea
2725 5731 2887 5787 quam
2944 5716 3149 5789 absque
3204 5720 3286 5777 eis
3349 5722 3515 5795 potiri

3120 5814 3191 5877 15
