3920 6200
477 264 587 327 159

1668 258 2069 321 MANUELIS
2106 258 2554 321 PALEOLUGI
3565 264 3652 328 460

476 377 704 434 victoria
766 376 983 447 gaudet.
1044 373 1177 429 illud
1244 373 1410 428 etiam
1492 383 1734 429 meretur
1792 375 2050 431 indicari.

2167 367 2639 444 ἐστεφανωμένους
2695 373 2842 443 ἡμᾶς
2893 372 3153 441 χορεύειν.
3198 373 3526 444 Ἡττηθεὶσης
3563 385 3654 447 γὰρ

476 470 631 525 Tunc
661 469 857 522 animis
911 466 1151 520 dolorem
1213 464 1373 529 indit,
1424 480 1551 519 cum
1614 482 1711 521 nos
1765 478 2052 523 coronatos

477 562 776 632 tripudiare
807 575 904 630 par
965 572 1105 613 erat.
1138 559 1272 613 Cum
1316 561 1458 613 enim
1519 559 1631 628 ipsa
1694 568 1945 629 superata
2001 570 2054 614 et

471 669 637 708 orare
666 667 765 707 nos
796 667 1008 720 aequum
1037 652 1125 716 sit,
1161 660 1358 706 etcum
1393 650 1577 705 lzetitia
1607 652 1897 716 exsultare,
1954 667 2055 706 nos

474 766 502 803 e
528 748 745 802 diverso
769 744 956 799 tristes
985 760 1196 808 sumus;
1230 743 1475 811 adeoque
1508 759 1701 797 novum
1733 754 1784 797 et
1814 743 2055 799 insolens

474 837 731 907 quiddam
768 835 920 889 nobis
960 837 1231 897 usuvenit,
1294 836 1383 903 qni
1428 850 1718 890 ntaaroretu
1782 851 1884 891 ceu
1938 836 2053 890 fru-

473 941 619 985 ctmn
669 928 959 998 quemdam
1008 928 1246 982 victoria:
1302 938 1665 996 reportamus.
1728 926 1821 985 Vel
1876 929 2055 999 potius

476 1022 602 1075 novi
639 1020 775 1073 nihil
828 1020 985 1073 nobis
1051 1019 1273 1074 accidit.
1331 1019 1726 1089 Corrigendum
1778 1030 1863 1075 est
1908 1021 2054 1075 enim

475 1116 624 1183 quod
673 1114 933 1166 diximus.
988 1107 1204 1179 'Qnippe
1263 1125 1369 1164 non
1440 1121 1730 1180 propterea
1810 1112 2056 1168 dolemus

477 1204 624 1272 quod
665 1202 894 1257 victoria
942 1202 1097 1270 potiti
1130 1201 1303 1256 simus
1338 1203 1484 1271 (nam
1542 1202 1645 1257 hoc
1688 1203 1846 1257 modo
1898 1204 2057 1259 nobis

478 1297 637 1366 plane
670 1304 1039 1350 monstrosnm
1090 1295 1341 1363 quiddam
1395 1295 1796 1366 contingeret),
1831 1295 1926 1350 sed
1969 1294 2057 1349 fu-

483 1404 660 1443 rorem
703 1389 869 1458 hujus
902 1397 1092 1442 contra
1147 1401 1267 1449 nos,
1305 1396 1357 1441 et
1393 1401 1633 1442 atrocem
1686 1386 1843 1453 iram,
1884 1398 1939 1443 et
1975 1388 2059 1441 in-

480 1480 900 1550 comparabilem
933 1477 1261 1533 simultatem
1297 1478 1593 1543 intuenles,
1651 1479 1903 1548 quodque
1943 1479 2057 1535 fieri

479 1574 548 1627 de
586 1587 643 1627 se
683 1572 920 1639 quidvis,
964 1570 1179 1639 quidvis
1214 1569 1372 1623 lacile
1405 1571 1511 1639 pati
1556 1569 1737 1634 vellet,
1792 1572 1919 1625 dum
1961 1588 2059 1627 no-

478 1673 652 1715 strum
687 1670 896 1730 spectat
918 1660 1222 1723 interitum,
1255 1674 1361 1713 non
1396 1669 1502 1713 tam
1538 1659 1645 1714 l;eti
1681 1676 1871 1715 sumus
1893 1678 2055 1731 quam

474 1754 595 1822 jure
657 1752 942 1822 ringimnr.
988 1750 1204 1805 Scimus
1257 1750 1425 1815 enim,
1463 1751 1665 1806 scimus
1723 1766 1842 1806 eam
1898 1752 2057 1807 linem

479 1858 676 1913 pugnae
733 1854 924 1897 contra
985 1858 1087 1897 nos
1162 1842 1385 1896 minime
1445 1842 1731 1897 facturam.
1788 1842 2057 1897 Nimirum

479 1950 695 1999 semper
732 1936 822 1989 illa
857 1935 1003 1988 bello
1034 1950 1134 1989 nos
1158 1944 1320 2005 petet,
1363 1944 1415 1990 et
1449 1947 1636 2005 aperte
1675 1946 1837 2004 atque
1873 1937 2052 1992 aerius

482 2041 703 2080 manum
737 2026 879 2080 victa
921 2035 1195 2080 censeret.
1238 2024 1427 2094 Itaque
1469 2042 1579 2094 pra:
1615 2026 1906 2082 formidine
1965 2043 2059 2082 su-

480 2127 789 2187 spectarum
834 2132 1038 2178 rerum.
1090 2132 1228 2186 quas
1281 2118 1438 2174 mbis
1475 2119 1622 2173 illam
1660 2130 1923 2188 perpetuo
1952 2120 2063 2176 sci-

2161 467 2354 535 αὑτῆς,
2389 466 2628 528 παιᾶνας
2661 465 2810 535 ᾅδειν
2835 465 3129 535 προσῆκον,
3165 467 3256 517 καὶ
3306 467 3517 536 σκιρτᾷν
3542 471 3656 535 μετᾶ

2158 556 2534 627 φαιδρότητος.
2583 555 2776 624 Ἡμεῖς
2809 555 2864 607 δὲ
2887 554 3021 615 τέως
3077 555 3398 623 λυπούμεθα,
3448 558 3531 609 καὶ
3560 559 3659 611 άτο-

2159 651 2259 703 πὸν
2296 667 2347 701 τι
2375 649 2663 719 πάσχομεν
2691 647 2884 709 πάθος,
2917 645 3095 715 λύπην
3129 648 3232 700 άπὸ
3280 647 3425 717 νίκης
3453 650 3661 718 καρπού-

2163 759 2335 811 μενοι.
2367 742 2589 795 Μᾶλλον
2627 740 2685 793 δὲ
2712 739 2812 792 οὐκ
2859 740 3060 793 ἄτοπον
3108 740 3394 808 πάσχομεν.
3443 743 3524 792 Δεῖ
3572 741 3661 810 γὰρ

2157 831 2559 902 διορθώσασθαι
2590 831 2650 883 τὸ
2698 830 2884 901 ῥηθέν.
2921 831 2994 883 Οὐ
3026 830 3132 901 γάρ
3155 831 3239 883 διὰ
3269 830 3326 882 τδ
3363 831 3560 898 νικῆσαι
3584 832 3666 885 λυ-

2161 921 2413 990 πούμεθα
2444 916 2533 992 (ἦν
2563 920 2669 991 γὰρ
2708 920 2773 973 ἂν
2802 920 2978 993 ταύτῃ
3002 920 3061 972 τὸ
3090 921 3255 982 πάθος
3286 922 3570 989 περιφανῶς
3589 923 3669 974 ἀλ.

2158 1012 2425 1081 λόκοτον),
2484 1012 2607 1065 ἀλλ’
2668 1012 2751 1075 είς
2806 1011 2907 1079 τὴν
2962 1012 3163 1079 ταύτης
3218 1010 3409 1063 λύτταν
3439 1012 3526 1079 τὴν
3566 1011 3666 1064 καθ’

2160 1106 2338 1175 ἡμῶν,
2388 1108 2482 1159 καὶ⁵
2538 1105 2628 1158 τὸν
2662 1104 2984 1157 ἀνείκαστον
3032 1102 3223 1173 θυμὸν,
3265 1104 3352 1155 καὶ
3382 1103 3469 1173 τὴν
3492 1104 3670 1172 ἀπαρά-

2164 1198 2351 1269 μιλλον
2392 1196 2521 1270 ,ἔριν
2572 1195 2830 1264 ὁρῶντες,
2875 1195 2967 1248 καὶ
3007 1194 3081 1257 ὡς
3135 1195 3311 1247 πάντα
3369 1194 3430 1247 ἂν
3475 1185 3698 1261 γένοιτο,’

2160 1291 2256 1344 καὶ
2284 1290 2461 1343 πάντα
2501 1290 2665 1343 πάθοι
2704 1289 2928 1358 ῥᾳδίως,
2986 1288 3124 1356 πρὸς
3172 1286 3268 1353 τὴν
3314 1285 3564 1355 ἡμετέραν
3588 1301 3673 1338 κα·

2163 1385 2411 1454 θαίρεσιν
2447 1383 2736 1453 άφορῶσα,
2772 1383 2833 1435 οὗ
2864 1382 3067 1452 μᾶλλον
3097 1378 3509 1449 εὐφραινόμεθα,
3557 1377 3674 1446 ἥδι-

2164 1476 2334 1536 καίως
2359 1476 2724 1545 ἀσχάλλομεν.
2768 1473 2957 1543 Ἴσμεν
2986 1474 3117 1543 γὰρ,
3144 1472 3299 1542 ἴσμεν
3333 1472 3489 1539 αὐτὴν
3530 1469 3669 1538 μηδα-

2168 1568 2283 1638 μῶς
2310 1584 2373 1636 γε
2408 1566 2679 1637 λήξουσαν
2710 1566 2891 1637 μάχης
2926 1565 3026 1635 τῆς
3062 1566 3199 1635 πρὸς
3252 1565 3412 1634 ἡμᾶς.
3451 1562 3555 1615 Ἀεὶ
3588 1561 3679 1629 γᾶρ

2164 1660 2336 1731 δήπου
2363 1659 2455 1713 καὶ
2492 1658 2818 1729 πολεμήσει,
2851 1660 2950 1712 καὶ
2981 1655 3430 1729 συμπλακήσεται
3466 1650 3680 1720 φανερῶς

2171 1753 2313 1824 μετὰ
2337 1752 2437 1823 τὴν
2466 1747 2637 1824 ἧτταν
2689 1751 3019 1822 δεινότερον.
3075 1750 3369 1819 Ἀλγοῦμεν
3419 1747 3579 1801 τοίνυν
3616 1747 3681 1816 τῷ

2165 1845 2273 1899 δέει
2296 1845 2408 1898 τῶν
2439 1844 2807 1915 ὑφορωμένων
2857 1844 3224 1913 πραγμάτων,
3257 1841 3290 1895 ἃ
3318 1840 3377 1911 δὴ
3404 1840 3586 1909 ταύτην
3608 1839 3679 1905 ἔτι

2165 1954 2344 2005 νωμεν
2375 1936 2760 2006 παρεξομένην
2792 1935 3079 2005 διηνεκῶς,
3113 1936 3144 1987 ἢ
3190 1936 3446 2004 χαίρομεν
3474 1932 3543 2001 τῷ
3572 1948 3682 1987 νενι-

2164 2031 2417 2097 κηκέναι.
2455 2030 2667 2091 Πάντες
2700 2030 2810 2098 γὰρ
2853 2030 2966 2089 τοῖς
2998 2026 3239 2096 φθάσασι
3300 2028 3358 2079 τδ
3414 2025 3584 2094 μέλλον
3630 2038 3678 2087 γε

2172 2121 2398 2184 δικαίως
2427 2120 2848 2192 τεκμαίρονται.

481 2226 603 2266 mus
644 2209 1036 2275 exliibituram,
1075 2209 1129 2263 in
1158 2209 1346 2265 dolore
1368 2209 1559 2279 majori
1610 2226 1895 2266 versamur
1921 2228 2085 2282 quam
2127 2213 2308 2269 lietitia
2342 2214 2413 2268 sit
2448 2228 2513 2267 ex
2564 2212 2792 2268 victoria
2833 2222 3009 2283 parta.
3064 2210 3203 2266 Nam
3240 2225 3390 2266 nemo
3436 2226 3533 2267 non
3586 2209 3683 2280 jure

496 2307 562 2359 de
595 2306 660 2361 iis
698 2320 816 2375 qua:
846 2304 996 2373 prius
1061 2318 1292 2360 evenere
1329 2307 1471 2375 quod
1508 2304 1745 2361 futurum
1796 2316 1879 2364 est
1914 2309 2156 2378 conjicit.

552 2397 828 2453 llactenns
868 2399 931 2451 de
962 2397 1236 2468 voluptate
1270 2400 1473 2454 dictmn
1531 2410 1669 2467 esto,
1719 2402 2061 2473 quandoqui-

480 2493 602 2542 dem
640 2490 865 2542 ulterius
900 2489 1153 2558 progredi
1187 2505 1292 2543 non
1324 2502 1559 2561 oportet.
1598 2493 1731 2547 Nam
1768 2495 1896 2549 mihi
1935 2496 2056 2565 qui-

481 2586 603 2635 dem
664 2583 897 2645 videtur,
950 2596 1047 2636 nec
1088 2596 1208 2636 eum
1268 2585 1355 2649 qni
1394 2582 1460 2638 dc
1502 2584 1603 2639 bac
1663 2587 1822 2639 verba
1879 2585 2058 2649 faciat,

483 2670 642 2725 facile
671 2670 774 2723 hoc
815 2672 1028 2740 assequi
1064 2686 1245 2740 posse,
1274 2681 1331 2726 ut
1367 2684 1623 2729 accurate
1654 2691 1764 2729 rem
1792 2678 2056 2745 perﬁciat;

482 2780 583 2818 uec
619 2763 990 2833 prolixitatem
1026 2766 1196 2819 vitare
1228 2766 1519 2832 volentem,
1565 2786 1685 2838 qua:
1719 2772 1783 2825 de
1816 2772 1919 2827 hac
1976 2773 2060 2827 di-

479 2856 647 2911 cenda
692 2856 939 2919 veniunt,
1002 2858 1276 2925 explicare
1331 2859 1568 2915 dilucide
1606 2877 1786 2930 posse.
1851 2862 2059 2919 Saltem

484 2951 587 3003 hoc
641 2963 807 3000 unum
870 2948 1087 3003 creteris
1140 2949 1507 3019 adjiciendum
1561 2963 1663 3007 cst.
1729 2952 2061 3009 Multilorme

481 3040 752 3107 quoddam
826 3041 883 3093 lit
941 3050 1269 3107 monstrum,
1315 3045 1481 3098 variis
1537 3046 1774 3101 vultibus
1833 3046 2059 3101 nimium

480 3142 743 3199 quantum
773 3130 968 3186 fallens
1003 3147 1066 3186 ac
1102 3147 1305 3187 nocens
1334 3150 1347 3186 :
1382 3143 1542 3203 atque
1573 3135 1646 3189 uti
1682 3136 1891 3190 minora
1926 3152 2059 3204 pra:-

2243 2404 2389 2468 Ἕως
2422 2397 2523 2458 ὦδε
2552 2403 2620 2457 τά
2656 2404 2909 2474 περὶτῆς
2940 2404 3145 2474 ἡδονῆς
3179 2405 3351 2469 ἔσται,
3387 2403 3499 2456 ἐπεὶ
3538 2400 3600 2472 μὴ
3626 2399 3685 2451 δεῖ

2171 2496 2503 2565 περαιτέρω.
2528 2496 2664 2549 Ούτε
2696 2495 2806 2565 γὰρ
2836 2497 2890 2558 ὲς
2943 2497 3218 2566 τάκριϐὲς
3248 2496 3418 2547 ἐλθεῖν
3468 2512 3543 2559 μοι
3570 2493 3687 2545 δοκεῖ

2169 2589 2355 2658 ῥᾴδιον
2386 2584 2528 2640 εἶναι
2560 2590 2650 2641 τὸν
2679 2589 2808 2659 περὶ
2839 2587 3045 2659 ταύτης
3079 2587 3338 2655 λέγοντα,
3379 2586 3492 2639 οὔτε
3530 2586 3582 2636 τὸ
3610 2586 3688 2653 μῆ-

2167 2697 2260 2743 κος
2294 2680 2521 2733 θέλοντα
2549 2680 2797 2747 φεύγειν,
2823 2681 2892 2732 τὰ
2921 2680 3042 2732 κατ’
3071 2680 3253 2750 αὐτὴν
3281 2678 3521 2745 καθαρῶς
3548 2676 3689 2729 είπεῖν

2167 2772 2491 2843 δυνηθῆναι.
2526 2772 2674 2843 Πλὴν
2706 2773 2884 2825 ἐκεῖνό
2943 2789 3003 2839 γε
3040 2772 3211 2841 μόνον
3264 2771 3583 2825 ἐπιλεκτέον·
3611 2785 3690 2820 που

2169 2865 2449 2936 λύμορφόν
2499 2884 2553 2918 τι
2606 2865 2853 2933 γίγνεται
2899 2866 3089 2935 τέρας,
3151 2864 3503 2925 παντοδαπαῖς
3557 2860 3693 2920 ἰδέαις

2171 2956 2523 3027 παράγουσα,
2576 2956 2670 3009 καὶ
2727 2955 3106 3024 λυμαινομένη
3171 2957 3337 3010 πόσον
3384 2952 3575 3017 δοκεῖς;
3609 2953 3695 3005 Καὶ

2171 3050 2260 3103 ἵνα
2286 3048 2355 3101 τὰ
2386 3048 2603 3102 ἐλάσσω
2639 3048 2821 3118 παρῶ,
2843 3048 3027 3118 εὕροις
3056 3047 3121 3101 ἂν
3166 3050 3265 3119 τὴν
3294 3051 3494 3117 ἡδονὴν,
3523 3042 3695 3098 τὸκατ’

2171 3138 2341 3207 αὐτὴν
2368 3124 2578 3193 άνωθεν
2626 3137 2909 3203 ἐξετάσας,
2939 3139 3233 3203 ἀπωλείας
3288 3141 3443 3192 ἕνεκα
3475 3135 3699 3191 παντοδα-

484 3234 802 3296 termittam,
839 3230 1085 3283 invenias
1118 3227 1468 3297 voluptatem,
1504 3229 1550 3281 si
1592 3228 1661 3282 ab
1712 3230 1924 3299 origine
1968 3246 2059 3282 na-

2168 3232 2276 3301 πὴν
2305 3234 2619 3297 γεγονυῖαν.
2653 3231 2803 3299 Αὕτη
2836 3231 2935 3294 τὰς
2982 3233 3227 3301 νιφάδας
3289 3233 3380 3285 τοῦ
3436 3230 3588 3300 πυρὸς
3621 3218 3698 3278 ὗςέ

486 3338 659 3379 turam
684 3325 801 3394 ejus
829 3318 1224 3388 exploraveris,
1249 3318 1508 3373 interitus
1539 3321 1867 3388 procurandi
1895 3336 2059 3376 causa

483 3418 633 3471 varie
675 3414 1147 3469 transformatam.
1188 3410 1313 3465 Haec
1350 3410 1548 3465 nimbis
1578 3411 1757 3481 igneis
1784 3412 1912 3467 olim
1963 3413 2063 3468 So-

484 3508 701 3564 domitis
733 3508 903 3577 pluit;
939 3506 1053 3559 haec
1088 3503 1298 3558 telluris
1331 3503 1556 3573 abyssos
1583 3507 1819 3573 aperuit,
1851 3508 2060 3573 ipsum-

485 3618 591 3671 que
620 3601 843 3662 ccelum,
883 3607 941 3650 ut
979 3597 1143 3651 etiam
1176 3606 1370 3648 natura
1407 3594 1639 3649 rationis
1668 3611 1864 3665 expers
1902 3599 2063 3650 inun-

484 3699 708 3746 itaretur
728 3703 993 3758 aquarum
1018 3688 1244 3751 diluvio,
1268 3686 1539 3755 quamvis,
1566 3696 1625 3741 ut
1646 3698 1833 3740 natura
1854 3698 2060 3755 nostra,

490 3794 577 3832 rea
604 3793 714 3831 nou
750 3786 918 3832 esset.
959 3775 1214 3845 Expende
1250 3774 1404 3840 mihi,
1442 3790 1646 3844 quaeso,
1682 3776 1901 3834 Iudaeos
1938 3780 2059 3837 illos

485 3871 655 3940 quiin
716 3868 1011 3923 solitudine
1069 3867 1333 3936 prostrati
1386 3870 1801 3938 occubuerunt;
1863 3873 2062 3942 ubique

488 3962 789 4016 facinorum
818 3959 937 4028 ejus
968 3959 1193 4026 vestigia
1230 3960 1418 4014 videre
1450 3960 1598 4021 licet,
1634 3976 1700 4014 ne
1752 3979 1940 4017 rursus
1976 3964 2061 4019 Itis

490 4054 836 4110 recensendis
864 4055 1235 4108 immorentur.
1263 4050 1374 4107 Hoc
1400 4063 1583 4107 autem
1609 4052 1660 4107 in
1684 4070 1744 4107 ea
1768 4056 2061 4123 pessimum

487 4148 652 4216 quod,
694 4160 817 4199 cum
852 4144 966 4203 iure
997 4155 1124 4198 n0ta
1153 4144 1313 4198 nobis
1341 4144 1472 4207 sint,
1506 4154 1683 4198 tamen
1732 4159 1850 4198 eam
1898 4146 2063 4201 relin-

488 4253 655 4305 quere
692 4252 798 4291 non
849 4236 1144 4305 possimus,
1182 4234 1311 4289 licet
1378 4235 1429 4289 id
1468 4235 1620 4289 valde
1659 4236 1928 4303 velimus;
1979 4240 2061 4293 vel

489 4348 518 4379 σε
565 4327 886 4387 contrario,
955 4340 1077 4379 cum
1141 4324 1374 4379 fortasse
1430 4328 1723 4394 possimus,
1784 4327 2059 4382 nolumus.

489 4420 831 4486 Quapropter
856 4429 915 4467 ea
945 4424 1137 4468 natura
1180 4414 1480 4484 voluptatis
1521 4424 1622 4477 est.
1662 4418 1803 4471 utin
1854 4426 2061 4473 utram-

490 4522 595 4574 que
625 4512 835 4573 partem
865 4504 1062 4555 malum
1093 4504 1234 4557 sitet
1260 4503 1644 4577 detrimentum
1672 4506 2057 4572 certissimum,

492 4599 596 4651 illis
622 4598 865 4664 inquam,
899 4594 990 4662 qui
1020 4609 1123 4647 non
1153 4594 1362 4662 praediti
1396 4604 1521 4648 sunt
1561 4596 1743 4649 animo
1799 4597 1954 4650 ﬁrmo
2001 4611 2067 4652 ac

489 4687 670 4741 stabili
706 4695 759 4740 et
788 4686 1063 4739 variarum
1096 4698 1276 4738 rerum
1333 4685 1694 4754 experientia,
1754 4696 1809 4740 et
1844 4687 2063 4744 institu-

492 4779 635 4830 tione
661 4775 942 4846 prmtzlara,
977 4785 1031 4828 et
1061 4784 1241 4829 mente
1296 4774 1442 4829 vitiis
1477 4775 1619 4828 haud
1674 4776 1975 4845 inquinata,
2012 4789 2066 4834 et

491 4868 671 4920 indole
711 4866 894 4937 gloria:
925 4864 1142 4934 cupida,
1198 4873 1251 4919 et
1302 4864 1580 4920 voluntate
1618 4871 1853 4933 scipsam
1918 4868 2069 4921 exci-

490 4970 658 5021 tante,
699 4974 763 5012 ac
794 4970 1011 5025 semper
1067 4959 1134 5011 ad
1168 4956 1534 5025 pulcherrima
1568 4959 1777 5025 qumvis
1832 4968 1884 5013 et
1922 4961 2065 5026 opti-

490 5069 577 5109 tna
630 5053 874 5123 proclivi,
910 5067 1139 5121 qua‘que
1174 5053 1311 5108 satis
1369 5055 1594 5108 omnino
1642 5055 1838 5108 virium
1872 5055 2065 5110 habeat

488 5148 553 5199 ad
593 5146 993 5215 intelligendum
1027 5160 1363 5215 quzecunque
1417 5145 1654 5200 divinant
1703 5148 1767 5200 ad
1812 5148 2064 5201 virtutem

487 5255 587 5294 ceu
646 5239 922 5309 principes
975 5254 1158 5294 causa:
1221 5254 1319 5293 nos
1370 5238 1687 5305 deducunt;
1727 5254 1824 5294 nec
1886 5240 2066 5293 minus

485 5333 819 5398 cupiditatis,
850 5332 914 5385 ad
944 5330 1395 5399 perseverandum
1425 5332 1474 5383 iu
1513 5330 1579 5385 iis
1610 5345 1731 5399 quae
1766 5330 2066 5399 pulcherri-

486 5436 570 5473 ma
607 5430 729 5474 esse
758 5430 918 5488 atque
960 5420 1164 5489 optima
1197 5428 1588 5487 cognoverunt.
1614 5436 1621 5439 ·
1652 5418 1883 5485 Quinam
1937 5435 2066 5490 ergo

487 5513 618 5564 lauti
635 5513 735 5565 viri
763 5511 986 5577 fuerint,
1007 5521 1063 5564 ut
1092 5525 1211 5580 qua:
1235 5511 1401 5566 nimia
1424 5523 1572 5577 sunt,
1597 5522 1747 5566 recto
1769 5512 2064 5581 voluptatis

480 5617 581 5654 usu
604 5605 771 5657 vitare
812 5602 1126 5671 potuerint?
1160 5600 1800 5673 Perpaucosliujusmodi
1848 5618 1946 5657 nos
1979 5604 2059 5655 in-

483 5702 739 5749 venturos
775 5695 1029 5760 arbitror,
1048 5696 1137 5763 qui
1159 5697 1371 5763 intidem
1396 5697 1495 5765 ipsi
1517 5708 1739 5753 caeteros
1760 5695 1917 5763 longo
1938 5706 2060 5771 post

840 5817 859 5847 Ι

2171 3339 2298 3375 ποτε
2354 3322 2714 3392 Σοδομίταις,
2756 3324 3028 3385 ἀϐύσσους
3081 3325 3193 3391 γῆς
3251 3324 3470 3393 ἀνέῳξε,
3515 3319 3597 3374 καὶ
3622 3318 3699 3371 ai:-

2166 3414 2258 3465 τὸν
2301 3412 2396 3465 τὸν
2423 3413 2675 3485 οὐρανὸν,
2712 3413 2788 3475 ὡς
2826 3415 3286 3485 κατακλυσθῆναι
3318 3416 3408 3468 καὶ
3438 3412 3581 3481 φύσιν
3602 3410 3703 3461 aio-

2168 3522 2285 3571 γον,
2317 3505 2418 3557 οὐκ
2473 3505 2823 3575 ὲνεχομένην,
2870 3504 3059 3575 ὥσπερ
3091 3509 3123 3575 ἠ
3166 3508 3431 3576 ἡμετέρα.
3466 3502 3530 3556 Σὺ
3560 3502 3609 3555 δέ
3633 3508 3703 3569 μοι

2167 3596 2388 3661 λογίζου
2438 3596 2565 3659 τοὺς
2606 3598 2663 3648 ὲν
2704 3598 2901 3666 ἐρήμῳ
2958 3598 3239 3662 πεσόντας
3286 3600 3392 3652 τῶν
3447 3594 3699 3649 Ἰουδαίων.

2168 3688 2249 3741 Τὰ
2302 3688 2508 3757 ταύτης
2573 3688 2853 3757 πανταχοῦ
2917 3689 3359 3759 κατορθώματα,
3394 3688 3480 3741 ἵνα
3520 3689 3586 3756 μὴ
3628 3681 3704 3733 καὶ

2166 3774 2322 3841 αὖθις
2378 3778 2751 3848 διατρίϐωμεν
2806 3779 3238 3847 καταλέγοντες.
3294 3781 3366 3833 Τὸ
3406 3779 3459 3831 δὲ
3508 3772 3701 3842 ταυτησὶ

2168 3871 2463 3940 χείριστον,
2499 3872 2580 3923 ὅτι
2610 3870 2782 3923 ταῦτα
2818 3870 3194 3938 γινώσκοντες
3228 3874 3278 3925 οἱ
3302 3871 3592 3941 ἄνθρωποι,
3624 3865 3701 3918 οὐκ

2166 3962 2550 4031 ἀπαλλαγῆναι
2582 3962 2889 4032 δυνάμεθα,
2950 3962 3166 4033 σφόδρα
3210 3964 3455 4024 θέλοντες
3481 3978 3494 3992 ⁸
3541 3961 3569 4028 ἢ
3606 3956 3702 4009 τού-

2166 4054 2379 4106 ναντίον
2427 4056 2559 4117 ἴσως
2611 4055 2923 4123 δυνάμενοι,
2959 4056 3020 4108 ού
3064 4054 3401 4124 βουλόμεθα.
3429 4052 3571 4106 Ὠσθ’
3605 4050 3707 4101 Eu-

2165 4146 2405 4214 τέρωθεν
2436 4146 2631 4210 κακὸν,
2663 4149 2757 4199 καὶ
2797 4148 3188 4216 ἀπαραίτητον
3224 4149 3485 4218 βλαϐερὸν
3513 4150 3543 4213 ἡ
3572 4140 3702 4212 ἠδονῆ

2166 4235 2622 4305 πέφυκενεῐναιο
2654 4230 2885 4305 λέγωδὲ
2933 4243 3155 4304 πάντως
3198 4242 3456 4307 ἐκείνοις,
3504 4239 3604 4299 τοῖς
3650 4229 3707 4301 μὴ

2167 4328 2401 4397 βεϐηκός
2424 4347 2482 4383 τε
2508 4330 2605 4384 καὶ
2637 4330 2838 4401 πάγιον
2878 4334 3253 4403 κεκτημένοις
3318 4335 3580 4406 φρόνημα,
3631 4322 3704 4377 καὶ

2166 4423 2369 4490 πεῖραν
2416 4424 2762 4491 πραγμάτων
2796 4425 3191 4492 παντοδαπῶν,
3226 4431 3320 4481 καῖ
3347 4425 3583 4479 παιδείαν
3604 4421 3711 4485 ἁγνι-

2170 4512 2298 4580 θὴν,
2337 4515 2439 4568 καῖ
2462 4514 2586 4566 νοῦν
2621 4515 2896 4569 ἀθόλωτον
2937 4497 3162 4584 τῖἀοεσι,
3196 4519 3291 4573 καὶ
3344 4520 3539 4589 τρόπον
3584 4512 3714 4575 δόξης

2172 4603 2407 4673 ἐρῶντα,
2442 4607 2537 4657 καὶ
2568 4606 2705 4669 ὅλως
2738 4624 2801 4674 γε
2846 4608 3068 4678 θέλησιν
3097 4610 3487 4679 αὐτοκίνητον,
3530 4606 3614 4659 καλ⁵
3645 4600 3716 4654 del.

2173 4694 2272 4763 τὴν
2307 4695 2482 4764 ῥοπὴν
2527 4698 2876 4768 κεκτημένην
2910 4699 3045 4768 πρὸς
3071 4700 3098 4752 ὃ
3134 4717 3187 4753 τι
3224 4699 3513 4755 κάλλιστόν
3542 4713 3595 4748 τε
3645 4694 3719 4745 καὶ

2173 4786 2477 4856 βέλτιστον,
2522 4786 2581 4839 εὖ
2622 4788 2720 4854 μὲν
2750 4789 3040 4859 δυνάμεως
3071 4793 3308 4862 ἔχουσαν
3375 4793 3591 4860 γνῶναι,
3635 4787 3719 4837 ὅσα

2176 4876 2475 4930 αῖτιώτατα
2512 4877 2651 4947 πρὸς
2698 4880 2794 4949 τὴν
2832 4880 2985 4934 θείαν
3019 4882 3225 4953 ἀρετὴν
3276 4884 3412 4937 δντα
3467 4879 3717 4949 τυγχάνειν

2176 4968 2235 5022 εὖ
2294 4970 2350 5023 δὲ
2402 4970 2714 5040 βουλήσεως
2764 4973 2951 5039 μένειν
3010 4976 3097 5043 ἐφ’
3152 4969 3238 5040 οἷς
3289 4976 3596 5035 καλλίστοις
3643 4967 3725 5021 καὶ

2176 5062 2423 5131 ἀρίστοις
2457 5062 2710 5129 ἔγνωσαν
2738 5063 2879 5119 οὖσι.
2919 5067 3077 5129 Τίνες
3111 5065 3206 5120 οὖν
3242 5069 3311 5121 ἂν
3339 5065 3450 5120 εἷεν
3486 5063 3725 5119 τοσοῦτοι.

2174 5152 2249 5212 ὡς
2284 5150 2573 5220 διαφυγεῖν
2603 5154 2702 5221 τῆς
2737 5153 2932 5223 ἡδονῆς
2966 5158 3060 5218 τὰς
3092 5155 3410 5225 ὑπερϐολάς
3460 5151 3723 5221 δυνηθῆναι

2180 5245 2244 5311 τῇ
2287 5244 2588 5314 γιγνομένῃ
2648 5260 2711 5311 γε
2745 5245 2951 5315 ταύτης
2998 5248 3192 5316 χρήσει
3224 5264 3240 5304 :
3277 5247 3483 5315 Ὀλίγοι
3542 5260 3627 5315 μοι
3655 5241 3727 5293 δο-

2181 5335 2371 5390 κοῦσιν
2394 5336 2941 5407 εύρεθήσεσθαι,καὶ
2990 5332 3137 5393 οὗτοί
3192 5356 3259 5407 γε
3318 5337 3729 5411 παρενεγκόντες

2178 5429 2305 5490 τοὺς
2335 5428 2526 5491 ἄλλους
2561 5429 2742 5498 πολλῷ
2764 5430 2844 5500 τῷ
2871 5432 3040 5501 μέσῳ.
3072 5432 3201 5484 ’ὐτε
3230 5435 3343 5503 γάρ
3364 5435 3458 5485 τὸν
3477 5426 3730 5500 ὀφθαλμὲν

2177 5518 2276 5587 τῆς
2303 5518 2482 5588 ψυχῆς
2512 5521 2722 5589 τυφλοῖ,
2771 5522 2865 5574 καὶ
2910 5523 3201 5591 μαλακίζει
3232 5524 3329 5576 τὸν
3364 5523 3563 5590 ταύτης,
3597 5518 3729 5571 τόνον

2172 5613 2203 5681 ἠ
2239 5612 2335 5681 τῆς
2370 5612 2565 5681 ἡδονῆς
2596 5611 2740 5681 τύγε,
2773 5612 2892 5675 πῶς
2924 5614 2986 5667 ού
3027 5615 3089 5666 τὸ
3129 5612 3339 5683 ταύτης
3387 5609 3734 5681 ὲπαγωγόντε

2167 5701 2265 5754 καὶ
2300 5700 2489 5771 θέλγον
2523 5702 2751 5774 μονονοὺ
2792 5704 2883 5758 καὶ
2916 5704 3132 5772 φύσεως
3201 5706 3604 5777 ἰσχυρότερον;
3655 5719 3736 5753 κα·
