3920 6200
332 323 434 384 ωδ

1724 283 2008 389 omne
2049 330 2109 391 ι’.

3459 334 3574 396 466»

323 440 476 506 Θεοῦ,
507 438 583 502 ὡς
616 437 673 492 δὲ
691 438 790 492 καὶ
826 441 962 492 πᾶσι
993 441 1106 502 τοῖς
1124 435 1265 508 οὖσι,
1293 443 1386 495 καὶ
1415 441 1572 496 τοῦτό
1594 461 1658 510 γε
1702 444 1880 514 δόγμα

1995 446 2196 516 quidem
2253 446 2320 501 de
2369 446 2470 502 hac
2523 454 2704 500 nostra
2759 443 3134 524 pollicebatur_
3179 448 3373 503 oratio.
3434 448 3568 506 Esse

327 541 496 585 κοινόν
519 550 534 565 ο
569 533 750 587 κοινόν
784 534 882 586 καὶ
916 534 1078 588 τοῦτο
1113 533 1309 600 γένοιτ’
1344 535 1432 599 ἂν,
1462 532 1640 604 οἶμαι,
1673 537 1876 606 δόγμα,

323 624 450 694 ὠςὴ
489 625 651 694 ἡδονὴ
675 625 862 689 καλὶν,
897 627 992 679 καὶ
1021 627 1182 696 δῆλον
1239 628 1486 686 αὑτόθεν.
1525 629 1596 682 ’Ἡ
1631 629 1738 696 γὰρ
1783 631 1883 683 οὐκ

325 717 518 770 ἔστιτὸ
569 718 669 786 τῆς
717 719 912 787 ἡδονῆς
967 719 1246 790 χρῆμα,ἧ
1297 723 1427 790 παρ’
1473 716 1536 776 οὗ
1581 725 1646 776 τὰ
1680 725 1881 790 πάντα,

325 808 566 877 κάκείνη.
604 809 746 862 Ἀλλ’
767 810 882 863 ἐστι
917 827 980 878 γε
1005 812 1224 870 πάντων
1254 815 1287 883 ὴ
1318 814 1500 883 ἡδονή.
1532 815 1731 869 Θεόθεν
1750 815 1878 887 ἄρα.

327 900 428 952 Καὶ
473 900 730 954 τάκεῖθεν
768 903 970 970 ἀγαθά.
1022 904 1226 975 Ἀγαθὴ
1276 905 1407 974 ἄρα.
1466 907 1539 960 Οὐ
1586 909 1767 962 τοίνυν
1801 925 1883 961 σοι

329 990 587 1044 πλειόνων
618 987 772 1060 οἶμαι
811 992 1017 1062 δεήσει,
1046 994 1184 1063 πρὸς
1226 996 1326 1066 τὴν
1380 999 1478 1067 τῆς
1535 999 1884 1068 ὑποσχέσεως

325 1082 548 1135 ἔκτισιν.
591 1087 666 1137 Οὐ
696 1086 806 1153 γὰρ
837 1086 1008 1149 ἔστιν,
1045 1089 1146 1142 οὐκ
1183 1088 1330 1143 ἔστιν
1361 1091 1528 1160 ἄνδρα
1561 1095 1750 1146 πιστὸν
1769 1080 1884 1148 διᾶο

326 1191 406 1238 ραι
441 1174 619 1244 στόμα
648 1176 923 1246 τολμῆσαι
953 1179 1088 1250 πρὸς
1114 1180 1450 1238 τούναντίον.
1482 1179 1648 1252 Οἶμαι
1673 1186 1731 1239 δὲ
1764 1186 1885 1256 μηδ’

324 1265 570 1326 ἄπιστον,
609 1267 802 1334 ἔχοντά
859 1285 922 1336 γε
977 1270 1105 1324 νοῦν
1157 1273 1478 1343 διακρίνειν,
1522 1277 1614 1330 καὶ
1673 1278 1886 1346 λογιζό-

326 1373 504 1422 μενον,
546 1357 642 1418 τὰς
671 1358 978 1427 ὑπερϐολὰς
1011 1363 1104 1414 καὶ
1137 1363 1236 1426 τὰς
1259 1367 1643 1436 παραχρήσεις
1691 1372 1804 1428 τοῖς
1824 1371 1886 1424 οὐ

322 1446 497 1508 καλῶς
530 1447 838 1516 χρωμένοις
861 1446 1004 1504 εἶναι
1031 1467 1045 1481 ·
1084 1454 1184 1522 τῆς
1203 1453 1258 1506 δὲ
1281 1455 1472 1525 ἡδονῆς
1497 1458 1596 1526 τὴν
1624 1459 1887 1516 σύστασιν

322 1537 472 1598 αὖθις
527 1535 667 1591 εἶναι
701 1544 764 1609 τῇ
808 1545 1127 1615 συμμετρίᾳ
1165 1547 1264 1610 τῆς
1299 1549 1686 1618 μεταλήψεως.
1719 1551 1886 1606 Ὥστε

328 1628 539 1694 ἔξεστιν
571 1632 766 1694 εἰπεῖν,
809 1635 921 1700 Πρὸ
968 1634 1063 1688 τοῦ
1119 1635 1336 1703 βαδίσαι
1373 1639 1618 1706 ἔφθασας
1643 1658 1657 1674 ο
1689 1643 1717 1696 ὅ
1775 1660 1884 1698 τινι

328 1720 429 1771 τῶν
474 1721 638 1775 θείων
686 1723 896 1792 ἀνδρῶν
931 1727 1164 1794 εἴρηται,
1232 1729 1538 1800 ὑπερϐολὴν
1598 1734 1679 1794 είς
1725 1750 1888 1801 ταχυ-

1988 553 2116 592 vero
2145 537 2471 605 voluptatem
2513 552 2542 590 a
2598 537 2726 600 Deo,
2769 537 2967 592 nullius
3004 553 3163 605 egere
3222 540 3563 605 probationis

1987 628 2240 682 arbitror.
2272 627 2406 686 Nam
2438 642 2557 683 cum
2587 629 2767 684 omn-ia
2794 629 2970 692 nobis,
3007 630 3146 684 sicut
3177 637 3230 686 et
3258 632 3418 688 rebus
3450 634 3568 692 uni-

1987 721 2234 784 versis,a
2279 721 2386 777 Deo
2410 721 2611 776 tributa
2643 723 2771 788 sint,
2826 724 2966 792 quod
3017 724 3231 792 quidem
3281 726 3560 784 communi

1989 820 2263 881 receptum
2296 823 2378 867 est
2406 814 2706 876 sententia,
2734 815 2999 883 sequitur,
3039 827 3092 872 et
3142 817 3241 871 hoc
3274 831 3567 878 commune
3662 831 3672 845 ‘

1989 902 2141 976 quasi
2174 902 2442 972 quoddam
2475 916 2598 957 esse
2627 903 2906 972 placitum,
2939 906 3266 972 voluptatem
3299 920 3421 960 esse
3449 921 3563 962 rem

1990 994 2210 1060 bonam,
2249 993 2408 1062 idque
2440 993 2523 1048 vel
2579 992 2705 1048 hinc
2744 993 3088 1063 perspicuum
3142 1000 3224 1048 est
3266 993 3392 1048 :vel
3421 995 3566 1048 enim

1989 1083 2136 1140 nulla
2164 1084 2410 1155 voluptas
2435 1093 2536 1150 cst,
2560 1085 2644 1140 vel
2685 1101 2714 1140 a
2745 1101 2855 1154 quo
2884 1094 3075 1140 cuncta
3108 1092 3252 1147 sunt,
3279 1085 3345 1137 ab
3377 1085 3566 1138 eodem

1987 1186 2041 1232 et
2071 1179 2204 1248 ipsa.
2231 1178 2300 1236 At
2335 1193 2464 1232 vero
2490 1178 2730 1247 voluptas
2761 1186 2845 1234 est
2877 1177 3117 1233 omnium
3157 1195 3168 1230 :
3199 1193 3228 1231 a
3264 1178 3366 1230 Deo
3390 1176 3569 1244 igitur.

1990 1267 2118 1334 Quae
2150 1276 2330 1321 autem
2379 1281 2409 1320 a
2460 1266 2587 1334 Deo,
2634 1267 2775 1322 bona
2829 1276 2994 1324 sunt:
3031 1269 3171 1324 bona
3231 1268 3412 1338 igitur.
3454 1265 3571 1322 Non

1991 1372 2121 1426 ergo
2152 1357 2246 1412 tibi
2287 1358 2550 1426 pluribus,
2574 1360 2788 1426 opinor,
2837 1375 2970 1428 opus
3009 1361 3199 1414 eritad
3239 1359 3566 1429 persolutio-

1992 1463 2112 1501 nem
2144 1448 2221 1501 rei
2245 1450 2546 1522 promissae.
2583 1447 2700 1503 Non
2725 1449 2871 1504 enim
2909 1450 3052 1515 licet,
3091 1467 3195 1506 non
3231 1452 3356 1505 licet
3398 1455 3573 1509 Immi-

1995 1540 2047 1594 ni
2080 1539 2220 1596 tideli
2257 1541 2524 1596 diversam
2555 1549 2613 1595 ut
2643 1542 2696 1596 in
2723 1552 2928 1611 partem
2979 1545 3175 1597 audeat
3199 1559 3258 1597 os
3291 1549 3504 1611 aperire
3555 1563 3572 1614 ;

1993 1631 2103 1687 imo
2134 1647 2235 1688 nec
2262 1632 2480 1698 inﬁdeli,
2517 1648 2634 1689 mea
2670 1633 2885 1703 quidem
2917 1633 3194 1702 Opinione,
3231 1635 3390 1688 modo
3419 1651 3573 1691 men—

1997 1734 2070 1790 te,
2140 1738 2262 1793 quae
2306 1724 2569 1793 judicium
2631 1724 2773 1779 ferre
2829 1726 3018 1793 possit,
3074 1725 3332 1793 prmditus
3373 1726 3443 1780 sit
3479 1735 3575 1792 ;et

322 1811 455 1879 τῆτα
481 1812 692 1867 θέλοντι
719 1789 914 1882 δείξαι.
946 1789 1116 1886 Οἶμαι
1173 1821 1228 1873 δέ
1273 1789 1424 1881 τινας
1465 1789 1576 1876 τῶν
1605 1789 1889 1894 παρόντων

1995 1814 2214 1884 cngitet,
2246 1830 2365 1884 qua:
2412 1816 2575 1870 nimia
2609 1815 2736 1881 sint,
2777 1830 2882 1869 una
2929 1831 3051 1870 cum
3085 1817 3366 1878 abusibus.
3397 1819 3461 1872 ad
3481 1832 3575 1873 eos

323 1904 667 1975 σαφέστερον
703 1908 910 1961 ἐθέλειν
939 1911 1191 1975 ἀκοῦσαι,
1216 1913 1311 1965 καὶ
1334 1913 1528 1983 χρῆναι
1557 1917 1768 1980 τούτοις
1787 1935 1894 1971 πα-

324 1995 747 2064 ραμυθήσασθαί
778 2017 869 2068 μοι
896 2002 1063 2064 δοκεῖ,
1112 2005 1235 2058 ὅσον
1268 2007 1470 2060 ἱκανόν.
1523 2007 1688 2063 Ὅθεν
1711 2009 1774 2079 δὴ
1803 2010 1892 2063 διὰ

321 2089 582 2144 πλειόνων
609 2093 907 2161 ἐκθέμενος
938 2094 1029 2148 τὸν
1056 2096 1234 2163 λόγον,
1260 2097 1435 2168 ὀρθῶς
1466 2116 1527 2166 γε
1560 2101 1683 2169 ἕχον
1732 2103 1892 2168 δείξω

320 2181 378 2235 τὸ
427 2183 633 2253 δόγμα,
685 2187 979 2254 ἀνάγκαις,
1020 2183 1197 2258 οἶμαι,
1261 2191 1626 2259 πρεπούσαις.
1696 2196 1890 2250 Καίτοι

319 2275 458 2327 δοκῶ
494 2294 586 2343 μοι
608 2277 729 2332 λίαν
758 2280 928 2347 σαφὲς
954 2283 1394 2347 κατασκευάζειν
1431 2285 1756 2356 ἐπιχειρεῖν.
1775 2291 1891 2342 Κα-

319 2367 406 2424 λὸν
426 2368 488 2422 δὲ
523 2371 682 2437 ὅμως
720 2373 898 2424 είπεῖν
928 2374 1018 2425 καὶ
1047 2373 1108 2426 τὸ
1154 2374 1276 2428 καθ’
1313 2375 1449 2430 αὐτὸ
1490 2381 1890 2448 συνιστάμενον

319 2459 424 2514 ἀπὸ
460 2462 574 2515 τῶν
626 2462 726 2532 ήδη
766 2464 1042 2534 ῥηθέντων
1069 2464 1158 2520 διὰ
1203 2467 1393 2533 κοινῆς
1427 2469 1523 2535 (ὡς
1572 2471 1775 2541 εἰπεῖν)
1807 2475 1892 2526 ὲν-

317 2551 459 2616 νοίας
501 2554 594 2611 καὶ
624 2554 956 2622 ἀξιώματος,
996 2558 1074 2610 ἔτι
1107 2558 1201 2610 καὶ
1263 2561 1468 2627 μᾶλλον
1503 2564 1768 2633 συστῆσαι
1797 2567 1890 2620 καὶ

315 2647 378 2716 τῇ
440 2649 557 2700 τῶν
607 2647 785 2716 λόγων
841 2650 1135 2720 ἀκολουθία
1177 2652 1236 2705 ἐν
1298 2652 1577 2724 διαφόροις
1609 2658 1894 2727 ἐπιχειρήη

319 2756 480 2805 μασι.
522 2740 595 2792 Τὸ
623 2741 735 2810 γὰρ
756 2741 907 2794 δυοῖν
942 2743 1362 2811 συνιστάμενον,
1395 2744 1490 2813 δῴο
1515 2746 1578 2815 δή
1612 2763 1768 2810 τινας
1795 2749 1891 2815 (ὡς

315 2831 518 2890 εἰπεῖν)
552 2832 677 2900 ἕχον
715 2833 902 2898 πόδας,
937 2833 1288 2903 ὲδραιότερόν
1321 2853 1424 2889 που
1450 2835 1545 2890 τοῦ
1573 2837 1641 2892 δι’
1677 2839 1794 2902 ἐνὸς
1815 2841 1892 2904 ὡς

314 2923 372 2986 ἐξ
405 2924 675 2991 ἡμισείας
732 2943 848 2988 πως
889 2925 1203 2996 βεϐηκότος,
1255 2927 1447 2998 ὥσπερ
1499 2929 1586 2996 ἐφ’
1632 2930 1715 2983 ἐνὶ
1748 2932 1890 2986 ποδί.

314 3014 372 3067 Εἰ
401 3015 460 3068 δὲ
499 3016 595 3070 καὶ
630 3015 1272 3088 πλείοσινὲπερείδεται,
1309 3021 1445 3075 πολύ
1477 3039 1538 3090 γε
1563 3025 1710 3077 τοῦτ’
1730 3025 1892 3096 ἄμει-

314 3122 422 3159 νον.
465 3107 578 3160 Καὶ
603 3107 666 3175 δὴ
695 3109 992 3176 σκοπῶμεν
1037 3109 1156 3164 ὡδί.
1196 3112 1504 3183 ’Λρξόμεθα
1531 3115 1578 3169 δ’
1610 3113 1768 3181 αὖθις
1826 3122 1890 3174 ὲκ
1917 3150 1960 3208 c

315 3197 422 3250 τῶν
451 3200 763 3270 προτέρων.
813 3201 1080 3270 Θεμέλιον
1115 3204 1222 3274 γὰρ
1273 3205 1432 3258 ἄλλον
1464 3208 1640 3272 οὐδεὶς
1669 3211 1890 3266 δύναται

314 3290 491 3346 θεῖναι
531 3293 682 3360 παρᾶ
713 3293 806 3346 τὸν
836 3295 1116 3362 κείμενον,
1173 3296 1283 3365 ἔφη
1337 3297 1572 3361 Παῦλος.
1623 3303 1734 3355 Καὶ
1783 3304 1889 3375 ὁδῷ

315 3383 553 3453 βαδίζων
590 3386 618 3438 ὁ
653 3385 838 3452 λόγος,
861 3385 1000 3442 Θεοῦ
1059 3390 1479 3458 συναιρομένου,
1517 3393 1799 3462 συντόμως
1831 3397 1892 3450 ea

313 3478 644 3547 γιγνόμενον
672 3477 974 3544 ἀποδώσει,
1008 3479 1302 3545 ἀποδείξας
1335 3482 1434 3551 μὲν
1463 3485 1678 3549 ἐκεῖνα,
1717 3479 1792 3540 ὧν
1817 3490 1891 3557 μὴ

314 3570 662 3640 δειχθέντων,
698 3572 800 3624 οὐκ
825 3572 894 3626 ἂν
926 3571 1242 3642 ἀρκούντως
1270 3573 1415 3644 ἔχειν
1437 3575 1505 3633 τὰ
1534 3576 1888 3646 ῥηθησόμενα

312 3663 489 3726 δόξαν
524 3663 812 3740 σιωπήσας
843 3662 901 3716 δὲ
935 3664 1127 3730 πολλὰν
1155 3664 1190 3724 ἃ
1224 3666 1316 3719 καὶ
1349 3665 1423 3736 μὴ
1458 3666 1716 3735 λεχθέντα
1738 3671 1888 3738 φυγῇ

314 3755 409 3812 τοῦ
429 3757 620 3824 κόρου,
653 3756 756 3809 οὐκ
787 3758 854 3813 ἂν
885 3759 1108 3825 ἐνέγκαι
1159 3758 1390 3828 ζημίαν,
1425 3755 1602 3830 οἶμαι,
1651 3760 1729 3830 τῷ
1762 3778 1893 3832 προ·

317 3847 557 3917 κειμένῳ
589 3847 801 3916 σκοπῷ.

1995 1922 2114 1962 esse
2157 1906 2440 1965 referenda
2469 1909 2564 1977 qui
2598 1923 2706 1961 non
2770 1918 2916 1962 recte
2974 1917 3198 1964 utantur
3233 1925 3246 1972 ;
3275 1908 3575 1976 voluptatis

2002 2007 2182 2054 autem
2227 2000 2413 2070 'ipsius
2442 2000 2595 2068 quasi
2644 1999 3078 2067 fundamentum,
3123 1999 3176 2052 in
3214 2001 3578 2068 perceptionis

1993 2091 2362 2148 moderamine
2415 2091 2740 2146 consistere.
2779 2089 2896 2156 Quo
2920 2089 2977 2144 iit
3013 2099 3070 2146 ut
3104 2091 3282 2146 dicere
3332 2091 3463 2145 milii
3509 2091 3578 2144 li-

1992 2193 2116 2238 ceat
2164 2201 2178 2237 :
2215 2185 2516 2256 Antequam
2571 2185 2671 2240 iter
2702 2187 3004 2255 occiperes,
3062 2185 3397 2255 pervenisti;
3437 2185 3579 2252 quod

1992 2275 2206 2330 divinus
2269 2277 2486 2346 quidam
2519 2281 2601 2330 vir
2629 2278 2784 2342 dixit,
2817 2263 3041 2332 nimiam
3077 2279 3362 2347 quamdam
3387 2279 3572 2332 celeri-

1996 2375 2160 2424 tatem
2197 2369 2384 2424 voleus
2430 2371 2738 2425 aitcudere.
2772 2370 3021 2424 Arbitror
3080 2380 3258 2423 autem
3313 2373 3578 2437 quosdam

1995 2461 2082 2514 hic
2113 2471 2408 2528 prmscntes
2432 2460 2720 2518 dilucidius
2745 2462 2858 2518 haec
2884 2463 3070 2522 audire
3101 2478 3299 2531 cupere
3342 2481 3356 2527 ;
3388 2463 3585 2532 quibus

1991 2553 2235 2622 equidem
2291 2555 2728 2622 gi‘atil‘tcandum,
2784 2557 2912 2612 dum
2961 2556 3096 2612 satis
3144 2556 3226 2611 eis
3261 2557 3372 2622 tiat,
3433 2565 3580 2624 puto.

1991 2644 2351 2712 Quamobrem
2419 2645 2662 2716 pluribus
2711 2662 2925 2702 omnem
2985 2649 3250 2702 rationem
3305 2647 3586 2716 explicans

1993 2747 2139 2792 recte
2181 2748 2549 2803 comparatam
2601 2753 2724 2794 esse
2784 2739 3108 2795 sententiam
3132 2779 3147 2802 ,
3181 2740 3507 2794 necessariis
3530 2745 3582 2793 et

1990 2827 2459 2892 coxrvenientibus,
2513 2836 2572 2882 ut
2625 2829 2884 2892 arbitror,
2930 2829 3262 2897 argtunentis
3319 2829 3578 2898 probabo-

2008 2915 2328 2986 Quanquam
2375 2935 2485 2973 rem
2534 2918 2693 2975 valde
2746 2921 3098 2989 perspicuam,
3143 2931 3392 2978 astruere
3448 2921 3582 2974 mihi

1992 3008 2128 3066 velle
2160 3011 2365 3076 videor,
2395 3011 2747 3068 nihilominus
2777 3014 2976 3087 bonum
3008 3006 3093 3068 eSt
3128 3014 3245 3067 haec
3273 3013 3579 3080 explicare.

1997 3100 2249 3170 quodque
2275 3117 2370 3171 per
2402 3116 2460 3158 se
2485 3102 2735 3158 consistit
2761 3118 2826 3158 ex
2865 3103 2931 3157 iis
2956 3119 3073 3173 quae
3112 3104 3222 3174 jam
3261 3105 3402 3158 dicta
3431 3113 3579 3163 sunt.

1997 3209 2094 3263 per
2126 3208 2495 3259 communem,
2531 3204 2589 3250 ut
2647 3195 2720 3250 ita
2771 3196 3026 3261 dixerim,
3085 3198 3362 3252 notionem
3417 3207 3584 3267 atque

1996 3288 2346 3350 sententiam,
2401 3288 2570 3358 magis
2634 3290 2796 3346 etiam
2844 3291 3226 3345 consentaneis
3277 3291 3584 3352 rationibus

1999 3382 2252 3451 probare,
2285 3380 2500 3436 diversa
2553 3397 2647 3451 per
2684 3390 3022 3452 argumenta.
3056 3383 3188 3436 Nam
3241 3383 3381 3453 quod
3415 3383 3615 3439 rcbusv

1998 3473 2210 3530 duabus
2239 3483 2476 3540 constat,
2503 3475 2641 3530 duos
2667 3476 2955 3546 quosdam,
2981 3487 3039 3529 ut
3073 3477 3144 3530 ita
3179 3477 3381 3540 dicam,
3412 3479 3581 3546 pedes

1995 3567 2220 3633 habens,
2277 3569 2675 3637 quodammodo
2736 3570 3008 3626 stabilius.
3055 3580 3137 3624 est
3198 3585 3262 3624 eo
3311 3572 3451 3640 (μιοά
3487 3585 3584 3639 per

1998 3678 2164 3716 unum
2194 3662 2422 3732 aliquid,
2451 3663 2593 3718 velut
2618 3679 2683 3716 ex
2707 3665 2954 3730 semisse,
2983 3665 3246 3732 Quasique
3277 3666 3410 3734 pede
3436 3666 3582 3720 dun.

2001 3765 2154 3810 taxat
2185 3769 2293 3808 uno
2334 3754 2609 3809 consistit.
2650 3756 2803 3820 Quod
2834 3757 2878 3808 si
2915 3757 3079 3808 etiam
3116 3757 3360 3824 pluribus
3417 3756 3575 3811 fulci-

2001 3856 2113 3912 tur,
2147 3848 2306 3916 loiige
2347 3846 2398 3900 id
2446 3861 2664 3916 quoque
2696 3846 2888 3900 melius
2933 3857 3037 3902 cst.
3089 3849 3154 3902 Et
3211 3849 3578 3905 consideratio

314 3954 446 3995 sane
496 3950 682 3995 uestra
735 3943 837 3996 hoc
875 3940 1106 4010 quodam
1143 3944 1302 3997 modo
1329 3942 1664 3998 instituatur.
1698 3942 1987 3997 Ordiamur
2053 3950 2234 3996 autem
2278 3953 2464 3994 rursus
2527 3955 2591 3994 ex
2656 3941 3148 4007 antecedentibus;
3195 3945 3390 4013 quippe
3455 3943 3580 3999 t'un-

316 4037 628 4098 damentutn
657 4037 800 4090 aliud
829 4037 955 4106 poni
987 4038 1354 4108 uequitquam
1374 4039 1517 4107 quod
1535 4039 1749 4104 'jactum
1783 4048 1888 4102 est,
1968 4049 2026 4092 ut
2096 4035 2246 4089 Pauli
2293 4034 2476 4090 verbis
2525 4044 2666 4088 utar.
2699 4036 2765 4089 Et
2814 4037 2928 4105 ipsa
2985 4038 3162 4091 oratio
3220 4041 3301 4091 via
3343 4040 3575 4106 quadam

317 4127 636 4196 rationeque
682 4131 1084 4197 progrediente,
1123 4129 1424 4198 Opitulante
1475 4131 1606 4196 Deo,
1674 4131 2078 4197 compendiaria
2129 4129 2271 4198 quod
2340 4135 2555 4183 rectum
2633 4130 2738 4183 crit
2803 4142 3041 4202 exponet
3085 4149 3097 4183 :

317 4218 446 4283 illis,
476 4221 671 4287 quibus
697 4237 804 4274 non
845 4222 1110 4291 probatis,
1157 4222 1299 4275 haud
1336 4223 1468 4278 satis
1506 4223 1646 4279 bene
1694 4233 1991 4278 constituta
2032 4239 2154 4294 qua!
2191 4225 2442 4281 dicentur
2482 4229 2651 4282 videri
2730 4233 2953 4297 queant,

3183 4132 3578 4188 demonstratis

3037 4225 3333 4292 multisque
3404 4225 3576 4278 silen~

318 4309 395 4364 tio
432 4311 742 4378 praeteritis,
799 4327 918 4380 qua!
970 4313 1180 4367 tantetsi
1246 4313 1450 4367 vitandi
1508 4314 1650 4368 taedii
1724 4330 1888 4370 causa
1928 4319 2140 4384 prolata
2176 4334 2278 4372 non
2335 4321 2559 4386 fuerint,
2598 4320 2800 4374 nullum
2855 4326 3033 4386 tamen
3068 4317 3346 4388 proposito
3409 4331 3578 4388 scopo

318 4407 728 4472 detrimentum,
759 4411 974 4478 opinor,
1028 4408 1332 4464 attulerint.

392 4502 454 4553 Ei
485 4502 614 4570 γοῦν
653 4503 685 4570 ἡ
723 4502 887 4570 φύσις
937 4503 1046 4555 τῶν
1071 4501 1245 4555 ὄντων
1281 4503 1434 4570 παρὰ
1490 4502 1650 4567 Θεοῦ,
1708 4503 1803 4557 καὶ
1853 4505 1886 4572 ἡ

2070 4503 2125 4558 Si
2182 4516 2311 4574 ergo
2377 4514 2569 4559 natura
2615 4518 2799 4558 rerum
2832 4517 2860 4556 a
2893 4502 3004 4557 Deo
3063 4510 3165 4568 est,
3199 4510 3254 4557 et
3300 4505 3577 4574 appetitus

321 4591 590 4660 ἐπιθυμία
624 4594 760 4646 πᾶσι
791 4593 904 4654 τοῖς
929 4591 1093 4655 ζώοις
1127 4594 1486 4662 ὲνέσπαρται,
1519 4595 1772 4665 καθάπερ
1805 4597 1889 4647 καὶ

2004 4596 2218 4649 cumctis
2255 4597 2626 4651 animantibus
2655 4596 2874 4662 insitus,
2927 4596 3071 4650 sicut
3101 4605 3155 4650 et
3189 4607 3316 4651 ante
3371 4598 3577 4653 dictum

322 4687 676 4750 προείρηται,
721 4685 818 4736 καὶ
856 4683 960 4736 οὐκ
1016 4683 1166 4736 ἔστιν
1227 4681 1426 4746 ἔξωθεν
1465 4683 1526 4736 τὸ
1573 4684 1892 4752 ἐπιθυμεῖν,

319 4774 444 4826 οὐδὲ
473 4776 852 4844 ὑστερογενὲς,
886 4774 998 4830 οὐδ’
1029 4776 1347 4842 ἐπίκτητον,
1377 4776 1496 4827 ἀλλ’
1520 4775 1766 4845 ἔμφυτός
1809 4792 1896 4838 τις

322 4865 558 4935 δύναμις
598 4867 700 4936 τῆς
725 4867 936 4936 ψυχῆς,
965 4866 1062 4920 καὶ
1094 4865 1422 4936 ἀχώριστος,
1459 4867 1553 4920 καὶ
1617 4868 1783 4937 μέρος
1829 4869 1892 4933 γέ

322 4973 380 5008 τι
415 4957 613 5026 ταύτης
647 4959 724 5027 (εί
763 4955 945 5026 βούλει
982 4955 1186 5024 λέγειν)
1215 4956 1316 5024 τῆς
1355 4955 1658 5026 τριμεροῦς
1706 4974 1765 5009 τε
1797 4958 1893 5009 καὶ

325 5046 564 5116 ἀμεροῦς
601 5048 770 5119 (λέγω
803 5047 861 5102 δὲ
895 5047 990 5100 νῦν
1018 5048 1146 5118 rapi
1172 5046 1275 5112 τῆς
1305 5047 1533 5116 λογικῆς
1562 5065 1620 5100 τε
1644 5049 1738 5101 καὶ
1758 5050 1898 5118 ἡμε-

326 5138 537 5208 τέρας),
563 5140 810 5210 δηλονότι
838 5140 1047 5207 ἀγαθὸν
1073 5141 1107 5209 ἡ
1143 5140 1435 5209 ἆπιθυμία,
1494 5140 1589 5195 ἅτε
1629 5141 1692 5208 δὴ
1741 5141 1896 5210 παρὰ

325 5231 470 5283 Θεοῦ
509 5237 573 5304 τῇ
611 5233 762 5303 ψυχῇ
807 5233 1076 5302 δεδομένη
1126 5237 1224 5301 οὐχ
1262 5226 1424 5304 ἦττον
1479 5233 1511 5303 ἢ
1555 5233 1623 5285 τὰ
1687 5233 1895 5302 ἀδελφὰ

331 5323 508 5392 αὐτῆς
566 5329 736 5395 μέρη,
782 5327 844 5378 τὸ
905 5326 1126 5392 λογικόν
1154 5342 1214 5378 τε
1253 5325 1346 5378 καὶ
1395 5325 1647 5392 θυμικόν.
1690 5325 1800 5376 Καὶ
1850 5328 1898 5378 εἰ

329 5416 490 5471 τοῦτο
508 5419 621 5490 δοίη
663 5439 768 5488 τις,
801 5421 1008 5490 ἀγαθὸν
1054 5417 1199 5474 εἶναι
1234 5421 1335 5487 τὴν
1363 5420 1660 5490 ἐπιθυμίαν
1706 5419 1893 5488 (δώσει

328 5512 387 5562 δέ
417 5527 477 5576 γε
505 5516 610 5578 πᾶς
634 5533 742 5580 τις,
768 5513 944 5584 οἶμαι,
971 5515 1071 5568 οὐκ
1103 5515 1180 5568 ὣν
1218 5514 1457 5584 αὐθάδης
1487 5531 1545 5566 τε
1588 5513 1684 5566 καὶ
1738 5513 1896 5566 ἀλλό-

333 5605 535 5667 κοτος),
575 5607 781 5674 ἀγαθὴν
807 5607 904 5660 καὶ
931 5610 964 5678 ἡ
997 5607 1163 5677 ἡδονὴ
1193 5606 1468 5675 φαίνεται,
1496 5603 1565 5658 δι’
1585 5605 1652 5674 ἣν
1669 5619 1727 5656 τε
1747 5603 1894 5655 ἔστιν

338 5694 648 5764 ἐπιθυμεῖν,
691 5699 784 5752 καὶ
814 5693 880 5768 ἦς
907 5699 1075 5769 χωρὶς
1100 5700 1220 5752 οὑδὲ
1242 5699 1340 5768 τὴν
1380 5695 1678 5763 ἐπιθυμίαν
1723 5694 1894 5759 αὐτὴν

346 5787 490 5852 ιίκδς
518 5787 577 5857 ἦν
605 5791 779 5860 δήπου
801 5793 866 5861 τῇ
893 5789 1040 5862 ψυχῇ
1075 5789 1491 5862 ξυμπεφυκέναι
1521 5789 1617 5859 τὴν
1650 5785 1896 5858 πρώτην.

1996 4697 2103 4748 est,
2135 4703 2232 4742 nec
2264 4688 2550 4758 appetendi
2579 4688 2659 4742 vis
2691 4696 2785 4742 aut
2818 4690 3160 4744 extrinsecus
3184 4689 3432 4744 alicunde
3456 4706 3582 4759 pro-

2002 4778 2172 4843 venit,
2204 4787 2296 4832 aut
2323 4788 2444 4832 urta
2482 4779 2756 4846 posterius
2786 4789 2891 4840 est.
2931 4790 3022 4833 aut
3054 4781 3319 4845 ascititia,
3371 4783 3462 4835 scd
3490 4783 3576 4835 in-

1998 4880 2120 4922 nata
2185 4869 2432 4938 quasdam
2482 4877 2535 4924 et
2606 4871 2986 4939 inseparabilis
3037 4874 3200 4926 animi
3248 4873 3480 4928 lacultas
3524 4885 3581 4928 et

1998 4977 2124 5026 pars
2159 4961 2400 5026 quaedam
2434 4959 2572 5028 ejus,
2603 4961 2648 5016 si
2673 4963 2888 5030 quidem
2925 4963 2999 5016 ita
3050 4962 3195 5033 loqui
3233 4965 3402 5024 voles,
3456 4981 3578 5034 quin

2001 5051 2270 5117 tripartita
2328 5052 2534 5118 pariter
2586 5061 2641 5105 et
2705 5051 2937 5120 partium
2996 5067 3193 5120 expers
3242 5063 3328 5107 est
3363 5054 3579 5125 (loquor

2001 5152 2182 5194 autem
2210 5141 2368 5194 modo
2398 5143 2465 5196 de
2489 5142 2671 5196 anima
2706 5143 2933 5197 rationis
2968 5144 3232 5212 participe
3252 5159 3316 5198 ac
3337 5147 3574 5214 nostra),

2003 5233 2269 5300 sequitur,
2301 5236 2600 5300 appetitum
2629 5247 2750 5288 esse
2800 5249 2909 5289 rem
2943 5234 3162 5297 bonam,
3197 5234 3361 5288 veluti
3415 5235 3504 5304 qui
3541 5251 3574 5289 a

2003 5324 2114 5377 Deo
2155 5340 2259 5377 non
2298 5325 2476 5380 minus
2496 5327 2678 5379 animo
2706 5326 2946 5380 tributus
2975 5325 3068 5387 sit,
3105 5340 3167 5379 ac
3191 5336 3372 5393 partes
3405 5327 3576 5394 ipsius
3609 5349 3620 5354 ε

2001 5428 2294 5483 germanae,
2325 5414 2703 5469 ratiocinatrix
2733 5426 2787 5469 ct
2831 5415 3096 5470 irascens.
3138 5416 3214 5468 Ac
3273 5416 3316 5470 si
3354 5418 3573 5484 quidem

2002 5508 2199 5576 aliquis
2228 5507 2465 5575 dederit,
2513 5510 2813 5579 appetitum
2841 5524 2961 5565 esse
2998 5526 3110 5563 rem
3161 5510 3356 5564 bonam
3400 5511 3579 5581 (dabit

2000 5609 2179 5654 autem
2210 5599 2464 5668 quilibet,
2504 5602 2724 5668 Opinor,
2777 5602 2870 5670 qui
2915 5617 3088 5671 neque
3117 5615 3442 5669 contumax;
3470 5621 3572 5659 nc-

2002 5707 2106 5760 que
2131 5691 2377 5747 insolens
2417 5693 2564 5759 erit),
2604 5693 2816 5761 parebit
2842 5703 2898 5750 et
2935 5696 3262 5767 voluptatem
3309 5715 3427 5755 esse
3459 5716 3571 5755 rem

2003 5787 2222 5854 bonam,
2263 5795 2486 5857 propter
2527 5799 2689 5857 quam
2721 5791 3048 5858 appetitnus,
3110 5802 3163 5848 ct
3202 5793 3406 5864 absque
3461 5807 3568 5863 qna
