3920 6200
400 329 507 393 46⁵1

1586 330 1983 392 MANUELIS
2016 329 2423 394 PALIEOLOG
2444 334 2457 392 Ι

3489 324 3579 392 468

396 457 465 497 ne
515 440 691 510 ipsum
760 437 977 511 quidem
1043 434 1339 506 appetitum
1375 438 1443 492 ab
1488 437 1642 495 initio
1711 452 1956 495 naturam

2085 443 2257 513 νῐάτην
2281 444 2391 514 γάρ
2426 443 2492 496 ἂν
2534 440 2685 511 παρά
2717 441 2816 510 τὴν
2872 441 3047 513 ἀρχὴν
3079 438 3136 495 τδ
3174 440 3438 514 ἐπιθυμεῖν
3477 446 3582 511 ἐγε⁴

396 533 580 587 animo
606 532 899 585 indituram
929 529 1118 595 fuisse,
1153 540 1579 585 consentaneum
1607 540 1707 585 est.
1739 527 1961 586 Frustra

401 625 545 678 enim
574 623 641 677 ab
672 623 827 677 initio
861 624 1097 678 tributus
1151 624 1308 679 nobis
1345 625 1536 681 ruisset
1574 628 1865 696 appetitus,
1918 628 1963 683 si

401 730 508 769 non
537 725 589 768 et
643 714 771 768 illud
815 715 1137 779 exstitisset,
1166 717 1218 769 in
1262 731 1370 785 quo
1403 718 1616 771 animus
1663 718 1765 773 hac
1794 720 1962 773 etiam

397 806 451 859 in
480 814 633 874 parte
658 813 841 871 posset
870 805 922 857 in
957 805 1115 859 nobis
1145 804 1331 859 cllicax
1366 821 1507 860 esse.
1554 810 1621 860 At
1648 806 1845 861 frustra
1886 808 1963 862 Γει-

394 906 541 951 ctum
578 896 780 962 aliquid
812 911 935 951 esse
963 913 989 949 a
1027 898 1156 959 Deo.
1193 907 1301 953 tam
1337 901 1490 954 dictu
1513 915 1671 969 quam
1704 902 1964 972 cogitatu,

399 988 669 1043 nefarium
718 988 901 1044 fuerit.
929 989 1191 1059 Sequitur
1214 1006 1366 1060 ergo,
1396 993 1481 1047 vel
1509 995 1748 1048 animum
1791 1011 1817 1049 a
1854 994 1965 1051 Deo

397 1095 506 1135 non
555 1094 681 1133 esse
715 1079 941 1143 factum,
988 1082 1131 1150 (quis
1163 1094 1339 1136 autem
1372 1093 1424 1137 et
1470 1085 1651 1139 animo
1686 1086 1965 1153 prmditus.

399 1182 454 1225 et
489 1172 685 1226 mentis
725 1176 1014 1241 particeps,
1044 1176 1149 1229 hoc
1178 1174 1373 1229 dixerit
1400 1176 1445 1245 τ)
1476 1180 1555 1231 vel
1598 1192 1718 1233 esse
1743 1179 1969 1233 creden-

404 1266 555 1328 dum,
593 1263 923 1331 voluptatein
961 1266 1142 1319 animo
1180 1267 1441 1321 divinitus
1501 1269 1779 1324 tributam.
1830 1270 1965 1325 Cum

413 1356 557 1407 eiiim
587 1356 870 1422 prolatum
904 1356 995 1421 sit,
1022 1372 1087 1409 ne
1127 1359 1420 1425 appetitum
1463 1361 1681 1427 quidem
1726 1377 1845 1416 esse
1873 1363 1967 1415 tle-

407 1445 617 1507 buisse,
650 1446 694 1498 si
726 1447 885 1513 plane
922 1448 1052 1500 nihil
1090 1448 1401 1515 exsisteret,
1444 1451 1497 1505 in
1540 1468 1647 1521 quo
1702 1454 1971 1522 appetitus

407 1552 466 1592 se
494 1538 543 1591 id
574 1553 694 1592 esse
727 1538 872 1608 quod
899 1549 981 1593 cst
1007 1548 1150 1595 recte
1181 1540 1461 1597 declarare
1514 1554 1718 1613 posset,
1766 1547 1974 1615 perspi-

407 1643 566 1681 cuum
604 1644 828 1696 prorsus
857 1638 937 1683 est
972 1632 1252 1697 omnibus,
1277 1634 1423 1687 nulla
1444 1636 1487 1688 si
1518 1636 1766 1705 voluptas
1800 1650 1967 1702 esset,

404 1737 505 1778 nec
534 1726 831 1791 appetitum
868 1725 1089 1780 omnino
1146 1728 1417 1783 exsistere
1454 1729 1725 1797 debuisse,
1770 1732 1969 1800 quippe

403 1918 566 1957 causa
601 1906 829 1959 moveri.
865 1904 972 1959 Nec
999 1908 1141 1960 enim
1186 1920 1267 1962 est
1301 1909 1443 1961 aliud
1479 1910 1780 1979 quidpiam,
1813 1911 1971 1979 cujus

403 1995 494 2048 hic
528 2010 687 2049 causa
750 1998 954 2051 moveri
1012 2001 1203 2065 possit.
1257 2001 1596 2070 Quapropter
1631 2004 1869 2073 appetitu
1918 2005 1968 2057 in

403 2088 551 2141 hunc
586 2088 801 2141 modum
861 2089 1085 2153 abolito,
1123 2091 1300 2161 deque
1363 2093 1541 2148 medio
1578 2097 1828 2161 sublato,
1871 2112 1971 2151 nec

409 2180 627 2233 animus
660 2180 773 2246 ipse
824 2183 1172 2236 remanserit.
1225 2183 1435 2238 Etenim
1495 2185 1607 2240 ﬁeri
1666 2188 1872 2257 nequit,
1917 2198 1975 2242 ut

404 2270 621 2324 animus
644 2270 816 2339 aliqua
858 2286 916 2324 re
964 2288 1059 2325 sua
1122 2274 1409 2344 spoliatus,
1452 2277 1505 2330 iu
1547 2292 1608 2331 eo
1658 2294 1975 2346 permanere

405 2368 568 2423 statu,
604 2376 707 2430 quo
740 2364 987 2419 cauditus
1005 2365 1127 2427 fuit,
1161 2368 1373 2433 possit;
1405 2371 1547 2437 quod
1579 2385 1714 2425 sane
1752 2371 1816 2425 de
1844 2386 1975 2425 con-

408 2453 579 2507 trario
609 2462 780 2522 paret.
811 2455 943 2507 Nam
974 2471 1149 2524 neque
1178 2469 1604 2514 consentaneum
1648 2470 1748 2526 est,
1800 2478 1974 2531 neque

410 2544 529 2598 ﬁeri
563 2554 757 2613 potest,
804 2555 861 2599 ut
890 2547 1105 2601 animus
1163 2546 1368 2619 aliquid
1419 2553 1759 2626 extrinsecus
1818 2569 1976 2608 assu-

414 2644 551 2699 mat,
580 2650 684 2704 quo
714 2638 887 2706 magis
922 2639 992 2693 sit
1035 2639 1273 2695 animus.
1331 2640 1569 2712 Ideoque
1611 2660 1707 2699 nec
1747 2646 1976 2699 alterum

416 2725 533 2781 ﬁeri
571 2735 770 2796 potest,
803 2740 856 2783 ut
888 2730 1091 2799 aliquid
1118 2732 1325 2787 scilicet
1349 2736 1583 2789 amittat.
1621 2734 1977 2789 Namntrum-

414 2834 519 2887 que
550 2818 911 2873 consimiliter
939 2821 1233 2876 absurdum
1265 2833 1369 2878 est.
1412 2825 1624 2879 Etenim
1656 2827 1822 2881 animi
1853 2842 1977 2895 erga

413 2923 475 2966 se
544 2909 794 2970 invicem,
853 2913 996 2978 quod
1047 2914 1218 2981 ipsam
1273 2916 1464 2971 attine't
1516 2919 1873 2973 substantiam
1928 2924 1983 2973 et

413 3011 593 3054 ortum
650 3002 909 3070 primum,
962 3005 1253 3073 aequaliter
1313 3016 1367 3060 et
1396 3009 1585 3063 eodem
1634 3009 1816 3063 allecti
1851 3017 1983 3064 sunt

2068 537 2237 605 γόνει,
2276 537 2375 589 οὐκ
2438 536 2594 601 ὄντος
2660 535 2894 600 ἐκείνου,
2950 537 3011 588 ἐν
3074 529 3224 604 ᾧπερ
3280 534 3343 589 ἂν
3376 530 3581 605 εῖχενη

2070 629 2216 696 ψυχὴ
2247 628 2343 680 καὶ
2369 628 2508 681 κατὰ
2540 628 2659 680 τόδε
2692 629 2751 680 τὸ
2794 630 2961 696 μέρος
3010 628 3223 695 ἐνεργὸς
3282 628 3403 695 ἡμῖν
3438 624 3582 679 εἶναι.

2067 720 2262 789 Μάτην
2285 720 2341 772 δέ
2376 737 2427 772 τι
2453 722 2607 789 παρά
2630 721 2764 773 Θεοῦ
2794 722 3077 788 γεγονέναι
3104 719 3403 787 βλάσφημον
3432 719 3587 768 εἰπεῖν

2069 812 2100 880 ἣ
2134 812 2343 878 νοῆσαι.
2374 812 2673 879 Συμϐαίνει
2713 811 2825 880 sui
2862 811 2995 880 μηδέ
3029 811 3123 878 τὴν
3157 808 3329 878 ψυχὴν
3377 811 3435 861 ἐκ
3466 806 3587 860 Θεοῦ

2069 903 2381 971 γεγονέναι,
2412 902 2460 969 (ὃ
2488 902 2570 964 τίς
2610 903 2679 955 ἀν
2707 902 2875 964 εἴποι,
2908 899 3089 971 ψυχήν
3122 918 3181 952 τε
3214 900 3367 968 ἔχων,
3399 900 3485 953 καὶ
3509 899 3588 952 νοῦ

2072 995 2318 1065 μετέχων
2360 993 2399 1064 ;)
2430 994 2461 1064 ἢ
2491 995 2586 1047 καὶ
2617 994 2717 1062 τὴν
2745 993 2939 1063 ἡδονὴν
2970 996 3037 1063 τῇ
3066 992 3211 1061 ψυχῇ
3245 991 3417 1044 θεόθεν
3468 986 3589 1043 εῖναι

2070 1086 2376 1140 πιστεύειν.
2450 1084 2671 1155 Ἐπειδὴ
2722 1085 2833 1155 γὰρ
2890 1084 3181 1147 δέδεικται,
3228 1081 3299 1145 ὡς
3353 1081 3465 1133 οὖδέ
3507 1081 3594 1149 τὴν

2070 1179 2370 1249 ἐπιθυμίαν
2406 1180 2575 1248 ἐχρῆν
2612 1174 2775 1243 εἶναι,
2824 1177 3041 1238 οὐδενός
3071 1193 3219 1238 τινος
3268 1176 3397 1238 ὅλως
3440 1174 3593 1236 ὄντος,

2071 1272 2159 1339 ἐφ’
2189 1268 2342 1339 ᾧπερ
2373 1271 2439 1324 ἃν
2468 1270 2649 1333 καλῶς
2671 1270 3023 1322 ἐπεδείκνυτο
3054 1268 3183 1323 αὐτό
3214 1284 3273 1335 γε
3304 1267 3450 1319 τοῦτο
3478 1261 3595 1319 οὖτα

2072 1360 2367 1429 ἐπιθυμία,
2397 1360 2557 1428 δῆλον
2591 1359 2657 1411 ἂν
2703 1362 2789 1429 είη
2852 1361 3017 1412 πᾶσιν
3077 1357 3227 1425 ἑξῆς,
3270 1356 3342 1419 ὡς
3373 1357 3460 1410 καὶ
3508 1356 3597 1424 τῆς

2074 1452 2268 1521 ἡδονῆς
2331 1451 2599 1518 μηδαμῶς
2655 1450 2841 1517 οὔσης,
2897 1449 3017 1502 οὐδέ
3066 1449 3166 1516 τὴν
3222 1447 3497 1516 ἐπιθυμίαν
3542 1464 3597 1513 γε

2073 1544 2179 1597 ἔδει
2228 1545 2555 1613 τοπαράπαν
2616 1543 3029 1612 συνεστηκέναι.
3098 1540 3366 1609 Πρόδηλον
3412 1538 3510 1607 γᾶρ
3535 1539 3601 1600 ὡς

2074 1641 2106 1708 ἡ
2140 1638 2404 1705 ἐπιθυμία
2447 1638 2515 1689 δι’
2550 1636 2890 1706 εὐφροσύνην
2934 1636 3029 1687 καὶ
3055 1635 3246 1704 ἡδονὴν
3280 1634 3387 1703 ἔχει
3413 1633 3501 1700 τὴν
3525 1630 3603 1683 κί-

2075 1746 2249 1794 νησιν.
2284 1729 2357 1781 Οὐ
2387 1729 2493 1797 γὰρ
2528 1728 2677 1780 ἐστιν
2719 1726 2906 1796 ἕτερόν
2949 1742 3003 1778 τι
3042 1725 3152 1777 τῶν
3208 1724 3437 1788 πάντων,
3478 1720 3603 1787 ὑπὲρ

290 1852 295 1857 .
402 1812 747 1867 manifestum
806 1824 912 1877 est,
968 1817 1265 1883 appetitum
1304 1819 1505 1873 l:etiti:e
1568 1795 1969 1890 voluptatisque

2085 1820 2132 1873 οὗ
2157 1820 2430 1890 δήπουθεν
2465 1795 2609 1887 αὕτη
2657 1818 2723 1871 ἂν
2758 1795 3030 1887 κινηθείη.
3067 1815 3225 1870 Οὕτω
3263 1814 3319 1867 δὲ
3371 1813 3461 1880 τῆς
3502 1812 3605 1863 ἐπι-

2076 1911 2279 1979 θυμίας
2322 1909 2606 1977 ἀρθείσης,
2641 1907 2736 1960 καὶ
2768 1908 3055 1970 παντελῶς
3106 1907 3171 1959 ἐκ
3204 1904 3368 1972 μέσου
3396 1918 3607 1970 γεγενηο

2077 2003 2268 2069 μένης,
2319 2000 2438 2053 οὐδὲ
2471 2000 2531 2051 τὸ
2565 2000 2663 2067 τῆς
2712 1998 2891 2067 ψυχῆς
2927 1999 3119 2067 χρῆμα
3156 2000 3479 2066 παρέμεινεν
3529 1991 3605 2044 ἄν.

2075 2094 2148 2147 Οὐ
2183 2092 2291 2161 γὰρ
2321 2092 2434 2145 ἐστι
2462 2091 2563 2158 τὴν
2586 2090 2765 2159 ψυχὴν
2786 2089 3188 2158 ἀφαιρεθεῖσάν
3211 2105 3263 2140 τι
3310 2087 3413 2140 τῶν
3438 2084 3605 2150 αὐτῆς.

2076 2186 2133 2237 ἐν
2167 2179 2415 2255 γέγονε
2470 2181 2806 2235 καταστάσει
2848 2183 3057 2249 μεῖναι.
3104 2180 3273 2248 Δῆλον
3322 2178 3376 2231 δέ
3431 2178 3487 2228 ἐκ
3527 2174 3609 2226 τοῦ

2076 2274 2346 2328 ἐναντίου.
2375 2273 2507 2325 Οὐδὲ
2541 2271 2648 2341 γάρ
2689 2270 2859 2333 εἰκὸς,
2895 2269 3017 2321 οὐδὲ
3057 2268 3425 2337 ἐνδεχόμενον,
3461 2278 3609 2329 προσ·

2076 2366 2261 2418 λαϐεῖν
2289 2381 2341 2417 τι
2373 2364 2610 2431 θύραθεν
2645 2361 2745 2431 τὴν
2774 2361 2975 2430 ψυχὴν,
3004 2359 3149 2411 ὥστε
3182 2363 3275 2411 καὶ
3317 2355 3505 2425 μᾶλλον
3526 2353 3613 2421 ψυ-

2077 2457 2178 2527 χὴν
2216 2455 2494 2523 γενέσθαι.
2526 2453 2737 2507 Οὐκοῦν
2790 2453 2911 2505 οὐδὲ
2966 2452 3197 2520 θάτερον
3237 2448 3454 2503 δυνατόν
3492 2447 3612 2508 ἐστι,

2078 2550 2138 2602 τ’)
2168 2548 2465 2602 ἀποϐαλεῖν
2497 2563 2662 2615 φημι.
2706 2544 2945 2614 Ὁμοίως
2979 2547 3090 2614 γὰρ
3126 2545 3383 2610 ἑκάτερον
3415 2541 3614 2595 ἄτοπον.

2078 2640 2143 2692 Αἱ
2166 2639 2275 2708 γὰρ
2311 2638 2481 2707 ψυχαὶ
2516 2636 2610 2690 καὶ
2638 2636 2773 2706 πρὸς
2808 2634 3063 2705 ἀλλήλας,
3103 2636 3200 2687 καὶ
3260 2634 3393 2703 πρὸς
3444 2627 3613 2689 αὐτὰς,

2084 2733 2211 2793 ίσως
2256 2731 2548 2799 ἀειδήποτε
2582 2727 2675 2780 καὶ
2704 2726 2972 2786 ὡσαύτως
3004 2725 3228 2793 ἔχουσιν
3255 2724 3353 2777 ὅσα
3382 2718 3513 2774 κατά
3531 2716 3618 2786 τὴν

2082 2824 2275 2877 οὐσίαν
2334 2822 2530 2891 αὐτὴν,
2581 2820 2676 2874 καὶ
2711 2820 2773 2871 τὸ
2830 2818 3065 2887 ἐξαρχῆς
3120 2813 3282 2870 εἶναι.
3337 2814 3534 2869 Οὔκουν
3562 2825 3618 2875 γε

2082 2916 2261 2987 ψυχῆς
2289 2914 2320 2983 ἢ
2354 2914 2575 2983 χείρων,
2611 2910 2918 2981 ἥβελτίων,
2954 2910 3074 2962 οὐδέ
3113 2911 3314 2978 ἑαυτῆς
3329 2924 3471 2970 ποτε,
3494 2901 3620 2957 κατά

2083 3008 2182 3077 τὴν
2206 3006 2368 3074 φύσιν
2401 3003 2654 3073 γενέσθαι
2683 2997 2790 3064 οἷός
2823 3020 2906 3065 τε,
2940 3003 3000 3054 οὐ
3022 3002 3210 3054 τοίνυν
3246 3000 3363 3054 οὐδὲ
3391 2993 3621 3062 δέξασθαί

414 3092 598 3147 modo.
650 3093 853 3162 Nequit
904 3095 1067 3163 igitur
1090 3098 1302 3150 animus
1333 3100 1538 3163 animo,
1585 3101 1669 3154 vel
1709 3102 1873 3154 etiam
1924 3115 1981 3155 se

2085 3116 2139 3150 τι
2170 3098 2277 3151 τῶν
2311 3095 2566 3163 θύραθεν,
2623 3094 2733 3147 οὐδ’
2790 3092 3094 3149 ἀποϐαλεῖν
3145 3092 3254 3145 τῶν
3311 3091 3530 3144 οἰκείων.
3566 3085 3622 3136 El

414 3184 554 3251 ipso,
592 3196 838 3239 naturam
868 3188 1010 3255 quod
1041 3189 1258 3255 attinet,
1289 3199 1383 3245 aut
1427 3192 1691 3258 deterior,
1731 3203 1825 3248 aut
1868 3210 1984 3248 me-

415 3275 516 3330 lior
548 3277 701 3345 ﬁeri;
737 3279 968 3348 ideoque
998 3295 1097 3334 nee
1152 3297 1433 3337 assumere
1469 3284 1749 3353 quidpiam
1780 3286 1987 3339 extrin-

415 3386 594 3433 secus,
624 3384 724 3424 nec
763 3386 918 3425 suum
955 3371 1157 3439 aliquid
1216 3371 1469 3427 amittere
1528 3383 1725 3442 potest.
1779 3373 1911 3429 Nam
1941 3375 1984 3430 si

417 3472 569 3516 recte
596 3460 820 3516 allectus
856 3463 960 3515 erit
990 3476 1084 3531 per
1108 3475 1165 3515 se
1188 3461 1427 3525 animus,
1466 3464 1555 3519 ubi
1593 3466 1676 3518 vel
1706 3480 1859 3520 suum
1886 3466 1989 3520 ali-

417 3554 547 3622 quid
578 3555 847 3618 amiserit,
900 3555 983 3608 vel
1012 3555 1270 3624 quiddam
1301 3559 1645 3613 extrinsecus
1675 3571 1986 3624 assumpse-

417 3648 514 3710 rit,
546 3646 887 3715 perspicuum
930 3655 1032 3710 est,
1058 3662 1182 3701 eum
1218 3656 1364 3702 recte
1412 3648 1660 3705 allectum
1690 3667 1797 3706 non
1845 3666 1987 3716 esse,

421 3738 467 3791 si
502 3754 600 3791 suo
637 3737 689 3790 in
726 3745 868 3790 statu
897 3747 1134 3791 maneat.
1164 3740 1233 3793 At
1261 3754 1389 3793 vero
1416 3741 1543 3794 dum
1595 3742 1644 3796 in
1683 3757 1746 3796 eo
1788 3753 1987 3805 manet,

420 3831 477 3883 in
503 3843 613 3898 quo
633 3828 890 3882 conditus
927 3832 995 3883 ab
1019 3830 1173 3886 initio
1207 3830 1328 3897 fuit,
1358 3832 1410 3884 in
1447 3846 1662 3887 summo
1686 3834 1829 3887 bono
1878 3849 1994 3888 ma-

425 3929 538 3975 net.
597 3918 746 3988 Ergo
772 3920 1128 3975 manifestum
1162 3931 1247 3976 est
1291 3922 1564 3991 omnibus,
1628 3923 1889 3989 futurum,
1933 3934 1992 3979 ut

427 4022 559 4066 tunc
587 4012 759 4083 magis
787 4012 925 4066 male
948 4012 1019 4067 sit
1056 4013 1283 4070 allectus
1311 4013 1530 4085 (loquor
1560 4025 1740 4070 autem
1777 4032 1842 4070 ex
1894 4018 1992 4087 hy-

425 4106 687 4175 pathesi),
717 4120 839 4159 cum
893 4106 1095 4175 aliquid
1134 4109 1478 4164 extrinsecus
1503 4111 1855 4179 assumpserit
1900 4118 1992 4161 aut

428 4211 587 4252 suum
615 4199 883 4254 amiserit.
924 4198 1060 4254 Nam
1126 4204 1452 4255 assumenda
1512 4201 1711 4255 nimius
1758 4200 1989 4266 evadet;

428 4289 729 4344 tleﬁeiendo
786 4290 1076 4358 quamdam
1107 4292 1260 4358 quasi
1313 4291 1707 4345 mutilationem
1760 4291 1992 4347 sustlne—

2088 3193 2199 3259 γὰρ
2232 3190 2399 3256 ὑγιῶς
2434 3188 2553 3251 ἕξει
2586 3204 2650 3255 γε
2672 3186 2734 3239 τὸ
2766 3186 2889 3238 καθ’
2927 3183 3100 3253 αὐτὴν
3131 3186 3165 3253 ἡ
3196 3184 3361 3253 ψυχὴ,
3386 3182 3417 3250 ἢ
3441 3177 3626 3231 ἀποϐα-

2086 3279 2253 3331 λοῦσα
2284 3295 2337 3330 τι,
2369 3278 2479 3330 τῶν
2510 3278 2704 3347 αὐτῆς,
2741 3276 2774 3347 ἢ
2825 3276 2920 3329 καὶ
2967 3274 3173 3338 ἔξωθεν
3228 3268 3587 3344 προσλαϐοῦσα
3608 3279 3625 3295 ⁸

2086 3369 2269 3438 δῆλον,
2302 3368 2378 3431 ὡς
2400 3370 2497 3438 οὐχ
2533 3369 2701 3436 ὑγιῶς
2742 3369 2810 3421 ἀν
2858 3363 3028 3437 εἶχεν,
3082 3369 3145 3420 ἐν
3182 3367 3262 3435 τῷ
3316 3364 3434 3419 καθ’
3480 3358 3630 3428 αὐτὴν

2092 3460 2353 3529 μένουσα.
2399 3457 2564 3511 Ἀλλά
2596 3457 2692 3511 νῦν
2712 3474 2776 3524 γε
2811 3457 3048 3526 μένουσα
3096 3458 3189 3526 ἐφ’
3228 3451 3379 3525 ᾧπερ
3418 3452 3512 3525 τὴν
3538 3450 3628 3518 ἀρ·

2087 3556 2191 3624 χὴν
2231 3554 2496 3621 ἐγεγόνει,
2522 3554 2578 3606 ἐν
2604 3553 2682 3623 τῷ
2712 3554 2866 3624 ἄκρῳ
2895 3553 2992 3607 τοῦ
3040 3552 3216 3607 καλοῦ
3280 3553 3449 3623 μένει.
3484 3549 3631 3601 Ὥστε

2090 3646 2225 3699 πᾶσι
2248 3644 2512 3714 φανερὸν,
2544 3644 2769 3711 ὠςςιότε
2800 3645 3002 3714 μᾶλλον
3040 3645 3232 3708 κακῶς
3280 3644 3391 3709 ἕξει
3416 3640 3493 3709 (ἐξ
3512 3640 3633 3692 ὑπο-

2091 3738 2293 3801 θέσεως
2322 3736 2595 3805 δὲλέγω),
2626 3737 2756 3790 ὅταν
2803 3754 2858 3789 τι
2900 3736 3010 3791 τῶν
3045 3734 3285 3806 θύραθεν
3322 3734 3632 3802 ἐπιδέξηται,

2089 3831 2122 3901 ἢ
2164 3829 2274 3883 τῶν
2299 3829 2443 3882 ίδίων
2468 3827 2738 3897 ἀποϐάλῃ.
2773 3826 2852 3897 Τῇ
2890 3831 2987 3897 μέν
3011 3828 3121 3898 γάρ
3147 3828 3450 3896 προσλήψει
3480 3824 3635 3890 ὑπερο

2090 3922 2249 3975 ϐαλεῖ
2272 3938 2287 3953 ο
2317 3923 2383 3991 τῇ
2405 3920 2461 3974 δὲ
2494 3918 2733 3988 ἐλλείψει
2761 3918 3003 3990 ὡσπερεί
3029 3937 3155 3973 τινα
3216 3922 3463 3992 πήρωσιν
3521 3916 3640 3968 ὑπο-

2093 4014 2376 4084 στήσεται.
2401 4013 2511 4065 Καὶ
2537 4007 2667 4081 μὴν,
2706 4011 2755 4063 el
2790 4006 2859 4081 ἦν
2904 4011 3002 4081 τὴν
3038 4010 3221 4083 ψυχὴν
3264 4009 3525 4080 ἀκεραίαν
3553 4001 3638 4057 καὶ

2092 4107 2263 4177 καλὴν
2288 4106 2605 4177 εὑρεθῆναι,
2638 4106 2739 4173 τῆς
2782 4104 3078 4173 ἐπιθυμίας
3128 4104 3397 4174 ἀπούσης,
3431 4096 3639 4171 περιττή

2091 4214 2208 4259 πως
2241 4198 2334 4249 καὶ
2353 4196 2551 4266 αἰσχρὰ
2581 4196 2773 4264 γένοιτ’
2801 4195 2867 4251 ἀν
2914 4199 2979 4267 τῇ
3010 4198 3108 4263 τῆς
3140 4195 3443 4266 ἐπιθυμίας
3486 4206 3640 4262 προσ-

2095 4291 2259 4364 θήκῃ.
2325 4292 2386 4344 Εί
2418 4291 2475 4344 δέ
2506 4290 2602 4344 νῦν
2635 4291 2803 4363 αὐτὴν
2835 4291 3007 4360 καλὴν
3055 4294 3149 4345 καὶ
3177 4293 3474 4360 ὁλόκληρον
3522 4285 3644 4358 695)-

428 4380 534 4434 bit.
589 4381 751 4449 Atqui
794 4381 837 4434 si
891 4381 1105 4433 animus
1156 4381 1365 4449 integer
1419 4397 1483 4434 ac
1531 4382 1704 4435 bonus
1763 4382 1981 4435 inrenir‘

2101 4397 2222 4450 μεν,
2258 4379 2479 4449 εὔδηλον
2512 4381 2577 4434 ἂν
2600 4382 2684 4451 εἴη
2706 4380 2919 4449 σαφῶς,
2943 4381 3018 4443 ὡς
3049 4376 3120 4451 ἦν
3149 4384 3219 4435 ἂν
3254 4384 3503 4450 αἰσχίστη
3558 4376 3643 4429 καὶ

430 4478 633 4534 posset,
685 4470 925 4539 appetitu
1000 4469 1312 4532 destitutus,
1360 4470 1661 4539 superﬂuus
1719 4479 1770 4525 et
1825 4470 1981 4540 turpi:

2098 4473 2322 4544 ἐλλιπὴς
2356 4475 2421 4543 τῇ
2449 4472 2540 4525 τοῦ
2578 4473 2775 4542 μέρους
2810 4474 3116 4543 ἀφαιρέσει.
3153 4474 3237 4527 Τὰ
3282 4474 3394 4545 γὰρ
3450 4467 3647 4526 ἐναντία

434 4569 579 4615 esset
625 4575 691 4613 ex
752 4559 1025 4627 appetitus
1086 4563 1431 4624 accessione;
1499 4562 1581 4615 sin
1650 4562 1800 4616 illum
1852 4578 1996 4617 nunc

439 4648 721 4716 pulchrum
762 4658 816 4701 et
870 4648 1137 4717 integrum
1168 4650 1435 4712 videmus.
1499 4652 1783 4721 perspicue
1825 4650 1999 4706 mani-

435 4740 635 4795 festum
698 4740 827 4802 erit,
890 4738 1262 4807 turpissimum
1318 4750 1373 4793 et
1425 4740 1797 4809 imperfectum
1860 4743 1997 4809 lore,

436 4832 612 4900 partis
643 4829 990 4897 ademptione
1022 4828 1187 4883 facta.
1225 4830 1432 4900 Quippe
1470 4834 1741 4887 contraria
1776 4843 1995 4889 contra-

442 4924 540 4977 riis
573 4938 679 4977 non
705 4923 883 4976 minus
912 4922 1361 4977 demonstrantur
1414 4938 1573 4993 quam
1614 4924 1808 4978 similia
1839 4926 1993 4979 simi-

438 5016 611 5071 libus.
645 5014 910 5069 Neutrum
976 5016 1141 5081 igitur
1173 5014 1366 5069 borum
1425 5015 1820 5070 contrariorum
1873 5032 1994 5071 cum

438 5110 585 5163 bono
661 5115 946 5177 congruet,
1007 5106 1075 5160 de
1112 5105 1408 5160 amissione
1466 5106 1659 5175 loquor
1692 5116 1746 5161 et
1788 5123 1999 5163 assum-

439 5199 640 5267 ptione.
704 5197 815 5253 ιιιιο
885 5196 1066 5267 potius
1143 5197 1424 5267 perspicue
1482 5200 1843 5253 necessarium
1894 5209 1998 5263 est,

443 5300 737 5358 utrumque
757 5288 941 5344 animo
967 5289 1227 5344 infestum
1261 5303 1401 5353 esse,
1461 5297 1570 5342 tam
1625 5290 1995 5346 accessionem

441 5378 650 5433 scilicet
682 5392 842 5446 quam
868 5379 1281 5443 detractionem,
1336 5387 1393 5432 ut
1453 5392 1627 5447 neque
1672 5380 1997 5449 superﬂuum

442 5471 650 5540 aliquid
677 5482 942 5535 assumat,
991 5478 1169 5541 neque
1212 5472 1489 5527 mutiletur
1535 5474 1677 5541 quod
1729 5472 1995 5542 integrum

442 5572 551 5615 est.
582 5563 946 5627 Quamobrem
980 5564 1083 5617 hoc
1114 5563 1407 5633 explicato,
1446 5564 1560 5617 fieri
1603 5565 1813 5619 scilicet
1856 5564 1996 5619 haud

444 5664 602 5717 posse
632 5660 689 5703 ιιι
711 5652 925 5707 animus
958 5652 1247 5708 incolumis
1273 5654 1344 5707 sit
1367 5653 1571 5723 absque
1610 5656 1871 5723 appetitu,
1903 5668 1999 5710 ea-

445 5737 567 5791 dem
621 5739 833 5796 ratione
892 5742 1178 5808 probatum
1225 5742 1483 5809 arbitror,
1551 5757 1650 5798 nec
1702 5744 1999 5815 appetitum

2096 4565 2208 4618 τῶν
2238 4566 2496 4618 ἐναντίων
2528 4564 2802 4631 ἀπόδειξις
2831 4564 2930 4635 οὐχ
2960 4560 3126 4637 ἦττον
3159 4566 3191 4635 ἦ
3226 4566 3296 4619 τὰ
3351 4568 3508 4631 ὅμοια
3551 4561 3648 4611 τῶν

2098 4656 2323 4726 ὁμοίων.
2360 4654 2664 4724 Τοιγαροῦν
2690 4656 2797 4707 τῶν
2825 4657 3082 4709 ἐναντίων
3112 4656 3399 4726 οὐδέτερον
3415 4654 3490 4722 τῷ
3512 4647 3646 4717 καλῷ

2102 4746 2479 4816 συμϐήσεταιο
2506 4746 2605 4814 τὴν
2647 4746 2923 4813 ἀποϐολήν
2987 4763 3131 4815 φημι
3166 4747 3264 4799 καὶ
3292 4747 3392 4816 τὴν
3430 4742 3649 4814 πρόσλη-

2098 4840 2213 4908 ψιν.
2265 4837 2485 4907 Μᾶλλον
2537 4839 2582 4891 δ’
2628 4839 2925 4905 ἀναγκαῖον
2978 4839 3165 4906 σαφῶς
3200 4840 3321 4891 ἐστι
3386 4838 3476 4889 καὶ
3508 4833 3652 4885 πολε-

2102 4928 2238 4998 μίως
2258 4927 2404 4998 ἔχειν
2436 4928 2696 4996 ἐκάτερον
2722 4929 2787 4997 τῇ
2816 4928 2986 4997 ψυχῇ,
3015 4926 3217 4997 δηλαδὴ
3248 4928 3344 4979 καὶ
3374 4926 3472 4994 τὴν
3496 4936 3650 4991 προς·

2102 5019 2298 5089 θήκην,
2336 5017 2433 5071 καὶ
2485 5017 2584 5086 τὴν
2632 5018 2962 5087 ἀφαίρεσιν·
3009 5017 3099 5071 ἵνα
3129 5017 3266 5086 μήτε
3326 5013 3576 5086 περιττόν
3605 5024 3651 5060 τι

2106 5109 2413 5181 προσλάϐῃ,
2467 5111 2603 5178 μήτε
2634 5108 2865 5178 πηρωθῇ
2898 5110 2958 5161 τὸ
2986 5108 3311 5174 ὁλόκληρον.
3348 5104 3557 5161 Οὐκοῦν
3585 5102 3654 5160 ὼς

2103 5202 2261 5255 τοῦτο
2288 5201 2485 5269 γέγονε
2512 5200 2696 5271 δῆλον,
2762 5200 2838 5269 μὴ
2881 5196 2994 5253 οἷόν
3050 5216 3107 5252 τε
3164 5195 3439 5267 εἶναιτὴν
3488 5190 3653 5263 ψυχὴν

2103 5292 2377 5362 διαμένειν
2418 5291 2714 5360 ἐπιθυμίας
2747 5292 2939 5360 χωρὶς,
2980 5290 3073 5343 τὸν
3107 5292 3242 5353 ίσον,
3288 5285 3470 5357 οἶμαι,
3495 5286 3655 5338 δέδει·

2101 5397 2228 5434 κται
2254 5382 2477 5452 τρόπον,
2507 5382 2641 5451 μηδὲ
2670 5381 2769 5451 τὴν
2795 5380 3091 5448 ἐπιθυμίαν
3126 5379 3478 5430 συνίστασθαι.
3508 5375 3657 5426 Euva-

2102 5470 2195 5523 τὸν
2225 5467 2511 5539 εἶναι,τῆς
2553 5471 2747 5540 ἡδονῆς
2791 5469 3056 5540 μηδαμῶς
3107 5460 3298 5534 οθσης.
3345 5464 3496 5517 Ἵλατ’
3542 5460 3657 5513 οὐδὲ

2102 5562 2307 5631 ταύτης
2363 5561 2609 5631 ἀπούσης
2657 5557 2771 5614 οἷόν
2801 5560 2863 5615 τέ
2911 5562 3029 5614 ἐστι
3072 5556 3439 5621 διασώζεσθαι
3470 5555 3529 5607 τὸ
3563 5551 3655 5617 τῆς

2103 5653 2281 5721 ψυχῆς
2312 5652 2522 5721 χρῆμα,
2555 5652 2804 5722 είπερτῇ
2856 5650 2955 5719 μὲν
2991 5651 3151 5721 ἡδονῇ
3186 5648 3290 5717 τὴν
3344 5642 3654 5710 ἐπιθυμίαν.

2101 5743 2274 5814 ταύτῃ
2308 5743 2365 5796 δέ
2388 5746 2484 5813 τὴν
2514 5742 2693 5814 ψυχὴν
2739 5746 2765 5797 ὁ
2795 5742 2951 5811 λόγος
2992 5759 3054 5811 γε
3087 5744 3215 5811 ἡμῖν
3256 5739 3429 5803 ἔδειξε
3482 5748 3657 5788 συναι-
