3850 6200
230 321 321 386 469

1584 318 1866 380 ORATIO
1901 322 1973 381 V.

3324 313 3427 376 ΓΟ

232 435 487 505 ρουμένην.
513 432 685 488 Ταυτὶ⁸
717 434 774 488 δέ
813 435 1028 507 εἴρηταί
1056 451 1150 507 μοι
1180 435 1276 490 καὶ
1294 436 1753 500 κατεσκεύασται,

1873 440 2156 495 :onsistere
2197 454 2377 510 posse,
2400 439 2443 494 si
2479 437 2623 493 nulla
2658 436 2905 505 voluptas
2956 435 3058 497 sit;
3110 433 3339 500 ideoque
3370 433 3415 484 si

232 524 334 601 ίν’ᾖ
364 526 503 580 τουτὶ
537 527 796 597 φανερὸν,
826 527 902 591 ὡς
935 528 1027 596 ἄρ’
1078 528 1368 598 ἐμπέφυκε
1396 530 1462 599 τῇ
1492 528 1638 599 ψυχῇ
1669 529 1756 582 διά

229 620 305 673 τοῦ
323 618 706 688 ἐπιθυμητικοῦ
739 620 943 689 μέρους
975 622 1008 691 ἡ
1049 621 1237 691 ἡδονὴ,
1273 621 1412 676 οῦσά
1444 625 1507 689 γέ
1537 638 1624 685 τις
1668 622 1758 675 δύ·

232 731 370 781 ναμις
422 711 589 765 αὑτοῦ
642 712 911 782 οὐσιώδης
958 714 1050 765 καὶ
1109 713 1411 784 ἀχώριστος
1459 714 1752 776 παντελῶς.

229 802 359 856 'ﬂst'
404 805 542 872 ὅπερ
581 803 997 873 ὑπισχνούμεθα
1052 802 1271 867 δείξειν,
1322 802 1526 871 ἀγαθὸν
1566 804 1759 873 εἴληφε

229 897 375 960 τέλος,
404 896 537 949 Θεοῦ
567 897 984 966 συναιρομένου,
1018 896 1245 967 βραχέσι
1263 896 1465 964 λόγοις.
1499 897 1561 949 Ei
1594 898 1650 950 δέ
1671 897 1767 950 καὶ

229 988 464 1041 πλειόνων
498 983 568 1057 ἦν
607 988 788 1058 χρεία,
820 987 950 1058 ἐξῆν
990 1005 1054 1055 γε
1083 989 1255 1055 δήπου
1308 988 1405 1041 καὶ
1435 988 1594 1041 τοῦτο
1627 988 1767 1056 μετά

230 1080 406 1148 πολλῆς
435 1080 535 1149 τῆς
575 1080 862 1150 ῥᾳστώνης
886 1078 1172 1145 γενέσθαι.
1206 1078 1426 1145 Πέφυκε
1456 1080 1565 1149 γάρ
1599 1080 1768 1149 τάλη-

227 1172 305 1233 θὲς
327 1170 532 1223 οἴκοθεν
562 1171 835 1238 πηγάζειν
868 1171 967 1233 τὰς
991 1169 1249 1240 ἀφορμὰς
1288 1171 1389 1240 τῆς
1444 1171 1639 1224 ἑαυτοῦ
1675 1189 1771 1224 συο

227 1262 466 1320 στάσεως.
511 1261 670 1313 Ἐπεὶ
698 1261 753 1313 δέ
779 1261 900 1323 ἅλις
920 1260 1036 1330 ἔχει
1064 1261 1133 1313 τά
1159 1261 1289 1329 περὶ
1308 1258 1531 1327 τούτου,
1562 1262 1656 1314 καὶ
1679 1261 1766 1314 65'-

184 1355 191 1362 '
222 1349 408 1402 δεικται
438 1352 471 1417 ἡ
517 1350 683 1419 ἡδονὴ
706 1350 1102 1420 ξυμπεφυκυῖα
1137 1349 1240 1420 μὲν
1277 1353 1344 1420 τῇ
1374 1350 1545 1421 ψυχῇ,
1574 1350 1767 1404 θεόθεν

223 1440 269 1489 5‘s
297 1440 422 1509 αὑτὴ
454 1440 749 1510 δεδομένη,
784 1440 965 1511 ἀγαθὴ
996 1441 1053 1495 δὲ
1099 1440 1416 1509 ἀναγκαίως
1447 1442 1539 1510 (τὰ
1568 1442 1677 1512 γὰρ
1702 1443 1767 1495 ἐκ

222 1530 341 1584 Θεοῦ
365 1533 640 1602 τοιαῦτα)ο
676 1534 811 1600 φέρε
843 1535 1019 1598 καλὴν
1047 1534 1219 1600 αὐτὴν
1254 1532 1632 1602 ἀποδείξωμεν
1670 1534 1792 1587 καῖ’

221 1625 311 1676 ἀπὸ
343 1624 445 1677 τῶν
471 1626 822 1694 πραγμάτων
845 1626 1028 1679 αὐτᾶν
1063 1627 1199 1696 μετά
1224 1625 1526 1695 λογισμῶν,
1564 1624 1631 1695 ἢν
1661 1619 1766 1677 οἷοί

220 1734 267 1769 τε
298 1715 581 1787 γενώμεθα
614 1718 773 1771 τοῦτο
795 1719 1047 1786 ποιῆσαι.

1865 547 1925 587 ea
1966 532 2107 586 nulla
2143 533 2235 597 sit,
2272 546 2372 586 nec
2416 531 2625 585 animus
2664 529 2775 598 ipse
2830 527 3009 581 salvus
3048 540 3167 579 esse
3206 526 3427 592 poterit,

1866 622 2304 691 quandoquidem
2337 620 2631 690 appetitum
2666 633 2788 672 cum
2828 617 3123 685 voluptate,
3179 630 3299 668 cum
3337 628 3431 681 ap-

1867 714 2037 781 petitu
2063 714 2302 766 animum
2338 725 2552 781 quoque
2587 708 2700 763 tolli
2758 722 2788 762 e
2823 707 2999 762 medio
3048 704 3425 775 probavimus.

1870 806 1996 861 llaec
2032 814 2211 859 autem
2258 797 2412 857 aﬁue
2440 804 2584 856 dicta
2618 810 2746 855 sunt
2793 809 2847 853 et
2878 801 3193 860 constituta,
3229 809 3282 851 ut
3314 813 3429 850 ma-

1868 896 2126 952 nifestum
2157 897 2247 961 sit,
2307 896 2547 949 innatam
2593 907 2714 947 esse
2746 892 3074 960 voluptatem
3108 891 3288 944 animo
3336 904 3429 957 per

1867 991 1988 1059 eius
2011 999 2219 1059 partem
2254 995 2617 1058 appetentem.
2666 1002 2789 1055 quae
2825 985 3199 1040 substantialis
3248 992 3301 1057 et
3350 984 3432 1036 iu-

1869 1080 2189 1151 separabilis
2218 1081 2441 1134 omnino
2478 1078 2711 1132 facultas
2746 1076 2890 1132 illius
2920 1076 3011 1129 sit.
3053 1077 3309 1144 Adeoque
3332 1076 3430 1127 bo-

1867 1189 1996 1228 num
2048 1175 2113 1226 ad
2160 1172 2322 1226 finem
2386 1171 2711 1241 perductum
2797 1179 2900 1233 est,
2957 1166 3252 1231 adiuvante
3303 1166 3434 1227 Deo.

1867 1264 2058 1334 paucis
2086 1279 2220 1319 sane
2249 1263 2451 1328 verbis,
2474 1261 2622 1332 quod
2658 1272 2973 1315 ostensuros
3013 1272 3110 1311 nos
3135 1258 3434 1326 polliceba-

1869 1370 2013 1407 mur.
2036 1354 2189 1421 Quod
2223 1353 2265 1408 si
2294 1353 2539 1422 pluribus
2555 1366 2690 1421 opus
2716 1358 2880 1414 esset,
2910 1349 3073 1403 etiam
3101 1349 3153 1402 id
3174 1363 3433 1419 perquam

1870 1446 2026 1502 facile
2058 1455 2317 1517 prastare
2338 1461 2646 1516 possemus.
2690 1445 2761 1498 Ea
2798 1458 3033 1512 namque
3062 1443 3306 1497 veritatis
3355 1452 3440 1495 est

1872 1548 2089 1603 natura,
2114 1547 2171 1592 ut
2204 1537 2519 1593 occasiones
2550 1546 2603 1591 et
2629 1551 2826 1591 causas
2858 1535 3172 1590 stabiliendi
3198 1536 3433 1603 seipsam

1871 1640 1935 1679 ex
1968 1640 2029 1680 se
2059 1626 2211 1693 quasi
2249 1625 2395 1680 fonte
2423 1626 2658 1696 quodam
2693 1624 3003 1695 profundat.
3040 1624 3149 1679 Sed
3180 1628 3302 1693 quia
3349 1639 3437 1678 res

1872 1717 2008 1771 satis
2046 1726 2131 1771 est
2160 1717 2456 1783 explicata,
2492 1716 2909 1785 probatumque,
2957 1716 3289 1785 voluptatem
3314 1718 3437 1765 aui-

223 1828 294 1865 Ino
318 1827 345 1865 a
379 1824 570 1867 natura
599 1814 823 1869 inditam
856 1829 920 1869 ac
952 1813 1216 1869 divinitus
1240 1814 1399 1869 nobis
1423 1828 1761 1879 concessam,
1804 1816 2041 1881 adeoque
2112 1811 2424 1867 necessario
2485 1812 2680 1865 bonam
2714 1826 2836 1865 esse
2869 1810 3017 1862 (sum
3085 1809 3227 1861 enim
3288 1808 3437 1875 ejus-

222 1905 341 1960 modi
418 1921 543 1975 qua:
593 1924 621 1959 a
686 1908 795 1961 Deo
846 1905 1312 1975 proficiscuntur),
1358 1920 1477 1976 age,
1532 1905 1601 1959 de
1665 1905 1797 1973 ipsis
1868 1904 2027 1958 etiam
2087 1905 2248 1958 rebus
2312 1917 2430 1956 eam
2523 1902 2716 1956 bonam
2794 1902 3263 1965 demonstremus,
3329 1914 3435 1953 non

220 2000 319 2050 sine
351 1998 883 2062 ratiocinationibus,
925 1998 970 2051 si
1031 1998 1249 2067 quidem
1304 1998 1354 2050 id
1388 1997 1567 2052 facere
1616 1995 1935 2065 poterimus.
2020 2012 2025 2017 λ

279 2089 606 2159 Πολλαχὸθεν
640 2091 739 2158 μὲν
767 2085 861 2143 οῦν
891 2089 1039 2142 ἔσται
1064 2090 1397 2157 καταφανὲς,
1428 2089 1503 2152 ὡς
1539 2087 1760 2141 δύναται

1943 2087 2013 2142 De
2044 2086 2229 2143 multis
2254 2101 2383 2159 ergo
2426 2087 2655 2157 parebit,
2690 2100 2853 2157 posse
2911 2086 3245 2153 voluptatem
3288 2084 3441 2139 iuver

218 2185 421 2252 ήὴδονὴ
451 2182 840 2253 καθαρεύουσα
887 2182 1077 2236 κακῶν
1121 2181 1437 2252 εὑρεθῆναι,
1484 2182 1537 2236 εῖ
1580 2182 1665 2244 τίς
1703 2197 1768 2248 γε

215 2277 375 2346 ἐκείνῃ
393 2275 600 2346 χρῷτο,
631 2275 707 2336 ὡς
730 2274 847 2328 δέον
874 2275 1132 2345 χρῆσθαι.
1152 2274 1225 2326 Τὸ
1251 2274 1381 2343 γὰρ,
1412 2268 1588 2343 οἶμαι,
1624 2272 1773 2339 ἐφίε-

219 2367 328 2418 σθαι
355 2369 446 2420 καὶ
476 2367 774 2434 ἐπιθυμεῖν
804 2367 911 2419 τῶν
945 2366 1019 2428 ὡς
1042 2365 1261 2434 ἀληθῶς
1291 2365 1498 2433 ἐφετῶν
1526 2363 1622 2417 καὶ
1653 2366 1771 2417 ἐπι-

215 2460 483 2528 θυμεῖσθαι
523 2459 776 2525 δικαίων,
814 2460 909 2513 καὶ
935 2460 1057 2522 ταῖς
1088 2458 1194 2511 ἀπὸ
1221 2457 1427 2511 τούτων
1458 2456 1612 2519 αὖθις
1647 2456 1769 2525 ἠδο-

214 2554 313 2609 ναῖς
339 2551 773 2618 ἐπαγιῦλεσθαι,
820 2552 1082 2621 οὐδεμίαν
1121 2567 1184 2618 γε
1218 2550 1434 2603 δικαίαν
1466 2548 1670 2614 δέξαιτ’
1705 2550 1772 2604 ἂν

213 2641 427 2711 μέμψιν,
460 2643 605 2694 ὅπου
638 2658 701 2707 γε
737 2642 827 2694 καὶ
875 2641 1186 2694 τούναντίον
1212 2640 1443 2702 πολλοὺς
1489 2640 1768 2700 ἐπαίνους.

224 2734 331 2800 Ὑφ’
374 2734 539 2804 ἡμῶν
572 2735 681 2804 γὰρ
712 2733 1024 2803 ζητουμένη
1053 2735 1087 2803 ἡ
1128 2733 1610 2804 ἐπισυμὸαίνουσα
1658 2735 1771 2795 τοῖς

214 2825 559 2895 ζητουμένοις
585 2826 653 2879 δι’
681 2825 858 2877 ἐκεῖνό
887 2841 949 2891 γε
982 2825 1077 2877 καὶ
1110 2824 1294 2894 μόνον,
1328 2823 1358 2876 ὃ
1386 2825 1454 2894 τῇ
1492 2822 1653 2888 φύσει
1686 2822 1770 2874 δέ·

209 2919 342 2973 δοται
369 2920 563 2988 ζητεῖν
594 2918 833 2987 ἐξαρχῆς
867 2916 1052 2979 εὐθὺς,
1079 2915 1326 2985 δηλονότι
1355 2914 1446 2968 τὸν
1473 2912 1629 2978 Θεὸν,
1670 2913 1771 2983 τὴν

211 3010 417 3081 ἀρετὴν,
449 3011 558 3079 τὴν
585 3008 786 3077 ἑαυτῆς
813 3007 1093 3072 σύστασιν,
1117 3006 1233 3068 πῶς
1252 3005 1350 3058 οὐκ
1378 3006 1445 3059 ἂν
1469 3004 1556 3075 εἴη
1584 3005 1772 3058 δικαία

208 3103 238 3168 ἠ
267 3103 418 3171 ἡδονὴ
449 3101 642 3169 ἀγαθὴ
672 3100 1015 3164 νομίζεσθαι,
1054 3098 1149 3151 καὶ
1180 3097 1380 3160 καλοὺς
1424 3096 1772 3167 ἐργαζομένη

209 3194 322 3255 τοὺς
350 3170 524 3262 αύτῆς
578 3192 873 3262 σωφρόνως
907 3193 1270 3262 μετέχονταςς
1315 3170 1525 3243 Λύτίκα
1555 3188 1686 3258 γοῦν
1717 3192 1773 3241 ἐν

208 3287 311 3347 ταῖς
342 3285 708 3355 ἐπουρανίαις
737 3285 1057 3353 δυνάμεσιν,
1090 3284 1148 3335 ἐν
1179 3278 1381 3351 αἷσπερ
1423 3282 1524 3333 οὐκ
1558 3280 1774 3351 ἐνδέχε-

208 3376 369 3428 ταίτι
396 3377 512 3430 τῶν
548 3376 655 3428 οὐκ
685 3375 908 3442 ἀγαθῶν
938 3369 1102 3437 εἶναι,
1139 3372 1322 3443 εὕροις
1362 3372 1429 3427 ἂν
1459 3372 1770 3443 ἀμφότεραο

1871 2178 1999 2246 niri,
2025 2193 2144 2247 qua:
2172 2179 2429 2234 immunis
2463 2179 2585 2234 sita
2627 2178 2797 2241 vitiis,
2834 2181 2879 2231 si
2902 2178 3023 2246 quis
3061 2191 3122 2230 ea
3154 2175 3231 2229 sic
3255 2183 3441 2228 utatur

1872 2271 2324 2340 quemadmodum
2354 2270 2431 2324 uti
2465 2278 2697 2340 oportet.
2729 2268 2890 2331 Nam.
2914 2279 2970 2325 ut
3001 2267 3251 2335 equidem
3295 2265 3443 2320 arbi-

1873 2373 2006 2429 tror,
2040 2380 2101 2419 ea
2131 2375 2241 2418 tum
2281 2374 2557 2434 appetere,
2590 2374 2701 2419 tum
2724 2364 3135 2433 concupiscere,
3170 2376 3290 2431 quae
3310 2374 3440 2413 vero

1871 2465 2001 2512 Sunt
2032 2457 2289 2527 optabilia
2352 2458 2659 2525 meritoque
2716 2454 3168 2523 concupiscenda,
3213 2467 3442 2522 quaeque

1872 2550 1937 2604 de
1969 2549 2055 2604 bis
2082 2549 2387 2619 voluptates
2414 2550 2706 2611 exsistunt,
2743 2548 2807 2603 iis
2840 2546 3125 2613 delectari,
3156 2547 3357 2601 nullam
3387 2545 3438 2598 id

1871 2640 2088 2711 quidem
2121 2642 2323 2711 justam
2360 2642 2838 2708 reprehensionem
2869 2652 3134 2706 meretur,
3163 2640 3207 2694 si
3272 2652 3377 2694 non
3411 2654 3442 2690 ιι

1871 2732 2090 2787 diverso
2119 2733 2316 2786 multas
2342 2733 2527 2802 potius
2556 2731 2763 2787 laudes.
2796 2732 3006 2801 Quippe
3052 2732 3096 2785 si
3130 2730 3380 2799 voluptas
3410 2743 3441 2782 ι

1874 2826 2029 2879 nobis
2072 2840 2134 2879 ea
2190 2834 2468 2893 quaeratur
2502 2839 2621 2893 quae
2657 2825 2823 2879 rebus
2870 2822 3267 2892 investigandis
3300 2821 3441 2875 ultro

1872 2914 2099 2978 accedit,
2137 2926 2192 2968 et
2229 2924 2448 2983 prapter
2472 2914 2573 2969 hoc
2601 2913 2775 2968 solum
2804 2914 2945 2983 quod
2994 2916 3180 2968 statim
3238 2914 3306 2967 ab
3334 2913 3443 2965 ini-

1875 3007 1950 3059 tio
1987 3015 2195 3061 naturas
2246 3005 2432 3059 datum
2485 3014 2588 3066 est,
2643 3013 2700 3058 ut
2731 3013 3030 3074 quaaratur,
3068 3013 3195 3073 puta
3246 3003 3439 3065 Deum,

1874 3098 2155 3163 virtutem,
2204 3099 2403 3154 suimet
2432 3098 2953 3153 conservationem:
2990 3111 3228 3165 quonam
3284 3091 3442 3165 pacto

1876 3198 1982 3245 non
2014 3190 2162 3244 istaec
2183 3190 2306 3258 jure
2344 3190 2485 3245 bona
2510 3192 2740 3244 ducatur
2762 3203 2883 3243 esse
2911 3189 3182 3257 voluptas,
3214 3202 3444 3257 qumque

1873 3282 2046 3337 bonos
2071 3280 2290 3346 ellieiat,
2330 3291 2599 3351 quotquot
2628 3295 2749 3336 eam
2816 3282 2915 3335 rite
2950 3280 3289 3350 percipiunt?
3328 3280 3446 3334 Pri-

1877 3390 2025 3429 mum
2054 3376 2107 3430 in
2138 3374 2272 3445 ipsis
2289 3376 2462 3444 cepiis
2491 3374 2824 3436 cmlestibus.
2881 3375 2931 3428 in
2967 3374 3165 3444 quibus
3202 3374 3316 3428 fieri
3348 3389 3447 3428 ne-

209 3469 291 3518 ιιαὶ
338 3468 437 3536 τὴν
493 3467 803 3536 ἐπιθυμίαν
843 3467 1005 3535 φημὶ,
1042 3466 1137 3519 καὶ
1184 3466 1283 3535 τὴν
1339 3466 1535 3537 ἡδονήν
1561 3482 1575 3496 ⁶
1614 3466 1707 3527 Εἰς
1736 3464 1771 3519 ἀ

1874 3466 1992 3533 quit
2023 3474 2080 3519 ut
2115 3463 2319 3534 aliquid
2372 3479 2479 3519 nou
2513 3464 2710 3520 bonum
2757 3464 3010 3527 exsistat,
3057 3473 3289 3535 utraque
3320 3464 3448 3519 licet

209 3559 553 3629 ἐπιθυμοῦσι,
602 3560 791 3629 φησιν,
838 3557 1064 3625 ἄγγελοι
1101 3556 1448 3626 παρακύψαι.
1494 3557 1604 3610 Καὶ
1637 3554 1776 3608 ἀπέ-

208 3668 408 3717 ραντος,
438 3652 542 3705 καὶ
580 3651 813 3720 ἀληκτος
846 3648 1096 3702 καλεῖται
1127 3650 1162 3719 ἠ
1201 3647 1389 3717 ἡδονὴ,
1423 3647 1457 3718 ἥ
1488 3648 1601 3709 τοῖς
1632 3647 1777 3700 ἀσω-

212 3743 389 3810 μάτοις
418 3744 511 3796 ἀεὶ
543 3742 815 3796 σύνεστιν.
847 3742 997 3809 Αὕτη
1030 3741 1181 3810 παρά
1218 3740 1329 3793 τῶν
1359 3739 1534 3806 ἁγίων
1564 3737 1775 3808 ἀνδρῶν

209 3828 531 3905 καὶτρυφὴ,
585 3838 681 3887 καὶ
706 3832 1021 3904 εὐφροσύνη
1061 3832 1553 3903 προσαγορεύεται,
1602 3834 1697 3885 καὶ
1725 3834 1779 3886 εῐ

214 3945 259 3979 τι
278 3924 539 3981 τοιοῦτον.
566 3925 716 3996 Δῦτη
735 3927 830 3980 καὶ
850 3926 1078 3979 δικαίων
1097 3925 1297 3996 ψυχαῖς
1322 3926 1578 3977 συνέσται
1599 3923 1776 3993 διηνε-

211 4020 334 4083 κῶς,
379 4018 643 4072 ἐντεῦθεν
692 4016 984 4080 λαϐούσαις
1028 4016 1128 4096 τῆς
1168 4016 1361 4085 ἡδονῆς
1391 4017 1489 4085 τῆς
1522 4015 1639 4067 ἐκεῖ
1683 4013 1777 4066 τὸν

211 4113 362 4165 καλὸν
396 4112 725 4185 ἀρραδῶνα.
756 4112 820 4164 El
852 4112 909 4165 δέ
936 4127 1016 4173 τις
1044 4109 1198 4180 μέγα
1220 4107 1434 4178 νομίζει
1461 4105 1522 4159 τὸ
1545 4106 1645 4175 τὴν
1679 4104 1777 4157 αὒ-

206 4207 295 4274 τὴν
323 4210 435 4270 τοῖ;
476 4208 802 4275 ἀσωμάτοις
841 4203 1055 4274 τρυφὴν
1103 4203 1252 4273 ἡμᾶς
1302 4201 1472 4269 ἔχειν,
1513 4199 1608 4273 καὶ
1638 4199 1773 4251 ἀπο-

206 4297 380 4352 λαύειν
414 4300 531 4353 τῶν
573 4300 809 4361 ἐκείνοις
855 4295 1215 4349 ἀπολαυστῶν
1248 4293 1388 4363 μετά
1432 4292 1532 4361 τὴν
1562 4289 1775 4343 ἐνθένδε

207 4391 364 4460 ζωὴν,
397 4393 701 4445 ἀκουσάτω
746 4406 811 4456 γε
841 4391 1085 4450 κάκεῖνο,
1124 4386 1202 4451 ὡς
1245 4386 1339 4439 καὶ
1382 4384 1596 4438 ἐνταῦθ’
1640 4384 1776 4452 ἡμῖν

209 4483 372 4547 ἔξεστι
396 4483 595 4536 τούτου
641 4480 895 4552 μετέχειν
921 4480 1015 4533 τοῦ
1056 4476 1283 4546 ἀγαθοῦ.
1317 4477 1445 4539 Τοῖς
1474 4475 1586 4545 γὰρ
1620 4474 1776 4530 εἰσά-

208 4576 307 4639 παξ
335 4576 629 4644 καθαροῖς.
671 4574 703 4641 ἦ
738 4571 1199 4642 κεκαθαρμένοις,
1221 4569 1382 4641 χάρις
1410 4568 1621 4621 ἐκεῖθεν
1653 4568 1776 4619 ἐπι-

210 4670 374 4738 φοιτᾷ,
485 4684 551 4733 γε
593 4665 851 4736 μέλλουσι
891 4666 1132 4717 συνεῖναι
1158 4662 1252 4714 τὸν
1279 4660 1458 4714 πάντα
1487 4660 1699 4729 χρόνον,
1725 4660 1773 4711 εἰ

209 4760 293 4808 καὶ
320 4756 736 4826 ἀδρανέστερζν
790 4771 905 4817 πως
959 4753 1057 4806 καὶ
1104 4751 1478 4821 ἀμυδρότερον
1524 4748 1777 4801 ἐνταυθοῖ

207 4846 353 4899 τοῦτο
404 4848 649 4915 γίνεται.
682 4846 778 4898 Διά
811 4846 917 4912 γὰρ
948 4844 1009 4896 τὸ
1049 4840 1424 4910 ἐπιπροσθοῦν
1454 4840 1555 4910 ἤδη
1611 4839 1771 4906 σῶμα

206 4941 263 5005 τῇ
292 4938 393 5007 τῆς
423 4938 611 5006 ψυχῆς
650 4935 854 5005 θεωρία
907 4936 1000 4989 καὶ
1027 4933 1098 4987 τὰ
1127 4932 1235 4986 ἀπὸ
1272 4930 1428 4985 τοῦδε
1462 4930 1630 4999 πάθη,
1676 4929 1773 4983 καὶ

207 5032 293 5091 τὶς
326 5030 417 5083 διὰ
457 5028 639 5081 ταῦτα
672 5027 985 5095 φροντίδας,
1026 5026 1180 5079 οὐδὲν
1210 5024 1276 5078 ἂν
1308 5024 1482 5095 δήπου
1514 5022 1771 5090 καθαρῶς

207 5120 303 5171 τῶν
327 5118 631 5187 θεωρητῶν
662 5118 1070 5189 θεωρήσαιμεν,
1100 5118 1132 5187 ἢ
1160 5117 1270 5170 τῶν
1297 5116 1505 5185 ἐφετῶν
1533 5113 1773 5168 ἀπολαύ-

208 5228 411 5278 σαιμεν.
452 5212 587 5272 Τοῖς
618 5227 683 5278 γε
708 5210 817 5280 μὴν
849 5212 1043 5273 ἀϊδίοις
1077 5209 1305 5279 μηδενὸς
1348 5206 1594 5260 τοιούτου
1630 5224 1774 5275 παρ·-
1818 5198 1826 5207 ’

205 5305 547 5373 ενοχλοῦντος
600 5303 990 5373 καθαρώτερον
1056 5300 1268 5370 ἐφεῖται
1337 5299 1632 5369 ἐπιθυμεῖν
1683 5300 1777 5352 καὶ

205 5394 595 5460 εὐφραίνεσθαι
622 5396 689 5447 τά
720 5392 1037 5463 ἐπιθυμητά
1060 5409 1123 5461 γε
1147 5393 1239 5445 καὶ
1276 5391 1574 5461 εὐφραντά,
1610 5390 1776 5444 ταυτὸ

206 5482 249 5534 δ’
271 5487 447 5537 εἰπεῖν
473 5485 552 5537 τὰ
576 5485 723 5554 ἡδέα.
759 5485 922 5537 Ὅθεν
945 5485 1032 5536 ἀεὶ
1056 5484 1154 5552 μὲν
1178 5481 1475 5552 θεωροῦσιν
1497 5481 1569 5543 ὡς
1598 5481 1778 5533 ἔνεστι

206 5572 259 5623 τὸ
290 5574 577 5641 βασιλικὸν
605 5574 825 5639 κάλλος,
852 5574 1068 5643 καὶτῆς
1095 5572 1305 5625 ἐκεῖθεν
1335 5572 1623 5642 ἀστραπῆς
1658 5587 1771 5622 κοι·

204 5669 353 5716 ww).
406 5667 688 5731 γίνονται,
743 5664 838 5717 καὶ
873 5665 968 5733 τῆς
1017 5664 1343 5732 θαυμαστῆς
1398 5663 1771 5716 ἀπολαύουσιν

206 5752 363 5825 ὧρας.
398 5756 581 5830 Κόρον
607 5755 662 5811 δὲ
694 5755 817 5810 οὒτε
847 5756 1064 5823 ἐλαόον,
1102 5740 1540 5826 ούτελήψονται.
1572 5756 1765 5810 alam-

1878 3554 2154 3620 invenire,
2185 3566 2292 3608 tam
2320 3555 2816 3623 concupiscentiam
2850 3555 2972 3609 dico
3008 3570 3169 3625 quam
3196 3556 3446 3625 volupta.

1879 3652 2008 3708 tem,
2041 3659 2163 3697 nam
2219 3645 2582 3713 perscriptum
2646 3645 2922 3715 legimus:
2959 3643 3092 3711 Quae.
3140 3646 3445 3715 inspectare

1876 3733 2049 3804 angeli
2080 3733 2324 3802 cupiunt.
2358 3732 2547 3789 Itidem
2581 3732 2704 3787 ﬁnis
2734 3749 2933 3802 expers
2961 3733 3163 3797 dicitur
3212 3750 3274 3788 ea
3343 3751 3436 3788 vo-

1878 3823 2053 3891 luptas
2087 3840 2205 3893 qua:
2238 3824 2359 3879 istis
2382 3838 2667 3893 corporum
2697 3825 3013 3894 expertibus
3040 3841 3252 3892 semper
3269 3825 3442 3880 adest.

1880 3917 2015 3973 lluic
2044 3922 2217 3974 sancti
2249 3919 2349 3973 viri
2392 3927 2447 3973 et
2486 3920 2829 3986 deliciarum,
2868 3929 2922 3974 et
2968 3921 3190 3985 laetitia,
3232 3921 3446 3987 aliaque

1880 4010 2098 4061 nomina
2130 4008 2391 4061 tribuunt.
2423 4006 2545 4062 [lare
2565 4018 2619 4061 et
2647 4007 2921 4076 justorum
2962 4008 3158 4063 animis
3179 4018 3443 4062 asternum

1880 4101 2073 4166 aderit,
2138 4117 2264 4156 cum
2329 4101 2379 4155 in
2412 4101 2578 4155 altera
2614 4102 2722 4154 vita
2776 4100 3097 4169 praclarum
3153 4099 3445 4168 voluptatis

1879 4192 2117 4247 caelestis
2163 4192 2520 4247 arrhabonem
2562 4191 2893 4260 acceperint.
2954 4190 3026 4244 At
3077 4190 3279 4261 siquis
3330 4207 3444 4244 ma.

1877 4300 2039 4354 gnum
2069 4283 2271 4352 aliquid
2296 4297 2417 4338 esse
2445 4283 2641 4351 ,ducit,
2668 4283 2814 4352 quod
2850 4283 3068 4337 easdem
3101 4296 3222 4336 Cum
3260 4283 3446 4335 incor-

1878 4374 2062 4444 poreis
2093 4374 2314 4429 delicias
2349 4374 2587 4427 habituri
2627 4387 2725 4427 nos
2782 4374 2973 4439 simus,
3032 4384 3087 4427 et
3150 4384 3269 4442 post
3304 4374 3447 4427 banc

1880 4466 2046 4519 vitam
2075 4466 2143 4522 iis
2176 4465 2411 4528 fruituri,
2443 4465 2641 4535 quibus
2683 4465 2758 4519 illi
2800 4465 3076 4528 fruuntur,
3108 4465 3154 4520 is
3181 4466 3341 4519 velim
3377 4465 3446 4520 de

1879 4557 2037 4613 nobis
2070 4558 2275 4622 audiat,
2330 4556 2385 4611 in
2443 4558 2544 4611 hac
2599 4571 2812 4626 quoque
2862 4558 2968 4611 vita
3006 4571 3104 4611 nos
3138 4559 3255 4623 ejus
3318 4557 3447 4611 boni

1878 4650 2171 4719 participes
2207 4663 2328 4703 esse
2360 4662 2541 4717 posse.
2579 4648 2710 4701 Nam
2754 4649 2922 4704 semel
2950 4649 3100 4718 puris
3131 4658 3225 4703 aut
3261 4664 3447 4717 repur-

1876 4741 2015 4811 gatis
2042 4755 2103 4794 ea
2136 4740 2402 4809 contingit
2427 4740 2623 4810 gratia,
2646 4755 2750 4809 qua
2782 4740 2932 4796 omni
2985 4749 3113 4797 sunt
3136 4755 3250 4795 arvo
3315 4739 3450 4793 frui-

1879 4831 2005 4894 turi,
2029 4830 2276 4900 quamvis
2306 4830 2408 4886 hoc
2441 4840 2491 4885 et
2519 4831 2844 4887 imbecillius
2889 4833 3125 4901 quodam
3181 4832 3339 4886 modo
3391 4841 3448 4885 et

1878 4921 2248 4989 imperfectius
2271 4922 2324 4976 in
2358 4922 2461 4977 bac
2494 4922 2599 4977 vita
2633 4923 2747 4976 ﬁat.
2788 4923 2998 4979 Etenim
3054 4933 3277 4993 propter
3325 4938 3446 4976 coro

1875 5028 1976 5082 pus
2002 5013 2131 5069 illud
2177 5023 2446 5079 nostrum,
2505 5014 2650 5083 quod
2695 5014 2804 5081 jam
2867 5013 2923 5068 in
2979 5014 3443 5082 contemplatione

1877 5105 2043 5159 animi
2079 5106 2236 5174 quasi
2291 5106 2590 5161 luminibus
2625 5106 2883 5164 obstruit.
2922 5116 2979 5159 et
3044 5118 3261 5173 propter
3290 5114 3444 5157 ortos

1881 5196 2008 5251 inde
2071 5196 2293 5252 morbos
2336 5207 2733 5267 sequentesque
2784 5195 2980 5250 deinde
3027 5195 3440 5254 sollicitudines,
3502 5189 3519 5227 ι

1878 5303 1976 5343 ιιεε
2006 5303 2094 5343 res
2114 5288 2559 5357 contemplandas
2589 5304 2720 5357 pure
2749 5285 3130 5352 contemplari,
3164 5300 3262 5338 nec
3280 5300 3445 5350 exite-

1876 5378 2051 5433 tendis
2081 5378 2187 5431 frui
2250 5393 2572 5448 possumus;
2628 5377 2846 5430 aeternis
2903 5382 3081 5428 autem
3123 5390 3245 5428 cum
3305 5374 3440 5436 nihil

1877 5469 1983 5523 tale
2026 5468 2313 5523 molestum
2339 5468 2430 5528 sit,
2482 5468 2669 5536 purius
2717 5476 2774 5520 et
2806 5463 3105 5534 expetenda
3163 5474 3440 5527 expetere

1878 5568 1931 5613 ct
1972 5559 2212 5612 laetitiam
2244 5558 2603 5627 parientibus,
2628 5557 2727 5610 hoc
2746 5564 2828 5608 est
2869 5554 3144 5623 iucundis,
3178 5553 3443 5616 obiectari

1876 5651 2229 5721 pennittitur.
2265 5648 2501 5718 Ideoque
2536 5661 2752 5717 semper
2805 5645 3007 5717 regiam
3064 5643 3209 5697 illam
3272 5658 3438 5706 venu-

1876 5755 2069 5802 statem
2107 5758 2203 5815 pro
2238 5743 2441 5798 viribus
2476 5742 2773 5807 intuentur,
2823 5754 2885 5797 ac
2921 5736 3145 5813 profecti
3202 5735 3439 5803 indidth
