3920 6200
384 314 392 322 ’
452 324 560 391 475

1644 330 2045 396 MANUELIS
2085 320 2531 395 PALxﬁOLOGI
3534 329 3623 394 ιιι

447 441 500 494 in
532 456 636 508 qua
672 454 772 495 non
806 440 944 496 idem
975 441 1075 497 hoc
1104 457 1200 496 usu
1233 444 1435 501 veniat.
1466 443 1578 499 Non
1611 461 1738 518 ergo
1768 447 2009 515 voluptas

2117 444 2307 507 κακὸν,
2338 442 2433 493 καὶ
2472 439 2620 493 ἅπαν
2647 438 2854 517 χρῆμα.
2888 439 3035 496 Ᾱῦτὰ
3059 440 3165 513 γὰρ
3205 441 3369 499 ταῦτα
3393 445 3455 500 τὰ
3480 447 3625 516 ἀναγ-

448 532 646 584 maluui
695 532 823 599 quid
871 543 974 598 est,
1018 535 1111 589 sed
1161 537 1363 592 abusus
1413 538 1465 593 in
1515 540 1675 595 rebus
1722 540 2010 606 universis,

444 620 880 687 quandoquidem
919 633 975 676 et
1011 624 1150 694 ignis
1185 626 1354 681 abusu
1395 628 1566 683 malus
1598 640 1710 695 cst,
1747 640 1802 683 et
1839 644 2010 699 aqua,

443 715 495 759 et
531 722 616 761 res
652 709 871 763 omnino
904 712 1179 780 quaelibet.
1218 715 1343 770 [Lee
1379 717 1524 771 enim
1564 720 1679 785 ipsa
1716 719 2009 786 cartoroqui

445 800 782 862 necessaria,
815 812 871 855 et
904 803 1111 872 absque
1140 806 1338 873 quibus
1370 824 1527 863 nemo
1558 810 1742 865 salvus
1772 820 1823 865 et
1858 813 2010 866 inco-

442 889 605 943 Iuniis
642 890 839 956 fuerit,
877 896 1096 962 perinde
1132 912 1193 951 ac
1232 900 1404 953 noxia:
1439 909 1628 954 natura
1665 917 1785 964 res,
1821 902 2010 956 interi-

446 991 596 1035 munt
626 983 667 1035 si
700 984 838 1036 ultra
866 1001 1024 1054 quam
1054 1003 1150 1055 par
1176 989 1246 1043 sit
1271 988 1437 1043 ﬂuant
1464 1005 1658 1060 magna
1685 1007 1807 1046 cum
1837 994 2009 1044 abun-

444 1074 647 1127 dantia.
695 1076 809 1137 Dic,
856 1080 1109 1142 obsecro,
1156 1081 1308 1148 mihi,
1351 1083 1477 1151 quid
1524 1085 1665 1145 luce.
1708 1084 1839 1154 quid
1884 1099 2011 1139 aere

446 1167 673 1220 melius?
705 1168 760 1221 Si
799 1180 975 1225 tamen
1012 1181 1065 1226 el.
1102 1173 1185 1227 liis
1220 1175 1522 1245 abutamur,
1557 1192 1808 1245 maguum
1838 1178 2010 1245 quod-

446 1257 566 1309 dam
600 1257 657 1311 lit
688 1260 885 1313 malum
910 1301 923 1325 ,
959 1262 1195 1329 itemque
1228 1240 1383 1317 [foliis
1414 1265 1616 1319 accidit
1644 1240 1886 1334 quodiis
1919 1269 2008 1335 qui

447 1350 642 1404 horum
678 1351 900 1405 minime
932 1355 1220 1421 participes
1249 1365 1404 1422 sunt;
1437 1373 1557 1410 nam
1590 1359 1832 1425 utrisque
1865 1361 2010 1413 (λαιὰ-

449 1444 611 1496 mitas
649 1444 982 1499 intoleranda
1022 1434 1308 1514 contingit,
1350 1458 1455 1501 tam
1492 1450 1647 1504 nobis
1680 1465 1841 1520 quam
1879 1452 2005 1506 illis.

450 1534 517 1587 Et
549 1550 782 1602 quonam
823 1535 872 1587 id
912 1546 1100 1603 pacto,
1137 1538 1332 1594 dicam.
1370 1539 1606 1603 Radius,
1644 1556 1731 1595 res
1765 1543 2005 1596 omnium

440 1626 862 1695 jurumlissima,
911 1629 1108 1696 praebet
1157 1630 1327 1683 oculis
1372 1642 1429 1684 ut
1474 1642 1596 1686 actu
1642 1634 1855 1689 videndi
1900 1634 2003 1686 vim

443 1720 705 1780 habeant,
737 1730 790 1773 et
823 1721 980 1773 rebus
1011 1724 1431 1788 aspectabilibus
1462 1726 1664 1792 praebet
1700 1736 1755 1779 ut
1787 1729 2007 1793 conspi-

443 1812 660 1864 ciuntur
707 1811 756 1864 id
802 1826 924 1865 esse
972 1814 1109 1878 quod
1154 1824 1297 1866 sunt.
1344 1815 1473 1868 Nam
1523 1827 1575 1869 et
1624 1832 1740 1884 qua:
1788 1818 2007 1884 pulchra

441 1912 595 1965 sunt,
634 1914 688 1956 et
727 1904 842 1971 ipse
879 1904 1101 1967 oculus,
1141 1916 1407 1973 potestate
1442 1910 1699 1963 duntaxat
1738 1910 1787 1962 id
1824 1919 2008 1964 essent

441 1996 583 2061 quod
619 2004 809 2048 natura
845 2004 1009 2058 sunt,
1043 1996 1262 2063 pulchra
1299 1998 1590 2063 nimirum,
1623 2012 1677 2055 et
1708 2001 1930 2068 oculus,
1963 2003 2008 2058 si

443 2085 769 2140 beneficium
801 2102 957 2140 suum
993 2076 1173 2143 radius
1205 2089 1321 2158 ipse
1352 2107 1455 2145 non
1488 2101 1803 2160 prmstaret;
1835 2095 1930 2149 sed
1962 2098 2007 2150 si

440 2178 561 2245 quis
590 2178 732 2231 hunc
764 2187 931 2231 totum
964 2181 1138 2234 oculis
1172 2182 1478 2237 immediate
1507 2185 1816 2253 exceperit.
1850 2185 2011 2242 facile

439 2267 655 2322 vivendi
692 2267 1001 2323 facultatem
1039 2276 1270 2327 amittet.
1308 2273 1466 2343 Atqui
1500 2277 1543 2328 si
1576 2277 1733 2348 longo
1769 2287 2009 2348 tempore

441 2359 625 2413 radius
654 2358 828 2413 oculis
862 2360 1044 2414 nullus
1075 2361 1308 2416 illuxerit
1329 2404 1343 2429 ,
1378 2363 1513 2419 nihil
1547 2365 1669 2421 inde
1699 2367 2007 2423 detrimenti

439 2451 521 2505 eis
554 2451 847 2516 acciderit;
882 2468 1067 2507 verum
1098 2455 1140 2508 si
1174 2469 1334 2523 supra
1369 2459 1584 2512 modum
1618 2459 1669 2513 in
1706 2474 1798 2515 eos
1829 2462 2009 2516 irrue-

439 2544 533 2605 rit,
566 2558 687 2595 mox
722 2542 1057 2613 inopinatum
1086 2547 1338 2613 quiddam
1367 2551 1590 2616 accidit,
1620 2555 1836 2622 quando
1862 2556 2006 2623 quod

435 2634 893 2703 jucundissiuium
927 2638 1083 2691 nobis
1112 2650 1215 2701 est,
1244 2642 1295 2693 in
1327 2642 1561 2697 dolorem
1592 2646 1806 2709 desinit,
1836 2656 1885 2700 et
1913 2662 2009 2716 per

442 2741 602 2793 quem
637 2726 818 2780 videre
852 2742 1167 2796 possumus,
1198 2747 1294 2800 per
1321 2736 1569 2788 eumdem
1606 2736 1817 2791 videndi
1853 2754 2005 2792 usum

442 2818 757 2873 amittimus.
783 2816 901 2872 Jam
931 2822 1136 2891 absque
1162 2824 1302 2893 aeris
1326 2840 1425 2878 ttsu
1449 2841 1514 2880 ne
1542 2827 1863 2883 brevissimo
1888 2830 2011 2899 qui-

440 2910 561 2963 dem
600 2918 842 2980 tempore
874 2912 1066 2966 durare
1096 2927 1407 2980 possumus,
1441 2926 1500 2970 ut
1533 2918 1749 2974 interim
1780 2936 1887 2975 non
1921 2922 2009 2975 di-

440 3016 594 3065 cam,
636 3017 758 3055 mox
796 3002 1081 3057 interitura
1120 3006 1398 3075 universa,
1429 3009 1483 3063 ni
1520 3010 1881 3068 circumfusus
1916 3028 2010 3068 aer

2118 535 2270 597 καῖα,
2303 534 2396 586 καὶ
2418 525 2492 585 ὧν
2510 534 2681 601 χωρὶς
2702 532 2809 585 οὐδ’
2834 533 2898 585 ἂν
2926 534 3096 598 οὐδεὶς
3118 534 3438 602 διασώζοιτο,
3464 538 3629 611 ὥσπερ

2115 626 2184 678 τὰ
2214 624 2374 691 ςύσει
2426 623 2736 692 βλάπτοντα
2782 626 3111 696 διαφθείρει,
3160 627 3224 695 ἢν
3263 628 3394 701 ὑπὲρ
3433 631 3488 682 τὸ
3531 633 3630 684 δέον

2116 716 2525 787 συνεπιρῤεύσῃ
2559 716 2696 783 μετὰ
2727 715 2930 785 πολλῆς
2957 718 3055 785 τῆς
3094 716 3405 787 ὑπερϐολῆς.
3438 720 3497 772 Τί
3528 724 3628 788 μὲν,

2113 806 2234 859 εἰπέ
2265 824 2375 875 μοι,
2427 806 2636 875 φωτὸς,
2676 808 2728 858 τί
2763 806 2807 860 δ’
2831 808 2993 876 ἀέρος
3034 807 3268 878 pilum;
3300 811 3428 863 ἀλλὰ
3470 812 3527 864 ἂν
3552 816 3633 867 καὶ

2112 897 2288 949 τοῖπδε
2348 897 2860 966 παραχρησώμεθα,
2902 900 3044 967 μέγα
3090 918 3142 954 τι
3186 904 3420 969 γίγνεται
3466 905 3629 968 κακὸν,

2112 987 2208 1041 καὶ
2259 989 2451 1039 ταυτὸν
2500 989 2610 1050 τοῖς
2663 989 2724 1041 οὐ
2782 992 3071 1059 μετέχουσι
3122 991 3321 1045 τούτων
3364 994 3630 1062 πάσχομεν.

2124 1079 2425 1146 ’Δφ’ρητον
2455 1078 2563 1148 γὰρ
2598 1080 2799 1148 ἀμφοῖν
2836 1081 2896 1133 τὸ
2923 1082 3096 1135 δεινὸν
3124 1084 3254 1151 ἡμῖν
3285 1100 3341 1136 τε
3370 1085 3631 1148 κάκείνοις.

2113 1170 2222 1222 Καὶ
2274 1171 2424 1235 πῶςς
2479 1172 2589 1237 ἐγὼ
2636 1172 2805 1239 λέγω.
2850 1175 3050 1241 ’Δκτὶς,
3097 1175 3125 1228 δ
3174 1176 3381 1230 πάντων
3425 1178 3630 1245 ἥδιστον.

2083 1310 2087 1314 .
2115 1263 2347 1331 παρέχει
2384 1263 2484 1331 μὲν
2507 1265 2622 1326 τοῖς
2652 1265 2953 1335 ὀφθαλμοῖς
2980 1268 3229 1338 ἐνεργείᾳ
3266 1270 3324 1321 τδ
3347 1272 3468 1340 ὁρᾷν
3490 1271 3631 1339 ἐχειν,

2113 1356 2342 1423 παρέχει
2374 1354 2431 1406 δὲ
2460 1358 2572 1413 τοῖς
2600 1357 2815 1425 ὁρατοῖς
2843 1359 2974 1411 αὐτὸ
3005 1361 3151 1413 τοῦτ’
3181 1357 3317 1415 εἶναι
3356 1363 3443 1415 καὶ
3475 1364 3635 1431 φαίνε-

2114 1446 2261 1499 σθαι.
2322 1446 2477 1517 Μὸνῃ
2532 1448 2641 1515 γὰρ
2691 1448 2758 1502 ἂν
2796 1445 2862 1519 ἦν
2918 1452 3147 1520 δυνάμει
3186 1452 3251 1506 τά
3311 1452 3441 1507 καλὰ
3489 1455 3571 1507 καὶ
3611 1455 3634 1505 ὁ

2112 1538 2413 1609 ὀφθαλμὸς,
2444 1538 2578 1593 αὐτὸ
2610 1539 2758 1593 τοῦθ’
2787 1542 2815 1594 ὃ
2847 1544 3145 1610 πεφύκασι,
3186 1545 3321 1598 καλὰ
3357 1546 3441 1598 καὶ
3465 1545 3636 1614 ὀφθαλο

2117 1628 2236 1697 μὸς,
2271 1628 2540 1697 μηδαμῶς
2579 1647 2682 1681 που
2713 1632 2812 1699 τῆς
2843 1634 3063 1696 ἀκτῖνος
3088 1634 3149 1686 τδ
3178 1634 3376 1703 ἑαυτῆς
3401 1634 3637 1704 χορηγού-

2115 1736 2241 1789 σης.
2282 1719 2424 1774 Ἀλλ’
2464 1722 2627 1783 εἴτις
2665 1722 2873 1792 ταύτην
2902 1726 3127 1789 ἀμέσως
3159 1726 3287 1804 ὅλην
3333 1730 3436 1788 τοῖς
3460 1726 3639 1793 ὀφθαλ-

2116 1813 2238 1879 μοῖς
2294 1811 2542 1875 δέξαιτο,
2601 1814 2801 1883 ῥᾳδίως
2852 1816 2919 1869 ἂν
2970 1818 3071 1887 τὴν
3129 1819 3359 1887 ὀπτικὴν
3412 1821 3639 1873 ἀπολέσει

2111 1902 2367 1972 δύναμιν.
2402 1905 2596 1968 Καίτοι
2632 1909 2827 1976 συχνόν
2853 1926 2973 1961 τινα
3002 1911 3197 1979 χρόνοι
3226 1914 3337 1975 τοῖς
3375 1912 3639 1980 ὀφθαλμοῖς

2116 1994 2190 2063 μὴ
2227 1995 2515 2064 φανείσης,
2551 1997 2703 2050 οὐδὲν
2736 1998 2803 2050 ἂν
2835 1999 3049 2064 τούτοις
3087 2002 3322 2069 βλάπτον
3370 2004 3638 2070 ἐπεγένετο.

2122 2084 2294 2156 ’Υπὲρ
2335 2087 2389 2139 δὲ
2434 2088 2495 2140 τὸ
2550 2090 2749 2157 μέτρον
2782 2095 3202 2161 συγγεγονυίας;
3232 2096 3422 2148 αὐτίκα
3462 2096 3541 2147 καὶ
3569 2093 3640 2159 γί-
3680 2086 3683 2093 ’

2111 2193 2301 2243 γνεται
2332 2179 2652 2249 παράδοξον,
2690 2183 2737 2234 εἰ
2783 2182 2844 2235 τὸ
2878 2184 3098 2252 ἥδιστον
3136 2187 3259 2254 ἡμῖν
3299 2186 3639 2254 τελευτήσειεν

2111 2268 2192 2330 είς
2224 2269 2426 2337 λύπην,
2461 2272 2555 2322 καὶ
2588 2270 2656 2323 δι’
2692 2274 2759 2342 ἧν
2786 2275 2918 2343 ὁρᾷν
2970 2276 3109 2341 ἐστι,
3162 2276 3229 2329 δι’
3270 2278 3432 2342 αὐτὴν
3467 2276 3549 2328 καὶ
3590 2275 3642 2327 τὸ

2108 2361 2241 2429 ὁρᾷν
2269 2359 2665 2430 άπολέσαιμεν.
2720 2364 2909 2433 Ἀέρος
2944 2366 3130 2434 μέντοι
3170 2368 3335 2437 χωρὶς
3382 2367 3493 2420 οὐδὲ
3531 2366 3641 2433 γοῦν

2111 2449 2452 2520 βραχύτατον
2481 2454 2673 2522 χρόνον
2698 2455 2910 2510 ἔνεστιν
2946 2459 3101 2525 ἡμᾶς
3122 2459 3401 2527 διαρκέσαι
3426 2472 3448 2517 ⁸.
3466 2457 3529 2549 ἐῶ
3548 2456 3659 2549 γὰρ,

2109 2542 2248 2606 τέως
2278 2546 2475 2610 είπεῖν,
2508 2545 2585 2608 ὡς
2618 2547 2709 2599 καὶ
2741 2550 2919 2601 πάντα
2946 2550 3012 2602 ἂν
3059 2552 3269 2606 εὐθέως
3298 2548 3545 2610 ἀπόλωλε.
3577 2546 3639 2615 μὴ

2113 2635 2504 2703 περιχυθέντος
2530 2637 2761 2691 ἐκείνου.
2809 2640 2951 2691 Ἀλλ’
2983 2640 3050 2692 ἂν
3101 2642 3190 2695 καὶ
3222 2635 3371 2702 οὗτος
3400 2637 3640 2708 popa-tiab-

2108 2742 2266 2794 τερον
2289 2726 2422 2795 ἡμῖν
2461 2728 2787 2800 ἐπιπνεύσῃ,
2824 2734 2919 2784 καὶ
2949 2733 3093 2800 μετά
3132 2734 3310 2804 ῥύμης
3344 2734 3421 2785 ὅτι
3468 2730 3641 2797 πολλῆς

2110 2818 2478 2890 ὲπιδιαδράμῃ
2518 2822 2709 2875 τᾶνδον
2744 2823 2832 2876 διὰ
2858 2826 2964 2877 τῶν
2989 2824 3171 2888 ὢτων,
3207 2825 3297 2878 διὰ
3330 2826 3431 2878 τῶν
3458 2823 3640 2892 μυκτή-

2113 2928 2241 2980 ρων,
2274 2911 2360 2964 διὰ
2389 2911 2483 2965 τοῦ
2513 2914 2801 2983 στόματος.
2836 2915 2911 2975 ὡς
2941 2917 3015 2986 μὴ
3059 2919 3358 2988 δυνηθῆναι
3391 2916 3644 2971 τοσύνολον

2110 3003 2391 3072 ἐκπέμψαι
2423 3004 2524 3073 μὲν
2575 3006 2759 3071 αὑτὸν,
2798 3008 3183 3077 ὑπερζέσαντα
3215 3013 3279 3081 τῇ
3335 3012 3525 3078 φυσικῇ
3554 3007 3643 3059 τῶν

438 3101 605 3147 esset.
638 3092 837 3147 Verum
873 3094 917 3148 si
951 3102 1005 3148 et
1037 3095 1124 3151 ille
1153 3101 1375 3165 gravius
1404 3116 1505 3157 nos
1534 3103 1813 3167 amaverit,
1845 3114 1899 3160 et
1930 3107 2009 3159 in-

2114 3097 2439 3166 σπλάγχνων
2462 3098 2783 3168 θερμότητι,
2811 3103 3020 3155 σπᾶσαι
3047 3102 3112 3155 δὶ
3140 3106 3236 3158 καὶ
3265 3100 3644 3169 ἀντεισαγαγεῖν

441 3194 600 3252 gente
634 3199 757 3239 cum
795 3185 996 3255 impetu
1032 3189 1111 3242 sic
1145 3189 1357 3245 interna
1393 3194 1759 3261 penetraverit
1792 3210 1886 3263 per
1917 3212 2012 3250 au-

444 3290 551 3341 res,
579 3291 672 3344 per
698 3292 877 3343 nares,
906 3294 1003 3349 per
1026 3296 1106 3344 os,
1136 3291 1193 3336 ut
1221 3299 1342 3339 eum
1370 3286 1588 3340 omnino
1614 3301 1713 3341 nec
1738 3288 2007 3352 emittere,

443 3366 676 3420 naturali
722 3368 988 3423 viseerum
1026 3370 1208 3427 calore
1247 3372 1628 3440 fervefactum,
1674 3391 1774 3432 nec
1822 3393 2011 3432 recen-

446 3464 589 3519 tem,
623 3459 712 3526 qui
746 3459 979 3515 calorem
1018 3464 1239 3517 insitum
1277 3465 1589 3533 refrigeret,
1622 3468 1894 3521 attrahere
1930 3481 2011 3523 at-

445 3564 552 3616 que
576 3550 933 3608 iutromittere
960 3556 1250 3624 possimus,
1276 3557 1433 3611 facile
1457 3573 1645 3613 omnes
1669 3560 2008 3627 petierimus.

447 3641 540 3696 Sic
567 3644 747 3697 omnia
779 3647 916 3698 bona
945 3656 1068 3700 sunt
1095 3661 1213 3715 qua:
1242 3647 1342 3701 rite
1369 3648 1521 3713 liuut,
1547 3664 1649 3703 nec
1673 3650 1878 3719 absque
1908 3651 2011 3706 hoc

444 3734 759 3803 quidquam.
795 3735 929 3789 Nam
972 3749 1025 3792 et
1067 3738 1309 3793 membra
1356 3726 1620 3810 corporis,
1657 3750 1711 3797 et
1752 3758 2011 3814 quaecun-

445 3838 551 3893 que
582 3827 765 3880 usibus
796 3828 985 3881 borum
1018 3828 1295 3896 serviunt,
1324 3846 1423 3900 per
1452 3848 1508 3885 se
1540 3834 1676 3888 bona
1708 3845 1834 3889 sunt
1863 3822 1916 3889 et
1944 3835 2009 3890 ad

448 3918 644 3970 bonum
678 3915 839 3972 facta.
870 3917 1007 3985 Quin
1039 3920 1203 3974 etiam
1235 3923 1600 3980 conditionem
1632 3941 1784 3980 suam
1822 3928 2007 3983 mode.

445 4011 652 4064 ratione
677 4021 895 4065 servant
916 4029 931 4078 ;
950 4027 1069 4075 nam
1092 4011 1209 4067 solo
1230 4028 1477 4083 excessu,
1504 4018 1585 4071 vel
1606 4000 1817 4074 defectu
1844 4020 2006 4085 illius,

442 4104 585 4171 quod
623 4102 737 4158 fieri
775 4121 872 4174 par
902 4114 1052 4171 erat,
1087 4118 1194 4163 tam
1233 4111 1347 4179 ipsa
1383 4112 1622 4166 membra
1657 4128 1779 4181 qua:
1813 4124 2007 4183 agunt,

442 4211 604 4263 quam
644 4212 764 4267 qua:
797 4213 893 4268 per
925 4215 987 4254 ea
1026 4201 1352 4269 efﬁciuntur,
1386 4219 1507 4260 esse
1546 4206 1684 4260 mala
1719 4215 2006 4276 putantur,

442 4302 567 4342 cum
617 4305 957 4359 nequaquam
1005 4294 1132 4349 sint.
1182 4296 1391 4350 Etenim
1440 4298 1583 4366 quod
1632 4299 1859 4353 nimium
1906 4310 2007 4365 est,

440 4379 697 4447 quodque
730 4397 940 4449 parum,
970 4384 1165 4454 ubique
1199 4396 1378 4452 nocet,
1406 4392 1479 4442 uti
1508 4391 1619 4458 jam
1651 4402 1780 4444 ante
1806 4394 2007 4445 dictum

441 4480 546 4526 est.
566 4474 633 4526 At
657 4474 743 4532 illa
772 4488 866 4543 per
889 4475 1039 4528 istaec
1065 4478 1422 4531 instrumenta
1444 4495 1827 4548 nonnunquam
1850 4483 2004 4549 fiunt,

443 4580 831 4634 nonnunquam
878 4568 1085 4623 ratione
1128 4571 1400 4635 materiae,
1437 4586 1557 4640 quae
1597 4572 2004 4640 instrumentis,

446 4657 546 4709 hoc
578 4668 660 4711 cst
691 4658 982 4720 membris,
1016 4660 1206 4728 agendi
1241 4662 1345 4714 vim
1380 4663 1720 4732 suppeditat;
1755 4679 2009 4720 nonnun-

444 4760 603 4813 quam
650 4761 717 4801 οι
766 4748 935 4815 ipsius
978 4750 1142 4819 animi
1192 4752 1483 4806 sententia.
1526 4752 1641 4807 Non
1692 4763 1870 4809 tamen
1918 4757 2007 4811 illa

445 4837 569 4901 quis
612 4836 731 4906 jure
774 4839 1455 4915 vituperaverit,_0pinor,
1502 4845 1553 4899 in
1600 4845 1702 4899 ulla
1747 4862 1805 4900 re
1852 4866 1866 4901 :
1916 4863 2014 4903 nec

441 4926 587 4978 enim
621 4927 894 4989 «ualerios.
926 4945 1043 4998 qua:
1072 4946 1263 5000 expers
1292 4943 1375 4987 est
1403 4936 1590 5001 animi,
1623 4936 1887 5005 culpanda
1918 4955 2013 4993 ve-

446 5016 543 5078 nit,
576 5032 672 5070 nec
706 5019 970 5082 membra,
998 5020 1092 5074 sed
1123 5036 1339 5076 movens
1367 5023 1513 5079 istaec
1538 5027 1771 5089 animus,
1801 5029 1887 5095 qui
1923 5044 2012 5081 ar-

445 5107 647 5161 bitratu
678 5124 775 5162 suo
806 5120 1069 5171 movetur,
1103 5112 1167 5166 ad
1204 5115 1421 5167 meliora
1454 5117 1670 5183 quidem
1706 5132 1826 5171 cum
1860 5132 1887 5170 a
1927 5132 2014 5170 ra-

444 5200 590 5253 tiuue
621 5203 974 5269 gubernatur,
1009 5204 1073 5258 ad
1105 5206 1376 5259 deter-iura
1407 5222 1533 5260 vero
1564 5222 1687 5261 cum
1722 5207 1912 5261 brutas
1944 5207 2014 5262 ad

444 5305 625 5361 partes
660 5295 831 5365 magis
863 5298 1178 5365 prupcudet.
1210 5297 1571 5364 Quamobrem
1602 5299 1667 5353 de
1698 5299 1909 5353 duobus
1938 5297 2017 5351 al-

446 5397 617 5440 terum
654 5400 933 5456 sequetur,
964 5389 1048 5442 vel
1084 5397 1140 5442 ut
1176 5391 1396 5444 minime
1428 5392 1498 5444 sit
1528 5390 1833 5445 accusanda
1869 5390 2017 5443 volu-

445 5491 588 5546 ptas,
624 5483 838 5546 quoties
875 5483 1068 5537 modus
1103 5498 1132 5536 a
1168 5483 1322 5537 nubis
1356 5482 1671 5553 negligitur.
1707 5482 2015 5551 progressis

445 5570 675 5623 ulterius
704 5587 863 5640 quam
894 5588 988 5641 par
1017 5574 1190 5629 fuerat
1222 5592 1235 5628 :
1268 5574 1351 5628 vel
1382 5585 1438 5627 ut
1472 5575 1609 5629 idem
1638 5576 1825 5628 eodem
1858 5576 2017 5627 modo

445 5662 516 5715 de
546 5664 743 5717 creatis
777 5667 1043 5719 universis
1076 5667 1202 5731 fiat;
1238 5668 1343 5721 imo
1376 5668 1591 5736 potius,
1625 5667 1823 5721 creatis
1853 5666 2018 5720 ouii<-

444 5754 562 5821 eis,
593 5754 907 5812 Crvatorem
945 5758 1118 5827 ipsum
1155 5760 1487 5814 cavillantur.
1527 5758 1656 5813 Nam
1694 5759 1783 5827 qui
1824 5758 2015 5812 noxio-

2110 3188 2474 3258 νεαρώτερον,
2507 3189 2744 3258 ψύξοντα
2772 3190 2873 3260 τὴν
2900 3191 3148 3260 ἔμφυτον
3179 3195 3408 3265 θέρμην,
3438 3191 3645 3261 εὐχερῶς

2108 3280 2175 3334 ἂν
2214 3280 2455 3346 ἅπαντες
2478 3281 2866 3352 ἀπολώλαμεν.
2900 3284 3057 3337 Οὕτω
3088 3287 3269 3339 πάντα
3305 3286 3493 3354 ἀγαθὰ,
3526 3281 3646 3351 μετὰ

2109 3374 2305 3443 καιροῦ
2345 3378 2734 3446 πεπραγμένα,
2770 3378 2866 3430 καὶ
2922 3378 3075 3431 οὐδὲν
3116 3381 3247 3434 ἄνευ
3306 3382 3509 3434 τούτου.
3553 3377 3647 3429 Καὶ

2112 3465 2247 3535 μέλη
2281 3465 2388 3537 γάρ
2438 3466 2534 3518 τοῦ
2589 3468 2865 3537 σώματος,
2906 3470 3003 3523 καὶ
3056 3472 3205 3535 ὅσοις
3255 3473 3446 3542 χρῆται
3490 3470 3646 3532 ταυτὶ,

2110 3557 2290 3624 ἀγαθὰ
2342 3559 2405 3611 τὸ
2452 3559 2579 3612 καθ’
2612 3560 2776 3625 αὐτὰ,
2815 3562 2910 3615 καὶ
2945 3563 3033 3615 ἐπ’
3080 3564 3276 3632 ἀγαθῷ
3314 3565 3515 3631 γέγονε.
3557 3560 3649 3612 Καὶ

2112 3648 2297 3717 μέντοι
2324 3664 2385 3715 γε
2427 3650 2521 3701 καὶ
2551 3648 2721 3721 σώζει⁴
2742 3649 2841 3720 τὴν
2871 3649 3026 3716 τάξιν
3053 3654 3122 3720 τῇ
3157 3653 3492 3721 συμμετρία.
3520 3651 3649 3717 Μάνῃ

2109 3741 2218 3811 γὰρ
2247 3741 2533 3812 πλεονεξίᾳ
2560 3742 2592 3813 ἦ
2635 3743 2817 3813 ὶνδείᾳ
2840 3743 2936 3796 τοῦ
2967 3746 3310 3814 καθήκοντος
3349 3747 3415 3799 τά
3441 3763 3493 3799 τε
3521 3746 3651 3807 ἐνερ-

2109 3829 2311 3897 γοῦντα
2341 3830 2500 3899 μέλη,
2545 3833 2642 3884 καὶ
2671 3831 2739 3884 τὰ
2770 3832 2842 3884 δι’
2869 3834 3052 3887 αὐτῶν
3084 3835 3474 3905 ἐνεργούμενα,
3514 3829 3648 3898 νομί-

2111 3920 2267 3985 ζεται
2319 3923 2467 3977 κακὰ
2494 3919 2657 3989 εἶναι,
2697 3924 2923 3994 μηδαμῆ
2976 3926 3250 3996 μηδαμῶς
3282 3928 3429 3980 ὄντα.
3464 3924 3531 3976 Τὸ
3557 3921 3648 3989 γὰρ

2111 4013 2432 4078 πλεονάζον,
2466 4014 2564 4067 καὶ
2610 4014 2670 4067 τὸ
2700 4015 2970 4081 ἐλλεῖπον,
2995 4016 3152 4069 τοῦτ’
3196 4018 3314 4072 ἔστι
3353 4019 3412 4070 τὸ
3444 4016 3649 4084 βλάπτον

2112 4104 2456 4174 ἁπανταχοῦ,
2486 4105 2560 4167 ὡς
2587 4103 2726 4174 ἔφθη
2760 4121 2824 4172 γε
2850 4104 3008 4158 τοῦτο
3036 4106 3230 4175 ῥηθέν.
3275 4106 3454 4161 Ταῦτα
3479 4106 3520 4158 δ’
3554 4104 3651 4156 ἔστι

2116 4197 2213 4265 μὲν
2245 4197 2333 4249 διὰ
2359 4196 2470 4249 τῶν
2502 4196 2751 4266 ὀργάνων
2779 4196 2989 4251 τούτων
3020 4198 3192 4251 ἐνίοτε
3225 4200 3535 4269 γιγνόμενα,
3556 4196 3653 4247 ἔστι

2110 4287 2168 4340 δὲ
2199 4289 2285 4340 διά
2317 4287 2415 4357 τὴν
2450 4286 2605 4358 ὕλην,
2635 4287 2669 4357 ἢ
2703 4287 2934 4357 παρέχει
2968 4290 3082 4352 τοῖς
3114 4289 3393 4359 ὀργάνοις,
3434 4286 3653 4342 τουτέστι

2112 4382 2225 4440 τοῖς
2259 4378 2503 4446 μέλεσιν,
2542 4381 2786 4448 ἐνεργεῖν
2814 4395 2827 4409 ·
2858 4379 2974 4431 ἐστι
3000 4380 3057 4432 δὲ
3102 4382 3193 4434 διὰ
3228 4381 3328 4451 τὴν
3360 4383 3416 4433 ὲν
3446 4383 3505 4449 τῇ
3526 4376 3652 4447 ψυχῇ

2117 4471 2361 4542 γνώμην.
2402 4473 2476 4525 Ού
2524 4473 2631 4541 μὴν
2664 4475 2893 4534 ἐκείνοις
2942 4473 3211 4543 μέμψαιτ’
3246 4479 3312 4530 ἄν
3359 4493 3456 4537 τις.
3504 4469 3655 4540 οἶμαι.

2114 4564 2337 4627 δικαίως
2368 4565 2453 4617 ἐπ’
2480 4566 2657 4617 οὐδενὶ
2683 4566 2792 4618 τῶν
2820 4566 3100 4621 ἁπάντων.
3128 4567 3268 4621 Οὔτε
3294 4570 3399 4636 γὰρ
3426 4567 3519 4635 τὴν
3544 4563 3657 4629 ὕλην

2115 4656 2319 4725 ἄψυχον
2371 4652 2555 4721 οὖσαν,
2594 4657 2718 4710 οὒτε
2768 4657 2837 4709 τὰ
2885 4658 3046 4727 μέλη,
3088 4660 3226 4711 ἀλλά
3284 4659 3383 4728 τὴν
3429 4656 3657 4709 κινοῦσαν

2114 4749 2287 4802 ταῦτα
2318 4750 2497 4820 ψυχήν
2523 4766 2535 4779 ⁸
2572 4752 2604 4820 ἥ
2633 4753 2868 4804 κινεῖται
2905 4753 3224 4821 προαιρέσει
3266 4752 3360 4803 ἐπὶ
3393 4750 3458 4803 τά
3490 4744 3659 4815 βελτίω

2122 4841 2244 4911 μὲν,
2292 4842 2435 4911 λόγῳ
2467 4841 2881 4911 κυϐερνωμένη,
2915 4843 3006 4895 ὲπί
3048 4843 3114 4895 τὰ
3152 4844 3326 4912 χείρω
3352 4843 3428 4905 δὲ,
3459 4838 3585 4906 πρὸς
3608 4830 3662 4883 τδ

2118 4933 2459 5001 ἀλογώτερον
2501 4934 2601 5002 τὴν
2633 4932 2809 5003 ὁρμὴν
2856 4933 3075 5002 ἔχουσα.
3106 4936 3271 4987 Ὥστε
3323 4936 3468 4987 δυοῖν
3519 4930 3661 4982 θάτε-

2121 5043 2214 5096 ρον
2373 5025 2510 5095 μηδὲ
2541 5024 2640 5092 τὴν
2690 5024 2882 5094 ἡδονὴν
2936 5024 3255 5093 διαϐλητέον
3287 5024 3355 5077 ἂν
3392 5022 3496 5086 εἴη,
3546 5011 3660 5113 περς

2118 5117 2274 5185 ἡμῶν
2322 5115 2719 5184 άτιμασθέντος
2750 5115 2842 5167 τοῦ
2875 5117 3098 5182 μέτρου,
3134 5114 3208 5177 ὡς
3252 5114 3557 5183 περαιτέρω
3579 5121 3661 5205 τξυ

2117 5208 2447 5276 γιγνομένου
2495 5206 3005 5275 προϐεϐηκότων,ἢ
3053 5207 3146 5257 καὶ
3195 5207 3377 5258 πᾶσαν
3423 5202 3544 5269 ἑξῆς
3580 5202 3664 5263 τὴν

2118 5300 2301 5351 κτίσιν
2333 5298 2425 5350 τὸν
2462 5297 2577 5350 ἴσον
2614 5297 2838 5366 τρόπον.
2869 5298 3087 5350 Μᾶλλον
3120 5297 3173 5348 δὲ
3200 5295 3405 5363 ταύτην
3434 5291 3663 5359 ἀφέντες,

2118 5393 2209 5443 τὶν
2242 5391 2477 5459 ποιητὴν
2526 5390 2904 5457 διασύρωμεν.
2954 5390 3014 5441 '0
3044 5390 3149 5456 γὰρ
3188 5388 3297 5440 τῶν
3347 5384 3666 5455 βλαπτόντων

2122 5478 2458 5547 δημιουργὸς
2488 5478 2659 5539 αἴτιος
2690 5479 2950 5546 ἄντικρυς
2975 5478 3082 5529 τῶν
3112 5476 3319 5537 κακῶν,
3354 5477 3493 5541 ἅπερ
3519 5474 3668 5533 αναγ-

2124 5568 2295 5631 καίως
2336 5571 2400 5623 ἂν
2436 5572 2569 5638 παρ’
2619 5570 2847 5623 ἐκείνων
2879 5569 3143 5635 γένοιντο.
3191 5567 3383 5619 Καίτοι
3428 5566 3475 5616 εί
3504 5562 3586 5613 διὰ
3609 5558 3668 5609 τὰ

2129 5665 2435 5735 βλάπτοντα
2488 5663 2650 5715 αύτδν
2694 5657 3332 5730 αἰτιασόμεθα,“δίκαιόν
3376 5656 3489 5708 ἐστι
3540 5668 3671 5717 παμ-

2134 5755 2329 5826 πληθὲς
2364 5755 2458 5807 καὶ
2492 5754 2557 5808 δι’
2603 5756 2743 5808 αὐτὰ
2776 5752 2842 5807 τὰ
2875 5752 3231 5824 βλαπτόμενοι
3264 5747 3468 5802 ἐκεῖνον
3511 5741 3574 5799 αὖ
3599 5742 3674 5795 sic
