3920 6200
198 343 282 411 m
412 303 414 305 ’
1604 343 1749 405 om

1855 343 1992 406 )V.
2077 352 2150 385 -’

3325 343 3429 406 478

201 457 412 523 τιᾶσθαι,
439 461 694 521 ,τοιαῦτα
730 461 866 531 παρ’
911 459 1079 516 αὐτοῦ
1128 461 1412 530 γεγονότα,
1453 461 1533 526 ὡς
1582 461 1656 531 μὴ
1689 462 1749 514 τδ

1857 476 1974 516 rum
2008 461 2260 516 conditor
2289 470 2398 528 est,
2431 461 2574 516 baud
2604 459 2768 516 dubie
2800 434 3066 514 malorum
3098 466 3179 512 est
3210 466 3426 523 auctor,

199 550 409 619 βλάπτον
434 563 496 600 τε
532 549 630 601 καὶ
653 549 823 602 κακὸν
851 545 943 604 οἷά
969 568 1028 604 τε
1060 547 1199 606 εἶναι
1227 551 1659 623 ὲκκρούσασθαι.
1688 551 1750 604 Ei

199 642 248 694 δὲ
271 641 412 694 τοῦτο
443 640 651 694 ἄτοπόν
677 658 759 695 σοι
791 643 962 706 δοκεῖ,
991 644 1086 711 καὶ
1115 645 1215 697 οὐκ
1245 643 1312 698 ἂν
1354 643 1534 708 δέξαιο
1568 644 1750 712 λέγειν

199 733 340 800 (καλὰ
362 731 464 802 γὰρ
508 733 726 786 ἅπαντα
759 737 955 802 φήσεις
987 735 1055 787 τὰ
1101 736 1164 788 ἐκ
1193 733 1376 804 Θεοῦ),
1419 735 1622 788 ἄτοπον
1654 733 1749 789 καὶ

197 825 250 875 τὸ
275 825 364 890 τὴν
397 809 589 892 ἡδονῖν
635 824 944 894 διασύρειν,
975 826 1117 895 ὑπὲρ
1148 827 1356 894 ἀγαθοῦ
1405 827 1587 896 σοφῶς
1615 829 1748 896 ἡμῖν

197 915 666 987 δεώμένηνάΟύδὲν
694 918 802 986 γάρ
835 918 1038 983 ταύτης
1065 919 1313 984 ἀπούσης
1337 914 1485 990 εἶχεν
1517 921 1583 973 ἂν
1617 937 1746 973 συν-

200 1008 424 1062 ίστασθαι
463 1009 574 1062 τῶν
607 1011 666 1063 ὲν
696 1010 952 1079 αἰσθήσει
985 1028 1046 1064 τε
1108 1013 1205 1066 καὶ
1255 1010 1393 1082 ζωῇ.
1423 1012 1608 1066 Πάντα
1636 1011 1746 1082 γάρ

199 1101 426 1160 ἐπίπονα,
453 1100 522 1151 τὰ
550 1103 614 1169 τῇ
650 1099 762 1168 ζωῇ
797 1098 1103 1169 βοηθοῦντα
1128 1117 1142 1133 ⁸
1172 1103 1278 1156 κᾶν
1305 1103 1512 1174 ἀφέλῃς
1537 1103 1595 1156 τὸ
1620 1103 1744 1174 ἡδὺ,

198 1192 329 1244 οῦδὲν
357 1192 580 1245 ἑκείνων
629 1192 900 1260 ἐφάψεται
933 1193 1270 1258 οὑτινοσοῦν,
1301 1197 1464 1249 πόνον
1506 1194 1743 1264 ἔχοντος.

199 1284 463 1354 Συνίστησι
485 1285 541 1338 δέ
573 1303 676 1352 μου
703 1285 794 1338 τὸν
821 1286 982 1353 λόγον
1007 1289 1076 1340 τὰ
1105 1287 1228 1341 καθ’
1250 1288 1400 1357 ἡμᾶς
1423 1287 1746 1357 πράγματα.

206 1377 375 1444 Ἡμεῖς
398 1377 506 1445 γὰρ
530 1376 646 1430 οὔτ’
675 1377 954 1447 ἐσθίομεν,
985 1379 1112 1432 οὔτε
1148 1379 1398 1448 πίνομεν,
1429 1379 1530 1447 τῆς
1554 1379 1748 1450 ἡδονῆς

201 1469 262 1538 μὴ
292 1468 769 1539 προτρεπομένης.
798 1469 912 1524 Καὶ
930 1469 992 1522 τὸ
1023 1470 1306 1539 θαυμάσαι
1331 1470 1564 1534 δίκαιον,
1600 1473 1750 1523 ἐπει-

197 1560 277 1614 δᾶν
314 1562 640 1632 ὑπερκορετς
667 1563 776 1616 τῶν
808 1564 1030 1633 τροφῶν
1067 1563 1382 1633 γενώμεθα,
1418 1565 1514 1618 καὶ
1536 1565 1603 1618 τὰ
1636 1565 1750 1634 ἥδι-

198 1671 280 1705 στα
309 1653 482 1708 πάντα
522 1655 1010 1724 ἀποστρεφόμεθα,
1043 1655 1140 1710 καὶ
1173 1655 1376 1726 μᾶλλον
1399 1656 1464 1710 ἂν
1492 1655 1748 1726 ἑλοίμεθα

195 1746 388 1814 πληγὰς
412 1747 489 1815 τῷ
524 1741 738 1815 σώματι
768 1746 1028 1811 δέξασθαι
1065 1748 1098 1819 ἢ
1140 1748 1480 1819 τῷ-στόματι
1514 1749 1742 1819 τροφήν.

195 1838 248 1892 Ei
278 1839 329 1892 δὲ
365 1838 548 1892 καὶτὸ
582 1839 715 1910 παρ’
751 1841 886 1910 ἡμῖν
931 1841 1222 1910 ὀρεκτικόν
1265 1858 1322 1894 τε
1355 1841 1451 1894 καὶ
1495 1840 1748 1894 ἑλκτικδν

194 1931 278 1983 τοῦ
307 1932 606 2000 πεφυκότος
635 1933 1186 2002 παρεκτραπήσεται,
1216 1931 1628 2002 παραινούντων
1654 1931 1755 1996 μὲν

196 2023 399 2094 ίατρῶν,
430 2023 899 2092 παρακαλούντων
922 2025 978 2077 δὲ
1016 2025 1212 2093 φίλων,
1243 2024 1422 2079 πάντα
1452 2024 1753 2076 ποιούντων

190 2118 286 2171 τῶν
323 2117 620 2185 συγγενῶν,
677 2117 911 2188 οὐδεμία
962 2116 1178 2187 μηχανὴ
1220 2115 1427 2184 γένοιτ’
1459 2114 1525 2169 ἂν
1567 2114 1750 2183 ἱκανὴ,

190 2208 295 2262 οὐδὲ
325 2209 506 2277 φόϐος,
537 2209 612 2272 ῶς
649 2211 948 2264 ἀναπεῖσαι.
994 2207 1296 2277 δυνηθῆναι
1346 2207 1468 2268 ταις
1503 2205 1613 2257 τῶν
1648 2222 1752 2275 κη-

190 2299 410 2368 δομένων
461 2301 859 2370 παραινέσεσιν
905 2295 1070 2365 εἶξαι.
1113 2297 1256 2352 Ἀλλ’
1298 2297 1503 2360 εἰδότες
1541 2295 1617 2358 ὡς
1652 2312 1746 2348 τε·

191 2388 495 2460 θνηξόμεθα,
543 2393 592 2443 εί
633 2389 710 2460 μὴ
741 2390 1002 2460 λάϐοιμεν
1037 2387 1270 2462 τροφὴν,
1305 2389 1468 2455 ἡμεῖς
1518 2385 1574 2440 δὲ
1611 2385 1744 2455 θνή⁴

192 2496 371 2546 σκομεν
401 2481 479 2551 μὴ
502 2481 789 2545 λαϐόντες.

1851 568 1974 623 quae
2007 553 2314 608 necessario
2347 552 2555 607 scilicet
2587 551 2656 606 ab
2693 551 2798 607 illis
2837 551 2991 605 iluut.
3027 549 3188 617 Atqui
3223 551 3266 603 si
3302 564 3428 603 eum

1852 652 2077 716 prepter
2111 644 2268 698 noxia
2306 643 2680 712 culpabimus,
2718 642 3033 711 plenissime
3062 641 3270 709 justum
3307 650 3426 704 est,

1851 738 2099 792 eumdem
2127 743 2182 791 et
2211 737 2458 790 laesorum
2487 736 2704 790 nomine
2729 735 2959 804 culpari,
3015 734 3108 803 qui
3141 734 3265 786 talia
3297 749 3431 787 cono

1851 829 2074 894 diderit,
2111 839 2171 883 ttt
2213 828 2472 898 quidquid
2522 830 2742 882 noxium
2788 837 2952 895 alque
2987 827 3186 880 malum
3221 836 3303 879 est
3338 841 3430 880 re-

1851 919 2054 990 pellere
2091 930 2382 989 nequeaut.
2420 918 2514 973 Sin
2552 919 2694 972 istttd
2729 917 3023 972 absurdum
3060 916 3155 969 tibi
3193 917 3427 981 videtur,

1851 1014 1941 1083 qui
1986 1013 2094 1068 tale
2135 1013 2263 1083 quid
2309 1012 2554 1084 proferre
2598 1027 2704 1067 non
2748 1009 3020 1065 sustineas
3061 1012 3207 1076 (nam
3249 1009 3430 1062 omnia

1851 1105 1992 1161 facta
2034 1106 2296 1161 divinitus
2332 1109 2472 1161 bona
2509 1120 2630 1160 esse
2693 1101 2999 1171 fateberis),
3037 1102 3198 1156 etiam
3239 1102 3434 1155 absur-

1851 1198 1976 1252 dum
2026 1207 2111 1254 est
2154 1198 2483 1267 voluptatem
2534 1195 2848 1257 criminari,
2896 1197 3054 1263 plane
3101 1192 3224 1246 boni
3271 1207 3432 1247 causa

1852 1291 2008 1345 nobis
2041 1304 2378 1346 concessam.
2412 1288 2625 1342 Etenim
2660 1291 2868 1358 alisque
2901 1289 3032 1350 hac,
3065 1284 3196 1338 nihil
3231 1300 3431 1349 sensu,

1849 1383 1983 1437 nihil
2010 1385 2118 1437 vita
2148 1382 2431 1451 praeditum
2462 1391 2712 1435 constare
2744 1391 2944 1449 posset.
2977 1379 3116 1433 Sunt
3144 1377 3288 1430 enim
3321 1391 3435 1429 om-

1850 1474 1938 1528 nia
2006 1474 2272 1529 laboriosa
2309 1487 2429 1541 quae
2470 1471 2594 1526 vitae
2632 1470 2988 1540 epitulantur,
3027 1484 3091 1523 ac
3128 1469 3172 1522 si
3213 1467 3432 1535 quidem

1850 1565 2180 1633 voluptatem
2215 1564 2528 1626 abstuleris.
2564 1563 2895 1618 laboriosum
2928 1561 3152 1614 omnino
3185 1559 3317 1611 nihil
3351 1567 3434 1612 at-

1853 1655 2082 1724 tingent.
2111 1655 2285 1723 Atque
2312 1655 2449 1708 banc
2474 1655 2776 1708 orationem
2808 1668 2979 1705 meam
3013 1666 3097 1703 res
3126 1650 3259 1719 ipsm
3290 1664 3436 1701 mor-

1855 1747 2039 1802 talium
2069 1746 2416 1800 conlirmant.
2448 1745 2555 1800 Nos
2579 1747 2722 1800 enim
2752 1758 2929 1813 neque
2956 1742 3314 1804 comedimus,
3344 1755 3439 1794 ne-

1783 1817 1824 1874 Β
1856 1855 1959 1908 quo
1988 1838 2248 1903 bibimus,
2276 1839 2377 1891 nisi
2408 1837 2660 1906 voluptas
2691 1838 2898 1890 incitet.
2932 1834 2997 1887 Et
3021 1833 3163 1903 quod
3195 1833 3439 1886 admit-ao
3534 1908 3542 1910 Ἠ

1856 1930 2056 1985 tionem
2087 1937 2350 1991 meretur,
2385 1943 2506 1983 cum
2539 1928 2784 1982 ciborum
2815 1941 2916 1981 nos
2943 1925 3149 1993 ceperit
3181 1927 3400 1978 satietas
3421 1964 3436 1987 ,

1854 2023 2016 2077 etiam
2040 2021 2434 2090 iucundissima
2463 2020 2721 2089 quailibet
2746 2031 3092 2079 aversantur,
3121 2030 3184 2068 ac
3209 2014 3439 2068 verbera

1855 2131 2084 2185 corpore
2112 2114 2393 2169 mallemus
2419 2113 2860 2181 exciperequam
2889 2124 2982 2162 ore
3011 2107 3437 2163 nutrimentum.

1852 2207 2004 2274 Quod
2038 2207 2082 2262 si
2117 2207 2280 2260 etiam
2314 2206 2395 2260 vis
2429 2206 2480 2260 in
2517 2204 2676 2259 nobis
2707 2213 2971 2273 appetens
3002 2209 3057 2255 et
3089 2201 3373 2255 attrahens
3407 2214 3439 2253 a

1853 2300 2039 2355 nativo
2081 2308 2223 2354 statu
2269 2298 2570 2361 deﬂexerit,
2620 2295 2969 2351 monentibus
3015 2293 3263 2359 medicis,
3314 2291 3446 2362 horg

1851 2393 2091 2446 tantibus
2122 2391 2346 2454 amicis,
2381 2389 2624 2458 cognatis
2653 2389 2831 2443 omnia
2865 2387 3223 2450 facientibus,
3257 2394 3442 2438 tamen

1850 2497 1948 2536 nee
1977 2497 2066 2536 ars
2093 2481 2368 2536 sull‘ecerit
2395 2481 2534 2545 ulla,
2569 2493 2668 2534 nec
2699 2488 2916 2543 metus,
2948 2486 3008 2531 ut
3033 2491 3178 2547 aegro
3210 2489 3442 2546 persua-

192 2577 284 2632 deri
323 2577 530 2648 possit,
568 2577 964 2632 monitionibus
1006 2576 1223 2630 illorum
1247 2612 1263 2638 ,
1298 2575 1390 2644 qui
1429 2589 1616 2629 curam
1655 2574 1772 2643 ejus
1801 2585 2027 2644 gerant,
2063 2574 2363 2628 cedendum
2408 2587 2553 2628 esse.
2590 2572 2706 2626 imo
2750 2570 2962 2626 tametsi
3009 2568 3166 2623 nobis
3206 2566 3444 2623 morien-

189 2674 297 2727 dum
332 2678 581 2731 norimus
615 2675 720 2729 nisi
757 2675 940 2728 cibum
979 2659 1376 2742 sumpserimus
1397 2713 1412 2738 ,
1453 2681 1632 2725 tamen
1672 2685 1740 2725 eo
1769 2671 2054 2740 repudiato
2087 2669 2267 2739 potius
2299 2680 2527 2724 mortem
2556 2665 2883 2736 oppetimus.

247 2763 406 2820 Ὅταν
435 2767 620 2820 τοίνυν
665 2764 839 2827 οὕτως
879 2765 980 2835 ἔχῃ
1019 2763 1087 2817 τὰ
1115 2765 1226 2816 τῶν
1273 2763 1512 2832 λογικῶν
1559 2762 1744 2830 πράγ-

190 2875 338 2927 ματα,
364 2859 391 2911 ό
417 2858 598 2929 ἰχθὺς,
629 2861 725 2912 καὶ
762 2860 823 2912 τὸ
849 2857 1072 2928 πτηνὸν,
1120 2857 1214 2911 καὶ
1241 2859 1268 2910 ό
1317 2857 1484 2917 ἵππος
1533 2854 1648 2918 πῶς
1678 2854 1744 2909 ἄν

184 2964 231 3000 τι
253 2949 469 3020 δέδρακε
506 2949 785 3021 μοχθηρδν
821 2950 854 3020 ἢ
887 2949 1147 3019 ἐργῶδες,
1185 2947 1260 3018 μὴ
1299 2947 1398 3017 τῆς
1439 2946 1633 3017 ἡδονῆς
1665 2947 1746 3009 είς

162 3039 325 3108 ⁵τοῦτο
372 3029 802 3113 παρακαλούσης
829 3059 843 3107 ;
871 3041 1082 3095 ’Ἒσθίει
1118 3040 1229 3112 γὰρ
1266 3039 1328 3093 τὸ
1382 3040 1580 3107 ἄλογον
1620 3037 1744 3107 οὐχὶ

184 3132 266 3186 τοῦ
314 3132 411 3205 ζῇν
463 3135 633 3189 ἕνεκα
685 3134 914 3205 (πόθενς
953 3133 1151 3188 πολλοῦ
1206 3149 1270 3202 γε
1309 3133 1402 3185 καὶ
1453 3132 1577 3200 δεῖ),
1623 3130 1742 3184 ἀλλ’

183 3227 358 3299 ὅτιπερ
385 3229 730 3301 τρεφόμενον
759 3229 970 3298 ἥδεται,
1007 3229 1106 3299 ἡδὺ
1165 3225 1448 3290 ποιοῦντος
1483 3225 1580 3279 τοῦ
1624 3226 1742 3278 λαι-

1924 2760 2060 2815 Cum
2090 2761 2255 2829 igitur
2281 2760 2488 2814 ratione
2511 2759 2868 2828 praeditorum
2898 2769 2987 2809 res
3016 2755 3086 2808 ita
3116 2763 3445 2822 comparatae

1853 2852 1982 2914 sint,
2006 2865 2240 2920 quonam
2265 2857 2420 2919 pacto
2448 2848 2640 2918 piscis,
2665 2855 2719 2900 et
2745 2845 2880 2907 avis,
2910 2855 2964 2898 et
2988 2858 3186 2913 equus,
3209 2843 3444 2897 laborio-

1852 2960 1971 2999 sum
2006 2943 2088 2998 vel
2117 2957 2406 3012 operosum
2440 2941 2641 3010 aliquid
2676 2939 2902 3001 fecerit,
2943 2952 3049 2990 non
3084 2934 3346 2990 incitante
3376 2935 3444 2990 ad

1854 3037 1956 3092 boe
1987 3035 2290 3100 voluptate?
2315 3032 2566 3090 Comedit
2603 3034 2772 3095 enim,
2803 3030 2947 3100 quod
2985 3029 3213 3084 rationis
3245 3043 3443 3098 expers

1851 3139 1967 3192 est,
2001 3144 2105 3184 nou
2138 3137 2198 3183 ut
2228 3128 2374 3183 vivat
2401 3127 2710 3192 (undeuam
2743 3125 2932 3180 istuc?
2965 3123 3192 3178 minime
3223 3122 3443 3190 quidem

1849 3217 2068 3288 certe),
2102 3217 2196 3272 sed
2239 3217 2363 3284 quia
2405 3218 2471 3270 de
2511 3215 2844 3269 nutrimento
2881 3212 3224 3279 voluptatem
3267 3210 3447 3279 perci-

187 3318 278 3388 μοῦ
306 3292 513 3391 φυσίκῆ
542 3292 650 3372 τινι
676 3292 919 3373 διαθέσει
949 3292 1010 3372 τὸ
1029 3292 1125 3373 ’δι’
1151 3317 1318 3372 αὐτοῦ
1354 3317 1492 3384 πρὸς
1520 3318 1621 3388 τὴν
1647 3333 1749 3384 γα·-

1855 3309 1952 3378 pit,
1970 3308 2098 3362 dum
2118 3308 2240 3376 gula
2261 3307 2490 3361 naturali
2513 3305 2748 3376 quadam
2768 3304 3058 3358 aii'ectione
3079 3316 3245 3358 suave
3267 3304 3445 3359 reddit

186 3414 334 3484 στέρα
361 3413 892 3484 καταπεμπόμενοι).
931 3411 1358 3480 Ἐπισυμὸαίνει
1387 3411 1445 3465 δὲ
1474 3409 1657 3464 αὐτῶν
1688 3409 1749 3462 τὸ

183 3505 271 3576 ζῇν
294 3509 398 3562 άπὸ
446 3508 551 3578 τῆς
599 3507 833 3578 τροφῆς.
872 3507 981 3561 Καὶ
1003 3507 1096 3558 τὸν
1123 3507 1239 3559 ἴσον
1283 3505 1444 3558 πάλιν
1488 3506 1748 3575 μίγνυται

183 3601 384 3668 τρόπον.
429 3603 507 3656 Ού
537 3602 648 3672 γᾶρ
692 3600 779 3653 ῐνα
835 3599 911 3670 μὴ
945 3601 1007 3652 τὸ
1039 3599 1197 3666 γένος
1231 3597 1480 3669 ὲκλείψῃ,
1526 3597 1643 3650 ἀλλ’
1674 3596 1750 3659 ὡς

185 3696 507 3767 κηλούμενον
540 3697 648 3750 ὑπὸ
681 3697 782 3766 τῆς
811 3695 1033 3767 ἡδονῆς,
1065 3693 1290 3750 ἐπειδὰν
1324 3694 1602 3763 ἡγήσηται
1651 3693 1750 3760 μὲν

182 3788 362 3856 ἔνδεια,
387 3791 448 3844 ού
481 3790 665 3861 φθάσῃ
697 3790 753 3843 δὲ
783 3790 1098 3861 πλησμονή.
1135 3789 1296 3843 Ὥστε
1323 3787 1538 3854 ἔξεστιν
1571 3787 1751 3838 εἰπεῖν

181 3875 433 3953 εἶναιτὴν
465 3883 565 3952 τῆς
611 3882 810 3953 ἡδονῆς
842 3881 1104 3936 σύστασιν
1141 3883 1200 3934 ὲν
1226 3881 1306 3951 τῷ
1353 3881 1507 3950 μέσῳ
1541 3878 1751 3941 ἐνδείας

181 3975 268 4027 καὶ
294 3973 620 4046 πλησμονῆς
649 3975 829 4046 χρόνῳ
871 3975 964 4028 ἐπὶ
992 3974 1194 4036 παντὸς
1243 3972 1446 4042 ἑφεξῆς
1482 3971 1750 4040 πράγμα-

180 4080 282 4127 τος.
311 4067 424 4121 Καὶ
460 4067 572 4136 μὴν
606 4067 668 4120 ού
710 4069 872 4136 μόνον
900 4065 990 4120 διὰ
1020 4065 1121 4134 τὴν
1151 4066 1292 4134 ἐμὴν
1321 4064 1517 4135 ἡδονὴν
1539 4059 1600 4116 εὖ
1636 4061 1752 4132 ἔχει

182 4153 237 4206 τὸ
266 4155 422 4222 γένος
450 4157 611 4226 ἡμῖν,
638 4155 779 4210 ἀλλὰ
813 4156 909 4209 καὶ
935 4155 1024 4208 διὰ
1053 4154 1150 4224 τὴν
1184 4155 1609 4224 ἐνυπάρχουσαν
1639 4153 1754 4215 τοῖς

179 4245 403 4315 ἀλόγοις.
449 4248 608 4302 Ἐπεὶ
652 4248 762 4317 γὰρ
790 4247 967 4302 ταῦτα
1014 4245 1081 4300 δι’
1120 4247 1269 4316 ἡμᾶς
1304 4247 1522 4314 γέγονε,
1573 4244 1662 4300 διὰ
1695 4241 1752 4298 δὲ

180 4339 270 4409 τὴν
297 4341 494 4410 ἡδονὴν
537 4341 678 4395 αὐτὰ
724 4339 1082 4404 διασώζεται,
1131 4338 1381 4407 φαίνεται
1417 4337 1607 4405 σαφῶς
1659 4337 1754 4392 καὶ

184 4429 340 4498 ἡτῶν
372 4431 591 4499 ἀλόγων
632 4432 713 4493 είς
749 4429 957 4498 ἀγαθον
993 4427 1342 4496 ἐκσεόηκυῖα
1385 4427 1462 4496 τῷ
1491 4428 1753 4498 ἡμετέρῳ

1851 3401 1904 3456 id
1935 3402 2076 3470 quod
2107 3414 2204 3470 per
2233 3414 2352 3453 eam
2386 3399 2438 3452 in
2476 3397 2654 3450 alvum
2688 3397 3016 3451 demittitur.
3049 3395 3223 3449 Simul
3255 3410 3318 3450 ex
3353 3410 3446 3450 eo-

1851 3495 1972 3549 dem
1997 3493 2100 3548 boc
2121 3492 2458 3546 nutrimento
2482 3490 2530 3544 id
2555 3505 2771 3560 quoque
2793 3489 3174 3558 consequitur,
3199 3499 3255 3543 ut
3272 3489 3443 3543 vivat.

1852 3585 2129 3641 Consimili
2166 3585 2326 3640 modo
2355 3595 2410 3638 et
2443 3583 2652 3638 Venere
2687 3583 2882 3636 utitur.
2915 3579 3034 3636 Non
3067 3580 3215 3634 enim
3249 3580 3350 3634 boc
3382 3595 3448 3634 eo

1853 3678 1981 3734 facit
2011 3692 2076 3732 ne
2101 3692 2272 3746 genus
2297 3677 2472 3746 ipsum
2503 3675 2740 3740 deliciat,
2767 3674 2862 3729 sed
2893 3675 3021 3743 quia
3047 3673 3324 3742 voluptate
3349 3672 3448 3728 de-

1853 3771 2141 3834 mulcetur,
2189 3769 2404 3840 quoties
2452 3768 2633 3837 inopia
2682 3767 2903 3836 quidem
2957 3766 3326 3836 przecessetit,
3377 3764 3446 3820 ad

1853 3867 2162 3918 satietatem
2198 3875 2328 3915 vero
2370 3859 2601 3914 necdum
2645 3868 2968 3934 perventum
3019 3856 3204 3911 fuerit.
3241 3857 3447 3924 Quam-

1854 3955 2041 4012 obrem
2071 3954 2252 4008 dicere
2281 3953 2440 4018 licet,
2470 3953 2523 4005 in
2557 3950 2812 4006 oumibus
2837 3949 3060 4003 omnino
3092 3949 3285 4014 rebus,
3317 3964 3447 4003 con-

1855 4048 2048 4102 sistere
2070 4045 2396 4112 voluptatem
2425 4044 2475 4098 iu
2502 4057 2568 4097 eo
2595 4051 2839 4111 tempore
2863 4039 3005 4109 quod
3033 4039 3179 4093 inter
3202 4039 3444 4108 inopiam

1856 4147 1910 4193 et
1942 4136 2247 4192 satietatem
2278 4134 2427 4188 velut
2457 4132 2844 4187 intermedium
2877 4138 2979 4185 est.
3016 4129 3201 4199 Neque
3232 4137 3443 4183 tantum

1855 4229 2146 4298 voluptatis
2187 4235 2391 4281 nostra:
2433 4239 2598 4281 causa
2653 4231 2798 4277 recte
2841 4221 3099 4277 allectum
3143 4230 3228 4276 est
3274 4233 3447 4289 genus

1855 4322 2153 4378 humanum
2174 4358 2191 4385 ,
2219 4333 2405 4373 verum
2437 4317 2602 4372 etiam
2635 4314 2783 4370 illius
2810 4329 2976 4368 causa
3004 4313 3298 4381 voluptatis
3326 4326 3447 4381 qua:

1855 4415 2034 4471 brutis
2075 4411 2446 4470 animantibus
2487 4410 2646 4464 inest.
2677 4408 2954 4476 Quoniam
2997 4408 3141 4461 enim
3183 4406 3272 4460 illa
3315 4419 3447 4475 pro-

185 4517 294 4590 βίῳ.
327 4521 410 4573 Τὰ
438 4497 549 4591 γάρ
580 4519 784 4584 ἔξωθεν
800 4497 946 4590 ίήμϊν
972 4516 1348 4589 συνεργοῦντα
1380 4497 1593 4570 ἐκεῖθεν
1626 4497 1748 4588 βέλ-

1858 4517 1978 4576 pter
2008 4519 2110 4559 nos
2143 4503 2280 4558 facta
2315 4509 2474 4565 sunt,
2506 4509 2564 4555 et
2599 4507 2820 4568 propter
2849 4497 3184 4568 voluptatem
3218 4511 3450 4552 conser-

182 4627 326 4664 τιστα
382 4613 521 4682 ἔχει.
572 4613 669 4676 Τίς
715 4611 784 4672 ἂν
841 4611 990 4664 εῐποι
1026 4611 1126 4674 τὰς
1167 4611 1298 4679 παρ’
1350 4609 1575 4663 ἐκείνων
1620 4611 1753 4680 ἡμῖν

184 4704 409 4772 τροφάς,
451 4706 550 4768 τὰς
590 4704 922 4775 περιδολάςς
952 4704 1102 4758 τᾶλλ’
1133 4703 1215 4757 ὅσ’
1243 4704 1468 4771 άμὲσως
1518 4704 1754 4765 ἐκείνοις

186 4797 458 4866 χρώμεθα,
493 4797 842 4868 στελλόμενοι
874 4815 933 4850 τε
975 4797 1196 4866 μακρὰς
1233 4795 1410 4858 ὀδοὺς,
1442 4795 1539 4847 καὶ
1577 4797 1754 4864 ἐμπο-

189 4887 483 4958 ρευόμενοι,
520 4887 908 4957 πολεμοῦντες,
937 4890 1030 4942 καὶ
1063 4887 1412 4957 θηρεύοντες,
1442 4887 1536 4940 καὶ
1575 4903 1756 4955 γεωρο

187 4979 396 5043 γοῦντες
425 4999 440 5046 ;
494 4982 589 5034 καὶ
622 4981 690 5034 τὰ
719 4983 783 5034 ἐκ
815 4981 918 5051 τῆς
958 4980 1231 5048 γεωργίας
1272 4979 1651 5047 συλλέγοντες,
1684 4979 1756 5032 τά

187 5086 239 5121 τε
269 5072 426 5138 ἄλλα,
458 5075 551 5126 καὶ
584 5068 660 5127 ῶν
693 5073 861 5145 χωρὶς
891 5074 991 5126 οὐκ
1020 5073 1138 5126 ἔστι
1173 5072 1357 5135 καλῶς
1399 5074 1546 5143 ἡμᾶς
1577 5073 1754 5143 πράτ-

188 5180 326 5232 rem;
357 5167 537 5230 οἰκίας
588 5167 754 5234 λέγω,
809 5165 971 5232 νεὼς,
1029 5166 1281 5235 λιμένας.
1322 5165 1508 5228 πόλεις
1555 5165 1750 5228 αὐτάς.

187 5251 342 5307 Ὥστε
371 5255 553 5320 καλῶς
585 5257 721 5327 ἡμῖν
751 5257 971 5328 εἴρηται
999 5258 1098 5311 καὶ
1142 5259 1204 5309 τὸ
1239 5257 1367 5327 περὶ
1411 5257 1512 5324 τῆς
1557 5256 1755 5326 ἡδονῆς

120 5400 122 5402 τ
189 5343 279 5412 τῆς
309 5349 368 5399 ἐν
404 5351 517 5412 τοῖς
551 5349 793 5416 ἀλόγοις.
845 5348 1068 5418 Ἐπειδὴ
1099 5351 1208 5416 γὰρ
1237 5348 1337 5417 τὴν
1366 5347 1618 5416 αὐτάρκη
1661 5347 1757 5399 καὶ

187 5436 469 5507 ἀπέριττον
497 5439 644 5510 ζωὴν
673 5439 1064 5510 ἀπωλέσαμεν,
1103 5441 1198 5494 καὶ
1221 5440 1312 5494 διὰ
1353 5439 1514 5492 τοῦτο
1540 5438 1755 5491 πολλῶν

187 5527 442 5599 δεόμεθα,
476 5533 682 5610 τούτων
711 5533 768 5586 δὲ
799 5534 860 5587 τὺ
911 5534 1164 5586 πλεῖστον
1196 5533 1365 5604 μέρος
1397 5533 1666 5602 ὑπηρετεῖ
1694 5549 1756 5586 τε

190 5619 280 5671 καὶ
321 5619 536 5676 δίδωσιν
593 5626 730 5694 ⁴ἡμῖν
788 5625 920 5696 παρ’
962 5625 1174 5678 ἑαυτῶν
1217 5625 1288 5678 τὰ
1341 5622 1478 5689 ζῶα,
1515 5623 1653 5676 αὐτὰ
1699 5623 1756 5676 δὲ

188 5713 355 5766 ταῦτα
402 5715 469 5782 τῇ
498 5715 655 5784 ἡδονῇ
695 5714 1044 5781 διασώζεται,
1081 5716 1279 5784 κομιδῇ
1319 5713 1487 5782 σαφὲς
1523 5715 1754 5781 γίνεται,

192 5800 260 5864 ὥς
286 5805 379 5858 καὶ
409 5806 480 5874 τῇ
501 5805 704 5860 τούτων
736 5805 898 5877 ἡδονῇ
926 5807 953 5860 ὁ
992 5806 1104 5877 βίος
1131 5809 1266 5877 ἡμῖν
1315 5807 1635 5861 συνῐσταται
1665 5807 1758 5859 καὶ

1855 4613 2083 4665 vantur,
2115 4607 2340 4668 apparet
2375 4593 2688 4658 manifesto,
2726 4593 3008 4646 brutorum
3041 4601 3262 4659 quoque
3293 4586 3448 4639 volu-

1856 4703 2060 4765 ptatcm
2083 4694 2204 4747 vitae
2227 4701 2430 4746 nostrae
2453 4689 2600 4744 bono
2621 4702 2764 4742 esse.
2789 4685 2924 4739 Nam
2949 4699 3073 4755 quae
3099 4683 3448 4737 extrinsecus

1857 4788 2009 4844 nobis
2036 4801 2190 4856 opem
2219 4784 2401 4838 ferunt
2426 4791 2479 4835 et
2506 4779 2850 4841 conducunt,
2877 4792 2941 4831 ex
2975 4776 3252 4842 voluptate
3279 4787 3445 4842 quam

1857 4879 2064 4949 optime
2094 4884 2222 4932 sunt
2252 4873 2468 4929 affecta.
2502 4870 2636 4938 Quis
2667 4870 2946 4940 explicare
2975 4866 3210 4922 dicendo
3243 4864 3440 4934 possit.

1856 4985 1978 5042 quae
2004 4969 2072 5025 ab
2099 4968 2203 5023 illis
2229 4967 2506 5029 alimenta,
2535 4979 2670 5034 quos
2698 4963 2930 5017 amictus
2961 4961 3284 5020 habeamus,
3312 4956 3447 5009 alia-

1857 5081 1966 5136 que
2009 5063 2062 5118 in
2105 5062 2306 5132 quibus
2339 5060 2420 5115 eis
2457 5057 2773 5112 immediate
2809 5055 3037 5114 utimur,
3077 5052 3203 5104 dum
3249 5049 3444 5102 itinera

1858 5159 2019 5227 longa
2058 5155 2319 5220 iacimus,
2355 5161 2410 5206 et
2448 5159 2786 5204 mercaturas
2822 5158 3178 5202 exercemus.
3216 5151 3270 5193 et
3303 5139 3443 5192 bella

1857 5250 2098 5321 gerimus
2121 5288 2136 5311 ,
2165 5255 2220 5302 et
2249 5259 2534 5306 venamur,
2568 5250 2621 5294 et
2655 5253 2817 5306 agros
2848 5235 3078 5288 colimus
3103 5271 3118 5294 ,
3149 5241 3204 5285 ct
3233 5229 3446 5284 fructus

1857 5341 2206 5414 agricultura:
2234 5337 2561 5405 colligimus,
2589 5346 2713 5386 cum
2745 5329 2977 5392 caeteris,
3015 5325 3220 5395 absque
3250 5321 3446 5390 quibus

1857 5435 1997 5488 bene
2035 5432 2193 5487 nobis
2226 5447 2348 5487 esse
2384 5431 2602 5500 nequit,
2639 5431 2830 5483 domos
2863 5427 3016 5488 dico,
3052 5423 3287 5491 templa,
3324 5435 3449 5490 pon-

1859 5534 1965 5588 tus,
2000 5525 2113 5593 ipsa
2145 5522 2376 5591 oppida?
2405 5519 2771 5587 Quamobrem
2807 5519 2912 5572 boc
2943 5531 3160 5588 quoque
3190 5514 3258 5570 de
3289 5514 3445 5569 volu-

1859 5625 2004 5684 ptate
2023 5629 2140 5685 qua:
2159 5612 2331 5669 brutis
2347 5613 2510 5676 inest,
2530 5618 2676 5666 recte
2692 5624 2720 5662 a
2736 5610 2894 5665 nobis
2910 5618 2995 5664 est
3013 5608 3444 5678 pronuntiatum.

1861 5709 1994 5763 Nam
2025 5708 2152 5778 quia
2181 5707 2344 5762 vitam
2377 5705 2523 5760 illam
2555 5703 2772 5774 copiose
2803 5703 2907 5759 sibi
2942 5702 3046 5774 ipsi
3079 5699 3444 5775 suillcientcm

1860 5810 1911 5858 ct
1937 5800 2239 5873 simplicem
2265 5799 2572 5866 amisimus,
2602 5797 2830 5868 ideoque
2857 5796 3105 5869 pluribus
3131 5792 3446 5866 indigemus
