3850 6200
401 315 507 376 4'0

1589 266 1988 370 auximus
2019 306 2461 370 mmemor

3541 305 3645 368 48)

403 442 627 497 quorum
659 427 947 479 maximam
976 433 1180 493 partem
1206 440 1272 478 ex
1304 438 1421 478 sese
1448 424 1606 477 nobis
1627 426 1973 493 suppeditant

2084 427 2404 494 κοσμεῖται·
2456 417 2523 497 ἧς
2572 421 2952 492 ἀναιρεθείσης
3007 419 3282 487 καθάπαξ,
3342 422 3649 489 ἀναιρεῖται

404 520 679 579 animalia,
713 533 832 585 qua:
862 518 976 585 ipsa
1005 532 1224 586 quoque
1257 517 1531 585 voluptate
1556 528 1971 584 conservantur,

405 624 538 663 sane
567 623 729 676 quam
760 609 1104 677 perspicuum
1134 608 1387 669 edicitur,
1417 609 1579 662 etiam
1612 608 1849 677 ipsorum
1882 624 1976 663 vo-

405 700 608 765 luptate
654 697 825 751 vitam
869 706 1112 751 nostram
1160 698 1467 771 conservari
1517 706 1680 766 atque
1724 697 1909 752 ornari
1957 715 1971 751 :

403 803 505 857 qua
539 803 763 856 prorsus
794 787 1024 851 abolita,
1059 788 1191 842 nihil
1225 787 1445 842 dubium
1477 796 1592 854 est,
1621 787 1824 843 aboleri
1855 803 1976 858 quae

404 880 564 933 bruta
612 889 760 943 sunt,
804 895 1017 948 unaque
1058 880 1179 933 eum
1228 880 1307 934 eis
1348 879 1553 935 aboleri
1602 894 1721 950 quze
1766 880 1976 935 ratione

406 973 751 1040 prmtlitorum
785 972 907 1025 vitae
936 982 1064 1026 sunt
1094 970 1423 1034 necessaria,
1457 986 1555 1025 nec
1582 971 1730 1027 aliud
1759 978 1978 1040 superat

408 1061 510 1114 nisi
548 1070 605 1114 ut
638 1075 998 1114 :eruinnosam
1032 1061 1405 1129 lubricamque
1434 1061 1597 1116 vitam
1630 1076 1877 1129 agamus.
1910 1058 1978 1114 Et

408 1152 535 1220 quid
578 1168 678 1219 ego
717 1153 877 1207 dico?
910 1152 1194 1207 Brutorum
1230 1153 1451 1209 omnino
1487 1154 1611 1211 vitae
1644 1155 1753 1208 vita
1788 1162 1975 1209 nostra

410 1246 601 1299 similis
624 1256 797 1311 esset,
826 1246 871 1299 si
897 1259 959 1299 ea
988 1246 1051 1299 de
1077 1246 1253 1300 medio
1279 1246 1493 1300 sublata
1523 1245 1735 1313 forent;
1762 1245 1905 1312 imo,
1932 1245 1975 1301 si

410 1339 592 1391 dicere
629 1338 810 1403 liceat,
850 1339 1019 1391 multo
1057 1338 1308 1393 miserius
1342 1350 1503 1407 quam
1543 1338 1658 1409 ipsa
1695 1338 1813 1393 sine
1846 1337 1979 1408 ipsis

409 1432 748 1494 viveremus;
782 1445 901 1483 nam
932 1430 1173 1497 ipsorum
1204 1430 1341 1484 bene
1368 1431 1549 1485 vivere
1576 1429 1807 1486 nibilest
1832 1430 1978 1486 aliud

406 1538 569 1590 quam
612 1523 681 1573 ita
719 1522 897 1575 vivere
932 1521 1089 1576 sicuti
1132 1537 1275 1575 nunc
1310 1522 1511 1576 vivunt.
1545 1520 1614 1577 At
1648 1522 1753 1574 vita
1796 1530 1978 1575 nostra

407 1612 548 1664 male
588 1612 776 1666 atlecta
816 1611 957 1665 foret
997 1612 1039 1666 si
1077 1612 1293 1667 vivendi
1332 1612 1469 1667 ratio
1509 1595 1690 1666 nostra
1731 1610 1980 1665 belluina:

408 1706 784 1773 rcSpondcret,
826 1705 1054 1760 sublatis
1096 1721 1125 1760 e
1165 1706 1340 1761 medio
1382 1706 1590 1760 scilicet
1629 1706 1693 1759 iis
1728 1718 1847 1773 qua:
1886 1720 1980 1757 no-

408 1807 517 1849 stra
574 1811 740 1851 causa
792 1796 935 1851 facta
985 1806 1130 1851 sunt.
1184 1797 1296 1853 Nec
1348 1797 1398 1852 id
1453 1799 1742 1852 tacendum
1788 1814 1802 1850 :
1851 1809 1976 1848 cum

408 1887 604 1955 duplex
629 1888 709 1959 sit_
733 1889 1003 1957 voluptas,
1024 1889 1093 1942 ab
1125 1899 1353 1956 utraque
1386 1889 1728 1943 commodum
1761 1888 1976 1956 aliquod

408 1980 692 2046 percipere
722 1979 864 2033 licet.
890 1978 1024 2032 Nam
1050 1988 1105 2033 et
1134 1980 1223 2033 illa
1259 1980 1509 2049 voluptas
1545 1974 1764 2050 (loquor
1793 1989 1974 2033 autem

407 2069 474 2122 de
502 2070 789 2124 inhonesta
814 2078 868 2124 et
890 2071 1226 2140 turpissima,
1253 2087 1373 2141 qua:
1399 2087 1428 2128 a
1456 2073 1607 2127 bonis
1634 2071 1772 2126 male
1800 2072 1975 2135 audit,

409 2162 568 2228 quasi
601 2171 764 2230 caput
795 2162 1067 2231 quoddam
1094 2162 1396 2232 vitiorum),
1429 2164 1473 2218 si
1505 2163 1723 2233 quidem
1755 2178 1854 2218 nos
1882 2178 1974 2216 ve—

409 2251 594 2317 limus,
633 2253 857 2307 delicias
889 2253 1044 2308 nobis
1074 2262 1309 2309 aeternas
1333 2264 1384 2309 et
1412 2255 1627 2312 sobrias
1660 2268 1778 2309 cum
1804 2254 1974 2324 gloria

407 2344 807 2399 conciliaverit.
848 2346 964 2413 Quo
1006 2344 1064 2398 fit
1111 2355 1168 2398 ut
1216 2346 1268 2399 in
1314 2355 1602 2414 utramque
1639 2356 1846 2412 partem
1885 2361 1978 2400 vo-

407 2434 585 2501 luptas
624 2436 690 2491 iis
733 2438 821 2505 qui
852 2437 1040 2492 volunt
1074 2437 1443 2493 emolumento
1473 2440 1565 2494 sit.
1599 2437 1655 2493 Si
1689 2439 1828 2495 bona
1869 2446 1975 2503 est,

406 2526 511 2581 boe
537 2527 654 2597 ipso
680 2529 933 2598 prodest;
957 2530 1039 2584 sin
1068 2530 1227 2595 mala,
1253 2539 1307 2585 et
1333 2531 1654 2595 insidiatriv,
1680 2531 1824 2600 quod
1850 2545 1972 2585 cum

410 2617 533 2671 talis
564 2618 656 2684 sit,
689 2616 825 2672 nihil
848 2621 1159 2688 perfecerit.
1188 2620 1325 2676 Nam
1361 2622 1405 2676 si
1437 2623 1648 2676 hastam
1685 2621 1735 2674 in
1766 2636 1864 2676 nos
1886 2622 1975 2675 illa

408 2711 761 2773 contorserit,
796 2725 916 2777 qua:
941 2726 1041 2766 nos
1070 2722 1335 2789 accurate.
1356 2723 1610 2784 recteque
1640 2714 1876 2769 munitos
1900 2724 1975 2768 at-

408 2801 651 2856 tentione
686 2803 1086 2875 tolerantiaque
1127 2807 1485 2862 conveniente
1540 2808 1797 2877 reperiat,
1834 2821 1975 2875 pne-

409 2900 655 2965 terquam
686 2897 828 2965 quod
857 2897 991 2951 nihil
1018 2897 1125 2952 ullo
1162 2900 1323 2955 modo
1358 2900 1626 2964 nocuerit,
1669 2902 1831 2955 etiam
1862 2917 1977 2955 ma-

406 2984 555 3053 xime
580 2986 848 3058 profuerit
879 2990 946 3043 iis
978 2991 1177 3058 quibus
1206 2990 1431 3047 insidias
1466 2994 1733 3049 struebat.
1763 2995 1976 3063 Quippe

408 3094 532 3131 cum
574 3080 832 3136 emissum
864 3082 933 3136 ab
977 3097 1039 3137 ea
1077 3084 1239 3138 telum
1275 3086 1327 3138 in
1368 3084 1714 3140 soliditatem'
1738 3088 1980 3142 thoracis
2008 3061 2053 3122 θ

408 3186 464 3224 et
500 3175 660 3239 scuti,
694 3190 927 3243 quorum
968 3177 1168 3232 artifex
1201 3178 1374 3234 virtus
1405 3188 1509 3243 est,
1542 3180 1835 3248 impactum
1864 3182 1970 3236 fue-

408 3263 504 3328 rit,
534 3264 849 3333 impetuque
879 3281 977 3321 suo
1012 3266 1272 3322 reflexum
1304 3270 1370 3322 ad
1398 3284 1517 3323 eam
1552 3284 1671 3338 quae
1701 3272 1978 3337 emiserat,

410 3353 609 3407 vulnus
652 3357 766 3423 ipsa
812 3356 1030 3426 quidem
1092 3359 1292 3427 accipit
1334 3358 1481 3413 letali
1528 3362 1773 3425 verbere,
1826 3366 1981 3419 nobis

408 3457 587 3501 autem
622 3448 785 3503 invita
826 3450 1153 3520 suppeditat,
1188 3460 1246 3506 ut
1277 3463 1653 3527 marcescente
1700 3471 1978 3524 nunquam

407 3556 611 3595 corona
659 3544 933 3609 exornati,
973 3544 1183 3599 deliciis
1237 3544 1443 3599 nullum
1496 3545 1657 3599 ﬁnem
1716 3545 1982 3600 habituris

412 3637 681 3711 fruantur.
721 3634 784 3689 Et
815 3635 1011 3691 merito
1044 3636 1093 3691 id
1130 3636 1369 3703 quidem.
1406 3635 1541 3692 Nam
1573 3638 1618 3693 si
1654 3651 1819 3693 cornu
1852 3652 1981 3692 con-

410 3740 491 3781 tra
518 3742 616 3783 nos
649 3729 898 3797 voluptas
928 3728 1142 3794 extulit,
1172 3737 1225 3783 et
1253 3726 1531 3784 stimulum
1570 3729 1758 3783 mortis
1780 3730 1983 3798 acqui-

406 3822 559 3886 sivit,
610 3830 831 3889 propter
882 3820 1227 3890 gulositatem
1278 3829 1545 3886 nostram,
1598 3836 1762 3889 quam
1792 3836 1856 3876 ex
1892 3821 1980 3875 illa

411 3914 584 3983 prima
608 3916 1028 3983 intemperantia
1053 3916 1197 3979 velut
1221 3916 1539 3970 hereditate
1568 3916 1847 3970 consecuti
1875 3931 1984 3970 su-

407 4023 552 4065 mus.
589 4008 841 4076 sequitur
872 4024 966 4065 eos
994 4008 1084 4076 qui
1115 4023 1210 4075 per
1246 4007 1641 4063 continentiam
1680 4019 1851 4063 semet
1878 4010 1983 4064 im-

408 4116 602 4155 tnuncs
633 4103 699 4154 ab
732 4101 1027 4155 insatiabili
1063 4101 1290 4156 libidine
1318 4101 1741 4164 declaraverint,
1784 4104 1991 4171 merito,

404 4194 754 4249 roro’nandos
776 4194 994 4262 vitaque
1016 4194 1277 4248 fruituros
1297 4192 1591 4248 immortali
1618 4208 1740 4246 cum
1770 4193 1983 4249 deliciis

413 4289 505 4342 tali
538 4290 663 4343 vita:
714 4288 1160 4357 congruentibus.
1206 4286 1314 4341 Nec
1349 4286 1445 4341 abs
1476 4302 1533 4340 re
1583 4286 1724 4341 Deus
1759 4287 1861 4341 hoc
1897 4285 1981 4340 fa-

2080 519 2179 588 μὲν
2214 516 2401 585 σαφῶς
2430 515 2492 568 τὸ
2521 514 2627 568 τῶν
2678 514 2890 581 ἀλόγων
2938 513 3117 579 γένος,
3156 514 3566 581 συναναιρεῖται
3598 512 3656 565 δὲ

2079 611 2266 673 αὐτοῖς
2298 610 2366 663 τὰ
2413 608 2553 679 πρὸς
2583 606 2674 660 τὸν
2724 606 2939 673 λογικὸν
2977 606 3092 675 βίον
3140 608 3274 675 ἡμῖν
3324 606 3610 673 ιπιτήδεια
3640 622 3656 636 ’

2077 704 2174 759 καὶ
2211 702 2471 765 ὂλοιπὸν,
2527 680 3003 769 έπίμοχθὸνττινα
3052 698 3169 767 βίον
3239 698 3332 750 καὶ
3384 697 3663 763 σφαλερὸν

2079 794 2228 847 ’ἐλκει
2262 792 2324 845 τδ
2354 791 2508 859 γένος
2532 792 2690 860 ἡμῖν.
2726 789 2920 844 Καίτοι
2954 789 3027 841 τί.
3050 787 3229 854 Myro;
3261 786 3353 856 Τῷ
3384 787 3493 839 τῶν
3527 785 3666 838 ἀλόσ

2079 904 2191 954 γων
2226 888 2487 955 ἄντικρυς
2522 884 2623 954 βίῳ
2658 884 2687 937 ὁ
2713 881 2839 939 καθ’
2866 883 3012 950 ἡμᾶς
3053 880 3122 933 ἂν
3155 878 3341 949 ἐῴκει,
3372 877 3558 931 αὐτῶν
3598 879 3667 929 εκ

2082 979 2253 1048 μέσου
2307 974 2722 1045 γεγενημένωνσ
2752 974 2846 1027 ὲάν
2888 972 2945 1026 δὲ
3004 973 3096 1041 ἐξῇ
3134 988 3226 1038 μοι
3262 970 3360 1023 καὶ
3387 968 3536 1021 τοῦτ’
3586 967 3669 1018 εί-

2083 1071 2227 1133 πεῖν,
2258 1067 2439 1137 πολλῷ
2477 1066 2749 1121 κάκείνων
2774 1065 3139 1131 ἐλεεινότερον
3182 1064 3249 1117 ἀν
3276 1062 3492 1129 ἐζῶμεν
3523 1059 3666 1112 ἄνευ

2080 1160 2309 1214 ἐκείνων
2332 1176 2347 1192 '
2376 1160 2458 1213 ὅτι
2507 1160 2570 1211 τὺ
2602 1159 2703 1226 μὲν
2736 1158 2961 1211 ἐκείνων
2993 1154 3054 1208 εὖ
3091 1154 3191 1225 ζῇν
3238 1153 3382 1206 τοῦτ’
3424 1152 3568 1213 ἔστι,
3599 1152 3671 1204 τδ

2082 1251 2183 1321 ζῇν
2210 1252 2286 1317 ὡς
2318 1251 2412 1304 νῦν
2436 1267 2449 1282 ·
2482 1251 2614 1320 ἡμῖν
2642 1249 2698 1302 δὲ
2730 1250 2797 1303 ἂν
2836 1244 2952 1317 εἶχε
2986 1233 3174 1307 κακῶς
3203 1248 3229 1299 ὁ
3276 1246 3411 1308 βίος,
3441 1242 3668 1311 θηρίοις

2082 1341 2288 1395 ἐοικόσι
2315 1343 2379 1409 τῇ
2414 1340 2662 1409 πολιτείᾳ
2701 1356 2762 1392 τε
2796 1339 2891 1393 καὶ
2915 1340 2983 1407 τῇ
3023 1337 3293 1406 διαγωγῇ,
3333 1334 3517 1404 ἆτεβὴ
3545 1333 3671 1384 τῶν

2082 1432 2148 1488 δι’
2181 1434 2331 1501 ἡμᾶς
2354 1431 2742 1499 γεγενημένων
2762 1430 3172 1499 ἠφανισμένων.
3213 1426 3377 1479 ’Δλλὰ
3401 1426 3509 1494 μὴν
3535 1424 3669 1476 οὐδὲ

2084 1526 2262 1578 ἐκεῖνο
2290 1524 2501 1591 σιωπῆς
2534 1522 2683 1583 ἄξιον
2712 1539 2727 1554 ’
2755 1520 2949 1589 διπλῆς
2976 1522 3083 1586 γὰρ
3111 1518 3278 1588 οὔσης
3307 1518 3406 1586 τῆς
3436 1516 3667 1584 ἡδονῆς,

2086 1615 2327 1669 ἐστικαὶ
2378 1616 2506 1684 παρ’
2537 1614 2806 1682 ἑκατέρας
2851 1612 3223 1680 ὠφεληθῆναι.
3257 1612 3361 1663 Καὶ
3418 1609 3526 1678 γὰρ
3565 1610 3672 1661 καί

2085 1707 2223 1775 αὕτη
2253 1709 2286 1777 ἡ
2316 1708 2479 1777 ἡδονὴ
2509 1707 2677 1778 (λέγω
2698 1706 2756 1758 δὲ
2796 1706 2891 1759 νῦν
2924 1706 3021 1776 τὴν
3054 1707 3312 1775 ἄσεμνον,
3352 1705 3447 1772 τὴν
3482 1701 3673 1770 αἰσχί-

2089 1817 2243 1867 στην,
2278 1800 2311 1868 ἢ
2342 1800 2496 1869 παρὰ.
2542 1797 2651 1851 τῶν
2707 1799 3089 1868 χρηστοτέρων
3124 1796 3309 1857 κακῶς
3340 1794 3558 1858 ἀκούει,
3587 1794 3670 1856 ὡς

2085 1894 2112 1949 ὅ
2144 1902 2193 1945 τι
2216 1909 2322 1961 περ
2348 1891 2643 1959 κεφάλαιόν
2671 1894 2788 1943 ἐστι
2816 1891 2924 1943 τῶν
2952 1889 3183 1958 κακῶν),
3216 1888 3330 1957 εἴγε
3361 1890 3523 1959 ἡμεῖς
3542 1889 3673 1957 βου.

2084 1984 2337 2054 λοίμεθα,
2370 1981 2571 2052 γένοιτ’
2604 1982 2669 2035 ἂν
2701 1984 2834 2053 ἡμῖν
2863 1980 3127 2053 πρόξενος
3159 1979 3396 2034 αἰωνίων
3424 1982 3520 2035 καὶ
3550 1998 3673 2032 σω-

2087 2079 2301 2149 φρόνων
2335 2077 2474 2147 μετὰ
2521 2076 2680 2145 δόξης
2717 2074 3095 2131 ἀπολαύσεων.
3135 2074 3298 2126 Ὠστε
3354 2073 3481 2125 καθ’
3531 2074 3677 2126 ἐκάη

2085 2187 2242 2240 τερον
2285 2170 2451 2240 μέρος
2483 2171 2515 2239 ἡ
2546 2168 2708 2238 ἡδονὴ
2732 2166 3006 2223 λυσιτελεῖ
3032 2168 3149 2229 τοῖς
3193 2164 3565 2235 βουλομένοις.
3605 2165 3675 2217 El.

2090 2266 2191 2333 μὲν
2226 2257 2404 2332 ἀγαθή
2441 2265 2610 2325 ἐστιν,
2644 2261 2794 2331 αὐτῷ
2826 2277 2891 2329 γε
2933 2259 3111 2329 τούτῳ
3136 2274 3151 2288 ⁸
3184 2259 3231 2311 εί
3278 2258 3333 2311 δὲ
3382 2259 3529 2327 κακὴ
3566 2258 3675 2311 καὶ

2086 2357 2393 2421 ἐπίϐουλος,
2429 2356 2513 2409 ὅτι
2567 2350 2699 2409 οὗσά
2747 2371 2811 2422 γε
2853 2352 3100 2421 τοιαύτη,
3142 2351 3297 2405 οὐδὲν
3340 2352 3563 2421 ἤνυσεν.
3603 2350 3675 2402 Εἰ

2087 2448 2194 2516 γὰρ
2231 2448 2416 2512 ὲκείνη
2462 2444 2583 2499 καθ’
2611 2446 2768 2514 ἡμῶν
2808 2444 3086 2497 ἀκοντίσει
3132 2442 3192 2495 τὸ
3230 2441 3379 2511 δόρυ,
3416 2440 3571 2509 εὖροι
3608 2440 3673 2493 δὲ

2086 2540 2236 2609 ἡμᾶς
2266 2537 2326 2591 τὸ
2351 2538 2480 2607 δόρυ
2507 2536 2752 2608 ἀκριῦὦς
2793 2551 2855 2588 τε
2892 2533 2986 2588 καὶ
3023 2532 3207 2596 καλῶς
3234 2532 3677 2602 πεφραγμένους

2086 2633 2331 2702 προσοχῇ
2369 2631 2464 2682 καὶ
2491 2628 2764 2699 καρτερίᾳ
2801 2628 2866 2697 τῇ
2901 2626 3224 2695 γιγνομένῃ,
3269 2623 3405 2694 πρὸς
3437 2623 3519 2693 τῷ
3555 2642 3679 2694 μη-

2086 2724 2274 2792 δαμῶς
2322 2722 2487 2792 μηδὲν
2516 2720 2896 2790 παραὸλὰψαι,
2927 2720 2961 2790 ή
3013 2717 3069 2770 δὲ
3114 2716 3211 2770 καὶ
3254 2714 3463 2785 ὤνησεν
3505 2714 3564 2779 ἐς
3594 2716 3676 2768 τᾶ

2091 2815 2346 2886 μάλιστα,
2381 2809 2461 2877 οἷς
2494 2831 2555 2882 γε
2590 2812 2970 2864 ἐπεϐούλευεν.
3002 2808 3175 2863 Ὅταν
3210 2808 3318 2877 γὰρ
3361 2804 3422 2857 τὸ
3451 2806 3680 2874 ταύτης

2085 2908 2251 2963 ὅπλον
2286 2906 2484 2975 ἀφεθὲν
2535 2903 2901 2976 ἀντικρουσθῇ
2936 2900 3263 2971 στερρότητι
3296 2916 3355 2952 τε
3407 2896 3684 2965 Θώρακος

2087 2990 2180 3057 καὶ
2212 3001 2455 3063 ἀσπίδος,
2476 2993 2560 3052 ⁴ὣν
2592 3000 2708 3050 ἐστι
2735 2988 2989 3066 τεχνίτης
3012 2996 3045 3062 ἡ
3078 2994 3270 3064 ἀρετὴ.
3301 2993 3393 3046 καὶ
3428 2995 3494 3061 τῇ
3535 2993 3685 3046 ἑαυ-

2084 3095 2178 3149 τοῦ
2207 3096 2350 3165 φορᾷ
2378 3090 2782 3162 ἀντεπιστρέψῃ
2807 3090 2940 3157 πρὶς
2972 3088 3070 3156 τὴν
3094 3085 3482 3155 ἐκπέμψασαν,
3512 3086 3680 3138 ἐκεί-

2085 3207 2184 3258 νην
2217 3188 2314 3255 μὲν
2339 3184 2634 3255 ἐργάζεται
2664 3182 3015 3249 τραυματῖαν
3048 3178 3232 3251 πληγῇ
3262 3177 3454 3249 καιρίᾳ
3477 3215 3493 3241 ,
3533 3179 3691 3248 ἡμῖν

2083 3283 2139 3336 δὲ
2163 3282 2371 3335 ἄκουσα
2403 3281 2653 3349 χορηγεῖ,
2684 3277 2882 3346 ἀγήρῳ
2914 3274 3167 3343 στεφάνῳ
3196 3271 3688 3342 κεκοσμημένοις,

2083 3377 2277 3444 ἀγήρω
2302 3375 2513 3442 τρυφῆς
2542 3368 2863 3425 ἀπολαύειν.
2896 3367 3156 3429 Εἰκότως.
3188 3367 3249 3420 Εἰ
3270 3367 3378 3435 γὰρ
3409 3366 3468 3416 τὸ
3494 3365 3693 3433 κέρας

2084 3466 2373 3535 έσχηκενή
2410 3465 2577 3533 ἡδονὴ
2610 3460 2733 3516 καθ’
2760 3458 2941 3529 ἡμῶν,
2975 3458 3071 3511 καὶ
3092 3457 3326 3512 θανάτου
3355 3458 3697 3525 προσεκτήο

2088 3572 2220 3609 σατο
2255 3554 2504 3625 κέντρον,
2536 3551 2626 3605 διὰ
2656 3551 2716 3603 τὸ
2750 3550 3005 3619 λιχνῶδες
3028 3548 3091 3601 τὸ
3127 3547 3255 3615 παρ’
3284 3548 3433 3614 ἡμῖν,
3463 3548 3530 3598 ἐκ
3574 3549 3693 3615 τῆς

2085 3648 2325 3717 ἀρχῆθεν
2362 3646 2634 3715 ἀκρασίας
2676 3641 3177 3713 κληροδοχούμενον
3202 3657 3214 3669 ·
3249 3639 3297 3691 oi
3340 3638 3408 3690 δι’
3457 3639 3689 3708 ἐγκραο

2084 3743 2236 3802 τείας
2299 3737 2579 3805 ἐλεύθεροι
2632 3735 2731 3803 τῆς
2796 3731 3105 3800 ἀπληστίας
3159 3729 3533 3797 ἀναφανέντες
3598 3730 3693 3781 δι-

2086 3833 2260 3896 καίως
2297 3829 2763 3896 στεφανώσονται,
2795 3826 2889 3877 καὶ
2924 3825 3072 3892 ζωῆς
3107 3822 3429 3893 μεθέξουσιν
3461 3823 3691 3875 ἀθανά-

2085 3945 2200 3989 τνυ,
2241 3924 2336 3977 καὶ
2386 3923 2600 3991 τρυφῆς
2632 3920 2734 3971 οὐκ
2791 3916 3110 3987 ἀπᾳδούσης
3138 3918 3203 3984 τῇ
3262 3915 3396 3984 ζωῇ.
3448 3913 3686 3977 Δίκαιος

2087 4017 2152 4070 ἂν
2188 4014 2273 4079 εἴη
2298 4012 2429 4074 Θεὸς
2453 4012 2613 4063 τοῦτο
2644 4007 2869 4078 πρᾶξαι.
2906 4008 2964 4059 Ei
2993 4006 3102 4074 γὰρ
3134 4004 3293 4069 δίκην
3326 4020 3387 4070 γε
3411 4002 3689 4068 είστράτι

2086 4127 2169 4162 τει
2216 4110 2341 4167 τοὺς
2398 4104 2639 4174 ἀκρασία
2678 4100 3051 4171 συζήσαντας,
3113 4096 3293 4164 πολλῷ
3342 4112 3404 4159 γε
3465 4093 3692 4163 μᾶλλον

2087 4202 2237 4271 αὐτῷ
2264 4201 2534 4269 προσήκει
2583 4198 2707 4258 τοὺς
2764 4192 3127 4262 γιγνομένους
3181 4188 3412 4257 μισθοὺς
3459 4185 3688 4241 διδόναι

2089 4299 2199 4357 τοῖς
2232 4294 2479 4361 ἀγαθοῖς,
2513 4288 2679 4342 εἰδόσι
2710 4287 2888 4357 μέτρα
2923 4284 3099 4337 θεῖναι
3146 4284 3267 4343 ταῖς
3299 4279 3544 4350 χρείαις,
3577 4278 3689 4331 καὶ

411 4385 517 4436 ciet
547 4399 561 4434 :
602 4398 720 4434 nam
752 4382 796 4436 si
832 4396 1027 4450 pinnas
1055 4380 1123 4435 ab
1173 4381 1239 4435 iis
1270 4381 1439 4451 exigit
1485 4380 1575 4447 qui
1610 4380 1866 4435 vixerunt
1898 4382 1980 4435 in-

2092 4386 2295 4448 παντὸς
2324 4384 2419 4436 τοῦ
2450 4384 2591 4452 ὑπὲρ
2638 4378 2840 4441 ταύτας
2884 4375 3275 4459 ἀποπηδῶσιν
3309 4371 3385 4434 ὡς
3422 4370 3534 4422 οἶδε
3572 4370 3688 4423 οὐκ

417 4486 804 4543 temperanter,
850 4479 1018 4528 multo
1055 4474 1228 4543 magis
1256 4473 1305 4527 ei
1337 4472 1615 4537 convenit,
1640 4472 1791 4543 justa
1826 4472 1984 4527 bonis

406 4569 637 4638 prmmia
663 4567 813 4632 dare,
837 4567 929 4636 qui
956 4567 1372 4623 necessitatibus
1398 4564 1618 4621 modum
1645 4566 1985 4622 consumere

413 4670 636 4724 norunt,
664 4670 717 4713 ct
744 4675 773 4712 a
805 4675 863 4713 re
909 4659 1101 4728 quavis
1156 4658 1253 4712 bas
1280 4665 1571 4726 superante
1600 4666 1773 4711 semet
1810 4657 1980 4711 absti-

414 4764 567 4819 nent,
596 4769 717 4807 cum
747 4752 972 4807 delicias
997 4752 1047 4806 lii
1081 4751 1258 4806 nullas
1292 4750 1648 4815 admirentur,
1680 4748 1822 4803 baud
1852 4746 1984 4804 alie-

414 4849 486 4901 cti
521 4862 648 4909 erga
674 4845 888 4920 quidvis
922 4845 1231 4912 promiscue
1253 4844 1396 4913 quod
1426 4842 1564 4895 ultra
1591 4841 1980 4897 necessitatem

415 4939 539 4991 Imui
583 4938 818 5007 speciem
858 4936 1042 4991 liabet.
1082 4936 1327 5005 Denique
1376 4935 1672 4991 secundum
1702 4935 1983 5003 expositas

416 5038 679 5084 hactenus
708 5031 971 5094 rationes,
1003 5031 1317 5085 existimare
1348 5030 1620 5093 convenit,
1654 5030 1979 5098 voluptatem

418 5121 505 5173 bis
564 5121 758 5174 bonam
795 5135 936 5184 esse,
975 5120 1081 5175 illis
1112 5136 1141 5172 e
1171 5120 1443 5175 contrario
1479 5120 1697 5174 malam.
1723 5117 1855 5173 Nam
1888 5116 1983 5187 qui

418 5216 560 5266 malo
604 5213 853 5268 feruntur
898 5214 1124 5283 impetu,
1162 5216 1376 5268 navium
1419 5215 1471 5267 in
1509 5227 1735 5277 morem,
1778 5212 1982 5266 instru-

421 5319 606 5363 mento
630 5325 728 5381 suo
748 5310 1075 5371 carentium,
1105 5318 1381 5377 utcunque
1412 5305 1689 5360 libidinem
1720 5302 1991 5373 appetitus
2016 5330 2017 5333 η

420 5404 607 5459 alllare
639 5406 949 5473 contigerit,
984 5404 1048 5456 iis
1108 5401 1251 5455 haud
1282 5399 1445 5454 dubie
1476 5396 1840 5452 formidabilis
1894 5394 1992 5449 bo-

420 5496 521 5547 stis
548 5505 655 5559 cst,
684 5505 734 5547 et
763 5496 935 5551 audax
966 5494 1169 5561 pariter
1196 5503 1359 5561 atque
1389 5488 1673 5555 subdolus,
1692 5496 1746 5543 et
1769 5484 1995 5541 infinitis

424 5587 633 5639 artibus
684 5602 780 5639 eos
840 5598 1055 5640 tentaus
1109 5586 1430 5653 quibuscum
1477 5582 1669 5651 pedem
1724 5578 1989 5641 conserit,

417 5676 668 5744 miniique
716 5678 1038 5742 simpliciter
1070 5676 1281 5729 illorum
1315 5674 1555 5729 omnium
1586 5670 1815 5724 formam
1854 5666 1988 5721 reti-

418 5783 582 5833 nens,
639 5782 972 5835 qna‘aunqnc
1004 5765 1355 5821 simulactum
1394 5761 1519 5818 illud
1554 5760 1839 5831 voluptatis
1871 5758 1990 5813 illu-

2093 4482 2393 4549 ἐπτόηνται
2421 4479 2550 4547 περὶ
2582 4477 2681 4545 τὴν
2702 4474 2942 4544 τρυφὴν,
2987 4469 3394 4539 διακεχυμένως
3426 4466 3687 4533 ἔχοντες,

2092 4577 2227 4643 πρὸς
2258 4576 2284 4627 ὅ
2314 4592 2367 4626 τι
2412 4573 2478 4626 ἄν
2509 4588 2610 4624 που
2646 4573 2756 4621 τῶν
2790 4567 2927 4636 ὑπὲρ
2978 4565 3079 4633 τὴν
3107 4562 3296 4633 χρείιν
3346 4557 3532 4614 καὶῶν
3574 4576 3694 4625 φα-

2092 4672 2233 4735 νείη.
2272 4666 2432 4721 Κατὰ
2462 4666 2515 4718 δὲ
2542 4664 2669 4727 τοὺς
2710 4663 2809 4732 ἥδη
2853 4659 3120 4731 ῥηθέντας
3163 4656 3354 4723 λόγους
3399 4653 3693 4720 προσήκει

2092 4764 2338 4831 νομίζειν
2365 4760 2465 4828 τῆν
2494 4756 2687 4826 ἡδονὴν
2734 4756 2842 4814 τοῖς
2887 4754 2986 4821 μὲν
3027 4747 3237 4819 ἀγαθὴν
3270 4741 3429 4809 εἶναι,
3459 4746 3579 4804 τοῖς
3624 4744 3692 4796 δὲ

2094 4855 2426 4909 τούναντίον.
2478 4852 2603 4913 Τοῖς
2652 4849 2751 4917 μὲν
2804 4846 2912 4918 γὰρ
2949 4844 3137 4906 κακῶς
3169 4840 3493 4911 φερομένοις
3529 4838 3695 4888 κατά

2092 4952 2160 5005 τὰ
2209 4948 2586 5017 ἀνερμάτιστα
2624 4944 2805 5005 πλοῖα,
2838 4941 2913 5001 ὡς
2967 4939 3033 4992 ἄν
3066 4952 3196 4988 ποτε
3241 4933 3379 5001 τύχῃ
3431 4928 3697 4982 πνεῦσαι

2091 5043 2190 5113 τὴν
2219 5042 2428 5107 ἔφεσιν,
2483 5039 2733 5105 ἄντικρις
2789 5031 3045 5099 πολέμιός
3092 5030 3205 5080 ἐστι
3244 5022 3499 5094 φοϐερὸς,
3540 5021 3702 5091 θρα-

2096 5137 2190 5198 σύς
2226 5152 2283 5187 τε
2312 5134 2427 5202 ἅμα
2451 5131 2544 5184 καὶ
2578 5127 2806 5196 ὕφαλος,
2842 5124 3066 5194 μυρίαις
3089 5137 3148 5173 τε
3181 5118 3529 5186 πειρσῖιμενος
3566 5131 3702 5183 μη-

2094 5229 2286 5298 χαναῖς
2316 5223 2395 5289 οἷς
2429 5222 2831 5293 συμπλέκεται,
2865 5218 2959 5271 καὶ
2981 5213 3163 5274 ἁπλῶς
3191 5211 3416 5264 ἐκείνων
3446 5204 3706 5258 πάντων

2096 5295 2377 5379 διασώζων
2419 5314 2513 5366 τὸν
2540 5312 2734 5373 τύπον,
2780 5310 2989 5376 ὅσαπερ
3039 5307 3074 5376 ἠ
3113 5301 3313 5367 ταύτης
3361 5295 3531 5349 εἰκὼν
3568 5295 3707 5349 ὑπὸ

2097 5408 2208 5462 τῶν
2239 5405 2571 5477 γραψάντων
2599 5402 2768 5471 αὐτὴν
2791 5403 2925 5471 ὴμῐν
2959 5397 3182 5462 ἔδειξεν.
3223 5390 3315 5454 Ἐξ
3344 5384 3417 5443 ὧν
3448 5387 3515 5456 δὴ
3545 5386 3710 5438 πάνθ
3754 5404 3769 5417 ·

2095 5517 2205 5554 των
2244 5500 2567 5564 συνάγεται,
2602 5495 2677 5557 ὡς
2729 5493 2787 5545 τὸ
2834 5490 3059 5557 νικῆσαι
3108 5482 3373 5555 πρόδηλον
3418 5479 3533 5549 ἔχει
3574 5478 3707 5547 τῆς

2097 5593 2308 5653 εἰκόνος
2357 5590 2738 5659 πρωτότυπος,
2789 5584 2905 5639 ἀνθ’
2935 5577 3010 5637 ὧν
3060 5597 3123 5647 γε
3175 5578 3311 5647 πρὸς
3372 5572 3712 5628 ἀντίπαλον

2100 5685 2395 5738 ἀποδύεται
2436 5679 2855 5749 εὐεπιχείρητον
2887 5676 2981 5729 καὶ
3001 5672 3208 5741 νωθρὸν
3234 5686 3245 5697 ·
3271 5669 3383 5727 τοῖς
3413 5666 3469 5719 δὲ
3512 5664 3715 5732 λόγον

2103 5777 2450 5846 ποιουμένοις
2482 5772 2576 5842 τῆς
2605 5771 2677 5835 ὡς
2701 5767 2918 5839 ἀληθῶς
2954 5764 3119 5834 ζωῆς,
3168 5761 3262 5815 καὶ
3298 5759 3465 5830 μόνης
3506 5773 3680 5826 προσ
