3920 6200
277 251 371 317 435

1686 235 1978 312 ORATIO
2010 252 2105 315 Vl.

3390 263 3496 328 486

269 369 429 441 ὀργῶν
481 367 573 420 και
613 365 968 438 φλεγμαῖνον.
1019 366 1131 421 Καὶ
1166 365 1349 428 ἁπλῶς
1399 365 1454 418 δὲ
1490 367 1658 420 πᾶσιν
1683 339 1819 434 ’ἑξῆς

1925 367 2163 423 haeserit.
2227 367 2621 440 Imponendum
2669 381 2850 428 autem
2899 371 3104 429 vulneri
3166 377 3498 431 conveniens

269 464 390 516 οὕτω
414 478 474 530 γε
506 459 802 531 βοηθητέον
836 462 955 522 ταῖς
986 459 1226 529 γνησίοις
1262 458 1559 529 βοηθείαις,
1594 460 1688 512 καὶ
1715 461 1816 514 οῦκ

269 553 581 624 ἀπᾳδοὺσαις
627 552 720 605 τοῦ
757 552 1052 623 χρῄζοντος
1097 553 1196 622 τῆς
1243 551 1376 622 παρ’
1403 553 1558 623 ἡμῶν
1592 569 1816 621 συρμα-
1846 601 1852 606 .

266 647 390 715 χίας.
423 643 634 706 ’Ἄλλως
667 644 773 714 γὰρ
824 643 889 698 ἂν
933 646 1019 713 εἴη
1071 643 1207 714 μηδᾶ
1260 645 1532 715 ἐγχειρεῖν
1567 645 1813 714 ἄμεινον’

267 736 446 806 βλάψαι
476 736 588 806 γὰρ
633 736 720 800 ἂν,
766 737 869 789 οὐκ
919 737 1113 807 ὀνῆσαι
1140 737 1269 799 τοὺς
1317 735 1408 804 ὑφ’
1443 736 1600 806 ἡμῶν
1632 752 1694 802 γε
1726 735 1819 804 δῆο

265 828 342 880 θεν
383 827 803 897 βοηθουμένους.
838 828 913 882 Οὐ
964 827 1203 898 χαλεπὸν
1247 828 1304 882 δὲ
1339 825 1493 897 οἶμαι
1519 821 1724 894 λεὺρεῖν
1755 831 1817 881 τὸ

264 918 580 987 κατάλληλον
622 917 783 970 τοῦτο
829 917 1144 987 φάρμακον.
1191 918 1436 989 Χορηγεί
1467 918 1574 989 γὰρ
1604 917 1816 970 οἴκοθεν

264 1009 425 1080 ait“;
460 1009 554 1063 τοῦ
601 1012 858 1080 Σωτῆρος
897 1010 1308 1082 φιλανθρωπία,
1343 1013 1376 1080 ἠ
1417 1010 1558 1080 μόνη
1593 1009 1815 1062 πάντων

265 1100 427 1170 ἰατρὸς
482 1100 589 1151 τῶν
631 1116 705 1168 ,γε
747 1099 1010 1155 τοιούτων
1065 1099 1560 1172 ἀρρωστημάτων·
1623 1093 1693 1171 ἧς
1741 1096 1814 1150 τὰ

263 1195 623 1263 ἁμαρτήματα
651 1195 760 1247 τῶν
803 1193 1110 1264 ἀνθρώπων
1142 1194 1396 1248 τοσοῦτον
1422 1194 1642 1246 ἔλαττον
1673 1192 1810 1261 ἔχει,

260 1287 365 1338 ὅταν
406 1285 520 1338 οὐδ’
562 1287 711 1339 ἐστιν
762 1284 1158 1355 ἐνθυμηθῆναι.
1195 1284 1350 1338 Ὥστ’
1395 1283 1503 1337 ἀπὸ
1544 1282 1813 1354 βαλϐῖδος,

265 1378 392 1442 φασὶ,
427 1377 488 1430 τὸ
526 1375 857 1447 ζητούμενον
891 1377 1026 1445 ἡμῖν
1061 1374 1312 1446 εὓρηται.

1925 459 2383 514 medicamentum
2434 473 2584 530 puto,
2621 462 2895 533 siquidem
2947 465 2997 518 id
3041 465 3236 520 sedare
3267 467 3498 520 velimus

1924 563 1988 601 ac
2026 563 2241 613 sanare,
2281 565 2388 604 non
2439 567 2534 620 per
2571 569 2631 609 se
2685 567 2902 611 tumens
2948 564 3004 610 et
3034 547 3274 612 mstnan’s
3326 558 3498 626 magis

1923 639 2086 693 etiam
2108 641 2401 696 contrariis
2418 646 2771 702 exacerbare.
2798 646 3131 717 Simpliciter
3159 658 3340 703 autem
3367 628 3507 703 cun-i

1924 731 2028 786 ctis
2055 731 2159 787 hoc
2187 735 2349 789 modo
2380 740 2808 794 succurrendum
2844 741 3046 795 nativis
3079 743 3356 803 remediis,
3382 751 3434 794 et
3464 757 3493 794 a

1924 827 2124 895 quibus
2169 828 2258 884 ille
2288 844 2395 884 non
2427 829 2740 898 abhorreat,
2785 835 2990 908 auxilio
3019 836 3111 903 qui
3141 847 3326 890 nostro
3353 837 3495 891 indi-

1922 930 2031 992 get.
2067 920 2204 976 Nam
2256 925 2548 993 caeteroqui
2591 927 2928 993 praestiterit,
2970 928 3108 982 nihil
3143 942 3243 983 nos
3270 929 3492 981 omnino

1923 1012 2122 1080 moliri,
2142 1015 2341 1083 quippe
2371 1017 2782 1082 detrimentum,
2806 1034 2908 1073 non
2939 1020 3362 1075 emolumentum
3397 1035 3493 1074 ac-

1921 1100 2185 1169 ciperent.
2215 1104 2416 1169 quibus
2447 1101 2705 1159 adhibere
2736 1107 3038 1162 remedium
3077 1110 3355 1164 vellemus.
3383 1109 3493 1164 Nec

1921 1191 2148 1246 inventu
2207 1193 2422 1249 diﬂicile
2476 1197 2807 1252 conveniens
2855 1199 2982 1254 illud
3038 1200 3488 1255 medicamentum

1920 1281 2179 1338 arbitror.
2211 1285 2423 1342 Etenim
2459 1285 2510 1340 id
2552 1301 2616 1341 ex
2648 1303 2769 1344 sese
2803 1291 3114 1359 suppeditat
3157 1292 3273 1360 ipsa
3307 1291 3494 1344 Salva-

1919 1373 2052 1428 toris
2085 1389 2212 1445 erga
2247 1391 2348 1430 nos
2379 1378 2693 1445 clementia,
2740 1396 2859 1450 quae
2893 1384 3010 1438 sola
3044 1386 3256 1439 cunctis
3302 1384 3494 1454 hujus-

266 1473 381 1525 tnudi
414 1471 624 1527 morbis
653 1472 919 1535 medetur,
953 1479 1006 1524 et
1031 1486 1136 1540 qua
1171 1479 1323 1524 tanto
1359 1478 1484 1523 sunt
1513 1467 1772 1522 inferiora
1801 1467 2118 1522 mortalium
2142 1469 2358 1537 delicta,
2397 1483 2658 1541 quantum
2690 1489 2757 1529 ne
2785 1475 3079 1544 cogitando
3109 1476 3327 1545 quidem
3357 1490 3491 1531 con-

263 1567 347 1637 tipi
389 1575 590 1634 potest.
641 1563 982 1635 Quapropter
1037 1566 1106 1619 ab
1161 1564 1277 1634 ipso
1331 1563 1541 1627 limine,
1605 1561 1749 1630 quod
1813 1562 1986 1628 aiunt,
2011 1563 2291 1619 inventum
2321 1566 2477 1622 nobis
2503 1568 3172 1638 estquodqnaerebamus.

327 1661 467 1715 Ἀλλ’
502 1661 532 1714 6
579 1660 728 1714 δεῖνά
773 1675 861 1728 γε,
908 1659 1096 1728 φησιν,
1138 1657 1308 1728 ὕψους
1365 1657 1808 1731 ἀπερῥὰγη,καὶ

1986 1658 2054 1712 At
2084 1660 2229 1712 enim
2258 1659 2368 1723 ille,
2406 1661 2553 1716 dicet
2581 1661 2805 1730 aliquis,
2849 1663 3071 1718 avulsus
3113 1671 3194 1717 est
3228 1663 3294 1717 de
3317 1661 3493 1718 subli-

259 1755 572 1826 κατηνέχθη,
601 1755 698 1809 καὶ
743 1754 935 1824 γέγονέ
965 1770 1018 1806 τι
1055 1752 1256 1824 πτῶμα
1294 1753 1466 1806 δεινὸν
1497 1753 1669 1806 ἅπασι
1698 1756 1813 1816 τοῖς

1925 1751 2010 1816 mi,
2077 1752 2442 1822 deorsumque
2491 1755 2713 1824 lapsus,
2766 1770 2830 1810 ac
2887 1756 3058 1810 ruinae
3118 1742 3489 1824 spectaculum

257 1848 432 1902 τοῦτον
478 1849 668 1920 ὁρῶσι.
707 1847 818 1901 Καὶ
865 1846 918 1901 τί
960 1848 1118 1900 ταυτῖ⁵
1170 1845 1308 1917 πρδς
1353 1846 1416 1900 τὸ
1465 1846 1811 1912 ἀπογνῶναις

259 1941 583 2010 Βονληθῆναι
627 1941 708 1994 δεῖ
757 1939 939 2010 μόνον,
968 1940 1066 1993 καὶ
1114 1939 1250 2009 πρὸς
1306 1937 1384 2008 τῷ
1445 1937 1816 2008 ἀπονίψασθαι

253 2035 315 2086 τὰ
356 2033 502 2086 κακὰ
555 2033 650 2086 καὶ
697 2031 918 2101 πτηνῶν
963 2031 1027 2084 ἂν
1052 2030 1241 2099 τάχιον
1268 2031 1355 2083 ἐπ’
1383 2031 1556 2101 αὐτὴν
1576 2030 1674 2098 τὴν
1707 2029 1814 2083 τῶν

253 2127 421 2180 καλῶν
455 2125 668 2178 ἀνέλθοι
705 2125 972 2194 κορυφήν.
1005 2123 1164 2191 Λέγω
1213 2123 1269 2176 δὲ
1299 2121 1556 2192 βούλησιν
1589 2123 1684 2175 νῦν
1717 2121 1816 2192 τὴν

250 2219 330 2272 διὰ
370 2220 481 2274 ¹τῶν
530 2218 710 2287 ἔργων
754 2215 1210 2287 μαρτυρουμένην
1232 2232 1246 2246 ·
1279 2215 1339 2268 οὐ
1369 2216 1477 2284 γὰρ
1506 2215 1676 2276 ἔστιν,
1715 2213 1816 2266 οὐκ

250 2312 386 2366 ἔστιν
426 2312 503 2374 ῶς
536 2310 776 2380 ἀληθῶς,
812 2309 1172 2380 θελήσαντας,
1201 2309 1496 2378 ἀποτυχεῖν
1544 2306 1639 2360 τοῦ
1690 2323 1816 2360 σκο-

249 2405 364 2461 ποῦ,
405 2405 505 2457 ἐκ
557 2402 668 2472 γὰρ
720 2403 818 2455 τοῦ
869 2403 943 2472 μὴ
998 2400 1286 2466 βούλεσθαι
1331 2400 1548 2470 ἰαθῆναι
1599 2400 1667 2453 τὰ
1715 2397 1816 2468 τῆς

248 2495 414 2564 ψυχῆς
473 2493 784 2563 παθήματα
836 2493 1118 2563 ἐπιμένειν
1176 2492 1370 2546 εἴωθεν
1424 2494 1597 2562 ἡμῖν’
1638 2490 1712 2552 ὡς
1748 2491 1816 2545 ἂν

249 2586 588 2655 ἁντιστῶμεν
614 2586 899 2654 γενναίως,
937 2585 1060 2638 οὐδὲ
1087 2585 1186 2656 τὴν
1231 2584 1406 2656 ἀρχὴν
1452 2582 1812 2653 εἰσκωμάζει.

249 2678 317 2730 Τό
347 2696 402 2731 τε
435 2680 548 2746 γὰρ
575 2677 878 2745 γεγονέναι,
908 2675 969 2728 τό
995 2693 1052 2741 τε
1087 2676 1556 2746 διαμεμενηκέναι
1586 2676 1813 2739 κακοὺς,

248 2771 332 2824 καὶ
389 2768 460 2823 αὖ
513 2769 576 2822 τὸ
626 2768 863 2836 ἀγαθοὺς
908 2762 1070 2830 εἶναι,
1122 2769 1216 2821 καὶ
1266 2767 1572 2838 διαρκέσαι,
1601 2767 1816 2820 οἴκοθεν

249 2863 426 2930 σαφῶς
461 2863 578 2926 τοῖς
604 2860 933 2932 ἀνθρώποις.
963 2860 1039 2914 Οὐ
1068 2861 1176 2931 γὰρ
1204 2846 1351 2926 ἔστι,
1372 2859 1573 2924 καλοὺς
1603 2857 1816 2912 ἐθέλον-

245 2971 335 3016 τας
387 2951 556 3019 εἶναι,
613 2954 722 3006 τινὶ
771 2953 882 3006 τῶν
958 2953 1196 3024 θύραθεν
1255 2951 1549 3021 βιασθῆναι
1611 2951 1816 3014 κακοὺς

243 3044 496 3110 γενέσθαι.
527 3061 542 3075 ⁶
591 3045 714 3098 οὐδὲ
762 3045 998 3114 φαύλους
1042 3045 1336 3112 γεγονότας
1395 3044 1487 3097 διὰ
1545 3043 1814 3114 κακίστην

245 3106 586 3206 προαίρεσιν,
607 3135 724 3192 εἶτα
748 3106 832 3209 ειη
854 3106 1240 3208 διορθωθῆτναι,
1263 3106 1423 3192 τοῦτο
1458 3106 1812 3208 θελήσαντας.
1841 3106 1887 3169 C

246 3231 350 3284 Καὶ
389 3231 441 3283 εἰ
475 3229 636 3283 τοῦτό
667 3247 729 3298 γε
765 3229 986 3300 ἀληθὲς,
1020 3229 1251 3300 εὕρηται
1285 3230 1344 3283 τδ
1373 3229 1688 3299 φάρμακον,
1723 3229 1819 3282 καὶ

246 3324 277 3391 ἡ
311 3325 407 3388 τῆς
458 3321 830 3390 ἀπογνώσεως
865 3322 1189 3394 ὑπεχώρησε
1236 3321 1414 3383 νόσος.
1443 3321 1572 3387 Ναὶ,
1607 3322 1774 3390 φησίν
1800 3334 1816 3352 ⁶

247 3415 354 3465 ἀλλ’
378 3407 539 3476 οὗτᾶς
569 3431 633 3482 γε
669 3417 697 3468 6
729 3406 972 3484 σχέτλιος
994 3414 1343 3484 τραυματίας
1375 3415 1564 3482 γέγονε
1597 3415 1818 3467 πάντων

250 3506 370 3576 ἑξῆς
422 3508 539 3559 τῶν
587 3491 816 3560 παθῶν·
856 3508 953 3560 καὶ
1003 3507 1269 3568 πολλάκις
1329 3505 1522 3567 ἰαθεὶς,
1555 3504 1820 3567 πολλάκις

249 3601 410 3653 πάλιν
440 3602 730 3670 τέτρωται.
769 3601 878 3652 Καὶ
904 3600 1022 3662 πῶς
1055 3598 1122 3652 ἂν
1154 3599 1267 3669 ἔχοι
1297 3597 1658 3668 διορθωθῆναι
1684 3615 1698 3661 ;
1728 3597 1819 3668 Μὴ

251 3691 582 3763 ἀπογνῶμεν
628 3693 718 3746 τον
763 3691 1074 3760 ἄνθρωπον.
1130 3693 1230 3744 ’Ἂν
1271 3689 1380 3759 γὰρ
1424 3692 1456 3759 ή
1507 3690 1700 3759 καιρία
1746 3692 1820 3759 μὴ

248 3786 652 3856 παραγένηται,
681 3784 778 3854 τὴν
821 3785 1133 3851 ἀπόγνωσιν
1186 3783 1351 3850 λέγω,
1390 3782 1607 3852 ἰάσιμόν
1654 3798 1716 3851 γε
1763 3781 1822 3834 τὺ

253 3876 426 3939 πὲθος
464 3878 578 3949 τοῖς
605 3874 952 3945 βουλομένοις
984 3873 1080 3943 τὴν
1115 3874 1357 3943 ἰατρείαν
1390 3873 1640 3941 ἀσμένως
1667 3869 1823 3936 δέξα-

250 3967 398 4020 σθαι.
431 3966 491 4018 Εἰ
543 3953 651 4034 γὰρ
705 3963 780 4034 μὴ
828 3963 1019 4018 τοῦτον
1061 3965 1151 4018 τὸν
1195 3965 1398 4033 τρόπον
1440 3958 1554 4034 εἶχε
1603 3963 1670 4015 τὰ
1701 3963 1823 4016 καθ’

247 4059 421 4123 ἡμᾶς,
457 4056 566 4109 οὐδ’
610 4055 677 4109 ἂν
719 4053 800 4118 εἷς
854 4053 1075 4118 πάντως
1123 4055 1327 4127 ἐσώθη.
1372 4057 1463 4127 Ὠς
1497 4054 1606 4125 γὰρ
1651 4055 1824 4116 οὐδεὶς

245 4150 474 4216 ἀγαθὸς,
526 4149 669 4201 κατᾶ
725 4148 816 4200 τον
869 4149 1014 4202 θεῖον
1068 4148 1340 4217 χρησμὸν,
1390 4147 1499 4201 οὐδ’
1547 4146 1824 4217 ἁμαρτίας

244 4240 417 4303 ὅντως
451 4240 754 4309 ἐλεύθερος,
779 4239 1228 4310 κᾶενὺπερῦαλλῃ
1262 4237 1440 4308 πολλῷ
1470 4240 1596 4300 τοὺς
1633 4237 1824 4300 ἄλλους

243 4333 323 4394 εἰς
354 4334 580 4402 ἀρετήν.
617 4333 809 4402 Δεήσει
835 4333 1017 4384 τοίνυν
1053 4332 1228 4385 ἅπασι
1250 4331 1345 4382 τοῦ
1377 4330 1678 4400 φαρμάκου
1711 4347 1826 4382 του-

1919 1845 2074 1900 triste
2104 1844 2585 1902 factusuniversis.
2614 1847 2751 1913 Quid
2776 1847 2921 1902 istaec
2941 1849 3006 1902 ad
3035 1845 3493 1916 desperationem?

1921 1937 2212 1994 Voluntate
2267 1940 2530 1994 duntaxat
2575 1955 2710 2010 Opus
2761 1940 3052 2000 esta'iimi.
3111 1954 3215 2010 qua
3271 1938 3380 2005 ﬁet,
3434 1946 3493 1991 ut

1918 2031 2138 2086 ablutus
2175 2047 2203 2085 a
2237 2032 2387 2087 vitiis
2421 2033 2589 2087 etiam
2625 2048 2790 2102 supra
2825 2035 3115 2088 volucrum
3148 2032 3489 2087 celeritatem
3523 2054 3533 2087 ς

1919 2123 1986 2176 ad
2030 2123 2206 2192 ipsum
2267 2123 2536 2179 bonorum
2567 2126 2782 2181 culmen
2832 2127 3114 2180 ascendat.
3147 2125 3488 2178 Voluntatem

1916 2229 2048 2270 vero
2105 2230 2250 2270 nunc
2280 2232 2399 2271 eam
2437 2217 2558 2272 dico
2582 2234 2703 2287 quae
2740 2217 3052 2274 testimoxiia
3086 2217 3354 2270 factorum
3385 2215 3488 2269 ha-

1919 2308 2050 2372 bet;
2106 2309 2306 2379 quippe
2367 2310 2481 2365 lieri
2537 2311 2745 2380 nequit,
2775 2311 2962 2380 nequit
2999 2310 3222 2365 omnino
3252 2308 3390 2372 ﬁeri,
3426 2316 3488 2361 ut

1919 2401 2008 2470 qui
2046 2403 2583 2473 voluerint,scopum
2622 2418 2727 2458 non
2759 2404 3047 2474 attingant.
3083 2402 3215 2455 Nam
3243 2400 3367 2470 quia
3397 2414 3489 2454 sa-

1919 2499 2037 2550 narl
2071 2495 2343 2561 nolumus,
2387 2497 2590 2552 idcirco
2623 2499 2676 2550 in
2721 2497 2876 2551 nobis
2915 2496 3081 2550 animi
3111 2495 3237 2550 vitia
3289 2494 3491 2548 durare

1919 2598 2350 2642 consueverunt:
2385 2589 2586 2660 quippe
2628 2591 2673 2644 si
2715 2589 3034 2642 resistamus
3070 2587 3306 2650 fortiter,
3337 2601 3493 2654 pror-

1917 2694 2011 2733 sus
2039 2680 2090 2732 in
2124 2681 2336 2736 animos
2352 2696 2414 2736 ea
2446 2697 2549 2736 non
2573 2681 2895 2751 pervadunt.
2922 2681 3130 2734 Etenim
3165 2687 3225 2734 ut
3273 2679 3404 2732 [iant
3437 2684 3493 2731 et

1919 2782 2173 2829 maneant
2193 2773 2341 2840 mali,
2370 2773 2663 2841 itidemque
2695 2783 2752 2826 ut
2773 2771 2897 2827 boni
2922 2771 3029 2826 sint
3056 2784 3118 2823 ac
3140 2777 3493 2839 perseverent

1919 2867 1972 2921 in
2004 2867 2168 2930 bono,
2192 2865 2354 2921 dubio
2379 2864 2565 2934 procul
2590 2879 2656 2919 ex
2687 2867 2806 2918 sese
2833 2863 3090 2917 mortales
3110 2862 3331 2915 habent.
3353 2859 3492 2914 Nam

1920 2956 2035 3011 ﬁeri
2067 2956 2256 3025 nequit
2283 2964 2338 3009 ιιι
2371 2955 2460 3024 qui
2493 2955 2617 3010 boni
2659 2970 2781 3010 esse
2810 2954 3021 3016 volunt,
3051 2954 3115 3008 ab
3148 2962 3407 3006 extranea
3434 2964 3494 3005 re

1919 3049 2171 3120 quapiam
2192 3059 2454 3119 cogantur
2480 3048 2712 3103 evadere
2732 3048 2882 3112 mali,
2901 3063 3002 3102 nec
3022 3055 3079 3101 ut
3100 3047 3133 3100 ii
3159 3046 3248 3115 qui
3271 3045 3494 3100 electio-

1920 3158 1988 3213 ne
2020 3143 2182 3196 animi
2203 3141 2438 3209 pessima
2461 3141 2586 3195 mali
2611 3139 2736 3195 facti
2757 3150 2908 3204 sunt,
2930 3139 3126 3193 deinde
3159 3153 3264 3191 non
3311 3151 3495 3192 emen-

1920 3236 2138 3300 dentur,
2160 3235 2203 3290 si
2236 3235 2452 3304 quidem
2483 3234 2532 3287 id
2565 3232 3044 3300 volnerint.Atque
3066 3231 3170 3285 hoc
3190 3245 3319 3286 sane
3339 3231 3386 3286 si
3407 3243 3502 3284 ve-
3607 3246 3610 3250 ·

1923 3343 2042 3382 rum
2066 3337 2168 3391 est,
2191 3328 2469 3381 inventum
2489 3334 2576 3381 est
2609 3325 3084 3389 medicamentum,
3105 3323 3323 3393 jamque
3352 3336 3500 3376 mor-

1921 3422 2025 3475 bus
2057 3420 2146 3474 ille
2194 3419 2592 3488 desperationis
2631 3419 2804 3471 victus
2847 3415 3135 3471 abscessit.
3165 3415 3309 3470 Sane
3341 3431 3492 3474 vero.

1922 3511 2132 3581 inquiet
2189 3512 2424 3580 allquis:
2479 3521 2534 3564 at
2567 3511 2732 3566 miser
2771 3508 2872 3563 iste
2922 3509 3098 3563 factus
3127 3519 3209 3563 est
3243 3507 3500 3562 omnibus

1922 3605 2084 3674 plane
2117 3604 2260 3658 vitiis
2310 3603 2599 3667 obnoxius,
2652 3603 2958 3670 stepiusque
2987 3612 3232 3665 sanatus,
3300 3602 3502 3655 inultu-

1925 3695 2026 3750 lies
2053 3695 2240 3748 eadem
2267 3703 2526 3762 expertus
2544 3701 2628 3746 est
2656 3693 2875 3746 vulnera
2901 3707 3170 3761 ;quonam
3200 3690 3362 3762 igitur
3380 3691 3500 3746 ﬂeri

1924 3794 2086 3857 pacto
2119 3769 2290 3854 pos'sit
2319 3783 2750 3840 utemendotnr?
2785 3782 3139 3852 Nequaquam
3170 3785 3234 3837 de
3266 3784 3490 3837 homine

1927 3876 2306 3944 desperemus.
2367 3875 2579 3942 Quippe
2633 3874 2678 3927 si
2712 3874 2867 3929 letale
2911 3875 3106 3927 vulnus
3166 3874 3310 3929 haud
3349 3876 3498 3928 adsit

1931 3967 2386 4040 (desperationem
2427 3979 2603 4020 autem
2634 3965 2936 4034 intelligo),
2972 3965 3232 4019 sanabilis
3274 3966 3497 4019 morbus

1931 4070 2015 4116 cst
2047 4061 2096 4114 in
2134 4059 2198 4114 iis
2222 4059 2315 4129 qui
2340 4058 2666 4113 medicinam
2697 4057 2946 4112 lubenter
2963 4057 3248 4111 admittere
3277 4058 3496 4124 volunt;

1933 4155 2130 4224 quippe
2181 4153 2225 4206 si
2262 4167 2370 4206 non
2395 4153 2450 4206 in
2482 4152 2631 4206 hunc
2661 4150 2880 4205 modum
2914 4158 3236 4218 comparata:
3269 4164 3354 4205 res
3396 4165 3497 4203 no-

1932 4256 2061 4300 atra:
2090 4243 2287 4304 forent.
2341 4259 2441 4298 nec
2465 4257 2604 4297 unus
2635 4241 2857 4296 omnino
2891 4241 3073 4296 salvus
3108 4240 3394 4295 evasisset.
3430 4241 3499 4296 Ut

1932 4337 2076 4392 enim
2105 4351 2260 4390 neruo
2292 4335 2468 4392 bonus
2498 4345 2602 4398 e5t,
2630 4331 2923 4387 secundum
2949 4331 3077 4387 illud
3106 4330 3345 4386 divinum
3374 4348 3501 4386 ora-

243 4424 362 4476 τουῖ
383 4442 401 4458 ο
435 4425 526 4476 καὶ
554 4424 747 4476 τούτου
774 4423 1113 4493 καταλλὴλου
1133 4422 1554 4491 τετυχηκόσι.τδ
1582 4422 1819 4475 εὐεκτεῖν

1932 4428 2132 4491 culum,
2170 4426 2244 4480 ita
2278 4440 2375 4480 nec
2397 4439 2590 4494 reapse
2615 4424 2738 4494 quis
2773 4424 3032 4478 innnunis
3062 4438 3092 4477 a
3137 4434 3380 4491 peccato,
3414 4435 3500 4479 ta-

245 4513 411 4575 εἰιθῖρς
441 4513 642 4570 ἔπεισι.
677 4513 795 4568 Κᾶν
827 4530 910 4577 τις
945 4513 1250 4582 ἀνθρώπων
1297 4515 1606 4585 ὑπερελάσῃ
1647 4513 1825 4582 πολλῴ

245 4604 323 4671 τῷ
364 4606 553 4676 μέτρῳ
578 4605 715 4672 ὁμοῦ
748 4606 873 4668 τοὺς
900 4605 1059 4668 ὄντας
1089 4606 1182 4658 καὶ
1215 4605 1510 4674 γεγονότας
1539 4607 1631 4658 ἐπὶ
1658 4606 1828 4677 κακίᾳ

244 4695 640 4767 βεῦοημένονς,
701 4697 914 4766 θρήνων
976 4697 1076 4765 μὲν
1125 4700 1207 4750 ὅτι
1250 4696 1463 4750 πολλῶν
1512 4700 1540 4751 6
1586 4697 1826 4757 τοιοῦτος

243 4790 400 4854 ἄξιος
427 4789 500 4852 ὡς
537 4789 752 4860 ἀληθῶς
779 4789 1022 4858 γέγονεν,
1058 4789 1137 4842 ὅτι
1171 4788 1338 4850 καλὸς
1359 4790 1457 4842 καὶ
1485 4789 1572 4843 ἐπ’
1600 4790 1826 4857 ἀγαθοῖς

246 4878 307 4948 δη
321 4882 698 4952 μιουργηθεὶς,
730 4885 759 4936 6
804 4882 859 4934 δὲ
896 4881 1108 4935 πολλῶν
1157 4881 1298 4934 ἑκὼν
1334 4882 1520 4935 κακῶν
1554 4882 1650 4952 τὴν
1695 4884 1824 4936 ἑαυ-

246 4971 343 5024 τοῦ
402 4973 579 5044 ψυχὴν
622 4973 940 5043 ἐνέπλησεν,
973 4974 1048 5037 ὡς
1087 4974 1261 5037 οὐδεὶς
1311 4973 1522 5043 ἕτερος.
1553 4973 1702 5041 Πλὴν
1733 4974 1827 5027 καὶ

246 5057 409 5127 οὗτός
445 5082 501 5132 γε
539 5067 725 5132 αὐτὸς,
761 5066 826 5121 ἂν
868 5067 1100 5137 ἐραστὴς
1139 5068 1516 5136 μανικώτατος
1553 5067 1652 5137 τῆς
1688 5068 1825 5130 ἰδίας

245 5157 593 5226 διορθώσεως
621 5158 870 5230 γένηται,
909 5160 957 5211 εἰ
1013 5159 1112 5227 μὲν
1145 5159 1394 5228 ἀπογνῴ,
1428 5159 1657 5229 εὐήθης,
1691 5159 1826 5228 μᾶλ-

245 5247 340 5301 λον
405 5249 464 5303 δὲ
506 5252 754 5322 ἀνόητος,
806 5252 904 5320 τὴν
961 5251 1376 5319 φιλανθρωπίαν
1424 5253 1525 5321 τὴν
1572 5251 1823 5321 ἄπειρον,

249 5343 533 5412 ἁμαρτίας
560 5345 738 5415 πέρας
773 5344 1028 5414 ἐχούσης.
1058 5344 1207 5415 ἥττω
1233 5344 1488 5412 νομίσας.
1524 5344 1586 5397 Εἰ
1615 5343 1671 5396 δὲ
1703 5343 1825 5414 Θεῷ

251 5434 538 5508 θαρῥήσας
569 5439 775 5502 οὑτοσὶ,
806 5439 916 5491 τῶν
957 5437 1058 5507 μὲν
1107 5438 1296 5493 κακῶν
1340 5437 1632 5508 ἀποσταίη,
1665 5437 1826 5490 ἀνοέ-

250 5525 416 5590 ξεται
467 5529 518 5581 δὲ
576 5531 685 5583 τῶν
732 5529 922 5596 ,καλῶν
970 5531 1068 5599 ὅση
1113 5528 1364 5598 δύναμις,
1399 5528 1549 5580 οὐδὲν
1592 5527 1825 5580 κωλύσει

251 5618 458 5670 τοῦτον
487 5622 794 5685 ἐπανιόντα,
824 5621 922 5692 τὴν
956 5623 1226 5690 προτέραν
1257 5622 1594 5675 κατάστασιν
1625 5623 1828 5674 ἐπανα-

251 5705 469 5771 λαῦεἶν,
497 5709 527 5778 ἦ
553 5711 644 5765 καὶ
677 5709 854 5781 πολλῷ
882 5711 1173 5782 παρελθεῖν
1200 5727 1212 5741 ·
1243 5713 1292 5764 εἰ
1327 5711 1388 5782 δὴ
1416 5712 1509 5764 καὶ
1543 5709 1821 5780 ὑπερϐολὴ

1929 4519 2088 4573 metsi
2135 4519 2290 4586 longe
2347 4517 2561 4572 caneris
2613 4499 2818 4571 virtute
2877 4523 3122 4585 praestet.
3159 4514 3502 4585 Quapropter

1929 4610 2195 4665 universis
2242 4611 2343 4664 hoc
2392 4609 2807 4672 medicamento,
2867 4609 3186 4678 paenitentia
3241 4607 3500 4676 inquam,

1927 4717 2063 4772 Opus
2107 4703 2427 4770 erit:quod
2476 4703 2521 4754 si
2570 4701 2662 4770 qui
2737 4702 2846 4755 tale
2896 4701 3041 4756 nacti
3096 4701 3300 4755 fuerint
3343 4704 3505 4771 quale

1928 4795 2086 4847 debet
2160 4808 2317 4857 esse,
2375 4809 2498 4846 mox
2573 4802 2718 4846 recta
2793 4793 3046 4847 valetudo
3122 4773 3500 4863 recuperatur.

1929 4885 2155 4939 Etiamsi
2181 4884 2305 4954 quis
2345 4884 2531 4937 tnulzis
2565 4884 2740 4939 modis
2760 4895 2814 4938 et
2847 4900 2939 4939 eos
2970 4885 3061 4953 qui
3101 4901 3248 4939 nunc
3274 4897 3419 4952 sunt,
3453 4894 3505 4940 et

1927 4978 2018 5046 qui
2082 4976 2296 5030 fuerunt
2354 4991 2416 5030 ex
2462 4977 2761 5031 vitiositate
2816 4976 3078 5039 celebres,
3143 4979 3565 5045 superaverit”.

1931 5068 2112 5122 multis
2149 5068 2236 5120 ille
2261 5067 2477 5136 quidem
2532 5068 2787 5137 lacrymis
2843 5083 3029 5121 revera
3089 5067 3303 5134 dignus,
3361 5069 3504 5135 quod

1928 5178 2049 5216 cum
2089 5169 2144 5215 et
2174 5161 2345 5216 bonus
2369 5170 2425 5213 et
2462 5163 2526 5214 ad
2550 5161 2685 5214 bona
2723 5161 2990 5223 conditus,
3047 5168 3238 5225 sponte
3262 5174 3359 5212 sua
3389 5159 3507 5224 plu-

1930 5255 2078 5309 ribus
2101 5257 2337 5306 animmn
2369 5253 2714 5320 vitiis,quam
2753 5252 2890 5306 alius‘
2919 5252 3225 5318 quisquam,
3251 5250 3510 5319 impleve-

1929 5349 2036 5400 rit:
2078 5347 2170 5398 sed
2203 5342 2555 5396 nihilominus
2601 5343 2766 5406 idem,
2830 5341 2992 5394 modo
3037 5341 3220 5395 studio
3274 5343 3506 5408 quodam

1929 5435 2120 5489 insulto
2149 5433 2541 5486 correctionem
2571 5447 2723 5488 suam
2775 5431 3029 5498 sitive‘rit,
3061 5432 3107 5487 si
3151 5433 3367 5501 quidem
3419 5432 3511 5486 dc-

1929 5534 2130 5594 Speret,
2163 5524 2394 5577 stolidus
2424 5531 2529 5586 est,
2560 5524 2643 5577 vel
2675 5539 2862 5578 amens
2914 5526 3112 5592 potius,
3147 5525 3239 5591 qui
3273 5525 3508 5578 divinam

1931 5617 2074 5669 illaut
2107 5614 2493 5682 benignitatem
2534 5615 2798 5670 inﬁnitam
2832 5627 3056 5685 peccato
3087 5615 3244 5669 tinem
3280 5618 3512 5671 habente

1933 5717 2081 5777 putet
2133 5707 2442 5763 interiorem
2495 5726 2508 5763 :
2562 5708 2642 5765 sin
2687 5707 2944 5765 collocata
2988 5708 3040 5764 iu
3092 5707 3259 5766 Deum
3319 5709 3509 5764 ιιιιιιριο
