  <div class='ocr_page' id='page_1' title='image "/cluster/home/n/w/nwhite01/storage/ocr_20150623/156/hvd.32044073502650/251.png"; bbox 0 0 3920 6200; ppageno 0'>
   <div class='ocr_carea' id='block_1_1' title="bbox 520 293 2069 365">
    <p class='ocr_par' dir='ltr' id='par_1_1' title="bbox 520 296 2069 365">
     <span class='ocr_line' id='line_1_1' title="bbox 520 296 2069 365; baseline -0.005 -3"><span class='ocrx_word' id='word_1_1' title='bbox 520 299 625 365; x_wconf 71' lang='grc'><strong>491</strong></span> <span class='ocrx_word' id='word_1_2' title='bbox 1693 296 2069 356; x_wconf 58' lang='grc' dir='ltr'><strong>ΜΑᾸΟΕῌΞ</strong></span> 
     </span>
    </p>
   </div>
   <div class='ocr_carea' id='block_1_2' title="bbox 2171 293 3678 365">
    <p class='ocr_par' dir='ltr' id='par_1_2' title="bbox 2171 293 3678 360">
     <span class='ocr_line' id='line_1_2' title="bbox 2171 293 3678 360; baseline 0.005 -9"><span class='ocrx_word' id='word_1_3' title='bbox 2171 293 2576 355; x_wconf 74' lang='lat' dir='ltr'><strong>‘AL.’EOi.OGI</strong></span> <span class='ocrx_word' id='word_1_4' title='bbox 3593 296 3678 360; x_wconf 69' lang='lat'><strong>4&#39;32</strong></span> 
     </span>
    </p>
   </div>
   <div class='ocr_carea' id='block_1_3' title="bbox 453 399 2069 480">
    <p class='ocr_par' dir='ltr' id='par_1_3' title="bbox 453 399 2069 480">
     <span class='ocr_line' id='line_1_3' title="bbox 453 399 2069 480; baseline -0.001 -15"><span class='ocrx_word' id='word_1_5' title='bbox 453 423 464 432; x_wconf 75' lang='lat'><strong>‘</strong></span> <span class='ocrx_word' id='word_1_6' title='bbox 507 411 736 480; x_wconf 84' lang='lat' dir='ltr'><strong>impellit</strong></span> <span class='ocrx_word' id='word_1_7' title='bbox 766 450 780 472; x_wconf 89' lang='lat'><strong>,</strong></span> <span class='ocrx_word' id='word_1_8' title='bbox 809 399 1015 475; x_wconf 77' lang='lat' dir='ltr'><strong>alisque</strong></span> <span class='ocrx_word' id='word_1_9' title='bbox 1037 406 1318 462; x_wconf 83' lang='lat' dir='ltr'><strong>roactione</strong></span> <span class='ocrx_word' id='word_1_10' title='bbox 1350 417 1533 462; x_wconf 88' lang='lat' dir='ltr'><strong>tamen</strong></span> <span class='ocrx_word' id='word_1_11' title='bbox 1561 418 1614 464; x_wconf 89' lang='lat' dir='ltr'><strong>et</strong></span> <span class='ocrx_word' id='word_1_12' title='bbox 1638 409 1916 475; x_wconf 73' lang='lat' dir='ltr'><strong>violentia,</strong></span> <span class='ocrx_word' id='word_1_13' title='bbox 1943 427 2069 478; x_wconf 85' lang='lat' dir='ltr'><strong>ant</strong></span> 
     </span>
    </p>
   </div>
   <div class='ocr_carea' id='block_1_4' title="bbox 2171 399 3684 480">
    <p class='ocr_par' dir='ltr' id='par_1_4' title="bbox 2194 404 3684 476">
     <span class='ocr_line' id='line_1_4' title="bbox 2194 404 3684 476; baseline 0.003 -17"><span class='ocrx_word' id='word_1_14' title='bbox 2194 406 2346 470; x_wconf 70' lang='grc' dir='ltr'>Θεὸς.</span> <span class='ocrx_word' id='word_1_15' title='bbox 2392 408 2683 476; x_wconf 81' lang='grc' dir='ltr'>Συγχωρεῖ</span> <span class='ocrx_word' id='word_1_16' title='bbox 2727 405 2781 458; x_wconf 81' lang='grc' dir='ltr'><strong>δὲ</strong></span> <span class='ocrx_word' id='word_1_17' title='bbox 2830 404 2987 457; x_wconf 74' lang='grc' dir='ltr'>τοῦτο</span> <span class='ocrx_word' id='word_1_18' title='bbox 3037 405 3280 472; x_wconf 78' lang='grc' dir='ltr'>γενέσθαι</span> <span class='ocrx_word' id='word_1_19' title='bbox 3325 407 3378 458; x_wconf 63' lang='grc' dir='ltr'>οὐ</span> <span class='ocrx_word' id='word_1_20' title='bbox 3421 407 3495 459; x_wconf 70' lang='grc' dir='ltr'>διὰ</span> <span class='ocrx_word' id='word_1_21' title='bbox 3533 411 3583 461; x_wconf 69' lang='grc' dir='ltr'><strong>τὸ</strong></span> <span class='ocrx_word' id='word_1_22' title='bbox 3623 413 3684 463; x_wconf 78' lang='grc' dir='ltr'><strong>δί-</strong></span> 
     </span>
    </p>
   </div>
   <div class='ocr_carea' id='block_1_5' title="bbox 508 497 2069 569">
    <p class='ocr_par' dir='ltr' id='par_1_5' title="bbox 508 499 2069 569">
     <span class='ocr_line' id='line_1_5' title="bbox 508 499 2069 569; baseline -0.001 -12"><span class='ocrx_word' id='word_1_23' title='bbox 508 508 582 558; x_wconf 88' lang='lat' dir='ltr'><strong>ita</strong></span> <span class='ocrx_word' id='word_1_24' title='bbox 619 519 726 556; x_wconf 84' lang='lat' dir='ltr'><strong>rem</strong></span> <span class='ocrx_word' id='word_1_25' title='bbox 759 499 871 553; x_wconf 82' lang='lat' dir='ltr'><strong>ﬁeri</strong></span> <span class='ocrx_word' id='word_1_26' title='bbox 903 499 1122 554; x_wconf 90' lang='lat' dir='ltr'><strong>minimc</strong></span> <span class='ocrx_word' id='word_1_27' title='bbox 1168 500 1473 555; x_wconf 87' lang='lat' dir='ltr'><strong>conveniat.</strong></span> <span class='ocrx_word' id='word_1_28' title='bbox 1500 500 1680 555; x_wconf 84' lang='lat' dir='ltr'><strong>Animi</strong></span> <span class='ocrx_word' id='word_1_29' title='bbox 1735 517 1966 569; x_wconf 84' lang='lat' dir='ltr'><strong>namque</strong></span> <span class='ocrx_word' id='word_1_30' title='bbox 1997 519 2069 558; x_wconf 90' lang='lat' dir='ltr'><strong>sa-</strong></span> 
     </span>
    </p>
   </div>
   <div class='ocr_carea' id='block_1_6' title="bbox 2171 497 3668 569">
    <p class='ocr_par' dir='ltr' id='par_1_6' title="bbox 2187 497 3668 567">
     <span class='ocr_line' id='line_1_6' title="bbox 2187 497 3668 567; baseline 0.004 -18"><span class='ocrx_word' id='word_1_31' title='bbox 2187 514 2340 549; x_wconf 85' lang='grc' dir='ltr'>καιον</span> <span class='ocrx_word' id='word_1_32' title='bbox 2365 497 2545 565; x_wconf 86' lang='grc' dir='ltr'>μόνον,</span> <span class='ocrx_word' id='word_1_33' title='bbox 2562 498 2678 550; x_wconf 79' lang='grc' dir='ltr'>ἀλλ’</span> <span class='ocrx_word' id='word_1_34' title='bbox 2697 499 2776 549; x_wconf 75' lang='grc' dir='ltr'>ὅτι</span> <span class='ocrx_word' id='word_1_35' title='bbox 2807 498 2897 550; x_wconf 72' lang='grc' dir='ltr'><strong>καὶ</strong></span> <span class='ocrx_word' id='word_1_36' title='bbox 2925 497 3195 567; x_wconf 71' lang='grc' dir='ltr'>συμφέρῑν</span> <span class='ocrx_word' id='word_1_37' title='bbox 3212 516 3260 549; x_wconf 76' lang='grc' dir='ltr'><strong>τι</strong></span> <span class='ocrx_word' id='word_1_38' title='bbox 3281 498 3513 551; x_wconf 68' lang='grc' dir='ltr'>λ.ανθ.ἱνον</span> <span class='ocrx_word' id='word_1_39' title='bbox 3538 503 3668 567; x_wconf 58' lang='grc' dir='ltr'>μίγνυ</span> 
     </span>
    </p>
   </div>
   <div class='ocr_carea' id='block_1_7' title="bbox 511 590 2069 661">
    <p class='ocr_par' dir='ltr' id='par_1_7' title="bbox 511 591 2069 661">
     <span class='ocr_line' id='line_1_7' title="bbox 511 591 2069 661; baseline 0.002 -14"><span class='ocrx_word' id='word_1_40' title='bbox 511 594 660 647; x_wconf 80' lang='grc' dir='ltr'>ιι.ιιίι›</span> <span class='ocrx_word' id='word_1_41' title='bbox 693 591 899 645; x_wconf 90' lang='lat' dir='ltr'><strong>medico</strong></span> <span class='ocrx_word' id='word_1_42' title='bbox 937 592 1154 661; x_wconf 90' lang='lat' dir='ltr'><strong>quidetn</strong></span> <span class='ocrx_word' id='word_1_43' title='bbox 1187 592 1386 661; x_wconf 80' lang='lat' dir='ltr'><strong>indiget</strong></span> <span class='ocrx_word' id='word_1_44' title='bbox 1421 593 1536 647; x_wconf 88' lang='lat' dir='ltr'><strong>solo</strong></span> <span class='ocrx_word' id='word_1_45' title='bbox 1567 592 1705 659; x_wconf 82' lang='lat' dir='ltr'><strong>Deo;</strong></span> <span class='ocrx_word' id='word_1_46' title='bbox 1741 597 1832 649; x_wconf 89' lang='lat' dir='ltr'><strong>sed</strong></span> <span class='ocrx_word' id='word_1_47' title='bbox 1865 596 2069 650; x_wconf 87' lang='lat' dir='ltr'><strong>interim</strong></span> 
     </span>
    </p>
   </div>
   <div class='ocr_carea' id='block_1_8' title="bbox 2171 590 3688 661">
    <p class='ocr_par' dir='ltr' id='par_1_8' title="bbox 2185 590 3688 658">
     <span class='ocr_line' id='line_1_8' title="bbox 2185 590 3688 658; baseline 0.003 -19"><span class='ocrx_word' id='word_1_48' title='bbox 2185 606 2275 640; x_wconf 82' lang='grc' dir='ltr'><strong>ται</strong></span> <span class='ocrx_word' id='word_1_49' title='bbox 2305 592 2422 652; x_wconf 85' lang='grc' dir='ltr'>ταῖς</span> <span class='ocrx_word' id='word_1_50' title='bbox 2454 591 2762 643; x_wconf 75' lang='grc' dir='ltr'><strong>κολάσεσιν.</strong></span> <span class='ocrx_word' id='word_1_51' title='bbox 2812 591 2876 642; x_wconf 82' lang='grc' dir='ltr'><strong>Ἦ</strong></span> <span class='ocrx_word' id='word_1_52' title='bbox 2933 591 3039 657; x_wconf 79' lang='grc' dir='ltr'><strong>γὰρ</strong></span> <span class='ocrx_word' id='word_1_53' title='bbox 3089 590 3151 658; x_wconf 81' lang='grc' dir='ltr'><strong>δὴ</strong></span> <span class='ocrx_word' id='word_1_54' title='bbox 3193 592 3316 658; x_wconf 69' lang='grc' dir='ltr'>περὶ</span> <span class='ocrx_word' id='word_1_55' title='bbox 3355 593 3484 658; x_wconf 68' lang='grc' dir='ltr'>ἡμᾶς</span> <span class='ocrx_word' id='word_1_56' title='bbox 3516 594 3688 644; x_wconf 64' lang='grc' dir='ltr'>ἐκείνου</span> 
     </span>
    </p>
   </div>
   <div class='ocr_carea' id='block_1_9' title="bbox 505 681 2069 754">
    <p class='ocr_par' dir='ltr' id='par_1_9' title="bbox 505 694 2069 754">
     <span class='ocr_line' id='line_1_9' title="bbox 505 694 2069 754; baseline 0.006 -20"><span class='ocrx_word' id='word_1_57' title='bbox 505 700 684 738; x_wconf 76' lang='lat' dir='ltr'><strong>I&#39;Cl&#39;llﬂl</strong></span> <span class='ocrx_word' id='word_1_58' title='bbox 743 698 808 737; x_wconf 81' lang='lat' dir='ltr'><strong>ex</strong></span> <span class='ocrx_word' id='word_1_59' title='bbox 849 699 1034 738; x_wconf 86' lang='lat' dir='ltr'><strong>earum</strong></span> <span class='ocrx_word' id='word_1_60' title='bbox 1089 694 1173 738; x_wconf 74' lang='grc' dir='ltr'>ρει</span> <span class='ocrx_word' id='word_1_61' title='bbox 1232 699 1613 754; x_wconf 56' lang='grc' dir='ltr'>ιιιιιιιοτοηίμιω</span> <span class='ocrx_word' id='word_1_62' title='bbox 1684 702 1710 738; x_wconf 74' lang='lat'><strong>3</strong></span> <span class='ocrx_word' id='word_1_63' title='bbox 1762 697 1946 742; x_wconf 87' lang='lat' dir='ltr'><strong>nostra</strong></span> <span class='ocrx_word' id='word_1_64' title='bbox 1983 707 2069 743; x_wconf 75' lang='grc' dir='ltr'>νο·</span> 
     </span>
    </p>
   </div>
   <div class='ocr_carea' id='block_1_10' title="bbox 2171 681 3689 754">
    <p class='ocr_par' dir='ltr' id='par_1_10' title="bbox 2189 681 3689 752">
     <span class='ocr_line' id='line_1_10' title="bbox 2189 681 3689 752; baseline 0.003 -21"><span class='ocrx_word' id='word_1_65' title='bbox 2189 681 2500 748; x_wconf 78' lang='grc' dir='ltr'><strong>χρηστότης</strong></span> <span class='ocrx_word' id='word_1_66' title='bbox 2531 681 2867 752; x_wconf 79' lang='grc' dir='ltr'><strong>πανταχόθεν</strong></span> <span class='ocrx_word' id='word_1_67' title='bbox 2916 682 3210 751; x_wconf 72' lang='grc' dir='ltr'><strong>ἀναγκάζει</strong></span> <span class='ocrx_word' id='word_1_68' title='bbox 3250 684 3398 734; x_wconf 78' lang='grc' dir='ltr'>ταυτὶ</span> <span class='ocrx_word' id='word_1_69' title='bbox 3425 684 3689 736; x_wconf 69' lang='grc' dir='ltr'>πιστεζειι.</span> 
     </span>
    </p>
   </div>
   <div class='ocr_carea' id='block_1_11' title="bbox 500 775 3698 859">
    <p class='ocr_par' dir='ltr' id='par_1_11' title="bbox 500 775 3698 859">
     <span class='ocr_line' id='line_1_11' title="bbox 500 775 3698 859; baseline 0.007 -28"><span class='ocrx_word' id='word_1_70' title='bbox 500 780 706 831; x_wconf 87' lang='lat' dir='ltr'><strong>lnntate</strong></span> <span class='ocrx_word' id='word_1_71' title='bbox 734 777 990 848; x_wconf 84' lang='lat' dir='ltr'><strong>pendent.</strong></span> <span class='ocrx_word' id='word_1_72' title='bbox 1031 775 1410 845; x_wconf 87' lang='lat' dir='ltr'><strong>Oportetenim</strong></span> <span class='ocrx_word' id='word_1_73' title='bbox 1447 779 1678 847; x_wconf 82' lang='lat' dir='ltr'><strong>primum</strong></span> <span class='ocrx_word' id='word_1_74' title='bbox 1743 781 1944 838; x_wconf 88' lang='lat' dir='ltr'><strong>habere</strong></span> <span class='ocrx_word' id='word_1_75' title='bbox 1991 800 2211 845; x_wconf 78' lang='lat' dir='ltr'><strong>sensum</strong></span> <span class='ocrx_word' id='word_1_76' title='bbox 2263 793 2646 849; x_wconf 72' lang='lat' dir='ltr'><strong>imbecillita&#39;is</strong></span> <span class='ocrx_word' id='word_1_77' title='bbox 2696 810 2828 859; x_wconf 60' lang='lat' dir='ltr'><strong>sum,</strong></span> <span class='ocrx_word' id='word_1_78' title='bbox 2881 795 3074 850; x_wconf 86' lang='lat' dir='ltr'><strong>deinde</strong></span> <span class='ocrx_word' id='word_1_79' title='bbox 3129 811 3281 850; x_wconf 77' lang='lat' dir='ltr'><strong>nosse</strong></span> <span class='ocrx_word' id='word_1_80' title='bbox 3351 796 3610 858; x_wconf 86' lang='lat' dir='ltr'><strong>medicum.</strong></span> <span class='ocrx_word' id='word_1_81' title='bbox 3655 807 3698 854; x_wconf 79' lang='lat' dir='ltr'><strong>rt</strong></span> 
     </span>
    </p>
   </div>
   <div class='ocr_carea' id='block_1_12' title="bbox 499 868 3693 962">
    <p class='ocr_par' dir='ltr' id='par_1_12' title="bbox 499 868 3693 962">
     <span class='ocr_line' id='line_1_12' title="bbox 499 868 3693 962; baseline 0.005 -35"><span class='ocrx_word' id='word_1_82' title='bbox 499 875 706 927; x_wconf 83' lang='lat' dir='ltr'><strong>adeum</strong></span> <span class='ocrx_word' id='word_1_83' title='bbox 741 886 963 925; x_wconf 84' lang='lat' dir='ltr'><strong>currere</strong></span> <span class='ocrx_word' id='word_1_84' title='bbox 996 868 1153 936; x_wconf 84' lang='lat' dir='ltr'><strong>velle,</strong></span> <span class='ocrx_word' id='word_1_85' title='bbox 1187 871 1230 926; x_wconf 87' lang='lat' dir='ltr'><strong>si</strong></span> <span class='ocrx_word' id='word_1_86' title='bbox 1274 873 1365 941; x_wconf 92' lang='lat' dir='ltr'><strong>qui</strong></span> <span class='ocrx_word' id='word_1_87' title='bbox 1430 872 1797 928; x_wconf 82' lang='lat' dir='ltr'><strong>valetudinem</strong></span> <span class='ocrx_word' id='word_1_88' title='bbox 1845 878 2108 950; x_wconf 73' lang='lat' dir='ltr'><strong>integram</strong></span> <span class='ocrx_word' id='word_1_89' title='bbox 2188 888 2522 944; x_wconf 85' lang='lat' dir='ltr'><strong>desiderant.</strong></span> <span class='ocrx_word' id='word_1_90' title='bbox 2579 892 2922 962; x_wconf 80' lang='lat' dir='ltr'><strong>Quapropter</strong></span> <span class='ocrx_word' id='word_1_91' title='bbox 2973 893 3050 947; x_wconf 90' lang='lat' dir='ltr'><strong>illi</strong></span> <span class='ocrx_word' id='word_1_92' title='bbox 3109 895 3196 962; x_wconf 84' lang='lat' dir='ltr'><strong>qui</strong></span> <span class='ocrx_word' id='word_1_93' title='bbox 3253 895 3416 959; x_wconf 77' lang='lat' dir='ltr'><strong>pmnis</strong></span> <span class='ocrx_word' id='word_1_94' title='bbox 3472 893 3693 946; x_wconf 67' lang='lat' dir='ltr'><strong>alliciendi</strong></span> 
     </span>
    </p>
   </div>
   <div class='ocr_carea' id='block_1_13' title="bbox 469 967 3694 1056">
    <p class='ocr_par' dir='ltr' id='par_1_13' title="bbox 469 967 3694 1056">
     <span class='ocr_line' id='line_1_13' title="bbox 469 967 3694 1056; baseline 0.005 -36"><span class='ocrx_word' id='word_1_95' title='bbox 469 967 846 1037; x_wconf 83' lang='lat' dir='ltr'><strong>‘snnt(tthne</strong></span> <span class='ocrx_word' id='word_1_96' title='bbox 888 967 1110 1021; x_wconf 91' lang='lat' dir='ltr'><strong>nuncdc</strong></span> <span class='ocrx_word' id='word_1_97' title='bbox 1142 967 1389 1022; x_wconf 81' lang='lat' dir='ltr'><strong>ﬁdelibus</strong></span> <span class='ocrx_word' id='word_1_98' title='bbox 1434 978 1639 1024; x_wconf 90' lang='lat' dir='ltr'><strong>tantum</strong></span> <span class='ocrx_word' id='word_1_99' title='bbox 1675 972 1914 1041; x_wconf 87' lang='lat' dir='ltr'><strong>loquor),</strong></span> <span class='ocrx_word' id='word_1_100' title='bbox 1947 976 2406 1045; x_wconf 80' lang='lat' dir='ltr'><strong>ipsimetomnino</strong></span> <span class='ocrx_word' id='word_1_101' title='bbox 2429 987 2530 1040; x_wconf 88' lang='lat' dir='ltr'><strong>sibi</strong></span> <span class='ocrx_word' id='word_1_102' title='bbox 2569 1003 2854 1056; x_wconf 67' lang='lat' dir='ltr'><strong>prunarum</strong></span> <span class='ocrx_word' id='word_1_103' title='bbox 2917 999 3168 1042; x_wconf 89' lang='lat' dir='ltr'><strong>auctores</strong></span> <span class='ocrx_word' id='word_1_104' title='bbox 3213 999 3349 1050; x_wconf 88' lang='lat' dir='ltr'><strong>sunt,</strong></span> <span class='ocrx_word' id='word_1_105' title='bbox 3411 1004 3504 1041; x_wconf 90' lang='lat' dir='ltr'><strong>non</strong></span> <span class='ocrx_word' id='word_1_106' title='bbox 3565 987 3694 1044; x_wconf 69' lang='grc' dir='ltr'>υυιιε,</span> 
     </span>
    </p>
   </div>
   <div class='ocr_carea' id='block_1_14' title="bbox 499 1060 3695 1151">
    <p class='ocr_par' dir='ltr' id='par_1_14' title="bbox 499 1060 3695 1151">
     <span class='ocr_line' id='line_1_14' title="bbox 499 1060 3695 1151; baseline 0.007 -41"><span class='ocrx_word' id='word_1_107' title='bbox 499 1063 586 1126; x_wconf 82' lang='lat' dir='ltr'><strong>qni</strong></span> <span class='ocrx_word' id='word_1_108' title='bbox 620 1077 749 1115; x_wconf 90' lang='lat' dir='ltr'><strong>sane</strong></span> <span class='ocrx_word' id='word_1_109' title='bbox 775 1062 1038 1130; x_wconf 89' lang='lat' dir='ltr'><strong>permittit</strong></span> <span class='ocrx_word' id='word_1_110' title='bbox 1073 1061 1175 1114; x_wconf 89' lang='lat' dir='ltr'><strong>hoc</strong></span> <span class='ocrx_word' id='word_1_111' title='bbox 1215 1060 1355 1122; x_wconf 81' lang='lat' dir='ltr'><strong>ﬁeri,</strong></span> <span class='ocrx_word' id='word_1_112' title='bbox 1390 1077 1494 1116; x_wconf 91' lang='lat' dir='ltr'><strong>non</strong></span> <span class='ocrx_word' id='word_1_113' title='bbox 1520 1064 1747 1133; x_wconf 72' lang='lat' dir='ltr'><strong>justitiaa</strong></span> <span class='ocrx_word' id='word_1_114' title='bbox 1771 1082 1882 1121; x_wconf 67' lang='lat' dir='ltr'><strong>suae</strong></span> <span class='ocrx_word' id='word_1_115' title='bbox 1911 1084 2072 1124; x_wconf 85' lang='lat' dir='ltr'><strong>causa</strong></span> <span class='ocrx_word' id='word_1_116' title='bbox 2116 1081 2343 1139; x_wconf 86' lang='lat' dir='ltr'><strong>tantum,</strong></span> <span class='ocrx_word' id='word_1_117' title='bbox 2369 1079 2461 1132; x_wconf 86' lang='lat' dir='ltr'><strong>sed</strong></span> <span class='ocrx_word' id='word_1_118' title='bbox 2486 1081 2648 1133; x_wconf 86' lang='lat' dir='ltr'><strong>etiam</strong></span> <span class='ocrx_word' id='word_1_119' title='bbox 2683 1083 2824 1150; x_wconf 77' lang='lat' dir='ltr'><strong>quoi</strong></span> <span class='ocrx_word' id='word_1_120' title='bbox 2885 1082 3085 1151; x_wconf 87' lang='lat' dir='ltr'><strong>aliqnil</strong></span> <span class='ocrx_word' id='word_1_121' title='bbox 3143 1082 3312 1134; x_wconf 81' lang='lat' dir='ltr'><strong>tacita:</strong></span> <span class='ocrx_word' id='word_1_122' title='bbox 3356 1081 3576 1135; x_wconf 76' lang='lat' dir='ltr'><strong>utilitatis</strong></span> <span class='ocrx_word' id='word_1_123' title='bbox 3619 1085 3695 1137; x_wconf 79' lang='lat' dir='ltr'><strong>ad-</strong></span> 
     </span>
    </p>
   </div>
   <div class='ocr_carea' id='block_1_15' title="bbox 500 1159 3428 1246">
    <p class='ocr_par' dir='ltr' id='par_1_15' title="bbox 500 1159 3428 1246">
     <span class='ocr_line' id='line_1_15' title="bbox 500 1159 3428 1246; baseline 0.006 -35"><span class='ocrx_word' id='word_1_124' title='bbox 500 1161 722 1212; x_wconf 38' lang='lat' dir='ltr'><strong>Ini‘tltm</strong></span> <span class='ocrx_word' id='word_1_125' title='bbox 755 1160 827 1212; x_wconf 87' lang='lat' dir='ltr'><strong>sit</strong></span> <span class='ocrx_word' id='word_1_126' title='bbox 871 1159 1002 1228; x_wconf 85' lang='lat' dir='ltr'><strong>ipsis</strong></span> <span class='ocrx_word' id='word_1_127' title='bbox 1040 1160 1241 1226; x_wconf 75' lang='lat' dir='ltr'><strong>pomis.</strong></span> <span class='ocrx_word' id='word_1_128' title='bbox 1299 1159 1430 1213; x_wconf 82' lang='lat' dir='ltr'><strong>Nam</strong></span> <span class='ocrx_word' id='word_1_129' title='bbox 1479 1162 1584 1216; x_wconf 83' lang='lat' dir='ltr'><strong>hoc</strong></span> <span class='ocrx_word' id='word_1_130' title='bbox 1639 1163 1713 1217; x_wconf 90' lang='lat' dir='ltr'><strong>uti</strong></span> <span class='ocrx_word' id='word_1_131' title='bbox 1761 1165 2070 1232; x_wconf 83' lang='lat' dir='ltr'><strong>credamus,</strong></span> <span class='ocrx_word' id='word_1_132' title='bbox 2112 1174 2333 1226; x_wconf 84' lang='lat' dir='ltr'><strong>omnino</strong></span> <span class='ocrx_word' id='word_1_133' title='bbox 2375 1191 2470 1229; x_wconf 77' lang='lat' dir='ltr'><strong>nos</strong></span> <span class='ocrx_word' id='word_1_134' title='bbox 2507 1178 2676 1245; x_wconf 81' lang='lat' dir='ltr'><strong>ipsius</strong></span> <span class='ocrx_word' id='word_1_135' title='bbox 2722 1196 2850 1244; x_wconf 74' lang='lat' dir='ltr'><strong>erga</strong></span> <span class='ocrx_word' id='word_1_136' title='bbox 2894 1194 2992 1233; x_wconf 90' lang='lat' dir='ltr'><strong>nos</strong></span> <span class='ocrx_word' id='word_1_137' title='bbox 3031 1179 3241 1232; x_wconf 85' lang='lat' dir='ltr'><strong>bonitas</strong></span> <span class='ocrx_word' id='word_1_138' title='bbox 3273 1178 3428 1246; x_wconf 78' lang='lat' dir='ltr'><strong>cogit.</strong></span> 
     </span>
    </p>
   </div>
   <div class='ocr_carea' id='block_1_16' title="bbox 571 1251 2085 1326">
    <p class='ocr_par' dir='ltr' id='par_1_16' title="bbox 571 1251 2085 1326">
     <span class='ocr_line' id='line_1_16' title="bbox 571 1251 2085 1326; baseline 0.006 -22"><span class='ocrx_word' id='word_1_139' title='bbox 571 1254 755 1318; x_wconf 78' lang='lat' dir='ltr'><strong>Quare.</strong></span> <span class='ocrx_word' id='word_1_140' title='bbox 805 1253 848 1305; x_wconf 86' lang='lat' dir='ltr'><strong>si</strong></span> <span class='ocrx_word' id='word_1_141' title='bbox 895 1251 1007 1305; x_wconf 79' lang='lat' dir='ltr'><strong>haec</strong></span> <span class='ocrx_word' id='word_1_142' title='bbox 1030 1252 1102 1305; x_wconf 89' lang='lat' dir='ltr'><strong>ita</strong></span> <span class='ocrx_word' id='word_1_143' title='bbox 1155 1266 1214 1305; x_wconf 89' lang='lat' dir='ltr'><strong>se</strong></span> <span class='ocrx_word' id='word_1_144' title='bbox 1261 1252 1460 1308; x_wconf 85' lang='lat' dir='ltr'><strong>habere</strong></span> <span class='ocrx_word' id='word_1_145' title='bbox 1521 1255 1774 1309; x_wconf 88' lang='lat' dir='ltr'><strong>videntur</strong></span> <span class='ocrx_word' id='word_1_146' title='bbox 1807 1257 2085 1326; x_wconf 87' lang='lat' dir='ltr'><strong>(videntur</strong></span> 
     </span>
    </p>
   </div>
   <div class='ocr_carea' id='block_1_17' title="bbox 502 1344 2084 1414">
    <p class='ocr_par' dir='ltr' id='par_1_17' title="bbox 502 1344 2084 1414">
     <span class='ocr_line' id='line_1_17' title="bbox 502 1344 2084 1414; baseline 0.005 -17"><span class='ocrx_word' id='word_1_147' title='bbox 502 1356 680 1399; x_wconf 81' lang='lat' dir='ltr'><strong>autem</strong></span> <span class='ocrx_word' id='word_1_148' title='bbox 716 1345 981 1410; x_wconf 90' lang='lat' dir='ltr'><strong>omnino),</strong></span> <span class='ocrx_word' id='word_1_149' title='bbox 1025 1359 1258 1414; x_wconf 86' lang='lat' dir='ltr'><strong>quonam</strong></span> <span class='ocrx_word' id='word_1_150' title='bbox 1292 1355 1448 1413; x_wconf 90' lang='lat' dir='ltr'><strong>pacto</strong></span> <span class='ocrx_word' id='word_1_151' title='bbox 1481 1344 1561 1399; x_wconf 79' lang='lat' dir='ltr'><strong>ias</strong></span> <span class='ocrx_word' id='word_1_152' title='bbox 1579 1347 1646 1400; x_wconf 90' lang='lat' dir='ltr'><strong>sit</strong></span> <span class='ocrx_word' id='word_1_153' title='bbox 1679 1355 1736 1400; x_wconf 89' lang='lat' dir='ltr'><strong>ut</strong></span> <span class='ocrx_word' id='word_1_154' title='bbox 1762 1348 1829 1402; x_wconf 89' lang='lat' dir='ltr'><strong>de</strong></span> <span class='ocrx_word' id='word_1_155' title='bbox 1864 1349 2084 1405; x_wconf 86' lang='lat' dir='ltr'><strong>homine</strong></span> 
     </span>
    </p>
   </div>
   <div class='ocr_carea' id='block_1_18' title="bbox 500 1436 2082 1510">
    <p class='ocr_par' dir='ltr' id='par_1_18' title="bbox 500 1436 2082 1510">
     <span class='ocr_line' id='line_1_18' title="bbox 500 1436 2082 1510; baseline 0.004 -23"><span class='ocrx_word' id='word_1_156' title='bbox 500 1436 581 1489; x_wconf 86' lang='lat' dir='ltr'><strong>vel</strong></span> <span class='ocrx_word' id='word_1_157' title='bbox 618 1436 939 1501; x_wconf 89' lang='lat' dir='ltr'><strong>pravissimo</strong></span> <span class='ocrx_word' id='word_1_158' title='bbox 971 1447 1133 1505; x_wconf 90' lang='lat' dir='ltr'><strong>atque</strong></span> <span class='ocrx_word' id='word_1_159' title='bbox 1165 1438 1399 1506; x_wconf 87' lang='lat' dir='ltr'><strong>pessimo</strong></span> <span class='ocrx_word' id='word_1_160' title='bbox 1448 1438 1500 1494; x_wconf 92' lang='lat' dir='ltr'><strong>in</strong></span> <span class='ocrx_word' id='word_1_161' title='bbox 1539 1440 1638 1492; x_wconf 86' lang='lat' dir='ltr'><strong>hac</strong></span> <span class='ocrx_word' id='word_1_162' title='bbox 1672 1441 1776 1492; x_wconf 79' lang='lat' dir='ltr'><strong>vita</strong></span> <span class='ocrx_word' id='word_1_163' title='bbox 1830 1442 1951 1510; x_wconf 84' lang='lat' dir='ltr'><strong>quis</strong></span> <span class='ocrx_word' id='word_1_164' title='bbox 1984 1443 2082 1497; x_wconf 89' lang='lat' dir='ltr'><strong>de-</strong></span> 
     </span>
    </p>
   </div>
   <div class='ocr_carea' id='block_1_19' title="bbox 499 1529 2079 1597">
    <p class='ocr_par' dir='ltr' id='par_1_19' title="bbox 499 1529 2079 1597">
     <span class='ocr_line' id='line_1_19' title="bbox 499 1529 2079 1597; baseline 0.002 -16"><span class='ocrx_word' id='word_1_165' title='bbox 499 1540 841 1596; x_wconf 83' lang='lat' dir='ltr'><strong>speret,cum</strong></span> <span class='ocrx_word' id='word_1_166' title='bbox 875 1529 1138 1582; x_wconf 91' lang='lat' dir='ltr'><strong>medelam</strong></span> <span class='ocrx_word' id='word_1_167' title='bbox 1172 1531 1214 1582; x_wconf 90' lang='lat' dir='ltr'><strong>is</strong></span> <span class='ocrx_word' id='word_1_168' title='bbox 1248 1531 1298 1582; x_wconf 89' lang='lat' dir='ltr'><strong>in</strong></span> <span class='ocrx_word' id='word_1_169' title='bbox 1339 1533 1589 1584; x_wconf 80' lang='lat' dir='ltr'><strong>manibus</strong></span> <span class='ocrx_word' id='word_1_170' title='bbox 1616 1533 1831 1597; x_wconf 88' lang='lat' dir='ltr'><strong>habeat,</strong></span> <span class='ocrx_word' id='word_1_171' title='bbox 1877 1537 2079 1589; x_wconf 85' lang='lat' dir='ltr'><strong>saluta-</strong></span> 
     </span>
    </p>
   </div>
   <div class='ocr_carea' id='block_1_20' title="bbox 498 1621 2069 1712">
    <p class='ocr_par' dir='ltr' id='par_1_20' title="bbox 498 1621 2069 1694">
     <span class='ocr_line' id='line_1_20' title="bbox 498 1621 2069 1694; baseline 0.003 -21"><span class='ocrx_word' id='word_1_172' title='bbox 498 1637 611 1674; x_wconf 91' lang='lat' dir='ltr'><strong>rem</strong></span> <span class='ocrx_word' id='word_1_173' title='bbox 643 1621 788 1674; x_wconf 87' lang='lat' dir='ltr'><strong>illam</strong></span> <span class='ocrx_word' id='word_1_174' title='bbox 817 1623 1214 1688; x_wconf 75' lang='lat' dir='ltr'><strong>pmnitentiam,</strong></span> <span class='ocrx_word' id='word_1_175' title='bbox 1250 1625 1385 1678; x_wconf 87' lang='lat' dir='ltr'><strong>sicut</strong></span> <span class='ocrx_word' id='word_1_176' title='bbox 1421 1636 1473 1677; x_wconf 84' lang='lat' dir='ltr'><strong>et</strong></span> <span class='ocrx_word' id='word_1_177' title='bbox 1498 1641 1660 1694; x_wconf 84' lang='lat' dir='ltr'><strong>supra</strong></span> <span class='ocrx_word' id='word_1_178' title='bbox 1689 1627 1890 1682; x_wconf 87' lang='lat' dir='ltr'><strong>dictntn</strong></span> <span class='ocrx_word' id='word_1_179' title='bbox 1935 1644 1960 1680; x_wconf 89' lang='lat' dir='ltr'><strong>a</strong></span> <span class='ocrx_word' id='word_1_180' title='bbox 1982 1645 2069 1681; x_wconf 90' lang='lat' dir='ltr'><strong>no-</strong></span> 
     </span>
    </p>
   </div>
   <div class='ocr_carea' id='block_1_21' title="bbox 2171 1621 3697 1712">
    <p class='ocr_par' dir='ltr' id='par_1_21' title="bbox 2180 1633 3697 1712">
     <span class='ocr_line' id='line_1_21' title="bbox 2180 1633 3697 1712; baseline 0.001 -28"><span class='ocrx_word' id='word_1_181' title='bbox 2180 1634 2312 1701; x_wconf 79' lang='grc' dir='ltr'>ἡμίν</span> <span class='ocrx_word' id='word_1_182' title='bbox 2344 1634 2594 1704; x_wconf 59' lang='lat' dir='ltr'><strong>etprima;</strong></span> <span class='ocrx_word' id='word_1_183' title='bbox 2653 1633 2802 1687; x_wconf 79' lang='grc' dir='ltr'>Ἐπεὶ</span> <span class='ocrx_word' id='word_1_184' title='bbox 2831 1635 2886 1686; x_wconf 87' lang='grc' dir='ltr'><strong>δὲ</strong></span> <span class='ocrx_word' id='word_1_185' title='bbox 2920 1636 3013 1712; x_wconf 72' lang='grc' dir='ltr'><strong>καὶ</strong></span> <span class='ocrx_word' id='word_1_186' title='bbox 3052 1639 3079 1686; x_wconf 77' lang='grc' dir='ltr'><strong>ὁ</strong></span> <span class='ocrx_word' id='word_1_187' title='bbox 3109 1637 3434 1705; x_wconf 68' lang='grc' dir='ltr'>Σωτὴρ-ἡμῖν</span> <span class='ocrx_word' id='word_1_188' title='bbox 3467 1636 3697 1703; x_wconf 75' lang='grc' dir='ltr'>ὑπισχνεῖ-</span> 
     </span>
    </p>
   </div>
   <div class='ocr_carea' id='block_1_22' title="bbox 497 1711 2069 1794">
    <p class='ocr_par' dir='ltr' id='par_1_22' title="bbox 497 1711 2069 1785">
     <span class='ocr_line' id='line_1_22' title="bbox 497 1711 2069 1785; baseline 0.007 -21"><span class='ocrx_word' id='word_1_189' title='bbox 497 1713 581 1766; x_wconf 86' lang='lat' dir='ltr'><strong>bis</strong></span> <span class='ocrx_word' id='word_1_190' title='bbox 611 1723 692 1766; x_wconf 92' lang='lat' dir='ltr'><strong>cst</strong></span> <span class='ocrx_word' id='word_1_191' title='bbox 724 1711 746 1766; x_wconf 85' lang='lat'><strong><em>?</em></strong></span> <span class='ocrx_word' id='word_1_192' title='bbox 777 1715 834 1766; x_wconf 62' lang='lat' dir='ltr'><strong>[ﬁt</strong></span> <span class='ocrx_word' id='word_1_193' title='bbox 859 1716 1073 1782; x_wconf 81' lang='lat' dir='ltr'><strong>quando</strong></span> <span class='ocrx_word' id='word_1_194' title='bbox 1125 1715 1370 1768; x_wconf 74' lang='lat' dir='ltr'><strong>Salvator</strong></span> <span class='ocrx_word' id='word_1_195' title='bbox 1407 1716 1518 1784; x_wconf 79' lang='lat' dir='ltr'><strong>ipse</strong></span> <span class='ocrx_word' id='word_1_196' title='bbox 1567 1719 1724 1772; x_wconf 83' lang='lat' dir='ltr'><strong>nobis</strong></span> <span class='ocrx_word' id='word_1_197' title='bbox 1785 1722 2069 1785; x_wconf 79' lang='lat' dir='ltr'><strong>promittit,</strong></span> 
     </span>
    </p>
   </div>
   <div class='ocr_carea' id='block_1_23' title="bbox 2171 1711 3699 1794">
    <p class='ocr_par' dir='ltr' id='par_1_23' title="bbox 2181 1711 3699 1794">
     <span class='ocr_line' id='line_1_23' title="bbox 2181 1711 3699 1794; baseline 0.001 -20"><span class='ocrx_word' id='word_1_198' title='bbox 2181 1740 2292 1786; x_wconf 87' lang='grc' dir='ltr'>ται,</span> <span class='ocrx_word' id='word_1_199' title='bbox 2316 1724 2770 1793; x_wconf 75' lang='grc' dir='ltr'><strong>ἐπικαλουμένοις</strong></span> <span class='ocrx_word' id='word_1_200' title='bbox 2797 1711 2960 1787; x_wconf 77' lang='grc' dir='ltr'>εὐθὺς</span> <span class='ocrx_word' id='word_1_201' title='bbox 2988 1726 3346 1792; x_wconf 74' lang='grc' dir='ltr'>παρέσεσθαι,</span> <span class='ocrx_word' id='word_1_202' title='bbox 3370 1725 3455 1776; x_wconf 77' lang='grc' dir='ltr'><strong>καὶ</strong></span> <span class='ocrx_word' id='word_1_203' title='bbox 3481 1726 3699 1794; x_wconf 73' lang='grc' dir='ltr'>πάρεστιν</span> 
     </span>
    </p>
   </div>
   <div class='ocr_carea' id='block_1_24' title="bbox 498 1783 2069 1884">
    <p class='ocr_par' dir='ltr' id='par_1_24' title="bbox 498 1802 2069 1877">
     <span class='ocr_line' id='line_1_24' title="bbox 498 1802 2069 1877; baseline 0.002 -21"><span class='ocrx_word' id='word_1_204' title='bbox 498 1819 558 1856; x_wconf 84' lang='lat' dir='ltr'><strong>se</strong></span> <span class='ocrx_word' id='word_1_205' title='bbox 587 1802 1098 1856; x_wconf 76' lang='lat' dir='ltr'><strong>moxinvocantibns</strong></span> <span class='ocrx_word' id='word_1_206' title='bbox 1130 1805 1466 1865; x_wconf 81' lang='lat' dir='ltr'><strong>adiuturum,</strong></span> <span class='ocrx_word' id='word_1_207' title='bbox 1500 1807 1742 1876; x_wconf 84' lang='lat' dir='ltr'><strong>adeoque</strong></span> <span class='ocrx_word' id='word_1_208' title='bbox 1777 1809 2069 1877; x_wconf 71' lang='lat' dir='ltr'><strong>inaspecta.</strong></span> 
     </span>
    </p>
   </div>
   <div class='ocr_carea' id='block_1_25' title="bbox 2171 1783 3699 1884">
    <p class='ocr_par' dir='ltr' id='par_1_25' title="bbox 2183 1812 3699 1884">
     <span class='ocr_line' id='line_1_25' title="bbox 2183 1812 3699 1884; baseline -0.001 -20"><span class='ocrx_word' id='word_1_209' title='bbox 2183 1814 2246 1864; x_wconf 82' lang='grc' dir='ltr'>ὲκ</span> <span class='ocrx_word' id='word_1_210' title='bbox 2273 1812 2368 1864; x_wconf 87' lang='grc' dir='ltr'><strong>τοῦ</strong></span> <span class='ocrx_word' id='word_1_211' title='bbox 2392 1813 2656 1881; x_wconf 75' lang='grc' dir='ltr'>ἀφανοῦς,</span> <span class='ocrx_word' id='word_1_212' title='bbox 2684 1814 2781 1867; x_wconf 72' lang='grc' dir='ltr'><strong>καὶ</strong></span> <span class='ocrx_word' id='word_1_213' title='bbox 2810 1815 2996 1884; x_wconf 76' lang='grc' dir='ltr'>βοηθεῖ</span> <span class='ocrx_word' id='word_1_214' title='bbox 3024 1814 3274 1883; x_wconf 74' lang='grc' dir='ltr'>φανερῶς</span> <span class='ocrx_word' id='word_1_215' title='bbox 3299 1814 3427 1882; x_wconf 72' lang='grc' dir='ltr'>πρὸς</span> <span class='ocrx_word' id='word_1_216' title='bbox 3449 1814 3538 1880; x_wconf 80' lang='grc' dir='ltr'><strong>τὴν</strong></span> <span class='ocrx_word' id='word_1_217' title='bbox 3560 1814 3699 1881; x_wconf 77' lang='grc' dir='ltr'>σωτή·</span> 
     </span>
    </p>
   </div>
   <div class='ocr_carea' id='block_1_26' title="bbox 501 1891 2069 1973">
    <p class='ocr_par' dir='ltr' id='par_1_26' title="bbox 501 1891 2069 1955">
     <span class='ocr_line' id='line_1_26' title="bbox 501 1891 2069 1955; baseline 0.006 -11"><span class='ocrx_word' id='word_1_218' title='bbox 501 1895 680 1946; x_wconf 87' lang='lat' dir='ltr'><strong>hiltter</strong></span> <span class='ocrx_word' id='word_1_219' title='bbox 709 1891 880 1955; x_wconf 81' lang='lat' dir='ltr'><strong>adest,</strong></span> <span class='ocrx_word' id='word_1_220' title='bbox 913 1901 966 1945; x_wconf 87' lang='lat' dir='ltr'><strong>et</strong></span> <span class='ocrx_word' id='word_1_221' title='bbox 994 1892 1280 1946; x_wconf 74' lang='lat' dir='ltr'><strong>manifesto</strong></span> <span class='ocrx_word' id='word_1_222' title='bbox 1303 1894 1368 1946; x_wconf 89' lang='lat' dir='ltr'><strong>ad</strong></span> <span class='ocrx_word' id='word_1_223' title='bbox 1404 1896 1692 1949; x_wconf 88' lang='lat' dir='ltr'><strong>salutarem</strong></span> <span class='ocrx_word' id='word_1_224' title='bbox 1722 1903 1861 1953; x_wconf 88' lang='lat' dir='ltr'><strong>hanc</strong></span> <span class='ocrx_word' id='word_1_225' title='bbox 1887 1901 2069 1954; x_wconf 89' lang='lat' dir='ltr'><strong>volnu-</strong></span> 
     </span>
    </p>
   </div>
   <div class='ocr_carea' id='block_1_27' title="bbox 2171 1891 3692 1973">
    <p class='ocr_par' dir='ltr' id='par_1_27' title="bbox 2185 1899 3692 1973">
     <span class='ocr_line' id='line_1_27' title="bbox 2185 1899 3692 1973; baseline -0.003 -19"><span class='ocrx_word' id='word_1_226' title='bbox 2185 1919 2303 1971; x_wconf 82' lang='grc' dir='ltr'>ριον</span> <span class='ocrx_word' id='word_1_227' title='bbox 2331 1902 2533 1971; x_wconf 80' lang='grc' dir='ltr'>ταύτην</span> <span class='ocrx_word' id='word_1_228' title='bbox 2579 1903 2840 1973; x_wconf 78' lang='grc' dir='ltr'>βούλησιν</span> <span class='ocrx_word' id='word_1_229' title='bbox 2898 1904 3035 1955; x_wconf 78' lang='grc' dir='ltr'>πᾶσι</span> <span class='ocrx_word' id='word_1_230' title='bbox 3085 1905 3196 1964; x_wconf 84' lang='grc' dir='ltr'>τοῖς</span> <span class='ocrx_word' id='word_1_231' title='bbox 3229 1902 3385 1954; x_wconf 72' lang='grc' dir='ltr'>αὑτὸν</span> <span class='ocrx_word' id='word_1_232' title='bbox 3433 1899 3692 1967; x_wconf 68' lang='grc' dir='ltr'>ἐκζητοῦσι·</span> 
     </span>
    </p>
   </div>
   <div class='ocr_carea' id='block_1_28' title="bbox 503 1983 2069 2066">
    <p class='ocr_par' dir='ltr' id='par_1_28' title="bbox 503 1983 2069 2060">
     <span class='ocr_line' id='line_1_28' title="bbox 503 1983 2069 2060; baseline 0.006 -25"><span class='ocrx_word' id='word_1_233' title='bbox 503 1993 668 2036; x_wconf 89' lang='lat' dir='ltr'><strong>tatem</strong></span> <span class='ocrx_word' id='word_1_234' title='bbox 702 1984 856 2052; x_wconf 62' lang='lat' dir='ltr'><strong>juvat</strong></span> <span class='ocrx_word' id='word_1_235' title='bbox 906 1998 1092 2036; x_wconf 88' lang='lat' dir='ltr'><strong>omnes</strong></span> <span class='ocrx_word' id='word_1_236' title='bbox 1119 1983 1208 2050; x_wconf 90' lang='lat' dir='ltr'><strong>qui</strong></span> <span class='ocrx_word' id='word_1_237' title='bbox 1263 1986 1362 2038; x_wconf 85' lang='lat' dir='ltr'><strong>hoc</strong></span> <span class='ocrx_word' id='word_1_238' title='bbox 1420 1985 1582 2040; x_wconf 91' lang='lat' dir='ltr'><strong>abeo</strong></span> <span class='ocrx_word' id='word_1_239' title='bbox 1640 1988 1902 2056; x_wconf 71' lang='lat' dir='ltr'><strong>flagitant,</strong></span> <span class='ocrx_word' id='word_1_240' title='bbox 1962 1995 2069 2060; x_wconf 73' lang='lat' dir='ltr'><strong>quis</strong></span> 
     </span>
    </p>
   </div>
   <div class='ocr_carea' id='block_1_29' title="bbox 2171 1983 3696 2066">
    <p class='ocr_par' dir='ltr' id='par_1_29' title="bbox 2181 1992 3696 2066">
     <span class='ocr_line' id='line_1_29' title="bbox 2181 1992 3696 2066; baseline -0.002 -20"><span class='ocrx_word' id='word_1_241' title='bbox 2181 1997 2286 2058; x_wconf 84' lang='grc' dir='ltr'>τίς,</span> <span class='ocrx_word' id='word_1_242' title='bbox 2351 1999 2399 2049; x_wconf 78' lang='grc' dir='ltr'>εἰ</span> <span class='ocrx_word' id='word_1_243' title='bbox 2434 1995 2508 2066; x_wconf 76' lang='grc' dir='ltr'>μὴ</span> <span class='ocrx_word' id='word_1_244' title='bbox 2537 1996 2743 2065; x_wconf 74' lang='grc' dir='ltr'>σφόδρα</span> <span class='ocrx_word' id='word_1_245' title='bbox 2777 1997 3022 2064; x_wconf 80' lang='grc' dir='ltr'>μαίνοιτο</span> <span class='ocrx_word' id='word_1_246' title='bbox 3051 1995 3256 2056; x_wconf 67' lang='grc' dir='ltr'>δίκαιος</span> <span class='ocrx_word' id='word_1_247' title='bbox 3287 1995 3348 2048; x_wconf 75' lang='grc' dir='ltr'>ἂν</span> <span class='ocrx_word' id='word_1_248' title='bbox 3381 1994 3459 2061; x_wconf 72' lang='grc' dir='ltr'><strong>εἴη</strong></span> <span class='ocrx_word' id='word_1_249' title='bbox 3496 1992 3608 2045; x_wconf 80' lang='grc' dir='ltr'>ποτὲ</span> <span class='ocrx_word' id='word_1_250' title='bbox 3627 1993 3696 2044; x_wconf 76' lang='grc' dir='ltr'>καὶ</span> 
     </span>
    </p>
   </div>
   <div class='ocr_carea' id='block_1_30' title="bbox 502 2074 2069 2157">
    <p class='ocr_par' dir='ltr' id='par_1_30' title="bbox 502 2074 2069 2152">
     <span class='ocr_line' id='line_1_30' title="bbox 502 2074 2069 2152; baseline 0.005 -23"><span class='ocrx_word' id='word_1_251' title='bbox 502 2077 749 2136; x_wconf 86' lang='lat' dir='ltr'><strong>obsecro,</strong></span> <span class='ocrx_word' id='word_1_252' title='bbox 783 2074 888 2127; x_wconf 83' lang='lat' dir='ltr'><strong>nisi</strong></span> <span class='ocrx_word' id='word_1_253' title='bbox 913 2079 1260 2128; x_wconf 80' lang='lat' dir='ltr'><strong>vehementer</strong></span> <span class='ocrx_word' id='word_1_254' title='bbox 1315 2077 1572 2142; x_wconf 76' lang='lat' dir='ltr'><strong>insaniat,</strong></span> <span class='ocrx_word' id='word_1_255' title='bbox 1604 2089 1746 2134; x_wconf 87' lang='lat' dir='ltr'><strong>recte</strong></span> <span class='ocrx_word' id='word_1_256' title='bbox 1789 2082 1868 2135; x_wconf 88' lang='lat' dir='ltr'><strong>vel</strong></span> <span class='ocrx_word' id='word_1_257' title='bbox 1904 2083 1970 2137; x_wconf 88' lang='lat' dir='ltr'><strong>de</strong></span> <span class='ocrx_word' id='word_1_258' title='bbox 1994 2085 2069 2152; x_wconf 38' lang='lat' dir='ltr'><strong>ja.</strong></span> 
     </span>
    </p>
   </div>
   <div class='ocr_carea' id='block_1_31' title="bbox 2171 2074 3694 2157">
    <p class='ocr_par' dir='ltr' id='par_1_31' title="bbox 2182 2084 3694 2157">
     <span class='ocr_line' id='line_1_31' title="bbox 2182 2084 3694 2157; baseline -0.003 -19"><span class='ocrx_word' id='word_1_259' title='bbox 2182 2088 2308 2148; x_wconf 62' lang='grc' dir='ltr'>τοὺς</span> <span class='ocrx_word' id='word_1_260' title='bbox 2344 2090 2399 2139; x_wconf 85' lang='grc' dir='ltr'>ἐν</span> <span class='ocrx_word' id='word_1_261' title='bbox 2445 2087 2592 2155; x_wconf 74' lang='grc' dir='ltr'>αὐτῷ</span> <span class='ocrx_word' id='word_1_262' title='bbox 2631 2087 2706 2156; x_wconf 80' lang='grc' dir='ltr'><strong>τῷ</strong></span> <span class='ocrx_word' id='word_1_263' title='bbox 2742 2086 2888 2157; x_wconf 79' lang='grc' dir='ltr'>βυθῷ</span> <span class='ocrx_word' id='word_1_264' title='bbox 2921 2087 3030 2139; x_wconf 89' lang='grc' dir='ltr'><strong>τῶν</strong></span> <span class='ocrx_word' id='word_1_265' title='bbox 3065 2086 3252 2139; x_wconf 82' lang='grc' dir='ltr'>κακῶν</span> <span class='ocrx_word' id='word_1_266' title='bbox 3301 2085 3562 2154; x_wconf 70' lang='grc' dir='ltr'><strong>κειμένους</strong></span> <span class='ocrx_word' id='word_1_267' title='bbox 3588 2084 3694 2134; x_wconf 77' lang='grc' dir='ltr'>ἀπο-</span> 
     </span>
    </p>
   </div>
   <div class='ocr_carea' id='block_1_32' title="bbox 503 2167 2069 2249">
    <p class='ocr_par' dir='ltr' id='par_1_32' title="bbox 503 2167 2069 2240">
     <span class='ocr_line' id='line_1_32' title="bbox 503 2167 2069 2240; baseline 0.006 -20"><span class='ocrx_word' id='word_1_268' title='bbox 503 2167 747 2222; x_wconf 78' lang='lat' dir='ltr'><strong>rentibus</strong></span> <span class='ocrx_word' id='word_1_269' title='bbox 780 2168 832 2220; x_wconf 90' lang='lat' dir='ltr'><strong>in</strong></span> <span class='ocrx_word' id='word_1_270' title='bbox 855 2168 970 2236; x_wconf 81' lang='lat' dir='ltr'><strong>ipso</strong></span> <span class='ocrx_word' id='word_1_271' title='bbox 1018 2169 1280 2221; x_wconf 88' lang='lat' dir='ltr'><strong>malormn</strong></span> <span class='ocrx_word' id='word_1_272' title='bbox 1336 2171 1550 2238; x_wconf 76' lang='lat' dir='ltr'><strong>gurgite</strong></span> <span class='ocrx_word' id='word_1_273' title='bbox 1579 2172 1947 2240; x_wconf 77' lang='lat' dir='ltr'><strong>desperaverit</strong></span> <span class='ocrx_word' id='word_1_274' title='bbox 1978 2192 2069 2229; x_wconf 92' lang='lat' dir='ltr'><strong>nn-</strong></span> 
     </span>
    </p>
   </div>
   <div class='ocr_carea' id='block_1_33' title="bbox 2171 2167 3695 2249">
    <p class='ocr_par' dir='ltr' id='par_1_33' title="bbox 2181 2173 3695 2249">
     <span class='ocr_line' id='line_1_33' title="bbox 2181 2173 3695 2249; baseline -0.004 -21"><span class='ocrx_word' id='word_1_275' title='bbox 2181 2178 2493 2244; x_wconf 84' lang='grc' dir='ltr'>γινώσκειν,</span> <span class='ocrx_word' id='word_1_276' title='bbox 2530 2178 2666 2247; x_wconf 69' lang='grc' dir='ltr'><strong>ἐλέῳ</strong></span> <span class='ocrx_word' id='word_1_277' title='bbox 2704 2178 2851 2246; x_wconf 76' lang='grc' dir='ltr'>μόνῳ</span> <span class='ocrx_word' id='word_1_278' title='bbox 2890 2177 3253 2249; x_wconf 72' lang='grc' dir='ltr'>Θαρροῦντας,</span> <span class='ocrx_word' id='word_1_279' title='bbox 3295 2178 3384 2229; x_wconf 69' lang='grc' dir='ltr'>καὶ</span> <span class='ocrx_word' id='word_1_280' title='bbox 3413 2179 3473 2246; x_wconf 75' lang='grc' dir='ltr'>τῇ</span> <span class='ocrx_word' id='word_1_281' title='bbox 3506 2173 3695 2240; x_wconf 64' lang='grc' dir='ltr'>δυνάμει</span> 
     </span>
    </p>
   </div>
   <div class='ocr_carea' id='block_1_34' title="bbox 501 2261 2079 2333">
    <p class='ocr_par' dir='ltr' id='par_1_34' title="bbox 501 2261 2079 2333">
     <span class='ocr_line' id='line_1_34' title="bbox 501 2261 2079 2333; baseline 0.004 -17"><span class='ocrx_word' id='word_1_282' title='bbox 501 2276 690 2332; x_wconf 87' lang='lat' dir='ltr'><strong>quam,</strong></span> <span class='ocrx_word' id='word_1_283' title='bbox 711 2261 754 2316; x_wconf 90' lang='lat' dir='ltr'><strong>si</strong></span> <span class='ocrx_word' id='word_1_284' title='bbox 774 2261 872 2314; x_wconf 90' lang='lat' dir='ltr'><strong>soli</strong></span> <span class='ocrx_word' id='word_1_285' title='bbox 894 2262 1272 2314; x_wconf 46' lang='lat' dir='ltr'><strong>misericordia,</strong></span> <span class='ocrx_word' id='word_1_286' title='bbox 1294 2265 1653 2333; x_wconf 76' lang='lat' dir='ltr'><strong>potestatique</strong></span> <span class='ocrx_word' id='word_1_287' title='bbox 1683 2266 1908 2321; x_wconf 78' lang='lat' dir='ltr'><strong>ﬁdentes</strong></span> <span class='ocrx_word' id='word_1_288' title='bbox 1935 2268 2079 2323; x_wconf 89' lang='lat' dir='ltr'><strong>illius</strong></span> 
     </span>
    </p>
   </div>
   <div class='ocr_carea' id='block_1_35' title="bbox 501 2351 2078 2420">
    <p class='ocr_par' dir='ltr' id='par_1_35' title="bbox 501 2351 2078 2420">
     <span class='ocr_line' id='line_1_35' title="bbox 501 2351 2078 2420; baseline 0.003 -17"><span class='ocrx_word' id='word_1_289' title='bbox 501 2351 591 2420; x_wconf 89' lang='lat' dir='ltr'><strong>qni</strong></span> <span class='ocrx_word' id='word_1_290' title='bbox 625 2352 793 2420; x_wconf 74' lang='lat' dir='ltr'><strong>gratis</strong></span> <span class='ocrx_word' id='word_1_291' title='bbox 817 2361 1016 2416; x_wconf 78' lang='lat' dir='ltr'><strong>servat,</strong></span> <span class='ocrx_word' id='word_1_292' title='bbox 1065 2351 1422 2418; x_wconf 74' lang='lat' dir='ltr'><strong>resipiscmit?</strong></span> <span class='ocrx_word' id='word_1_293' title='bbox 1467 2351 1827 2417; x_wconf 82' lang='lat' dir='ltr'><strong>Quamobrem</strong></span> <span class='ocrx_word' id='word_1_294' title='bbox 1862 2357 1936 2410; x_wconf 88' lang='lat' dir='ltr'><strong>&#39;de</strong></span> <span class='ocrx_word' id='word_1_295' title='bbox 1960 2357 2078 2409; x_wconf 83' lang='lat' dir='ltr'><strong>ltili-</strong></span> 
     </span>
    </p>
   </div>
   <div class='ocr_carea' id='block_1_36' title="bbox 495 2443 2075 2515">
    <p class='ocr_par' dir='ltr' id='par_1_36' title="bbox 495 2443 2075 2515">
     <span class='ocr_line' id='line_1_36' title="bbox 495 2443 2075 2515; baseline 0.001 -16"><span class='ocrx_word' id='word_1_296' title='bbox 495 2446 568 2503; x_wconf 84' lang='lat' dir='ltr'><strong>lis</strong></span> <span class='ocrx_word' id='word_1_297' title='bbox 605 2446 824 2498; x_wconf 91' lang='lat' dir='ltr'><strong>omnino</strong></span> <span class='ocrx_word' id='word_1_298' title='bbox 865 2443 1281 2513; x_wconf 83' lang='lat' dir='ltr'><strong>desperandum.</strong></span> <span class='ocrx_word' id='word_1_299' title='bbox 1319 2445 1415 2498; x_wconf 78' lang='lat' dir='ltr'><strong>nisi</strong></span> <span class='ocrx_word' id='word_1_300' title='bbox 1464 2446 1551 2512; x_wconf 91' lang='lat' dir='ltr'><strong>qui</strong></span> <span class='ocrx_word' id='word_1_301' title='bbox 1612 2461 1800 2514; x_wconf 80' lang='lat' dir='ltr'><strong>magna</strong></span> <span class='ocrx_word' id='word_1_302' title='bbox 1846 2448 2075 2515; x_wconf 88' lang='lat' dir='ltr'><strong>quadam</strong></span> 
     </span>
    </p>
   </div>
   <div class='ocr_carea' id='block_1_37' title="bbox 500 2535 2078 2607">
    <p class='ocr_par' dir='ltr' id='par_1_37' title="bbox 500 2535 2078 2607">
     <span class='ocr_line' id='line_1_37' title="bbox 500 2535 2078 2607; baseline 0.003 -17"><span class='ocrx_word' id='word_1_303' title='bbox 500 2538 712 2592; x_wconf 77' lang='lat' dir='ltr'><strong>insania</strong></span> <span class='ocrx_word' id='word_1_304' title='bbox 747 2536 813 2590; x_wconf 86' lang='lat' dir='ltr'><strong>de</strong></span> <span class='ocrx_word' id='word_1_305' title='bbox 835 2536 1031 2602; x_wconf 76' lang='lat' dir='ltr'><strong>seipsis</strong></span> <span class='ocrx_word' id='word_1_306' title='bbox 1071 2537 1445 2603; x_wconf 75' lang='lat' dir='ltr'><strong>dcsperarnnt.</strong></span> <span class='ocrx_word' id='word_1_307' title='bbox 1487 2535 1621 2590; x_wconf 73' lang='lat' dir='ltr'><strong>Nam</strong></span> <span class='ocrx_word' id='word_1_308' title='bbox 1657 2549 1874 2607; x_wconf 88' lang='lat' dir='ltr'><strong>propter</strong></span> <span class='ocrx_word' id='word_1_309' title='bbox 1929 2556 2078 2594; x_wconf 80' lang='lat' dir='ltr'><strong>acer-</strong></span> 
     </span>
    </p>
   </div>
   <div class='ocr_carea' id='block_1_38' title="bbox 500 2627 2074 2697">
    <p class='ocr_par' dir='ltr' id='par_1_38' title="bbox 500 2627 2074 2697">
     <span class='ocr_line' id='line_1_38' title="bbox 500 2627 2074 2697; baseline 0.002 -16"><span class='ocrx_word' id='word_1_310' title='bbox 500 2645 622 2681; x_wconf 85' lang='lat' dir='ltr'><strong>vum</strong></span> <span class='ocrx_word' id='word_1_311' title='bbox 679 2627 1056 2694; x_wconf 87' lang='lat' dir='ltr'><strong>nmltiplicium</strong></span> <span class='ocrx_word' id='word_1_312' title='bbox 1089 2637 1434 2694; x_wconf 87' lang='lat' dir='ltr'><strong>peccatorum</strong></span> <span class='ocrx_word' id='word_1_313' title='bbox 1487 2630 1794 2697; x_wconf 82' lang='lat' dir='ltr'><strong>desperare,</strong></span> <span class='ocrx_word' id='word_1_314' title='bbox 1853 2630 2074 2684; x_wconf 87' lang='lat' dir='ltr'><strong>stultum</strong></span> 
     </span>
    </p>
   </div>
   <div class='ocr_carea' id='block_1_39' title="bbox 499 2716 2071 2788">
    <p class='ocr_par' dir='ltr' id='par_1_39' title="bbox 499 2716 2071 2788">
     <span class='ocr_line' id='line_1_39' title="bbox 499 2716 2071 2788; baseline 0.001 -18"><span class='ocrx_word' id='word_1_315' title='bbox 499 2719 721 2771; x_wconf 89' lang='lat' dir='ltr'><strong>omnino</strong></span> <span class='ocrx_word' id='word_1_316' title='bbox 760 2716 944 2782; x_wconf 76' lang='lat' dir='ltr'><strong>fuerit,</strong></span> <span class='ocrx_word' id='word_1_317' title='bbox 987 2719 1154 2771; x_wconf 90' lang='lat' dir='ltr'><strong>donec</strong></span> <span class='ocrx_word' id='word_1_318' title='bbox 1199 2718 1361 2772; x_wconf 86' lang='lat' dir='ltr'><strong>vitam</strong></span> <span class='ocrx_word' id='word_1_319' title='bbox 1406 2719 1544 2772; x_wconf 88' lang='lat' dir='ltr'><strong>hanc</strong></span> <span class='ocrx_word' id='word_1_320' title='bbox 1592 2733 1915 2788; x_wconf 87' lang='lat' dir='ltr'><strong>pra-sentem</strong></span> <span class='ocrx_word' id='word_1_321' title='bbox 1967 2739 2071 2774; x_wconf 85' lang='lat' dir='ltr'><strong>non</strong></span> 
     </span>
    </p>
   </div>
   <div class='ocr_carea' id='block_1_40' title="bbox 502 2803 2075 2875">
    <p class='ocr_par' dir='ltr' id='par_1_40' title="bbox 502 2803 2075 2875">
     <span class='ocr_line' id='line_1_40' title="bbox 502 2803 2075 2875; baseline 0 -14"><span class='ocrx_word' id='word_1_322' title='bbox 502 2803 934 2875; x_wconf 77' lang='lat' dir='ltr'><strong>deposuerimus.</strong></span> <span class='ocrx_word' id='word_1_323' title='bbox 971 2805 1100 2859; x_wconf 84' lang='lat' dir='ltr'><strong>Nam</strong></span> <span class='ocrx_word' id='word_1_324' title='bbox 1134 2807 1270 2860; x_wconf 77' lang='lat' dir='ltr'><strong>velle</strong></span> <span class='ocrx_word' id='word_1_325' title='bbox 1307 2809 1470 2861; x_wconf 84' lang='lat' dir='ltr'><strong>Deum</strong></span> <span class='ocrx_word' id='word_1_326' title='bbox 1526 2811 1902 2865; x_wconf 79' lang='lat' dir='ltr'><strong>misericordia</strong></span> <span class='ocrx_word' id='word_1_327' title='bbox 1963 2828 2075 2864; x_wconf 80' lang='lat' dir='ltr'><strong>n:o-</strong></span> 
     </span>
    </p>
   </div>
   <div class='ocr_carea' id='block_1_41' title="bbox 503 2895 2069 2985">
    <p class='ocr_par' dir='ltr' id='par_1_41' title="bbox 503 2895 2069 2964">
     <span class='ocr_line' id='line_1_41' title="bbox 503 2895 2069 2964; baseline -0.002 -12"><span class='ocrx_word' id='word_1_328' title='bbox 503 2907 612 2952; x_wconf 87' lang='lat' dir='ltr'><strong>tnm</strong></span> <span class='ocrx_word' id='word_1_329' title='bbox 643 2895 717 2949; x_wconf 90' lang='lat' dir='ltr'><strong>uti</strong></span> <span class='ocrx_word' id='word_1_330' title='bbox 747 2904 1012 2964; x_wconf 79' lang='lat' dir='ltr'><strong>potestate</strong></span> <span class='ocrx_word' id='word_1_331' title='bbox 1043 2911 1136 2949; x_wconf 88' lang='lat' dir='ltr'><strong>sua</strong></span> <span class='ocrx_word' id='word_1_332' title='bbox 1165 2911 1259 2964; x_wconf 88' lang='lat' dir='ltr'><strong>pro</strong></span> <span class='ocrx_word' id='word_1_333' title='bbox 1293 2896 1356 2950; x_wconf 92' lang='lat' dir='ltr'><strong>iis</strong></span> <span class='ocrx_word' id='word_1_334' title='bbox 1395 2896 1486 2964; x_wconf 91' lang='lat' dir='ltr'><strong>qui</strong></span> <span class='ocrx_word' id='word_1_335' title='bbox 1520 2911 1642 2949; x_wconf 86' lang='lat' dir='ltr'><strong>eum</strong></span> <span class='ocrx_word' id='word_1_336' title='bbox 1677 2896 1955 2962; x_wconf 84' lang='lat' dir='ltr'><strong>invocant,</strong></span> <span class='ocrx_word' id='word_1_337' title='bbox 1983 2913 2069 2950; x_wconf 85' lang='lat' dir='ltr'><strong>sa-</strong></span> 
     </span>
    </p>
   </div>
   <div class='ocr_carea' id='block_1_42' title="bbox 2171 2895 3703 2985">
    <p class='ocr_par' dir='ltr' id='par_1_42' title="bbox 2176 2911 3703 2985">
     <span class='ocr_line' id='line_1_42' title="bbox 2176 2911 3703 2985; baseline 0.001 -21"><span class='ocrx_word' id='word_1_338' title='bbox 2176 2914 2622 2982; x_wconf 76' lang='grc' dir='ltr'>ὲπικαλουμένων</span> <span class='ocrx_word' id='word_1_339' title='bbox 2649 2917 2906 2978; x_wconf 74' lang='grc' dir='ltr'>επιεικῶς</span> <span class='ocrx_word' id='word_1_340' title='bbox 2931 2917 3077 2978; x_wconf 76' lang='grc' dir='ltr'>εἰκός</span> <span class='ocrx_word' id='word_1_341' title='bbox 3111 2921 3279 2981; x_wconf 84' lang='grc' dir='ltr'>ἐστιν,</span> <span class='ocrx_word' id='word_1_342' title='bbox 3300 2915 3463 2985; x_wconf 67' lang='grc' dir='ltr'>οἷμαισ</span> <span class='ocrx_word' id='word_1_343' title='bbox 3487 2911 3703 2976; x_wconf 44' lang='lat' dir='ltr'><strong>dicarant</strong></span> 
     </span>
    </p>
   </div>
   <div class='ocr_carea' id='block_1_43' title="bbox 500 2986 2069 3074">
    <p class='ocr_par' dir='ltr' id='par_1_43' title="bbox 500 2986 2069 3058">
     <span class='ocr_line' id='line_1_43' title="bbox 500 2986 2069 3058; baseline 0.003 -18"><span class='ocrx_word' id='word_1_344' title='bbox 500 2989 588 3051; x_wconf 84' lang='lat' dir='ltr'><strong>tis,</strong></span> <span class='ocrx_word' id='word_1_345' title='bbox 613 2986 826 3054; x_wconf 85' lang='lat' dir='ltr'><strong>opinor,</strong></span> <span class='ocrx_word' id='word_1_346' title='bbox 859 2995 1282 3040; x_wconf 81' lang='lat' dir='ltr'><strong>consentaneum</strong></span> <span class='ocrx_word' id='word_1_347' title='bbox 1318 2995 1436 3039; x_wconf 88' lang='lat' dir='ltr'><strong>cst:</strong></span> <span class='ocrx_word' id='word_1_348' title='bbox 1476 2987 1612 3040; x_wconf 85' lang='lat' dir='ltr'><strong>idem</strong></span> <span class='ocrx_word' id='word_1_349' title='bbox 1668 2989 1712 3041; x_wconf 91' lang='lat' dir='ltr'><strong>si</strong></span> <span class='ocrx_word' id='word_1_350' title='bbox 1743 2989 1869 3058; x_wconf 86' lang='lat' dir='ltr'><strong>quid</strong></span> <span class='ocrx_word' id='word_1_351' title='bbox 1899 2990 2069 3044; x_wconf 76' lang='lat' dir='ltr'><strong>facere</strong></span> 
     </span>
    </p>
   </div>
   <div class='ocr_carea' id='block_1_44' title="bbox 2171 2986 3702 3074">
    <p class='ocr_par' dir='ltr' id='par_1_44' title="bbox 2174 3002 3702 3074">
     <span class='ocr_line' id='line_1_44' title="bbox 2174 3002 3702 3074; baseline -0.001 -21"><span class='ocrx_word' id='word_1_352' title='bbox 2174 3002 2228 3053; x_wconf 76' lang='grc' dir='ltr'>δέ</span> <span class='ocrx_word' id='word_1_353' title='bbox 2276 3020 2406 3054; x_wconf 79' lang='grc' dir='ltr'>ποτε</span> <span class='ocrx_word' id='word_1_354' title='bbox 2471 3003 2775 3070; x_wconf 68' lang='grc' dir='ltr'>θελήσαντα</span> <span class='ocrx_word' id='word_1_355' title='bbox 2829 3021 2883 3056; x_wconf 89' lang='grc' dir='ltr'><strong>τι</strong></span> <span class='ocrx_word' id='word_1_356' title='bbox 2937 3005 3350 3074; x_wconf 67' lang='grc' dir='ltr'>διαπράξασθαι</span> <span class='ocrx_word' id='word_1_357' title='bbox 3409 3005 3702 3058; x_wconf 66' lang='grc' dir='ltr'>παντάπασιν</span> 
     </span>
    </p>
   </div>
   <div class='ocr_carea' id='block_1_45' title="bbox 471 3075 2069 3178">
    <p class='ocr_par' dir='ltr' id='par_1_45' title="bbox 471 3075 2067 3143">
     <span class='ocr_line' id='line_1_45' title="bbox 471 3075 2067 3143; baseline 0 -13"><span class='ocrx_word' id='word_1_358' title='bbox 471 3078 750 3141; x_wconf 71' lang='lat' dir='ltr'><strong>.volueril,</strong></span> <span class='ocrx_word' id='word_1_359' title='bbox 772 3079 820 3128; x_wconf 92' lang='lat' dir='ltr'><strong>in</strong></span> <span class='ocrx_word' id='word_1_360' title='bbox 847 3092 910 3130; x_wconf 88' lang='lat' dir='ltr'><strong>eo</strong></span> <span class='ocrx_word' id='word_1_361' title='bbox 946 3075 1280 3142; x_wconf 77' lang='lat' dir='ltr'><strong>perliciundo</strong></span> <span class='ocrx_word' id='word_1_362' title='bbox 1305 3077 1506 3131; x_wconf 89' lang='lat' dir='ltr'><strong>viribus</strong></span> <span class='ocrx_word' id='word_1_363' title='bbox 1555 3089 1609 3130; x_wconf 88' lang='lat' dir='ltr'><strong>ut</strong></span> <span class='ocrx_word' id='word_1_364' title='bbox 1640 3079 1984 3143; x_wconf 82' lang='lat' dir='ltr'><strong>destituatur,</strong></span> <span class='ocrx_word' id='word_1_365' title='bbox 2014 3081 2067 3130; x_wconf 90' lang='lat' dir='ltr'><strong>li-</strong></span> 
     </span>
    </p>
   </div>
   <div class='ocr_carea' id='block_1_46' title="bbox 2171 3075 3701 3178">
    <p class='ocr_par' dir='ltr' id='par_1_46' title="bbox 2177 3093 3701 3167">
     <span class='ocr_line' id='line_1_46' title="bbox 2177 3093 3701 3167; baseline 0.005 -23"><span class='ocrx_word' id='word_1_366' title='bbox 2177 3093 2459 3148; x_wconf 79' lang='grc' dir='ltr'>ἁδύνατον.</span> <span class='ocrx_word' id='word_1_367' title='bbox 2509 3097 2674 3147; x_wconf 74' lang='grc' dir='ltr'>Οὐδὲν</span> <span class='ocrx_word' id='word_1_368' title='bbox 2720 3099 2828 3167; x_wconf 80' lang='grc' dir='ltr'><strong>ἀρα</strong></span> <span class='ocrx_word' id='word_1_369' title='bbox 2882 3097 3142 3151; x_wconf 63' lang='grc' dir='ltr'>λείπεται</span> <span class='ocrx_word' id='word_1_370' title='bbox 3185 3101 3296 3159; x_wconf 78' lang='grc' dir='ltr'>τοῖς</span> <span class='ocrx_word' id='word_1_371' title='bbox 3347 3100 3401 3149; x_wconf 83' lang='grc' dir='ltr'><strong>ἐν</strong></span> <span class='ocrx_word' id='word_1_372' title='bbox 3448 3095 3701 3164; x_wconf 75' lang='grc' dir='ltr'>ἁμαρτὶατς</span> 
     </span>
    </p>
   </div>
   <div class='ocr_carea' id='block_1_47' title="bbox 498 3165 2072 3234">
    <p class='ocr_par' dir='ltr' id='par_1_47' title="bbox 498 3165 2072 3234">
     <span class='ocr_line' id='line_1_47' title="bbox 498 3165 2072 3234; baseline -0.001 -9"><span class='ocrx_word' id='word_1_373' title='bbox 498 3171 577 3225; x_wconf 88' lang='lat' dir='ltr'><strong>eri</strong></span> <span class='ocrx_word' id='word_1_374' title='bbox 610 3168 754 3222; x_wconf 85' lang='lat' dir='ltr'><strong>nullo</strong></span> <span class='ocrx_word' id='word_1_375' title='bbox 783 3168 938 3221; x_wconf 85' lang='lat' dir='ltr'><strong>modo</strong></span> <span class='ocrx_word' id='word_1_376' title='bbox 966 3175 1161 3234; x_wconf 79' lang='lat' dir='ltr'><strong>potest.</strong></span> <span class='ocrx_word' id='word_1_377' title='bbox 1187 3165 1328 3218; x_wconf 84' lang='lat' dir='ltr'><strong>Nihil</strong></span> <span class='ocrx_word' id='word_1_378' title='bbox 1356 3167 1514 3232; x_wconf 75' lang='lat' dir='ltr'><strong>igitur</strong></span> <span class='ocrx_word' id='word_1_379' title='bbox 1550 3169 1616 3221; x_wconf 88' lang='lat' dir='ltr'><strong>iis</strong></span> <span class='ocrx_word' id='word_1_380' title='bbox 1667 3171 1757 3233; x_wconf 90' lang='lat' dir='ltr'><strong>qui</strong></span> <span class='ocrx_word' id='word_1_381' title='bbox 1791 3169 1994 3223; x_wconf 69' lang='lat' dir='ltr'><strong>haerent</strong></span> <span class='ocrx_word' id='word_1_382' title='bbox 2021 3177 2072 3224; x_wconf 90' lang='lat' dir='ltr'><strong>in</strong></span> 
     </span>
    </p>
   </div>
   <div class='ocr_carea' id='block_1_48' title="bbox 500 3256 2072 3331">
    <p class='ocr_par' dir='ltr' id='par_1_48' title="bbox 500 3256 2072 3331">
     <span class='ocr_line' id='line_1_48' title="bbox 500 3256 2072 3331; baseline -0.001 -16"><span class='ocrx_word' id='word_1_383' title='bbox 500 3259 763 3331; x_wconf 85' lang='lat' dir='ltr'><strong>peccatis,</strong></span> <span class='ocrx_word' id='word_1_384' title='bbox 791 3259 853 3311; x_wconf 89' lang='lat' dir='ltr'><strong>ad</strong></span> <span class='ocrx_word' id='word_1_385' title='bbox 892 3259 993 3312; x_wconf 87' lang='lat' dir='ltr'><strong>hoc</strong></span> <span class='ocrx_word' id='word_1_386' title='bbox 1024 3256 1196 3318; x_wconf 84' lang='lat' dir='ltr'><strong>deest,</strong></span> <span class='ocrx_word' id='word_1_387' title='bbox 1228 3267 1282 3309; x_wconf 92' lang='lat' dir='ltr'><strong>ut</strong></span> <span class='ocrx_word' id='word_1_388' title='bbox 1311 3257 1443 3310; x_wconf 84' lang='lat' dir='ltr'><strong>salvi</strong></span> <span class='ocrx_word' id='word_1_389' title='bbox 1482 3258 1630 3323; x_wconf 90' lang='lat' dir='ltr'><strong>liant,</strong></span> <span class='ocrx_word' id='word_1_390' title='bbox 1663 3275 1823 3326; x_wconf 88' lang='lat' dir='ltr'><strong>quam</strong></span> <span class='ocrx_word' id='word_1_391' title='bbox 1861 3272 1915 3312; x_wconf 92' lang='lat' dir='ltr'><strong>nt</strong></span> <span class='ocrx_word' id='word_1_392' title='bbox 1949 3277 2072 3330; x_wconf 67' lang='lat' dir='ltr'><strong>gnr—</strong></span> 
     </span>
    </p>
   </div>
   <div class='ocr_carea' id='block_1_49' title="bbox 503 3348 2119 3420">
    <p class='ocr_par' dir='ltr' id='par_1_49' title="bbox 503 3348 2119 3420">
     <span class='ocr_line' id='line_1_49' title="bbox 503 3348 2119 3420; baseline -0.002 -13"><span class='ocrx_word' id='word_1_393' title='bbox 503 3368 719 3407; x_wconf 87' lang='lat' dir='ltr'><strong>manam</strong></span> <span class='ocrx_word' id='word_1_394' title='bbox 739 3365 896 3420; x_wconf 82' lang='lat' dir='ltr'><strong>agere</strong></span> <span class='ocrx_word' id='word_1_395' title='bbox 915 3348 1284 3418; x_wconf 77' lang='lat' dir='ltr'><strong>pmnitentiam</strong></span> <span class='ocrx_word' id='word_1_396' title='bbox 1310 3350 1477 3403; x_wconf 78' lang='lat' dir='ltr'><strong>velint</strong></span> <span class='ocrx_word' id='word_1_397' title='bbox 1503 3364 1518 3401; x_wconf 84' lang='lat'><strong>:</strong></span> <span class='ocrx_word' id='word_1_398' title='bbox 1546 3353 1746 3419; x_wconf 84' lang='lat' dir='ltr'><strong>quippe</strong></span> <span class='ocrx_word' id='word_1_399' title='bbox 1765 3351 1853 3419; x_wconf 91' lang='lat' dir='ltr'><strong>qui</strong></span> <span class='ocrx_word' id='word_1_400' title='bbox 1877 3351 2067 3406; x_wconf 77' lang='lat' dir='ltr'><strong>JOnam</strong></span> <span class='ocrx_word' id='word_1_401' title='bbox 2115 3389 2119 3393; x_wconf 62' lang='grc'><strong><em>«</em></strong></span> 
     </span>
    </p>
   </div>
   <div class='ocr_carea' id='block_1_50' title="bbox 500 3437 2070 3505">
    <p class='ocr_par' dir='ltr' id='par_1_50' title="bbox 500 3437 2070 3505">
     <span class='ocr_line' id='line_1_50' title="bbox 500 3437 2070 3505; baseline -0.004 -8"><span class='ocrx_word' id='word_1_402' title='bbox 500 3462 529 3497; x_wconf 90' lang='lat' dir='ltr'><strong>e</strong></span> <span class='ocrx_word' id='word_1_403' title='bbox 561 3451 749 3497; x_wconf 84' lang='lat' dir='ltr'><strong>ventre</strong></span> <span class='ocrx_word' id='word_1_404' title='bbox 795 3439 982 3493; x_wconf 73' lang='lat' dir='ltr'><strong>bellua:</strong></span> <span class='ocrx_word' id='word_1_405' title='bbox 1009 3447 1171 3505; x_wconf 81' lang='lat' dir='ltr'><strong>atque</strong></span> <span class='ocrx_word' id='word_1_406' title='bbox 1207 3437 1313 3490; x_wconf 93' lang='lat' dir='ltr'><strong>imo</strong></span> <span class='ocrx_word' id='word_1_407' title='bbox 1340 3437 1504 3490; x_wconf 89' lang='lat' dir='ltr'><strong>maris</strong></span> <span class='ocrx_word' id='word_1_408' title='bbox 1533 3437 1748 3502; x_wconf 89' lang='lat' dir='ltr'><strong>eripuit,</strong></span> <span class='ocrx_word' id='word_1_409' title='bbox 1802 3437 1941 3491; x_wconf 89' lang='lat' dir='ltr'><strong>idem</strong></span> <span class='ocrx_word' id='word_1_410' title='bbox 1975 3437 2070 3490; x_wconf 90' lang='lat' dir='ltr'><strong>hos</strong></span> 
     </span>
    </p>
   </div>
   <div class='ocr_carea' id='block_1_51' title="bbox 499 3528 2068 3606">
    <p class='ocr_par' dir='ltr' id='par_1_51' title="bbox 499 3528 2068 3606">
     <span class='ocr_line' id='line_1_51' title="bbox 499 3528 2068 3606; baseline -0.002 -20"><span class='ocrx_word' id='word_1_411' title='bbox 499 3549 714 3606; x_wconf 81' lang='lat' dir='ltr'><strong>quoque</strong></span> <span class='ocrx_word' id='word_1_412' title='bbox 745 3533 814 3587; x_wconf 87' lang='lat' dir='ltr'><strong>de</strong></span> <span class='ocrx_word' id='word_1_413' title='bbox 857 3538 1046 3586; x_wconf 82' lang='lat' dir='ltr'><strong>ventre</strong></span> <span class='ocrx_word' id='word_1_414' title='bbox 1078 3528 1248 3583; x_wconf 87' lang='lat' dir='ltr'><strong>hostis</strong></span> <span class='ocrx_word' id='word_1_415' title='bbox 1302 3539 1354 3582; x_wconf 88' lang='lat' dir='ltr'><strong>et</strong></span> <span class='ocrx_word' id='word_1_416' title='bbox 1396 3529 1502 3581; x_wconf 91' lang='lat' dir='ltr'><strong>imo</strong></span> <span class='ocrx_word' id='word_1_417' title='bbox 1557 3529 1866 3584; x_wconf 85' lang='lat' dir='ltr'><strong>vitiositatis</strong></span> <span class='ocrx_word' id='word_1_418' title='bbox 1903 3529 2068 3584; x_wconf 80' lang='lat' dir='ltr'><strong>fundo</strong></span> 
     </span>
    </p>
   </div>
   <div class='ocr_carea' id='block_1_52' title="bbox 499 3616 2072 3692">
    <p class='ocr_par' dir='ltr' id='par_1_52' title="bbox 499 3616 2072 3692">
     <span class='ocr_line' id='line_1_52' title="bbox 499 3616 2072 3692; baseline -0.004 -11"><span class='ocrx_word' id='word_1_419' title='bbox 499 3626 783 3681; x_wconf 81' lang='lat' dir='ltr'><strong>extrahere</strong></span> <span class='ocrx_word' id='word_1_420' title='bbox 823 3630 1016 3692; x_wconf 91' lang='lat' dir='ltr'><strong>potest.</strong></span> <span class='ocrx_word' id='word_1_421' title='bbox 1075 3618 1235 3686; x_wconf 84' lang='lat' dir='ltr'><strong>Atqui</strong></span> <span class='ocrx_word' id='word_1_422' title='bbox 1293 3616 1440 3672; x_wconf 74' lang='lat' dir='ltr'><strong>Jona:</strong></span> <span class='ocrx_word' id='word_1_423' title='bbox 1487 3621 1825 3674; x_wconf 76' lang='lat' dir='ltr'><strong>conservatio</strong></span> <span class='ocrx_word' id='word_1_424' title='bbox 1892 3622 2072 3686; x_wconf 90' lang='lat' dir='ltr'><strong>prodi-</strong></span> 
     </span>
    </p>
   </div>
   <div class='ocr_carea' id='block_1_53' title="bbox 503 3713 2069 3787">
    <p class='ocr_par' dir='ltr' id='par_1_53' title="bbox 503 3713 2069 3787">
     <span class='ocr_line' id='line_1_53' title="bbox 503 3713 2069 3787; baseline -0.004 -14"><span class='ocrx_word' id='word_1_425' title='bbox 503 3719 650 3787; x_wconf 82' lang='lat' dir='ltr'><strong>gium</strong></span> <span class='ocrx_word' id='word_1_426' title='bbox 681 3717 952 3787; x_wconf 85' lang='lat' dir='ltr'><strong>quoddam</strong></span> <span class='ocrx_word' id='word_1_427' title='bbox 985 3719 1125 3775; x_wconf 88' lang='lat' dir='ltr'><strong>erat,</strong></span> <span class='ocrx_word' id='word_1_428' title='bbox 1164 3727 1336 3782; x_wconf 85' lang='lat' dir='ltr'><strong>neque</strong></span> <span class='ocrx_word' id='word_1_429' title='bbox 1362 3713 1672 3766; x_wconf 84' lang='lat' dir='ltr'><strong>necessario</strong></span> <span class='ocrx_word' id='word_1_430' title='bbox 1695 3714 2069 3782; x_wconf 86' lang='lat' dir='ltr'><strong>requirebatur</strong></span> 
     </span>
    </p>
   </div>
   <div class='ocr_carea' id='block_1_54' title="bbox 503 3805 2071 3872">
    <p class='ocr_par' dir='ltr' id='par_1_54' title="bbox 503 3805 2071 3872">
     <span class='ocr_line' id='line_1_54' title="bbox 503 3805 2071 3872; baseline -0.002 -9"><span class='ocrx_word' id='word_1_431' title='bbox 503 3822 561 3864; x_wconf 92' lang='lat' dir='ltr'><strong>ut</strong></span> <span class='ocrx_word' id='word_1_432' title='bbox 602 3809 746 3864; x_wconf 86' lang='lat' dir='ltr'><strong>Deus</strong></span> <span class='ocrx_word' id='word_1_433' title='bbox 801 3807 850 3860; x_wconf 88' lang='lat' dir='ltr'><strong>id</strong></span> <span class='ocrx_word' id='word_1_434' title='bbox 893 3807 1131 3872; x_wconf 75' lang='lat' dir='ltr'><strong>faceret;</strong></span> <span class='ocrx_word' id='word_1_435' title='bbox 1165 3819 1272 3857; x_wconf 92' lang='lat' dir='ltr'><strong>non</strong></span> <span class='ocrx_word' id='word_1_436' title='bbox 1328 3805 1473 3858; x_wconf 90' lang='lat' dir='ltr'><strong>enim</strong></span> <span class='ocrx_word' id='word_1_437' title='bbox 1521 3815 1670 3862; x_wconf 83' lang='lat' dir='ltr'><strong>certe</strong></span> <span class='ocrx_word' id='word_1_438' title='bbox 1711 3805 2071 3870; x_wconf 65' lang='lat' dir='ltr'><strong>ﬂagitabinius</strong></span> 
     </span>
    </p>
   </div>
   <div class='ocr_carea' id='block_1_55' title="bbox 503 3896 2068 3969">
    <p class='ocr_par' dir='ltr' id='par_1_55' title="bbox 503 3896 2068 3969">
     <span class='ocr_line' id='line_1_55' title="bbox 503 3896 2068 3969; baseline -0.001 -15"><span class='ocrx_word' id='word_1_439' title='bbox 503 3903 570 3956; x_wconf 88' lang='lat' dir='ltr'><strong>ab</strong></span> <span class='ocrx_word' id='word_1_440' title='bbox 604 3916 690 3965; x_wconf 87' lang='lat' dir='ltr'><strong>eo,</strong></span> <span class='ocrx_word' id='word_1_441' title='bbox 723 3912 1053 3969; x_wconf 79' lang='lat' dir='ltr'><strong>quaecunque</strong></span> <span class='ocrx_word' id='word_1_442' title='bbox 1098 3904 1302 3967; x_wconf 87' lang='lat' dir='ltr'><strong>potest,</strong></span> <span class='ocrx_word' id='word_1_443' title='bbox 1333 3896 1519 3951; x_wconf 84' lang='lat' dir='ltr'><strong>eadem</strong></span> <span class='ocrx_word' id='word_1_444' title='bbox 1556 3907 1612 3950; x_wconf 92' lang='lat' dir='ltr'><strong>ut</strong></span> <span class='ocrx_word' id='word_1_445' title='bbox 1664 3900 1846 3956; x_wconf 86' lang='lat' dir='ltr'><strong>omnia</strong></span> <span class='ocrx_word' id='word_1_446' title='bbox 1887 3900 2068 3966; x_wconf 81' lang='lat' dir='ltr'><strong>l&#39;aciat,</strong></span> 
     </span>
    </p>
   </div>
   <div class='ocr_carea' id='block_1_56' title="bbox 499 3988 2070 4060">
    <p class='ocr_par' dir='ltr' id='par_1_56' title="bbox 499 3988 2070 4060">
     <span class='ocr_line' id='line_1_56' title="bbox 499 3988 2070 4060; baseline 0.001 -18"><span class='ocrx_word' id='word_1_447' title='bbox 499 4008 686 4046; x_wconf 87' lang='lat' dir='ltr'><strong>verum</strong></span> <span class='ocrx_word' id='word_1_448' title='bbox 718 3991 790 4045; x_wconf 90' lang='lat' dir='ltr'><strong>uti</strong></span> <span class='ocrx_word' id='word_1_449' title='bbox 817 3988 1106 4060; x_wconf 86' lang='lat' dir='ltr'><strong>prostratis</strong></span> <span class='ocrx_word' id='word_1_450' title='bbox 1137 4002 1165 4041; x_wconf 90' lang='lat' dir='ltr'><strong>a</strong></span> <span class='ocrx_word' id='word_1_451' title='bbox 1217 3999 1456 4057; x_wconf 89' lang='lat' dir='ltr'><strong>peccato,</strong></span> <span class='ocrx_word' id='word_1_452' title='bbox 1489 3990 1580 4058; x_wconf 90' lang='lat' dir='ltr'><strong>qui</strong></span> <span class='ocrx_word' id='word_1_453' title='bbox 1629 3990 1823 4044; x_wconf 88' lang='lat' dir='ltr'><strong>deinde</strong></span> <span class='ocrx_word' id='word_1_454' title='bbox 1873 3991 2070 4060; x_wconf 73' lang='lat' dir='ltr'><strong>corrigi</strong></span> 
     </span>
    </p>
   </div>
   <div class='ocr_carea' id='block_1_57' title="bbox 498 4080 2082 4150">
    <p class='ocr_par' dir='ltr' id='par_1_57' title="bbox 498 4080 2082 4150">
     <span class='ocr_line' id='line_1_57' title="bbox 498 4080 2082 4150; baseline 0 -15"><span class='ocrx_word' id='word_1_455' title='bbox 498 4085 684 4147; x_wconf 78' lang='lat' dir='ltr'><strong>velint,</strong></span> <span class='ocrx_word' id='word_1_456' title='bbox 719 4098 934 4136; x_wconf 87' lang='lat' dir='ltr'><strong>manum</strong></span> <span class='ocrx_word' id='word_1_457' title='bbox 970 4083 1084 4150; x_wconf 88' lang='lat' dir='ltr'><strong>ipse</strong></span> <span class='ocrx_word' id='word_1_458' title='bbox 1127 4080 1386 4150; x_wconf 81' lang='lat' dir='ltr'><strong>porrigat,</strong></span> <span class='ocrx_word' id='word_1_459' title='bbox 1425 4082 1562 4135; x_wconf 86' lang='lat' dir='ltr'><strong>haud</strong></span> <span class='ocrx_word' id='word_1_460' title='bbox 1617 4083 1776 4137; x_wconf 88' lang='lat' dir='ltr'><strong>dubie</strong></span> <span class='ocrx_word' id='word_1_461' title='bbox 1825 4097 2082 4138; x_wconf 82' lang='lat' dir='ltr'><strong>necessa-</strong></span> 
     </span>
    </p>
   </div>
   <div class='ocr_carea' id='block_1_58' title="bbox 498 4170 2067 4240">
    <p class='ocr_par' dir='ltr' id='par_1_58' title="bbox 498 4170 2067 4240">
     <span class='ocr_line' id='line_1_58' title="bbox 498 4170 2067 4240; baseline -0.001 -14"><span class='ocrx_word' id='word_1_462' title='bbox 498 4175 640 4228; x_wconf 87' lang='lat' dir='ltr'><strong>rium</strong></span> <span class='ocrx_word' id='word_1_463' title='bbox 665 4182 766 4228; x_wconf 87' lang='lat' dir='ltr'><strong>cst.</strong></span> <span class='ocrx_word' id='word_1_464' title='bbox 795 4173 1158 4239; x_wconf 77' lang='lat' dir='ltr'><strong>Quamobrem</strong></span> <span class='ocrx_word' id='word_1_465' title='bbox 1179 4171 1200 4223; x_wconf 90' lang='lat'><strong>?</strong></span> <span class='ocrx_word' id='word_1_466' title='bbox 1222 4170 1483 4237; x_wconf 88' lang='lat' dir='ltr'><strong>Quouiatn</strong></span> <span class='ocrx_word' id='word_1_467' title='bbox 1513 4171 1777 4240; x_wconf 85' lang='lat' dir='ltr'><strong>istucipse</strong></span> <span class='ocrx_word' id='word_1_468' title='bbox 1800 4174 2067 4226; x_wconf 76' lang='lat' dir='ltr'><strong>facturum</strong></span> 
     </span>
    </p>
   </div>
   <div class='ocr_carea' id='block_1_59' title="bbox 495 4261 2073 4330">
    <p class='ocr_par' dir='ltr' id='par_1_59' title="bbox 495 4261 2073 4330">
     <span class='ocr_line' id='line_1_59' title="bbox 495 4261 2073 4330; baseline -0.004 -10"><span class='ocrx_word' id='word_1_469' title='bbox 495 4283 554 4320; x_wconf 82' lang='lat' dir='ltr'><strong>se</strong></span> <span class='ocrx_word' id='word_1_470' title='bbox 599 4264 867 4330; x_wconf 75' lang='lat' dir='ltr'><strong>promisit,</strong></span> <span class='ocrx_word' id='word_1_471' title='bbox 912 4263 1037 4314; x_wconf 91' lang='lat' dir='ltr'><strong>dum</strong></span> <span class='ocrx_word' id='word_1_472' title='bbox 1074 4261 1139 4314; x_wconf 93' lang='lat' dir='ltr'><strong>ad</strong></span> <span class='ocrx_word' id='word_1_473' title='bbox 1174 4262 1487 4327; x_wconf 86' lang='lat' dir='ltr'><strong>petendum,</strong></span> <span class='ocrx_word' id='word_1_474' title='bbox 1525 4271 1577 4314; x_wconf 90' lang='lat' dir='ltr'><strong>et</strong></span> <span class='ocrx_word' id='word_1_475' title='bbox 1610 4267 1982 4328; x_wconf 71' lang='lat' dir='ltr'><strong>quan-endum,</strong></span> <span class='ocrx_word' id='word_1_476' title='bbox 2019 4272 2073 4316; x_wconf 91' lang='lat' dir='ltr'><strong>et</strong></span> 
     </span>
    </p>
   </div>
   <div class='ocr_carea' id='block_1_60' title="bbox 498 4350 2075 4425">
    <p class='ocr_par' dir='ltr' id='par_1_60' title="bbox 498 4350 2075 4425">
     <span class='ocr_line' id='line_1_60' title="bbox 498 4350 2075 4425; baseline 0.001 -19"><span class='ocrx_word' id='word_1_477' title='bbox 498 4356 819 4425; x_wconf 88' lang='lat' dir='ltr'><strong>pulsandum</strong></span> <span class='ocrx_word' id='word_1_478' title='bbox 855 4354 1098 4404; x_wconf 89' lang='lat' dir='ltr'><strong>hortatur</strong></span> <span class='ocrx_word' id='word_1_479' title='bbox 1141 4353 1439 4404; x_wconf 88' lang='lat' dir='ltr'><strong>universos.</strong></span> <span class='ocrx_word' id='word_1_480' title='bbox 1471 4350 1740 4406; x_wconf 81' lang='lat' dir='ltr'><strong>Nonenim</strong></span> <span class='ocrx_word' id='word_1_481' title='bbox 1763 4364 1820 4408; x_wconf 91' lang='lat' dir='ltr'><strong>ut</strong></span> <span class='ocrx_word' id='word_1_482' title='bbox 1853 4355 1938 4407; x_wconf 89' lang='lat' dir='ltr'><strong>illa</strong></span> <span class='ocrx_word' id='word_1_483' title='bbox 1959 4357 2075 4423; x_wconf 89' lang='lat' dir='ltr'><strong>qui-</strong></span> 
     </span>
    </p>
   </div>
   <div class='ocr_carea' id='block_1_61' title="bbox 2264 1263 3696 1338">
    <p class='ocr_par' dir='ltr' id='par_1_61' title="bbox 2264 1263 3696 1338">
     <span class='ocr_line' id='line_1_61' title="bbox 2264 1263 3696 1338; baseline 0.003 -19"><span class='ocrx_word' id='word_1_484' title='bbox 2264 1267 2325 1319; x_wconf 76' lang='grc' dir='ltr'><strong>Εἰ</strong></span> <span class='ocrx_word' id='word_1_485' title='bbox 2355 1267 2448 1319; x_wconf 81' lang='grc' dir='ltr'><strong>οὖν</strong></span> <span class='ocrx_word' id='word_1_486' title='bbox 2474 1268 2537 1337; x_wconf 85' lang='grc' dir='ltr'><strong>δὴ</strong></span> <span class='ocrx_word' id='word_1_487' title='bbox 2573 1269 2749 1322; x_wconf 80' lang='grc' dir='ltr'>ταῦτα</span> <span class='ocrx_word' id='word_1_488' title='bbox 2778 1270 2925 1322; x_wconf 81' lang='grc' dir='ltr'>δοκεῖ</span> <span class='ocrx_word' id='word_1_489' title='bbox 2955 1270 3143 1338; x_wconf 71' lang='grc' dir='ltr'>(δόξειε</span> <span class='ocrx_word' id='word_1_490' title='bbox 3169 1271 3213 1323; x_wconf 75' lang='grc' dir='ltr'>δ’</span> <span class='ocrx_word' id='word_1_491' title='bbox 3240 1271 3303 1324; x_wconf 83' lang='grc' dir='ltr'>ἂν</span> <span class='ocrx_word' id='word_1_492' title='bbox 3339 1271 3576 1337; x_wconf 55' lang='lat' dir='ltr'><strong>triticum,</strong></span> <span class='ocrx_word' id='word_1_493' title='bbox 3615 1263 3696 1323; x_wconf 70' lang='grc' dir='ltr'><strong>ποῖ</strong></span> 
     </span>
    </p>
   </div>
   <div class='ocr_carea' id='block_1_62' title="bbox 2190 1358 3698 1432">
    <p class='ocr_par' dir='ltr' id='par_1_62' title="bbox 2190 1358 3698 1432">
     <span class='ocr_line' id='line_1_62' title="bbox 2190 1358 3698 1432; baseline 0.003 -22"><span class='ocrx_word' id='word_1_494' title='bbox 2190 1358 2385 1427; x_wconf 75' lang='grc' dir='ltr'>καιρὸν</span> <span class='ocrx_word' id='word_1_495' title='bbox 2417 1360 2540 1427; x_wconf 79' lang='grc' dir='ltr'>ἕχον</span> <span class='ocrx_word' id='word_1_496' title='bbox 2575 1362 2712 1426; x_wconf 76' lang='grc' dir='ltr'>ἐστὶ,</span> <span class='ocrx_word' id='word_1_497' title='bbox 2747 1362 2839 1414; x_wconf 72' lang='grc' dir='ltr'><strong>τὸν</strong></span> <span class='ocrx_word' id='word_1_498' title='bbox 2867 1363 3120 1414; x_wconf 77' lang='grc' dir='ltr'>ἐνταυθοῖ</span> <span class='ocrx_word' id='word_1_499' title='bbox 3151 1364 3473 1430; x_wconf 67' lang='grc' dir='ltr'><strong>φαυλότατον</strong></span> <span class='ocrx_word' id='word_1_500' title='bbox 3501 1365 3583 1415; x_wconf 73' lang='grc' dir='ltr'><strong>καὶ</strong></span> <span class='ocrx_word' id='word_1_501' title='bbox 3607 1364 3698 1432; x_wconf 80' lang='grc' dir='ltr'><strong>χεί-</strong></span> 
     </span>
    </p>
   </div>
   <div class='ocr_carea' id='block_1_63' title="bbox 2193 1451 3697 1523">
    <p class='ocr_par' dir='ltr' id='par_1_63' title="bbox 2193 1451 3697 1523">
     <span class='ocr_line' id='line_1_63' title="bbox 2193 1451 3697 1523; baseline 0.004 -24"><span class='ocrx_word' id='word_1_502' title='bbox 2193 1465 2374 1516; x_wconf 84' lang='grc' dir='ltr'>ριστον</span> <span class='ocrx_word' id='word_1_503' title='bbox 2420 1451 2758 1518; x_wconf 76' lang='grc' dir='ltr'>ἀπογνῶναι,</span> <span class='ocrx_word' id='word_1_504' title='bbox 2803 1454 2858 1504; x_wconf 84' lang='grc' dir='ltr'>ὲν</span> <span class='ocrx_word' id='word_1_505' title='bbox 2889 1456 3070 1523; x_wconf 77' lang='grc' dir='ltr'>χεροῖν</span> <span class='ocrx_word' id='word_1_506' title='bbox 3103 1453 3162 1504; x_wconf 84' lang='grc' dir='ltr'><strong>τὸ</strong></span> <span class='ocrx_word' id='word_1_507' title='bbox 3213 1453 3486 1521; x_wconf 80' lang='grc' dir='ltr'>φάρμακον</span> <span class='ocrx_word' id='word_1_508' title='bbox 3521 1453 3697 1522; x_wconf 72' lang='grc' dir='ltr'>ἔχοντα,</span> 
     </span>
    </p>
   </div>
   <div class='ocr_carea' id='block_1_64' title="bbox 2182 1539 3698 1613">
    <p class='ocr_par' dir='ltr' id='par_1_64' title="bbox 2182 1539 3698 1613">
     <span class='ocr_line' id='line_1_64' title="bbox 2182 1539 3698 1613; baseline 0.004 -23"><span class='ocrx_word' id='word_1_509' title='bbox 2182 1540 2281 1607; x_wconf 83' lang='grc' dir='ltr'><strong>τὴν</strong></span> <span class='ocrx_word' id='word_1_510' title='bbox 2318 1539 2599 1604; x_wconf 78' lang='grc' dir='ltr'>σώζουσαν</span> <span class='ocrx_word' id='word_1_511' title='bbox 2639 1544 2955 1612; x_wconf 85' lang='grc' dir='ltr'>μετάνοιαν,</span> <span class='ocrx_word' id='word_1_512' title='bbox 2991 1543 3065 1606; x_wconf 82' lang='grc' dir='ltr'>ὡς</span> <span class='ocrx_word' id='word_1_513' title='bbox 3098 1545 3201 1595; x_wconf 85' lang='grc' dir='ltr'><strong>κάν</strong></span> <span class='ocrx_word' id='word_1_514' title='bbox 3243 1547 3352 1605; x_wconf 81' lang='grc' dir='ltr'>τοῖς</span> <span class='ocrx_word' id='word_1_515' title='bbox 3385 1544 3698 1613; x_wconf 75' lang='grc' dir='ltr'>προλαϐοῦσιν</span> 
     </span>
    </p>
   </div>
   <div class='ocr_carea' id='block_1_65' title="bbox 2181 2269 3696 2354">
    <p class='ocr_par' dir='ltr' id='par_1_65' title="bbox 2181 2269 3696 2354">
     <span class='ocr_line' id='line_1_65' title="bbox 2181 2269 3696 2354; baseline -0.004 -30"><span class='ocrx_word' id='word_1_516' title='bbox 2181 2273 2275 2326; x_wconf 87' lang='grc' dir='ltr'><strong>τοῦ</strong></span> <span class='ocrx_word' id='word_1_517' title='bbox 2304 2274 2506 2342; x_wconf 84' lang='grc' dir='ltr'>προῖκα</span> <span class='ocrx_word' id='word_1_518' title='bbox 2537 2272 2803 2337; x_wconf 74' lang='grc' dir='ltr'><strong>σώζοντος</strong></span> <span class='ocrx_word' id='word_1_519' title='bbox 2823 2273 3306 2342; x_wconf 70' lang='grc' dir='ltr'>μεταμελομένους</span> <span class='ocrx_word' id='word_1_520' title='bbox 3331 2291 3344 2335; x_wconf 88' lang='grc'><strong>;</strong></span> <span class='ocrx_word' id='word_1_521' title='bbox 3367 2270 3506 2354; x_wconf 35' lang='lat' dir='ltr'><strong>”‘tlat‘</strong></span> <span class='ocrx_word' id='word_1_522' title='bbox 3522 2269 3696 2328; x_wconf 74' lang='grc' dir='ltr'>οὐδένας</span> 
     </span>
    </p>
   </div>
   <div class='ocr_carea' id='block_1_66' title="bbox 2181 2357 3698 2436">
    <p class='ocr_par' dir='ltr' id='par_1_66' title="bbox 2181 2357 3698 2436">
     <span class='ocr_line' id='line_1_66' title="bbox 2181 2357 3698 2436; baseline -0.005 -20"><span class='ocrx_word' id='word_1_523' title='bbox 2181 2381 2242 2430; x_wconf 86' lang='grc' dir='ltr'><strong>γε</strong></span> <span class='ocrx_word' id='word_1_524' title='bbox 2272 2365 2379 2418; x_wconf 86' lang='grc' dir='ltr'><strong>τῶν</strong></span> <span class='ocrx_word' id='word_1_525' title='bbox 2405 2365 2625 2418; x_wconf 83' lang='grc' dir='ltr'>πάντων</span> <span class='ocrx_word' id='word_1_526' title='bbox 2649 2365 3036 2432; x_wconf 81' lang='grc' dir='ltr'>ἀπογνωστέον</span> <span class='ocrx_word' id='word_1_527' title='bbox 3063 2367 3201 2436; x_wconf 62' lang='grc' dir='ltr'>ἡμῖν</span> <span class='ocrx_word' id='word_1_528' title='bbox 3228 2363 3288 2416; x_wconf 67' lang='lat' dir='ltr'><strong>an</strong></span> <span class='ocrx_word' id='word_1_529' title='bbox 3315 2364 3417 2430; x_wconf 78' lang='grc' dir='ltr'>εἴη,</span> <span class='ocrx_word' id='word_1_530' title='bbox 3444 2363 3484 2412; x_wconf 82' lang='grc' dir='ltr'>εἰ</span> <span class='ocrx_word' id='word_1_531' title='bbox 3514 2359 3577 2432; x_wconf 82' lang='grc' dir='ltr'>μὴ</span> <span class='ocrx_word' id='word_1_532' title='bbox 3600 2357 3698 2418; x_wconf 71' lang='grc' dir='ltr'>τοὺς</span> 
     </span>
    </p>
   </div>
   <div class='ocr_carea' id='block_1_67' title="bbox 2181 2449 3698 2526">
    <p class='ocr_par' dir='ltr' id='par_1_67' title="bbox 2181 2449 3698 2526">
     <span class='ocr_line' id='line_1_67' title="bbox 2181 2449 3698 2526; baseline -0.004 -19"><span class='ocrx_word' id='word_1_533' title='bbox 2181 2458 2322 2526; x_wconf 78' lang='grc' dir='ltr'>σφᾶς</span> <span class='ocrx_word' id='word_1_534' title='bbox 2354 2473 2417 2523; x_wconf 85' lang='grc' dir='ltr'><strong>γε</strong></span> <span class='ocrx_word' id='word_1_535' title='bbox 2448 2457 2647 2519; x_wconf 73' lang='grc' dir='ltr'>αὐτοὺς</span> <span class='ocrx_word' id='word_1_536' title='bbox 2677 2456 3070 2523; x_wconf 81' lang='grc' dir='ltr'><strong>ἀπεγνωκότας</strong></span> <span class='ocrx_word' id='word_1_537' title='bbox 3113 2455 3278 2522; x_wconf 72' lang='grc' dir='ltr'>πολλῇ</span> <span class='ocrx_word' id='word_1_538' title='bbox 3313 2454 3487 2523; x_wconf 73' lang='grc' dir='ltr'>μανίᾳ.</span> <span class='ocrx_word' id='word_1_539' title='bbox 3511 2453 3593 2502; x_wconf 76' lang='grc' dir='ltr'><strong>Διὰ</strong></span> <span class='ocrx_word' id='word_1_540' title='bbox 3615 2449 3698 2515; x_wconf 76' lang='grc' dir='ltr'>γὰρ</span> 
     </span>
    </p>
   </div>
   <div class='ocr_carea' id='block_1_68' title="bbox 2181 2541 3700 2617">
    <p class='ocr_par' dir='ltr' id='par_1_68' title="bbox 2181 2541 3700 2617">
     <span class='ocr_line' id='line_1_68' title="bbox 2181 2541 3700 2617; baseline -0.005 -17"><span class='ocrx_word' id='word_1_541' title='bbox 2181 2547 2356 2617; x_wconf 77' lang='grc' dir='ltr'>σωρὸν</span> <span class='ocrx_word' id='word_1_542' title='bbox 2384 2549 2802 2617; x_wconf 82' lang='grc' dir='ltr'>ἁμαρτημάτων</span> <span class='ocrx_word' id='word_1_543' title='bbox 2835 2546 3209 2599; x_wconf 75' lang='grc' dir='ltr'>παντοδαπῶν</span> <span class='ocrx_word' id='word_1_544' title='bbox 3243 2545 3424 2613; x_wconf 62' lang='grc' dir='ltr'>εὔηθες</span> <span class='ocrx_word' id='word_1_545' title='bbox 3463 2541 3700 2596; x_wconf 75' lang='grc' dir='ltr'>παντάπα-</span> 
     </span>
    </p>
   </div>
   <div class='ocr_carea' id='block_1_69' title="bbox 2181 2636 3700 2709">
    <p class='ocr_par' dir='ltr' id='par_1_69' title="bbox 2181 2636 3700 2709">
     <span class='ocr_line' id='line_1_69' title="bbox 2181 2636 3700 2709; baseline -0.005 -19"><span class='ocrx_word' id='word_1_546' title='bbox 2181 2655 2264 2690; x_wconf 80' lang='grc' dir='ltr'><strong>σιν</strong></span> <span class='ocrx_word' id='word_1_547' title='bbox 2299 2638 2640 2706; x_wconf 85' lang='grc' dir='ltr'>ἀπογνῶναι,</span> <span class='ocrx_word' id='word_1_548' title='bbox 2668 2639 2771 2700; x_wconf 76' lang='grc' dir='ltr'>ἓως</span> <span class='ocrx_word' id='word_1_549' title='bbox 2798 2639 2862 2692; x_wconf 85' lang='grc' dir='ltr'><strong>ἂν</strong></span> <span class='ocrx_word' id='word_1_550' title='bbox 2901 2639 2974 2708; x_wconf 80' lang='grc' dir='ltr'>μὴ</span> <span class='ocrx_word' id='word_1_551' title='bbox 3004 2641 3113 2709; x_wconf 81' lang='grc' dir='ltr'>τὴν</span> <span class='ocrx_word' id='word_1_552' title='bbox 3145 2639 3419 2708; x_wconf 77' lang='grc' dir='ltr'>παροῦσαν</span> <span class='ocrx_word' id='word_1_553' title='bbox 3445 2637 3570 2702; x_wconf 74' lang='grc' dir='ltr'>ζωὴν</span> <span class='ocrx_word' id='word_1_554' title='bbox 3595 2636 3700 2686; x_wconf 78' lang='grc' dir='ltr'>ἀπο-</span> 
     </span>
    </p>
   </div>
   <div class='ocr_carea' id='block_1_70' title="bbox 2179 2727 3699 2800">
    <p class='ocr_par' dir='ltr' id='par_1_70' title="bbox 2179 2727 3699 2800">
     <span class='ocr_line' id='line_1_70' title="bbox 2179 2727 3699 2800; baseline -0.004 -20"><span class='ocrx_word' id='word_1_555' title='bbox 2179 2728 2420 2798; x_wconf 81' lang='grc' dir='ltr'>θώμεθα.</span> <span class='ocrx_word' id='word_1_556' title='bbox 2477 2728 2712 2797; x_wconf 76' lang='grc' dir='ltr'>Θελῆσαι</span> <span class='ocrx_word' id='word_1_557' title='bbox 2768 2731 2867 2798; x_wconf 85' lang='grc' dir='ltr'><strong>μὲν</strong></span> <span class='ocrx_word' id='word_1_558' title='bbox 2923 2733 3032 2800; x_wconf 74' lang='grc' dir='ltr'><strong>γάρ</strong></span> <span class='ocrx_word' id='word_1_559' title='bbox 3080 2731 3185 2782; x_wconf 63' lang='grc' dir='ltr'>τον</span> <span class='ocrx_word' id='word_1_560' title='bbox 3239 2732 3365 2783; x_wconf 74' lang='grc' dir='ltr'>Θεὸν</span> <span class='ocrx_word' id='word_1_561' title='bbox 3415 2730 3510 2781; x_wconf 70' lang='grc' dir='ltr'><strong>ὑπο</strong></span> <span class='ocrx_word' id='word_1_562' title='bbox 3555 2727 3699 2784; x_wconf 76' lang='grc' dir='ltr'>ὲλέους</span> 
     </span>
    </p>
   </div>
   <div class='ocr_carea' id='block_1_71' title="bbox 2177 2817 3702 2895">
    <p class='ocr_par' dir='ltr' id='par_1_71' title="bbox 2177 2817 3702 2895">
     <span class='ocr_line' id='line_1_71' title="bbox 2177 2817 3702 2895; baseline -0.003 -23"><span class='ocrx_word' id='word_1_563' title='bbox 2177 2821 2502 2889; x_wconf 79' lang='grc' dir='ltr'>κινούμενον</span> <span class='ocrx_word' id='word_1_564' title='bbox 2546 2827 2608 2890; x_wconf 76' lang='grc' dir='ltr'>τῇ</span> <span class='ocrx_word' id='word_1_565' title='bbox 2647 2823 2874 2892; x_wconf 81' lang='grc' dir='ltr'>δυνάμει</span> <span class='ocrx_word' id='word_1_566' title='bbox 2925 2825 3244 2892; x_wconf 65' lang='grc' dir='ltr'>χρήσασθαι</span> <span class='ocrx_word' id='word_1_567' title='bbox 3275 2824 3405 2890; x_wconf 78' lang='grc' dir='ltr'>ὑπὲρ</span> <span class='ocrx_word' id='word_1_568' title='bbox 3447 2821 3543 2872; x_wconf 84' lang='grc' dir='ltr'><strong>τῶν</strong></span> <span class='ocrx_word' id='word_1_569' title='bbox 3572 2817 3702 2895; x_wconf 57' lang='grc' dir='ltr'>αὐτον</span> 
     </span>
    </p>
   </div>
   <div class='ocr_carea' id='block_1_72' title="bbox 2179 3186 3700 3258">
    <p class='ocr_par' dir='ltr' id='par_1_72' title="bbox 2179 3186 3700 3258">
     <span class='ocr_line' id='line_1_72' title="bbox 2179 3186 3700 3258; baseline -0.001 -22"><span class='ocrx_word' id='word_1_570' title='bbox 2179 3186 2312 3255; x_wconf 72' lang='grc' dir='ltr'>πρὸς</span> <span class='ocrx_word' id='word_1_571' title='bbox 2335 3187 2394 3238; x_wconf 81' lang='grc' dir='ltr'><strong>τὸ</strong></span> <span class='ocrx_word' id='word_1_572' title='bbox 2423 3186 2684 3256; x_wconf 79' lang='grc' dir='ltr'>σωθῆναι,</span> <span class='ocrx_word' id='word_1_573' title='bbox 2715 3187 2746 3256; x_wconf 82' lang='grc' dir='ltr'><strong>ἦ</strong></span> <span class='ocrx_word' id='word_1_574' title='bbox 2780 3190 2837 3239; x_wconf 70' lang='grc' dir='ltr'><strong>τὸ</strong></span> <span class='ocrx_word' id='word_1_575' title='bbox 2863 3188 3091 3257; x_wconf 71' lang='grc' dir='ltr'>θελῆσαι</span> <span class='ocrx_word' id='word_1_576' title='bbox 3131 3191 3365 3257; x_wconf 79' lang='grc' dir='ltr'>γνησίως</span> <span class='ocrx_word' id='word_1_577' title='bbox 3394 3188 3700 3258; x_wconf 66' lang='grc' dir='ltr'>μετανοῆσαι.</span> 
     </span>
    </p>
   </div>
   <div class='ocr_carea' id='block_1_73' title="bbox 2189 3278 3702 3353">
    <p class='ocr_par' dir='ltr' id='par_1_73' title="bbox 2189 3278 3702 3353">
     <span class='ocr_line' id='line_1_73' title="bbox 2189 3278 3702 3353; baseline 0.008 -27"><span class='ocrx_word' id='word_1_578' title='bbox 2189 3278 2249 3329; x_wconf 81' lang='lat' dir='ltr'><strong>&#39;U</strong></span> <span class='ocrx_word' id='word_1_579' title='bbox 2277 3279 2456 3330; x_wconf 82' lang='grc' dir='ltr'>τοίνυν</span> <span class='ocrx_word' id='word_1_580' title='bbox 2484 3280 2577 3330; x_wconf 68' lang='grc' dir='ltr'><strong>καὶ</strong></span> <span class='ocrx_word' id='word_1_581' title='bbox 2605 3280 2697 3330; x_wconf 64' lang='grc' dir='ltr'>τὸν</span> <span class='ocrx_word' id='word_1_582' title='bbox 2730 3281 2916 3333; x_wconf 81' lang='grc' dir='ltr'>Ἰωνᾶν</span> <span class='ocrx_word' id='word_1_583' title='bbox 2949 3281 3126 3350; x_wconf 58' lang='grc' dir='ltr'>θηρὸς</span> <span class='ocrx_word' id='word_1_584' title='bbox 3152 3284 3382 3353; x_wconf 71' lang='grc' dir='ltr'>γαστρὸς</span> <span class='ocrx_word' id='word_1_585' title='bbox 3407 3279 3702 3350; x_wconf 66' lang='grc' dir='ltr'>ἀναρπάσας.</span> 
     </span>
    </p>
   </div>
   <div class='ocr_carea' id='block_1_74' title="bbox 2174 3355 3704 3441">
    <p class='ocr_par' dir='ltr' id='par_1_74' title="bbox 2174 3369 3704 3441">
     <span class='ocr_line' id='line_1_74' title="bbox 2174 3369 3704 3441; baseline -0.001 -21"><span class='ocrx_word' id='word_1_586' title='bbox 2174 3372 2268 3421; x_wconf 70' lang='grc' dir='ltr'><strong>καὶ</strong></span> <span class='ocrx_word' id='word_1_587' title='bbox 2301 3369 2593 3422; x_wconf 80' lang='grc' dir='ltr'>θαλαττίου</span> <span class='ocrx_word' id='word_1_588' title='bbox 2643 3372 2834 3441; x_wconf 79' lang='grc' dir='ltr'>βυθοῦ,</span> <span class='ocrx_word' id='word_1_589' title='bbox 2867 3373 3092 3426; x_wconf 81' lang='grc' dir='ltr'>δύναται</span> <span class='ocrx_word' id='word_1_590' title='bbox 3146 3378 3240 3428; x_wconf 75' lang='grc' dir='ltr'><strong>καὶ</strong></span> <span class='ocrx_word' id='word_1_591' title='bbox 3275 3376 3540 3427; x_wconf 73' lang='grc' dir='ltr'>τουτουσὶν</span> <span class='ocrx_word' id='word_1_592' title='bbox 3577 3369 3704 3423; x_wconf 75' lang='grc' dir='ltr'>ἀνελο</span> 
     </span>
    </p>
   </div>
   <div class='ocr_carea' id='block_1_75' title="bbox 2174 3457 3703 3529">
    <p class='ocr_par' dir='ltr' id='par_1_75' title="bbox 2174 3457 3703 3529">
     <span class='ocr_line' id='line_1_75' title="bbox 2174 3457 3703 3529; baseline -0.003 -20"><span class='ocrx_word' id='word_1_593' title='bbox 2174 3457 2338 3509; x_wconf 80' lang='grc' dir='ltr'>κύσαι</span> <span class='ocrx_word' id='word_1_594' title='bbox 2363 3458 2462 3527; x_wconf 79' lang='grc' dir='ltr'>τῆς</span> <span class='ocrx_word' id='word_1_595' title='bbox 2487 3475 2545 3510; x_wconf 90' lang='grc' dir='ltr'><strong>τε</strong></span> <span class='ocrx_word' id='word_1_596' title='bbox 2571 3461 2810 3528; x_wconf 80' lang='grc' dir='ltr'>γαστρὸς</span> <span class='ocrx_word' id='word_1_597' title='bbox 2833 3460 2928 3511; x_wconf 90' lang='grc' dir='ltr'><strong>τοῦ</strong></span> <span class='ocrx_word' id='word_1_598' title='bbox 2956 3461 3186 3529; x_wconf 82' lang='grc' dir='ltr'>ἐχθροῦ,</span> <span class='ocrx_word' id='word_1_599' title='bbox 3208 3461 3407 3513; x_wconf 73' lang='grc' dir='ltr'>καὶτοῦ</span> <span class='ocrx_word' id='word_1_600' title='bbox 3428 3462 3517 3525; x_wconf 69' lang='grc' dir='ltr'>τῆς</span> <span class='ocrx_word' id='word_1_601' title='bbox 3540 3457 3703 3516; x_wconf 64' lang='grc' dir='ltr'>κακίας</span> 
     </span>
    </p>
   </div>
   <div class='ocr_carea' id='block_1_76' title="bbox 2174 3543 3704 3623">
    <p class='ocr_par' dir='ltr' id='par_1_76' title="bbox 2174 3543 3704 3623">
     <span class='ocr_line' id='line_1_76' title="bbox 2174 3543 3704 3623; baseline 0 -24"><span class='ocrx_word' id='word_1_602' title='bbox 2174 3547 2360 3618; x_wconf 83' lang='grc' dir='ltr'>βυθοῦ.</span> <span class='ocrx_word' id='word_1_603' title='bbox 2395 3549 2588 3601; x_wconf 78' lang='grc' dir='ltr'>Καίτοι</span> <span class='ocrx_word' id='word_1_604' title='bbox 2641 3549 2700 3602; x_wconf 78' lang='grc' dir='ltr'>τὸ</span> <span class='ocrx_word' id='word_1_605' title='bbox 2740 3548 2835 3602; x_wconf 85' lang='grc' dir='ltr'><strong>τοῦ</strong></span> <span class='ocrx_word' id='word_1_606' title='bbox 2877 3551 3032 3604; x_wconf 86' lang='grc' dir='ltr'><strong>Ἰωνᾶ</strong></span> <span class='ocrx_word' id='word_1_607' title='bbox 3077 3553 3276 3622; x_wconf 80' lang='grc' dir='ltr'>θαῦμα</span> <span class='ocrx_word' id='word_1_608' title='bbox 3312 3549 3398 3623; x_wconf 74' lang='grc' dir='ltr'>ἦν,</span> <span class='ocrx_word' id='word_1_609' title='bbox 3427 3554 3513 3604; x_wconf 72' lang='grc' dir='ltr'>καὶ</span> <span class='ocrx_word' id='word_1_610' title='bbox 3544 3551 3626 3602; x_wconf 75' lang='grc' dir='ltr'><strong>οὐκ</strong></span> <span class='ocrx_word' id='word_1_611' title='bbox 3652 3543 3704 3611; x_wconf 78' lang='grc' dir='ltr'>ἦν</span> 
     </span>
    </p>
   </div>
   <div class='ocr_carea' id='block_1_77' title="bbox 2173 3640 3699 3714">
    <p class='ocr_par' dir='ltr' id='par_1_77' title="bbox 2173 3640 3699 3714">
     <span class='ocr_line' id='line_1_77' title="bbox 2173 3640 3699 3714; baseline -0.005 -21"><span class='ocrx_word' id='word_1_612' title='bbox 2173 3641 2386 3709; x_wconf 81' lang='grc' dir='ltr'>ἀνάγκη</span> <span class='ocrx_word' id='word_1_613' title='bbox 2416 3640 2575 3694; x_wconf 90' lang='grc' dir='ltr'>τοῦτο</span> <span class='ocrx_word' id='word_1_614' title='bbox 2609 3641 2855 3712; x_wconf 82' lang='grc' dir='ltr'>ποιῆσαι.</span> <span class='ocrx_word' id='word_1_615' title='bbox 2889 3643 2962 3696; x_wconf 74' lang='grc' dir='ltr'><strong>Οὐ</strong></span> <span class='ocrx_word' id='word_1_616' title='bbox 3003 3643 3117 3713; x_wconf 71' lang='grc' dir='ltr'>γὰρ</span> <span class='ocrx_word' id='word_1_617' title='bbox 3161 3647 3526 3714; x_wconf 81' lang='grc' dir='ltr'>ἁπαιτήσομεν</span> <span class='ocrx_word' id='word_1_618' title='bbox 3551 3640 3699 3696; x_wconf 60' lang='grc' dir='ltr'>αὑτὸν,</span> 
     </span>
    </p>
   </div>
   <div class='ocr_carea' id='block_1_78' title="bbox 2171 3731 3701 3801">
    <p class='ocr_par' dir='ltr' id='par_1_78' title="bbox 2171 3731 3701 3801">
     <span class='ocr_line' id='line_1_78' title="bbox 2171 3731 3701 3801; baseline 0.001 -18"><span class='ocrx_word' id='word_1_619' title='bbox 2171 3731 2270 3784; x_wconf 83' lang='grc' dir='ltr'>ὅσα</span> <span class='ocrx_word' id='word_1_620' title='bbox 2304 3731 2370 3801; x_wconf 80' lang='grc' dir='ltr'><strong>δὴ</strong></span> <span class='ocrx_word' id='word_1_621' title='bbox 2414 3733 2508 3785; x_wconf 77' lang='grc' dir='ltr'>καὶ</span> <span class='ocrx_word' id='word_1_622' title='bbox 2544 3732 2789 3796; x_wconf 87' lang='grc' dir='ltr'>δύναται,</span> <span class='ocrx_word' id='word_1_623' title='bbox 2839 3734 3012 3787; x_wconf 82' lang='grc' dir='ltr'>ταῦτα</span> <span class='ocrx_word' id='word_1_624' title='bbox 3060 3740 3246 3790; x_wconf 86' lang='grc' dir='ltr'>ποιεῖν</span> <span class='ocrx_word' id='word_1_625' title='bbox 3291 3737 3515 3791; x_wconf 74' lang='grc' dir='ltr'>ἅπαντα.</span> <span class='ocrx_word' id='word_1_626' title='bbox 3562 3734 3624 3786; x_wconf 83' lang='grc' dir='ltr'><strong>Τὸ</strong></span> <span class='ocrx_word' id='word_1_627' title='bbox 3659 3733 3701 3783; x_wconf 74' lang='grc' dir='ltr'><strong>δὲ</strong></span> 
     </span>
    </p>
   </div>
   <div class='ocr_carea' id='block_1_79' title="bbox 2170 3824 3701 3899">
    <p class='ocr_par' dir='ltr' id='par_1_79' title="bbox 2170 3824 3701 3899">
     <span class='ocr_line' id='line_1_79' title="bbox 2170 3824 3701 3899; baseline 0 -24"><span class='ocrx_word' id='word_1_628' title='bbox 2170 3825 2283 3886; x_wconf 79' lang='grc' dir='ltr'>τοῖς</span> <span class='ocrx_word' id='word_1_629' title='bbox 2311 3824 2736 3895; x_wconf 77' lang='grc' dir='ltr'>καταϐληθεῖσιν</span> <span class='ocrx_word' id='word_1_630' title='bbox 2764 3825 2868 3877; x_wconf 80' lang='grc' dir='ltr'><strong>ὑπὸ</strong></span> <span class='ocrx_word' id='word_1_631' title='bbox 2897 3826 2997 3894; x_wconf 81' lang='grc' dir='ltr'>τῆς</span> <span class='ocrx_word' id='word_1_632' title='bbox 3028 3827 3340 3899; x_wconf 79' lang='grc' dir='ltr'>ἁμαρτίας,</span> <span class='ocrx_word' id='word_1_633' title='bbox 3375 3830 3551 3881; x_wconf 78' lang='grc' dir='ltr'>ἔπειτα</span> <span class='ocrx_word' id='word_1_634' title='bbox 3579 3824 3701 3891; x_wconf 64' lang='grc' dir='ltr'>θελή-</span> 
     </span>
    </p>
   </div>
   <div class='ocr_carea' id='block_1_80' title="bbox 2175 3915 3696 3992">
    <p class='ocr_par' dir='ltr' id='par_1_80' title="bbox 2175 3915 3696 3992">
     <span class='ocr_line' id='line_1_80' title="bbox 2175 3915 3696 3992; baseline 0.003 -26"><span class='ocrx_word' id='word_1_635' title='bbox 2175 3931 2332 3968; x_wconf 79' lang='grc' dir='ltr'>σασιν</span> <span class='ocrx_word' id='word_1_636' title='bbox 2362 3915 2834 3986; x_wconf 77' lang='grc' dir='ltr'>ἐπανορθωθῆναι,</span> <span class='ocrx_word' id='word_1_637' title='bbox 2861 3921 3020 3988; x_wconf 67' lang='grc' dir='ltr'>χεῖρα</span> <span class='ocrx_word' id='word_1_638' title='bbox 3053 3920 3278 3989; x_wconf 81' lang='grc' dir='ltr'>ὀρέγειν</span> <span class='ocrx_word' id='word_1_639' title='bbox 3308 3921 3478 3992; x_wconf 75' lang='grc' dir='ltr'>σαφὴς</span> <span class='ocrx_word' id='word_1_640' title='bbox 3507 3920 3696 3984; x_wconf 65' lang='grc' dir='ltr'>ἀνάγκη.</span> 
     </span>
    </p>
   </div>
   <div class='ocr_carea' id='block_1_81' title="bbox 2177 4005 3700 4079">
    <p class='ocr_par' dir='ltr' id='par_1_81' title="bbox 2177 4005 3700 4079">
     <span class='ocr_line' id='line_1_81' title="bbox 2177 4005 3700 4079; baseline 0 -23"><span class='ocrx_word' id='word_1_641' title='bbox 2177 4005 2331 4070; x_wconf 80' lang='grc' dir='ltr'>ιιῶς;</span> <span class='ocrx_word' id='word_1_642' title='bbox 2362 4005 2489 4060; x_wconf 77' lang='grc' dir='ltr'><strong>Ὀτι</strong></span> <span class='ocrx_word' id='word_1_643' title='bbox 2531 4006 2678 4059; x_wconf 83' lang='grc' dir='ltr'>τοῦτ’</span> <span class='ocrx_word' id='word_1_644' title='bbox 2706 4008 2867 4070; x_wconf 77' lang='grc' dir='ltr'>αὐτὸς</span> <span class='ocrx_word' id='word_1_645' title='bbox 2911 4011 3316 4079; x_wconf 78' lang='grc' dir='ltr'>ἐπηγγείλατο,</span> <span class='ocrx_word' id='word_1_646' title='bbox 3361 4015 3418 4064; x_wconf 79' lang='grc' dir='ltr'>ὲν</span> <span class='ocrx_word' id='word_1_647' title='bbox 3451 4010 3526 4075; x_wconf 69' lang='grc' dir='ltr'>οἷς</span> <span class='ocrx_word' id='word_1_648' title='bbox 3566 4008 3700 4064; x_wconf 74' lang='grc' dir='ltr'>αἰτεῖν</span> 
     </span>
    </p>
   </div>
   <div class='ocr_carea' id='block_1_82' title="bbox 2172 4089 3703 4173">
    <p class='ocr_par' dir='ltr' id='par_1_82' title="bbox 2172 4089 3703 4173">
     <span class='ocr_line' id='line_1_82' title="bbox 2172 4089 3703 4173; baseline 0.005 -27"><span class='ocrx_word' id='word_1_649' title='bbox 2172 4111 2230 4146; x_wconf 91' lang='grc' dir='ltr'><strong>τε</strong></span> <span class='ocrx_word' id='word_1_650' title='bbox 2259 4095 2352 4148; x_wconf 75' lang='grc' dir='ltr'><strong>καὶ</strong></span> <span class='ocrx_word' id='word_1_651' title='bbox 2404 4096 2610 4167; x_wconf 79' lang='grc' dir='ltr'>ζητεῖν,</span> <span class='ocrx_word' id='word_1_652' title='bbox 2636 4097 2729 4150; x_wconf 80' lang='grc' dir='ltr'>καὶ</span> <span class='ocrx_word' id='word_1_653' title='bbox 2763 4099 2983 4168; x_wconf 82' lang='grc' dir='ltr'>κρούειν</span> <span class='ocrx_word' id='word_1_654' title='bbox 3010 4103 3191 4156; x_wconf 73' lang='grc' dir='ltr'>ἅπασι</span> <span class='ocrx_word' id='word_1_655' title='bbox 3223 4089 3497 4173; x_wconf 75' lang='grc' dir='ltr'>παραινεῖ,</span> <span class='ocrx_word' id='word_1_656' title='bbox 3526 4103 3590 4155; x_wconf 80' lang='grc' dir='ltr'><strong>Οὐ</strong></span> <span class='ocrx_word' id='word_1_657' title='bbox 3617 4099 3703 4166; x_wconf 75' lang='grc' dir='ltr'>γὲρ</span> 
     </span>
    </p>
   </div>
   <div class='ocr_carea' id='block_1_83' title="bbox 2171 4190 3702 4265">
    <p class='ocr_par' dir='ltr' id='par_1_83' title="bbox 2171 4190 3702 4265">
     <span class='ocr_line' id='line_1_83' title="bbox 2171 4190 3702 4265; baseline -0.001 -23"><span class='ocrx_word' id='word_1_658' title='bbox 2171 4190 2234 4259; x_wconf 83' lang='grc' dir='ltr'>δὴ</span> <span class='ocrx_word' id='word_1_659' title='bbox 2278 4192 2411 4260; x_wconf 71' lang='grc' dir='ltr'>πρὸς</span> <span class='ocrx_word' id='word_1_660' title='bbox 2435 4192 2610 4246; x_wconf 87' lang='grc' dir='ltr'>ταῦτα</span> <span class='ocrx_word' id='word_1_661' title='bbox 2643 4194 2741 4263; x_wconf 81' lang='grc' dir='ltr'>μὲν</span> <span class='ocrx_word' id='word_1_662' title='bbox 2773 4195 3194 4265; x_wconf 81' lang='grc' dir='ltr'>παρακέκληκε,</span> <span class='ocrx_word' id='word_1_663' title='bbox 3228 4199 3290 4251; x_wconf 74' lang='grc' dir='ltr'>τὸ</span> <span class='ocrx_word' id='word_1_664' title='bbox 3309 4199 3364 4251; x_wconf 85' lang='grc' dir='ltr'><strong>δὲ</strong></span> <span class='ocrx_word' id='word_1_665' title='bbox 3401 4201 3503 4251; x_wconf 72' lang='grc' dir='ltr'>ἀπὸ</span> <span class='ocrx_word' id='word_1_666' title='bbox 3535 4195 3702 4248; x_wconf 77' lang='grc' dir='ltr'>τούτων</span> 
     </span>
    </p>
   </div>
   <div class='ocr_carea' id='block_1_84' title="bbox 2172 4281 3702 4358">
    <p class='ocr_par' dir='ltr' id='par_1_84' title="bbox 2172 4281 3702 4358">
     <span class='ocr_line' id='line_1_84' title="bbox 2172 4281 3702 4358; baseline 0.008 -28"><span class='ocrx_word' id='word_1_667' title='bbox 2172 4281 2542 4351; x_wconf 72' lang='grc' dir='ltr'>ἐκϐησόμενον</span> <span class='ocrx_word' id='word_1_668' title='bbox 2595 4287 2914 4353; x_wconf 74' lang='grc' dir='ltr'>σεσίγηκεν,</span> <span class='ocrx_word' id='word_1_669' title='bbox 2951 4288 3005 4338; x_wconf 73' lang='grc' dir='ltr'><strong>ἐν</strong></span> <span class='ocrx_word' id='word_1_670' title='bbox 3045 4288 3248 4358; x_wconf 69' lang='grc' dir='ltr'>ἁδηλίᾳ</span> <span class='ocrx_word' id='word_1_671' title='bbox 3283 4291 3406 4350; x_wconf 73' lang='grc' dir='ltr'>τοὺς</span> <span class='ocrx_word' id='word_1_672' title='bbox 3449 4285 3702 4356; x_wconf 70' lang='grc' dir='ltr'>λογισμοὺς</span> 
     </span>
    </p>
   </div>
   <div class='ocr_carea' id='block_1_85' title="bbox 2172 4371 3702 4451">
    <p class='ocr_par' dir='ltr' id='par_1_85' title="bbox 2172 4371 3702 4451">
     <span class='ocr_line' id='line_1_85' title="bbox 2172 4371 3702 4451; baseline 0 -29"><span class='ocrx_word' id='word_1_673' title='bbox 2172 4371 2353 4437; x_wconf 75' lang='grc' dir='ltr'>ἀφείς·</span> <span class='ocrx_word' id='word_1_674' title='bbox 2391 4372 2524 4424; x_wconf 78' lang='grc' dir='ltr'>ἀλλὰ</span> <span class='ocrx_word' id='word_1_675' title='bbox 2555 4374 2650 4424; x_wconf 72' lang='grc' dir='ltr'><strong>καὶ</strong></span> <span class='ocrx_word' id='word_1_676' title='bbox 2681 4375 2838 4426; x_wconf 79' lang='grc' dir='ltr'>τοῦτο</span> <span class='ocrx_word' id='word_1_677' title='bbox 2867 4377 2997 4445; x_wconf 74' lang='grc' dir='ltr'>ἡμῖν</span> <span class='ocrx_word' id='word_1_678' title='bbox 3035 4378 3232 4444; x_wconf 74' lang='grc' dir='ltr'>ἔδειξε,</span> <span class='ocrx_word' id='word_1_679' title='bbox 3259 4381 3513 4451; x_wconf 74' lang='grc' dir='ltr'>προσθεὶς</span> <span class='ocrx_word' id='word_1_680' title='bbox 3545 4383 3601 4446; x_wconf 78' lang='grc' dir='ltr'>τῇ</span> <span class='ocrx_word' id='word_1_681' title='bbox 3627 4376 3702 4444; x_wconf 74' lang='grc' dir='ltr'>μὲν</span> 
     </span>
    </p>
   </div>
   <div class='ocr_carea' id='block_1_86' title="bbox 493 4439 2069 4541">
    <p class='ocr_par' dir='ltr' id='par_1_86' title="bbox 493 4439 2069 4510">
     <span class='ocr_line' id='line_1_86' title="bbox 493 4439 2069 4510; baseline 0 -14"><span class='ocrx_word' id='word_1_682' title='bbox 493 4446 614 4497; x_wconf 84' lang='lat' dir='ltr'><strong>dem</strong></span> <span class='ocrx_word' id='word_1_683' title='bbox 666 4443 922 4494; x_wconf 78' lang='lat' dir='ltr'><strong>iaciamus</strong></span> <span class='ocrx_word' id='word_1_684' title='bbox 978 4454 1074 4493; x_wconf 87' lang='lat' dir='ltr'><strong>nos</strong></span> <span class='ocrx_word' id='word_1_685' title='bbox 1110 4439 1426 4494; x_wconf 88' lang='lat' dir='ltr'><strong>adhortatus</strong></span> <span class='ocrx_word' id='word_1_686' title='bbox 1454 4449 1556 4503; x_wconf 85' lang='lat' dir='ltr'><strong>est,</strong></span> <span class='ocrx_word' id='word_1_687' title='bbox 1588 4451 1640 4493; x_wconf 89' lang='lat' dir='ltr'><strong>at</strong></span> <span class='ocrx_word' id='word_1_688' title='bbox 1673 4443 1797 4510; x_wconf 90' lang='lat' dir='ltr'><strong>quid</strong></span> <span class='ocrx_word' id='word_1_689' title='bbox 1849 4445 1971 4497; x_wconf 85' lang='lat' dir='ltr'><strong>inde</strong></span> <span class='ocrx_word' id='word_1_690' title='bbox 1999 4446 2069 4500; x_wconf 90' lang='lat' dir='ltr'><strong>sit</strong></span> 
     </span>
    </p>
   </div>
   <div class='ocr_carea' id='block_1_87' title="bbox 2171 4439 3706 4541">
    <p class='ocr_par' dir='ltr' id='par_1_87' title="bbox 2173 4439 3706 4541">
     <span class='ocr_line' id='line_1_87' title="bbox 2173 4439 3706 4541; baseline 0.001 -29"><span class='ocrx_word' id='word_1_691' title='bbox 2173 4461 2390 4530; x_wconf 73' lang='grc' dir='ltr'>αἰτήσει</span> <span class='ocrx_word' id='word_1_692' title='bbox 2430 4463 2527 4532; x_wconf 78' lang='grc' dir='ltr'><strong>τὴν</strong></span> <span class='ocrx_word' id='word_1_693' title='bbox 2560 4463 2727 4529; x_wconf 87' lang='grc' dir='ltr'>δόσιν,</span> <span class='ocrx_word' id='word_1_694' title='bbox 2758 4469 2823 4536; x_wconf 79' lang='grc' dir='ltr'><strong>τῇ</strong></span> <span class='ocrx_word' id='word_1_695' title='bbox 2856 4439 2919 4519; x_wconf 60' lang='grc' dir='ltr'><strong>δὲ</strong></span> <span class='ocrx_word' id='word_1_696' title='bbox 2958 4439 3189 4538; x_wconf 57' lang='grc' dir='ltr'>ζητήσει</span> <span class='ocrx_word' id='word_1_697' title='bbox 3221 4439 3341 4540; x_wconf 38' lang='grc' dir='ltr'>,τὴν</span> <span class='ocrx_word' id='word_1_698' title='bbox 3376 4439 3603 4541; x_wconf 31' lang='grc' dir='ltr'>εὗρε-σιν,</span> <span class='ocrx_word' id='word_1_699' title='bbox 3627 4439 3706 4517; x_wconf 56' lang='grc' dir='ltr'>καὶ</span> 
     </span>
    </p>
   </div>
   <div class='ocr_carea' id='block_1_88' title="bbox 491 4530 2070 4605">
    <p class='ocr_par' dir='ltr' id='par_1_88' title="bbox 491 4530 2070 4605">
     <span class='ocr_line' id='line_1_88' title="bbox 491 4530 2070 4605; baseline 0.002 -18"><span class='ocrx_word' id='word_1_700' title='bbox 491 4544 806 4588; x_wconf 84' lang='lat' dir='ltr'><strong>eventurum</strong></span> <span class='ocrx_word' id='word_1_701' title='bbox 843 4533 1027 4590; x_wconf 74' lang='lat' dir='ltr'><strong>lat&#39;llli,</strong></span> <span class='ocrx_word' id='word_1_702' title='bbox 1065 4530 1476 4595; x_wconf 72' lang='lat' dir='ltr'><strong>cogitationibus</strong></span> <span class='ocrx_word' id='word_1_703' title='bbox 1504 4534 1700 4586; x_wconf 82' lang='lat' dir='ltr'><strong>nostris</strong></span> <span class='ocrx_word' id='word_1_704' title='bbox 1736 4535 1787 4586; x_wconf 91' lang='lat' dir='ltr'><strong>in</strong></span> <span class='ocrx_word' id='word_1_705' title='bbox 1821 4537 2070 4605; x_wconf 76' lang='lat' dir='ltr'><strong>ambiguo</strong></span> 
     </span>
    </p>
   </div>
   <div class='ocr_carea' id='block_1_89' title="bbox 493 4621 2066 4691">
    <p class='ocr_par' dir='ltr' id='par_1_89' title="bbox 493 4621 2066 4691">
     <span class='ocr_line' id='line_1_89' title="bbox 493 4621 2066 4691; baseline 0.002 -14"><span class='ocrx_word' id='word_1_706' title='bbox 493 4627 718 4686; x_wconf 84' lang='lat' dir='ltr'><strong>relictis,</strong></span> <span class='ocrx_word' id='word_1_707' title='bbox 750 4623 840 4677; x_wconf 84' lang='lat' dir='ltr'><strong>sed</strong></span> <span class='ocrx_word' id='word_1_708' title='bbox 873 4622 995 4675; x_wconf 92' lang='lat' dir='ltr'><strong>illud</strong></span> <span class='ocrx_word' id='word_1_709' title='bbox 1022 4621 1195 4689; x_wconf 82' lang='lat' dir='ltr'><strong>ipsum</strong></span> <span class='ocrx_word' id='word_1_710' title='bbox 1229 4637 1441 4691; x_wconf 88' lang='lat' dir='ltr'><strong>quoque</strong></span> <span class='ocrx_word' id='word_1_711' title='bbox 1474 4621 1627 4677; x_wconf 86' lang='lat' dir='ltr'><strong>nobis</strong></span> <span class='ocrx_word' id='word_1_712' title='bbox 1657 4625 1914 4689; x_wconf 85' lang='lat' dir='ltr'><strong>ostendit,</strong></span> <span class='ocrx_word' id='word_1_713' title='bbox 1945 4642 2066 4680; x_wconf 91' lang='lat' dir='ltr'><strong>cum</strong></span> 
     </span>
    </p>
   </div>
   <div class='ocr_carea' id='block_1_90' title="bbox 493 4714 2067 4786">
    <p class='ocr_par' dir='ltr' id='par_1_90' title="bbox 493 4714 2067 4786">
     <span class='ocr_line' id='line_1_90' title="bbox 493 4714 2067 4786; baseline 0.003 -17"><span class='ocrx_word' id='word_1_714' title='bbox 493 4715 733 4786; x_wconf 87' lang='lat' dir='ltr'><strong>petitioni</strong></span> <span class='ocrx_word' id='word_1_715' title='bbox 765 4715 949 4782; x_wconf 87' lang='lat' dir='ltr'><strong>adjicit</strong></span> <span class='ocrx_word' id='word_1_716' title='bbox 985 4714 1432 4782; x_wconf 86' lang='lat' dir='ltr'><strong>impetrationem,</strong></span> <span class='ocrx_word' id='word_1_717' title='bbox 1468 4717 1765 4783; x_wconf 66' lang='lat' dir='ltr'><strong>qumsitioni</strong></span> <span class='ocrx_word' id='word_1_718' title='bbox 1797 4718 2067 4774; x_wconf 86' lang='lat' dir='ltr'><strong>inventio-</strong></span> 
     </span>
    </p>
   </div>
   <div class='ocr_carea' id='block_1_91' title="bbox 493 4803 2058 4879">
    <p class='ocr_par' dir='ltr' id='par_1_91' title="bbox 493 4803 2058 4879">
     <span class='ocr_line' id='line_1_91' title="bbox 493 4803 2058 4879; baseline 0.003 -19"><span class='ocrx_word' id='word_1_719' title='bbox 493 4821 637 4870; x_wconf 88' lang='lat' dir='ltr'><strong>nem,</strong></span> <span class='ocrx_word' id='word_1_720' title='bbox 670 4807 918 4876; x_wconf 80' lang='lat' dir='ltr'><strong>quodque</strong></span> <span class='ocrx_word' id='word_1_721' title='bbox 971 4803 1114 4858; x_wconf 81' lang='lat' dir='ltr'><strong>fores</strong></span> <span class='ocrx_word' id='word_1_722' title='bbox 1170 4805 1474 4873; x_wconf 69' lang='lat' dir='ltr'><strong>aperienda:</strong></span> <span class='ocrx_word' id='word_1_723' title='bbox 1499 4817 1609 4860; x_wconf 89' lang='lat' dir='ltr'><strong>smt</strong></span> <span class='ocrx_word' id='word_1_724' title='bbox 1644 4808 1708 4862; x_wconf 85' lang='lat' dir='ltr'><strong>ad</strong></span> <span class='ocrx_word' id='word_1_725' title='bbox 1741 4809 2058 4879; x_wconf 91' lang='lat' dir='ltr'><strong>illorumqni</strong></span> 
     </span>
    </p>
   </div>
   <div class='ocr_carea' id='block_1_92' title="bbox 489 4889 2062 4968">
    <p class='ocr_par' dir='ltr' id='par_1_92' title="bbox 489 4889 2062 4968">
     <span class='ocr_line' id='line_1_92' title="bbox 489 4889 2062 4968; baseline 0.005 -18"><span class='ocrx_word' id='word_1_726' title='bbox 489 4897 704 4965; x_wconf 81' lang='lat' dir='ltr'><strong>pulsant</strong></span> <span class='ocrx_word' id='word_1_727' title='bbox 734 4898 893 4951; x_wconf 69' lang='lat' dir='ltr'><strong>ictus.</strong></span> <span class='ocrx_word' id='word_1_728' title='bbox 917 4889 1101 4966; x_wconf 81' lang='lat' dir='ltr'><strong>Itaque</strong></span> <span class='ocrx_word' id='word_1_729' title='bbox 1134 4898 1462 4966; x_wconf 86' lang='lat' dir='ltr'><strong>promissum</strong></span> <span class='ocrx_word' id='word_1_730' title='bbox 1501 4899 1602 4953; x_wconf 88' lang='lat' dir='ltr'><strong>hoc</strong></span> <span class='ocrx_word' id='word_1_731' title='bbox 1635 4903 1806 4968; x_wconf 78' lang='lat' dir='ltr'><strong>gratia</strong></span> <span class='ocrx_word' id='word_1_732' title='bbox 1831 4912 1930 4964; x_wconf 87' lang='lat' dir='ltr'><strong>est,</strong></span> <span class='ocrx_word' id='word_1_733' title='bbox 1968 4917 2062 4958; x_wconf 90' lang='lat' dir='ltr'><strong>cu-</strong></span> 
     </span>
    </p>
   </div>
   <div class='ocr_carea' id='block_1_93' title="bbox 485 4989 2060 5071">
    <p class='ocr_par' dir='ltr' id='par_1_93' title="bbox 485 4989 2060 5071">
     <span class='ocr_line' id='line_1_93' title="bbox 485 4989 2060 5071; baseline 0.005 -30"><span class='ocrx_word' id='word_1_734' title='bbox 485 4989 576 5060; x_wconf 83' lang='lat' dir='ltr'><strong>jus</strong></span> <span class='ocrx_word' id='word_1_735' title='bbox 606 4990 802 5042; x_wconf 87' lang='lat' dir='ltr'><strong>certior</strong></span> <span class='ocrx_word' id='word_1_736' title='bbox 826 4989 1118 5071; x_wconf 72' lang='lat' dir='ltr'><strong>persolutio</strong></span> <span class='ocrx_word' id='word_1_737' title='bbox 1154 5004 1314 5058; x_wconf 89' lang='lat' dir='ltr'><strong>quam</strong></span> <span class='ocrx_word' id='word_1_738' title='bbox 1365 4991 1604 5045; x_wconf 90' lang='lat' dir='ltr'><strong>onmium</strong></span> <span class='ocrx_word' id='word_1_739' title='bbox 1639 4993 1778 5046; x_wconf 90' lang='lat' dir='ltr'><strong>inter</strong></span> <span class='ocrx_word' id='word_1_740' title='bbox 1819 4994 2060 5050; x_wconf 91' lang='lat' dir='ltr'><strong>homines</strong></span> 
     </span>
    </p>
   </div>
   <div class='ocr_carea' id='block_1_94' title="bbox 438 5080 2060 5154">
    <p class='ocr_par' dir='ltr' id='par_1_94' title="bbox 438 5080 2060 5154">
     <span class='ocr_line' id='line_1_94' title="bbox 438 5080 2060 5154; baseline 0.004 -20"><span class='ocrx_word' id='word_1_741' title='bbox 438 5133 442 5140; x_wconf 70' lang='grc'><strong>,</strong></span> <span class='ocrx_word' id='word_1_742' title='bbox 489 5083 818 5137; x_wconf 87' lang='lat' dir='ltr'><strong>debitorum.</strong></span> <span class='ocrx_word' id='word_1_743' title='bbox 848 5080 1098 5135; x_wconf 76' lang='lat' dir='ltr'><strong>Namnos</strong></span> <span class='ocrx_word' id='word_1_744' title='bbox 1126 5097 1254 5135; x_wconf 86' lang='lat' dir='ltr'><strong>sane</strong></span> <span class='ocrx_word' id='word_1_745' title='bbox 1306 5085 1444 5152; x_wconf 93' lang='lat' dir='ltr'><strong>quod</strong></span> <span class='ocrx_word' id='word_1_746' title='bbox 1471 5084 1683 5149; x_wconf 80' lang='lat' dir='ltr'><strong>attinet,</strong></span> <span class='ocrx_word' id='word_1_747' title='bbox 1737 5086 1825 5154; x_wconf 92' lang='lat' dir='ltr'><strong>qui</strong></span> <span class='ocrx_word' id='word_1_748' title='bbox 1880 5087 2060 5140; x_wconf 89' lang='lat' dir='ltr'><strong>multis</strong></span> 
     </span>
    </p>
   </div>
   <div class='ocr_carea' id='block_1_95' title="bbox 487 5173 2060 5246">
    <p class='ocr_par' dir='ltr' id='par_1_95' title="bbox 487 5173 2060 5246">
     <span class='ocr_line' id='line_1_95' title="bbox 487 5173 2060 5246; baseline 0.003 -18"><span class='ocrx_word' id='word_1_749' title='bbox 487 5175 627 5229; x_wconf 69' lang='grc' dir='ltr'>τισὶιί</span> <span class='ocrx_word' id='word_1_750' title='bbox 659 5190 843 5228; x_wconf 90' lang='lat' dir='ltr'><strong>sumus</strong></span> <span class='ocrx_word' id='word_1_751' title='bbox 874 5173 1038 5237; x_wconf 84' lang='lat' dir='ltr'><strong>vitiis,</strong></span> <span class='ocrx_word' id='word_1_752' title='bbox 1073 5188 1135 5229; x_wconf 86' lang='lat' dir='ltr'><strong>ac</strong></span> <span class='ocrx_word' id='word_1_753' title='bbox 1174 5190 1278 5227; x_wconf 90' lang='lat' dir='ltr'><strong>non</strong></span> <span class='ocrx_word' id='word_1_754' title='bbox 1342 5191 1463 5228; x_wconf 77' lang='lat' dir='ltr'><strong>raro</strong></span> <span class='ocrx_word' id='word_1_755' title='bbox 1510 5176 1724 5244; x_wconf 90' lang='lat' dir='ltr'><strong>quidem</strong></span> <span class='ocrx_word' id='word_1_756' title='bbox 1789 5179 2060 5246; x_wconf 70' lang='lat' dir='ltr'><strong>resipisci-</strong></span> 
     </span>
    </p>
   </div>
   <div class='ocr_carea' id='block_1_96' title="bbox 487 5264 2055 5335">
    <p class='ocr_par' dir='ltr' id='par_1_96' title="bbox 487 5264 2055 5335">
     <span class='ocr_line' id='line_1_96' title="bbox 487 5264 2055 5335; baseline 0.003 -17"><span class='ocrx_word' id='word_1_757' title='bbox 487 5281 631 5332; x_wconf 91' lang='lat' dir='ltr'><strong>mus,</strong></span> <span class='ocrx_word' id='word_1_758' title='bbox 681 5278 866 5318; x_wconf 90' lang='lat' dir='ltr'><strong>verum</strong></span> <span class='ocrx_word' id='word_1_759' title='bbox 914 5264 1232 5335; x_wconf 88' lang='lat' dir='ltr'><strong>plerumque</strong></span> <span class='ocrx_word' id='word_1_760' title='bbox 1268 5265 1468 5334; x_wconf 89' lang='lat' dir='ltr'><strong>justam</strong></span> <span class='ocrx_word' id='word_1_761' title='bbox 1520 5269 1586 5320; x_wconf 91' lang='lat' dir='ltr'><strong>ad</strong></span> <span class='ocrx_word' id='word_1_762' title='bbox 1641 5267 2055 5335; x_wconf 83' lang='lat' dir='ltr'><strong>persolutiouem</strong></span> 
     </span>
    </p>
   </div>
   <div class='ocr_carea' id='block_1_97' title="bbox 485 5357 2054 5428">
    <p class='ocr_par' dir='ltr' id='par_1_97' title="bbox 485 5357 2054 5428">
     <span class='ocr_line' id='line_1_97' title="bbox 485 5357 2054 5428; baseline 0.003 -20"><span class='ocrx_word' id='word_1_763' title='bbox 485 5357 650 5410; x_wconf 86' lang='lat' dir='ltr'><strong>nimis</strong></span> <span class='ocrx_word' id='word_1_764' title='bbox 685 5357 979 5412; x_wconf 85' lang='lat' dir='ltr'><strong>imbecilles</strong></span> <span class='ocrx_word' id='word_1_765' title='bbox 1014 5372 1222 5419; x_wconf 90' lang='lat' dir='ltr'><strong>sumus,</strong></span> <span class='ocrx_word' id='word_1_766' title='bbox 1268 5366 1692 5411; x_wconf 87' lang='lat' dir='ltr'><strong>consentanequ</strong></span> <span class='ocrx_word' id='word_1_767' title='bbox 1752 5367 1854 5424; x_wconf 86' lang='lat' dir='ltr'><strong>est,</strong></span> <span class='ocrx_word' id='word_1_768' title='bbox 1880 5373 2054 5428; x_wconf 88' lang='lat' dir='ltr'><strong>neque</strong></span> 
     </span>
    </p>
   </div>
   <div class='ocr_carea' id='block_1_98' title="bbox 484 5447 2049 5519">
    <p class='ocr_par' dir='ltr' id='par_1_98' title="bbox 484 5447 2049 5519">
     <span class='ocr_line' id='line_1_98' title="bbox 484 5447 2049 5519; baseline 0.003 -20"><span class='ocrx_word' id='word_1_769' title='bbox 484 5448 738 5513; x_wconf 75' lang='lat' dir='ltr'><strong>gratiam,</strong></span> <span class='ocrx_word' id='word_1_770' title='bbox 795 5463 969 5515; x_wconf 88' lang='lat' dir='ltr'><strong>neque</strong></span> <span class='ocrx_word' id='word_1_771' title='bbox 1019 5447 1258 5500; x_wconf 89' lang='lat' dir='ltr'><strong>debitum</strong></span> <span class='ocrx_word' id='word_1_772' title='bbox 1313 5447 1539 5511; x_wconf 78' lang='lat' dir='ltr'><strong>exsolvi,</strong></span> <span class='ocrx_word' id='word_1_773' title='bbox 1569 5449 1787 5519; x_wconf 91' lang='lat' dir='ltr'><strong>quando</strong></span> <span class='ocrx_word' id='word_1_774' title='bbox 1853 5450 2049 5503; x_wconf 88' lang='lat' dir='ltr'><strong>tnalum</strong></span> 
     </span>
    </p>
   </div>
   <div class='ocr_carea' id='block_1_99' title="bbox 485 5539 2047 5612">
    <p class='ocr_par' dir='ltr' id='par_1_99' title="bbox 485 5539 2047 5612">
     <span class='ocr_line' id='line_1_99' title="bbox 485 5539 2047 5612; baseline 0.004 -23"><span class='ocrx_word' id='word_1_775' title='bbox 485 5544 590 5593; x_wconf 88' lang='lat' dir='ltr'><strong>hoc</strong></span> <span class='ocrx_word' id='word_1_776' title='bbox 648 5539 811 5592; x_wconf 88' lang='lat' dir='ltr'><strong>etiam</strong></span> <span class='ocrx_word' id='word_1_777' title='bbox 874 5541 1101 5595; x_wconf 91' lang='lat' dir='ltr'><strong>accedit.</strong></span> <span class='ocrx_word' id='word_1_778' title='bbox 1185 5539 1392 5609; x_wconf 84' lang='lat' dir='ltr'><strong>Quippe</strong></span> <span class='ocrx_word' id='word_1_779' title='bbox 1467 5557 1590 5595; x_wconf 90' lang='lat' dir='ltr'><strong>cum</strong></span> <span class='ocrx_word' id='word_1_780' title='bbox 1667 5557 2047 5612; x_wconf 85' lang='lat' dir='ltr'><strong>nonnunquam</strong></span> 
     </span>
    </p>
   </div>
   <div class='ocr_carea' id='block_1_100' title="bbox 486 5628 2052 5704">
    <p class='ocr_par' dir='ltr' id='par_1_100' title="bbox 486 5628 2052 5704">
     <span class='ocr_line' id='line_1_100' title="bbox 486 5628 2052 5704; baseline 0.006 -25"><span class='ocrx_word' id='word_1_781' title='bbox 486 5628 538 5680; x_wconf 91' lang='lat' dir='ltr'><strong>id</strong></span> <span class='ocrx_word' id='word_1_782' title='bbox 618 5638 878 5696; x_wconf 74' lang='lat' dir='ltr'><strong>praestare</strong></span> <span class='ocrx_word' id='word_1_783' title='bbox 955 5646 1238 5699; x_wconf 90' lang='lat' dir='ltr'><strong>possemus</strong></span> <span class='ocrx_word' id='word_1_784' title='bbox 1290 5633 1431 5698; x_wconf 86' lang='lat' dir='ltr'><strong>quod</strong></span> <span class='ocrx_word' id='word_1_785' title='bbox 1507 5632 1752 5701; x_wconf 88' lang='lat' dir='ltr'><strong>decebat,</strong></span> <span class='ocrx_word' id='word_1_786' title='bbox 1833 5646 2052 5704; x_wconf 77' lang='lat' dir='ltr'><strong>praesta-</strong></span> 
     </span>
    </p>
   </div>
   <div class='ocr_carea' id='block_1_101' title="bbox 466 5718 2044 5781">
    <p class='ocr_par' dir='ltr' id='par_1_101' title="bbox 466 5718 2044 5781">
     <span class='ocr_line' id='line_1_101' title="bbox 466 5718 2044 5781; baseline 0.008 -13"><span class='ocrx_word' id='word_1_787' title='bbox 466 5728 547 5770; x_wconf 72' lang='grc' dir='ltr'>-το</span> <span class='ocrx_word' id='word_1_788' title='bbox 577 5732 679 5771; x_wconf 91' lang='lat' dir='ltr'><strong>non</strong></span> <span class='ocrx_word' id='word_1_789' title='bbox 709 5718 974 5774; x_wconf 88' lang='lat' dir='ltr'><strong>volumus.</strong></span> <span class='ocrx_word' id='word_1_790' title='bbox 1027 5721 1091 5773; x_wconf 82' lang='lat' dir='ltr'><strong>At</strong></span> <span class='ocrx_word' id='word_1_791' title='bbox 1123 5720 1223 5774; x_wconf 87' lang='lat' dir='ltr'><strong>ista</strong></span> <span class='ocrx_word' id='word_1_792' title='bbox 1258 5721 1433 5777; x_wconf 88' lang='lat' dir='ltr'><strong>locum</strong></span> <span class='ocrx_word' id='word_1_793' title='bbox 1467 5723 1519 5777; x_wconf 93' lang='lat' dir='ltr'><strong>in</strong></span> <span class='ocrx_word' id='word_1_794' title='bbox 1543 5722 1650 5780; x_wconf 86' lang='lat' dir='ltr'><strong>Deo</strong></span> <span class='ocrx_word' id='word_1_795' title='bbox 1683 5739 1787 5779; x_wconf 94' lang='lat' dir='ltr'><strong>non</strong></span> <span class='ocrx_word' id='word_1_796' title='bbox 1814 5728 2044 5781; x_wconf 85' lang='lat' dir='ltr'><strong>habent:</strong></span> 
     </span>
    </p>
   </div>
   <div class='ocr_carea' id='block_1_102' title="bbox 2171 4547 3705 4623">
    <p class='ocr_par' dir='ltr' id='par_1_102' title="bbox 2171 4547 3705 4623">
     <span class='ocr_line' id='line_1_102' title="bbox 2171 4547 3705 4623; baseline 0.005 -27"><span class='ocrx_word' id='word_1_797' title='bbox 2171 4547 2230 4598; x_wconf 86' lang='grc' dir='ltr'><strong>τὸ</strong></span> <span class='ocrx_word' id='word_1_798' title='bbox 2262 4548 2358 4611; x_wconf 74' lang='grc' dir='ltr'><strong>τὰς</strong></span> <span class='ocrx_word' id='word_1_799' title='bbox 2391 4547 2561 4616; x_wconf 85' lang='grc' dir='ltr'>θύρας</span> <span class='ocrx_word' id='word_1_800' title='bbox 2587 4552 2974 4621; x_wconf 60' lang='grc' dir='ltr'>ἁνοιγήσεσθαι</span> <span class='ocrx_word' id='word_1_801' title='bbox 3005 4555 3227 4623; x_wconf 77' lang='grc' dir='ltr'>μέλλειν</span> <span class='ocrx_word' id='word_1_802' title='bbox 3246 4561 3360 4620; x_wconf 88' lang='grc' dir='ltr'>τοῖς</span> <span class='ocrx_word' id='word_1_803' title='bbox 3380 4561 3487 4610; x_wconf 87' lang='grc' dir='ltr'><strong>τῶν</strong></span> <span class='ocrx_word' id='word_1_804' title='bbox 3513 4559 3705 4608; x_wconf 69' lang='grc' dir='ltr'>κοπτύν-</span> 
     </span>
    </p>
   </div>
   <div class='ocr_carea' id='block_1_103' title="bbox 2171 4640 3704 4717">
    <p class='ocr_par' dir='ltr' id='par_1_103' title="bbox 2171 4640 3704 4717">
     <span class='ocr_line' id='line_1_103' title="bbox 2171 4640 3704 4717; baseline 0.005 -28"><span class='ocrx_word' id='word_1_805' title='bbox 2171 4655 2276 4690; x_wconf 80' lang='grc' dir='ltr'><strong>των</strong></span> <span class='ocrx_word' id='word_1_806' title='bbox 2309 4640 2604 4708; x_wconf 80' lang='grc' dir='ltr'>κρούμασι.</span> <span class='ocrx_word' id='word_1_807' title='bbox 2638 4643 2812 4710; x_wconf 79' lang='grc' dir='ltr'>Χάρις</span> <span class='ocrx_word' id='word_1_808' title='bbox 2848 4645 2947 4711; x_wconf 79' lang='grc' dir='ltr'>μὲν</span> <span class='ocrx_word' id='word_1_809' title='bbox 2979 4643 3074 4697; x_wconf 72' lang='grc' dir='ltr'><strong>οὖν</strong></span> <span class='ocrx_word' id='word_1_810' title='bbox 3123 4647 3186 4698; x_wconf 84' lang='grc' dir='ltr'>τὸ</span> <span class='ocrx_word' id='word_1_811' title='bbox 3215 4649 3557 4717; x_wconf 71' lang='grc' dir='ltr'>ἐπάγγελμα,</span> <span class='ocrx_word' id='word_1_812' title='bbox 3592 4645 3704 4697; x_wconf 64' lang='grc' dir='ltr'>πᾶν·</span> 
     </span>
    </p>
   </div>
   <div class='ocr_carea' id='block_1_104' title="bbox 2167 4729 3706 4807">
    <p class='ocr_par' dir='ltr' id='par_1_104' title="bbox 2167 4729 3706 4807">
     <span class='ocr_line' id='line_1_104' title="bbox 2167 4729 3706 4807; baseline 0.001 -25"><span class='ocrx_word' id='word_1_813' title='bbox 2167 4747 2276 4783; x_wconf 86' lang='grc' dir='ltr'><strong>των</strong></span> <span class='ocrx_word' id='word_1_814' title='bbox 2302 4729 2356 4782; x_wconf 86' lang='grc' dir='ltr'><strong>δὲ</strong></span> <span class='ocrx_word' id='word_1_815' title='bbox 2392 4731 2499 4783; x_wconf 86' lang='grc' dir='ltr'><strong>τῶν</strong></span> <span class='ocrx_word' id='word_1_816' title='bbox 2533 4733 2591 4782; x_wconf 78' lang='grc' dir='ltr'>ἐν</span> <span class='ocrx_word' id='word_1_817' title='bbox 2625 4733 2929 4803; x_wconf 73' lang='grc' dir='ltr'>ἀνθρώποις</span> <span class='ocrx_word' id='word_1_818' title='bbox 2962 4737 3301 4806; x_wconf 48' lang='grc' dir='ltr'>ὀμλημάτων</span> <span class='ocrx_word' id='word_1_819' title='bbox 3333 4738 3706 4807; x_wconf 57' lang='grc' dir='ltr'>ἀσφαλεστέραν</span> 
     </span>
    </p>
   </div>
   <div class='ocr_carea' id='block_1_105' title="bbox 2166 4813 3708 4898">
    <p class='ocr_par' dir='ltr' id='par_1_105' title="bbox 2166 4813 3708 4898">
     <span class='ocr_line' id='line_1_105' title="bbox 2166 4813 3708 4898; baseline 0.005 -29"><span class='ocrx_word' id='word_1_820' title='bbox 2166 4819 2262 4887; x_wconf 79' lang='grc' dir='ltr'>τὴν</span> <span class='ocrx_word' id='word_1_821' title='bbox 2297 4821 2555 4873; x_wconf 77' lang='grc' dir='ltr'>ἀπόδοσιν</span> <span class='ocrx_word' id='word_1_822' title='bbox 2584 4813 2720 4891; x_wconf 76' lang='grc' dir='ltr'>ἔχει.</span> <span class='ocrx_word' id='word_1_823' title='bbox 2749 4825 2877 4893; x_wconf 76' lang='grc' dir='ltr'><strong>’Ἐφ’</strong></span> <span class='ocrx_word' id='word_1_824' title='bbox 2911 4827 3065 4895; x_wconf 80' lang='grc' dir='ltr'>ἡμῶν</span> <span class='ocrx_word' id='word_1_825' title='bbox 3102 4828 3201 4896; x_wconf 83' lang='grc' dir='ltr'>μὲν</span> <span class='ocrx_word' id='word_1_826' title='bbox 3233 4831 3345 4898; x_wconf 76' lang='grc' dir='ltr'><strong>γὰρ</strong></span> <span class='ocrx_word' id='word_1_827' title='bbox 3377 4831 3484 4882; x_wconf 85' lang='grc' dir='ltr'><strong>τῶν</strong></span> <span class='ocrx_word' id='word_1_828' title='bbox 3527 4843 3708 4897; x_wconf 67' lang='grc' dir='ltr'>προςη-</span> 
     </span>
    </p>
   </div>
   <div class='ocr_carea' id='block_1_106' title="bbox 2163 4909 3709 4990">
    <p class='ocr_par' dir='ltr' id='par_1_106' title="bbox 2163 4909 3709 4990">
     <span class='ocr_line' id='line_1_106' title="bbox 2163 4909 3709 4990; baseline 0.006 -29"><span class='ocrx_word' id='word_1_829' title='bbox 2163 4909 2424 4979; x_wconf 84' lang='grc' dir='ltr'>λωμένων</span> <span class='ocrx_word' id='word_1_830' title='bbox 2456 4913 2670 4976; x_wconf 80' lang='grc' dir='ltr'>πολλοῖς</span> <span class='ocrx_word' id='word_1_831' title='bbox 2708 4917 2928 4982; x_wconf 85' lang='grc' dir='ltr'>πάθεσι,</span> <span class='ocrx_word' id='word_1_832' title='bbox 2970 4920 3064 4970; x_wconf 73' lang='grc' dir='ltr'>καὶ</span> <span class='ocrx_word' id='word_1_833' title='bbox 3120 4923 3585 4990; x_wconf 79' lang='grc' dir='ltr'>μεταμελομένων</span> <span class='ocrx_word' id='word_1_834' title='bbox 3628 4917 3709 4984; x_wconf 79' lang='grc' dir='ltr'>μὲν</span> 
     </span>
    </p>
   </div>
   <div class='ocr_carea' id='block_1_107' title="bbox 2163 5001 3709 5076">
    <p class='ocr_par' dir='ltr' id='par_1_107' title="bbox 2163 5001 3709 5076">
     <span class='ocr_line' id='line_1_107' title="bbox 2163 5001 3709 5076; baseline 0.005 -25"><span class='ocrx_word' id='word_1_835' title='bbox 2163 5001 2264 5052; x_wconf 83' lang='grc' dir='ltr'><strong>οὐκ</strong></span> <span class='ocrx_word' id='word_1_836' title='bbox 2297 5001 2564 5068; x_wconf 83' lang='grc' dir='ltr'>ὀλιγάκις,</span> <span class='ocrx_word' id='word_1_837' title='bbox 2596 5006 2732 5076; x_wconf 78' lang='grc' dir='ltr'>πρὸς</span> <span class='ocrx_word' id='word_1_838' title='bbox 2764 5008 2818 5059; x_wconf 83' lang='grc' dir='ltr'><strong>δὲ</strong></span> <span class='ocrx_word' id='word_1_839' title='bbox 2845 5010 3061 5062; x_wconf 78' lang='grc' dir='ltr'>δικαίαν</span> <span class='ocrx_word' id='word_1_840' title='bbox 3088 5012 3300 5066; x_wconf 75' lang='grc' dir='ltr'>ἔκτισιν</span> <span class='ocrx_word' id='word_1_841' title='bbox 3334 5012 3709 5066; x_wconf 78' lang='grc' dir='ltr'>ἀδυνατούντων</span> 
     </span>
    </p>
   </div>
   <div class='ocr_carea' id='block_1_108' title="bbox 2163 5092 3710 5175">
    <p class='ocr_par' dir='ltr' id='par_1_108' title="bbox 2163 5092 3710 5175">
     <span class='ocr_line' id='line_1_108' title="bbox 2163 5092 3710 5175; baseline 0.008 -33"><span class='ocrx_word' id='word_1_842' title='bbox 2163 5092 2444 5156; x_wconf 80' lang='grc' dir='ltr'>πολλάκις,</span> <span class='ocrx_word' id='word_1_843' title='bbox 2472 5095 2619 5158; x_wconf 76' lang='grc' dir='ltr'>εἰκός</span> <span class='ocrx_word' id='word_1_844' title='bbox 2647 5099 2758 5150; x_wconf 78' lang='grc' dir='ltr'>ἐστι</span> <span class='ocrx_word' id='word_1_845' title='bbox 2787 5103 2880 5152; x_wconf 78' lang='grc' dir='ltr'>καὶ</span> <span class='ocrx_word' id='word_1_846' title='bbox 2916 5102 3075 5170; x_wconf 81' lang='grc' dir='ltr'>χάριν</span> <span class='ocrx_word' id='word_1_847' title='bbox 3106 5106 3202 5155; x_wconf 73' lang='grc' dir='ltr'>καὶ</span> <span class='ocrx_word' id='word_1_848' title='bbox 3233 5105 3460 5175; x_wconf 69' lang='grc' dir='ltr'>ὄφλημα</span> <span class='ocrx_word' id='word_1_849' title='bbox 3493 5105 3562 5172; x_wconf 80' lang='grc' dir='ltr'>μὴ</span> <span class='ocrx_word' id='word_1_850' title='bbox 3593 5105 3710 5154; x_wconf 77' lang='grc' dir='ltr'>απο-</span> 
     </span>
    </p>
   </div>
   <div class='ocr_carea' id='block_1_109' title="bbox 2159 5183 3708 5261">
    <p class='ocr_par' dir='ltr' id='par_1_109' title="bbox 2159 5183 3708 5261">
     <span class='ocr_line' id='line_1_109' title="bbox 2159 5183 3708 5261; baseline 0.005 -27"><span class='ocrx_word' id='word_1_851' title='bbox 2159 5183 2403 5252; x_wconf 83' lang='grc' dir='ltr'>δοθῆναι.</span> <span class='ocrx_word' id='word_1_852' title='bbox 2451 5186 2605 5239; x_wconf 73' lang='grc' dir='ltr'>Ἐπεὶ</span> <span class='ocrx_word' id='word_1_853' title='bbox 2635 5192 2728 5240; x_wconf 67' lang='grc' dir='ltr'><strong>καὶ</strong></span> <span class='ocrx_word' id='word_1_854' title='bbox 2758 5191 2917 5244; x_wconf 87' lang='grc' dir='ltr'>τοῦτο</span> <span class='ocrx_word' id='word_1_855' title='bbox 2949 5193 3202 5261; x_wconf 78' lang='grc' dir='ltr'>γίγνεται</span> <span class='ocrx_word' id='word_1_856' title='bbox 3242 5197 3302 5247; x_wconf 71' lang='grc' dir='ltr'>τὸ</span> <span class='ocrx_word' id='word_1_857' title='bbox 3331 5196 3526 5248; x_wconf 87' lang='grc' dir='ltr'>δεινόν.</span> <span class='ocrx_word' id='word_1_858' title='bbox 3558 5191 3708 5244; x_wconf 84' lang='grc' dir='ltr'>Δυνά-</span> 
     </span>
    </p>
   </div>
   <div class='ocr_carea' id='block_1_110' title="bbox 2163 5277 3710 5356">
    <p class='ocr_par' dir='ltr' id='par_1_110' title="bbox 2163 5277 3710 5356">
     <span class='ocr_line' id='line_1_110' title="bbox 2163 5277 3710 5356; baseline 0.008 -30"><span class='ocrx_word' id='word_1_859' title='bbox 2163 5291 2314 5342; x_wconf 91' lang='grc' dir='ltr'>μενοι</span> <span class='ocrx_word' id='word_1_860' title='bbox 2350 5277 2459 5348; x_wconf 79' lang='grc' dir='ltr'>γὰρ</span> <span class='ocrx_word' id='word_1_861' title='bbox 2486 5278 2632 5332; x_wconf 78' lang='grc' dir='ltr'>ἔστιν</span> <span class='ocrx_word' id='word_1_862' title='bbox 2665 5281 2751 5334; x_wconf 83' lang='grc' dir='ltr'><strong>ὅτε</strong></span> <span class='ocrx_word' id='word_1_863' title='bbox 2781 5283 2839 5334; x_wconf 75' lang='grc' dir='ltr'>τὸ</span> <span class='ocrx_word' id='word_1_864' title='bbox 2869 5287 3078 5353; x_wconf 81' lang='grc' dir='ltr'>πρέπον</span> <span class='ocrx_word' id='word_1_865' title='bbox 3117 5288 3481 5356; x_wconf 80' lang='grc' dir='ltr'>ἐργάσασθαι,</span> <span class='ocrx_word' id='word_1_866' title='bbox 3519 5289 3575 5340; x_wconf 84' lang='grc' dir='ltr'>οὺ</span> <span class='ocrx_word' id='word_1_867' title='bbox 3605 5285 3710 5354; x_wconf 75' lang='grc' dir='ltr'>βον-</span> 
     </span>
    </p>
   </div>
   <div class='ocr_carea' id='block_1_111' title="bbox 2157 5363 3700 5447">
    <p class='ocr_par' dir='ltr' id='par_1_111' title="bbox 2157 5363 3700 5447">
     <span class='ocr_line' id='line_1_111' title="bbox 2157 5363 3700 5447; baseline 0.006 -33"><span class='ocrx_word' id='word_1_868' title='bbox 2157 5363 2385 5432; x_wconf 87' lang='grc' dir='ltr'>λόμεθα.</span> <span class='ocrx_word' id='word_1_869' title='bbox 2425 5368 2544 5420; x_wconf 73' lang='grc' dir='ltr'>Ἐπὶ</span> <span class='ocrx_word' id='word_1_870' title='bbox 2591 5368 2649 5420; x_wconf 73' lang='grc' dir='ltr'><strong>δὲ</strong></span> <span class='ocrx_word' id='word_1_871' title='bbox 2690 5369 2825 5423; x_wconf 84' lang='grc' dir='ltr'>Θεοῦ</span> <span class='ocrx_word' id='word_1_872' title='bbox 2861 5373 2928 5424; x_wconf 85' lang='grc' dir='ltr'>τὰ</span> <span class='ocrx_word' id='word_1_873' title='bbox 2956 5375 3180 5429; x_wconf 78' lang='grc' dir='ltr'>τοιαῦτα</span> <span class='ocrx_word' id='word_1_874' title='bbox 3228 5377 3417 5447; x_wconf 84' lang='grc' dir='ltr'>χώραν</span> <span class='ocrx_word' id='word_1_875' title='bbox 3446 5372 3544 5428; x_wconf 75' lang='grc' dir='ltr'>οὐκ</span> <span class='ocrx_word' id='word_1_876' title='bbox 3584 5374 3700 5441; x_wconf 76' lang='grc' dir='ltr'>ἔχει.</span> 
     </span>
    </p>
   </div>
   <div class='ocr_carea' id='block_1_112' title="bbox 2158 5454 3702 5533">
    <p class='ocr_par' dir='ltr' id='par_1_112' title="bbox 2158 5454 3702 5533">
     <span class='ocr_line' id='line_1_112' title="bbox 2158 5454 3702 5533; baseline 0.008 -26"><span class='ocrx_word' id='word_1_877' title='bbox 2158 5454 2330 5509; x_wconf 82' lang='grc' dir='ltr'>Ὅπου</span> <span class='ocrx_word' id='word_1_878' title='bbox 2377 5459 2480 5528; x_wconf 76' lang='grc' dir='ltr'>γὰρ</span> <span class='ocrx_word' id='word_1_879' title='bbox 2512 5459 2644 5524; x_wconf 69' lang='grc' dir='ltr'>Θεὸς</span> <span class='ocrx_word' id='word_1_880' title='bbox 2681 5464 2708 5515; x_wconf 84' lang='grc'>6</span> <span class='ocrx_word' id='word_1_881' title='bbox 2743 5464 3243 5533; x_wconf 73' lang='grc' dir='ltr'>ἐπαγγελλόμενος,</span> <span class='ocrx_word' id='word_1_882' title='bbox 3286 5471 3389 5521; x_wconf 85' lang='grc' dir='ltr'><strong>οὐκ</strong></span> <span class='ocrx_word' id='word_1_883' title='bbox 3441 5466 3550 5519; x_wconf 70' lang='grc' dir='ltr'>ἐσθ’</span> <span class='ocrx_word' id='word_1_884' title='bbox 3575 5466 3702 5520; x_wconf 68' lang='grc' dir='ltr'><strong>ὅπως</strong></span> 
     </span>
    </p>
   </div>
   <div class='ocr_carea' id='block_1_113' title="bbox 2151 5548 3696 5626">
    <p class='ocr_par' dir='ltr' id='par_1_113' title="bbox 2151 5548 3696 5626">
     <span class='ocr_line' id='line_1_113' title="bbox 2151 5548 3696 5626; baseline 0.001 -28"><span class='ocrx_word' id='word_1_885' title='bbox 2151 5548 2253 5600; x_wconf 78' lang='grc' dir='ltr'><strong>οὑκ</strong></span> <span class='ocrx_word' id='word_1_886' title='bbox 2287 5550 2580 5613; x_wconf 76' lang='grc' dir='ltr'>ἐκτελέσει,</span> <span class='ocrx_word' id='word_1_887' title='bbox 2605 5554 2699 5604; x_wconf 72' lang='grc' dir='ltr'>καὶ</span> <span class='ocrx_word' id='word_1_888' title='bbox 2728 5554 2802 5622; x_wconf 74' lang='grc' dir='ltr'>δῷ</span> <span class='ocrx_word' id='word_1_889' title='bbox 2831 5559 2950 5618; x_wconf 77' lang='grc' dir='ltr'>ταῖς</span> <span class='ocrx_word' id='word_1_890' title='bbox 2979 5558 3308 5626; x_wconf 75' lang='grc' dir='ltr'>ὑποσχέσεσι</span> <span class='ocrx_word' id='word_1_891' title='bbox 3340 5558 3494 5618; x_wconf 81' lang='grc' dir='ltr'>τέλος</span> <span class='ocrx_word' id='word_1_892' title='bbox 3524 5557 3696 5621; x_wconf 78' lang='grc' dir='ltr'>ἴσχειν·</span> 
     </span>
    </p>
   </div>
   <div class='ocr_carea' id='block_1_114' title="bbox 2155 5639 3708 5718">
    <p class='ocr_par' dir='ltr' id='par_1_114' title="bbox 2155 5639 3708 5718">
     <span class='ocr_line' id='line_1_114' title="bbox 2155 5639 3708 5718; baseline 0.001 -27"><span class='ocrx_word' id='word_1_893' title='bbox 2155 5639 2285 5692; x_wconf 82' lang='grc' dir='ltr'>ὥστ’</span> <span class='ocrx_word' id='word_1_894' title='bbox 2341 5641 2516 5701; x_wconf 72' lang='grc' dir='ltr'>οὐδεὶς</span> <span class='ocrx_word' id='word_1_895' title='bbox 2561 5643 2617 5696; x_wconf 84' lang='grc' dir='ltr'>ἐν</span> <span class='ocrx_word' id='word_1_896' title='bbox 2650 5645 2982 5713; x_wconf 79' lang='grc' dir='ltr'>ἀπογνώσει,</span> <span class='ocrx_word' id='word_1_897' title='bbox 3022 5652 3068 5701; x_wconf 85' lang='grc' dir='ltr'>εἰ</span> <span class='ocrx_word' id='word_1_898' title='bbox 3117 5649 3193 5718; x_wconf 82' lang='grc' dir='ltr'>μὴ</span> <span class='ocrx_word' id='word_1_899' title='bbox 3244 5650 3272 5700; x_wconf 82' lang='grc' dir='ltr'>ὁ</span> <span class='ocrx_word' id='word_1_900' title='bbox 3318 5646 3708 5714; x_wconf 82' lang='grc' dir='ltr'>ἀπογινώσκειν</span> 
     </span>
    </p>
   </div>
   <div class='ocr_carea' id='block_1_115' title="bbox 2154 5731 3713 5807">
    <p class='ocr_par' dir='ltr' id='par_1_115' title="bbox 2154 5731 3713 5807">
     <span class='ocr_line' id='line_1_115' title="bbox 2154 5731 3713 5807; baseline -0.001 -23"><span class='ocrx_word' id='word_1_901' title='bbox 2154 5731 2391 5802; x_wconf 78' lang='grc' dir='ltr'>νομίζων</span> <span class='ocrx_word' id='word_1_902' title='bbox 2441 5732 2586 5797; x_wconf 73' lang='grc' dir='ltr'>ἄξιος</span> <span class='ocrx_word' id='word_1_903' title='bbox 2635 5731 2795 5790; x_wconf 71' lang='grc' dir='ltr'>εἶναι.</span> <span class='ocrx_word' id='word_1_904' title='bbox 2832 5737 3030 5807; x_wconf 75' lang='grc' dir='ltr'>Μηδεὶς</span> <span class='ocrx_word' id='word_1_905' title='bbox 3080 5736 3172 5793; x_wconf 75' lang='grc' dir='ltr'><strong>οὖν</strong></span> <span class='ocrx_word' id='word_1_906' title='bbox 3219 5744 3398 5793; x_wconf 82' lang='grc' dir='ltr'>ταῦτα</span> <span class='ocrx_word' id='word_1_907' title='bbox 3441 5735 3713 5807; x_wconf 84' lang='grc' dir='ltr'>γινώσκων</span> 
     </span>
    </p>
   </div>
  </div>
