3920 6200
271 367 372 439 in

1668 361 1948 422 ORATIO
1978 350 2077 426 Vl.

3395 356 3498 426 wit

269 487 359 538 καὶ
405 477 718 546 σωφρονῶν,
768 479 892 546 ἐμοὶ
943 475 1282 543 πειθόμενος.
1334 465 1574 542 ἁπογνῷ·
1632 474 1745 526 ἀλλ’
1785 473 1817 542 ἦ

1941 487 2045 523 iam
2072 472 2156 524 ubi
2195 471 2330 525 Deus
2354 481 2436 524 est
2464 470 2551 537 qui
2587 470 2874 538 promittit,
2906 471 3017 523 fieri
3043 485 3146 522 non
3165 480 3334 537 potest
3370 473 3496 537 quin

269 575 520 644 τρυφὰτω
555 572 675 633 ταῖς
707 569 944 636 ἀγαθαῖς
989 570 1170 620 ἐλπίσι
1204 567 1333 631 ζῶν,
1363 569 1420 618 ἐν
1465 565 1694 634 ἀγαθαῖς
1739 568 1828 619 ἀεὶ

269 661 547 730 πράξεσιν,
582 661 613 729 ἦ
653 660 786 728 περὶ
821 658 921 727 τὴν
957 659 1258 726 ἑνδεκάτην
1289 656 1460 710 ἐλθὼν
1495 660 1572 718 είς
1602 657 1696 708 τὸν
1727 673 1826 708 κα-

267 754 355 807 λὸν
405 751 725 820 ἀμπελῶνα,
787 751 1094 821 ὲκδεχέσθω
1158 752 1360 820 προῖκα
1425 749 1636 811 λαϐεῖν,
1701 749 1826 800 ὅσον

265 845 478 905 δικαίως
510 844 718 896 δέδοται
745 845 856 905 τοῖς
907 841 1210 911 βαστάσασι
1241 841 1302 893 τδ
1335 839 1500 910 βάρος
1546 840 1647 909 τῆς
1694 839 1829 908 ἡμέ-

268 954 384 1008 ρας,
406 937 499 990 καὶ
520 937 612 987 τὸν
638 934 905 988 καύσονα.
926 932 1066 1001 Ἐγὼ
1103 935 1226 996 τοὺς
1253 935 1463 995 πάντας
1487 931 1828 1002 ύπερελάσας

268 1030 354 1080 ἐπὶ
424 1030 638 1091 κακοῖς,
687 1027 790 1078 οὐκ
849 1024 1087 1093 ἐμαυτὸν
1141 1023 1552 1091 ἀπογνώσομαι’
1601 1020 1698 1074 καὶ
1740 1020 1831 1073 διὰ

266 1119 434 1182 τοῦτο,
463 1119 572 1171 οὐδ’
601 1117 845 1170 ὁντινοῦν
871 1116 980 1168 τῶν
1006 1115 1283 1168 ἁπάντων·
1311 1114 1385 1179 ὡς
1415 1114 1610 1184 ὄφελόν
1642 1130 1704 1181 γε
1733 1114 1829 1164 καὶ

271 1212 322 1263 σὲ
351 1211 440 1262 τὸν
473 1209 795 1270 ἄπταιστον,
825 1209 912 1261 ἶνα
941 1209 1014 1276 μὴ
1047 1208 1247 1278 κρίνων
1272 1207 1397 1269 τοὺς
1425 1205 1639 1269 ἄλλους,
1671 1205 1829 1268 αὐτὸς

267 1302 477 1373 κριθῇς,
543 1303 639 1354 καὶ
698 1298 1077 1363 καταδικάζων
1137 1299 1516 1370 ἀπαραίτητα,
1575 1297 1706 1351 αύτό
1765 1315 1827 1364 γε

267 1397 415 1448 τοῦτο
445 1395 625 1464 πάθης
660 1395 764 1446 ὑπὸ
796 1393 953 1457 Θεοῦ,
992 1394 1134 1446 κατὰ
1171 1393 1261 1446 τὸν
1294 1393 1507 1445 ἐκείνου
1544 1392 1822 1462 χρησμόν.

210 1468 225 1518 λ’
272 1489 322 1541 Ei
355 1489 469 1557 γὰρ
498 1487 691 1540 ἑαυτὸν
736 1487 795 1538 ού
825 1487 1035 1539 δίκαιον
1070 1487 1408 1552 ἀπογνῶναι.
1441 1486 1705 1554 ούμενουν
1737 1485 1828 1537 0'3-

266 1580 378 1632 δένα
413 1580 524 1632 τῶν
574 1580 818 1643 πάντων,
867 1580 975 1632 οὐδ’
1021 1579 1086 1631 ἂν
1138 1579 1244 1630 ὑπὸ
1298 1577 1518 1631 πάντων
1558 1577 1831 1643 ἀπογινώ-

267 1687 478 1738 σκηται·
521 1669 635 1731 πῶς
668 1671 734 1722 ἄν
767 1686 849 1728 τις
883 1668 1107 1730 δικαίως
1140 1669 1266 1728 τοὺς
1315 1670 1528 1732 ἄλλους,
1577 1669 1714 1738 μήτε
1764 1669 1832 1720 τὰ

263 1761 482 1815 ἐκείνων
543 1761 990 1830 πλημμελήματα
1074 1759 1323 1828 ἀκριῦῶς
1386 1760 1564 1823 εἰδὼς,
1631 1760 1706 1823 ὡς
1760 1763 1830 1814 τὰ

262 1855 431 1907 οἰκεῖα
465 1852 633 1909 κακὰ.
664 1853 800 1921 μήτε
827 1853 924 1918 τὴν
957 1853 1076 1906 τότε
1109 1851 1352 1905 διάθεσιν
1386 1853 1485 1921 τῆς
1520 1854 1576 1904 ὲν
1605 1854 1822 1922 ἑκάστῳ

253 1946 458 2015 ψυχῆς,
496 1946 526 2014 ἦ
570 1945 778 2002 τᾶνδον.
818 1944 851 2014 ἢ
897 1944 962 1996 τὰ
999 1943 1234 2015 θύραθεν
1265 1945 1449 2006 αὐτοῖς
1485 1946 1822 2014 ὲπισυμὸαί-

263 2053 412 2089 νοντα
468 2037 800 2104 πράγματας
850 2036 961 2090 Καὶ
1005 2035 1092 2087 διὰ
1142 2034 1314 2088 ταῦτα
1363 2037 1416 2090 οὗ
1461 2036 1567 2088 τῶν
1612 2036 1822 2105 ἀνδρῶν

261 2127 470 2194 ἄριστοι
501 2126 612 2178 οὔτ’
651 2124 1089 2192 ἁπογινώσκουσι
1136 2127 1265 2187 τοὺς
1311 2127 1412 2180 ούκ
1463 2129 1823 2196 ἀπογνόντας,

259 2218 363 2270 (αὖτ’
397 2219 642 2287 εὐχερῶς
687 2217 1100 2286 κατακρίνουσι.
1157 2217 1328 2270 Τοῦτο
1368 2220 1472 2288 γὰρ
1505 2219 1826 2287 κεκρίκασιν

259 2310 484 2376 εὔλογον
512 2307 672 2371 εἶναι,
706 2311 842 2376 σφᾶς
876 2309 974 2378 μὲν
994 2309 1191 2372 αὐτοὺς
1205 2311 1576 2377 κατακρίνειν,
1605 2312 1827 2365 ἐπειδάν

259 2418 354 2456 που
382 2403 484 2460 τοῦ
521 2402 887 2470 προσήκοντος
916 2397 1310 2468 παρεξέλθωσι,
1353 2401 1572 2473 μακρὰν
1603 2403 1825 2456 ἐλαυνο-

259 2492 425 2560 μένης
465 2491 633 2544 ἅπασι
665 2491 884 2559 τρόποις
914 2489 1014 2552 τῆς
1047 2491 1170 2543 καθ’
1202 2492 1360 2561 ἡμῶν
1387 2493 1670 2562 λυττώσης
1695 2495 1829 2547 ἀπο-

259 2584 542 2651 γνώσεως·
573 2582 697 2644 τοῦς
732 2582 786 2658 δὲ
819 2582 1039 2654 ἐτέρους
1073 2583 1281 2652 κρίνειν
1315 2585 1409 2654 ὲᾷν
1444 2585 1534 2637 τὸν
1551 2587 1827 2656 Δημιουρ-

256 2671 370 2738 γδν,
402 2665 454 2738 ᾧ
511 2673 681 2742 μηδὲν
717 2673 816 2742 τῆς
843 2674 1074 2749 κτίσεως
1123 2671 1348 2728 ἄϐατον.
1401 2677 1673 2744 Κριτικὸς
1719 2679 1827 2748 γὰρ

258 2763 653 2841 ᾇνθυμήσεων
705 2765 804 2818 καί
857 2764 1112 2819 ἐννοιῶν
1163 2767 1432 2836 καρδίας,
1482 2771 1508 2820 ὁ
1557 2771 1830 2841 μακάριος

256 2837 352 2926 ἔφη
401 2855 644 2918 Παῦλος.
675 2857 769 2924 Μὴ
806 2859 1058 2925 κρίνετε,
1091 2860 1256 2928 φησιν
1303 2861 1330 2912 ὁ
1375 2860 1588 2928 Σωτὴρ,
1621 2837 1726 2915 καί
1753 2863 1824 2916 οὑ

249 2948 332 3016 μὴ
367 2947 640 3016 κριθῆτε.
669 2949 762 3016 Μὴ
798 2950 1229 3016 καταδικάζετε,
1261 2952 1360 3004 καὶ
1410 2955 1482 3006 οὺ
1505 2953 1591 3022 μὴ
1637 2971 1829 3008 κατα-

253 3038 614 3108 δικασθῆτε.
663 3040 881 3094 Τούτων
928 3043 1108 3095 τοίνυν
1153 3045 1264 3095 τῶν
1293 3044 1488 3111 φωνῶν
1533 3046 1830 3111 διαπαντὸς

1937 562 2074 616 idem
2111 563 2351 630 perﬁciat
2369 573 2423 616 et
2445 564 2508 615 ad
2532 564 2690 617 linem
2713 564 2975 630 promissa
3002 564 3287 628 perducat.
3311 565 3496 632 Itaque

1935 656 1999 708 de
2025 656 2239 709 nemine
2269 657 2686 725 desperandum,
2719 657 2824 711 nisi
2852 673 2909 711 se
2936 659 3153 728 dignum
3209 662 3502 711 arbitretur

1934 747 1999 798 de
2029 760 2136 813 quo
2171 746 2490 814 deSperetur
2523 761 2732 815 ;eaquc
2775 752 3011 801 decausa
3039 764 3217 812 neruo,
3237 747 3326 816 qui
3351 751 3500 801 novit

1934 837 2048 890 haec
2060 847 2113 890 et
2134 839 2294 906 sapit,
2316 838 2442 892 mihi
2464 839 2505 891 si
2526 854 2712 906 parere
2737 839 2882 904 velit,
2902 841 3170 907 desperet,
3191 843 3282 894 sed
3305 842 3382 893 vel
3405 842 3501 894 bo-

1936 943 1998 981 na
2024 944 2117 996 spe
2136 929 2311 982 fretus
2339 929 2554 997 gestiat,
2575 931 2732 985 bonis
2758 930 2811 984 in
2832 932 3088 998 operibus
3103 932 3266 984 vitam
3290 947 3502 1001 semper

1933 1021 2178 1089 exigens,
2200 1022 2281 1073 vel
2306 1021 2646 1091 injegregiam
2663 1023 2810 1076 illam
2835 1025 3045 1078 vincam
3072 1024 3292 1081 veniens
3310 1028 3374 1076 ad
3400 1043 3502 1077 nu-

1934 1113 2195 1167 decimam
2227 1115 2435 1179 ltot‘nnl,
2467 1116 2633 1182 gratis
2685 1124 2959 1185 exspectet
2975 1117 3222 1184 accipere
3245 1130 3501 1184 quantum

1928 1205 2051 1273 jure
2073 1206 2252 1259 datum
2275 1213 2356 1258 est
2380 1207 2449 1260 iis
2490 1208 2580 1274 qui
2606 1216 2656 1260 et
2674 1223 2810 1262 onus
2836 1219 2889 1262 et
2912 1220 3101 1263 aestum
3121 1209 3221 1262 diei
3248 1209 3504 1262 tulerunt.

1936 1295 2046 1364 Ego
2093 1298 2182 1365 qui
2223 1297 2368 1351 vitiis
2418 1313 2606 1351 clunes
2644 1309 2989 1364 antegressus
3021 1315 3165 1360 sum.
3203 1303 3266 1354 de
3292 1301 3506 1369 "teipse

1937 1399 2044 1438 non
2065 1387 2371 1456 desperabo
2404 1405 2418 1452 ;
2452 1399 2504 1441 et
2533 1392 2780 1443 eannlem
2801 1390 2870 1443 ob
2894 1405 3135 1456 causam,
3161 1408 3258 1447 nec
3277 1395 3338 1446 de
3368 1407 3504 1462 quo-

1934 1493 2095 1545 quam
2131 1481 2394 1534 omnium.
2428 1479 2581 1546 Quod
2610 1483 2812 1534 utinam
2842 1495 2894 1535 tu
2937 1500 3174 1552 quoque,
3202 1487 3290 1554 qui
3325 1488 3508 1554 lapsus

1936 1587 1996 1624 es
2023 1587 2241 1638 expers,
2274 1574 2463 1635 facias,
2495 1590 2560 1626 ne
2585 1573 2838 1641 judicans
2861 1575 3016 1640 alios,
3062 1578 3175 1643 ipse
3210 1578 3500 1645 iudiceris,

1935 1661 2430 1717 ctinexorabiliter
2472 1667 2755 1729 damnans,
2822 1668 2964 1734 quod
3022 1678 3105 1721 est
3156 1669 3208 1721 in
3259 1673 3495 1735 oraculo,

1943 1754 2124 1806 itidem
2154 1772 2182 1808 a
2206 1755 2314 1808 Deo
2341 1758 2634 1812 damneris.
2667 1758 2802 1812 Nam
2822 1765 2864 1814 si
2890 1760 2956 1815 de
2974 1763 3157 1830 seipso
3179 1779 3504 1834 quemquam

1861 1815 1906 1874 Β
1942 1846 2228 1916 desperare
2261 1849 2398 1903 haud
2421 1865 2525 1919 par
2541 1862 2640 1916 cst,
2673 1869 2770 1907 nec
2805 1855 2967 1908 etiam
2991 1855 3057 1909 de
3089 1872 3356 1924 quoquam
3391 1876 3509 1914 our-

1937 1939 2088 2004 uiuo,
2123 1956 2225 1992 non
2252 1941 2294 1993 si
2318 1943 2549 1995 maxime
2570 1943 2650 1997 de-
2673 1959 2736 1997 eo
2765 1946 3052 2014 desperent
3085 1949 3344 2012 universi,
3368 1969 3505 2021 quo-

1939 2045 2060 2082 nam
2086 2041 2241 2098 pacto
2259 2034 2322 2083 de
2337 2032 2586 2098 aliisjure
2605 2034 2726 2102 quis
2755 2035 3142 2105 desperaverit,
3159 2055 3384 2108 quorum
3409 2059 3508 2097 nec

1935 2115 2186 2175 accurate
2205 2122 2397 2176 delicta
2416 2124 2493 2177 sic
2517 2126 2688 2190 novit,
2717 2140 2772 2181 ut
2805 2128 2944 2182 mala
2979 2131 3218 2200 prepria,
3256 2149 3353 2187 nec
3389 2135 3506 2204 ejus

1938 2215 2198 2282 temporis
2234 2215 2398 2270 animi
2439 2216 2776 2273 adfectionem
2807 2221 2858 2274 in
2883 2223 3148 2290 quolibet,
3177 2237 3270 2280 aut
3302 2243 3389 2284 res
3419 2233 3504 2284 vel

1937 2304 2090 2360 intus
2108 2307 2189 2360 vel
2217 2308 2556 2364 extrinsecus
2590 2313 2669 2366 eis
2694 2313 2998 2370 accidentes
3047 2317 3070 2369 ?
3127 2318 3356 2389 ideoque
3405 2324 3507 2378 viri

1940 2397 2372 2462 praestantissimi
2399 2415 2496 2454 nec
2529 2402 2818 2472 desperant
2853 2405 2917 2458 de
2946 2405 3016 2460 iis
3047 2409 3134 2475 qui
3170 2426 3271 2463 non
3316 2414 3503 2481 despc-

1938 2498 2148 2546 rarunt.
2179 2503 2276 2542 nec
2307 2489 2464 2544 facile
2521 2494 2889 2550 condemnant
2931 2513 2949 2550 :
2983 2513 3106 2552 nam
3145 2501 3245 2554 hoc
3307 2505 3504 2558 rationi

1937 2588 2365 2633 consentaneum
2404 2596 2524 2637 esse
2573 2584 2846 2652 judicant,
2905 2590 3116 2660 seipsos
3155 2595 3372 2661 quidem
3431 2601 3507 2653 uti

1938 2668 2217 2735 damnent,
2279 2669 2454 2726 sicubi
2506 2684 2701 2743 praeter
2753 2679 2987 2735 ollicium
3049 2688 3298 2752 fecerint,
3353 2693 3508 2760 longe

1940 2765 2154 2818 interim
2185 2777 2388 2822 remota
2419 2771 2590 2825 modis
2624 2774 2876 2830 omnibus
2910 2777 3122 2834 furente
3173 2793 3362 2839 contra
3406 2805 3507 2842 nos

1941 2857 2343 2925 desperatione,
2389 2868 2444 2913 at
2479 2874 2604 2914 vero
2660 2861 2923 2928 judicium
2951 2869 3017 2924 de
3047 2872 3166 2926 aliis
3220 2887 3274 2929 ut
3325 2881 3504 2948 opifici

1940 2963 2119 3004 rerum
2169 2953 2502 3020 permittant,
2557 2955 2642 3008 cui
2681 2957 2813 3010 nihil
2851 2959 2903 3012 in
2962 2963 3121 3017 rebus
3176 2972 3375 3025 creatis
3424 2983 3507 3024 est

1940 3039 2301 3111 incognitum,
2339 3045 2534 3114 quippe
2565 3046 2876 3103 facultatem
2934 3051 3210 3120 judicandi
3243 3059 3309 3113 de
3361 3064 3507 3129 cogi-

259 3132 626 3202 μεμνημένοι,
647 3132 752 3184 οὐδ’
770 3133 1009 3186 ὁντινοῦν
1028 3134 1477 3201 κατακρίνουσιν,
1497 3137 1616 3190 οὐδὲ
1643 3139 1828 3206 μισοῦ-

1941 3131 2236 3188 tationibus
2269 3145 2324 3188 et
2363 3138 2641 3206 conceptis
2674 3142 2855 3196 cordis
2877 3143 3057 3209 habet,
3107 3157 3164 3200 ut
3194 3149 3380 3205 beatus
3413 3154 3504 3207 ille

257 3239 360 3278 σιν.
391 3223 620 3290 Ἀπαγε
654 3223 666 3277 !
703 3225 821 3276 οὐδὲ
873 3225 981 3294 γὰρ
1031 3225 1283 3278 τοσοῦτον
1321 3225 1486 3295 ὄμόσε
1517 3230 1826 3300 χωρήσουσι

257 3316 394 3368 κατὰ
431 3315 538 3384 τῆς
575 3315 760 3384 κοινῆς
789 3315 1028 3384 φύσεως,
1068 3317 1174 3370 κᾶν
1209 3317 1235 3370 ὅ
1264 3335 1315 3369 τι
1348 3318 1498 3388 πάθῃ
1526 3319 1612 3373 διὰ
1637 3322 1829 3392 προαί·

256 3421 430 3474 ρεσιν·
465 3407 604 3459 ἀλλὰ
634 3408 732 3476 τὴν
761 3409 859 3477 μὲν
893 3409 1199 3479 μοχθηρίαν
1224 3410 1590 3480 βδελύξονται,
1621 3415 1748 3478 τοὺς
1773 3417 1829 3468 δὲ

257 3495 682 3567 ἁμαρτάνοντας
746 3500 1132 3568 δακρύσουσιν·
1197 3501 1225 3554 ὃ
1293 3505 1470 3556 ποιεῖν
1531 3503 1826 3575 εἰώθαμεν,

259 3575 460 3658 μέλους
497 3593 626 3660 ἡμῖν
672 3593 984 3660 σηπομένου
1013 3595 1234 3664 πονήρῳ
1269 3595 1440 3661 ἕλκει,
1471 3598 1504 3666 ἢ
1553 3597 1714 3666 ἡνίκα
1747 3616 1832 3660 τις

259 3685 404 3734 νοσεῖ
431 3681 548 3734 τῶν
581 3682 818 3751 μάλιστα
852 3683 1098 3751 συνήθων
1143 3686 1238 3740 καὶ
1279 3687 1580 3755 συγγενῶν.
1616 3689 1832 3753 Είδότες

257 3758 308 3824 δὲ
337 3775 435 3826 καὶ
485 3773 580 3826 τὸν
617 3775 846 3843 Χριστὸν
870 3775 1008 3846 ὑπὲρ
1043 3778 1151 3829 τῶν
1203 3781 1640 3849 σταυρωσάντων
1666 3784 1830 3848 esse.

263 3879 447 3930 μενον,
479 3866 571 3916 καὶ
598 3863 684 3917 διὰ
716 3867 933 3920 πάντων
963 3869 1229 3936 ὲνάγοντα
1263 3869 1398 3939 πρὸς
1427 3873 1716 3941 μετάνοιαν
1741 3875 1831 3928 τὸν

259 3954 465 4024 ὀλίγοις
512 3957 795 4028 ἀργυρίοις
843 3962 1005 4025 αὐτὸν
1045 3967 1391 4032 πεπρακότα,
1423 3966 1516 4018 τὸν
1564 3968 1832 4037 προδεδω-

261 4045 415 4109 κότα,
453 4047 548 4099 τὸν
611 4049 876 4118 φιλήματι
928 4053 1376 4122 παραδεδωκότα,
1411 4056 1521 4120 τὸν,
1563 4059 1664 4111 κᾶν
1711 4059 1739 4111 ὅ
1778 4077 1830 4111 τι

260 4136 511 4205 γένηται,
543 4138 906 4207 διαμενοῦντα
941 4142 1132 4194 κακόνο
1187 4143 1357 4197 ταῦτα
1385 4144 1448 4215 δὴ
1507 4149 1600 4199 καὶ
1632 4147 1700 4200 τὰ
1725 4165 1832 4201 τοι·

260 4227 400 4281 αὖτα
459 4229 567 4295 πρὸ
622 4229 917 4300 ὀφθαλμῶν
968 4231 1208 4303 ἔχοντες,
1266 4235 1359 4290 καὶ
1412 4237 1662 4306 κήδονται
1721 4239 1830 4293 τῶν

261 4321 690 4392 ἡμαρτηκότων,
715 4328 808 4378 καὶ
835 4330 1137 4398 πειρῶνται
1162 4329 1490 4399 θεραπεύειν
1516 4332 1575 4384 τὸ
1603 4332 1828 4396 λυποῦν,

261 4414 354 4466 καὶ
384 4415 653 4482 γίνονται,
681 4419 776 4468 καὶ
821 4420 1153 4486 πράττουσιν
1187 4421 1401 4474 ἅπαντα
1436 4423 1570 4490 πρὸς
1603 4424 1700 4492 τὴν
1731 4423 1828 4476 τοῦ

261 4505 436 4558 κακοῦ
461 4506 638 4572 λύσιν,
673 4509 765 4560 καὶ
794 4511 1078 4579 χαίρουσιν
1123 4513 1397 4573 ἀνύοντες.
1431 4514 1524 4565 καὶ
1572 4515 1831 4570 ἀνιῶνται

260 4597 434 4666 μηδὲν
465 4601 842 4667 περαίνοντες·
877 4603 1120 4664 εἰκότως.
1154 4605 1215 4656 ΕΞ
1248 4607 1356 4675 γὰρ
1391 4607 1527 4673 μετὰ
1572 4609 1671 4678 τὴν
1703 4615 1832 4662 πο).-

261 4688 356 4757 λὴν
387 4691 738 4758 ἐπιμέλειαν,
767 4695 857 4744 καὶ
881 4694 1230 4765 τὲιλεξιτήρια
1259 4698 1550 4769 φάρμακα,
1575 4701 1636 4751 τὸ
1663 4702 1831 4755 διενο-

260 4777 420 4845 χλοῦν
462 4783 652 4850 χωρεῖ,
679 4781 795 4843 δέος
825 4785 972 4835 ἐστὶν
1001 4785 1059 4835 ού
1099 4785 1314 4854 μικρὸν,
1346 4787 1422 4856 μὴ
1455 4788 1830 4858 ύπερνικῆσαν

261 4869 336 4937 τῷ
361 4872 565 4940 χρόνῳ,
597 4873 675 4933 είς
708 4876 828 4934 τοὺς
861 4876 957 4941 τῆς
989 4875 1347 4943 ἀπογνώσεως
1379 4879 1578 4946 βυθοὺς
1601 4883 1698 4944 τὰς
1725 4886 1830 4937 τῶν

263 4959 588 5015 ἑαλωκότων
633 4962 804 5032 ψυχὰς
835 4967 1202 5038 παραπέμψη,
1238 4969 1370 5037 πρὸς
1408 4969 1500 5033 οὒς
1537 4973 1710 5037 ούδείς
1746 4992 1828 5028 πω
1852 4963 1866 4976 ’

264 5053 540 5106 κατελθὼν
563 5057 859 5120 ἐπανῆκεν.
887 5055 1074 5118 Οὖτως
1109 5058 1159 5110 οἱ
1187 5058 1480 5128 ἀκίϐδηλον
1508 5063 1604 5130 τὴν
1627 5063 1829 5134 ἀρετὴν

262 5141 618 5209 κεκτημένοι.
664 5143 806 5193 Ἀλλ’
839 5140 918 5206 οἷς
945 5161 1006 5211 γε
1034 5144 1238 5215 ταύτης
1271 5148 1494 5215 μέτεστι
1529 5151 1651 5218 μὲν,
1679 5169 1828 5205 νενο-

266 5225 539 5299 θευμένης
571 5229 616 5281 δ’
641 5227 731 5286 οὖν
765 5233 936 5300 ὅμως,
967 5233 1092 5296 τοὺς
1121 5237 1177 5286 ὲν
1203 5237 1502 5306 ἁμαρτίαις
1528 5241 1829 5310 κατειλημο

266 5322 465 5386 μένους
488 5321 583 5390 οὑχ
605 5321 678 5384 ώς
705 5324 987 5392 σχετλίους
1011 5326 1362 5396 δακρύουσιν,
1385 5329 1494 5382 οὐδ’
1513 5331 1588 5393 ὡς
1613 5335 1827 5385 νοσοῦσι

263 5408 476 5469 τούτοις
500 5407 820 5477 ἀμύνουσιν,
844 5411 964 5465 οὐδὲ
997 5415 1395 5483 παρερχόμενοι
1423 5417 1491 5468 τὰ
1520 5420 1828 5471 συνοίσοντα

263 5496 603 5563 διδάσκουσι,
657 5504 752 5554 καὶ
803 5504 1250 5576 περινοστοῦντες
1298 5505 1554 5574 ζητοῦσιν
1607 5508 1827 5562 ὁθενοῦν

273 5586 527 5657 βοήθειαν
573 5592 788 5654 τούτοις
835 5597 1172 5665 εἰσαγαγεῖνο
1223 5597 1339 5650 ἀλλ’
1381 5597 1456 5662 ὡς
1509 5599 1826 5670 ἐκραγέντι

350 5770 368 5800 '
399 5767 593 5829 Matth.
625 5788 676 5839 v,
708 5773 755 5829 Ι.

1934 3221 2134 3277 Paulus
2161 3225 2353 3293 inquit.
2379 3224 2502 3280 Non
2535 3228 2795 3296 judicare,
2831 3221 2926 3287 'ait
2977 3235 3248 3303 Salvator,
3300 3254 3348 3295 et
3404 3263 3507 3297 non

1921 3314 2295 3383 judicabimiui
2324 3317 2361 3370 ¹.
2383 3317 2734 3388 Quapropter
2764 3323 2954 3378 horum
2994 3329 3257 3382 dictorum
3291 3347 3507 3403 seraper

1933 3419 2220 3472 memores,
2250 3407 2517 3462 neminem
2564 3415 2948 3478 condemnant,
2986 3433 3084 3472 nec
3135 3420 3260 3474 odio
3315 3440 3508 3493 prose-

1930 3506 2192 3566 quuntur.
2230 3499 2384 3554 Absit
2407 3510 2464 3555 ut
2491 3503 2592 3557 hoc
2623 3504 2844 3560 faciant.
2883 3507 2996 3562 Non
3021 3511 3162 3565 enim
3226 3524 3508 3586 tautojrere

1931 3593 2118 3638 contra
2146 3597 2394 3641 naturam
2419 3605 2766 3647 communem
2795 3596 2947 3663 quasi
2977 3598 3110 3665 pede
3161 3601 3359 3656 collato
3411 3621 3508 3670 pu-

1931 3679 2191 3745 gnabunt,
2243 3679 2368 3734 licet
2393 3682 2442 3735 ei
2499 3684 2717 3752 quidvis
2755 3689 2958 3742 accidit
2991 3704 3052 3744 ex
3109 3693 3280 3762 ipsius
3339 3699 3503 3753 animi

1932 3769 2228 3837 proposito,
2255 3776 2349 3826 sed
2373 3772 2561 3826 vitium
2580 3777 2796 3843 quidem
2823 3780 2996 3848 ipsum
3022 3782 3502 3855 abominabuntur,

1931 3871 2220 3928 peccantes
2256 3879 2383 3918 vero
2426 3864 2745 3922 deﬂebunt:
2801 3873 2958 3938 quale
3017 3876 3273 3942 quiddam
3325 3879 3505 3936 facere

1930 3954 2338 4019 consuevimus,
2374 3973 2492 4011 cum
2531 3960 2714 4015 ulcere
2755 3962 2893 4016 malo
2931 3970 3231 4021 membrum
3281 3972 3497 4040 aliquod

1931 4053 2176 4097 nostrum
2207 4049 2494 4112 putrescit,
2524 4049 2606 4104 vel
2636 4054 2757 4118 quis
2789 4053 3024 4107 maxime
3070 4055 3353 4112 familiaris
3411 4073 3504 4115 aut

1931 4137 2264 4204 pr0pinquus
2292 4148 2538 4210 aegrotat.
2581 4140 2742 4193 Iidem
2765 4157 2884 4195 cum
2920 4146 3100 4198 norint
3131 4147 3410 4202 Christum
3443 4169 3502 4204 e-

1934 4227 2061 4279 tiam
2085 4242 2182 4296 pro
2201 4228 2262 4282 iis
2281 4233 2650 4296 deprecatum,
2673 4233 2760 4294 qui
2789 4247 2912 4285 eum
2935 4234 2986 4286 in
3013 4250 3229 4292 crucem
3251 4252 3501 4308 egerunt,

1929 4323 1982 4368 et
2022 4318 2272 4372 erunibus
2301 4318 2450 4371 illum
2503 4319 2678 4374 modis
2711 4320 2777 4372 ad
2810 4323 3240 4392 resipiscendum
3269 4331 3504 4386 invitan-

1934 4420 2064 4474 tem,
2095 4408 2182 4476 qui
2207 4409 2390 4474 paucis
2413 4408 2590 4478 ipsum
2617 4412 2852 4467 nummis
2871 4417 3142 4483 argenteis
3164 4421 3502 4491 vendiderat,

1864 4495 1907 4549 D
1937 4498 2030 4568 qui
2070 4499 2404 4567 prodiderat,
2465 4503 2554 4570 qui
2606 4503 2794 4556 osculo
2835 4507 3153 4576 tradiderat,
3211 4515 3300 4582 qui
3344 4517 3501 4569 dcui-

1931 4605 2056 4659 que,
2076 4590 2335 4660 quidquid
2359 4594 2574 4647 tandem
2597 4594 2766 4661 ﬁeret,
2793 4598 2964 4650 malus
2989 4607 3166 4655 tamen
3188 4618 3506 4669 permansu-

1935 4698 2025 4736 rus
2056 4691 2173 4734 erat
2208 4699 2221 4734 :
2257 4682 2368 4736 hanc
2403 4683 2587 4750 igitur,
2611 4685 2988 4754 ethujusmodi
3012 4705 3136 4745 cum
3170 4706 3294 4749 ante
3323 4701 3506 4753 oculos

1932 4776 2186 4840 habeant,
2221 4786 2274 4829 et
2307 4775 2522 4829 solliciti
2571 4786 2697 4830 sunt
2726 4778 2791 4831 de
2821 4780 2886 4833 iis
2918 4783 3006 4848 qui
3058 4783 3416 4854 deliquerunt,
3454 4803 3506 4845 et

1931 4867 2302 4934 aegritudinem
2349 4882 2542 4921 sanare
2594 4882 2882 4936 conantur,
2935 4874 3223 4944 omniaque
3276 4880 3409 4934 tiunt
3452 4895 3506 4937 et

1934 4955 2246 5025 agunttnali
2297 4955 2506 5010 levandi
2537 4971 2724 5036 causa,
2773 4967 2934 5026 atque
2958 4963 3033 5016 uti
3076 4977 3134 5016 re
3180 4970 3505 5024 succedente

1935 5049 2189 5116 gaudent,
2213 5049 2284 5101 ita
2311 5047 2355 5100 si
2377 5045 2506 5099 nihil
2531 5049 2832 5114 perliciant,
2853 5049 3054 5104 dolent.
3077 5054 3148 5106 Ac
3175 5057 3363 5108 merito
3389 5061 3506 5124 qui-

1935 5141 2092 5194 dem:
2121 5153 2242 5192 nam
2262 5137 2305 5191 si
2336 5148 2458 5208 post
2483 5139 2775 5193 adhibitam
2810 5155 2992 5192 curam
3029 5143 3334 5196 diuturnam
3352 5148 3502 5198 salu-

1933 5232 2159 5300 briaque
2189 5232 2443 5298 remedia,
2479 5232 2674 5284 malum
2707 5232 2933 5284 ulterius
2954 5242 3157 5298 serpat,
3185 5249 3290 5286 non
3312 5251 3500 5303 parum

1937 5328 2223 5378 verendum
2241 5333 2344 5389 est,
2366 5339 2432 5378 ne
2450 5339 2569 5378 cum
2597 5324 2848 5392 paulatim
2868 5323 3226 5390 praevaluerit,
3246 5325 3294 5376 in
3315 5327 3503 5394 despe-

1937 5418 2164 5471 rationis
2197 5416 2428 5470 vortices
2455 5425 2832 5483 correptorum
2870 5415 3079 5466 auiinos
3123 5415 3395 5483 deturbet,
3442 5419 3500 5475 in

1934 5521 2071 5576 quos
2103 5506 2465 5575 praecipitatus
2504 5520 2662 5558 neruo
2715 5520 2950 5572 unquam
3007 5507 3256 5562 emersit.
3311 5507 3386 5564 ita
3438 5527 3498 5566 se

1934 5607 2127 5669 gerunt
2168 5596 2244 5650 illi
2270 5596 2359 5663 qni
2390 5612 2704 5664 germanam
2739 5598 3067 5664 minimeque
3095 5599 3337 5658 vitiatam
3392 5602 3504 5660 vir‘
