3920 6200
508 314 616 376 4ῦό

1663 325 1712 380 Μ
1728 329 1761 380 .-\
1778 327 1814 380 Ν
1836 326 1877 382 U
1895 326 2056 382 ΕΗΒ
2105 328 2190 383 l‘A
2204 327 2518 385 Lx’littLUG

3586 353 3667 414 43‘;

507 435 676 480 tutent
715 429 990 493 possident
1050 440 1152 483 :at
1191 445 1279 499 qut
1325 431 1617 500 participes
1649 435 1864 502 quidem
1929 435 2029 487 illit

2134 435 2338 502 ,μέλος
2393 438 2486 488 τοῦ
2543 441 2664 492 ὅλου
2710 441 2983 512 σώματος,
3039 449 3124 500 καὶ
3179 453 3378 522 νεκρὸν,
3414 462 3495 511 καὶ
3534 463 3668 517 ἕωλοι

502 526 649 580 sunt,
700 518 791 570 sed
841 518 1157 573 adulterata:
1188 532 1580 593 corruptaque,
1626 526 1986 593 deprehensos
2024 528 2074 579 in

501 604 736 669 peccatis
767 620 870 658 non
909 607 1210 663 utmiseros
1256 610 1473 672 deﬂent,
1535 626 1630 666 nec
1667 624 1722 665 ut
1753 615 1908 682 :egris
1938 617 2067 668 sub-

498 697 740 760 veniunt,
798 713 899 750 nec
935 711 1324 765 pra-tereuntes
1374 703 1654 770 profutura
1715 706 1926 768 docent,
1979 715 2070 758 aut

495 787 824 859 obvagnutes
848 807 1002 860 Opem
1041 795 1396 863 undecunque
1419 799 1766 864 conquirunt,
1801 815 1960 868 quam
1985 801 2064 855 eis

2183 530 2568 596 γεγενημένον,
2611 535 3013 604 ἁπαγορεύουσί
3065 557 3120 593 τε
3173 547 3261 597 καὶ
3301 547 3667 620 ἀπορρίπτουσι,

2177 623 2479 690 σπάραγμα
2515 627 2639 676 κυσί
2662 644 2718 678 τε
2756 629 2848 680 καὶ
2883 631 3123 700 κόραξιν
3160 635 3190 704 ἤ
3220 638 3276 689 τό
3305 655 3362 705 γε
3389 645 3670 714 οἰκειότερον

2174 712 2375 780 φάναι,
2398 713 2595 786 βρῶμα
2633 720 2907 790 δαίμοσιν*

2118 802 2317 874 ferant,
2381 811 2473 864 sed
2537 812 3047 879 velutipmembrum
3135 822 3439 889 quoddama
3489 840 3675 894 corpore

495 896 612 938 toto
683 888 948 953 avulsum,
1006 901 1057 944 et
1115 899 1421 944 emortuum
1488 895 1897 962 marcidumqne
1953 895 2064 964 jam
2087 897 2306 961 laetum,
2351 905 2605 960 abdicaut
2676 917 2838 977 atque
2895 888 3162 980 rejiciuut,
3206 915 3416 971 canibus
3462 888 3675 974 elcorvis

494 980 921 1046 dilacerandum,
953 983 1035 1036 vel
1074 983 1146 1034 uti
1185 985 1355 1052 magis
1389 985 1605 1053 proprie
1663 985 1874 1053 loquar,
1909 989 2069 1041 malis
2101 993 2271 1058 geniis
2311 996 2701 1054 devorandum.
2729 1000 2891 1058 Poeta
2923 1005 3137 1073 quidem
3163 1007 3376 1070 diceret,

719 1137 731 1149 .
795 1097 1180 1173 Ipsos_mt_teiu
1236 1101 1555 1168 canibusque
1607 1103 1890 1173 avibusque

705 1168 900 1219 cancris
931 1168 1115 1220 obtulit
1148 1172 1199 1220 in
1231 1172 1490 1237 prtrrlam.

571 1259 638 1309 At
697 1273 831 1324 quos
870 1257 1140 1322 homines,
1193 1260 1470 1314 obsecro?
1511 1277 1738 1327 quorum
1775 1264 1856 1317 vel
1899 1265 2068 1319 hostis

497 1348 749 1400 misertus
782 1347 962 1411 fuerit,
1023 1349 1278 1416 humique
1323 1350 1628 1416 jacentibus
1661 1369 1877 1406 manum
1935 1369 2062 1424 por-

493 1438 720 1490 rexerit.
784 1439 899 1491 luto
956 1449 1200 1494 mortuos
1251 1442 1412 1496 etiam
1469 1441 1714 1498 homines
1761 1447 2058 1499 honoribus

487 1525 706 1580 allicere
733 1529 1136 1593 consuevimus,
1173 1539 1226 1582 et
1265 1531 1435 1583 multa
1470 1532 1713 1599 eisjustn
1750 1535 2055 1588 necessario

486 1620 890 1688 persolvimus:
929 1621 994 1674 ab
1027 1621 1229 1675 eisdem
1265 1623 1570 1676 membrum
1624 1639 1837 1693 quoque
1881 1626 2059 1680 abcis-

482 1727 624 1775 sum,
651 1729 712 1766 ac
750 1728 1076 1782 quocunque
1115 1714 1274 1766 modo
1309 1726 1600 1779 mortuum,
1665 1732 2030 1784 nonnunqnan

2162 1701 2350 1801 δήτινα
2397 1701 2622 1806 τρόπον,
2666 1701 2765 1792 καὶ
2805 1701 3018 1824 ,ςλιέθυὲν

481 1807 550 1858 ab
583 1807 689 1861 illis
714 1808 845 1875 ipsis
879 1808 967 1874 qui
1007 1817 1382 1872 resecuerunt,
1417 1809 2048 1876 eteonnniserationem,

481 1907 535 1950 et
591 1899 927 1966 sepulturam
990 1900 1376 1966 consequitur:
1444 1913 1671 1966 quarum
1714 1917 1844 1954 sane
1877 1901 2050 1969 legum

482 1989 792 2042 meminisse
818 1988 986 2041 multo
1018 1990 1186 2057 magis
1218 1990 1502 2058 oportebat
1533 1994 1584 2044 in
1622 1991 1684 2045 iis
1716 1994 1804 2060 qui
1837 2003 1891 2046 et
1946 1993 2049 2047 vixi

480 2090 682 2134 suntet
714 2082 862 2149 :ttgri,
903 2097 1062 2148 quam
1119 2083 1171 2134 in
1229 2081 1333 2134 illis
1364 2083 1453 2149 qui
1505 2084 1683 2137 omnis
1734 2087 1852 2152 opis
1893 2099 2049 2139 sensu

480 2179 687 2224 carent.
747 2172 816 2224 At
845 2173 931 2226 isti
991 2175 1370 2241 prmelararnm
1431 2177 1483 2228 in
1521 2178 1618 2230 hac
1661 2176 1824 2246 parte
1872 2177 2048 2246 legum

477 2264 890 2329 obliviscuntur,
919 2268 1008 2321 ubi
1038 2270 1205 2322 multo
1231 2273 1465 2326 maxime
1494 2272 1706 2325 illarum
1734 2271 2050 2326 meminisse

478 2354 764 2420 debebant,
799 2357 1008 2410 etiamsi
1042 2369 1357 2414 cmterarum
1391 2362 1631 2415 onmiu—m
1667 2361 2049 2416 oblivisceren-

477 2454 564 2496 1³11³
596 2461 609 2508 ζ
649 2463 754 2500 non
790 2465 856 2502 eo
887 2447 1149 2503 duntaxat
1209 2453 1348 2518 quod
1387 2454 1455 2505 ita
1499 2454 1761 2506 rationem
1813 2451 2045 2504 habituri

476 2521 721 2590 virorum
749 2552 931 2593 essent
990 2556 1056 2594 ac
1091 2541 1408 2611 plerumque
1446 2545 1798 2608 sanabilium,
1859 2557 2042 2597 verum

474 2628 634 2682 etiam
673 2638 952 2696 propterea
998 2633 1140 2698 quod
1172 2633 1225 2686 hi
1262 2635 1450 2689 morbo
1511 2634 1755 2689 laborent
1804 2635 2045 2688 minante

475 2735 577 2773 non
609 2721 821 2787 corpori
850 2731 1102 2787 mortem,
1132 2739 1294 2792 quam
1336 2725 1486 2780 obire
1529 2728 1838 2782 necessario
1887 2728 2040 2796 cogi-

471 2829 611 2875 mur,
646 2813 990 2867 accedentem
1021 2825 1213 2882 sponte
1251 2832 1370 2882 sua,
1432 2833 1631 2887 perque
1691 2824 2044 2877 resurrectio-

469 2921 590 2960 nem
647 2906 988 2972 abolendam,
1031 2909 1122 2962 sed
1170 2911 1372 2976 animo,
1432 2913 1586 2976 cujus
1637 2921 1836 2966 mterna
1898 2929 2042 2967 mors

2400 1150 2415 1164 .
2472 1115 2701 1190 Αρτρὺς
2733 1117 2807 1190 δέ
2839 1119 3053 1188 ἑλώρια
3091 1121 3262 1190 τεῦχε
3300 1124 3584 1189 κύνεσσιν,

2344 1184 2611 1238 οἰωνοῖσί
2637 1203 2701 1240 τε
2729 1184 2997 1244 πᾶσιν-,⁷.
3045 1229 3059 1245 .
3103 1231 3118 1248 .
3161 1230 3176 1246 .

2168 1268 2322 1325 εἶπεν
2371 1273 2437 1327 ἂν
2490 1276 2517 1327 ό
2567 1279 2817 1348 ποιητής.
2872 1281 2993 1334 Καὶ.¹
3027 1281 3216 1346 ταῦτα,
3264 1283 3434 1349 τίναςς
3478 1279 3559 1347 οὓς
3596 1285 3675 1338 κᾶν

2167 1366 2358 1432 ἐχθρὸς
2393 1367 2622 1438 ἠλέησεν
2666 1371 2975 1441 ἄνθρωπος,
3019 1377 3114 1428 καὶ
3152 1377 3306 1445 χεῖρά
3352 1394 3411 1442 γε
3444 1379 3674 1447 κειμένοις

2165 1453 2367 1525 ὤρεξεν
2390 1458 2472 1512 ἄν.
2496 1460 2690 1513 Καίτοι
2717 1463 2808 1514 καὶ
2832 1467 3060 1534 νεκροὺς
3080 1466 3374 1535 ἀνθρώπων
3396 1467 3502 1528 ἔθος
3518 1470 3672 1536 τιμᾷν,

2165 1551 2258 1599 καὶ
2289 1549 2459 1602 πολλὰ
2485 1553 2553 1604 τὰ
2584 1553 2918 1623 νομιζόμενα
2943 1557 3034 1609 ἐπ’
3059 1558 3252 1622 αὐτοὺς
3283 1559 3486 1626 ἀνάγκη
3512 1558 3673 1610 τελεῖν·

2166 1643 2260 1692 καὶ
2293 1643 2453 1710 μέ).ος
2481 1644 2538 1697 δὲ
2561 1647 2746 1710 αὐτοῖς
2769 1650 2998 1717 τμηθὲν,
3031 1651 3124 1704 καὶ
3149 1649 3410 1706 ἀποθανδν
3436 1651 3545 1704 καθ’
3564 1652 3675 1703 οἱον-

3071 1743 3168 1796 xei.
3205 1746 3393 1812 ταφῆς,
3443 1745 3526 1795 καὶ
3569 1743 3673 1811 παρ’

2155 1825 2379 1880 ἐκείνων
2427 1828 2609 1881 αὐτῶν
2670 1831 2820 1884 ἐστιν
2867 1835 2957 1886 ὅτε
3003 1837 3113 1888 τῶν
3163 1836 3526 1904 ἀποτεμόντων
3571 1825 3674 1887 αὖτδ

2153 1918 2432 1983 τυγχάνει.
2456 1920 2562 1974 Καὶ
2594 1920 2702 1974 ἔδει
2729 1940 2792 1990 γε
2829 1927 3141 1995 μεμνῆσθαι
3166 1927 3272 1979 τῶν
3299 1926 3468 1995 νόμων
3495 1924 3670 1977 τούτων

2155 2007 2333 2080 πολλῷ
2369 2028 2430 2078 γε
2475 2014 2701 2082 μᾶλλον,
2727 2016 2818 2069 ἐπὶ
2865 2019 2973 2070 τῶν
3013 2020 3235 2082 ζώντων
3266 2016 3324 2072 τε
3372 2021 3460 2071 καὶ
3489 2017 3672 2071 νοσούν-

2151 2117 2279 2165 των,
2306 2104 2337 2172 ἢ
2365 2104 2471 2156 τῶν
2499 2106 2763 2175 μηδαμῶς
2787 2108 3200 2180 αἰσθανομένων
3225 2110 3520 2180 ἡστινοσοῦν
3571 2107 3674 2177 βοη-

2153 2194 2321 2257 θείας.
2359 2197 2421 2248 Οί
2465 2196 2522 2250 δὲ
2577 2200 2812 2253 ἐνταῦθα
2869 2202 2979 2254 τῶν
3034 2203 3220 2258 καλῶν
3273 2203 3672 2257 ἐπιλανθάνονται

2153 2287 2352 2354 νόμων,
2383 2287 2512 2340 ἔνθα
2545 2289 2762 2344 πάντων
2783 2291 2998 2358 μάλιστ’
3028 2295 3198 2365 ἐχρῆν
3234 2294 3546 2364 μεμνῆσθαι,
3589 2282 3673 2345 κᾶν

2151 2376 2199 2427 εἰ
2227 2377 2444 2431 πάντων
2465 2379 2600 2448 ὁμοῦ
2627 2380 2738 2432 τῶν
2770 2381 2946 2435 ἄλλων
2977 2384 3437 2437 ὲπιλανθάνοιντο·
3460 2385 3513 2436 οὐ
3543 2384 3674 2450 μόνον

2152 2469 2234 2522 ὅτι
2283 2468 2505 2533 ζώντων
2530 2471 2958 2544 ἐπιμελήσονται
2979 2478 3072 2530 καὶ
3104 2477 3336 2545 εασίμων
3357 2476 3427 2538 ὡς
3449 2471 3672 2534 unum,

2146 2560 2263 2612 ἀλλ’
2295 2562 2487 2633 ὅτιπερ
2525 2565 2620 2616 καὶ
2669 2553 2822 2618 νόσον
2870 2560 3016 2620 οὗτοι
3065 2568 3340 2634 νοσοῦσιν,
3387 2564 3676 2621 ἀπειλοῦσαν

2144 2653 2202 2706 οὐ
2229 2654 2307 2722 τῷ
2339 2654 2550 2726 σώματι
2583 2657 2842 2723 θάνατον,
2875 2659 2934 2722 ὃς
2966 2663 3057 2714 καὶ
3085 2663 3384 2728 ἀναγκαῖος
3415 2662 3534 2729 ἡμῖν
3557 2660 3671 2718 ἐστιν

2144 2747 2236 2797 καὶ
2269 2746 2483 2800 ἔπεισιν
2511 2748 2845 2817 αὐτόματος,
2870 2752 2967 2804 καί
3002 2769 3142 2806 ποτε
3171 2754 3456 2822 λυθήσεται
3479 2753 3537 2820 τῇ
3564 2751 3674 2803 dva-

2145 2838 2354 2892 o-ca'teer
2385 2839 2521 2892 ἀλλὰ
2550 2844 2613 2912 τῇ
2640 2844 2808 2914 ψυχῇ,
2837 2840 2904 2916 ἧς
2929 2845 3206 2909 ἀθάνατος
3230 2848 3256 2899 ό
3284 2845 3499 2904 θάνατός
3525 2845 3670 2894 ἐστιν’

2143 2930 2360 2993 αίὼνιος
2385 2932 2512 3000 γάρ.
2544 2932 2739 3003 Ψυχῆς
2775 2936 2884 3005 γὰρ
2916 2936 3264 2991 θάνατον’δεῖ
3283 2939 3420 2990 νοεῖν
3444 2935 3502 2987 τὸ
3527 2949 3676 3010 κεχω-

467 3008 574 3063 est,
616 3014 734 3052 cum
767 3009 820 3052 et
853 3001 964 3068 ipse
993 3000 1063 3052 sit
1103 3011 1337 3056 aeternus
1370 3019 1384 3066 ;
1431 3004 1593 3056 animi
1631 3019 1862 3072 namque
1894 3020 2030 3057 inor-

2142 3022 2321 3092 ρίσθαι
2352 3023 2510 3077 Θεοῦ.
2695 3000 2823 3080 ⁷ιιίγό
2855 3000 3002 3092 ’Θεός
3047 3029 3204 3082 ἐστιν
3237 3031 3268 3098 ἡ
3302 3025 3516 3096 ἀληθινὴ
3559 3008 3672 3088 ξωῆν

467 3102 572 3145 tem
622 3091 920 3159 intelligere
972 3092 1232 3147 debemus
1276 3108 1396 3147 esse
1457 3095 1782 3162 diremptum
1819 3111 1846 3148 a
1898 3095 2026 3151 Deo.

465 3185 616 3249 Quod
653 3184 696 3238 si
729 3184 865 3238 Deus
903 3199 1027 3238 vera
1067 3185 1171 3236 vita
1205 3195 1306 3247 est,
1342 3185 1431 3253 qui
1485 3201 1707 3252 prorsus
1742 3185 1850 3240 Deo
1907 3203 2033 3256 spo-

466 3277 574 3330 liati
599 3285 723 3332 sunt
757 3276 945 3338 animi,
980 3290 1160 3328 veram
1196 3277 1359 3330 vitam
1396 3277 1714 3343 amiserunt,
1763 3281 1828 3332 ad
1863 3295 2024 3348 quam

462 3369 667 3422 reditus
697 3369 920 3422 omnino
951 3368 1128 3421 nullus
1157 3383 1276 3422 esse
1309 3377 1504 3437 potest.
1538 3369 1834 3439 theroqui
1897 3387 2024 3425 vero

460 3477 656 3531 corpus
687 3462 773 3514 ubi
805 3470 1076 3514 mortuum
1124 3460 1320 3527 fuerit,
1356 3470 1416 3514 ut
1477 3477 1596 3515 cum
1653 3477 1716 3516 co
1759 3463 2024 3516 moriatur

459 3555 670 3607 animus
705 3552 819 3606 ﬁeri
853 3569 957 3607 non
995 3560 1187 3621 potest.
1229 3553 1294 3605 At
1341 3552 1429 3606 ubi
1465 3554 1826 3608 tristissimam
1879 3555 2021 3609 illam

459 3656 690 3699 mortem
716 3646 1009 3714 oppetierit
1034 3646 1270 3707 animus,
1301 3645 1462 3698 etiam
1490 3661 1682 3714 corpus
1709 3647 1884 3716 ipsum
1904 3659 2024 3716 post

461 3739 910 3792 resurrectionem
944 3737 1100 3806 quasi
1134 3746 1405 3791 mortuum
1442 3745 1496 3791 et
1528 3739 1780 3792 miserum
1847 3741 2023 3794 modis

456 3830 708 3885 omnibus
735 3829 840 3883 erit
873 3845 886 3882 :
918 3845 1040 3882 nam
1074 3843 1178 3896 quo
1215 3839 1374 3897 pacto
1407 3845 1494 3884 res
1526 3830 1684 3885 aliter
1721 3831 1921 3888 habere
1951 3848 2009 3888 se

456 3920 646 3988 possit,
681 3933 801 3973 cum
840 3919 890 3972 id
921 3921 1065 3989 quod
1104 3919 1278 3989 ipsum
1309 3935 1505 3989 corpus
1534 3921 1802 3988 ivivitieat,
1838 3938 2016 3979 veram

451 4013 640 4080 vitam,
703 4027 819 4081 quae
854 4013 990 4068 Deus
1031 4021 1133 4077 est,
1165 4014 1452 4068 amiserit?
1492 4013 1692 4070 Eadem
1720 4024 1871 4071 estet
1908 4018 2017 4072 dae-

452 4121 672 4160 monqu
696 4107 867 4173 ratio;
905 4122 1025 4160 nam
1071 4126 1187 4174 eos,
1225 4109 1316 4176 qui
1369 4123 1547 4162 veram
1603 4113 1767 4162 vitam
1822 4109 2017 4164 amise-

455 4209 597 4259 runt,
632 4213 735 4251 non
760 4197 841 4251 fas
874 4208 956 4251 est
987 4201 1206 4254 mutatis
1259 4200 1453 4253 animis
1498 4199 1563 4250 ad
1617 4213 1736 4252 eam
1793 4200 2012 4254 redire:

451 4291 590 4359 quod
619 4289 834 4355 quidem
872 4289 977 4340 illis
1012 4290 1055 4340 si
1105 4295 1432 4355 superesset,
1491 4287 1846 4340 consimiliter
1889 4288 2006 4341 ﬁeri

2143 3118 2198 3168 αί
2235 3117 2325 3170 τὸν
2372 3118 2506 3170 Θεὸν
2547 3119 2804 3183 καθάπαξ
2837 3121 3209 3189 ζημιωθεῖσαι
3240 3119 3408 3190 ψυχαὶ
3449 3120 3536 3188 τὴν
3565 3115 3676 3183 ἀλη·

2143 3209 2294 3278 θινὴν
2345 3208 2490 3278 ζωὴν
2524 3207 2816 3265 ἀπ’έὸα).ον·
2854 3215 2934 3275 είς
2965 3215 3032 3284 ἥν
3080 3231 3152 3282 γε
3198 3216 3356 3268 πάλιν
3393 3207 3674 3265 ἐπανελθεῖν

2142 3299 2426 3369 ἀμήχανον
2461 3301 2761 3366 παντελῶς.
2802 3305 2988 3374 Χωρὶς
3035 3305 3090 3358 δὲ
3141 3306 3344 3359 τούτων
3390 3298 3675 3356 ἀποθανόντι

2144 3389 2241 3457 μὲν
2273 3388 2349 3458 τῷ
2393 3390 2606 3458 σώματι
2637 3394 2735 3446 οὐκ
2778 3394 2952 3448 ἔνεστι
2988 3399 3390 3452 συναποθανεῖν
3433 3390 3674 3462 αὐτῷτὴν

2135 3479 2342 3548 ψυχήνο
2374 3480 2474 3549 τῆς
2499 3482 2555 3533 δὲ
2581 3481 2762 3552 ψυχῆς
2785 3484 3114 3554 τεθνηκυίας
3154 3488 3246 3539 τὸν
3274 3487 3525 3538 οἴκτιστον
3550 3480 3674 3532 ἐκεῖ·

2135 3589 2223 3623 νον
2254 3571 2502 3638 θάνατον,
2530 3574 2625 3626 καὶ
2657 3575 2717 3627 τὸ
2746 3576 2905 3642 σῶμα
2930 3577 3067 3644 μετά
3095 3577 3161 3631 τὸ
3185 3575 3676 3648 ἀναστῆναιώσπερ·

2137 3664 2185 3717 εὶ
2236 3663 2451 3728 τεθνεὸς
2483 3667 2578 3718 καὶ
2627 3667 2811 3720 ἄθλιον
2841 3671 3195 3725 παντάπασιν
3231 3672 3402 3724 ἔσται.
3443 3666 3555 3729 Πῶς
3582 3662 3672 3730 γάρ

2131 3757 2232 3823 οὓς
2263 3757 2358 3810 τοῦ
2397 3758 2791 3827 ζωογονοῦντος
2843 3762 2994 3828 αὐτὸ,
3029 3765 3091 3816 τὸ
3146 3763 3355 3834 κυρίως
3404 3763 3517 3831 ζῇν.
3551 3759 3672 3822 λέγω

2130 3847 2196 3919 δὴ
2229 3850 2318 3903 τὸν
2352 3850 2506 3912 Θεὸν,
2545 3851 2973 3917 ἀπολωλεκότος.
3011 3851 3173 3908 Οὕτω
3211 3856 3305 3909 καὶ
3339 3855 3386 3907 οί
3423 3851 3668 3919 δαέμονες.
3746 3876 3750 3881 ~

2131 3943 2244 4013 Τὴν
2287 3943 2404 4016 γὰρ·
2440 3943 2702 4014 ἀληθινὴν
2730 3945 2876 4016 ζωὴν
2917 3947 3320 4013 ἀπολέσαντας,
3359 3947 3458 4000 οὐκ
3490 3943 3668 3996 ἔνεστιν

2129 4033 2447 4086 ἐπανελθεῖν
2477 4035 2556 4096 είς
2606 4035 2775 4105 αὐτὴν
2812 4037 3208 4105 μεταγνόντας.
3241 4040 3330 4100 Ὧς
3356 4039 3402 4089 εί
3429 4035 3517 4088 καὶ
3538 4029 3669 4083 τοῦτο

2130 4124 2345 4193 περιῆν,
2374 4122 2442 4196 ἦν
2487 4125 2552 4178 ἂν
2595 4125 2796 4194 ὁμοίως
2825 4129 3248 4198 διορθωθέντας,
3287 4131 3381 4183 καὶ
3415 4126 3508 4196 τῆς
3549 4120 3671 4188 ζωῆς

2125 4215 2343 4285 ἐκείνης
2373 4219 2750 4286 τετυχηκέναι.

451 4385 651 4446 posset,
681 4384 737 4426 ut
767 4375 1035 4427 emendati
1103 4377 1210 4428 vita
1269 4376 1356 4428 illa
1405 4389 1634 4444 quoque
1691 4378 2011 4444 potirentur.
2049 4389 2092 4444 ι)

518 4465 878 4533 Quamobrem
913 4480 1060 4518 mors
1097 4465 1261 4517 anin'ii
1297 4479 1382 4520 res
1412 4467 1495 4518 est
1521 4467 1760 4519 omnium
1783 4469 2016 4522 maxime

451 4537 826 4619 formidabilis,
881 4565 932 4609 et
968 4555 1057 4623 qui
1140 4557 1326 4610 morbo
1392 4555 1636 4610 laborant
1690 4557 1758 4612 ad
1815 4560 2012 4613 malum

450 4649 550 4702 hoc
585 4646 865 4710 tendente,
912 4661 1018 4700 non
1077 4656 1256 4701 mente
1311 4647 1551 4716 praeditis
1607 4663 1728 4704 esse
1757 4649 1884 4705 odio
1920 4652 2015 4705 de-

448 4744 594 4802 bent,
639 4737 733 4791 sed
785 4730 1211 4792 misericOrdiam
1259 4741 1436 4810 potius
1499 4744 1715 4798 mereri.
1774 4744 1852 4798 Ac
1915 4759 2014 4812 par

444 4830 661 4897 quidem
729 4841 846 4882 erat
903 4829 1066 4884 dubio
1133 4833 1342 4898 procul,
1406 4833 1591 4900 utqui
1639 4844 1691 4887 et
1743 4835 2004 4889 'virtutem

443 4931 495 4975 et
571 4919 946 4984 vitiositatem,
1013 4920 1275 4988 quasique
1353 4925 1512 4977 ambo
1575 4925 1722 4980 istaec
1807 4927 2010 4992 promi-

352 5044 357 5049 -
441 5027 572 5068 scue
619 5012 918 5082 possident,
954 5013 1217 5069 adversus
1261 5022 1488 5069 caeteros
1522 5030 1641 5070 sese
1688 5032 1794 5071 non
1845 5020 2004 5073 etfcr-

439 5116 560 5161 reut
594 5107 664 5161 ob
705 5121 866 5159 uuam
900 5106 1042 5161 illam
1080 5117 1286 5177 partem
1325 5107 1625 5174 meliorem,
1665 5124 1766 5164 uec
1795 5111 2003 5166 vitiosi-

437 5201 563 5253 tatis
597 5214 756 5254 causa
791 5199 991 5254 vultum
1019 5200 1070 5253 in
1101 5209 1298 5254 terram
1321 5199 1637 5269 deﬁgerent.
1667 5203 1734 5255 At
1763 5202 1848 5257 isti
1876 5219 2003 5259 con-

435 5292 624 5355 trario,
661 5305 821 5358 quam
855 5305 952 5359 par
975 5301 1116 5354 erat,
1153 5293 1312 5345 modo
1331 5306 1395 5374 se
1429 5302 1642 5360 gerunt.
1678 5291 1809 5347 Nam
1842 5310 2001 5364 prop;

434 5393 514 5436 ter
552 5381 761 5436 virtutis
788 5382 1116 5450 portionem,
1173 5391 1380 5437 tantum
1433 5398 1538 5438 non
1588 5383 1760 5452 ipsum
1800 5387 1998 5440 coelum

432 5471 788 5535 somniantes,
829 5484 1022 5538 graves
1053 5487 1116 5526 ac
1164 5472 1533 5528 intolerabiles
1589 5484 1737 5539 sunt,
1769 5487 1998 5534 caeteros

435 5574 528 5622 pro
558 5561 725 5615 nihilo
747 5564 1023 5628 ducentes,
1046 5565 1217 5631 ipsam
1250 5580 1376 5620 vero
1393 5566 1763 5632 vitiositatem,
1789 5583 1908 5638 quae
1944 5572 1994 5626 in

433 5649 515 5703 eis
550 5659 655 5718 est,
691 5667 790 5706 nec
823 5666 968 5708 recte
992 5666 1312 5723 agnoscunt,
1340 5670 1460 5710 cum
1492 5657 1559 5712 ab
1584 5673 1642 5713 ea
1669 5675 1820 5716 meus
1850 5663 1998 5732 ipso-

431 5754 553 5795 rum
585 5751 839 5806 corrupta
895 5746 984 5815 sit,
1011 5758 1062 5802 ρ’
1124 5747 1359 5816 agnitam
1401 5766 1495 5806 oro
1519 5766 1578 5807 re
1633 5752 1733 5806 lev'
1769 5757 1996 5819 ducunt,

2199 4483 2258 4536 Ὀ
2283 4485 2378 4554 τῆς
2409 4485 2589 4554 ψυχῆς
2616 4487 2722 4555 ἄρα
2753 4489 2980 4552 θάνατος
3016 4490 3077 4542 τὸ
3123 4491 3510 4562 φοϐερώτατόν
3540 4491 3668 4541 ἐστιν

2081 4597 2083 4600 ’
2115 4578 2394 4631 ἁπάντων·
2413 4580 2505 4633 καὶ
2533 4582 2580 4633 οἱ
2610 4582 2765 4633 νόσον
2792 4598 2855 4650 γε
2881 4581 3167 4647 νοσοῦντες
3195 4587 3278 4647 είς
3311 4586 3468 4638 τοῦτο
3493 4585 3667 4650 φέρου-

2114 4688 2212 4722 σαν
2238 4671 2299 4722 τὸ
2331 4671 2502 4725 δεινὸν
2533 4673 2594 4726 οὐ
2630 4677 2878 4744 μισητέοι
2910 4676 3034 4728 νοῦν
3076 4678 3322 4748 ἔχουσιν,
3360 4677 3474 4731 ἀλλ’
3503 4675 3668 4732 ἐλέους

2111 4760 2271 4826 ἄξιοι.
2301 4757 2411 4813 Ἦν
2440 4763 2540 4832 μὲν
2583 4759 2699 4827 οὖν,
2745 4761 2918 4835 οἶμαι,
2956 4770 3238 4840 προσῆκον
3269 4768 3526 4829 ἐπιεικῶς
3557 4767 3668 4824 τοὺς

2113 4853 2485 4920 κεκτημένους
2523 4853 2621 4922 μὲν
2667 4856 2889 4927 ἀρετὴν,
2927 4861 3312 4928 κεκτημένους
3359 4860 3417 4913 δὲ
3463 4858 3664 4917 κακίαν.

2087 4941 2205 4992 ’καὶ
2225 4936 2335 4993 οἷον
2358 4940 2558 5008 ἀναμὶξ
2583 4942 2771 5010 ἄμφω,
2797 4947 2871 5015 μὴ
2901 4947 3011 4999 τῶν
3041 4947 3218 5001 ἄλλων
3243 4946 3666 5018 κατεπαίρεσθαι

2109 5033 2198 5085 διὰ
2222 5033 2281 5086 τὸ
2297 5033 2658 5104 χρηστότερον
2685 5037 2871 5106 μέρος·
2900 5040 2995 5109 τῆς
3022 5039 3075 5093 δὲ
3109 5043 3308 5106 κακίας
3339 5043 3505 5096 ἕνεκα
3534 5039 3670 5095 κάτω

2109 5126 2356 5188 κύπτειν,
2384 5127 2431 5177 οἱ
2451 5125 2506 5177 ’δ’
2534 5126 2761 5192 ἐναλλὰξ
2793 5130 3121 5200 ἐργάζονται
3155 5133 3218 5185 τὸ
3252 5135 3554 5206 προσῆκον.
3580 5129 3669 5183 Διά

2102 5216 2210 5285 γὰρ
2241 5218 2300 5270 τδ
2330 5217 2496 5288 μέρος
2524 5217 2625 5287 τῆς
2655 5219 2880 5289 ἀρετῆς,
2908 5224 3132 5291 μονονοὺ
3157 5223 3251 5277 τὸν
3281 5225 3515 5294 οὐρανὸν
3544 5222 3670 5273 ὀνει-

2103 5306 2482 5376 ροπολοῦντες,
2520 5307 2707 5378 βαρεῖς
2735 5312 2840 5364 είσι
2881 5315 2974 5365 καὶ
3013 5315 3308 5384 ἀφόρητοι,
3338 5315 3511 5384 μηδὲν
3548 5313 3667 5372 τοὺς

2098 5397 2295 5459 ἄλλους
2341 5393 2481 5450 εἶναι
2518 5401 2851 5467 νομίζοντες·
2885 5403 3057 5473 αὐτὴν
3094 5405 3149 5456 δὲ
3196 5405 3300 5474 τὴν
3330 5406 3533 5458 κακίαν
3575 5401 3666 5467 τὴν

2101 5488 2158 5537 ὲν
2189 5487 2372 5547 αὐτοῖς
2401 5485 2525 5539 οὔτε
2575 5489 2750 5551 καλῶς
2790 5491 3171 5560 γινώσκουσιν,
3209 5494 3310 5546 ὑπ’
3350 5496 3570 5563 ἐκείνης
3605 5506 3662 5559 γε

2096 5577 2194 5639 τὰς
2226 5580 2426 5646 φρένας
2457 5579 2845 5649 βεϐλαμμένοι,
2876 5586 2968 5636 κα)⁸
2997 5588 3149 5656 παρὰ
3191 5587 3406 5656 φαῦλον
3441 5587 3662 5654 ἄγουσιν

2095 5669 2466 5741 ἐγνωσμένην.
2487 5672 2598 5724 Καὶ
2618 5672 2736 5725 οὐδὲ
2763 5674 3111 5732 αἰσθάνονται
3132 5679 3308 5733 ταῦτα
3337 5682 3657 5748 πάσχοντες·

2097 5761 2199 5815 Ἢν
2230 5759 2284 5814 δὲ
2312 5763 2423 5820 τοῖς
2467 5764 2650 5822 αὐτοῖς
2680 5765 2908 5831 ἐκείνοις
2945 5769 3056 5841 ἁλῷ
3085 5788 3169 5834 τις
3212 5772 3410 5836 Eri-:09;
3439 5771 3659 5837 πάθεσι,
