3920 6200
431 314 534 375 Π)

1573 325 1972 393 MANUELIS
2006 333 2452 400 PALEOLOGI
3518 349 3605 414 Ξ)θῦ

434 429 676 486 orabiles
707 441 918 489 nosmet
966 435 1176 502 jndiees
1229 437 1281 492 in
1319 454 1410 495 eos
1440 442 1699 511 gerimus,
1736 447 1823 513 qui
1856 448 1996 514 paul-

2105 455 2335 510 Δοκοῦσι
2387 459 2449 527 δή
2500 455 2592 526 μοί
2625 474 2768 523 τινες
2798 462 3095 534 ἀνθρώπων
3121 466 3282 520 δεινόν
3308 483 3358 519 τι
3386 464 3605 535 πάσχειν,

429 518 545 576 lum
605 525 671 576 ab
707 525 877 579 nllicio
921 526 1274 596 deﬂexerttut,
1329 544 1508 588 nostra
1541 551 1668 591 vero
1687 539 1836 603 vitia,
1885 539 1996 592 lor-

429 625 575 669 tasse
603 630 668 668 ne
695 617 969 675 toleranda
994 624 1234 691 quidem,
1257 626 1412 682 factis
1439 629 1654 685 eximiis
1690 633 1997 697 inserimus.

427 705 522 767 qui
554 721 656 759 non
698 708 820 762 data
849 712 996 767 velut
1030 731 1190 786 opera
1225 718 1453 776 facimus
1513 737 1572 775 ea
1638 737 1757 790 quae
1810 735 1996 778 c0ntra

426 811 523 849 nos
548 797 692 864 ipsos
727 812 854 857 sunt
880 805 900 857 ἲ
924 805 1192 863 Nimirum
1232 814 1508 867 nonnullis
1538 815 1858 870 mortalibus
1909 833 1999 872 ac-

425 888 610 943 cidere
645 892 775 947 milti
847 898 999 952 triste
1040 902 1295 968 quiddam
1338 906 1569 968 videtur,
1607 907 1695 976 qni
1723 909 1818 961 zeli
1870 910 2001 963 vitio

426 979 701 1050 laborent,
771 1004 874 1042 non
927 997 1225 1048 secundum
1287 1000 1618 1056 scientiam'.
1699 1003 1834 1055 Nam
1872 1019 2001 1058 cru-

427 1073 646 1129 delitate
677 1085 1007 1138 commoveri
1038 1085 1310 1156 videntur,
1348 1101 1400 1144 et
1444 1093 1842 1150 inhumanitate
1892 1096 1999 1150 odii

426 1166 582 1232 plena
608 1209 621 1226 .
679 1172 806 1224 dum
851 1175 997 1231 vitiis
1031 1180 1295 1235 obnoxios
1334 1185 1636 1238 oderuntet
1683 1196 2005 1244 aversantur

427 1271 562 1320 quos
625 1270 676 1315 et
736 1264 974 1321 miserari
1037 1269 1328 1339 debebant,
1368 1284 1422 1329 et
1488 1276 1562 1330 uti
1605 1279 2004 1343 corrigerentur

425 1365 644 1417 operam
707 1357 836 1413 dare
887 1363 1150 1431 :quippe,
1206 1380 1324 1420 meo
1367 1368 1587 1436 quidem
1646 1370 2004 1439 judicio,po-

429 1440 567 1497 tiore
597 1444 650 1499 in
685 1460 836 1513 parte
907 1453 1234 1522 claudicant,
1295 1460 1385 1528 qui
1443 1461 1566 1513 dum
1606 1463 1768 1515 odere
1811 1465 2000 1525 malos,

431 1546 579 1589 recte
608 1530 833 1606 faciunt,
869 1553 922 1596 at
976 1546 1103 1602 dum
1143 1551 1308 1604 odere
1358 1553 1745 1623 negliguntque
1779 1557 1918 1623 quod
1949 1572 2006 1609 e-

421 1621 635 1687 iusdem
673 1642 755 1685 est
791 1645 1018 1699 naturrr.
1052 1644 1388 1696 contrariam
1421 1646 1471 1698 in
1503 1657 1705 1712 partem
1756 1657 2001 1716 peccant.

426 1717 591 1788 Atqui
622 1728 900 1792 Oportebat
952 1745 1070 1797 eos,
1145 1738 1488 1803 prapriorum
1519 1739 1838 1794 delictorum
1894 1755 2004 1793 me-

425 1826 608 1870 mores
641 1815 782 1884 (qure
819 1817 1050 1876 fortasse
1077 1825 1241 1876 multa
1277 1843 1578 1896 magnaque
1607 1830 1828 1902 fuerint)
1862 1848 2001 1902 pra:-

427 1913 683 1974 tereaque
714 1915 1124 1975 temperamenti
1153 1915 1311 1980 hujus
1334 1921 1622 1973 essentiam
1651 1937 1993 1977 communem

427 1997 720 2062 intuentes,
755 2015 927 2069 neque
952 2019 1144 2059 novu'u
1171 2010 1300 2075 quid
1329 2013 1544 2075 ducere,
1589 2014 1632 2066 si
1665 2018 1786 2081 quis
1814 2015 1995 2082 lapsus

426 2086 698 2155 sitmeque
721 2090 1049 2160 voluptatem
1078 2099 1229 2170 quasi
1257 2104 1548 2166 quamdam
1579 2119 1771 2173 capere
1795 2106 1861 2159 de
1879 2123 1993 2158 ma-

426 2177 480 2232 lo
510 2182 654 2248 quod
687 2194 917 2253 cognato
940 2188 1221 2245 neciderit.
1255 2191 1384 2246 Nam
1421 2196 1564 2249 nullo
1589 2198 1745 2249 modo
1772 2213 1826 2251 se
1857 2214 1995 2267 pra:-

426 2272 554 2324 bere
592 2274 772 2329 mitem
803 2277 856 2330 in
895 2294 988 2334 eos
1023 2281 1114 2351 qui
1177 2299 1298 2336 cum
1334 2285 1574 2352 eiusdem
1618 2297 1828 2342 natura:
1859 2289 1993 2351 sint,

426 2365 610 2420 miseri
645 2366 772 2422 facti
800 2382 950 2436 sunt,
990 2375 1206 2428 virtutis
1229 2392 1348 2430 esse
1376 2379 1580 2445 nequit.
1617 2380 1794 2448 Atque
1839 2383 1992 2450 equi-

425 2457 546 2511 dem
574 2458 713 2513 scire
738 2477 967 2529 nequeo,
997 2465 1143 2520 sitne
1190 2465 1417 2522 durities
1448 2470 1548 2524 ista
1579 2471 1741 2525 nimia
1779 2472 1989 2542 religio—

425 2565 543 2602 suzn
587 2552 810 2622 aliquid,
845 2571 906 2609 ac
944 2572 1061 2612 non
1106 2563 1436 2616 contrarium
1496 2564 1714 2631 potius;
1765 2565 1870 2618 imo
1901 2579 1992 2633 po—

389 2643 400 2652 '
429 2641 533 2696 tius
562 2658 710 2699 recte
738 2649 881 2712 novi,
914 2664 1018 2702 non
1041 2665 1159 2706 esse
1188 2653 1238 2706 in
1275 2654 1376 2709 Inc
1408 2655 1641 2724 religiosi
1677 2657 1995 2727 quidquam,

427 2735 520 2784 sed
569 2738 726 2805 plane
755 2740 1090 2794 contrarium
1126 2744 1325 2812 potius.
1376 2744 1585 2816 Quippe
1621 2761 1858 2801 morsum
1899 2747 2000 2801 alit

425 2844 584 2895 quem
621 2830 824 2886 sentire
908 2833 1340 2904 delinquentium
1371 2829 1570 2899 causa.
1601 2839 1806 2909 justum
1832 2851 1913 2897 est
1943 2850 1998 2896 et

425 2929 865 2989 consentaneum,
917 2927 1257 2998 quodamque
1298 2925 1470 2986 ‘modo
1540 2933 1754 2988 delictis
1805 2948 1993 2988 eorum

423 3012 684 3075 ermtitos,
723 3015 1077 3072 modestiores
1111 3019 1249 3075 efﬁci
1281 3038 1383 3076 non
1415 3023 1711 3090 exsultare,
1740 3034 2001 3090 nou;ova-

2101 550 2384 614 νοσοῦντες
2417 553 2596 623 ζῆλον,
2625 554 2686 607 οὺ
2719 556 2841 608 κατ’
2882 557 3191 624 ἐπίγνωσιν.
3225 559 3326 610 Καὶ
3361 559 3459 628 γὰρ
3481 558 3604 626 ὠμό-

2100 656 2221 707 τητι
2255 643 2597 712 κεκινῆσθαι,
2636 647 2728 699 καὶ
2755 647 3114 719 ἀπανθρωπίᾳ
3143 650 3373 720 γεμούσῃ
3427 649 3607 718 μίσους,

2101 732 2158 784 ἐν
2185 727 2262 796 οἷς
2294 734 2514 803 μισοῦσι
2570 740 2698 800 τοὺς
2748 739 2988 807 φαύλους
3033 740 3207 804 ὄντας,
3247 742 3334 793 καὶ
3381 741 3612 812 ἀποστρέ-

2103 842 2313 893 φονται,
2364 826 2482 880 δέον
2512 829 2704 893 αὐτοὺς
2743 832 2936 897 ἐλεεῖν,
2962 833 3056 885 καὶ
3104 833 3423 901 διορθοῦσθαι
3451 835 3615 903 nsipi-

2104 919 2250 973 σθαι,
2278 916 2445 990 Οἶμαι
2467 923 2578 991 γὰρ
2602 923 2862 994 χωλεύειν
2881 928 3075 988 αὐτοὺς
3089 927 3165 996 τῷ
3187 927 3438 996 κρείττονι
3462 927 3614 995 μέρει.

2103 1013 2152 1063 εξ
2185 1011 2245 1064 τὸ
2277 1014 2375 1083 μὲν
2411 1008 2554 1068 εῖναι
2611 1019 2998 1088 μισοπόνηροι,
3031 1019 3207 1077 καλῶς
3231 1036 3288 1072 τε
3317 1021 3403 1070 καὶ
3441 1017 3492 1071 εὖ
3520 1035 3619 1070 ποι-

2102 1103 2258 1155 οῦσι·
2297 1105 2377 1174 τῷ
2425 1106 2479 1158 δὲ
2533 1110 2717 1178 μισεῖν,
2766 1127 2824 1162 τε
2882 1111 2976 1162 καὶ
3026 1112 3350 1181 παρορᾷντδ
3384 1109 3618 1177 ὁμοφυὲς,

2102 1195 2383 1254 τάναντία.
2429 1198 2623 1252 Καίτοι
2658 1217 2766 1270 περ
2798 1202 2965 1270 ἐχρῆν
3007 1202 3202 1264 αὖτοὺς
3244 1203 3344 1254 τῶν
3378 1201 3510 1255 ίδὲων
3544 1218 3622 1270 με·

2109 1290 2422 1358 μνημένους
2478 1295 2948 1364 παραπτωμάτων
2989 1289 3121 1364 (εἶεν
3149 1295 3194 1347 8‘
3239 1296 3302 1347 ἂν
3333 1295 3452 1357 ἴσως
3480 1293 3623 1346 πολλὰ

2104 1381 2198 1432 καὶ
2223 1381 2480 1448 μεγάλα),
2510 1378 2628 1436 εἷτα
2654 1386 2750 1438 καὶ
2775 1386 2850 1447 είς
2875 1386 2972 1455 τὴν
2994 1385 3180 1453 κοινὴν
3207 1386 3388 1438 οὐσίαν
3413 1385 3624 1452 ὁρῶντας

2103 1474 2322 1526 τουτουὶ
2363 1473 2459 1525 τοῦ
2497 1476 2803 1544 κράματος,
2841 1477 2976 1546 μήτε
3023 1495 3072 1528 τι
3133 1477 3278 1542 ξένον
3323 1475 3623 1544 νομίξειν,εί

2106 1566 2362 1619 πέπτωκέ
2388 1584 2492 1629 τις,
2531 1569 2669 1637 μήτε
2719 1567 2906 1638 ὥσπερ
2926 1568 3148 1636 ἥδεσθαι
3177 1569 3252 1638 τῷ
3278 1568 3436 1620 δεινόν
3465 1583 3509 1617 τι
3542 1583 3624 1617 πε-

2105 1658 2358 1710 πονθέναι
2391 1659 2451 1711 τὸ
2482 1660 2630 1728 μάλα
2661 1661 2900 1727 γνήσιον.
2933 1661 3004 1710 Τὸ
3036 1659 3144 1730 γὰρ
3191 1657 3311 1726 μηδ’
3354 1655 3628 1710 ὁπωστιοῦν

2107 1751 2520 1818 ὲπικάμπεσθαι
2578 1752 2784 1814 ἀθλίοις
2841 1753 3123 1819 γεγονόσιν
3162 1750 3417 1819 ὁμοφυέσι
3454 1747 3520 1816 μὴ
3545 1748 3627 1798 οὐκ

2105 1843 2307 1910 ἀρετῆς
2434 1841 2652 1912 Ταύτην
2700 1844 2810 1912 ἐγὼ
2843 1845 2940 1904 τὴν
2973 1841 3277 1912 ὑπερϐολὴν
3324 1843 3381 1894 ού
3425 1841 3627 1908 δύναμαι

2105 1932 2286 1995 καλῶς
2316 1933 2563 1998 συνιδεῖν,
2597 1936 2644 1985 εί
2671 1933 2926 2002 θεοφιλής
2956 1953 3038 1994 τις
3067 1929 3200 1987 οὖσα
3225 1934 3490 2000 τυγχάνει,
3513 1930 3628 1982 sm

2107 2023 2182 2092 μὴ
2224 2025 2336 2076 πᾶν
2369 2025 2704 2079 τούναντίον.
2759 2027 2978 2080 Μᾶλλον
3009 2027 3068 2079 δὲ
3099 2022 3214 2079 οἶδα
3259 2025 3448 2086 καλῶς,
3481 2023 3546 2084 ὡς
3578 2022 3628 2074 οὗ

2103 2112 2357 2183 θεοφιλής
2390 2132 2474 2177 τις
2507 2115 2643 2167 οὖσα
2697 2118 2978 2186 τυγχάνει,
3015 2117 3154 2171 ἀλλὰ
3197 2118 3289 2170 καὶ
3330 2115 3500 2182 σαφῶς
3529 2113 3630 2164 wi-

2101 2206 2334 2259 ναντίον.
2362 2207 2660 2262 Δάκνεσθαι
2679 2209 2777 2275 μὲν
2807 2210 2917 2278 γὰρ
2945 2209 3086 2280 ὑπὲρ
3117 2209 3224 2262 τῶν
3250 2206 3630 2277 ἁμαρτανόντων

2101 2298 2425 2368 γιγνόμενόν
2461 2300 2574 2353 ἐστι
2619 2301 2713 2353 καὶ
2752 2302 3052 2370 προσῆκον,
3107 2302 3199 2354 καὶ
3229 2298 3493 2367 γίγνεσθαί
3535 2313 3631 2354 πωῖ

2105 2392 2601 2462 σωφρονεστέρους.
2638 2396 2751 2454 τοῖς
2804 2391 3026 2446 ἐκείνων
3083 2389 3480 2460 παραπτώμασι
3528 2403 3631 2438 παι-

2102 2484 2422 2553 δευομένους⁸
2447 2501 2459 2513 ·
2498 2485 2558 2538 οὐ
2593 2487 2844 2556 σκιρτᾷν,
2873 2489 2933 2537 οὐ
2961 2483 3292 2548 παιανίζειν,
3310 2483 3400 2547 οὐχ
3419 2479 3627 2550 ἣδεσθαι.

2103 2576 2292 2648 ὥσπερ
2346 2576 2513 2646 ἄλλης
2562 2577 2778 2644 φύσεως
2826 2575 2995 2647 οὔσης
3022 2579 3123 2646 τῆς
3157 2573 3510 2634 πεπτωκυίαις,
3535 2565 3633 2620 ἀλλ’

2104 2665 2259 2738 οἶμαι
2287 2668 2510 2731 τούτους
2550 2667 2866 2721 τούναντίον
2905 2669 2935 2738 ἦ
2968 2671 3215 2737 προσῆκε
3245 2667 3530 2727 ποιοῦντας,
3557 2661 3632 2713 καὶ

2101 2761 2259 2815 τοῦτο
2328 2762 2560 2830 πάσχειν
2610 2762 2668 2813 τὸ
2719 2763 2938 2816 ἄτοπον.
2989 2761 3316 2829 Λογίζεσθαι
3366 2759 3490 2826 γὰρ,
3542 2753 3634 2806 τῶν

2099 2854 2275 2908 ἄλλων
2329 2854 2726 2917 ἐκπιπτόντων,
2762 2854 3199 2923 αἰσχυνομένων,
3230 2852 3374 2905 δεινὰ
3418 2846 3626 2915 πασχόν-

2101 2965 2231 3011 των,
2267 2949 2524 3018 ἀμείνους
2572 2947 2746 3012 δόξειν
2797 2949 2890 3000 καὶ
2921 2946 3340 3018 λαμπροτέρους
3370 2940 3509 3012 παρᾶ
3533 2936 3632 3003 Θεῷ

2102 3056 2159 3092 τε
2209 3041 2301 3092 καὶ
2351 3042 2568 3110 κριταῖς
2614 3039 2706 3092 νοῦ
2739 3039 3053 3110 μετέχουσι.
3123 3039 3318 3093 Καίτοι
3364 3029 3636 3087 τούναντίον

424 3117 503 3168 re,
540 3118 644 3157 non
673 3108 928 3182 gntdere,
959 3110 1109 3178 quasi
1140 3112 1188 3164 si
1220 3114 1322 3166 alia
1355 3123 1542 3168 natura
1569 3115 1707 3170 foret
1732 3132 1855 3184 quae
1887 3119 1996 3187 lap‘

2101 3133 2248 3186 ἅπαν
2280 3134 2396 3187 ἐστὶ
2456 3133 2585 3202 περὶ
2634 3133 2812 3186 αὐτῶν
2864 3131 3102 3184 ἐνταῦθα
3148 3129 3478 3202 λογίσασθαι.
3511 3124 3638 3176 Γίνε-

423 3210 480 3249 ea
541 3197 632 3250 sit.
696 3197 977 3254 Enimvero
1030 3203 1267 3256 arbitror
1338 3208 1588 3274 equidem
1667 3208 1753 3263 bis
1810 3219 1998 3262 contra

423 3305 583 3359 quam
610 3304 705 3359 par
729 3301 846 3344 erat
880 3293 1187 3360 agentibus,
1213 3295 1313 3349 hoc
1337 3297 1498 3350 etiam
1527 3299 1756 3353 absurdi
1786 3299 2002 3353 accide-

423 3396 518 3434 re:
548 3383 791 3452 cogitare
815 3383 1072 3436 nimirmn
1099 3399 1211 3450 eos,
1270 3387 1392 3440 aliis
1432 3388 1755 3454 labentibus,
1793 3391 1999 3458 pudore

421 3465 666 3536 Suffusis,
703 3475 818 3527 dira
880 3476 1125 3543 quaedam
1187 3477 1612 3544 incurrentibus,
1651 3495 1708 3536 se
1749 3483 1999 3537 meliores

421 3582 486 3634 ar:
522 3567 918 3634 splendidiores
949 3568 1163 3624 habitos
1216 3572 1281 3624 iri
1312 3580 1419 3625 tam
1470 3573 1614 3643 apud
1639 3573 1804 3629 Deum
1835 3590 1995 3644 quam

422 3670 604 3733 mente
657 3660 907 3727 prazditos
961 3661 1386 3734 judices.Atqni
1455 3666 1612 3733 plane
1667 3667 1995 3722 contrarium

421 3731 635 3816 quidvis
683 3749 768 3801 hic
802 3750 868 3802 de
904 3753 983 3805 eis
1010 3760 1090 3807 est
1123 3755 1542 3811 existimandum
1591 3775 1605 3812 :
1635 3758 1752 3812 ﬁeri
1789 3760 1999 3814 scilicet

424 3843 556 3896 tales
593 3840 758 3891 tuulto
782 3855 837 3894 se
867 3842 998 3911 ipsis
1025 3844 1348 3902 deteriores.
1390 3848 1600 3919 Quippe
1633 3866 1754 3905 cum
1794 3853 1998 3906 insidet

421 3937 600 3989 animo
624 3933 845 4002 invilia,
901 3951 1008 3992 non
1049 3938 1464 3996 admirationem
1493 3943 1768 4012 ejusmodi
1804 3947 1995 4000 vitium

422 4039 684 4095 meretur,
729 4030 838 4084 imo
873 4031 1032 4102 quale
1065 4032 1136 4086 sit
1177 4031 1242 4085 iis
1272 4033 1587 4088 barathrum
1645 4037 1867 4104 invidia,
1907 4039 1994 4108 qui

418 4130 545 4176 sunt
562 4125 612 4176 in
639 4125 739 4178 hoc
762 4125 945 4180 vitium
969 4127 1308 4196 praecipitati,
1337 4129 1508 4183 cuivis
1528 4131 1870 4200 perspicuum
1892 4143 1995 4188 est.

414 4213 691 4269 Nimirum
757 4219 1038 4286 oportebat
1082 4235 1176 4274 eos
1241 4226 1352 4275 suis
1371 4223 1594 4278 edoctos
1625 4227 1804 4291 malis,
1849 4233 1997 4298 igno-

414 4314 567 4362 s'ere
612 4323 780 4374 prono
812 4308 880 4360 ad
945 4309 1151 4378 lapsum
1215 4312 1332 4364 luto
1396 4323 1558 4384 atque
1610 4331 1821 4384 massae,
1883 4335 2000 4390 quae

414 4397 629 4466 quidem
713 4399 947 4462 exsistit,
1023 4414 1088 4451 ex
1187 4403 1588 4469 compositione

416 4499 648 4554 quatuor
676 4489 1062 4542 elementorum
1121 4507 1240 4560 quae
1294 4494 1524 4547 invicem
1582 4496 1685 4551 sibi
1730 4508 1990 4557 aeternum

417 4580 1014 4650 repugnantzideoque
1077 4581 1275 4638 Paulus
1298 4585 1464 4640 etiam
1505 4603 1565 4640 ea
1609 4590 1739 4646 mihi
1785 4592 2014 4651 tantum'

414 4686 522 4725 non
548 4672 749 4739 tragice
778 4673 1136 4742 descripsisse
1165 4677 1400 4741 videtur,
1458 4694 1579 4733 cum
1603 4681 1872 4738 elementa
1914 4688 1997 4742 di—

409 4760 490 4816 xit
517 4776 847 4818 aerumnosa.
916 4763 978 4817 lli
1012 4779 1139 4820 vero
1163 4777 1268 4820 tam
1294 4769 1410 4838 puri
1433 4776 1830 4836 sunt,utetiam
1861 4794 1994 4847 prae-

412 4853 616 4906 clarum
646 4855 773 4910 Elia:
797 4857 968 4909 zelum
1007 4860 1146 4914 malo
1167 4863 1396 4930 quodam
1430 4866 1609 4920 studio
1631 4870 1849 4924 vincere
1895 4886 1992 4939 ge-

412 4949 600 5011 stiant,
634 4965 756 5002 cum
800 4951 1019 5006 meliore
1047 4969 1151 5008 non
1172 4949 1348 5010 liccat.
1382 4957 1632 5014 Sedenim
1658 4963 1730 5016 uti
1760 4979 1992 5019 sanevo-

411 5040 630 5108 iuerint,
649 5042 824 5096 aﬂ'ecti
848 5044 974 5109 sint,
995 5061 1092 5099 nos
1112 5062 1206 5101 eos
1228 5050 1640 5121 haudquaquam
1656 5053 1990 5122 iudicemus;

412 5149 518 5187 non
576 5137 718 5190 enim
764 5143 1062 5206 grassando
1111 5140 1312 5196 Christi
1347 5143 1578 5196 tribunal
1635 5147 1978 5206 invademns.

411 5227 564 5293 Quod
589 5229 632 5282 si
665 5242 904 5286 nostram
943 5235 992 5286 in
1022 5234 1122 5287 bac
1151 5243 1304 5304 parte
1346 5239 1669 5292 sententiam
1703 5243 1988 5300 admittere

411 5321 802 5387 digualmutur,
836 5323 1029 5378 saltem
1055 5328 1323 5381 neminem
1342 5329 1582 5382 omnium
1607 5334 1984 5399 condctuneut,

411 5413 852 5480 quandoquidem
886 5415 1098 5468 veniam
1121 5415 1484 5472 dare-nolunt.
1511 5417 1627 5474 Non
1652 5421 1795 5476 enim
1817 5440 1986 5492 usque

413 5502 549 5555 adeo
579 5506 861 5569 ferociam,
889 5507 1028 5560 utab
1060 5507 1164 5561 illis
1187 5523 1245 5562 se
1279 5509 1424 5565 vitiis
1448 5512 1716 5568 immunes
1773 5525 1979 5583 putent,

413 5593 607 5659 quibus
631 5598 840 5648 servire
873 5597 1057 5651 vident
1081 5599 1271 5653 eodem
1293 5603 1568 5660 ortoslnto
1591 5616 1754 5676 atque
1781 5616 1985 5676 tempe-

486 5773 691 5840 ilium.
726 5792 780 5842 ι,
817 5779 871 5848 2.

1705 4424 1994 4478 pugnaque
2026 4416 2060 4478 ,ζ

2103 3220 2228 3272 σθαι
2261 3221 2369 3290 γὰρ
2397 3223 2492 3273 καὶ
2529 3222 2734 3274 ἑαυτῶν
2777 3220 2963 3288 πολλῷ
2992 3222 3214 3292 χείρους
3245 3219 3368 3280 τούς
3401 3235 3458 3284 γε
3484 3211 3638 3266 τοιού-

2100 3327 2244 3373 τους.
2297 3311 2497 3364 Φθόνου
2558 3313 2668 3382 γὰρ
2727 3311 3107 3381 ἐγκαθημένου
3169 3314 3285 3373 ταῖς
3327 3309 3540 3379 ψυχαῖς.
3587 3301 3637 3353 οὗ

2100 3402 2264 3470 ζήλου
2299 3404 2358 3455 τὸ
2390 3403 2635 3456 τοιοῦτον
2679 3405 2852 3458 κακόν
2876 3421 2890 3436 °
2927 3405 3021 3457 καὶ
3070 3400 3190 3458 οἷον
3244 3401 3500 3474 βάραθρόν
3543 3398 3637 3449 ἐστι

2098 3495 2157 3548 τὸ
2205 3495 2422 3562 φθονεῖν
2477 3499 2590 3556 τοῖς
2641 3498 2723 3558 είς
2759 3498 2936 3549 ἐκεῖνο
2967 3496 3342 3566 κατενεχθεῖσι
3375 3491 3523 3546 παντί
3554 3505 3638 3540 που

2097 3589 2258 3657 δῆλον
2291 3587 2355 3640 ἂν
2383 3589 2488 3659 εἴη.
2536 3589 2735 3658 Ἐχρῆν
2763 3588 2862 3655 μὲν
2897 3584 2989 3642 οὖν
3029 3589 3236 3652 αὐτοὺς
3285 3583 3640 3653 συγγινώσκειν

2099 3684 2162 3735 ὲκ
2186 3681 2291 3734 τῶν
2324 3681 2467 3733 ἰδίων
2509 3681 2719 3746 κακῶν,
2757 3681 3035 3751 ὀλισθηρῷ
3069 3682 3231 3752 πηλῷ
3265 3681 3351 3734 καὶ
3387 3677 3639 3747 φυράματι

2099 3777 2270 3848 ἔχοντι
2313 3776 2410 3845 τὴν
2447 3773 2680 3848 ὓπαρξιν
2713 3776 2958 3830 συνθέσει
3015 3793 3074 3828 τε
3104 3779 3205 3831 καὶ
3261 3775 3491 3846 διαμάχῃ
3524 3785 3641 3823 στοι-

2099 3871 2261 3937 χείων
2309 3867 2618 3937 τεττάρων,
2671 3867 3064 3936 ἀντικειμένων
3129 3868 3394 3921 ἀθάνατα.
3439 3861 3523 3915 Διὸ
3545 3856 3640 3956 ‘11}

2101 3951 2308 4014 Παῦλός
2333 3969 2422 4020 μοι
2450 3952 2595 4004 δοκεῖ
2632 3942 2915 4021 μονονουχὶ
2945 3951 3102 4028 ταυτὶ
3136 3951 3453 4020 τραγῳδεῖν.
3483 3942 3640 3998 ταλαίο

2102 4061 2260 4113 πωρα
2293 4045 2473 4112 φήσας
2511 4045 2770 4112 στοιχεῖα.
2819 4044 2879 4095 Οἱ
2910 4041 2966 4094 δὲ
2994 4043 3253 4095 τοσοῦτόν
3280 4045 3382 4095 εἰσι
3415 4035 3636 4100 καθαροὶ,

2100 4136 2173 4198 ὡς
2201 4137 2295 4189 καὶ
2323 4137 2413 4189 τὸν
2446 4136 2609 4190 καλὸν
2645 4135 2828 4188 Ἠλιοῦ
2858 4133 3020 4203 ζῆλον
3056 4137 3216 4204 κακῷ
3239 4151 3343 4187 τινι
3375 4129 3641 4200 φιλοτιμεῖ-

2103 4229 2223 4282 σθαι
2285 4232 2673 4300 παρενεγκεῖν,
2706 4229 2780 4292 ὡς
2842 4229 2943 4281 οὐκ
2980 4228 3098 4282 ὲνὺν
3154 4231 3213 4282 ὲν
3241 4229 3485 4300 βελτίονι.
3523 4218 3641 4274 Ἀλλ’

2100 4316 2244 4374 οὗτοι
2279 4322 2398 4390 μὲν,
2424 4324 2497 4385 ὡς
2522 4323 2586 4376 ἄν
2624 4339 2754 4374 ποτε
2790 4320 3080 4392 βούλοιντο,
3113 4321 3438 4376 διακείσθων
3461 4333 3475 4348 ⁸
3503 4315 3642 4384 ἡμεῖς

2100 4412 2155 4466 δὲ
2187 4413 2386 4475 αὐτοὺς
2413 4414 2511 4467 οὐκ
2541 4414 2604 4468 ἄν
2626 4430 2755 4466 ποτε
2781 4413 3080 4483 κρίνοιμεν.
3108 4415 3184 4466 Οὐ
3214 4415 3321 4483 γὰρ
3351 4415 3408 4464 τὸ
3434 4402 3640 4479 Χριστοῦ

2099 4503 2528 4575 καθαρπάσομεν
2588 4506 2760 4577 βῆμα·
2803 4507 2851 4558 εί
2874 4505 2918 4559 δ’
2949 4506 3247 4570 ἀξιώσαιεν
3283 4503 3529 4570 δέξασθαι
3562 4499 3644 4563 τὴν

2095 4596 2369 4666 ἡμετέραν
2417 4600 2496 4660 είς
2546 4598 2706 4650 τοῦτο
2733 4597 2980 4667 γνώμην,
3025 4597 3233 4666 μηδένα
3281 4615 3341 4665 γε
3385 4597 3490 4650 τῶν
3527 4592 3643 4671 πάν-

2091 4679 2202 4740 των
2235 4691 2731 4758 κατακρινέτωσαν,
2761 4692 2963 4744 ὁπὸταν
2997 4707 3060 4757 γε
3092 4691 3166 4760 μὴ
3205 4690 3497 4759 βούλωνται
3529 4699 3640 4747 συγ-

2093 4779 2402 4847 γινώσκειν.
2435 4781 2524 4850 Μὴ
2550 4781 2668 4852 γὰρ
2720 4782 3172 4850 θρασυνέσθωσαν
3203 4784 3261 4845 ὲς
3290 4779 3554 4838 τοσοῦτον,
3579 4774 3643 4834 ὡς

2095 4869 2339 4940 νομίζειν
2398 4873 2622 4935 ἑαυτοὺς
2677 4872 2995 4940 ἐλευθέρους
3057 4873 3251 4925 παθῶν
3310 4859 3641 4930 ἐκείνω-κοῖς

2098 4961 2450 5025 δουλεύοντας
2485 4963 2652 5033 ὁρῶσι
2682 4964 2893 5025 τοὺςέκ
2931 4963 3022 5015 τοῦ
3058 4962 3224 5016 αὑτοῦ
3258 4962 3428 5031 πηλοῦ
3471 4978 3521 5012 τε
3566 4956 3643 5008 καὶ

2098 5057 2400 5126 κράματος.
2435 5053 2591 5108 εἶπεν
2639 5058 2702 5111 ἄν
2733 5074 2816 5119 τις
2860 5058 3000 5120 θεῖος
3033 5059 3190 5126 ἀνὴρ.
3237 5057 3396 5109 Ἀλλά
3427 5054 3526 5124 γὰρ
3563 5049 3643 5103 καὶ

2095 5149 2253 5201 τοῦτο
2297 5147 2549 5210 δεδόσθω,
2583 5149 2672 5200 καὶ
2707 5148 2902 5216 εἴησαν
2936 5148 3224 5219 μηδοτιοῦν
3270 5143 3642 5216 πεπλημμελη·

2095 5246 2270 5310 κότες,
2303 5246 2436 5314 μήτε
2466 5245 2669 5312 μεῖζον,
2695 5246 2830 5314 μήτε
2858 5245 3156 5314 ἐλάχιστον.
3181 5244 3302 5296 Τίνι
3336 5243 3429 5295 καὶ
3455 5237 3640 5310 οαρῤἡ-

2097 5354 2297 5397 σουσιν,
2329 5335 2402 5397 ὡς
2436 5335 2542 5401 ἄρα
2568 5336 2702 5388 κάπὶ
2738 5333 2830 5385 τοῦ
2871 5335 3153 5402 μέλλοντος
3186 5330 3480 5400 φυλάξουσι
3508 5345 3561 5381 τε
3584 5325 3641 5376 τὰ

2096 5431 2219 5500 ἧθη,
2254 5429 2348 5481 καὶ
2384 5428 2731 5496 διαμενοῦσιν
2766 5429 2824 5478 ὲν
2852 5430 2962 5488 τοῖς
2993 5427 3176 5486 καλοῖς
3203 5443 3218 5490 ;
3246 5425 3341 5486 Τίς
3379 5425 3638 5492 μάντεωη

2094 5522 2176 5584 τίς
2229 5522 2515 5591 προφήτης
2569 5518 3251 5589 συμπαραμενεῖνοαῦτοῑς
3300 5517 3430 5584 ἄχρι
3469 5512 3642 5569 τέλους

2094 5615 2192 5685 τὴν
2219 5613 2448 5685 ἀρίστην
2493 5612 2768 5666 πολιτείαν
2821 5613 3092 5682 ὲιιήνυσες
3131 5608 3238 5664 Καὶ
3277 5607 3386 5678 μὴν
3428 5605 3476 5657 oi
3522 5601 3641 5654 θαυ-
