3850 6200
364 298 468 356 ῗίιῗ

1527 314 1582 372 Μ
1600 311 1926 373 ιΝυΕιΙδ

2001 311 2452 373 ΡΑΙΑΕΟΙὩΟΙ
3478 316 3565 382 508

361 409 826 473 οιέἱιιιιιίηριιττοῐ.
851 418 984 473 Nam
1040 421 1091 474 in
1127 420 1503 478 universitatis
1541 424 1768 492 hujusce
1790 423 1919 488 Deo,

2043 422 2263 489 Ἐπειδὴ
2307 422 2418 492 γὰρ
2462 423 2488 475 ὁ
2533 419 2666 484 Θεδς
2710 420 2901 493 ἀγάπη
2950 419 3097 485 ἐστὶ,
3141 421 3272 474 κατὰ
3313 421 3397 476 τὸν
3439 423 3570 490 φίλον

365 503 452 566 qui
490 520 708 570 prorsus
736 512 802 562 ab
845 514 1100 568 erunibus
1151 518 1410 571 immunis
1459 528 1543 571 est
1588 521 1752 571 animi
1787 534 1938 572 tutor-

367 594 447 646 bis
475 613 521 646 e'
561 599 863 665 affectibus,
896 621 1001 674 quo
1033 616 1191 673 pacto
1245 613 1366 678 quis
1415 611 1598 666 odium
1642 613 1936 674 invenerit,

367 690 508 753 quod
547 692 687 746 inter
722 695 930 760 pejores
985 701 1150 754 animi
1203 705 1420 756 morbos
1466 705 1723 760 excellit?
1763 708 1940 774 Atque

362 779 461 831 hoc
487 797 618 832 sane
651 789 881 840 naturali
910 790 1071 845 etiam
1129 797 1287 846 modo
1331 797 1567 864 quodam
1622 799 1938 854 considere-

363 889 499 929 mus.
535 877 743 944 Quippe
775 895 894 932 cum
931 881 1071 937 Deus
1107 885 1179 938 sit
1201 887 1438 948 dilectio,
1477 892 1773 944 secundum
1804 894 1938 947 cha-

349 977 477 1016 rum
511 966 656 1019 ilium
683 973 1008 1036 apostolum,
1048 977 1176 1042 quid
1203 993 1323 1032 esse
1351 978 1460 1033 Deo
1496 996 1784 1036 commune
1811 999 1933 1037 cum

360 1056 484 1109 odio
523 1061 692 1125 possit
718 1062 740 1114 ?
771 1062 954 1131 Neque
981 1081 1106 1120 vero
1140 1070 1271 1123 mibi
1327 1082 1518 1138 arguta
1572 1074 1733 1127 velim
1788 1075 1938 1128 istmc

360 1150 610 1217 objit-ias,
645 1157 790 1222 quod
819 1157 1024 1212 scilici-t
1049 1161 1115 1213 ab
1149 1161 1302 1215 initio
1333 1164 1504 1218 malos
1529 1164 1606 1218 vel
1659 1166 1935 1220 hominem

361 1243 603 1296 miserari
639 1257 1064 1302 consentaneum
1095 1253 1187 1315 sit,
1217 1264 1270 1305 at
1321 1268 1416 1308 eos
1447 1258 1536 1324 qui
1593 1258 1809 1311 virtutis
1869 1275 1936 1314 ex

360 1339 670 1406 praeseripto
721 1341 973 1407 vixerint,
1028 1346 1220 1399 deinde
1283 1362 1410 1402 vero
1464 1349 1528 1401 ad
1587 1351 1712 1403 vitia
1770 1366 1934 1406 cursu

357 1431 512 1492 quasi
549 1432 780 1498 quodam
814 1449 873 1490 se
937 1438 1290 1504 contulerint,
1353 1455 1422 1496 ne
1477 1443 1652 1512 ipsum
1713 1443 1934 1513 quidem

358 1525 548 1582 Deum.
585 1528 794 1583 Etenim
849 1547 1033 1586 verum
1067 1543 1147 1588 est
1190 1535 1287 1589 hos
1313 1536 1416 1589 illis
1441 1536 1743 1591 deteriores
1771 1554 1932 1604 esse;

356 1632 478 1670 nam
509 1618 580 1672 illi
612 1635 676 1674 ne
708 1631 904 1677 norunt
953 1626 1172 1694 quidem
1230 1638 1485 1681 accurate
1544 1629 1685 1682 viam
1732 1633 1938 1685 ducen-

357 1719 462 1764 tem
497 1713 560 1764 ad
594 1714 644 1767 id
685 1717 824 1783 quod
877 1718 1165 1785 optimum,
1215 1734 1314 1772 nec
1373 1721 1644 1775 bonorum
1699 1723 1932 1792 aliquem

355 1815 570 1871 gustum
652 1819 1029 1876 perceperunt,
1084 1827 1192 1880 quo
1237 1813 1451 1868 adducti
1495 1831 1555 1869 ea
1611 1832 1938 1886 magnopere

355 1910 631 1966 appetant.
668 1901 795 1965 Qua:
823 1917 953 1956 sane
985 1918 1087 1956 non
1112 1907 1562 1960 contemnendam
1588 1910 1669 1962 eis
1712 1925 1936 1963 excusa-

357 1994 556 2045 tionem
615 1995 845 2061 pariunt.
885 1995 951 2049 At
991 1995 1044 2049 hi
1089 1997 1244 2050 bonis
1282 1998 1332 2052 in
1380 2001 1631 2066 Operibns
1660 2016 1688 2054 a
1748 2006 1935 2070 pueris

352 2088 572 2140 exerciti
621 2098 766 2151 sunt,
823 2098 877 2141 et
931 2090 996 2142 ad
1052 2100 1325 2145 senectam
1383 2108 1554 2159 usque
1609 2096 1826 2150 virtutis
1877 2098 1928 2151 in

352 2179 626 2232 rxereitiis
663 2181 822 2232 vitam
848 2193 1146 2251 exegerunt
1177 2198 1192 2238 :
1242 2184 1439 2238 deinde.
1477 2187 1656 2250 bonis,
1711 2189 1934 2257 quibus-

350 2283 469 2322 cum
506 2269 769 2335 vixerant,
804 2285 922 2339 qum
981 2288 1077 2342 pro
1129 2275 1337 2329 deliciis
1391 2275 1713 2339 habuerant.
1759 2280 1933 2335 instar

349 2361 579 2424 alicufus
613 2362 805 2429 piaculi
834 2365 1069 2430 reiectis,
1118 2366 1272 2421 nihili
1301 2369 1697 2437 turpitudinem
1728 2371 1931 2426 facien-

352 2464 454 2519 tes,
490 2453 640 2508 nihili
683 2457 870 2508 vitium
905 2457 1157 2526 quodque
1179 2460 1436 2513 damnum
1467 2477 1531 2514 ex
1565 2478 1630 2518 eo
1657 2467 1926 2532 provenit,

348 2546 668 2600 servitutem
707 2562 831 2614 erga
860 2549 1165 2618 voluptates
1193 2549 1371 2606 divina
1403 2569 1528 2608 cum
1568 2558 1742 2626 gratia
1775 2575 1928 2614 com-

349 2648 646 2703 mntarunt,
685 2639 910 2708 ideoque
963 2642 1129 2695 nmlto
1160 2643 1380 2713 pejores
1434 2647 1539 2702 illis
1591 2648 1716 2703 facti
1777 2663 1927 2717 sunt,

345 2729 435 2798 qui
472 2731 537 2783 ab
569 2729 723 2784 initio
749 2731 870 2784 boni
902 2747 1006 2784 non
1035 2732 1277 2788 inerunt.
1307 2734 1505 2789 Verum
1531 2754 1640 2792 non
1663 2740 1733 2794 ob
1763 2741 1928 2797 hasce

344 2838 540 2877 causas
573 2825 801 2894 benigno
834 2841 1051 2894 quoque
1087 2825 1196 2880 Deo
1224 2841 1350 2883 sunt
1380 2829 1430 2882 in
1464 2831 1609 2886 odio.
1670 2833 1922 2890 Scdenim

345 2916 657 2985 persuaderi
701 2919 832 2972 mibi
859 2934 963 2973 non
1008 2921 1210 2988 patior,
1284 2921 1497 2990 inquiet
1552 2925 1922 2994 adversarius,

343 3026 446 3063 non
484 3011 579 3064 bos
603 3010 996 3067 abominabiles
1022 3028 1141 3068 esse
1169 3013 1298 3078 Deo,
1329 3016 1419 3083 qui
1451 3016 1590 3070 mala
1635 3019 1767 3080 odit,
1798 3035 1920 3073 cum

2057 515 2382 567 ’Λπόστολον
2406 556 2420 578 ,
2454 514 2508 566 τί
2539 515 2658 567 ποτ’
2685 513 2750 568 ἂν
2781 513 2993 581 γένοιτο
3022 513 3192 567 κοινὸν
3219 513 3291 584 τῷ
3317 514 3425 582 Θεῷ
3457 515 3572 584 πρὸς

2043 608 2102 659 τὸ
2140 613 2329 675 ιιῖσοςς
2368 608 2477 661 Καὶ
2514 609 2586 678 μή
2625 625 2714 675 μοι
2747 609 2813 660 τὰ
2853 607 2993 676 σοφὰ
3022 607 3208 668 ταῦτα,
3238 608 3315 660 δτι
3345 609 3459 670 τοὺς
3491 609 3576 677 μὲν

2043 701 2280 771 ἐξσρχῆς
2321 702 2558 767 φαύλους
2599 703 2700 756 κᾶν
2735 719 2816 763 τις
2860 699 3097 771 ἐλεήσειε
3129 701 3232 752 τῶν
3266 701 3536 769 ἀνθρώπιον
3559 717 3571 733 ·

2041 791 2166 852 τοὺς
2209 790 2254 842 δ’
2280 794 2450 862 ἀρετῇ
2505 792 2869 861 συζήσαντας,
2910 787 3029 844 εἷτα
3070 792 3178 853 τοῖς
3215 795 3391 854 κακοῖς
3433 809 3577 860 προσ·

2042 881 2384 948 δραμόντας,
2424 884 2534 936 οὐδ’
2559 886 2586 936 ὀ
2622 883 2778 946 Θεός.
2809 884 2964 935 Ἔστι
3004 884 3100 952 μὲν
3133 885 3238 949 γὰρ
3272 884 3482 950 ἀληθὲς,
3512 885 3576 944 ὡς

2041 971 2186 1025 οὗτοι
2216 975 2433 1044 χείρους
2461 975 2704 1028 ἐκείνων.
2743 977 2966 1028 Ἐκεῖνοι
2993 976 3100 1045 γὰρ
3122 976 3228 1028 οὐδ’
3255 976 3421 1029 ἴσασιν
3445 981 3580 1045 ἀκρι-

2041 1063 2152 1126 ϐῶς
2182 1066 2280 1136 τὴν
2313 1069 2404 1120 ἐπὶ
2436 1068 2496 1120 τὸ
2530 1067 2809 1138 βέλτιστον
2842 1068 3136 1139 φέρουσαν,
3167 1067 3286 1120 ούδέ
3317 1067 3578 1136 ἐγεύσαντο

2039 1157 2149 1208 τῶν
2201 1159 2407 1224 κακῶν,
2456 1160 2598 1212 ὥστε
2651 1161 2745 1213 καὶ
2793 1161 3164 1230 διαφερόντως
3211 1159 3406 1212 τούτων
3446 1161 3578 1230 ἐρᾷ-ι.

2042 1252 2152 1303 Καὶ
2185 1253 2357 1306 ταῦτα
2391 1253 2604 1317 τούτοις
2645 1255 2860 1322 γίνεται
2901 1255 2960 1306 ού
3003 1254 3278 1316 παντελῶς
3309 1271 3386 1316 τις
3425 1255 3577 1324 φαύλη

2037 1344 2394 1414 παραίτησις.
2430 1349 2492 1400 Οἱ
2523 1347 2568 1399 δ’
2594 1349 2657 1400 ἐκ
2693 1347 2901 1400 παίδων
2933 1346 3302 1416 ἐπειράθησαν
3331 1346 3434 1398 τῶν
3463 1348 3580 1412 ἀγαι

2041 1438 2386 1508 θῶνέργων,
2431 1441 2528 1493 καὶ
2575 1442 2735 1510 μέχρι
2781 1441 2969 1510 γήρως
3016 1441 3114 1493 σὺν
3158 1441 3321 1510 ἀρετῇ
3363 1443 3449 1492 τὸν
3486 1441 3582 1511 βίον

2037 1529 2322 1599 διήνυσαν.
2356 1531 2588 1586 Ἔπειτα
2631 1533 2702 1586 τὰ
2743 1533 2954 1600 ἀγαθὰ,
3003 1528 3084 1596 οἷς
3133 1532 3584 1601 συμδεδιῶκεσαν,

2038 1617 2119 1685 οἷς
2163 1623 2433 1694 ἐτρύφων,
2475 1623 2666 1696 ὥσπερ
2707 1643 2760 1678 τι
2803 1626 3062 1697 ῥίψαντες
3110 1626 3262 1693 ἄγος,
3303 1627 3428 1694 παρ’
3453 1625 3588 1678 οὐδὲν

2042 1713 2140 1782 μὲν
2172 1713 2390 1783 θέμενοι
2421 1716 2519 1787 τὴν
2551 1717 2814 1788 αἰσχύνην
2837 1758 2851 1782 ,
2887 1720 3019 1788 παρ’
3045 1719 3200 1772 οὐδὲν
3231 1720 3286 1771 δέ
3317 1719 3373 1772 et
3401 1719 3590 1781 κακδν,

1971 1785 2010 1838 Β
2040 1807 2132 1858 καὶ
2159 1807 2257 1876 τὴν
2285 1808 2392 1861 ἀπὸ
2418 1785 2567 1863 τοῦδε
2601 1785 2829 1880 alam,
2858 1811 2955 1881 τὴν
2972 1785 3122 1879 lupa;
3155 1813 3252 1875 τὰς
3283 1812 3463 1882 ἡδονὰς
3488 1812 3591 1863 δου.

2038 1893 2192 1950 λείαν
2240 1900 2340 1968 τῆς
2391 1901 2485 1954 τοῦ
2535 1901 2672 1955 Θεοῦ
2726 1903 2949 1972 χάριτος
2997 1902 3319 1972 ἠλλάξαντο.
3369 1903 3475 1954 Καὶ
3515 1900 3593 1954 διὰ

2035 1991 2210 2043 ταῦτα
2253 1993 2389 2045 πολύ
2436 2011 2489 2045 τι
2531 1994 2750 2064 χείρους
2795 1995 3054 2062 γεγόνασι
3100 1995 3210 2046 τῶν
3252 1995 3349 2045 οῦκ
3393 1992 3592 2056 ἀγαθῶν

2035 2080 2275 2150 ἐξαρχῆς
2304 2084 2627 2149 γεγονότων.
2665 2085 2738 2136 Οὔ
2771 2087 2878 2152 μήν
2905 2102 2966 2152 γε
2998 2085 3209 2137 τούτων
3237 2085 3396 2136 ἓνεκα
3420 2085 3505 2136 καὶ
3527 2082 3595 2152 τῷ

2035 2173 2404 2243 φιλανθρώπῳ
2437 2174 2554 2245 Θεῷ
2592 2176 2809 2245 μισητοὶ
2840 2176 3198 2229 καθεστᾶσιν.
3239 2175 3380 2228 Ἀλλ’
3403 2176 3461 2227 ού
3494 2175 3594 2226 πεί-

2035 2262 2220 2330 θομαι,
2255 2266 2408 2333 φησὶ,
2445 2265 2518 2334 μὴ
2551 2262 2692 2318 εἶναι
2729 2266 2953 2329 τούτους
2989 2267 3322 2337 βδελυκτοῦς
3353 2266 3426 2335 τῷ
3463 2282 3599 2335 μισοο

2034 2357 2257 2426 πονήρῳ
2283 2356 2424 2427 Θεῷ,
2453 2359 2511 2422 ἐξ
2539 2359 2759 2426 ἀγαθῶν
2785 2360 2866 2422 είς
2893 2361 3175 2430 πονηροὺς
3207 2357 3596 2429 μεταϐεϐλημέ-

2031 2464 2156 2510 νους
2199 2449 2434 2520 κακίστη
2474 2452 2670 2521 γνώμῃ
2696 2468 2710 2482 ο
2745 2452 2946 2505 ὁπόταν
2978 2453 3092 2524 γὰρ
3135 2456 3184 2506 οῖ
3228 2452 3598 2520 κακοδαίμονες

2031 2534 2180 2592 οῦτοι
2211 2543 2435 2610 μισητοῖ
2465 2543 2556 2595 καὶ
2583 2541 2864 2610 βδελυκτοὶ
2893 2542 3156 2611 γίνωνται
3187 2545 3280 2596 καὶ
3309 2544 3594 2611 συγγενέσι,

2031 2633 2126 2685 καὶ
2158 2633 2354 2702 φίλοις,
2389 2630 2545 2705 οἶμαι
2579 2635 2625 2687 δ’
2653 2636 2735 2688 ὅτι
2770 2635 2862 2690 καὶ
2897 2637 3147 2704 γονεῦσι,
3186 2639 3282 2690 καὶ
3315 2636 3487 2698 παισὶ,
3517 2633 3600 2686 καὶ

2030 2725 2196 2778 πᾶσιν
2232 2725 2361 2792 ἐξῆς
2398 2727 2745 2798 ἀνθρώποις,
2783 2729 2872 2784 διὰ
2915 2731 3089 2799 μόνην
3155 2735 3260 2800 τὴν
3309 2730 3601 2798 φαυλότητα

2027 2817 2121 2868 καὶ
2151 2817 2249 2888 τὴν
2283 2820 2552 2890 πονηρίαν
2577 2837 2593 2854 ο
2625 2822 2804 2892 πολλῷ
2836 2839 2899 2889 γε
2931 2823 3270 2894 δικαιότεροι
3292 2861 3307 2885 ,
3343 2819 3601 2890 μισεῖσθαι

2025 2908 2104 2978 τῷ
2136 2909 2254 2980 Θεῷ
2290 2910 2509 2964 πάντων
2541 2913 2724 2967 ἕνεκα.
2764 2914 2852 2982 Τῷ
2890 2915 2998 2984 γὰρ
3035 2914 3296 2985 βορϐόρῳ
3333 2903 3599 2967 καλινδου-

2028 3001 2194 3072 μὲνῳ,
2228 3006 2310 3066 τίς
2341 3005 2407 3058 ἂν
2439 3007 2522 3076 εἴη
2562 3006 2764 3077 μετοχὴ
2793 3007 2824 3076 ἢ
2861 3009 3124 3060 κοινωνία
3161 3009 3300 3077 πρὸς
3331 3007 3494 3071 Θε6ν;
3521 3003 3602 3074 Τῷ

341 3106 576 3168 pessimo
607 3103 836 3157 consilio
890 3105 957 3158 de
995 3104 1155 3159 bonis
1211 3107 1262 3158 in
1302 3109 1471 3160 malos
1535 3111 1726 3164 mutati
1788 3115 1917 3168 sint.

2032 3097 2131 3166 γὰρ
2170 3099 2244 3166 μὴ
2282 3098 2542 3169 καθαρῷ,
2581 3101 2713 3170 φησι
2748 3117 2831 3163 τις
2871 3101 3016 3169 μάλα
3056 3101 3236 3171 ἀνὴρ,
3276 3100 3602 3170 ἐφάπτεσθαι

341 3194 785 3262 Quandoquilem
818 3195 962 3246 enim
997 3194 1050 3246 hi
1101 3194 1286 3247 miseri
1341 3212 1444 3250 non
1505 3199 1632 3254 odio
1691 3212 1922 3263 tantum,

295 3309 298 3312 -
339 3287 431 3338 sed
473 3286 861 3339 abominationi
885 3301 1099 3354 quoque
1123 3301 1245 3340 sunt
1268 3297 1320 3342 et
1349 3291 1614 3359 cognatis,
1649 3302 1702 3345 et
1729 3294 1924 3348 amicis

340 3389 392 3431 ct
425 3379 742 3448 parentibus
771 3378 990 3448 (opinor
1018 3379 1178 3450 )ipsis
1215 3390 1268 3435 ct
1320 3382 1529 3446 liberis,
1564 3394 1619 3438 et
1680 3385 1921 3440 homini-

340 3475 440 3523 bus
470 3470 724 3538 deinceps
754 3471 1055 3537 universis,
1079 3481 1303 3542 propter
1353 3475 1700 3531 vitiositatcnt
1748 3480 1921 3533 solum

337 3575 389 3618 et
425 3564 775 3633 pravitatem,
811 3563 979 3618 multo
998 3582 1129 3620 sane
1161 3569 1332 3637 magis
1380 3580 1660 3627 merentur
1688 3584 1739 3624 ut
1763 3573 1920 3627 invisi

343 3658 450 3709 lico
478 3659 608 3719 sint,
632 3659 876 3710 omnium
912 3675 1076 3713 causa
1117 3678 1131 3715 ;
1183 3677 1305 3714 nam
1336 3663 1382 3714 ei
1412 3665 1503 3734 qui
1533 3664 1584 3717 in
1652 3665 1763 3717 luto
1810 3665 1922 3731 vol,-

339 3750 503 3812 vitur,
531 3749 802 3817 quodnam
831 3753 1166 3805 consortium
1198 3769 1387 3822 quzeve
1414 3757 1651 3811 societas
1667 3773 1789 3809 cum
1814 3757 1922 3810 Deo

338 3837 539 3891 fuerit?
568 3838 774 3891 Etenim
809 3855 914 3893 non
971 3855 1126 3910 puro,
1160 3857 1256 3895 ceu
1291 3843 1374 3896 vir
1399 3845 1621 3912 quidam
1684 3847 1920 3900 eximius

337 3931 644 3997 ait,pnrum
665 3930 956 3999 attingere,
986 3947 1327 4003 nequaquam
1359 3934 1439 3988 l'as
1477 3935 1658 3990 fuerit.
1700 3937 1812 3990 imo
1834 3938 1919 3990 vel

339 4022 440 4074 hoc
476 4022 636 4074 etiam
664 4023 821 4076 modo
847 4023 1195 4092 perspicuum
1217 4033 1320 4088 est,
1351 4028 1492 4095 quod
1543 4029 1748 4083 dictum
1778 4033 1873 4084 fuit
1901 4049 1916 4086 :

336 4128 458 4164 nam
480 4112 570 4180 qui
599 4113 867 4167 hostiliter
895 4113 1120 4169 ati‘ectus
1138 4125 1220 4168 est
1239 4117 1500 4170 adversus
1520 4117 1750 4186 aliquem
1773 4135 1920 4173 sum-

336 4220 553 4268 mopere
576 4205 851 4270 dilectum,
880 4206 1065 4259 itidem
1097 4216 1151 4262 et
1174 4223 1300 4273 erga
1337 4208 1647 4277 diligentem
1687 4211 1916 4266 aii'ectus

334 4298 630 4362 urit.Qnod
670 4300 842 4365 ipsum
892 4314 921 4352 e
976 4300 1254 4352 contrario
1307 4303 1920 4370 patetzquienimami-

333 4402 452 4440 cu’m
474 4401 619 4441 tuum
648 4400 814 4452 amat,
839 4391 1002 4444 etiam
1027 4391 1116 4445 tibi
1143 4393 1434 4448 sitamicus
1459 4411 1682 4449 necesse
1704 4407 1802 4450 est.
1827 4396 1918 4452 S'c

334 4483 497 4550 igitur
528 4493 576 4534 ct
612 4482 699 4535 isti
734 4483 988 4536 virtutem
1013 4483 1137 4538 odio
1173 4498 1592 4555 prosequentes,
1631 4498 1911 4555 acceptam
1945 4512 1992 4568 ο

335 4575 464 4637 Deo,
489 4583 788 4642 sponthue
817 4589 912 4628 sua
945 4589 1107 4630 cursu
1132 4577 1197 4630 ad
1240 4580 1440 4634 malum
1461 4580 1646 4644 delati,
1676 4598 1779 4634 non
1801 4582 1914 4652 jam

333 4667 563 4733 amplius
599 4667 734 4735 grati
767 4678 894 4722 sunt
931 4668 1063 4730 Deo,
1101 4669 1194 4723 sed
1262 4671 1427 4724 dubio
1481 4673 1667 4740 procul
1729 4675 1911 4732 invisi.

331 4755 446 4808 Non
477 4767 640 4821 reete,
670 4757 754 4810 vir
787 4759 1007 4826 optime,
1037 4760 1356 4813 conclusisti
1381 4777 1396 4826 ;
1421 4779 1541 4815 nam
1585 4765 1913 4833 propositio-

331 4865 428 4902 nes
468 4850 684 4917 quidem
724 4850 851 4916 ipsae
888 4865 1050 4913 verre,
1116 4853 1209 4905 sed
1265 4854 1548 4909 conclusio
1603 4857 1800 4912 divinis
1860 4860 1911 4913 in

331 4941 515 5003 l‘tbllS,
551 4941 613 4995 ad
655 4942 1050 5010 propositiones
1089 4943 1316 4999 minime
1384 4948 1656 5013 quadrare
1716 4949 1912 5016 depre-

330 5033 612 5086 hendetur.
655 5032 868 5087 Nostris
903 5033 1046 5087 enim
1079 5035 1147 5089 de
1180 5039 1343 5091 rebus
1376 5045 1523 5091 recte
1556 5039 1681 5092 talia
1717 5041 1912 5096 dicun-

329 5133 435 5178 tur.
470 5123 600 5190 Qua:
636 5140 764 5180 vero
793 5125 965 5180 Deum
1002 5135 1272 5196 spectant,
1329 5129 1396 5183 de
1445 5131 1510 5184 iis
1569 5145 1702 5186 sane
1753 5136 1910 5191 nobis

325 5226 378 5269 ct
413 5216 742 5286 loquendum
774 5225 830 5272 et
863 5219 1212 5287 cogitandum
1247 5235 1313 5274 ex
1387 5220 1562 5290 ipsius
1617 5223 1904 5292 dignitate.

327 5307 512 5361 Fuerit
537 5317 713 5362 autem
742 5324 807 5363 ex
842 5310 932 5363 Dei
974 5309 1262 5380 dignitate,
1318 5311 1522 5366 nullam
1557 5322 1614 5366 ut
1667 5329 1904 5381 unquam

327 5399 525 5461 oderit,
555 5415 713 5467 quem
749 5403 862 5470 ipse
891 5417 1045 5456 suam
1069 5404 1136 5456 ad
1174 5401 1461 5472 imaginem
1499 5404 1751 5460 manibus
1785 5423 1909 5476 pro-

331 5491 460 5556 priis
486 5490 758 5546 formarit.
807 5491 926 5548 Non
967 5496 1111 5548 enim
1169 5497 1415 5552 instituto
1459 5501 1624 5553 animi
1673 5511 1901 5566 mutato,

329 5595 574 5636 naturam
607 5600 822 5654 quoque
851 5603 1003 5642 suam
1038 5595 1286 5656 mutavit,
1326 5603 1383 5645 ut
1415 5595 1650 5648 maxime
1711 5595 1899 5663 lapsus

331 5674 420 5727 sit.
453 5675 590 5738 Quin
633 5679 790 5730 etilli
826 5679 1074 5734 homines
1103 5684 1192 5751 qui
1259 5684 1587 5752 pravitatem
1648 5687 1901 5749 oderunt,

332 5766 518 5820 eodem
551 5767 703 5820 modo
735 5766 864 5820 mibi
891 5783 949 5824 se
977 5786 1167 5838 gerere
1205 5775 1476 5833 videntur.
1532 5778 1622 5831 Δι’
1666 5793 1898 5846 quorum

2027 3190 2120 3242 τοῦ
2162 3191 2404 3260 καθαροῦ
2447 3192 2522 3262 μὴ
2558 3195 2616 3244 ού
2661 3193 2883 3262 θεμιτὸν
2922 3194 3031 3263 είη.
3079 3195 3158 3247 Οὐ
3207 3195 3316 3264 μὴν
3356 3193 3488 3246 ἀλλὰ
3521 3192 3606 3246 καὶ

2028 3284 2168 3335 κατὰ
2208 3284 2355 3335 τύνδε
2396 3284 2488 3336 τὸν
2529 3287 2730 3353 τρόπον
2765 3286 2927 3356 δῆλον
2961 3287 3026 3339 ἂν
3071 3288 3161 3356 εἴη
3204 3287 3268 3340 τδ
3309 3286 3602 3355 εἰρημένον.

2040 3373 2096 3426 '0
2142 3372 2273 3440 γοῦν
2320 3373 2526 3444 ἐχθρῶς
2574 3375 2920 3444 διακείμενος
2960 3376 3040 3446 τῷ
3091 3395 3205 3432 τινι
3251 3377 3640 3462 διαφερόντως.

2027 3464 2337 3534 φιλουμένῳ
2367 3468 2462 3520 καὶ
2492 3467 2567 3537 τῷ
2599 3467 2844 3537 φιλοῦντι
2878 3469 3104 3532 πάντως
3138 3470 3210 3524 ἂν
3241 3472 3328 3540 εἴη
3358 3488 3372 3502 ο
3405 3471 3496 3522 καὶ
3521 3469 3608 3532 δῆ-

2024 3553 2114 3605 λον
2143 3556 2206 3608 ἐκ
2233 3556 2326 3608 τοῦ
2356 3559 2624 3612 ἐναντίου.
2661 3559 2721 3612 Ὀ
2751 3561 2858 3629 γὰρ
2891 3559 3070 3629 φιλῶν
3104 3579 3192 3616 σοι
3221 3563 3316 3616 τδν
3348 3562 3500 3630 φίλον
3527 3559 3611 3611 καὶ

2027 3648 2174 3719 αύτῷ
2207 3666 2287 3702 σοι
2320 3651 2470 3718 φίλος
2503 3651 2679 3722 σαφὴς
2709 3652 2880 3722 δήπου
2915 3655 3157 3720 γίνεται.
3195 3657 3309 3709 Καὶ
3338 3657 3483 3709 οῦτοι
3509 3655 3612 3706 tota

2026 3758 2120 3793 νυν
2153 3744 2438 3810 μισοῦντες
2463 3745 2562 3812 τὴν
2591 3745 2815 3815 ἀρετὴν,
2849 3747 3011 3816 φίλην
3037 3747 3220 3802 οὖσαν
3251 3748 3333 3819 τῷ
3362 3747 3499 3813 Θεῷ,
3525 3745 3614 3800 καὶ

2025 3833 2100 3902 τῷ
2140 3834 2295 3904 κακῷ
2337 3837 2881 3908 προσδεδραμηκῦτες
2926 3839 3196 3905 ἑκόντες,
3240 3842 3433 3895 οὐκέτι
3478 3839 3610 3908 φίλοι

2023 3929 2100 3998 τῷ
2125 3929 2268 3999 Θεῷ,
2294 3929 2428 3982 ἀλλὰ
2460 3931 2643 4000 σαφῶς
2671 3931 2889 4002 ἐχθροίπ
2919 3934 3015 4003 οὐχ
3049 3937 3254 4003 ὑγιῶς,
3281 3930 3328 3989 ὦ
3357 3935 3613 4006 βέλτιστε.

2025 4022 2419 4090 συνεπέρανας.
2447 4025 2512 4074 Δί
2545 4025 2652 4094 γὰρ
2681 4025 2978 4092 προτάσεις
3004 4027 3244 4096 ἀληθεῖς
3265 4044 3281 4058 ·
3312 4029 3378 4080 τὸ
3404 4029 3459 4080 δέ
3491 4043 3612 4093 σνμ⁴

2024 4113 2280 4182 πέρασμα
2306 4115 2424 4177 ταῖς
2453 4117 2783 4186 προτάσεσιν
2809 4117 2899 4169 ἐπὶ
2925 4119 3032 4168 τῶν
3060 4118 3158 4170 τοῦ
3192 4118 3336 4172 Θεοῦ
3369 4116 3615 4188 πραγμςὶ⁴

2021 4223 2130 4258 των
2164 4208 2224 4258 ού
2268 4207 2494 4276 συνᾷδον
2529 4207 2905 4278 εὑρεθήσεται.
2949 4210 3040 4266 El:
3095 4213 3203 4281 μὲν
3243 4212 3359 4282 γὰρ
3394 4214 3462 4263 τὶ
3503 4208 3616 4262 καθ’

2020 4296 2168 4365 ἡμᾶς
2203 4298 2504 4364 πράγματα
2537 4298 2713 4363 ὀρθῶς
2745 4298 2811 4350 ἂν
2841 4299 2954 4368 ἔχοι
2984 4302 3225 4355 τοιαῦτα
3266 4303 3451 4370 λέγειν
3477 4317 3491 4332 ⁶
3523 4301 3618 4352 ὅτι

2019 4387 2075 4438 δέ
2108 4389 2186 4449 είς
2218 4389 2310 4440 τδν
2340 4389 2474 4441 Θεὸν
2503 4391 2648 4459 ἥκει,
2687 4391 2851 4454 ἀξίως
2883 4392 3169 4459 δήπουθεν
3202 4395 3379 4448 αὐτοῦ
3414 4397 3506 4447 καὶ
3539 4396 3618 4444 λε-

2021 4478 2177 4528 κτέον
2209 4480 2337 4547 ἡμῖν
2369 4479 2432 4530 ἂν
2462 4479 2548 4548 εἴη
2571 4519 2584 4540 ,
2619 4480 2712 4532 καὶ
2743 4483 2990 4546 νοητέον,
3020 4482 3182 4546 ἄξιον
3213 4486 3262 4537 δ’
3291 4486 3358 4538 ἂν
3390 4489 3478 4553 εἴη
3508 4483 3620 4551 Θεῖ)

2018 4568 2079 4620 τὸ
2107 4569 2381 4637 μηδέποτε
2413 4573 2610 4639 μισεῖν,
2637 4571 2694 4622 ὃν
2720 4573 2839 4623 κατ’
2861 4574 3047 4626 εἰκόνα
3075 4576 3286 4629 ἑαυτοῦ
3318 4581 3441 4639 ταῖς
3470 4577 3620 4636 ἰδίαις

2019 4662 2203 4731 χερσὶν
2233 4660 2488 4715 ἔπλασεν.
2521 4664 2594 4714 Ο)
2628 4666 2735 4731 γὰρ
2765 4664 2826 4733 δὴ
2859 4667 3193 4733 μεταίὶαλὼν
3225 4671 3332 4738 τὴν
3369 4669 3624 4738 προαίρεη

2019 4770 2125 4816 σιν,
2153 4754 2250 4806 καὶ
2276 4755 2408 4807 αὐτὸ
2431 4755 2492 4806 τὸ
2521 4751 2660 4807 εἶναι
2693 4757 3013 4824 μετέὸαλεν,
3043 4758 3123 4818 ὡς
3161 4761 3418 4828 μάλιστα
3449 4765 3621 4829 ἡμαρ-

2016 4847 2219 4914 τηκὼς.
2250 4849 2322 4900 Ού
2361 4847 2466 4917 μὴν
2492 4847 2626 4900 ἀλλὰ
2659 4849 2750 4902 καὶ
2781 4849 2830 4900 oi
2864 4851 3243 4920 μισοπόνηροι
3270 4853 3390 4907 τῶν
3417 4851 3621 4922 ἀνθρώ-

2015 4959 2134 4994 πων
2161 4941 2304 4994 οῦτω
2340 4959 2432 5011 μοι
2461 4939 2678 4993 δοκοῦσι
2715 4944 2909 4996 ποιεῖν.
2939 4944 3094 4994 Ὂσοι
3132 4945 3196 4995 δὲ
3232 4946 3338 5015 τὴν
3375 4947 3622 4997 ἐναντίαν

2015 5033 2199 5101 ἔχουσι
2239 5032 2500 5102 γνώμην,
2534 5033 2628 5083 καὶ
2657 5032 2756 5100 τὴν
2789 5031 2987 5083 κακίαν
3020 5032 3124 5096 μὲν
3159 5033 3431 5104 οὐδαμῶς
3453 5077 3469 5100 ,
3499 5033 3625 5095 τοῦς

2013 5127 2056 5177 δ’
2081 5126 2184 5178 ύπδ
2213 5125 2417 5194 ταύτης
2454 5124 2901 5192 κεκρατημένους
2939 5124 3152 5190 σφόδρα
3197 5127 3474 5194 μισοῦσι,
3509 5127 3624 5178 δέον

2011 5238 2076 5286 γε
2125 5219 2323 5282 αὐτοὺς
2369 5220 2541 5271 ἐλεεῖν
2593 5217 2732 5286 ύπέρ
2776 5217 2904 5277 τοὺς
2950 5215 3144 5278 ἄλλους
3209 5219 3499 5281 ἅπαντας,
3554 5217 3627 5288 μὴ

2014 5313 2214 5383 μᾶλλον
2247 5309 2520 5382 μισεῖσθαι
2553 5309 2781 5373 δίκαιοι,
2814 5309 2845 5378 ἦ
2880 5307 2971 5369 οὓς
3007 5306 3225 5369 ἀδίκως
3261 5312 3382 5361 οἶδε
3429 5312 3625 5377 ymo:-

2011 5423 2126 5471 σιν;
2156 5402 2453 5472 ’Λντὶ’γὰρ
2495 5400 2588 5454 τοῦ
2637 5401 2737 5468 τὴν
2781 5398 2954 5452 αἰτίαν
3001 5401 3192 5465 μισεῖν
3239 5402 3348 5470 τῆς
3396 5403 3627 5456 ἐκείνων

2010 5498 2314 5566 ἐκτροπῆς,
2347 5495 2440 5547 καὶ
2471 5492 2656 5562 ζητεῖν
2687 5488 2964 5559 ἐπιμελῶς
2987 5529 3001 5551 ,
3034 5487 3142 5556 τὴν
3186 5491 3299 5558 μὲν
3336 5495 3627 5561 πρόφασιν

2007 5591 2114 5642 τῶν
2157 5587 2343 5641 κακῶν
2388 5586 2619 5651 ἀνελεῖν,
2663 5585 2760 5654 τὴν
2806 5583 2862 5636 δὲ
2913 5582 3067 5652 ῥίζαν
3119 5585 3468 5640 ἀνασπᾶσαι
3515 5587 3625 5640 τῶν

2009 5681 2267 5736 τοιούτων
2297 5679 2637 5749 παθημάτων
2657 5717 2669 5740 ,
2704 5677 2799 5730 καί⁸
2827 5674 2919 5728 τοῦ
2952 5673 3254 5738 νοσοῦντος
3291 5680 3625 5744 φείδεσθαι,

2009 5775 2364 5844 ὁπωσδήποτε
2403 5771 2694 5840 νενόσηκεν
2715 5811 2727 5835 ,
2760 5770 2805 5822 oi
2838 5768 2892 5822 δέ
2928 5768 3058 5838 πρὸς
3096 5768 3386 5823 τάναντία
3415 5771 3493 5836 ῶς
3528 5789 3627 5824 τα-
