3920 6200
285 361 383 426 50⁸]

1682 352 1965 413 ORATIO
2000 352 2078 413 VI

3424 349 3534 418 5l0

288 474 446 531 πολλὰ
472 471 713 542 ρἐουσι.
737 465 954 521 τούτων
983 464 1080 534 μὲν
1106 462 1212 533 γὰρ
1237 460 1430 518 οὐδξνα
1451 462 1631 532 λόγον,
1656 464 1690 533 ἢ
1717 480 1836 532 σμι.

1947 466 2161 519 diversa
2198 463 2462 519 sententia
2492 470 2596 526 est,
2628 460 2832 531 quique
2858 471 2963 511 non
3014 456 3230 519 vitium,
3288 458 3383 512 sed
3436 459 3526 514 in-

291 569 412 638 κρὸν
442 567 569 623 ἴσως
605 559 877 613 ποιοῦνται
898 572 916 589 ο
950 557 1044 609 καὶ
1076 554 1225 625 δηλοῖ
1252 554 1319 607 τὰ
1347 555 1622 607 τουτοισὶν
1652 554 1846 623 εἰργα-

289 659 450 727 σμὲνα
473 670 487 686 ·
513 655 606 706 τὸν
626 652 679 704 δὲ
703 651 822 712 ταῖς
850 647 1042 717 ὕϐρεσι
1068 646 1355 705 πλύνουσι.
1382 646 1469 698 καὶ
1493 644 1841 713 κωμῳδοῦσι,

286 747 394 807 πῶς
434 746 569 805 erat;
605 742 683 794 διὸ
726 743 815 791 κα“·
864 737 1100 807 σχέτλιοι
1141 736 1382 804 γίνονται
1426 734 1475 787 oi
1516 734 1739 795 τούτους
1780 750 1845 803 γε

288 840 454 906 μισεῖν
498 836 780 903 κρίναντες
826 830 897 884 δι’
924 829 1176 899 ἡντινοῦν
1220 828 1404 883 αἰτίαν
1455 827 1488 897 ἢ
1541 828 1840 897 πρόφασιν.

284 928 534 982 Τοσοῦτον
568 928 678 994 γὲρ
717 919 874 991 οἶμαι
917 923 1089 976 ἐνδεῖν
1125 922 1194 974 τὰ
1239 919 1392 988 παρὰ
1438 918 1532 972 σοῦ
1575 916 1840 988 εἰρημένα

281 1022 490 1081 τούτους
521 1018 798 1085 ἀποφῆναι
830 1014 1072 1076 δικαίους
1110 1012 1383 1081 μισεῖσθαι
1403 1052 1417 1073 ,
1452 1012 1576 1064 ὅσον
1608 1010 1701 1064 καὶ
1733 1010 1841 1063 δεισ

282 1114 450 1167 κνύειν
491 1111 676 1178 σαφῶς
718 1110 810 1162 τοῦ
857 1107 1123 1161 ἐλεεῖσθαι
1170 1105 1354 1169 ἀξίους
1396 1103 1576 1165 ὄντας.
1619 1101 1681 1154 Et
1730 1103 1839 1170 γὰρ

283 1204 501 1266 ἑκόντες,
528 1200 699 1265 ὠξσῦ
727 1202 855 1273 φῂς,
879 1200 976 1270 τὴν
1000 1199 1109 1252 ἀπὸ
1130 1197 1231 1267 τῆς
1257 1195 1461 1267 ἀρετῆς
1488 1195 1837 1263 εὐδαιμονίαν

252 1297 589 1357 χδιέπτυσαν,
623 1296 718 1347 και
747 1296 858 1357 τοῖς
891 1289 1314 1362 πεπυρωμένοις
1342 1286 1440 1340 τοῦ
1475 1285 1714 1356 πονηροῦ
1749 1285 1837 1354 $5-

279 1388 407 1439 λισιν
423 1387 647 1447 ἑαυτοὺς
668 1386 1045 1453 περιέπειραν,
1070 1382 1140 1436 δι’
1160 1374 1234 1435 ὧν
1262 1382 1290 1433 ὁ
1320 1366 1423 1449 τῆς
1438 1378 1616 1447 ψυχῆς
1645 1380 1837 1430 ἔπεισ-

282 1484 477 1551 έρχεται
499 1480 752 1540 θάνατος,
787 1479 904 1538 πῶς
922 1477 984 1530 ού
1006 1476 1182 1528 πάντα
1202 1474 1421 1526 πάντων
1458 1471 1833 1540 ὲλεεινύτεροι,

281 1574 513 1641 καθάπερ
546 1573 645 1624 καὶ
670 1570 779 1621 τῶν
806 1568 979 1629 ἄλλως
1011 1566 1381 1636 φονευθέντων
1406 1565 1454 1617 οἱ
1485 1563 1835 1633 αὖτόχειρεςι

279 1666 359 1716 καὶ
399 1662 608 1717 τούτων
646 1660 822 1723 αὖθις,
863 1650 933 1712 οί’
959 1658 1120 1727 δῆθεν
1162 1654 1471 1725 σώφρονες;
1513 1656 1586 1710 Τὸ
1632 1655 1731 1723 μὲν
1771 1655 1834 1722 δὴ

279 1754 483 1808 τοιαῦτα
533 1754 770 1823 πάσχειν
820 1751 1005 1821 ἄκρως
1056 1750 1339 1819 δυστυχεῖν
1389 1750 1548 1801 ἐστι’
1600 1748 1726 1809 τοὺς
1778 1746 1835 1799 δὲ

279 1847 534 1908 τοιούτους
587 1844 921 1911 δακρύομεν.
954 1842 1116 1907 ’Δξιά
1162 1859 1229 1909 γε
1276 1841 1345 1895 τὰ
1394 1841 1599 1895 τούτων
1648 1840 1831 1903 κακὰ,

279 1941 391 1994 ὅντα
424 1937 724 2008 δυστυχίας
771 1935 966 2007 μεστὰ,
1009 1936 1071 1988 οὐ
1119 1935 1280 2006 μόνον
1322 1951 1387 2001 γε
1429 1934 1493 1987 οὐ
1542 1932 1834 2003 μισητέους

278 2034 456 2093 αὐτοὺς
513 2030 837 2094 δεικνύναι,
892 2028 1032 2081 ἀλλὰ
1086 2028 1175 2081 καὶ
1234 2027 1640 2099 προγένεστερα
1702 2026 1832 2095 μίση

277 2123 431 2186 λύειν,
456 2120 503 2175 εί
530 2122 600 2193 δὴ
636 2121 731 2175 καὶ
764 2120 938 2175 πολλά
961 2138 1085 2173 τινα
1117 2118 1253 2189 πρὸς
1280 2120 1478 2182 αὐτούς
1507 2134 1639 2172 ποτε
1666 2117 1835 2170 ταῦτα

273 2210 350 2284 ἦν.
398 2215 457 2269 Εί
504 2214 560 2267 δὲ
595 2213 693 2267 καὶ
722 2213 828 2265 ὑπὸ
856 2212 1012 2266 ἐνίων
1044 2213 1284 2277 μισοῖντο
1314 2212 1362 2264 ot
1391 2211 1480 2264 τὸν
1509 2210 1622 2281 βίον
1652 2208 1835 2262 ἀναλί-

275 2322 481 2367 σκοντες
514 2308 574 2358 ὲν
607 2306 707 2358 οὐκ
738 2304 963 2373 ἀγαθοῖς
997 2303 1180 2372 εργοις
1211 2298 1370 2372 (εἶδον
1399 2302 1508 2373 γὰρ
1540 2301 1653 2369 ἐγώ
1681 2317 1834 2361 τινας

273 2396 357 2450 καὶ
395 2396 623 2463 γονεῦσι
668 2396 1056 2465 μισουμένους,
1098 2395 1175 2456 ὡς
1222 2376 1458 2462 φαύλους
1501 2392 1708 2457 ὄντας),
1758 2391 1833 2461 μὴ

271 2487 347 2541 διὰ
377 2488 531 2541 τοῦτο
566 2489 758 2551 κακῶς
791 2487 1052 2559 νομίσῃς,
1085 2486 1161 2548 ὡς
1192 2485 1302 2557 ἄρα
1332 2485 1413 2539 δεῖ
1448 2486 1540 2538 καὶ
1573 2485 1664 2537 τὸν
1698 2485 1834 2538 Θεὸν

272 2578 437 2650 πολὶῷ
476 2596 543 2646 γε
595 2580 797 2649 μᾶλλον
837 2580 1035 2641 αὐτοὺς
1082 2579 1280 2648 μισεῖν,
1320 2577 1418 2632 au
1464 2579 1832 2648 μισοπόνηρον

269 2669 402 2724 bna.
443 2671 500 2724 Ὀ
532 2674 648 2741 γὰρ
675 2670 810 2733 Θεὸς
836 2672 934 2741 τὴν
963 2669 1227 2741 πονηρίαν
1259 2671 1466 2738 μισῶν,
1497 2671 1706 2741 εὕρεμα
1738 2669 1829 2723 οὗ·

271 2781 359 2816 σαν
383 2765 473 2818 τοῦ
512 2764 761 2834 πονηροῦ
781 2805 796 2831 ,
828 2767 876 2818 εἰ
909 2765 968 2818 δὲ
1004 2764 1183 2834 βούλει
1205 2805 1220 2827 ,
1253 2764 1671 2833 βδελυττόμενος
1695 2804 1709 2824 ,
1740 2763 1833 2817 καὶ

260 2857 356 2925 ’τὴν
378 2859 581 2926 ἀρετὴν
614 2856 816 2924 φιλῶν.
846 2858 1057 2911 οἰκείαν
1088 2852 1257 2911 οὖσαν
1284 2855 1433 2925 αὐτῷ
1451 2896 1467 2915 ,
1498 2855 1557 2908 τδ
1585 2856 1685 2924 μὲν
1713 2856 1834 2911 ί.νά-

269 2965 410 3018 ρετον
443 2949 632 3018 φιλεῖ,
668 2947 757 3000 τδν
790 2947 846 3001 δὲ
884 2948 1020 3017 πρδς
1057 2948 1217 3002 αὐτὸν
1250 2947 1580 3000 πεπτωκότα
1610 2945 1700 2998 τὸν
1734 2946 1833 3014 τῆς

266 3040 447 3104 κακίας
479 3040 651 3111 βυθὸν
683 3040 742 3093 οὐ
778 3042 948 3111 μισεῖ,
982 3041 1096 3094 ἀλλ’
1119 3040 1288 3094 ἐλεεῖ·
1316 3042 1412 3094 καὶ
1438 3040 1540 3094 οὐκ
1572 3040 1834 3110 ἀποστρέ-

1956 556 2129 609 tectos
2163 555 2296 608 vitio
2320 555 2672 608 vehementer
2704 551 2893 606 odere.
2928 564 3052 603 cum
3095 562 3283 602 eorum
3352 564 3519 617 supra

1947 656 2176 701 exteros
2202 661 2394 699 omnes
2425 644 2667 702 misereri
2700 643 2977 705 deberent,
3002 658 3069 695 an
3105 657 3210 696 non
3240 642 3413 712 magis
3464 644 3517 695 hi

1949 741 2094 810 (ligni
2128 748 2254 795 sunt
2278 738 2405 793 odio
2438 752 2602 805 quam
2646 750 2780 804 quos
2839 735 3041 803 injuste
3094 734 3195 804 ipsi
3240 735 3522 788 oderunt?

1951 848 2073 885 nam
2104 846 2199 898 pro
2232 844 2298 884 eo
2374 832 2518 898 quod
2564 842 2791 881 causam
2829 826 3248 881 exorbitatiouis
3305 827 3516 883 illorum

1943 918 2121 980 odisse
2149 925 2435 981 debebant.
2464 936 2518 978 et
2549 924 2840 990 diligenter
2869 934 3087 988 operam
3148 920 3299 978 dare.
3353 921 3519 974 malo-

1944 1034 2062 1073 rum
2098 1029 2155 1072 ut
2188 1018 2532 1072 occasionem
2570 1016 2839 1075 tollerent,
2877 1023 2932 1068 et
2971 1010 3287 1065 morborum
3336 1012 3524 1079 hujus-

1943 1112 2088 1168 modi
2121 1113 2363 1167 radicem
2392 1111 2710 1175 evellerent,
2775 1108 3156 1176 lahorantique
3211 1113 3518 1174 parcerent.

1940 1205 2251 1273 quicunque
2284 1204 2501 1257 tandem
2535 1201 2757 1255 morbus
2779 1209 2945 1264 esset,
3000 1215 3054 1253 ιιι
3090 1196 3426 1252 contrarium
3464 1196 3517 1251 hi

1940 1299 2265 1368 plerumque
2292 1297 2539 1350 tendunt.
2596 1295 2729 1348 Nam
2792 1293 2994 1346 nullam
3045 1290 3263 1359 quidem
3328 1288 3518 1341 horum

1940 1390 2209 1442 rationem
2246 1388 2330 1442 vel
2374 1387 2622 1456 exiguam
2655 1370 2905 1442 tortassis
2932 1383 3152 1444 habent,
3195 1382 3339 1450 quod
3367 1380 3512 1448 ipso-

1936 1497 2057 1537 rum
2090 1496 2219 1536 sane
2243 1480 2382 1535 facta
2406 1480 2682 1536 declarant
2711 1496 2725 1534 :
2757 1491 2811 1532 at
2838 1476 3112 1530 hominem
3167 1474 3341 1544 ipsum
3398 1472 3522 1541 qui.

1921 1576 2057 1640 .bus,
2093 1577 2340 1640 obsecro,
2366 1574 2706 1629 contumeliis
2759 1573 3000 1627 alliciunt
3030 1580 3083 1625 et
3134 1565 3521 1623 insectantur?

1934 1667 2271 1738 Quapropter
2294 1677 2347 1722 et
2376 1667 2476 1737 ipsi
2514 1667 2811 1736 eulpabiles
2846 1666 2980 1718 tiunt
3022 1664 3114 1732 qni
3189 1672 3516 1729 quacunque

1872 1788 1912 1842 Β
1940 1762 2009 1816 de
2038 1775 2203 1815 causa
2238 1761 2319 1814 vel
2346 1768 2628 1829 pra‘textu,
2658 1760 2777 1814 illos
2809 1758 2934 1811 odio
2962 1756 3061 1811 sibi
3113 1751 3518 1824 persequendos

1943 1857 2255 1911 statuerint.
2291 1854 2524 1908 Tantum
2564 1854 2707 1908 enim
2741 1852 2932 1906 abesse
2966 1859 3115 1918 puto,
3141 1857 3198 1899 ιιι
3252 1861 3371 1914 qua:
3422 1848 3518 1897 abs

1943 1959 1995 2005 te
2017 1949 2226 2018 prolata
2256 1957 2404 2012 sunt,
2448 1947 2549 1999 hos
2610 1946 2735 1999 odio
2786 1946 2977 2013 dignos
3003 1954 3127 1995 esse
3179 1940 3519 1992 demonstra-

1943 2040 2075 2103 riut,
2101 2041 2348 2093 utetiam
2382 2038 2664 2107 perspicue
2709 2034 2965 2104 probent,
3016 2046 3111 2087 eos
3166 2027 3521 2083 commiserao

1944 2132 2146 2186 tionem
2171 2129 2393 2185 mereri.
2430 2127 2563 2182 Nam
2616 2127 2661 2182 si
2701 2127 2968 2187 volentes,
2996 2132 3054 2177 ut
3086 2133 3140 2176 tu
3163 2120 3378 2191 quidem
3414 2118 3516 2181 ais,

1944 2223 2353 2293 provenientem
2421 2237 2489 2275 ex
2531 2222 2737 2274 virtute
2805 2217 3119 2273 felicitatem
3171 2220 3515 2279 respuernnt,

1943 2332 2008 2371 ac
2037 2323 2211 2372 semet
2240 2313 2429 2384 ignitis
2462 2312 2607 2367 illius
2657 2311 2879 2381 maligni
2930 2310 3050 2364 telis
3108 2304 3517 2365 trausﬁxcrunt,

1946 2424 2045 2478 per
2078 2422 2200 2477 quae
2253 2406 2419 2461 animi
2474 2420 2621 2461 mors
2671 2404 2992 2473 ingreditur,
3046 2415 3153 2469 quo
3207 2405 3364 2467 pacto
3412 2411 3515 2449 non

1940 2498 2165 2553 omnino
2197 2498 2508 2552 miseriores
2533 2504 2662 2550 sunt
2693 2494 2965 2555 omnibus,
2990 2492 3134 2546 sicut
3156 2498 3211 2544 et
3254 2488 3361 2542 alio
3386 2501 3519 2557 qun-

1953 2588 2078 2642 dam
2106 2587 2269 2642 modo
2302 2587 2506 2640 necatis
2544 2586 2579 2640 ii
2610 2584 2697 2654 qui
2728 2596 2915 2638 manus
2941 2582 3041 2652 ipsi
3088 2581 3190 2637 sibi
3248 2577 3519 2633 amarunt?

1942 2688 1997 2733 et
2031 2693 2217 2733 rursus
2247 2679 2332 2734 his
2358 2678 2448 2747 qui
2472 2687 2649 2731 mente
2672 2677 2789 2731 sani
2816 2677 2895 2731 sic
2953 2683 3179 2744 pereunt
3202 2672 3227 2725 τ
3251 2670 3515 2725 Nimirum

1941 2767 2071 2825 Μία
2105 2770 2237 2838 pati,
2291 2778 2533 2825 extrema
2591 2768 2879 2822 infelicitas
2924 2775 3027 2830 est,
3085 2774 3142 2820 ct
3188 2761 3507 2833 huiusmodi

1940 2877 2073 2918 sane
2098 2861 2352 2932 Iaerymis
2382 2858 2657 2914 deﬂemus.
2694 2859 2831 2914 Nam
2867 2858 3007 2911 mala
3053 2858 3319 2926 ipsorum,
3350 2855 3511 2924 plena

1941 2953 2193 3018 miseria),
2232 2967 2338 3007 non
2373 2952 2532 3005 modo
2570 2951 2781 3004 edicere
2812 2956 3060 3019 possunt,
3094 2948 3257 3001 nullis
3293 2956 3349 3001 ut
3372 2944 3518 3000 odiis

1942 3043 2306 3116 persequendi
2328 3051 2679 3107 censeantur,
2713 3056 2898 3097 verum
2942 3040 3108 3107 etiam
3134 3038 3255 3092 odia
3311 3038 3515 3107 priora,

264 3150 443 3198 φησι,
492 3133 642 3188 ἀλλὰ.
684 3134 783 3203 τὴν
831 3133 1000 3188 αὐτοῦ
1049 3135 1510 3205 πραγματεύεται
1560 3134 1836 3204 σωτηρίαν

1943 3147 1996 3193 et
2031 3137 2200 3192 multa
2233 3135 2477 3205 quidem,
2538 3134 2667 3190 olim
2727 3135 2778 3187 in
2827 3148 2922 3189 eos
2977 3137 3520 3199 suscepta,.queunt

265 3224 421 3279 ἆπασι
452 3226 709 3297 τρόποις.
740 3225 993 3296 Τοσούτῳ
1022 3226 1066 3279 δ’
1087 3227 1150 3280 οὐ
1183 3228 1434 3296 προσῆκε
1464 3225 1727 3293 νομίζειν,
1758 3225 1832 3289 ὡς

267 3318 349 3371 καὶ
385 3319 463 3388 τῷ
507 3318 638 3387 Θεῷ
686 3320 906 3389 μισητοὶ
952 3320 1300 3379 καθεστᾶσιν,
1345 3320 1463 3372 ὅσοι
1504 3318 1594 3371 διὰ
1638 3317 1734 3383 τὴν
1777 3319 1833 3369 ὲν

267 3412 407 3479 σφίσι
448 3412 692 3476 κακίαν,
729 3414 787 3465 ἐν
824 3413 1133 3483 ἀνθρώποις
1172 3410 1357 3481 ἔχουσι
1396 3413 1585 3482 μῖσος,
1619 3412 1836 3480 ὅσῳπερ

266 3504 349 3556 καὶ
378 3504 696 3558 τούναντίον
726 3502 949 3572 εὔλογον
977 3500 1119 3557 εἷναι
1145 3521 1159 3535 ο
1190 3503 1338 3571 λέγω
1367 3503 1428 3573 δὴ
1459 3502 1520 3556 τι
1548 3502 1834 3570 τυγχάνειν

267 3598 454 3660 αὐτοὺς
484 3598 698 3661 ἐλέους.
731 3598 802 3650 Τὸ
834 3598 944 3667 γὰρ
974 3597 1038 3655 δὴ
1074 3597 1276 3668 σφόδρα
1305 3597 1529 3657 τούτους
1565 3594 1832 3664 μισεῖσθαι

268 3690 389 3758 παρ’
415 3684 488 3742 ὧν
521 3690 705 3759 ἥκιστ’
732 3691 920 3760 ἐχρῆν,
954 3689 1098 3743 τοῦτ’
1125 3689 1242 3742 ἔστι
1275 3688 1339 3741 τὸ
1369 3688 1461 3741 τὸν
1492 3688 1624 3740 Θεὸν
1656 3703 1833 3755 παρα-

270 3779 528 3845 σκευάζον
565 3783 701 3852 πρὸς
746 3782 944 3844 αὐτοὺς
981 3781 1375 3852 εὐμενέστερον
1411 3780 1645 3849 βλέπειν.
1678 3777 1836 3832 Ὦσθ⁹

269 3872 299 3940 ἠ
332 3872 434 3926 τῶν
466 3873 714 3943 γνησίων
750 3874 1071 3944 ἀποστροφὴ
1110 3873 1297 3936 ἐλέους
1329 3872 1542 3934 τούτοις
1579 3868 1836 3938 πρόξενος

267 3965 468 4031 γίνεται
497 3966 595 4019 τοῦ
632 3965 781 4034 παρὰ
816 3964 971 4031 Θεοῦ,
1006 3964 1154 4035 αύτῷ
1179 3981 1243 4033 γε
1284 3963 1482 4033 τούτῳ,
1519 3961 1600 4033 τῷ
1635 3963 1711 4033 μὴ
1740 3963 1827 4016 δο-

267 4059 377 4109 κεῖν
403 4056 639 4119 δικαίοις
681 4057 874 4110 τούτου
906 4057 1113 4125 τυχεῖν.
1154 4055 1214 4108 Ὀ
1265 4056 1375 4125 γὰρ
1407 4053 1664 4107 τοσοῦτον
1695 4054 1835 4121 ἀφε-

268 4147 476 4216 στηκὼς
537 4148 648 4203 τῶν
703 4147 853 4218 αὐτῷ
923 4148 1333 4217 προσηκόντων,
1382 4148 1410 4199 ὀ
1461 4145 1693 4209 ἐλεεινὸς
1744 4148 1836 4199 καὶ

244 4252 253 4259 ‘
269 4237 534 4305 μηδαμῶς
588 4237 931 4307 ἐλεούμενος,
969 4236 1107 4289 ἀλλᾶ
1158 4236 1473 4288 τούναντίον
1507 4236 1837 4305 μισούμενὸς

264 4344 321 4379 τε
377 4331 470 4381 καὶ
527 4328 1065 4398 ἀπογινςοσκύμενος.
1113 4326 1187 4389 ὡς
1235 4327 1370 4397 μηδὲ
1424 4329 1523 4397 τῆς
1573 4328 1838 4382 ἀνωτάτω

267 4421 678 4492 φιλανθρωπίας
728 4419 877 4485 ἄξιος
934 4420 1220 4488 κρίνεσθαι
1271 4419 1403 4490 παρ’
1463 4420 1664 4485 αὐτῶν,
1719 4421 1834 4483 πῶς

265 4511 359 4565 οὐκ
389 4514 505 4568 ἐστι
539 4513 753 4577 δίκαιος
804 4512 990 4573 ἐλέους
1049 4514 1237 4580 τυχεῖν
1280 4492 1431 4582 παρᾶ
1478 4511 1596 4582 Θεῷ
1637 4515 1834 4582 κριτῇς

266 4603 335 4667 ὣς
369 4618 537 4675 φησιν
569 4610 598 4659 ὁ
646 4605 779 4663 Θεὸς
831 4605 920 4659 διὰ
971 4605 1196 4657 Ἡσαΐου
1244 4603 1341 4656 τοῦ
1384 4605 1668 4674 προφήτου
1701 4608 1840 4675 πρὸς

275 4698 632 4766 Ἰερουσαλήμ
658 4711 673 4725 ·
705 4698 835 4749 Ὅτι
864 4697 963 4750 διὰ
980 4768 985 4771 _
1002 4696 1066 4749 τὸ
1092 4693 1250 4750 εἶναι
1272 4712 1346 4749 σε
1379 4694 1847 4765 ἐγκαταλελειμ-

259 4790 473 4859 μένην,
507 4792 608 4844 καί
633 4790 1075 4859 μεμισημένην,
1107 4791 1203 4845 καί
1247 4793 1358 4844 οὐκ
1405 4790 1486 4859 ἦν
1531 4793 1564 4844 ὁ
1597 4788 1846 4857 βοηθῶν

266 4898 381 4937 σοι.
419 4884 482 4936 Ei
515 4883 574 4937 δὲ
608 4882 674 4952 δὴ
704 4883 800 4936 καὶ
829 4882 989 4951 δίκην
1019 4883 1217 4946 αὐτοὺς
1252 4881 1611 4936 ἀποτιννύναι
1662 4899 1835 4952 προσ-

266 4975 383 5041 ῆκε,
432 4978 579 5049 μάλα
635 4992 698 5041 γε
759 4974 959 5045 πολλὴν
1020 4975 1130 5027 οἶδε
1186 4975 1371 5027 ἔτισαν
1422 4976 1662 5027 τουτοισὶ
1726 4976 1842 5037 τοῖς

268 5065 536 5136 ἑπαχόἐσι
584 5071 824 5136 κριταῖς.
863 5066 971 5120 Καὶ
1020 5066 1080 5119 τὸ
1134 5066 1322 5120 ποιοῦν
1369 5068 1470 5136 τὴν
1506 5066 1839 5136 ὑπερϐολὴν,

267 5157 343 5210 ὅτι
398 5161 489 5213 καὶ
548 5162 597 5212 οἱ
654 5159 788 5228 παρ’
838 5160 1020 5213 αὐτῶν
1045 5161 1421 5228 λαμϐάνοντες
1467 5159 1673 5230 ταύτην
1722 5158 1839 5211 ἀδιο

268 5251 487 5315 κούντες
519 5255 915 5324 λαμϐάνουσιν,
935 5254 1237 5325 οὐδαμόθεν
1262 5252 1322 5307 δν
1348 5254 1531 5316 αὐτοῖς
1558 5255 1840 5324 προσῆκον

268 5344 466 5408 αὐτοὺς
522 5344 891 5414 κατακρίνειν.
956 5345 1094 5399 Θεοῦ
1160 5344 1270 5417 γὰρ
1323 5346 1485 5414 μόνον
1534 5345 1697 5397 τοῦτό
1752 5360 1838 5411 γε.

269 5436 482 5489 Μᾶλλον
522 5437 570 5490 δ’
616 5440 671 5490 ετ
713 5454 798 5500 τις
832 5437 1076 5507 ἀκριϐῶς
1107 5437 1284 5490 ἐθέλει
1322 5438 1565 5502 σκοπεῖν,
1602 5440 1635 5506 ὴ
1690 5436 1840 5504 σφῶν

270 5528 450 5580 αὐτῶν
479 5530 783 5599 συνείδησις
816 5532 910 5583 καὶ
947 5531 1066 5583 τότε
1115 5532 1256 5598 σφᾶς
1290 5547 1353 5598 γε
1384 5514 1584 5599 κρινεῖ.
1613 5530 1688 5582 Οὐ
1729 5530 1840 5597 μὴν

270 5635 334 5686 τε
369 5620 474 5674 ὑπὸ
524 5624 746 5675 πάντων
798 5622 926 5692 ἑξῆς
960 5621 1061 5692 μία
1107 5625 1320 5684 τούτοις
1354 5621 1703 5690 ἐξενήνεκται
1730 5619 1838 5687 ψῆ-

275 5728 393 5779 φος.
420 5714 480 5766 0i
508 5716 618 5784 γὰρ
649 5716 750 5783 τὴν
786 5714 955 5786 ὀρθὴν
1007 5713 1318 5784 βαδίζοντες
1356 5714 1493 5782 πρὸς
1535 5712 1628 5766 τὸν
1658 5712 1841 5765 εὐδαί-

281 5820 419 5874 μονα
446 5806 555 5877 βίον
589 5807 812 5871 τούτους
842 5808 905 5879 δὴ
936 5808 1060 5871 τοὺς
1094 5808 1240 5878 παρᾶ
1273 5807 1377 5860 τῶν
1408 5806 1618 5860 πολλῶν
1653 5821 1839 5875 μισους

1936 3230 2301 3298 exstinguere.
2348 3228 2568 3295 Quodsi
2612 3228 2848 3280 maxime
2900 3226 3223 3296 quibusdam
3248 3222 3375 3277 odio
3394 3230 3518 3275 sunt

1936 3322 2029 3392 qui
2057 3321 2222 3374 vitam
2250 3320 2305 3375 in
2334 3320 2592 3390 operibus
2622 3332 2730 3372 non
2770 3316 2926 3372 bonis
2963 3318 3190 3382 exigunt
3226 3314 3377 3383 (nam
3408 3312 3515 3366 vidi

1937 3416 2201 3484 quosdam
2234 3428 2355 3483 ego,
2391 3428 2530 3481 quos
2561 3412 2662 3481 ipsi
2701 3422 2955 3482 parentes
2981 3424 3015 3465 ο
3036 3410 3516 3477 Iissent,tanquam

1938 3504 2134 3573 malos)
2201 3520 2306 3559 nOu
2362 3513 2647 3574 propterea
2712 3516 2900 3571 paruzn
2972 3510 3123 3555 recte
3214 3498 3518 3569 putaveris.

1944 3596 2119 3649 inulto
2164 3596 2335 3663 magis
2367 3610 2487 3649 esse
2521 3607 2772 3657 necesse,
2832 3592 2975 3646 Deus
3011 3598 3069 3644 ut
3126 3589 3271 3660 ipsos
3314 3587 3517 3653 oderit,

1939 3691 2031 3759 qui
2065 3690 2385 3757 pravitatem
2418 3690 2552 3741 odit.
2576 3687 2789 3756 Quippe
2820 3684 2961 3740 Deus
3018 3684 3146 3737 dum
3193 3683 3519 3752 pravitatem

1943 3781 2080 3845 odit,
2120 3796 2240 3849 quae
2275 3778 2493 3848 maligni
2527 3778 2672 3832 illius
2733 3778 3013 3831 inventum
3051 3784 3153 3839 est,
3198 3773 3283 3827 vel
3340 3772 3524 3842 potius

1938 3876 2303 3941 abominatnr,
2335 3882 2389 3927 et
2439 3872 2691 3926 virtutem
2718 3871 2915 3936 diligit,
2947 3883 3066 3937 qua:
3099 3866 3197 3937 ipsi
3230 3865 3522 3936 peculiaris

1939 3976 2064 4022 est:
2100 3968 2297 4021 virtute
2329 3964 2551 4035 quidem
2587 3964 2871 4033 przeditum
2922 3969 3089 4024 amat,
3138 3960 3237 4015 sed
3301 3958 3519 4013 interim

1940 4074 2064 4115 eum
2113 4059 2204 4127 qui
2236 4058 2305 4112 ad
2373 4056 2540 4111 imum
2591 4053 2907 4110 vitiositatis
2971 4051 3242 4121 gurgitem
3297 4049 3522 4113 decidi;

1941 4168 2045 4207 non
2064 4152 2199 4215 odit,
2222 4150 2317 4204 sed
2336 4150 2761 4211 miseratur,non
2803 4147 3150 4206 adversatur,
3201 4144 3294 4197 sed
3325 4142 3379 4195 in
3400 4141 3522 4207 ejus

1940 4243 2121 4298 salute
2145 4238 2482 4310 procuranda
2501 4238 2675 4292 modis
2716 4236 2965 4292 omnibus
2990 4244 3317 4302 occupatur.
3341 4232 3523 4299 Usque

1943 4334 2078 4388 adeo
2096 4347 2226 4386 vero
2245 4334 2790 4400 putaudumnonest,
2832 4327 2938 4384 Deo
2980 4343 3197 4398 quoque
3243 4327 3365 4382 illos
3398 4326 3525 4379 odio

1942 4442 2089 4492 esse,
2105 4426 2414 4495 quicunque
2436 4434 2657 4495 propter
2676 4423 3028 4477 vitiositatem
3046 4436 3199 4476 suam
3239 4420 3520 4475 hominum

1942 4521 2065 4575 odia
2097 4518 2478 4587 experiuntur,
2509 4530 2567 4573 ut
2596 4519 2762 4573 etiam
2791 4515 3129 4572 contrarium
3190 4516 3386 4570 rationi
3453 4514 3526 4570 sit

1935 4624 2386 4678 consentaneum,
2430 4612 2862 4668 misericordiam
2891 4611 3148 4666 videlicet
3197 4626 3292 4665 eos
3351 4612 3524 4680 impe-

1942 4715 2131 4761 trare:
2172 4721 2293 4759 nam
2319 4705 2443 4774 quia
2478 4706 2826 4760 vehementer
2859 4704 3012 4760 exosi
3080 4711 3212 4757 sunt
3268 4703 3336 4758 iis
3397 4703 3523 4770 qui-

1947 4799 2050 4871 bus
2115 4799 2341 4853 minime
2405 4798 2705 4863 debebant;
2796 4799 2900 4853 hoc
2933 4799 3136 4866 ‘ipsnm
3198 4804 3302 4857 est,
3375 4796 3523 4863 quod

1955 4889 2122 4945 Deum
2213 4899 2505 4961 provocat,
2600 4899 2660 4945 ut
2743 4891 3075 4946 clementius
3155 4905 3254 4945 cos
3352 4889 3526 4957 respi-

1953 4982 2083 5035 ciat.
2186 4980 2528 5052 QuaprOpter
2601 4993 2955 5053 cognatorum
3041 4984 3226 5038 odium
3324 4990 3379 5034 et
3464 4997 3528 5034 a-

1954 5074 2194 5127 versatio
2243 5073 2336 5127 Dei
2376 5068 2810 5130 misericordiam
2866 5075 3000 5144 ipsis
3032 5074 3306 5137 conciliat,
3357 5080 3412 5125 et
3461 5088 3529 5126 eo

1951 5164 2169 5232 quidem
2204 5164 2321 5234 ipso
2347 5168 2492 5234 quod
2528 5167 2733 5236 indigni
2778 5166 3064 5221 videantur
3090 5166 3180 5235 qui
3210 5181 3327 5219 eam
3358 5165 3528 5232 impe-

1945 5265 2111 5310 trent.
2146 5256 2276 5310 Nam
2312 5259 2402 5325 qui
2435 5258 2504 5311 ab
2542 5259 2718 5312 otiieio
2767 5268 3048 5326 tantopere
3099 5255 3372 5320 discessit,
3429 5255 3529 5308 mi-

1947 5361 2038 5401 ser
2065 5345 2270 5413 pariter
2298 5361 2363 5401 ac
2395 5348 2528 5401 nulli
2566 5348 2915 5410 miserabilis,
2950 5345 3045 5400 scd
3073 5360 3105 5400 e
3130 5346 3404 5400 contrario
3428 5359 3522 5412 pa-

1948 5437 2054 5490 tius
2087 5451 2285 5491 exosus
2317 5449 2371 5492 ct
2399 5452 2496 5505 pro
2519 5438 2808 5509 deplorato
2840 5438 3076 5501 habitus,
3106 5449 3164 5493 ut
3187 5453 3255 5491 ne
3274 5451 3522 5505 suprema

1948 5530 2166 5599 quidem
2202 5529 2292 5581 illa
2321 5529 2605 5585 clementia
2632 5532 2827 5602 dignus
2858 5534 2925 5586 ab
2957 5534 3037 5587 eis
3073 5532 3366 5602 judicclun,
3402 5547 3524 5585 eum

1947 5637 2056 5691 quo
2087 5631 2247 5688 pacto
2277 5638 2384 5677 non
2420 5639 2636 5693 aequum
2678 5633 2759 5680 est
2790 5626 2931 5694 apud
2968 5625 3133 5679 Deum
3158 5624 3397 5693 judieem
3431 5625 3529 5675 mi-

1947 5713 2301 5768 sericordiam
2327 5715 2628 5784 consequi?
2658 5715 3110 5784 quemadmodum
3137 5714 3274 5769 Deus
3295 5715 3407 5781 ipse
3432 5728 3528 5784 par

1950 5805 2141 5861 Isaiam
2176 5815 2349 5863 vatem
2399 5805 2822 5879 Hierosolymam
2858 5807 3154 5878 alloquitur
3184 5824 3202 5861 ι
3236 5790 3526 5878 Prop'crea
