3920 6200
412 319 512 414 stt

1600 331 1651 390 Μ
1665 333 1700 386 Α
1715 333 1756 389 Ν
1769 332 1814 389 U
1828 331 1994 388 ELIS
2037 332 2120 390 ΡΛ
2136 330 2480 390 L.‘lZOl.OGl

3561 333 3586 355 θ

3504 330 3586 398 5ίὲ

401 440 548 507 quoi
573 436 783 491 deserta
815 435 886 487 sls
916 444 966 487 et
985 448 1170 516 exosa,
1205 450 1304 490 nec
1337 436 1532 492 habeas
1568 441 1658 504 qui
1689 439 1782 492 tibi
1808 443 1968 506 ιψῑιιιη

2088 441 2277 506 μένους
2316 441 2405 492 διὰ
2437 441 2536 504 τὴν
2584 438 2682 490 οὐκ
2735 436 2947 506 ἀγαθὴν
2999 438 3261 491 πολιτείαν
3307 438 3492 493 ἐλεοῦσί
3518 461 3587 506 τε,

404 529 567 584 letttt‘.
596 528 745 593 Quod
768 527 811 580 si
844 527 1007 580 etiam
1033 542 1248 595 pcenam
1281 546 1375 584 eos
1401 530 1548 585 iuere
1575 548 1670 597 par
1691 543 1825 596 erat,
1849 548 1979 587 sane

413 634 572 686 quam
625 619 853 686 amplam
903 621 1157 688 gravibus
1213 622 1358 680 hisce
1409 624 1684 690 judit-ibus
1738 625 1976 679 luerunt.

2083 529 2200 591 πῶς
2251 530 2392 590 οἴεις
2435 531 2530 582 καὶ
2567 529 2829 598 μεγίστης
2874 527 3084 592 ἀξιοῦσι
3124 531 3448 598 κηδεμονίας,
3475 534 3591 602 πρθς

2080 623 2179 690 τὴν
2215 622 2396 674 αὐτῶν
2444 622 2728 690 διόρθωσιν
2777 620 3198 683 ἀποϐλέποντες,
3241 621 3502 693 βαθύτερόν
3540 642 3591 678 τε

401 711 657 777 Quodque
673 711 894 763 nimium
913 724 1173 779 quantum
1194 730 1302 767 rem
1318 717 1592 784 auget,qui
1613 731 1799 785 pmnas
1816 719 1881 770 ab
1898 717 1968 772 eis

2081 715 2194 779 ἅμα
2229 713 2321 764 καὶ
2352 712 2682 781 ὑψηλότερον
2716 711 2851 764 πολὺ
2901 711 3009 763 τῶν
3048 713 3217 766 ἄλλων
3241 715 3590 783 διανοούμενοι;

395 804 754 870 exiguttt,per
784 802 1039 871 injuriam
1060 806 1300 872 exigunt,
1324 821 1446 859 cum
1483 823 1816 876 nequaquam
1846 811 1978 880 ipsis

394 895 680 946 conveniat
718 905 773 947 ut
803 910 894 949 eos
917 897 1302 960 condemnant,
1337 914 1459 949 nam
1485 898 1533 949 id
1556 899 1651 951 soli
1675 899 1785 953 Deo
1823 914 1971 951 com-

395 985 646 1052 petit.Vt-l
672 987 872 1054 potius,
895 988 938 1040 si
967 989 1086 1054 quis
1116 998 1368 1042 accurate
1407 1005 1518 1042 rem
1548 1000 1790 1056 spectare
1826 990 1971 1056 velit,

395 1080 632 1146 ipsorum
656 1081 930 1136 hominum
953 1085 1286 1138 conscientia
1317 1086 1506 1153 judicii
1530 1101 1742 1155 quoque
1767 1097 1972 1156 tempo-

396 1187 452 1224 re
471 1175 534 1226 de
561 1173 689 1239 ipsis
720 1177 1044 1228 sententiam
1073 1176 1228 1230 fetet.
1255 1176 1440 1246 Neque
1459 1195 1587 1232 vero
1621 1181 1689 1234 ab
1719 1183 1972 1236 omnibus

395 1277 498 1315 una
535 1273 760 1328 prersus
792 1266 844 1318 in
878 1267 974 1320 hos
1004 1270 1277 1322 sententia
1312 1271 1419 1323 lata
1452 1271 1557 1324 dici
1592 1282 1766 1340 potest
1794 1290 1809 1328 :
1846 1289 1970 1328 nam

394 1358 482 1420 qui
501 1355 711 1410 beatam
728 1357 792 1410 ad
814 1359 975 1412 vitam
1001 1371 1145 1414 recta
1166 1359 1489 1430 gradiuntur
1508 1364 1612 1427 via,
1635 1365 1711 1418 illi
1729 1381 1853 1433 erga
1873 1370 1970 1421 hos

371 1441 575 1501 ’mnltis
609 1465 806 1504 exosus
852 1463 1071 1521 prapter
1118 1459 1383 1512 rationem
1420 1459 1541 1511 vitae
1584 1474 1688 1514 non
1742 1459 1965 1524 bonam,

393 1548 445 1590 et
497 1540 688 1607 insigni
721 1543 1066 1598 miseratione
1100 1557 1416 1616 tanguntur,
1463 1558 1514 1602 et
1565 1549 1852 1602 maximam
1889 1550 1968 1602 eis

393 1645 574 1682 (trram
611 1633 947 1702 impendunt,
1005 1637 1133 1690 dum
1189 1653 1375 1693 eorum
1413 1639 1479 1693 ad
1532 1640 1963 1694 emendationem

394 1725 710 1793 respiciunt,
759 1737 810 1780 et
843 1728 1006 1784 altius
1044 1731 1439 1800 sublimiusque
1471 1731 1628 1799 longe
1678 1747 1838 1800 quam
1874 1731 1964 1784 alii

393 1835 504 1873 rem
539 1821 909 1876 considerant.
943 1825 1144 1888 Quare,
1173 1839 1269 1878 ceu
1300 1827 1502 1879 dictum
1538 1841 1567 1878 a
1601 1825 1777 1888 nobis,
1820 1825 1967 1894 digni

391 1922 521 1965 sunt
546 1915 633 1980 qui
659 1913 900 1968 favorem
929 1925 1090 1981 atque
1109 1932 1293 1970 curam
1323 1915 1631 1985 Deijudicis
1655 1917 1965 1984 impetrent,

393 2019 501 2056 non
531 2006 686 2057 modo
703 2017 926 2074 propter
950 2009 1070 2061 illos
1095 2009 1449 2063 immaniores
1469 2008 1559 2076 qui
1587 2023 1692 2061 non
1715 2007 1969 2076 justeju-

308 2166 314 2174 ι
393 2095 602 2158 dicant,
633 2110 818 2149 verum
848 2098 1011 2152 etiam
1039 2108 1263 2168 propter
1282 2114 1375 2153 eos
1394 2100 1485 2168 qui
1507 2099 1606 2153 hac
1627 2099 1966 2153 humanitate

392 2196 553 2254 atque
577 2188 860 2244 clementia
895 2198 1126 2245 utuntur
1155 2209 1168 2256 ;
1198 2193 1418 2261 quando
1462 2207 1566 2245 non
1610 2207 1710 2260 par
1746 2201 1850 2254 est,
1898 2191 1965 2244 ab

393 2278 632 2346 ipsorum
665 2279 908 2334 bonitate
939 2283 1184 2349 superari
1209 2282 1436 2352 positam
1464 2283 1608 2336 illam
1630 2292 1782 2336 extra
1807 2281 1963 2335 finem

392 2385 607 2442 omnem
643 2371 937 2427 bonitatem
967 2391 982 2441 ;
1017 2384 1176 2443 atque
1219 2374 1341 2427 huic
1381 2375 1572 2428 rationi
1629 2374 1969 2428 contradicet

393 2479 572 2518 nemo.
615 2463 826 2536 Qu'ppe
857 2468 903 2520 si
952 2467 1142 2536 optimi
1178 2468 1423 2521 homines
1452 2468 1634 2522 omnia
1665 2468 1846 2536 gravia
1883 2467 1964 2520 fa-

391 2558 495 2613 cile
548 2560 848 2626 perferunt,
903 2561 1061 2614 modo
1101 2561 1230 2616 istos
1272 2561 1561 2616 emendare
1607 2561 1781 2624 liceat,
1836 2559 1964 2629 quid

393 2650 540 2702 illam
575 2651 834 2705 infinitam
867 2651 1160 2706 bonitatem
1196 2652 1741 2721 atque'clementiam
1783 2653 1848 2706 de
1880 2652 1965 2706 his

390 2753 633 2799 statuere
675 2760 736 2798 ac
770 2744 908 2798 velle
943 2746 1143 2812 putas?
1201 2746 1280 2798 An
1325 2747 1486 2799 homo
1535 2761 1700 2814 purus
1731 2755 1786 2800 et
1823 2745 1966 2801 labis

389 2847 612 2906 expers,
667 2852 858 2890 eamne
883 2837 1040 2891 bonis
1070 2837 1284 2906 quidem
1311 2838 1440 2891 viris
1462 2839 1611 2907 paria
1635 2839 1811 2893 iacere
1835 2852 1964 2893 con-

390 2927 578 2982 cedis?
605 2927 876 2983 .Nimirum
911 2929 992 2985 vis
1021 2945 1139 2984 eam
1179 2928 1447 2994 fortassis,
1493 2931 1794 2985 imitantem
1831 2945 1968 2999 quo-

393 3024 638 3077 rumdam
671 3025 988 3091 pravitatem
1025 3016 1324 3092 (non’cnim
1353 3035 1500 3077 tuam
1528 3025 1696 3092 dico),
1729 3023 1964 3078 crudeli-

2001 1776 2041 1831 Β

2081 806 2234 858 ὨσίΓ
2266 808 2404 874 ὅπερ
2437 807 2592 873 ἔφην,
2624 804 2763 868 ἄξιοι
2802 804 3020 872 φειδοῦς
3065 808 3238 873 τυχεῖν
3268 807 3354 857 καὶ
3385 809 3592 877 κηδεμο·

2076 901 2195 961 νίας
2225 899 2373 966 παρὰ
2409 899 2526 966 Θεῷ
2553 898 2792 967 κρίνοντι
2819 897 2879 950 οὐ
2919 898 3080 965 μόνον
3121 915 3180 963 γε
3214 899 3296 951 διὰ
3327 901 3440 960 τοὺς
3466 902 3593 968 ὡμο-

2074 993 2268 1061 τέρθιυς
2299 991 2558 1052 ἐκείνους,
2587 991 2713 1051 τοὺς
2744 989 2844 1042 οὐκ
2872 992 2928 1042 ὲν
2959 991 3078 1058 δίκῃ
3130 991 3450 1054 δικάζοντας,
3480 993 3596 1045 ἀλλὰ

2075 1085 2169 1136 καὶ
2217 1083 2305 1135 διὰ
2359 1085 2483 1144 τοὺς
2534 1085 2597 1151 τῇ
2654 1082 3040 1151 φιλανθρωπίᾳ
3085 1083 3426 1152 χρωμένονςο
3457 1084 3524 1146 ὡς
3546 1086 3595 1136 οὑ

2074 1179 2350 1248 προσῆκον
2405 1176 2703 1244 παρελθεῖν
2751 1177 2850 1244 τὴν
2900 1175 3079 1227 αὐτῶν
3123 1177 3468 1244 χρηστότητα,
3513 1177 3597 1245 τὴν

2072 1271 2326 1325 ἐπέκεινα
2362 1270 2562 1332 παντὸς
2594 1269 2844 1339 πέρατος.
2879 1269 2992 1320 Καὶ
3015 1268 3150 1338 πρὸς
3180 1268 3330 1319 τοῦτό
3359 1286 3417 1334 γε
3445 1269 3597 1328 οὐδεὶς

2071 1366 2308 1433 ἀντερεῖ.
2342 1365 2403 1416 Ei
2439 1363 2548 1432 γὰρ
2579 1362 2628 1414 oi
2662 1363 2934 1432 βέλτιστοι
2965 1361 3072 1414 τῶν
3105 1360 3400 1430 ἀνθρώπων
3442 1364 3594 1415 πάντα

2071 1456 2136 1510 ἂν
2173 1455 2370 1526 ῥᾳδίως
2402 1456 2697 1508 ὑποσταῖεν
2721 1455 2788 1506 τὰ
2815 1453 2982 1519 δεινὰ,
3017 1454 3070 1506 εἰ
3110 1470 3170 1520 γε
3220 1453 3340 1521 ἐξῆν
3384 1454 3598 1515 ἐκείνους

2069 1545 2583 1618 ἑπανορθώσασθαιο
2624 1549 2654 1616 ἡ
2704 1547 2932 1612 ἄπειρος
2977 1548 3281 1615 χρηστότης
3307 1564 3362 1598 τε
3406 1548 3491 1598 καὶ
3529 1565 3602 1614 φι-

2067 1639 2387 1709 λανθρωπία
2419 1639 2470 1691 τί
2515 1657 2598 1693 σοι
2627 1639 2774 1692 δοκεῖ
2810 1642 2938 1710 περὶ
2971 1641 3201 1694 τουτωνὶ
3247 1641 3518 1708 διαγνῶναί
3554 1659 3602 1693 τε

2074 1731 2168 1784 καὶ
2197 1731 2456 1796 θελῆσαις
2487 1727 2564 1784 Ἦ
2597 1732 2699 1784 πού
2740 1748 2803 1798 γε
2845 1733 2872 1784 ὁ
2902 1732 3143 1802 καθαρός
3173 1750 3228 1785 τε
3265 1734 3354 1785 καὶ
3384 1733 3604 1800 ἀναμὰρο

2072 1841 2256 1893 τητος,
2287 1823 2408 1877 οὐδὲ
2453 1823 2584 1893 γοῦν
2617 1825 2675 1877 ἐν
2711 1823 2812 1895 ἴσῳ
2840 1824 2952 1876 τῶν
2993 1825 3215 1892 ἀγαθῶν
3264 1825 3462 1894 ἀνδρῶν
3503 1825 3605 1877 δια-

2071 1916 2384 1985 πράξασθαι
2415 1919 2617 1984 ταύτην
2648 1917 2840 1981 δίδως;
2880 1917 3038 1978 Ἴσως
3069 1936 3134 1986 γε
3165 1917 3366 1986 ταύτην
3394 1917 3599 1978 ἐθέλεις,

2067 2010 2169 2077 τὴν
2195 2010 2358 2062 τινῶν
2388 2011 2783 2079 μιμησαμένην
2820 2010 3136 2082 φαυλότητα
3169 2009 3309 2075 (οὐδὲ
3348 2009 3449 2074 γὰρ
3477 2007 3604 2071 λέγω

2068 2103 2168 2170 τὴν
2200 2105 2347 2173 σὴν),
2381 2103 2627 2174 ώμότητί
2674 2121 2780 2156 τινι
2826 2105 3174 2173 χρήσασθαι·
3209 2103 3300 2154 καὶ
3328 2101 3607 2153 τούναντίον

2068 2194 2099 2264 ἢ
2148 2195 2428 2264 κέκληται,
2479 2196 2630 2265 παρὰ
2678 2196 2737 2248 τὸ
2785 2197 2934 2258 είκδς
2976 2197 3114 2265 αὑτῇ
3170 2197 3443 2264 πράττειν.
3487 2192 3609 2244 Ἀλλ’

2067 2286 2167 2338 οὐκ
2210 2286 2394 2356 ἐκείνη
2441 2303 2524 2356 γε,
2567 2287 2705 2340 ἀλλὰ
2745 2287 3100 2356 πολλαχόθεν,
3134 2287 3192 2340 εὖ
3236 2287 3359 2351 ἴσθι,
3391 2288 3477 2338 καὶ
3507 2284 3612 2353 βειη.

2069 2375 2223 2445 θήσει
2253 2377 2512 2442 τούτοισι,
2569 2379 2663 2430 καὶ
2695 2376 2923 2447 παρέξει
2973 2379 3282 2447 συνδρομὴν
3320 2378 3535 2441 ἃπασαν,
3561 2375 3610 2428 τό

2067 2483 2130 2536 γε
2162 2469 2240 2529 είς
2270 2469 2486 2539 ἐκείνην
2525 2465 2658 2538 ἧκον
2687 2469 3101 2539 ἀποκληροῦσα.
3146 2471 3260 2524 Κᾶν
3304 2470 3606 2539 ἑπιμένωτιν

2066 2562 2266 2614 ἐκεῖνοι
2298 2565 2412 2624 τοῖς
2442 2566 2651 2627 κακοῖς,
2690 2553 2867 2634 πολλῷ
2901 2582 2960 2632 γε
2996 2564 3204 2633 μᾶλλον
3248 2567 3275 2616 ὁ
3315 2563 3440 2625 Θεὸς
3470 2563 3523 2614 ἐν
3547 2577 3611 2629 τῳ

2067 2652 2302 2719 χρηστὸς
2354 2649 2516 2705 εἶναι.
2560 2655 2929 2723 ’Λρνήσασθαι
2983 2657 3090 2723 γὰρ
3143 2655 3332 2709 ἑαυτὸν
3363 2654 3420 2706 οὐ
3466 2652 3608 2704 δόνα-

2069 2759 2182 2796 ται.
2231 2743 2290 2796 '0
2344 2744 2476 2811 γοῦν
2528 2745 2745 2815 ἀληθῶς
2789 2747 3043 2816 κηδεμών
3089 2766 3153 2801 τε
3217 2748 3307 2800 καὶ
3347 2745 3532 2813 ἀγαθὸς
3561 2743 3611 2796 οὐ

2068 2834 2202 2902 πρὸς
2253 2835 2378 2896 τοὺς
2423 2836 2544 2903 μὲν,
2580 2838 2675 2890 καὶ
2722 2840 2874 2901 ποτὲ,
2904 2839 3042 2909 πρὸς
3090 2838 3155 2892 δὲ
3207 2841 3329 2902 τοὺς
3361 2839 3609 2902 οὐδέποτε,

2065 2926 2180 2978 ἀλλ’
2214 2928 2321 2990 ἀεὶ,
2352 2929 2448 2980 καὶ
2499 2928 2637 2998 πρὸς
2679 2930 2806 2993 τοὺς
2854 2931 3084 2996 πάντας,
3128 2932 3197 2985 τὰ
3254 2931 3412 2984 αὑτοῦ
3461 2931 3615 2982 διατε-

2071 3015 2222 3069 λέσει
2255 3017 2424 3070 ποιῶν
2449 3033 2465 3049 ⁶
2499 3019 2591 3071 καὶ
2639 3018 2789 3074 ἔσται
2820 3020 2906 3074 διὰ
2963 3021 3189 3074 πάντων
3243 3022 3366 3089 ἑξῆς
3410 3019 3530 3074 αὑτό
3560 3034 3613 3082 γι

389 3127 501 3170 tate
549 3117 780 3185 Quadam
840 3118 942 3179 uti,
996 3126 1050 3170 et
1079 3127 1269 3171 contra
1321 3130 1480 3183 quam
1530 3114 1852 3183 appellatur,
1911 3113 1962 3166 id

2072 3108 2212 3162 τοῦθ’
2243 3110 2271 3162 ὂ
2311 3111 2556 3179 πέφυκεν
2583 3108 2744 3176 εἶναι,
2777 3113 2976 3178 ἀγαθὸς
3030 3115 3129 3167 καὶ
3161 3114 3406 3184 κηδεμὼν
3442 3113 3612 3166 ἅπασι.

389 3225 550 3278 agere
580 3211 722 3276 quod
742 3209 788 3261 ei
815 3209 1038 3261 minime
1055 3209 1328 3260 convenit.
1356 3207 1569 3259 Atenim
1590 3206 1692 3259 hoc
1721 3206 1773 3258 in
1794 3205 1965 3273 ipsam

389 3318 496 3355 non
529 3304 692 3365 cadit,
755 3301 852 3354 sed
904 3300 1053 3354 noris
1103 3313 1221 3351 eam
1268 3299 1352 3351 his
1397 3313 1553 3364 opem
1609 3300 1968 3366 undecunque

388 3398 642 3458 laturam,
691 3407 958 3461 omneque
1000 3393 1363 3461 praestituram
1421 3392 1819 3459 adjumentum,
1869 3393 1970 3444 im-

391 3485 622 3554 plentem
657 3483 707 3538 id
747 3484 888 3552 quod
935 3485 1000 3536 ad
1045 3482 1218 3552 ipsam
1254 3494 1482 3552 speetat.
1515 3482 1667 3548 Quod
1700 3485 1744 3537 si
1787 3500 1969 3551 perse-

391 3578 658 3631 verabunt
683 3577 783 3643 ipsi
812 3575 862 3629 in
887 3576 1065 3638 malis,
1094 3577 1262 3630 multo
1295 3577 1462 3644 magis
1488 3576 1625 3630 Deus
1649 3578 1699 3630 in
1729 3577 1968 3630 bonitate

389 3671 784 3738 clementiaque
797 3685 894 3724 sua
917 3670 1190 3736 pcrsistet;
1220 3669 1398 3723 inficia
1410 3670 1450 3721 ri
1471 3684 1704 3739 namque
1721 3669 1958 3737 Seipsum

389 3777 495 3815 non
531 3772 730 3830 potest.
782 3755 1121 3830 Quapropter
1151 3762 1197 3814 is
1239 3761 1329 3828 qui
1365 3774 1488 3813 vere
1545 3776 1733 3812 curam
1794 3761 1966 3812 nostri

389 3856 548 3924 gerit,
581 3866 633 3907 et
666 3870 788 3910 vere
813 3857 984 3910 bonus
1001 3863 1101 3920 est,
1135 3869 1238 3908 non
1264 3870 1388 3922 erga
1425 3856 1542 3920 hos,
1573 3864 1626 3908 et
1655 3853 1964 3922 aliquando,

388 3964 513 4019 erga
568 3948 688 4002 illos
743 3962 895 4009 vero,
946 3962 1268 4016 nunquam:
1308 3948 1400 4002 sed
1442 3961 1676 4014 semper,
1733 3956 1786 4000 et
1835 3961 1966 4013 erga

389 4057 599 4100 onntcs,
629 4044 770 4109 quod
819 4055 983 4121 sumit
1023 4050 1106 4095 est
1142 4040 1320 4095 facere
1351 4055 1458 4092 non
1495 4039 1723 4104 desinet,
1758 4037 1968 4106 eritque

390 4149 484 4202 per
533 4136 711 4187 omnia
751 4148 973 4202 prorsus
1018 4132 1118 4187 hoc
1165 4134 1340 4201 ipsum
1385 4133 1527 4200 quod
1563 4146 1591 4184 a
1624 4141 1814 4184 natura
1865 4138 1967 4195 est,

389 4227 564 4280 bonus
588 4235 640 4279 et
661 4240 846 4279 curam
867 4240 1063 4293 gerens
1084 4227 1351 4278 omnium.
1383 4223 1576 4277 Servat
1597 4237 1804 4285 omnes,
1825 4223 1965 4290 quod

392 4321 445 4374 in
487 4319 604 4388 ipso
630 4328 734 4383 est,
766 4331 832 4371 eo
875 4318 1177 4385 perducens
1206 4317 1460 4370 omnibus
1504 4315 1701 4376 modis,
1735 4321 1791 4365 ut
1834 4312 1970 4365 resi-

391 4412 604 4481 piscant
665 4420 720 4462 et
781 4419 1117 4472 serventur,
1173 4408 1378 4475 abSque
1459 4405 1716 4459 violentia
1788 4413 1966 4456 tamen

389 4511 444 4556 et
473 4503 774 4565 coactione,
800 4501 942 4569 quod
967 4510 1018 4554 et
1047 4514 1208 4567 supra
1228 4502 1433 4552 dictum
1462 4508 1564 4552 est.
1594 4496 1801 4564 Quippe
1826 4510 1968 4550 nunc

391 4595 608 4664 quidem
631 4595 796 4658 venit,
822 4609 927 4647 non
950 4603 1006 4645 ut
1035 4592 1263 4660 iudicet,
1285 4592 1379 4646 sed
1401 4599 1459 4645 ut
1487 4600 1664 4645 servet
1682 4590 1976 4642 mundum.-

391 4687 546 4752 Quod
579 4687 626 4739 si
657 4701 762 4738 non
791 4685 902 4754 jam
937 4685 1050 4753 ipse
1100 4684 1330 4753 judicat,
1381 4684 1477 4737 sed
1529 4681 1722 4751 judicii
1762 4692 1969 4750 tempus

394 4787 693 4846 exspectat,
727 4793 850 4831 cum
888 4778 1066 4832 omnia
1099 4788 1280 4830 nostia
1311 4778 1482 4845 magis
1526 4791 1684 4845 quam
1720 4791 1817 4829 nos
1843 4775 1967 4840 ipsi,

399 4873 561 4929 norit.
588 4882 664 4936 tu,
689 4871 780 4940 qui
806 4880 859 4924 et
892 4880 1100 4940 tempus
1125 4870 1412 4940 anticipas,
1443 4879 1495 4923 et
1516 4869 1747 4923 cilicium
1770 4868 1972 4936 judicis

398 4979 654 5035 usurpas,
679 4979 802 5018 cum
836 4980 933 5019 nec
957 4973 1044 5019 tua
1071 4972 1218 5018 recte
1246 4977 1508 5032 agnoscas
1535 4962 1692 5026 mala,
1723 4976 1821 5014 nec
1852 4960 1968 5016 illo-

402 5071 520 5108 rum
554 5067 690 5123 quos
719 5054 972 5119 damnas,
1023 5070 1130 5122 quo
1176 5065 1332 5123 pacto
1360 5070 1464 5109 non
1500 5053 1707 5108 facinus
1736 5054 1965 5107 invisum

404 5143 512 5196 Deo
546 5143 804 5210 perticis?
827 5143 1067 5208 Quorum
1104 5154 1154 5198 te
1181 5145 1301 5214 quis
1330 5146 1382 5198 in
1409 5159 1697 5199 numerum
1729 5142 1969 5197 referet?

397 5247 509 5289 non
543 5235 764 5289 omnino
795 5235 1156 5290 stolidarum?
1185 5236 1382 5304 quippe
1412 5237 1457 5290 si
1486 5233 1760 5303 iudicandi
1795 5231 1967 5287 facul-

401 5336 563 5380 tatem
586 5335 775 5381 nactus
789 5343 816 5379 a
835 5328 961 5390 Deo,
980 5328 1299 5396 iudicandos
1318 5327 1430 5396 ipse
1443 5340 1873 5396 oppugnaresnie
1891 5325 1970 5379 sic

400 5415 616 5478 quidem
645 5432 708 5470 ea
748 5416 955 5472 faceres
987 5419 1054 5470 ob
1086 5433 1205 5486 qua:
1233 5418 1572 5471 admirationi
1597 5431 1748 5472 esses
1771 5416 1843 5469 illi
1874 5415 1969 5486 qui

392 5507 669 5572 iudicandi
689 5518 1010 5574 potestatem
1026 5511 1261 5563 fecisset.
1277 5508 1326 5562 Is
1342 5512 1484 5562 enim
1503 5511 1764 5581 benignus
1781 5519 1972 5579 etpro—

404 5598 812 5666 pitius-esterga
848 5601 1086 5669 ingratos
1104 5611 1158 5654 et
1192 5601 1380 5655 malos.
1402 5603 1471 5654 At
1495 5617 1614 5656 cum
1651 5603 1746 5656 abs
1781 5603 1969 5670 teipso

402 5699 721 5752 potestatem
748 5689 1218 5760 hancsunq‘iset‘is,
1240 5691 1502 5760 siquidem
1521 5695 1570 5749 ei
1597 5693 1838 5748 nonnihil
1871 5693 1966 5747 ad-

404 5778 662 5832 miscere:
686 5778 1038 5835 humanitatis
1063 5794 1223 5850 atque
1243 5783 1561 5850 clementiae,
1583 5793 1761 5840 tamen
1782 5797 1878 5839 nec
1907 5783 1980 5838 ita

2000 4463 2042 4517 D

2073 3202 2184 3254 Kal.
2228 3202 2288 3254 τὸ
2337 3204 2547 3258 ἐκείνου
2599 3206 2767 3275 μέρος
2801 3205 3048 3270 ἅπαντας
3081 3209 3276 3272 σώζει,
3307 3207 3394 3260 διὰ
3425 3207 3615 3258 πάντων

2071 3293 2267 3356 αὐτοὺς
2312 3278 2641 3363 ἐναγωνὲπὶ
2669 3297 2730 3349 τὸ
2764 3298 3098 3367 μετανοῆσαι
3145 3317 3208 3353 τε
3254 3301 3347 3352 καὶ
3378 3296 3614 3364 σωθῆναι,

2071 3386 2200 3440 ἄνευ
2235 3389 2421 3456 μέντοι
2471 3387 2563 3440 τοῦ
2615 3389 2925 3458 βιάζεσθαι,
2961 3393 2988 3444 ὃ
3023 3409 3117 3460 μοι
3159 3395 3256 3448 καὶ
3281 3392 3532 3463 πρότερον
3553 3387 3619 3438 εί-

2076 3493 2255 3545 ρηται.
2302 3477 2386 3540 Ὠς
2423 3477 2519 3530 νῦν
2565 3496 2629 3546 γε
2675 3475 2836 3551 ἧκεν,
2884 3482 2979 3552 οὐχ
3029 3483 3117 3535 ῖνα
3169 3487 3358 3555 κρίνῃ,
3395 3479 3503 3535 ἀλλ’
3543 3478 3618 3529 ίνα

2073 3569 2223 3640 σώσῃ
2259 3570 2347 3622 τὸν
2381 3571 2603 3641 κόσμον.
2643 3575 2701 3628 Ei
2735 3576 2793 3629 δὲ
2825 3579 3030 3640 ἐκεῖνος
3065 3579 3260 3632 οὐκέτι
3292 3574 3619 3648 κρίνει,ἁ>.λᾶ

2069 3659 2158 3710 τὸν
2210 3663 2400 3729 καιρὸν
2447 3665 2732 3732 ἀναμένει,
2791 3669 2969 3723 πάντα
3010 3673 3080 3723 τὰ
3129 3674 3379 3742 ἡμέτερα
3437 3668 3619 3740 μᾶλλον

2071 3751 2225 3818 ἡμῶν
2257 3753 2620 3824 ἐπιστάμενος
2642 3772 2654 3786 ·
2686 3758 2749 3810 σὺ
2778 3759 2871 3810 καὶ
2900 3759 2990 3812 τὸν
3017 3763 3215 3830 καιρὸν
3247 3761 3620 3833 προαρπάζωνν

2071 3842 2161 3892 καὶ
2221 3843 2313 3894 τοῦ
2357 3845 2542 3914 κριτοῦ
2607 3850 3066 3918 σφετεριζόμενος
3127 3854 3338 3923 σχῆμα,
3391 3852 3520 3922 μήτε
3564 3848 3620 3899 τὰ

2072 3932 2268 3982 σαυτοῦ
2315 3933 2496 3996 καλῶς
2534 3936 2917 4004 ἐπιγινώσκων
2952 3944 3121 4002 κακὰ,
3157 3945 3301 4011 μήτε
3351 3940 3620 4000 τάκείνων,

2069 4022 2160 4084 οὓς
2200 4027 2576 4093 κατακρίνεις,
2618 4028 2736 4090 πῶς
2787 4031 2887 4084 οὐκ
2939 4031 3099 4100 ἔργον
3149 4033 3407 4102 θεομισὲς
3437 4033 3622 4098 ἐκπληο

2072 4117 2221 4186 ροῖς;
2259 4118 2415 4181 Τίνος
2467 4119 2522 4170 δὲ
2574 4122 2670 4172 καὶ
2705 4123 2858 4190 θήσει
2910 4124 2967 4176 σέ
3009 4141 3092 4182 τις
3134 4127 3398 4196 μερίδος;
3435 4125 3492 4178 οὐ
3523 4121 3618 4176 τῶν

2070 4209 2414 4262 παντάπασιν
2441 4211 2720 4280 ἀνοήτωνς
2773 4215 2835 4266 Εἰ
2883 4215 2989 4286 γὰρ
3048 4218 3145 4270 καὶ
3192 4220 3346 4288 παρὰ
3393 4216 3522 4271 Θεοῦ
3571 4215 3622 4266 τδ

2069 4302 2282 4370 κρίνειν
2329 4303 2592 4373 εἰληφὼς,
2623 4307 2788 4366 αὐτὸς
2823 4308 2989 4376 ὁμόσε
3031 4309 3268 4379 ὲχώρεις
3300 4313 3417 4371 τοῖς
3461 4324 3626 4378 κρινο-

2075 4393 2283 4461 μένοις,
2324 4395 2435 4447 οὑδ’
2474 4397 2617 4450 οὕτω
2665 4399 2884 4461 πάντως
2929 4401 3208 4468 ἔπραττες
3239 4403 3328 4467 ἂν,
3363 4401 3431 4454 δι’
3471 4395 3539 4453 ὧν
3567 4398 3626 4450 ἂν

2072 4481 2216 4556 εἶχες
2271 4474 2654 4558 θαυμάζεσθαι
2705 4494 2859 4561 παρὰ
2912 4492 3006 4543 τοῦ
3063 4493 3249 4556 δόντος
3300 4495 3362 4544 τὸ
3411 4493 3624 4562 κρίνειν,

2071 4581 2276 4643 ἐκεῖνος
2339 4583 2451 4650 γὰρ
2499 4583 2734 4652 χρηστός
2791 4587 2942 4636 ἐστιν
2987 4585 3079 4637 ἐπὶ
3131 4586 3262 4649 τοὺς
3314 4584 3626 4654 ἀχαρίστους

2072 4675 2166 4726 καὶ
2227 4675 2522 4746 πονηρούς.
2571 4677 2725 4728 Ἐπεὶ
2775 4676 2831 4728 δὲ
2889 4679 2984 4730 καὶ
3033 4679 3186 4748 παρὰ
3240 4679 3442 4730 σαυτοῦ
3489 4673 3628 4727 τοῦτο

2073 4767 2322 4834 εἴληφας,
2355 4767 2404 4818 εί
2445 4766 2546 4834 μὲν
2591 4768 2816 4836 ἐκίρνας
2855 4767 3034 4836 τούτῳ
3088 4769 3524 4839 φιλανθρωπίαν,
3569 4758 3660 4832 iri,

2077 4860 2174 4928 μὲν
2204 4859 2314 4911 οὐδ’
2341 4859 2514 4920 οὕτως
2551 4861 2718 4925 ὅσιον,
2747 4861 2856 4913 οὐδ’
2885 4861 3091 4929 ἀγαθόν
3134 4879 3217 4914 σοι
3253 4865 3316 4914 τὸ
3343 4861 3589 4930 τόλμημα
3614 4871 3624 4882 ·

2073 4953 2271 5018 πόθεν’;
2311 4952 2506 5005 πολλοῦ
2547 4970 2609 5021 γε
2641 4957 2736 5006 καὶ
2767 4954 2847 5006 δεῖ
2876 4970 2888 4983 ⁸
2918 4956 2978 5007 οὐ
3011 4955 3117 5026 γὰρ
3141 4957 3224 5008 δεῖ
3259 4954 3538 5021 ληῖζεσθαι
3569 4949 3627 5000 τὰ

2070 5046 2163 5099 τοῦ
2215 5045 2350 5098 Θεοῦ
2401 5047 2527 5109 τοὺς
2571 5046 2896 5114 ἀνθρώπους
2945 5048 3034 5100 ἐπ’
3082 5049 3315 5119 οὐδεμιᾷ
3368 5043 3629 5116 προφάσει

2073 5139 2482 5208 φιλανθρωπίας
2510 5154 2524 5168 ·
2570 5135 2718 5208 εἶχες
2761 5140 2804 5193 δ’
2833 5138 2926 5193 οὖν
2963 5157 3018 5193 τι
3065 5141 3459 5208 παραιτεῖσθαι
3506 5134 3631 5201 πρὸς

2071 5234 2162 5284 τὸν
2195 5233 2524 5301 οἰκτίρμονα
2588 5230 2681 5285 καὶ
2733 5231 3144 5302 φιλάνθρωπον.
3197 5233 3295 5286 ἅτε
3352 5231 3414 5299 δὴ
3472 5226 3630 5280 ποιῶν

2070 5328 2272 5390 ἐκεῖνα,
2303 5322 2382 5388 οἷς
2411 5324 2570 5387 αὐτὸς
2601 5324 2761 5376 εἴωθε
2790 5325 3024 5393 χαίρειν.
3045 5323 3180 5376 Νυνὶ
3210 5325 3268 5377 δὲ
3291 5325 3366 5392 μή
3400 5338 3455 5374 τε
3490 5319 3631 5385 παρὰ

2073 5417 2207 5470 Θεοῦ
2261 5419 2322 5469 τὸ
2375 5417 2584 5486 κρίνειν
2643 5415 2845 5480 λαϐὼν,
2892 5417 2988 5470 καὶ
3035 5417 3202 5484 ὁμόσε
3254 5413 3465 5482 χωρῶν,
3511 5405 3625 5462 κατ’

2073 5510 2238 5578 ἄμφω
2269 5507 2526 5560 τάναντία
2563 5508 2730 5578 φαίνῃ
2775 5506 2966 5560 ποιῶν.
3006 5503 3137 5559 Εἶτα
3180 5505 3242 5558 σὺ
3284 5507 3382 5572 μὲν
3413 5504 3507 5570 τῆς
3542 5500 3624 5551 οὐ·

2075 5604 2192 5662 σίας
2232 5600 2656 5670 διαρπαγείσης,
2690 5599 2722 5666 ἢ
2764 5598 2856 5650 καὶ
2905 5598 3194 5650 πολλοστοῦ
3250 5611 3395 5656 τινος
3438 5592 3627 5657 ταύτης

2078 5695 2300 5763 μέρους,
2332 5694 2474 5745 ἔστω
2505 5692 2561 5743 δὲ
2595 5693 2688 5743 καὶ
2729 5691 2833 5742 ὑπὸ
2869 5690 2978 5742 τῶν
3010 5690 3286 5760 φιλτάτων
3320 5686 3518 5746 αὐτῶν,
3539 5682 3632 5733 οὐκ

2091 5788 2156 5842 ἂν
2193 5787 2460 5855 ὲνέγκαις,
2505 5786 2619 5839 ἀλλ’
2664 5783 2894 5854 ἐϐόησας
2929 5784 3109 5848 εὐθὺς,
3148 5783 3258 5837 Τὸν
3293 5773 3635 5844 πατραλοίαν,
