3920 6200
231 343 323 410 an.
1632 333 1922 392 onmno
1958 335 2052 393 ιι.
3365 339 3471 403 5η

230 458 303 509 τὸν
333 454 540 517 ἄσωτον
565 466 578 479 ο
616 450 711 505 ἐπὶ
734 450 791 503 δὲ
822 449 930 502 τῶν
970 447 1064 502 τοῦ
1086 445 1222 501 Θεοῦ
1252 444 1373 499 οὐδὲ
1409 444 1539 511 γοῦν
1575 445 1640 496 τὰ
1683 446 1773 496 ἴσα
1802 492 1805 503 ,

1912 442 2092 496 icinus
2124 439 2341 509 aliquod
2362 442 2507 507 pium
2538 455 2629 497 aut
2658 443 2854 497 Ιιοιιιι.ιι
2900 444 3127 499 faceres.
3172 445 3290 511 Quo
3320 450 3467 501 enim

231 548 395 607 δίδως,
426 540 565 595 ἀλλὰ
595 540 779 603 κακῶς
816 538 1162 608 διακείμενος
1192 537 1287 590 καὶ
1326 538 1396 589 τὰ
1430 536 1563 605 πρὸς
1596 533 1781 598 αὑτὸν,

1912 537 2090 591 iacto?
2121 523 2346 591 multum
2380 538 2597 607 quidem
2630 541 2803 596 abest.
2830 538 2947 593 Non
2976 540 3118 593 enim
3163 542 3472 597 hominibus

233 635 395 689 καὶτὰ
418 632 556 704 πρὸς
576 632 675 686 ἀνθ
686 631 1058 701 ρώπους,τίνα
1081 629 1312 695 ἂνέλοιο
1323 628 1506 697 ψῆφον
1528 627 1676 695 παρὰ
1693 627 1786 679 τοῦ

1912 645 1950 684 :a
1973 646 2166 698 rapere
2201 631 2399 696 fascsl,
2418 647 2535 701 quae
2552 632 2642 685 Dei
2658 642 2804 694 sunt,
2820 632 2927 685 ullo
2942 641 3053 685 tum
3076 644 3338 701 pratextn
3358 635 3471 688 elc-

228 726 344 781 Θεοῦ
369 722 701 792 δέξασθαι,ῆ
723 723 817 775 καὶ
837 720 990 793 παρὰ
1011 720 1121 774 τῶν
1145 720 1451 790 ἀνθρώπων
1477 717 1656 770 αὐτῶν
1678 733 1694 781 ;
1713 715 1788 770 Οὐ

1912 723 2125 777 nentitn.
2161 723 2534 779 Nihilominus
2602 726 2801 792 ali-inid
2869 742 2996 795 erga
3050 727 3461 783 misericordem

227 823 309 887 τὴν
327 814 597 884 συμπαθῆ
620 832 636 876 ;
659 815 719 866 οὐ
745 813 844 882 τὴν
862 813 1073 882 ἥμερον
1099 830 1114 878 ;
1137 810 1200 864 οὐ
1219 810 1318 882 τὴν
1341 809 1554 864 πολλῶν
1579 810 1789 878 οἰκτιρ-

1912 816 2042 871 llum
2072 822 2125 871 et
2175 818 2500 872 clementem
2558 817 2719 872 Deum
2777 818 3149 873 excusationis
3213 821 3469 887 haberes,

231 909 333 980 μῶν
385 909 708 977 γέμουσαν;
763 903 925 957 ’Λλλὰ
975 906 1041 958 σὺ
1092 904 1194 975 μὲν
1256 904 1386 967 ἴσως
1423 903 1519 957 καὶ
1563 900 1795 955 σεαυτὸν

1912 908 2038 963 relut
2070 922 2131 961 ea
2164 906 2371 961 faciens
2436 906 2635 977 quibus
2664 908 2780 977 ipse
2834 908 3095 965 delectari
3162 914 3467 968 consuevit.

233 1002 469 1071 μισήσεις
495 1011 510 1027 '
545 997 697 1069 παρᾶ
726 997 787 1050 δὲ
807 996 905 1050 τοῦ
930 994 1323 1066 φιλανθρώπου
1346 994 1485 1048 Θεοῦ
1509 994 1611 1048 οὐκ
1633 993 1711 1046 ενι
1730 1008 1790 1044 σε

1912 1001 2048 1056 iunc
2065 1015 2185 1055 cum
2207 1015 2308 1055 nec
2332 1015 2362 1054 a
2389 999 2497 1055 Deo
2524 1000 2790 1070 judicium
2819 1004 3118 1069 acceperis,
3142 1013 3200 1057 et
3223 1003 3361 1057 alios
3378 1019 3474 1071 op-

229 1091 611 1147 τοῦτοπαθείνο
646 1088 845 1143 οὔκουν
875 1088 997 1141 οὐδὲ
1027 1090 1178 1159 παρὰ
1206 1087 1314 1140 τῶν
1362 1085 1791 1154 ἐπιεικεστέρων

230 1183 534 1256 ἀνθρώπων.
559 1183 742 1237 Δεινδν
764 1183 871 1252 γὰρ
892 1180 1288 1244 δντωςμδεινδν,
1307 1182 1357 1232 εἰ
1378 1180 1414 1233 ἆ
1436 1196 1521 1233 σοι
1542 1178 1639 1232 νῦν
1658 1195 1794 1248 προ-

229 1279 474 1346 φέρουσιν
511 1274 715 1344 ἕτεροι,
742 1272 996 1342 πανταχῆ
1025 1274 1087 1325 τὸ
1125 1272 1399 1341 αὐστηρὸν
1440 1271 1790 1338 ἐπαινοῦντι,

228 1369 347 1422 αύτά
380 1384 447 1436 γε
479 1367 659 1420 ταῦτα
678 1366 907 1419 πάθοιεν
938 1366 1137 1419 ἐκεῖνοι
1163 1405 1178 1431 ,
1212 1365 1305 1417 ἐπὶ
1336 1363 1395 1417 τὸ
1424 1364 1508 1417 σοὶ
1547 1363 1793 1427 δικάζειν

228 1463 479 1525 ίλθόντες.
499 1463 558 1515 Ὀ
578 1460 757 1513 τοίνυν
777 1461 835 1512 ὲν
864 1457 1180 1531 ἀνθρώποις
1211 1458 1355 1529 δρῶν
1379 1456 1793 1526 φιλανθρωπίας

233 1552 355 1621 ἴχνος
418 1550 518 1606 καὶ
553 1549 614 1603 τὸ
652 1549 993 1621 βραχύτατον
1038 1550 1099 1602 οὐ
1162 1550 1232 1603 τὰ
1284 1549 1474 1602 εἰκότα
1530 1549 1796 1619 φρονήσει

229 1644 340 1711 περὶ
364 1641 469 1711 τῆς
503 1641 936 1712 ἀνεξερευνήτου
967 1643 1407 1711 μεγαλειότητος,
1431 1642 1480 1694 εί
1515 1642 1591 1712 μὴ
1614 1659 1794 1712 παρα-

230 1734 354 1805 πλήξ
382 1751 472 1797 τις
500 1735 609 1803 εἴη,
629 1737 727 1791 καὶ
755 1736 868 1789 τῶν
922 1733 1022 1795 τάξ
1069 1720 1281 1804 φρένας¹
1330 1734 1797 1803 ἀπο)ωλεκότων;

1891 1086 2100 1165 pugnes
2130 1102 2489 1161 utrorumque
2546 1094 2781 1158 ratione,
2834 1097 3115 1150 contraria
3176 1105 3228 1150 te
3291 1097 3475 1152 facere

1894 1185 2159 1239 declaras.
2199 1182 2403 1237 Deinde
2433 1192 2487 1236 tu
2524 1183 2773 1251 quidem,
2834 1183 3064 1250 direptis
3121 1182 3474 1238 facultatibus

1894 1276 2027 1338 tuis,
2064 1287 2156 1329 aut
2198 1290 2386 1329 earum
2415 1275 2611 1342 exigua
2676 1285 2852 1343 parte,
2895 1286 3061 1343 atque
3104 1278 3242 1330 adeo
3266 1275 3350 1330 vel
3406 1275 3475 1329 ab

1895 1367 2253 1429 amicissimis
2274 1367 2371 1420 tibi
2401 1380 2745 1434 nequaquam
2776 1366 2829 1418 id
2892 1367 3102 1431 tuleris,
3134 1367 3231 1421 sed
3285 1367 3476 1422 confc-

1894 1460 2019 1515 stim
2052 1459 2385 1529 parricidam
2414 1468 2468 1513 et
2491 1458 2762 1527 perditum
2799 1459 3073 1513 hominem
3115 1460 3323 1515 clamas
3353 1479 3366 1513 :
3419 1468 3475 1515 at

1923 1553 2070 1619 niis,
2100 1553 2169 1607 ad
2207 1550 2379 1605 Deum
2430 1567 2550 1621 qtue
2598 1551 2895 1619 pertinent,
2929 1566 2994 1604 ne
3038 1553 3187 1619 paria
3249 1553 3472 1620 quidem

1898 1645 2174 1710 concedis,
2210 1645 2305 1699 sed
2335 1646 2476 1698 male
2513 1656 2618 1695 tam
2649 1658 2780 1713 erga
2815 1643 2990 1712 ipsum
3022 1660 3187 1712 quam
3225 1646 3475 1697 hormines

1900 1744 2063 1791 temet
2099 1752 2317 1806 gerens,
2352 1750 2643 1805 quamnatn
2670 1736 2919 1796 obsecro,
2949 1736 3091 1787 ferre.
3147 1736 3474 1789 sententiam

228 1841 254 1881 a
283 1828 385 1882 Deo
414 1828 500 1883 vel
533 1828 669 1899 ipsis
724 1828 1036 1884 hominibus
1083 1829 1261 1883 velis?
1300 1828 1417 1882 Non
1449 1829 1769 1892 humanam,
1804 1843 1910 1884 non
1944 1830 2154 1893 mitem,
2196 1845 2303 1883 non
2365 1828 2754 1882 misericordiae
2784 1829 3034 1897 plenam?
3065 1829 3218 1880 Enim
3257 1845 3382 1881 νιειό
3415 1839 3468 1881 ιιι

230 1920 435 1990 quidem
464 1919 716 1976 fortassis
745 1921 846 1990 ipsi
878 1921 972 1975 tibi
1008 1921 1117 1975 eris
1139 1920 1284 1988 odio,
1314 1936 1501 1977 verum
1533 1936 1562 1975 α
1593 1920 1831 1989 benigno
1859 1930 1914 1974 et
1942 1918 2191 1974 clementi
2226 1918 2337 1972 Deo
2384 1916 2571 1986 nequit
2601 1916 2703 1970 hoc
2752 1917 2848 1970 tibi
2906 1918 3247 1984 contingere,
3308 1926 3470 1985 aiqnn

228 2012 347 2065 adeo
380 2025 488 2066 nec
519 2011 588 2065 ab
614 2010 927 2066 hominibus
961 2010 1600 2080 paulomodestioribus.
1632 2009 1918 2064 Nefarium
1951 2023 2206 2079 namque,
2244 2006 2512 2063 nefarium
2546 2021 2735 2075 reapse
2764 2006 2925 2071 foret,
2947 2009 2989 2062 si
3028 2022 3150 2075 qua:
3200 2007 3300 2059 tibi
3330 2021 3474 2061 num

227 2103 482 2172 objiciunt
528 2103 645 2166 alii,
692 2105 1047 2159 severitatem
1125 2104 1178 2159 in
1211 2105 1464 2160 omnitus
1493 2092 1756 2167 laud'anti,
1785 2118 1849 2158 ea
1881 2103 2122 2158 vicissim
2146 2112 2200 2156 et
2244 2100 2379 2168 ipsis
2414 2099 2738 2155 acciderent
2794 2110 2972 2155 tecum
3029 2100 3475 2166 disceptanlilnts.

227 2193 316 2260 Qui
342 2209 475 2261 ergo
503 2193 583 2267 vel
616 2194 1036 2249 minutissinnun
1089 2194 1396 2250 clementia:
1422 2193 1716 2263 vestigium
1747 2193 1802 2247 in
1836 2193 2152 2248 hominibus
2201 2192 2497 2263 perspicit,
2547 2208 2614 2245 an
2676 2208 2784 2246 non
2842 2204 3204 2248 consentanea
3263 2193 3478 2246 ratione

225 2291 284 2347 de
332 2291 428 2343 illa
490 2290 830 2347 inscrutabili
888 2289 1175 2359 majestate
1218 2290 1437 2354 sentiet,
1472 2290 1574 2344 nisi
1602 2303 1836 2345 vesanus
1867 2289 1959 2353 sit,
1983 2298 2037 2343 et
2065 2302 2251 2343 eorum
2283 2301 2312 2341 e
2346 2303 2571 2343 numero
2597 2289 2688 2359 qui
2742 2298 2976 2343 mentem
3015 2289 3353 2343 amiserunt?

297 2383 445 2441 Ἀλλ’
477 2385 664 2454 ἡμεῖς,
692 2377 736 2436 ὦ
766 2382 1012 2452 φίλτατε,
1045 2383 1178 2436 πᾶσι
1226 2386 1339 2447 τοῖς
1368 2383 1629 2447 τοιούτοις
1662 2381 1790 2453 χαί·
1831 2390 1871 2443 Β

226 2494 332 2547 ρειν
364 2476 643 2539 εἰπόντες,
674 2475 765 2529 τὸν
791 2475 1155 2547 προκείμενον
1182 2477 1314 2546 ἡμῖν
1358 2473 1792 2544 ὲξεργαζὼμεθα

224 2569 392 2638 λόγον.
432 2568 623 2632 Οὐδεὶς
652 2568 959 2639 ἀπόϐλητος
1006 2567 1086 2637 τῷ
1117 2565 1438 2638 δημιουργῷ
1462 2583 1478 2599 ο
1523 2567 1703 2630 οὐδεὶς
1734 2568 1796 2619 ἐν

222 2661 352 2734 λήθῃ
377 2662 484 2715 τοῦ
519 2660 875 2731 προνοοῦντος
907 2664 1128 2717 πάντων
1152 2662 1282 2734 ἑξῆς
1303 2678 1316 2694 ⁸
1347 2663 1525 2725 οὐδεὶς
1555 2662 1613 2714 ὲν
1643 2664 1793 2730 μίσει

224 2754 310 2806 τοῦ
359 2753 638 2817 ἀπαθοῦς,
668 2754 770 2806 οὐκ
824 2754 881 2805 ἐν
928 2752 1162 2823 ἀμελείᾳ
1204 2753 1335 2818 τινὶ,
1366 2755 1466 2806 οὐκ
1523 2754 1581 2805 ὲν
1618 2753 1796 2805 οὐδενὶ

222 2844 322 2898 τῶν
349 2844 644 2899 τοιούτων.
679 2846 791 2908 Πᾶς
822 2848 880 2899 ὲν
911 2844 1154 2917 φροντίδι
1187 2845 1286 2898 τοῦ
1309 2844 1612 2915 κηδεμόνος
1631 2860 1644 2875 ·
1683 2844 1795 2905 πᾶς

223 2934 276 2984 ἐν
302 2938 497 3007 ἀγάπῃ
524 2936 621 2990 τοῦ
649 2936 792 2990 τοῦτ’
817 2938 951 2990 αὐτὸ
977 2936 1319 3006 καλουμένου
1343 2953 1359 2969 ο
1392 2935 1798 3006 εὐπρόσδεκτος

223 3028 322 3089 πᾶς
344 3027 632 3090 ὁστισοῦν,
670 3027 1072 3098 μεταμεληθείς
1109 3044 1241 3081 ποτε
1278 3026 1386 3079 τῶν
1411 3025 1620 3080 κακῶν.
1649 3026 1710 3078 Et
1741 3025 1797 3079 δὲ

223 3120 311 3171 καὶ
336 3120 476 3182 τοὺς
524 3118 734 3184 πάντας
764 3122 1084 3189 παρήνεγκέ
1114 3137 1198 3183 τις
1229 3120 1322 3173 ἐπὶ
1354 3120 1569 3180 κακοῖς.
1598 3118 1694 3171 τὸν
1728 3117 1796 3189 δὴ

220 3212 468 3265 τοιοῦτον
520 3213 747 3276 εἰκότως
803 3213 1086 3284 χρησίμην
1122 3212 1259 3285 ὓλην
1300 3214 1446 3266 sinat
1493 3230 1579 3274 τις
1606 3210 1673 3264 ἂν
1699 3226 1799 3278 γε·

222 3304 496 3374 γενῆσθᾳι
522 3308 592 3377 τῇ
620 3296 718 3358 τοῦ
747 3306 884 3359 Θεοῦ
922 3305 1254 3376 χρηστότητι
1293 3306 1386 3359 καὶ
1417 3303 1801 3374 φιλανθρωπίᾳ.

220 3396 352 3464 πρὸς
408 3397 617 3466 ἑαυτῆς
674 3396 956 3463 ἐπίδειξιν.
1003 3397 1160 3451 Οὕτω
1205 3398 1300 3450 καὶ
1345 3396 1535 3459 παῖδες
1575 3395 1797 3465 ἰατρῶν,

223 3489 313 3539 καὶ
360 3488 574 3547 πάντες
603 3485 685 3548 οἷς
717 3489 1016 3560 ἐπιστήμη,
1042 3489 1273 3556 δυνάμει
1313 3489 1412 3558 μὲν
1457 3487 1652 3556 ἀγαθοί
1682 3507 1697 3520 ’
1733 3488 1802 3558 ἣν

219 3579 275 3632 δὲ
306 3579 405 3632 καὶ
441 3579 478 3649 ἡ
504 3576 603 3648 ὕλη
647 3582 824 3649 παρῇ,
854 3580 976 3633 τότε
1030 3580 1218 3631 λοιπὸν
1271 3580 1365 3637 καὶ
1418 3578 1671 3649 ἐνεργείᾳ
1701 3576 1804 3647 τὴν

224 3672 548 3741 ἐπιστήμην
601 3671 946 3735 δεικνύντες,
993 3670 1140 3725 τοῦθ’
1189 3670 1327 3740 ὅπερ
1372 3671 1534 3734 είσὶν,
1603 3670 1802 3738 ἁγαθοὶ.

1989 2381 2246 2438 Sedenim
2281 2398 2402 2446 nos,
2435 2397 2467 2449 ο
2503 2382 2849 2445 charissime.
2884 2384 3137 2437 omnibus
3171 2381 3476 2449 hujusmndi

1903 2475 2291 2546 valerejussis,
2327 2473 2628 2531 orationem
2656 2476 2956 2530 institutam
2983 2476 3348 2545 perﬁciamus.
3375 2476 3480 2530 Ne-

1904 2569 2102 2623 minem
2137 2582 2315 2622 rcrnm
2342 2567 2520 2637 opifex
2558 2568 2647 2622 ille
2683 2568 2874 2638 rejicit,
2911 2568 3147 2623 neminis
3194 2569 3474 2623 oblivisci-

1906 2669 1993 2714 tur
2027 2660 2119 2728 qni
2152 2661 2406 2715 omnibus
2442 2659 2703 2727 prospicit
2732 2676 2746 2723 ;
2775 2675 2933 2714 nemo
2975 2675 3177 2714 exosus
3201 2671 3282 2714 est
3309 2662 3475 2715 animi

1903 2752 2377 2821 perturbationum
2414 2752 2651 2820 experti,
2686 2766 2787 2805 nec
2818 2754 2884 2805 ab
2915 2767 2980 2806 eo
3027 2754 3340 2822 negligitur,
3374 2770 3476 2809 nec
3569 2767 3584 2779 ‘

1904 2843 2049 2896 aliud
2083 2842 2209 2911 quid
2246 2841 2508 2911 ejusmodi
2534 2843 2846 2912 experitur:
2882 2859 3043 2898 nemo
3068 2861 3173 2898 non
3199 2846 3317 2912 ejus
3347 2860 3477 2898 cura

1906 2937 2235 3003 continetur,
2269 2937 2358 3005 qui
2388 2952 2572 2991 curam
2626 2937 2873 2991 omnium
2933 2938 3096 3007 gerit,
3156 2954 3314 2993 nemo
3372 2956 3476 2994 non

1906 3031 2026 3101 ejus
2055 3028 2344 3084 dilectione
2375 3028 2710 3092 continetur,
2741 3029 2829 3096 qui
2882 3031 2983 3085 hoc
3038 3030 3212 3097 ipsum
3277 3047 3474 3085 nomen

1899 3122 2092 3176 habet.
2136 3119 2503 3189 Acceptahilis
2556 3118 2633 3174 illi
2685 3120 2887 3189 quivis,
2921 3136 2948 3174 ο
2980 3121 3126 3176 vitiis
3181 3122 3480 3188 aliquando

1906 3214 1998 3284 qui
2030 3212 2343 3282 resipnerit.
2371 3210 2524 3277 Quod
2555 3210 2601 3266 si
2634 3212 2758 3280 quis
2791 3225 2984 3266 omnes
3013 3212 3176 3266 etiam
3210 3214 3357 3268 vitiis
3388 3230 3481 3269 su-

1906 3306 2134 3378 perarit,
2161 3319 2282 3360 eum
2311 3318 2416 3357 non
2441 3305 2508 3357 ab
2541 3317 2599 3356 re
2621 3301 2821 3357 factum
2856 3304 2978 3373 quis
3007 3304 3208 3359 dixerit
3232 3305 3480 3363 idoneam

1910 3397 2191 3453 materiam
2228 3395 2452 3450 bonitati
2489 3395 2903 3464 clementircqne
2938 3382 3249 3456 divinaeth
3286 3401 3338 3453 in
3412 3416 3479 3455 eo

1909 3503 2029 3545 sese
2065 3487 2323 3543 declaret.
2360 3486 2462 3560 Sicf
2484 3487 2650 3541 etiam
2689 3489 2909 3554 medici,
2937 3497 2991 3543 et
3024 3506 3216 3545 omnes
3249 3492 3479 3547 scientia

1910 3579 2141 3650 prmditi,
2174 3578 2299 3632 boni
2334 3578 2551 3648 quidem
2577 3594 2696 3633 esse
2715 3592 2966 3649 possunt,
2995 3596 3182 3636 verum
3214 3581 3259 3635 si
3292 3593 3345 3637 et
3372 3600 3486 3636 ma-

1913 3672 2078 3727 teries
2104 3671 2267 3736 adsit,
2301 3679 2423 3725 actu
2447 3684 2664 3739 quoque
2691 3672 2978 3726 scientiam
3037 3675 3355 3739 probantes,
3431 3675 3481 3727 id

223 3760 358 3813 πᾶσι
384 3738 680 3829 φαίνονται
704 3774 721 3791 ·
753 3760 849 3813 καὶ
872 3760 906 3829 ή
936 3758 1214 3829 ὑπερϐολὴ
1246 3738 1338 3811 τοῦ
1372 3758 1802 3829 θαύματος-παρ’

1912 3761 2052 3832 quod
2083 3770 2228 3826 sunt,
2269 3762 2524 3815 omnibus
2555 3738 2680 3816 esse
2716 3763 2839 3816 boni
2864 3764 3138 3818 videntur.
3172 3764 3235 3818 Et
3297 3738 3484 3820 admi-

221 3852 434 3919 αὐτοῖς,
475 3852 527 3905 οἶ
556 3850 899 3921 διορθοῦνται
927 3852 986 3904 τὸ
1013 3850 1419 3921 χαλεπώτερον.
1451 3849 1611 3904 Τοῦτ’
1646 3848 1737 3920 ἄρ’
1773 3851 1806 3919 ἡ

223 3942 443 4010 μείζων
470 3942 733 4006 ἐπίδειξις
764 3942 866 4011 τῆς
893 3943 1216 3997 ἁνεικάστου
1264 3943 1712 4012 φιλανθρωπίας,
1744 3941 1810 3994 τὸ

218 4034 315 4087 τὸν
360 4033 565 4098 σκεῦος
609 4033 1027 4105 χρηματίσαντα
1075 4036 1174 4104 τῆς
1218 4033 1313 4087 τοῦ
1370 4034 1507 4088 Θεοῦ
1558 4036 1804 4105 χάριτος,

220 4123 346 4180 εἶτα
399 4128 600 4190 σκεῦος
645 4129 911 4196 γεγονότα
958 4129 1057 4199 τῆς
1105 4128 1391 4197 ἐνεργείας
1421 4125 1518 4180 τοῦ
1564 4125 1809 4197 πονηροῦ

216 4218 310 4272 διὰ
354 4220 635 4289 κακίστην
675 4220 1018 4289 προαίρεσιν,
1046 4221 1220 4287 ἄγγος
1275 4217 1811 4288 πλῆρες-ἀναδεῖξαι

217 4310 322 4376 τῆς
350 4309 777 4380 φιλανθρωπίας
803 4310 1043 4381 ἐκείνης,
1068 4305 1136 4373 ἧς
1168 4312 1202 4379 ή
1237 4308 1372 4379 πρὸς
1398 4307 1612 4372 πάντας
1642 4307 1810 4377 ἔκχυ-

220 4417 333 4465 σις,
362 4402 474 4471 τὴν
527 4400 778 4467 ὠκεανοῦ
813 4401 1179 4470 παρατρέχει,
1232 4402 1359 4455 ὅσον
1407 4403 1505 4471 οὐχ
1552 4400 1647 4472 ἣδε
1698 4417 1814 4469 χει-

222 4492 507 4563 μάρρους.
534 4489 844 4563 τολμήσειε
890 4491 933 4543 δ’
971 4491 1039 4544 ἄν
1079 4509 1183 4555 τις,
1202 4485 1385 4560 uiuat,
1412 4491 1603 4543 τοῦτον
1637 4490 1814 4544 εἰπεῖν

215 4588 313 4637 καὶ
342 4585 590 4656 ἐκλογῆς
622 4580 763 4638 εἶναι
791 4583 1008 4649 σκεῦος,
1042 4584 1225 4649 καλῶς
1251 4601 1313 4652 γε
1344 4582 1674 4637 διαστέλλων
1705 4582 1815 4638 ἀπὸ

217 4677 318 4731 τοῦ
370 4678 622 4731 Παύλου.
666 4675 908 4738 Ἐκεῖνος
960 4677 1059 4745 μὲν
1108 4676 1218 4745 γὰρ
1276 4675 1435 4728 τοῦτο
1481 4673 1710 4745 ἐκλήθη,
1746 4673 1816 4728 δι’

215 4769 284 4839 ἣν
322 4770 556 4833 ἐδέξατο
581 4768 743 4838 χάριν
769 4758 916 4833 ’ὑπὲρ
951 4766 1048 4819 τοῦ
1092 4770 1191 4838 τῆς
1236 4766 1475 4829 πίστεως
1518 4767 1817 4838 κηρύγμα-

216 4878 310 4922 τος
340 4877 358 4891 ·
425 4860 542 4913 Τοῦ
596 4860 706 4929 γὰρ
752 4858 1089 4923 βαστάσαι,
1127 4860 1282 4929 φησὶ,
1318 4859 1386 4913 τὸ
1448 4858 1637 4929 ὄνομά
1690 4876 1813 4927 μου

214 4950 491 5004 Maior
534 4949 747 5016 ἐθνῶν,
779 4951 879 5004 καὶ
898 4951 1236 5016 βασιλέων,
1263 4950 1409 5005 υἱῶν
1440 4967 1508 5004 τε
1551 4944 1816 5019 Ἰαμιήὼ

1916 3856 2179 3909 rationem
2215 3854 2289 3908 illi
2324 3853 2479 3922 longe
2511 3854 2809 3908 maximam
2843 3864 3147 3921 merentur,
3214 3858 3304 3926 qui
3342 3857 3485 3912 dim-

1912 3947 2073 4001 cilius
2107 3944 2311 4015 aliquid
2345 3944 2560 4015 egregie
2586 3944 2896 4013 perﬁciunt.
2960 3948 3135 4016 Atque
3182 3948 3297 4003 hzec
3352 3965 3486 4005 sane

1915 4036 2150 4090 maxima
2201 4034 2497 4089 declaratio
2555 4036 2954 4092 inwstimabilis
3009 4049 3095 4093 est
3144 4048 3200 4093 et
3258 4041 3487 4096 inlinitte

1913 4125 2059 4181 illius
2083 4124 2406 4189 clementia,
2440 4125 2582 4196 quod
2607 4140 2754 4193 eum,
2782 4129 2875 4196 qui
2913 4128 3111 4185 divinae
3141 4131 3481 4187 instrumen-

1916 4226 2027 4271 tum
2057 4230 2179 4272 esse
2214 4215 2444 4271 debebat
2472 4218 2681 4284 gratiae.
2723 4227 3020 4289 posteaque
3057 4222 3488 4280 instrumentum

1914 4311 2252 4367 eilicacitatis
2283 4311 2507 4382 maligni
2548 4311 2693 4366 illius
2728 4313 2980 4370 instituto
3004 4319 3245 4385 pessimo
3311 4318 3490 4376 factus

1915 4387 2019 4471 est,
2043 4420 2141 4461 vas
2168 4404 2381 4476 plenum
2407 4406 2525 4476 ejus
2560 4406 2863 4461 clementia:
2903 4409 3164 4475 declarat,
3226 4413 3384 4482 cujus
3436 4416 3493 4468 in

1917 4510 2106 4550 omnes
2146 4492 2338 4550 eti'usio
2366 4495 2570 4562 majore
2601 4496 2769 4553 vincit
2804 4499 2962 4568 copia
3034 4502 3234 4557 ﬂttxnm
3290 4508 3484 4561 Oceani

1918 4599 2080 4654 quam
2120 4584 2281 4652 hujus
2320 4585 2480 4640 unda:
2511 4594 2784 4642 torrentes
2831 4601 3114 4658 superant.
3176 4593 3241 4647 Et
3269 4596 3492 4664 quidem

1920 4675 2230 4746 hujusmodi
2253 4676 2525 4730 hominem
2555 4686 2702 4733 recte
2722 4679 2868 4748 quis,
2893 4682 3107 4750 opinor,
3139 4685 3285 4739 ausit
3313 4689 3497 4742 dicere

1921 4782 2016 4821 vas
2044 4767 2208 4821 etiam
2251 4767 2538 4838 electionis
2567 4785 2714 4834 esse,
2772 4773 2820 4828 si
2878 4789 3002 4830 eum
3038 4792 3069 4831 a
3119 4774 3292 4835 Paulo
3346 4792 3499 4838 recte

1919 4858 2248 4929 distinguat.
2282 4857 2483 4915 Paulus
2507 4861 2650 4916 enim
2703 4863 2805 4919 hoc
2869 4869 3090 4925 nomine
3134 4882 3359 4926 vocatus
3411 4886 3491 4929 est

1909 4953 1992 5007 ‘ob
2024 4966 2141 5005 eam
2175 4952 2403 5019 gratiam
2426 4968 2586 5022 quam
2616 4957 2975 5023 praedicanda;
3002 4977 3160 5017 causa
3194 4966 3314 5019 tidei
3335 4982 3497 5023 acce-

217 5033 387 5104 οῦτος
420 5040 485 5094 δὲ
516 5040 616 5112 τὴν
661 5041 858 5109 κλῆσιν
903 5039 1110 5112 ταύτην
1139 5040 1344 5109 δίκαιος
1381 5040 1450 5095 ἂν
1491 5039 1582 5111 εἴη
1614 5038 1805 5109 κληθῆ-

1923 5051 2096 5112 perat.
2129 5041 2194 5097 Ut
2228 5052 2420 5112 gestes,
2464 5045 2642 5114 inquit
2688 5047 2849 5113 Deus,
2897 5068 3082 5107 nomen
3112 5069 3282 5107 meum
3314 5073 3494 5111 torum

216 5151 337 5197 ναι,
370 5132 465 5205 ὡς
519 5132 748 5204 μηδενὸς
793 5134 947 5196 ὄντος
993 5133 1181 5203 ἑτέρου
1233 5132 1674 5201 ἑπιτηδειοτὲρου
1725 5130 1816 5184 τὸν

218 5223 381 5277 ἔλεον
414 5223 678 5290 δέξασθαι
707 5224 800 5278 τοῦ
825 5224 983 5279 Θεοῦ.
1010 5225 1220 5279 Πολλὰ
1244 5223 1362 5294 μὲν
1387 5223 1496 5295 γὰρ
1520 5224 1590 5277 τὰ
1621 5224 1816 5291 σκεύη

215 5315 291 5368 ἐν
334 5313 423 5383 τῇ
460 5313 695 5383 μεγάλη
734 5316 916 5383 οἰκίᾳ,
956 5315 1089 5385 φησὶ
1117 5314 1176 5367 τὸ
1207 5313 1401 5377 σκεῦος
1431 5315 1529 5383 τῆς
1558 5313 1813 5384 ἐκλογῆς,

217 5408 296 5461 οὐ
346 5405 564 5460 πάντα
611 5406 680 5461 δὲ
733 5406 887 5473 πρὸς
937 5408 1052 5473 τὴν
1080 5404 1300 5472 αὐτὴν,
1350 5404 1490 5459 ἀλλ’
1532 5405 1707 5474 ἕτερά
1750 5423 1817 5476 γε

220 5500 389 5568 πρὸς
452 5499 651 5567 ἄλλως
704 5501 910 5569 χρείας
968 5501 1303 5570 ἡτοιμαστό
1356 5516 1422 5553 τε
1486 5500 1586 5553 καί
1638 5517 1815 5555 κατε-

219 5593 577 5646 σκεύαστο.
609 5593 719 5645 Καὶ
757 5595 894 5662 πρὸς
937 5592 1036 5664 μὲν
1068 5590 1241 5663 μύρου
1289 5590 1454 5664 δοχὴν
1497 5591 1818 5663 ἀλάϐαστρά

214 5699 281 5739 τε
310 5683 421 5737 καὶ
453 5684 527 5736 τὰ
568 5684 814 5748 τοιαῦτα,
846 5685 938 5738 καὶ
968 5686 1030 5738 ἐκ
1077 5686 1307 5743 τουτωνὶ
1353 5684 1462 5738 τῶν
1507 5686 1817 5755 περιμαχήο

300 5801 323 5833 ⁸
352 5799 407 5854 ιι
440 5780 683 5870 Tim)",
706 5801 797 5857 20.

1922 5137 2189 5206 gentibus,
2214 5146 2263 5189 et
2292 5137 2523 5205 regibus,
2553 5148 2601 5191 at
2628 5140 2756 5206 ﬁliis
2809 5139 3055 5197 Israelis.
3091 5143 3193 5198 Hic
3261 5162 3380 5201 vero
3403 5166 3498 5215 αρυ

1920 5227 2261 5295 pellationcm
2281 5228 2417 5281 hanc
2444 5231 2626 5283 merito
2646 5234 2985 5302 consequitur
3008 5274 3022 5299 ,
3045 5250 3161 5287 cum
3218 5253 3369 5290 nemo
3428 5242 3495 5292 sit

1926 5320 2065 5373 alius
2096 5320 2265 5387 magis
2301 5318 2516 5372 idoneus
2550 5321 2618 5372 ad
2646 5323 3008 5391 excipiendam
3064 5325 3160 5380 Dei
3190 5328 3498 5382 misericor-

1925 5413 2091 5465 diam.
2126 5415 2265 5462 Nam
2289 5425 2417 5462 rasa
2441 5413 2649 5478 quidem
2688 5414 2855 5467 multa
2889 5420 3085 5472 suntin
3113 5422 3290 5490 ampla
3315 5421 3495 5484 domo.

1927 5501 2103 5571 inquit
2120 5513 2213 5552 vas
2234 5497 2367 5552 illud
2384 5499 2691 5567 electionis,
2706 5520 2808 5557 non
2827 5508 3004 5561 omnia
3019 5525 3134 5565 vero
3154 5514 3223 5566 ad
3239 5512 3504 5580 eumdem,
3572 5559 3576 5562 ι

1927 5596 2016 5650 sed
2044 5593 2113 5646 ad
2141 5589 2275 5645 alios
2306 5606 2434 5645 usus
2468 5593 2579 5649 alia
2634 5607 2827 5664 parata
2861 5611 3169 5674 suntatque
3206 5605 3501 5673 confecm‘.

1926 5683 2194 5758 Unguenti
2228 5697 2325 5755 pro
2355 5690 2722 5760 receptaculo,
2760 5691 3063 5764 alabastra,
3100 5707 3154 5754 et
3180 5698 3345 5771 hujus
3399 5715 3494 5771 ge-

3452 5928 3481 5951 ὁ
