3920 6200
789 339 934 350 ,ν-νι-ο--ι
969 336 972 338 ⁷

1207 345 1247 352 “
1263 351 1318 356 —--
1353 351 1524 369 φκ-ν-ςν.

244 381 338 451 521

1620 403 1917 470 ORATIO
1959 413 2054 474 VI.

3363 435 3468 500 522

244 504 437 566 θόντες,
472 503 586 566 πῶς
633 504 734 556 οὒκ
769 503 835 560 ἂν
865 506 1127 578 ἁρμόσειε
1175 511 1335 566 τοῦτο
1375 515 1454 585 τῷ
1494 518 1592 588 τῆς
1629 520 1774 592 ἄκρα

248 592 789 618 ι..-ιυ-----ι------
837 597 926 618 LL
969 600 1137 618 μη-
1275 605 1290 618 .
1409 605 1420 618 .
1569 609 1581 618 .
1625 611 1698 618 ___

1877 542 2042 596 ,quos
2068 542 2187 583 cum
2230 529 2524 600 voluptate,
2571 535 2738 590 multa
2795 538 2948 606 prius
3001 555 3305 612 perpessos,
3361 565 3468 618 quo

246 592 561 660 ἁγαθότητος
587 593 791 664 ἐρωτις
829 597 929 650 Atii
964 600 1178 654 πολλῶν
1233 605 1332 672 μὲν
1359 605 1469 678 γὰρ
1497 609 1591 662 καὶ
1619 611 1796 666 ἄλλων

243 684 462 754 ἠδύνατο
489 686 708 757 τρόπων
739 689 908 743 σῶσαι
935 691 1026 744 τὸν
1057 692 1348 764 ἄνθρωπον
1369 699 1398 750 ὀ
1415 699 1625 771 Σωτὴρ,
1657 703 1794 757 ἔσω-

242 788 298 827 σε
324 772 373 826 δ’
388 772 481 826 οὖν
504 775 826 845 σαρκωθεὶς,
863 777 1071 848 πρέπον
1100 780 1164 833 ὃν
1183 781 1326 836 οὕτω
1361 786 1636 852 γενέσθαι,
1666 789 1795 841 πολ-

240 864 336 916 λῶν
363 861 461 933 μὲν
493 865 657 917 ἕνεκα
692 867 784 918 καὶ
829 869 1102 936 μεγάλων,
1161 873 1398 942 μάλιστα
1447 875 1503 928 δὲ
1527 877 1626 942 τῆς
1657 879 1793 948 πρὸς

237 956 372 1026 ἡμᾶς
400 955 623 1025 ἀγάπης
663 957 849 1022 αὐτοῦ,
906 960 1222 1031 ὑπερφυοῦς
1260 963 1447 1034 οὔσης.
1480 967 1592 1018 Καὶ
1636 968 1791 1021 ταῦτ’

237 1045 376 1106 είδὼς
404 1047 512 1106 πᾶς
532 1046 786 1102 ὁστισοῦν
813 1048 922 1103 τῶν
946 1052 1237 1122 προϐάτων
1259 1055 1508 1118 ἐκείνων,
1532 1055 1567 1109 ἃ
1599 1057 1663 1126 δὴ
1692 1059 1791 1126 τῆς

235 1134 386 1202 αὐλῆς
434 1136 554 1188 ἔστι
605 1136 705 1206 τῆς
745 1137 1098 1211 δεσποτικῇ,
1141 1145 1414 1212 σκιρτάτω
1451 1147 1661 1217 χαίρων
1693 1149 1789 1202 καὶ

235 1226 665 1296 φαιδρυνὸμενος.
701 1231 792 1282 Ἂν
848 1231 948 1300 μὲν
983 1228 1152 1304 γὲ(ρῇ
1192 1237 1257 1303 τῇ
1293 1235 1501 1306 μάνδρᾳ
1547 1237 1787 1291 συνδιαι-

233 1316 477 1385 τώμενος,
503 1320 598 1370 καὶ
641 1318 868 1388 πληρῶν
899 1323 992 1375 τὸν
1037 1323 1273 1392 ἀριθμὸν
1309 1326 1413 1395 τῆς
1447 1327 1787 1398 θρυλλουμ.ἐ⁹

231 1426 314 1478 va;
335 1410 691 1472 ἑκατοντάδας
741 1411 830 1483 (εὖ
881 1415 989 1483 γὰρ
1023 1415 1194 1468 ποιῶν
1225 1419 1254 1469 ὁ
1287 1417 1440 1486 λόγος
1471 1422 1621 1490 ἡμᾶς
1659 1422 1783 1490 ἀνή-

234 1517 378 1567 γαγεν
409 1500 504 1553 ἐπὶ
560 1500 658 1569 τὴν
688 1503 1009 1575 παραϐολὴν
1063 1507 1164 1576 ἤδη
1200 1509 1452 1580 ταύτην),
1493 1513 1586 1564 ὑπ’
1615 1512 1780 1566 αὐτοῦ

233 1591 468 1660 ποιμένος
498 1591 818 1661 ἀχθήσεται,
860 1595 955 1648 τοῦ
988 1597 1154 1652 καλοῦ
1187 1617 1270 1664 τε,
1305 1604 1398 1656 καὶ
1427 1603 1495 1656 τὰ
1529 1606 1780 1674 πρόϐατα

229 1685 560 1752 κτησαμένου
596 1685 774 1756 πολλῷ
821 1691 1115 1760 τιμήματι.
1143 1695 1277 1746 .Καὶ
1305 1697 1411 1766 γὰρ
1445 1699 1609 1763 αὐτὸς
1637 1701 1778 1771 ὑπὲρ

228 1775 386 1826 αὐτῶν
408 1775 510 1843 τὴν
532 1775 709 1847 ψυχὴν
737 1778 974 1844 τέθεικε,
1005 1783 1102 1836 καὶ
1125 1785 1185 1837 τὸ
1212 1786 1346 1838 ἴδιον
1374 1789 1591 1859 ἐξέχεεν
1620 1790 1774 1862 αἷμα,

225 1866 307 1916 καὶ
349 1865 548 1918 ἑαυτοῦ
577 1869 668 1920 τὸν
713 1869 916 1937 τρόπον
942 1873 1132 1926 τοῦτον
1162 1877 1490 1946 πεποίηκεν,
1525 1883 1778 1937 οὐδέποτε

223 1959 304 2008 καὶ
332 1960 458 2026 πρὶν
476 1959 611 2013 ὄντα
641 1961 790 2024 ξένα.
828 1965 894 2016 Τί
928 1964 1036 2034 γὰρ
1067 1967 1160 2020 καὶ
1204 1971 1654 2043 παραδραμεῖται
1681 1979 1780 2047 τὴν

217 2049 366 2102 αὐτοϋ
384 2050 712 2105 δεσποτείαν
737 2070 751 2116 ;
779 2056 979 2127 τριπλῆ
1011 2059 1121 2126 γὰρ
1148 2061 1368 2116 πάντων
1396 2066 1663 2137 δεσπότης
1693 2062 1780 2122 οὗ·

217 2138 299 2201 τός
325 2141 436 2191 ἐστι
460 2155 476 2170 ’
501 2140 578 2210 τῷ
609 2148 950 2212 παραγαγεῖν
980 2149 1076 2200 καὶ
1095 2148 1526 2222 δημιουργῆσαι,
1544 2156 1621 2226 τῷ
1650 2176 1782 2228 προ-

215 2233 340 2283 νοεῖν
364 2249 420 2284 τε
457 2235 555 2286 καὶ
581 2230 640 2286 εὖ
674 2239 867 2301 ποιεῖν,
893 2239 969 2306 τῷ
991 2239 1254 2295 δύνασθαι
1278 2245 1371 2296 καὶ
1401 2247 1631 2315 νεύματι
1659 2249 1777 2302 δια-

215 2319 437 2388 φθεῖραι.
483 2325 556 2377 Τὸ
580 2325 636 2378 δὲ
670 2329 968 2397 μυστήριον
1017 2332 1210 2400 γέγονε
1241 2335 1304 2387 τὸ
1355 2338 1608 2406 φρικτὸν,
1647 2335 1775 2414 ἵνθῇ

212 2410 264 2462 τὺ
288 2412 444 2478 φύσει
497 2417 700 2486 προσὸν
742 2419 894 2489 αὐτῷ
927 2423 1020 2474 καὶ
1077 2423 1274 2496 γνώμῃ
1332 2410 1773 2499 βασιλευόμενονξ

211 2501 292 2564 Ei;
327 2505 489 2558 τοῦτο
521 2507 629 2575 γὰρ
657 2505 810 2577 οἶμαι
861 2511 1051 2580 φέρειν
1103 2515 1186 2580 τὸ,
1225 2516 1288 2568 '0
1326 2517 1545 2586 Κύριος
1574 2520 1778 2575 ἐϐασί-

208 2596 396 2648 λευσε.
435 2596 515 2648 Τὸ
563 2599 671 2668 γὰρ
719 2599 1141 2672 βασιλευόμενοι)
1197 2605 1333 2675 μὲν,
1394 2605 1528 2664 ἆκον
1576 2612 1654 2676 δὲ,
1705 2612 1776 2665 δι’

205 2683 412 2752 ἄγνοιαν
454 2687 555 2741 τοῦ
586 2689 944 2762 δημιουργοῦ,
977 2694 1096 2748 νυνὶ
1145 2700 1247 2768 τῆς
1274 2699 1618 2766 ἐπιγνώσεως
1653 2704 1774 2755 ἑπι-

208 2774 492 2846 λαμψάσης
547 2775 625 2846 τῷ
677 2778 894 2850 κόσμῳ,
951 2783 1247 2853 αὐτομολεῖ
1287 2803 1370 2849 τε,
1408 2789 1502 2841 καὶ
1533 2788 1690 2859 ζητεῖ
1716 2791 1776 2844 τὸ

205 2862 583 2930 βασιλεύεσθαι
629 2868 768 2937 παρ’
807 2869 997 2924 αὐτοῦ.
1029 2871 1220 2936 Ὅστις
1257 2875 1356 2945 μὲν
1401 2871 1496 2930 οὗν
1525 2876 1625 2947 τὴν
1673 2877 1772 2931 τοῦ

207 2958 450 3024 ποιμένος
485 2956 676 3026 φωνὴν
701 2954 833 3023 οἶδε,
885 2962 981 3015 καὶ
1015 2963 1303 3018 ἀκολουθεῖ
1350 2966 1470 3020 κατ’
1497 2969 1644 3038 ἴχνος
1672 2987 1774 3022 πο-

203 3049 494 3120 ρευομένῳ,
520 3050 581 3101 ὲν
611 3050 810 3122 χλοερᾷ
845 3056 912 3124 τῇ
948 3055 1058 3126 πόᾳ
1088 3059 1526 3130 κατασκηνώσει,
1559 3061 1655 3116 καὶ
1679 3063 1774 3116 ἐπὶ

202 3136 379 3202 ὓδατος
409 3140 778 3205 ἀναπαύσεως
810 3144 1223 3216 ἐκτραφήσεται
1244 3167 1258 3181 ο
1299 3151 1393 3204 καὶ
1435 3153 1496 3204 οὐ
1529 3153 1773 3226 φοὸηθή-

203 3244 339 3282 σεται
367 3233 544 3298 κακὰ,
571 3233 681 3287 οὐδ’
707 3234 774 3288 ἂν
793 3236 931 3308 τύχῃ
955 3241 1321 3310 πορευόμενος
1349 3243 1407 3296 ἐν
1434 3245 1584 3316 μέσῳ
1616 3249 1774 3311 σκιᾶς

201 3320 456 3376 Θανάτου.
504 3323 632 3378 Ἐὰν
676 3326 734 3380 δὲ
783 3327 994 3398 πλάνης
1040 3327 1299 3401 πειραθῇ,
1355 3335 1448 3387 καὶ
1495 3337 1774 3402 ἀπολωλός

201 3426 322 3464 ποτε
349 3413 586 3484 γίνηται
618 3414 942 3497 (ἀνθέξομαι
984 3419 1094 3489 γὰρ
1138 3423 1240 3491 τῆς
1269 3425 1632 3497 παραϐολῆς),
1664 3429 1776 3485 οὐδ⁹

202 3500 336 3558 οὕτω
365 3505 510 3568 τέως
536 3495 947 3578 ἀμεληθήσεται
968 3523 982 3540 ⁸
1004 3511 1142 3564 ἀλλὰ
1163 3515 1366 3586 σπουδῇ
1385 3495 1770 3588 ζητηθήσεται,

199 3591 287 3644 καὶ
316 3594 545 3664 εὑρεθὲν
585 3598 680 3649 ἀπὶ
699 3596 812 3652 τῶν
855 3599 1024 3669 ὤμων
1055 3601 1376 3672 ἀχθήσεται,
1427 3609 1523 3662 καὶ
1555 3612 1666 3673 τοῖς
1699 3612 1773 3682 μὴ

199 3685 635 3755 πεπλανημένοις
659 3689 933 3758 όμοταγὲς
959 3691 1137 3748 ἔσται.
1171 3695 1366 3750 Καίτοι
1392 3700 1486 3752 καὶ
1509 3701 1773 3769 μειζόνως

195 3775 366 3845 χαίρει
397 3777 478 3848 τῷ
510 3781 596 3832 ἐνὶ
627 3780 803 3852 τούτῳ
831 3782 864 3853 ἦ
898 3786 1012 3848 τοῖς
1043 3787 1264 3850 πολλοῖς
1289 3789 1540 3854 ἐκείνοις,
1577 3795 1690 3856 τοῖς
1712 3795 1772 3874 εν

193 3867 525 3940 τῇνμάνδρᾷ.
562 3872 676 3935 τοῖς
708 3871 798 3925 ἀεὶ
821 3872 918 3927 σὺν
946 3875 1100 3946 αὺτῷ
1137 3877 1413 3946 μένουσιν.
1446 3880 1622 3944 Αὐτὸς
1649 3869 1772 3936 τοῦ-

192 3969 249 4006 το
275 3957 492 4027 εἴρηκε.
532 3961 824 4032 Συνίστησι
850 3962 908 4015 δὲ
941 3964 1034 4018 τὸν
1062 3965 1222 4032 λόγον
1251 3969 1349 4022 καὶ
1375 3969 1562 4032 αὐτοῖς
1593 3973 1770 4043 πρᾶγ·

196 4065 346 4116 μασι.
401 4049 672 4106 Τοσοῦτον
745 4056 855 4123 γὰρ
905 4055 1220 4121 ἐπεδείξατο
1267 4059 1493 4131 φίλτρον
1525 4064 1678 4132 πρὸς
1709 4064 1769 4116 τὸ

192 4135 565 4207 πλανώμενον,
617 4141 693 4204 ὡς
741 4144 963 4212 ἀφεῖναι
1000 4146 1100 4215 μὲν
1129 4148 1316 4202 ἐκεῖνα
1346 4151 1415 4204 τὰ
1449 4151 1640 4218 πολλὰ,
1673 4153 1768 4205 ἐπὶ

186 4226 243 4279 δὲ
270 4231 370 4297 τὴν
401 4229 500 4282 τοῦ
533 4232 656 4295 ἑνὸς
703 4232 935 4303 ζήτησιν
971 4237 1210 4303 ἐξελθεῖν
1235 4255 1251 4270 ο
1298 4239 1443 4293 οὕτω
1473 4241 1572 4311 τὴν
1599 4243 1766 4296 αὑτοῦ

191 4321 466 4390 σωτηρίαν
486 4322 583 4376 τοῦ
617 4325 816 4389 παντὸς
851 4327 1066 4397 ἡγεῖται
1096 4330 1257 4397 ἀξίαν
1290 4329 1451 4387 εἶναι.
1485 4335 1592 4388 Καὶ
1616 4334 1769 4406 δηλοῖ

185 4403 242 4455 τὸ
273 4405 469 4473 μηδενὶ
492 4408 554 4461 τὸ
581 4412 814 4481 πρᾶγμα
855 4415 1012 4468 τοῦτο
1041 4419 1354 4474 πιστεῦσαι.
1393 4421 1466 4475 οὐ
1499 4422 1607 4492 γὰρ
1636 4403 1764 4476 πολ-

187 4491 309 4557 λοίις
337 4498 764 4569 μισθωσάμενος
793 4503 1058 4575 ἔπεμψεν,
1094 4507 1218 4562 οὐδὲ
1265 4511 1502 4582 ἀνέθηκέ
1529 4491 1641 4568 τισι
1662 4516 1762 4586 τὴν

185 4587 272 4639 τοῦ
297 4589 471 4657 ἔργου
502 4593 844 4662 ιπιμίλειαν,
876 4598 934 4650 οὐ
982 4599 1210 4665 δούλοις,
1247 4602 1308 4654 οὐ
1336 4603 1536 4672 φίλοις,
1558 4604 1620 4657 οὐ
1651 4609 1764 4671 τοῖς

188 4676 439 4744 ἀγγέλοις
467 4682 675 4747 αὐτοῖς,
703 4686 820 4740 ἀλλ’
841 4687 1018 4760 ἑαυτῷ
1047 4707 1109 4758 γε
1143 4693 1290 4764 μόνῳ
1312 4694 1372 4749 τὸ
1399 4699 1506 4750 πᾶν
1529 4697 1767 4770 ιθάρρη-

188 4783 273 4819 σε·
305 4771 586 4827 παιδεύων
616 4778 785 4846 ἡμᾶς,
811 4775 988 4863 οἶμαι,
1013 4785 1075 4837 οὐ
1101 4785 1262 4854 μόνον
1283 4788 1546 4858 πράττειν
1565 4791 1603 4844 ἃ.
1635 4792 1761 4862 χρὴ.
1815 4822 1824 4832 ο

186 4859 316 4916 ἀλλὰ
341 4865 444 4925 καὶ
478 4865 555 4936 τῷ
590 4867 823 4936 βελτίονι
869 4859 1055 4945 τρόπῳ
1079 4892 1094 4908 ·
1145 4880 1238 4932 καὶ
1273 4881 1416 4951 μήτε
1473 4859 1763 4955 δόξανήτὴτν

185 4949 575 5027 φθειρομένην,
611 4963 749 5028 μήτε
772 4964 1008 5034 τρυφὴν,
1043 4968 1170 5038 μήτ’
1190 4949 1512 5040 ἀσφάλειαν,
1543 4974 1637 5028 τοῦ
1666 4949 1764 5030 κα-

183 5037 271 5093 ὶοῦ
294 5048 392 5098 καὶ
427 5049 735 5116 πρέποντος
765 5037 1109 5124 epos-tabat.
1137 5060 1213 5112 Οὐ
1247 5037 1356 5133 μὴν
1379 5037 1514 5118 ἀλλὰ
1543 5067 1639 5120 καὶ
1665 5066 1765 5138 τὴν

186 5130 499 5205 ὑπερϐολὴν
524 5142 618 5208 τῆς
640 5142 866 5214 ἀγάπης
897 5147 1070 5218 ταύτῃ
1104 5130 1343 5218 δεικνὺς,
1368 5157 1434 5224 ἣν
1470 5157 1607 5224 πρὸς
1631 5130 1764 5211 ἔκα-

187 5237 304 5278 στον
336 5228 507 5296 ἡμῶν
535 5225 687 5294 οὗτος
717 5232 853 5302 ἔχει,
878 5236 978 5307 τὴν
1001 5240 1082 5300 είς
1111 5241 1377 5312 ἀλλήλους
1401 5248 1608 5318 σφόδρα
1635 5250 1765 5304 ἀνά-

183 5325 327 5371 πτει.
367 5316 648 5375 Τοσοῦτον
703 5324 811 5393 γὰρ
839 5326 1092 5394 ἢκμαζεν
1122 5332 1180 5384 ὲν
1220 5334 1368 5403 αὐτῷ
1415 5337 1476 5388 τὸ
1506 5316 1600 5391 τοῦ
1647 5341 1765 5404 ἑνὸς

185 5403 429 5477 φίλτρον,
464 5408 539 5471 ὡς
566 5413 712 5468 ἆπαν
736 5416 884 5484 ὅρος,
916 5421 1027 5473 πᾶν
1062 5422 1250 5487 ἄλσος,
1275 5429 1386 5480 πᾶν
1418 5429 1642 5497 ἄϐατον,
1665 5433 1764 5502 βά-

191 5510 350 5566 σιμον
395 5497 550 5571 αὐτῷ
577 5507 889 5572 φαίνεσθαι,
943 5513 1038 5566 καὶ
1089 5514 1236 5584 μάλα
1286 5519 1489 5588 κοῦφον
1518 5497 1764 5593 νομίξειν

189 5588 545 5659 ἀχθοφορεῖν,
570 5596 636 5649 ἵν’
669 5600 802 5652 αὐτὸ
841 5602 902 5653 τὸ
931 5603 1206 5676 πλανηθὲν
1244 5611 1356 5673 τοῖς
1390 5588 1602 5668 πλείοσι
1637 5588 1766 5671 συν-

188 5677 506 5750 αριθμηθῇ.
554 5685 712 5759 Είποι
739 5705 825 5752 τις
856 5692 945 5757 ἂν,
977 5690 1156 5764 οἴμαι,
1183 5697 1470 5771 θαυμάσας
1497 5707 1659 5762 τοῦτο
1707 5710 1767 5762 τὸ

190 5766 372 5838 ἔργον,
397 5771 480 5834 ὡς
505 5772 534 5843 ἡ
564 5777 659 5843 μὶν
700 5779 926 5851 ζήτησις
957 5787 1252 5861 ἀναγκαία,
1288 5766 1384 5850 καὶ
1409 5766 1476 5853 τὰ
1519 5801 1578 5853 ἐν
1625 5801 1762 5874 αὐτῇ

518 5869 782 5939 Ρετιοι..
814 5880 928 5941 GR.
969 5883 1171 5946 CLVI.

1898 627 2059 686 pacto
2089 634 2194 674 non
2238 620 2378 676 idem
2413 624 2514 678 hoc
2545 625 2689 681 illius
2717 643 2982 697 suprema:
3015 632 3274 692 bonitatis
3291 645 3463 696 amori

1900 710 2280 778 competierit?
2311 712 2521 784 Quippe
2551 719 2739 774 multis
2787 720 2908 776 aliis
2940 723 3100 778 etiam
3157 729 3330 782 modis
3363 729 3465 786 ho-

1897 799 2063 855 minis
2095 801 2255 856 saluti
2289 805 2575 862 consulere
2611 808 2864 863 Salvator
2901 822 3136 882 poterat,
3173 827 3228 871 et
3282 827 3458 875 tamen

1895 903 2019 944 eum
2045 893 2302 958 servavit,
2348 908 2623 960 assumpta
2662 915 2847 968 carne,
2879 907 3021 972 quod
3067 907 3138 961 ita
3180 925 3291 964 rem
3325 927 3460 965 con-

1895 978 2011 1035 ﬁeri
2057 983 2292 1049 deceret,
2339 1000 2462 1040 cum
2526 989 2706 1056 plures
2760 1003 2814 1047 et
2871 1011 3091 1063 magnas
3141 1001 3210 1053 ob
3242 1017 3498 1078 causas,,_

1894 1079 2005 1124 tum
2041 1075 2308 1142 imprimis
2332 1080 2400 1131 ob
2423 1079 2591 1147 ipsius
2619 1098 2745 1153 erga
2779 1101 2876 1140 nos
2911 1103 3151 1145 amorem
3180 1094 3459 1153 eximium.

1890 1163 2068 1231 Atque
2122 1166 2224 1221 hoc
2285 1183 2408 1222 cum
2460 1174 2605 1227 norit
2645 1177 2874 1243 quilibet
2929 1195 3112 1237 earum
3171 1199 3235 1240 ex
3277 1190 3457 1246 ovium

1888 1265 2115 1307 numero
2138 1271 2255 1322 qum
2289 1259 2445 1328 hujus
2469 1265 2536 1317 ad
2590 1265 2705 1320 heri
2738 1270 3010 1325 stabulum
3043 1277 3337 1344 pertinent,
3367 1280 3460 1332 la:-

1889 1353 1974 1397 tus
1999 1351 2050 1396 ct
2075 1346 2263 1402 hilaris
2293 1351 2549 1409 exsultet.
2591 1355 2724 1410 Nam
2783 1361 2828 1414 si
2873 1364 3026 1416 caula
3084 1382 3190 1422 non
3245 1371 3490 1439 relicta,

1885 1441 2070 1488 notum
2133 1436 2281 1490 illum
2309 1445 2681 1499 centenarium
2731 1465 3017 1506 numerum
3068 1454 3256 1524 implet
3287 1461 3457 1526 (recte

1877 1524 1989 1592 jam
2027 1527 2169 1580 enim
2204 1529 2269 1583 ad
2322 1545 2443 1585 eam
2493 1535 2907 1595 similitudinem
2959 1544 3079 1612 ipsa
3130 1562 3224 1602 nos
3263 1524 3460 1607 invitat

1883 1615 2195 1685 oratio),'ab
2224 1620 2342 1690 ipso
2379 1632 2598 1692 pastore
2627 1631 2877 1698 ducetur,
2933 1635 3044 1700 illo,
3079 1635 3326 1707 inquam,
3362 1660 3454 1708 pa-

1883 1715 2029 1764 εισι-ο
2067 1711 2229 1776 bono,
2257 1700 2456 1782 quique
2491 1734 2682 1788 magno
2720 1737 2847 1778 suas
2901 1737 3030 1781 Oves
3079 1731 3254 1797 pretio
3307 1747 3456 1788 com-

1882 1799 2110 1864 paravit.
2143 1801 2356 1858 Etenim
2396 1807 2509 1875 ipse
2539 1825 2635 1877 pro
2663 1813 2742 1867 eis
2789 1810 3028 1870 animam
3062 1834 3215 1873 suam
3247 1826 3450 1891 posuit,

1882 1901 1934 1945 et
1991 1895 2266 1961 proprium
2329 1901 2646 1967 sanguinem
2702 1903 2906 1972 cﬂ'udit,
2959 1919 3121 1978 atque
3157 1914 3259 1968 hoc
3295 1918 3454 1970 modo

1883 1997 2010 2038 suas
2063 1987 2210 2050 fecit,
2244 2004 2363 2057 quae
2429 2007 2492 2045 ne
2529 1995 2681 2060 prius
2732 2000 2949 2065 quidem
3010 2017 3244 2069 unquam
3297 2019 3456 2062 erant

1883 2075 2095 2132 alienae.
2127 2078 2266 2144 Quid
2295 2083 2437 2136 enim
2477 2086 2646 2155 ipsius
2671 2089 2906 2159 eil‘ugere
2941 2092 3236 2149 dominium
3261 2100 3457 2163 possit?

1883 2165 2102 2236 Triplici
2124 2187 2357 2241 namque
2385 2177 2593 2233 ratione
2619 2179 2878 2236 Dominus
2903 2194 2988 2239 est
3007 2189 3244 2242 omnium
3271 2194 3451 2259 :quod

1883 2259 1935 2313 in
1977 2271 2158 2314 ortum
2219 2269 2538 2332 produxerit
2583 2279 2638 2324 et
2693 2275 3043 2343 condiderit”
3074 2280 3215 2350 quod
3263 2297 3452 2339 curam

1880 2359 2034 2418 gerat
2068 2363 2116 2408 et
2145 2353 2470 2421 henelaciat,
2501 2363 2642 2428 quod
2678 2365 2842 2418 etiam
2884 2377 3018 2421 nutu
3059 2373 3284 2439 perdere
3327 2389 3453 2442 pos-

1878 2444 1969 2497 sit.
1995 2443 2394 2503 Incarnationis
2425 2466 2553 2507 vero
2585 2460 2925 2513 tremendum
2977 2465 3289 2534 mysterium
3317 2483 3447 2522 con-

1881 2531 2016 2603 tigit,
2052 2541 2109 2587 ut
2161 2538 2303 2603 quod
2337 2547 2530 2595 natura
2567 2544 2738 2612 ipsius
2773 2558 2911 2613 erat,
2942 2531 3134 2619 sponte
3166 2569 3226 2608 se
3286 2573 3450 2626 regno

1875 2624 2114 2694 ejusdem
2146 2630 2450 2695 subiiceret.
2482 2636 2600 2688 Huc
2651 2639 2792 2694 enim
2839 2643 2924 2696 illa
2994 2658 3240 2714 spectare
3287 2652 3450 2706 verba

1877 2724 2005 2784 puto
2043 2734 2058 2770 :
2087 2717 2343 2775 Dominus
2371 2728 2626 2792 regnavit.
2656 2727 2790 2782 Nam
2812 2735 2954 2802 quod
2977 2747 3126 2791 recto
3143 2740 3446 2810 subjectum

1875 2815 2014 2871 erat,
2067 2809 2235 2864 invite
2305 2822 2504 2882 tamen,
2574 2831 2794 2888 propter
2845 2826 3234 2894 ignorationem
3282 2835 3451 2902 ipsius

1876 2895 2114 2964 Opiticis,
2149 2916 2292 2956 nunc
2326 2916 2614 2974 postquam
2666 2911 2783 2980 ejus
2836 2918 3039 2984 agnitio
3098 2924 3196 2975 toti
3242 2927 3447 2982 mundo

1875 2987 2072 3054 illuxit,
2113 3007 2207 3046 sua
2239 3008 2430 3063 sponte
2465 3003 2675 3056 accedit
2707 3013 2758 3057 et
2809 3022 2975 3076 regno
3027 3013 3143 3079 ejus
3171 3018 3444 3072 contineri

1875 3080 2045 3148 cupit.
2081 3082 2337 3152 Quisquis
2361 3103 2490 3157 ergo
2523 3106 2708 3147 vocem
2738 3100 2967 3164 pastoris
2992 3105 3160 3168 novit,
3192 3116 3246 3163 et
3275 3109 3444 3162 vesti-

1801 3202 1844 3260 α
1877 3170 1976 3240 giis
1998 3176 2287 3240 praeeuntis
2337 3177 2563 3245 insistit,
2595 3184 2644 3238 in
2681 3186 2838 3241 viridi
2899 3194 3142 3258 gramine
3196 3212 3445 3254 commo'

1880 3261 2166 3318 rabituret
2193 3267 2259 3321 ad
2315 3272 2573 3339 requietis
2625 3291 2818 3345 aquam
2861 3293 3112 3348 pascetur
3145 3301 3160 3338 :
3195 3291 3363 3346 nullis
3415 3311 3444 3347 a

1879 3353 2035 3408 malis
2070 3354 2172 3410 sibi
2207 3367 2432 3425 metuet,
2470 3379 2537 3418 ne
2566 3367 2781 3432 quidem
2814 3372 2858 3424 si
2897 3387 3018 3426 eum
3061 3378 3110 3429 in
3143 3382 3321 3436 medio
3369 3385 3448 3439 le-

1878 3448 2000 3502 talis
2035 3451 2238 3505 umbrte
2269 3455 2551 3525 contingat
2585 3459 2686 3515 iter
2735 3462 2932 3521 facere.
2976 3469 3130 3534 Quod
3183 3474 3230 3527 si
3283 3478 3444 3530 aber-

1876 3540 2047 3595 rando
2099 3542 2408 3611 deﬂexerit,
2435 3550 2663 3620 orisque
2689 3556 2902 3622 perdita
2937 3558 3113 3618 factus
3158 3565 3315 3620 fuerit
3339 3569 3448 3638 (in-

1874 3630 2091 3688 haerebo
2130 3650 2362 3706 namque
2417 3641 2760 3700 similitudini
2823 3655 3157 3725 propositae),
3232 3675 3299 3713 ne
3362 3663 3444 3716 sic

1873 3723 2091 3788 quidem
2154 3729 2476 3799 negligatur,
2538 3736 2633 3789 sed
2667 3740 2912 3796 studiose
2966 3723 3334 3815 perquiretur,
3391 3763 3446 3805 et

1872 3813 2114 3868 humeris
2163 3816 2411 3886 imposita
2445 3823 2769 3894 perferetur,
2798 3846 2860 3884 ac
2909 3836 3140 3904 caeteris,
3172 3856 3294 3909 qua:
3335 3858 3442 3896 non

1873 3902 2273 3972 aberraverint,
2307 3915 2715 3982 aggregabitur.
2760 3919 2872 3976 lmo
2921 3902 3174 3994 majorem
3216 3946 3281 3985 ex
3340 3933 3444 3988 hac

1873 4007 1979 4046 una
2023 3997 2356 4064 voluptatem
2389 4012 2576 4070 pastor
2632 4011 2863 4079 percipit
2899 4029 3061 4080 quam
3107 4020 3173 4073 de
3195 4021 3443 4088 pluribus

1873 4083 1978 4140 illis
2004 4085 2054 4139 in
2085 4088 2236 4141 ca'ula
2267 4097 2736 4152 commorantibus
2784 4111 2838 4156 et
2870 4117 3084 4173 semper
3117 4112 3258 4177 apud
3316 4127 3437 4170 cum

1873 4177 2238 4234 manentibus.
2276 4178 2388 4236 Hoc
2414 4182 2646 4252 ipsemet
2674 4186 2813 4242 dixit
2856 4192 2920 4246 et
2948 4197 3253 4252 orationem
3285 4217 3439 4258 suam

1869 4265 2028 4323 factis
2050 4274 2384 4342 comprobat.
2413 4276 2645 4333 Tantum
2663 4283 2808 4337 enim
2835 4299 3076 4342 amorem
3106 4305 3230 4361 erga
3255 4310 3438 4362 ovem,

1869 4371 1989 4428 qum
2023 4371 2140 4416 erat
2196 4364 2442 4432 perdita,
2476 4367 2894 4442 demonstravit,
2945 4389 3002 4432 ut
3034 4379 3142 4436 illis
3193 4385 3440 4454 pluribus

1870 4449 2110 4517 amissis,
2147 4453 2212 4507 ad
2251 4453 2394 4511 hanc
2429 4473 2592 4513 unam
2639 4463 3018 4530 inquirendam
3050 4475 3245 4541 exiret,
3309 4479 3443 4534 adeo

1797 4550 1842 4608 ι)
1869 4541 2097 4597 salutem
2139 4544 2301 4615 huius
2344 4551 2504 4618 pretii
2552 4556 2828 4620 quantivis
2875 4559 3063 4629 ducit;
3112 4575 3304 4638 estque
3341 4573 3444 4627 hoc

1871 4635 2046 4702 ipsum
2079 4637 2283 4693 indicio
2317 4643 2460 4709 quod
2497 4647 2701 4701 nemini
2737 4664 2847 4704 rem
2897 4653 3036 4708 hanc
3079 4663 3438 4718 commiserit.

1868 4726 2078 4797 Quippe
2101 4745 2206 4785 non
2245 4731 2431 4801 plures
2462 4737 2637 4805 pretio
2681 4744 2980 4801 conductos
3015 4748 3310 4821 ablegavit,
3345 4772 3442 4811 nec

1869 4830 2060 4870 curam
2092 4820 2274 4887 Operis
2299 4821 2460 4889 huius
2497 4825 2772 4895 aliquibus
2817 4830 3074 4900 imposuit
3103 4853 3118 4891 :
3153 4820 3270 4894 "non
3328 4856 3444 4896 ser-

1869 4907 1971 4970 vis,
2007 4923 2111 4960 non
2143 4911 2356 4977 amicis,
2387 4928 2489 4968 non
2521 4918 2732 4984 angelis
2761 4923 2896 4988 suis,
2935 4927 3027 4979 sed
3081 4929 3184 4983 sibi
3230 4933 3327 4986 soli
3367 4943 3444 4988 to-
3509 4923 3532 4954 ’⁸

1867 5007 1978 5051 tam
2004 5013 2116 5050 rem
2148 5002 2398 5069 credidit,
2461 5021 2584 5072 nos,
2646 5018 2705 5063 ut
2747 5014 2992 5080 equidem
3037 5021 3249 5087 opinor,
3313 5039 3444 5078 eru-

1868 5087 2043 5154 diens,
2076 5104 2181 5142 non
2237 5101 2443 5147 tantum
2500 5105 2661 5152 utea
2709 5099 2978 5158 faciamus
3028 5123 3148 5176 qua:
3207 5123 3441 5178 oportet,

1868 5173 1960 5226 sed
1997 5176 2162 5229 etiam
2194 5180 2472 5236 meliorem
2504 5185 2556 5239 in
2592 5189 2835 5254 modum,
2878 5202 3043 5261 utque
3093 5211 3191 5250 nec
3245 5214 3444 5254 evane-

1867 5272 2104 5318 scentem
2137 5265 2385 5336 gloriam,
2423 5289 2523 5328 nec
2548 5276 2900 5346 voluptatem,
2930 5299 3032 5336 nec
3066 5288 3438 5354 securitatem,

1869 5354 2102 5410 honesto
2132 5368 2294 5427 atque
2315 5364 2518 5419 decoro
2546 5375 2970 5438 anteponamus.
2999 5375 3289 5445 Prteterea,
3315 5396 3440 5435 cum

1869 5444 1970 5499 hac
2001 5446 2214 5502 ratione
2239 5465 2396 5505 suum
2430 5454 2483 5507 in
2510 5471 2607 5512 uos
2644 5461 2890 5528 singulos
2917 5477 3179 5532 amorem,
3218 5471 3441 5526 nimium

1867 5544 2154 5603 quantum,
2201 5541 2565 5610 demonstrat,
2622 5549 2982 5609 vehementer
3032 5572 3270 5616 amorem
3309 5579 3441 5634 erga

1870 5641 1968 5680 nos
1998 5637 2246 5685 mutuum
2285 5637 2553 5692 accendit.
2601 5638 2736 5694 Nam
2773 5644 2824 5696 in
2872 5646 2993 5714 ipso
3037 5659 3221 5707 tantus
3283 5659 3443 5713 unius

1868 5724 1986 5771 erat
2017 5721 2136 5775 ovis
2165 5737 2339 5791 amor,
2373 5735 2429 5780 ut
2454 5741 2670 5785 omnem
2703 5747 2960 5805 montem,
2990 5741 3192 5797 saltum
3227 5761 3440 5804 omnem

1869 5817 1925 5866 et
1959 5811 2222 5884 quidquid
2253 5817 2614 5891 inaccessum,
2635 5840 2734 5895 pro
2756 5832 2947 5899 pervio
2977 5834 3223 5904 duceret,
3246 5838 3438 5909 ipszm~

3013 5928 3089 5987 17
