3920 6200
488 308 595 373 523

1664 302 2056 365 MANUELIS
2094 305 2543 368 PALAIOLOGI
2588 278 2605 287 ’
3544 310 3632 380 sat
3738 328 3741 335 λ

484 440 590 496 quo
628 422 979 492 gestationem
1036 416 1221 473 oneris
1261 417 1484 473 minime
1545 432 1762 488 gravem
1804 430 2041 491 putaret,

2148 419 2361 489 χαλεπὰ
2412 417 2722 482 ἀκολούθως
2762 418 2960 485 ἔπεισι,
3001 423 3091 477 καὶ
3139 424 3213 478 δεῖ
3238 441 3343 487 πως
3366 423 3530 495 φέρειν
3558 430 3634 482 τόν

485 516 645 570 modo
679 512 959 581 deperdita
988 525 1086 580 per
1115 523 1357 563 errorem
1386 509 1506 563 ovis
1554 509 1620 563 ad
1649 519 1876 566 ceteras
1907 512 2050 564 redi-

484 616 586 661 ret.
619 604 883 660 Fortasse
942 602 1086 670 quis,
1147 601 1361 668 opinor,
1399 598 1618 664 dixerit,
1684 598 1887 655 factum
1945 601 2049 655 hoc

487 695 812 754 admiratus,
845 706 1002 747 ovem
1028 690 1338 746 necessario
1368 691 1677 759 quassitam,
1711 701 1762 746 et
1796 692 1849 745 in
1903 706 2051 758 quae-

484 787 655 841 rendo
729 783 1006 838 molestias
1066 798 1173 836 non
1227 783 1324 837 abs
1353 797 1411 837 re
1441 782 1638 848 obitas,
1703 783 2049 852 quodamque

486 880 645 932 modo
675 877 984 931 tolerandas
1005 873 1268 944 quaerenti
1305 873 1493 928 fuisse.
1542 871 1739 927 Verum
1783 886 1903 941 qua:
1960 886 2048 926 res

476 968 622 1029 :ursit
652 976 729 1029 ,ιιι
751 968 971 1021 inventa
1000 965 1207 1020 ovicula
1231 980 1336 1019 non
1391 979 1540 1020 more
1590 964 1793 1034 vulgari
1828 963 2050 1018 ducere-

486 1071 598 1125 tur,
634 1059 726 1113 sed
750 1058 803 1113 in
831 1058 1071 1111 humeris
1101 1064 1428 1126 portaretur,
1458 1071 1772 1125 quanquam
1800 1055 1915 1111 sola
1944 1072 2047 1111 cae-

490 1162 636 1206 teras
662 1152 807 1204 inter
833 1164 961 1204 oves
1013 1149 1211 1218 negotii
1274 1156 1485 1201 tantum
1530 1147 1915 1202 exhibuisset?
1947 1146 2039 1202 Ni-

486 1243 687 1296 mirum
754 1242 856 1295 hoc
906 1240 1022 1309 ipso
1070 1238 1434 1294 demonstrari
1495 1237 2044 1307 videtur,.pastorem

488 1333 633 1387 hunc
685 1331 900 1400 plurimi
957 1330 1305 1383 securitatem
1354 1337 1592 1382 nostram
1648 1326 1848 1382 facere.
1903 1326 2045 1381 Prte-

488 1435 631 1477 terea
665 1422 790 1476 licet
816 1422 942 1475 hinc
976 1420 1137 1474 etiam
1195 1419 1324 1473 illud
1368 1419 1659 1484 aestimare,
1708 1418 1852 1487 quod
1900 1418 2047 1473 scili-

480 1523 567 1566 cet
593 1511 894 1566 errabunda
948 1510 1065 1564 ovis
1113 1510 1351 1574 iuventa,
1390 1510 1457 1563 de
1493 1510 1627 1579 ipsis
1670 1509 2047 1578 obvagationis

480 1604 839 1659 incommodis
871 1601 1071 1656 amicta
1102 1602 1339 1669 graviter
1368 1600 1533 1655 fuerit
1567 1611 1623 1654 et
1655 1614 1776 1654 eum
1810 1600 1866 1654 in
1921 1614 2045 1654 tuo-

478 1697 606 1749 dum
638 1693 848 1757 affecta,
876 1701 932 1746 ut
969 1708 1072 1747 non
1106 1692 1262 1746 facile
1291 1691 1487 1746 reverti
1516 1700 1719 1761 posset,
1744 1692 1835 1745 sed
1886 1690 2045 1745 auxi-

2151 527 2213 577 γε
2236 510 2504 581 ζητοῦντα
2528 527 2542 541 ·
2574 510 2626 563 τί
2657 510 2714 563 δὲ
2742 506 2811 581 ἦν
2833 511 2891 563 τὸ
2918 517 3249 581 κατεπεῖγον,
3287 514 3409 582 μετά
3430 514 3482 567 τὸ
3507 516 3636 582 εὑρε-

2152 600 2313 668 θῆναι
2342 600 2403 653 τὸ
2438 599 2713 669 πρόϐατον
2735 640 2752 667 ,
2809 601 2908 655 οὐκ
2953 603 3171 671 ἄγεσθαι
3211 605 3341 658 κατὰ
3365 605 3426 658 τὰ
3474 606 3637 668 πολλὰ,

2152 691 2269 745 ἀλλ’
2296 692 2389 745 ἐπὶ
2417 692 2525 747 τῶν
2546 692 2716 763 ὤμων
2752 696 3093 763 κομίζεσθαι,
3111 697 3299 767 καίπερ
3324 700 3528 751 τοσαῦτα
3554 717 3641 751 πε-

2156 782 2421 853 ρεσχηκδς
2468 783 2770 853 πράγματα
2823 787 2986 854 μόνον
3027 787 3132 839 τῶν
3164 787 3326 841 ἄλλων
3359 788 3643 858 προϐάτωνς

2150 873 2261 927 Καὶ
2280 875 2432 928 δοκεῖ
2458 875 2616 929 τοῦτο
2644 874 2940 941 δεικνύναι,
2968 877 3090 931 ὅσον
3119 880 3238 947 περὶ
3257 878 3484 931 πλείστου
3510 883 3646 932 ποιεῖ-

2149 981 2238 1017 ται
2276 966 2374 1034 τὴν
2426 966 2703 1035 ἡμετέραν
2751 967 3071 1035 ἀσφάλειαν.
3108 968 3325 1038 Προσέτι
3366 968 3417 1021 δὲ
3463 970 3648 1022 κάκεῖνο

2154 1056 2345 1125 μαθεῖν
2380 1054 2590 1120 ἔξεστιν
2618 1057 2727 1110 ἀπὸ
2746 1058 2960 1123 τούτου,
2984 1059 3065 1111 ὅτι
3089 1058 3148 1111 τὸ
3178 1057 3498 1128 πλανώμενον
3520 1059 3648 1125 εὐρε-

2151 1146 2242 1197 θὲν
2267 1146 2400 1199 πολὺ
2426 1149 2827 1218 τετριχωμένον
2863 1150 3103 1220 ὑπῆρχεν
3131 1150 3192 1202 ὲκ
3214 1151 3316 1202 τῶν
3342 1151 3431 1219 τῆς
3457 1149 3650 1217 πλάνης,

2152 1235 2331 1309 οἶμαι,
2364 1241 2550 1295 κακῶν
2569 1258 2586 1274 ⁸
2618 1246 2713 1296 καὶ
2742 1238 2811 1315 ἦν
2838 1239 2949 1298 οἷον
2982 1246 3056 1314 μὴ
3076 1245 3323 1299 δύνασθαι
3349 1245 3527 1316 ῥᾳδίως
3539 1247 3651 1298 ἑπα-

2149 1330 2461 1400 νέρχεσθαι,
2506 1332 2642 1388 ἀλλὰ
2669 1334 2767 1402 τῆς,
2794 1335 2889 1388 τοῦ
2917 1335 3120 1403 ἀγαθοῦ
3159 1336 3400 1405 ποιμένος
3439 1330 3681 1405 δεόμενα-»Α

2149 1420 2469 1492 ἐπικουρίας
2490 1423 2570 1486 είς
2599 1423 2778 1478 τοῦτο.
2808 1425 2967 1487 Ἴσως
2989 1425 3109 1478 οὐδὲ
3134 1424 3398 1494 πρόθυμον
3417 1418 3478 1495 ἦν
3501 1423 3655 1477 τοσοῦ-

2147 1533 2239 1570 τον
2283 1518 2421 1588 πρὸς
2455 1517 2555 1589 τὴν
2582 1518 2813 1589 ἀρίστην
2858 1519 3117 1573 ἐπάνοδον
3141 1537 3155 1551 ·
3188 1518 3220 1591 ἦ
3258 1518 3359 1587 γὰρ
3390 1518 3450 1572 ἂν
3492 1518 3657 1588 ἐχρῆτο

2148 1608 2261 1669 τοῖς
2288 1609 2466 1672 ποσὶν,
2496 1608 2621 1662 ὅσον
2643 1605 2754 1662 οἷόν
2782 1624 2863 1663 τε.
2881 1609 3099 1681 Ἐπειδὴ
3114 1608 3169 1661 δὲ
3186 1608 3333 1661 τοῦτο
3364 1604 3660 1673 μανθάνομεν

2147 1695 2268 1749 οὐδὲ
2312 1696 2443 1765 γοῦν
2472 1699 2705 1768 σμικρόν
2730 1715 2782 1751 τι
2829 1698 3054 1769 βαδίσαν
3082 1741 3095 1755 .
3152 1699 3352 1763 δόξειαν
3383 1696 3443 1749 ἂν
3472 1694 3659 1754 εἰκότως

480 1788 554 1841 lio
592 1787 719 1841 boni
750 1786 986 1856 pastoris
1025 1783 1093 1839 ad
1128 1784 1230 1839 hoc
1282 1785 1569 1851 indigeret.
1627 1782 1882 1838 Fortasse
1942 1796 2045 1838 nec

2149 1784 2231 1839 ετι
2264 1761 2383 1850 πῶς
2407 1761 2532 1851 τοὺς
2581 1761 2881 1859 λογισμοθς
2927 1790 3048 1860 δίχα
3080 1761 3403 1860 τεμνόμενον
3430 1780 3574 1840 εῖναι.
3606 1783 3660 1837 Ἦ
3732 1792 3735 1793 ⁷

480 1878 703 1939 alacris,
735 1877 812 1931 uti
847 1877 1101 1941 debebat,
1134 1875 1389 1945 optimam
1422 1876 1485 1928 ad
1520 1875 1845 1929 reditionem
1899 1883 2041 1937 erat,

481 1985 604 2024 nam
636 1971 925 2039 caeteroqui
963 1970 1192 2037 pedibus
1216 1983 1315 2024 usa
1339 1982 1438 2037 pro
1468 1967 1613 2021 virili
1643 1965 1857 2022 fuisset.
1885 1965 2043 2022 Ideo-

480 2077 585 2132 que
612 2077 734 2117 cum
797 2075 1213 2131 cognoscamus,
1270 2073 1389 2115 eam
1445 2074 1511 2114 ne
1564 2059 1782 2128 paulum
1829 2056 2043 2127 quidem

479 2168 842 2221 progressam,
876 2168 984 2206 non
1026 2150 1124 2205 abs
1159 2164 1217 2205 re
1251 2150 1419 2205 videri
1468 2149 1658 2219 possit,
1689 2149 2044 2218 cogitationes

480 2244 597 2312 ejus
657 2245 832 2297 adhuc
877 2243 1037 2313 quasi
1106 2241 1355 2311 bifariam
1404 2240 1574 2296 fuisse
1635 2240 1861 2295 divisas.
1904 2238 2040 2294 Nam

2148 1878 2259 1947 γὰρ
2299 1879 2561 1948 συνήθεια
2589 1880 2649 1934 τὸ
2678 1882 2851 1936 κακὸν
2883 1883 3146 1945 πολλάκις
3170 1881 3267 1951 ἡδὺ
3295 1880 3451 1941 ποιεῖ,
3482 1878 3565 1929 καὶ
3590 1876 3660 1928 διὰ

2146 1968 2319 2023 ταῦτα
2356 1970 2387 2022 δ
2418 1970 2590 2024 θέλων
2618 1972 2775 2025 τοῦτο
2804 1972 3068 2043 σωθῆναι,
3097 1972 3191 2025 ἐπὶ
3214 1971 3319 2025 τῶν
3345 1968 3499 2038 ὤμων
3527 1967 3659 2035 κομίο

2149 2058 2280 2124 ζων,
2294 2063 2409 2126 τοῖς
2429 2064 2586 2117 ποσὶν
2598 2064 2735 2134 ὑπὲρ
2749 2064 2963 2118 ἐκείνου
2985 2063 3281 2134 προθύμως
3297 2062 3555 2130 κέχρηται.
3574 2057 3661 2112 Καὶ

2147 2150 2333 2216 ἁπλῶς
2357 2153 2492 2223 πρὸς
2521 2154 2757 2220 ἅπαντα,
2777 2155 2921 2225 ᾇπερ
2941 2156 3112 2225 ἐχρῆν
3132 2156 3229 2223 μὲν
3252 2155 3438 2218 ἐκεῖνο,
3453 2145 3663 2219 ούκῆνδὲ

2146 2241 2377 2313 δύναμις
2402 2244 2578 2299 ταῦτα
2608 2245 2894 2315 πράττειν,
2920 2246 3136 2300 οἴκοθεν
3161 2245 3315 2307 αὐτὸς
3345 2241 3661 2309 συνεισφέρει.

481 2339 819 2395 consuetudo
850 2339 1047 2394 malum
1080 2351 1221 2408 saepe
1260 2337 1557 2407 jucundum
1591 2335 1788 2401 reddit,
1858 2350 1920 2390 ac
1954 2344 2242 2407 propterea
2310 2339 2404 2409 qui
2460 2339 2728 2395 oviculam
2782 2356 3001 2396 servare
3062 2340 3294 2404 volebat,
3346 2339 3398 2393 in
3461 2331 3665 2389 humeris

485 2434 628 2489 illam
660 2442 904 2503 portans,
944 2430 1171 2501 pedibus
1208 2430 1323 2498 ipse
1360 2428 1474 2484 suis
1508 2426 1759 2481 alacriter
1780 2440 1911 2481 usus
1945 2442 2043 2496 pro
2074 2443 2138 2483 ea
2199 2427 2299 2484 fuit
2332 2445 2347 2484 :
2381 2430 2448 2485 ad
2511 2432 2693 2486 omnia
2744 2434 2978 2502 denique
3036 2431 3375 2503 simpliciter,
3435 2444 3543 2499 qua:
3591 2425 3665 2481 illa

480 2528 697 2601 quidem
730 2534 991 2597 praestare
1010 2521 1260 2583 debebat,
1286 2520 1378 2575 sed
1417 2520 1635 2574 minime
1657 2527 1888 2589 poterat,
1913 2534 2130 2589 operam
2166 2521 2283 2593 ipse
2302 2538 2453 2579 suam
2495 2524 2739 2581 confert.

549 2621 787 2689 Quilibet
846 2632 976 2688 ergo
1038 2614 1416 2686 resipiscentia
1485 2613 1680 2677 frctus,
1708 2612 1887 2682 ampla
1916 2628 2042 2669 cum

480 2728 575 2779 spe
599 2712 794 2765 bonum
819 2710 886 2760 ad
914 2710 1055 2761 hunc
1079 2714 1351 2775 pastorem
1380 2703 1624 2767 accedat,
1647 2702 1737 2771 qui
1770 2710 1823 2756 et
1852 2703 2049 2759 drach-

481 2818 624 2860 mam
694 2801 838 2856 illam
895 2799 1160 2867 perditam
1206 2795 1476 2866 quaesivit,
1509 2794 1734 2864 ejusque
1764 2794 2046 2863 reperiun-

478 2899 561 2951 dac
594 2910 754 2951 causa
789 2892 945 2949 valde
976 2890 1255 2955 laboravit,
1283 2896 1337 2943 et
1367 2902 1486 2943 cum
1512 2900 1629 2942 eam
1651 2896 2044 2954 recuperasset,

478 2988 614 3044 tanti
650 2984 798 3040 dedit
832 2981 1029 3038 indicia
1065 2980 1268 3053 gaudii,
1309 2986 1570 3048 quantum
1626 2992 1696 3033 ne
1724 2979 1797 3034 illi
1827 2977 2043 3046 quidem

2223 2618 2338 2681 Πᾶς
2370 2635 2456 2677 τις
2487 2618 2581 2673 οὖν
2627 2621 2693 2689 τῇ
2734 2619 3079 2689 μεταγνώσει
3116 2621 3410 2693 θαρρήσας,
3438 2614 3667 2687 προσιέτω

2157 2711 2295 2779 μετὰ
2326 2710 2598 2780 λαμπρῶν
2636 2711 2746 2765 τῶν
2775 2712 3009 2766 ἐλπίδων
3057 2715 3140 2783 τῷ
3192 2712 3340 2781 καλῷ
3367 2710 3527 2779 τούτῳ
3571 2723 3671 2760 ποι-

2157 2803 2299 2872 μένι,
2332 2802 2407 2872 τῷ
2445 2804 2541 2857 καὶ
2563 2803 2661 2872 τὴν
2695 2803 3086 2873 ἀπολλυμένην
3113 2803 3358 2875 δραχμὴν
3392 2800 3666 2869 ζητήσαντιο

2153 2894 2249 2946 καὶ
2277 2894 2471 2964 κομιδῆ
2503 2895 2806 2963 μογήσαντι
2838 2895 2975 2963 πρδς
3011 2896 3116 2966 τὴν
3143 2896 3357 2964 εὕρεσιν
3384 2890 3575 2959 ἐκείνης
3592 2886 3671 2941 καὶ

2152 2982 2326 3051 χαρὰν
2353 2983 2713 3053 ἐνδειξαμένῳ
2763 2985 3057 3055 τοσαύτην,
3098 2987 3261 3057 ἡνίκα
3289 2984 3481 3052 ταύτην
3508 2982 3673 3032 ίπανιο

479 3079 785 3149 percipiunt
807 3074 900 3144 qui
931 3075 1069 3127 bona
1096 3072 1328 3141 quadam
1342 3070 1563 3124 fortuna
1593 3072 1881 3127 thesauros
1907 3072 2045 3125 inter

2152 3074 2413 3140 κτήσατο,
2445 3074 2580 3143 δσην
2611 3075 2721 3127 οὐδ’
2755 3075 2805 3127 oi
2833 3068 3150 3146 θησαυροὺς
3178 3080 3235 3129 ὲν
3258 3076 3335 3145 τῷ
3358 3074 3582 3142 ὀρύττειν
3601 3066 3675 3120 εὐ-

478 3168 792 3223 fodieudum
826 3164 1123 3231 reperiunt,
1161 3161 1282 3215 licet
1312 3162 1431 3214 auri
1468 3175 1660 3231 magna
1687 3162 1837 3228 copia
1874 3160 1965 3224 sit,
1994 3170 2047 3214 et

477 3272 744 3327 pauperes
763 3255 817 3309 bi
845 3252 1084 3323 quidem,
1124 3261 1179 3305 at
1217 3252 1366 3319 gravi
1403 3251 1647 3306 avaritia:
1679 3251 1868 3305 morbo
1901 3250 2045 3304 labo-

478 3357 698 3413 rantes;
764 3344 1009 3409 accedat,
1059 3342 1300 3411 inquam,
1347 3342 1414 3396 ad
1462 3354 1584 3395 eum
1640 3341 1730 3410 qui
1777 3339 1917 3397 ferre
1939 3356 2045 3395 non

478 3440 745 3510 potuit,ut
775 3437 912 3491 [ilius
939 3434 1028 3488 ille
1045 3433 1302 3503 prodigus
1330 3434 1545 3485 domum
1565 3432 1795 3496 veniret,
1824 3431 2047 3500 quando

480 3536 866 3589 adventantem
905 3537 1081 3582 autem
1127 3533 1435 3595 acceperat,
1475 3524 1567 3579 sed
1595 3523 1662 3578 ad
1693 3533 2043 3593 conspectum

477 3625 622 3679 illius
642 3633 695 3678 cl
734 3633 1019 3676 occursum
1072 3602 1293 3687 prodiit,
1329 3629 1567 3683 eumque
1596 3613 1768 3670 multo
1795 3629 1917 3668 cum
1951 3613 2049 3669 ho-

480 3729 614 3770 nore
647 3710 881 3781 excepit,
927 3720 983 3765 et
1016 3707 1290 3776 frequenti
1323 3706 1702 3774 complexuum
1761 3702 2051 3758 iteratione

479 3803 766 3875 quemdam
795 3798 1167 3856 admirabilem
1199 3798 1253 3852 in
1289 3796 1440 3851 illum
1473 3809 1713 3851 amorem
1746 3808 1811 3849 ac
1833 3794 2048 3849 deside-

478 3900 614 3953 rium
666 3892 985 3958 declaravit,
1039 3901 1091 3948 et
1113 3891 1183 3947 ob
1216 3889 1334 3960 ejus
1359 3887 1617 3953 salutem,
1675 3885 2044 3942 celebritatem

477 3988 767 4059 quamdam
826 3998 1173 4041 communem
1229 3980 1495 4037 instituit:
1539 3980 1605 4035 ad
1647 3993 1771 4033 eum
1804 3977 2045 4041 accedat,

477 4081 567 4152 qui
597 4092 935 4150 nequaquam
955 4075 1300 4131 abominatus
1319 4082 1399 4129 est
1424 4081 1661 4141 scortum
1686 4070 1815 4124 illud
1846 4068 2047 4136 nobile,

476 4171 623 4242 quod
658 4173 831 4241 ipsum
870 4178 924 4223 et
953 4168 1251 4235 aspiciebat
1274 4174 1327 4219 et
1354 4162 1746 4229 contrectabat,
1775 4174 2048 4231 purosque

478 4263 643 4331 pedes
670 4262 786 4329 ejus
813 4259 1251 4323 exosculabatur,
1287 4266 1342 4312 et
1364 4256 1547 4310 multis
1577 4254 1799 4310 eosdem
1830 4253 2045 4324 rigabat

480 4351 757 4423 lacrymis,
789 4365 853 4405 ac
893 4350 1135 4404 vicissim
1175 4363 1371 4417 magno
1401 4348 1620 4417 pietatis
1646 4347 1827 4403 studio
1854 4347 2046 4415 capitis

2151 3164 2425 3232 ρισκοντες
2463 3165 2522 3229 ἐξ
2567 3166 2776 3235 ἀγαθῆς
2805 3183 2952 3228 τινος
2989 3166 3190 3237 τύχης,
3240 3167 3434 3219 ὁπόταν
3463 3161 3493 3238 ᾖ
3527 3161 3608 3213 καὶ
3626 3157 3673 3208 τὸ

2148 3255 2372 3324 χρυσίον
2398 3255 2582 3323 ἁδρὸν,
2633 3260 2726 3309 καὶ
2770 3257 2877 3310 οἶδε
2922 3257 3033 3310 τῶν
3062 3260 3319 3329 πενήτων
3346 3258 3460 3324 μὲν,
3493 3249 3673 3321 μακρὰν

2147 3342 2204 3395 δὲ
2232 3343 2373 3398 πάνυ
2416 3345 2785 3417 φιλαργυρίαν
2835 3348 3144 3403 νοσούντων
3168 3365 3185 3381 ο
3221 3348 3297 3419 τῷ
3346 3345 3465 3415 μηδ’
3489 3338 3677 3409 ἀναμεί-

2149 3451 2300 3487 ναντι
2350 3436 2442 3489 τὸν
2478 3438 2688 3493 ἄσωτον
2742 3438 3164 3507 οίκαδ¹ὲλθεῖν,
3215 3438 3505 3507 ἐπειδήπερ
3559 3432 3675 3498 ἔγνω

2147 3525 2336 3578 τοῦτον
2360 3528 2678 3597 ἐρχόμενον,
2708 3529 2843 3583 ἀλλὰ
2868 3530 2965 3584 καὶ
2991 3531 3133 3598 πρὸς
3157 3530 3258 3600 τὴν
3278 3528 3480 3583 ἑκείνου
3504 3524 3613 3576 θέαν
3630 3534 3675 3571 τε

2150 3616 2242 3668 καὶ
2276 3617 2598 3687 συνάντησιν
2631 3619 2924 3685 ἐξελθόντι,
2979 3623 3076 3674 καὶ
3113 3619 3491 3687 ὑποδεξαμένῳ
3518 3612 3675 3666 τοῦτον

2148 3704 2318 3776 πολλῇ
2371 3710 2528 3777 τιμῇ,
2573 3710 2673 3762 καὶ
2702 3711 2824 3773 ταῖς
2858 3714 3087 3779 συχναῖς
3121 3709 3478 3781 περιπλοκαῖς
3503 3704 3679 3771 θαυμα-

2150 3794 2272 3846 στὸν
2317 3796 2680 3868 ινδειξαμένῳ
2730 3799 2826 3852 τὸν
2871 3800 3010 3869 πρὸς
3043 3800 3261 3856 ἐκεῖνον
3304 3796 3480 3868 ἔρωτά
3524 3808 3575 3845 τε
3602 3788 3670 3841 καὶ

2150 3884 2332 3950 πόθον,
2362 3886 2456 3938 καλ⁹
2485 3887 2670 3954 κοινὴν
2704 3889 3011 3963 πανήγυριν
3059 3889 3164 3960 τὴν
3200 3889 3411 3951 ἐκείνου
3441 3877 3673 3950 σωτηρίαν

2149 3975 2505 4043 ποζησαμένῳ
2529 3992 2542 4005 ·
2580 3976 2657 4047 τῷ
2684 3978 2949 4047 μηδαμῶς
2975 3977 3360 4048 βδελυξαμένῳ
3393 3976 3490 4045 τὴν
3521 3974 3678 4037 ὄνομα·

2150 4064 2282 4133 στὴν
2310 4065 2432 4118 τότε
2460 4064 2688 4135 πόρνην,
2719 4067 2934 4136 epam
2961 4084 3021 4120 τε
3051 4069 3246 4134 αὐτὸν,
3274 4069 3369 4121 καλ⁵
3406 4060 3679 4132 ἁπτομένην

2147 4154 2334 4218 αὑτοῦ,
2377 4157 2470 4209 καὶ
2493 4157 2620 4220 τοὺς
2647 4157 2953 4228 ἁχράντους
2979 4159 3152 4223 πόδας
3173 4156 3584 4226 καταφιλοῦσαν,
3604 4148 3678 4201 καὶ

2150 4246 2342 4316 συχνὸν
2374 4246 2434 4300 τὸ
2486 4246 2723 4317 δάκρυον
2765 4248 2947 4302 αὐτῶν
2977 4251 3415 4318 καταχεύουσαν,
3455 4244 3546 4298 καὶ
3579 4239 3679 4299 ταῖς

2149 4334 2294 4405 θριξὶ
2316 4335 2416 4404 τῆς
2456 4336 2699 4406 κεφαλῆς
2727 4334 2787 4401 ἐξ
2807 4337 2986 4390 αὐτῶν
3014 4339 3402 4406 ὲκμὰττουσαν
3426 4333 3573 4387 τοῦτο
3598 4325 3681 4382 ὑπὸ

479 4448 562 4504 sui
599 4410 811 4514 capillis
855 4457 948 4496 eas
1005 4410 1368 4508 abstergebat.
1402 4410 1477 4491 'Et
1532 4446 1710 4493 tamen
1760 4452 1857 4505 per
1894 4410 2044 4493 istac

2151 4426 2348 4495 πολλῆς
2379 4426 2685 4491 εὐλαϐείας.
2721 4427 2914 4482 Καίτοι
2956 4429 3043 4482 διὰ
3079 4430 3308 4484 πάντων
3342 4426 3575 4489 ἐκείνων,
3616 4410 3681 4479 οἷς

479 4534 683 4598 omnia,
709 4532 905 4603 quibus
929 4538 1057 4584 tunc
1090 4537 1296 4582 castum
1320 4526 1472 4581 illum
1497 4541 1738 4582 amorem
1782 4534 1929 4581 recte
1951 4525 2044 4581 de-

481 4623 746 4687 clarabat,
768 4636 892 4676 cum
930 4620 1081 4690 prius
1122 4617 1346 4672 libidine
1376 4616 1653 4686 ﬂagraret,
1686 4617 1886 4673 multos
1917 4633 2041 4687 per-

482 4714 713 4776 diderat,
740 4720 796 4766 et
815 4711 1047 4765 fortasse
1078 4706 1173 4777 qui
1200 4706 1405 4776 aliquid
1434 4721 1557 4763 esse
1589 4707 1922 4763 viderentur.
1948 4706 2042 4762 Ni-

480 4802 781 4858 hilominus
826 4802 965 4854 ltanc
1008 4797 1124 4866 ipse
1149 4811 1254 4850 non
1289 4796 1519 4865 repulit,
1547 4812 1646 4852 nec
1679 4798 2040 4867 impudentem

483 4908 548 4948 ac
584 4903 868 4963 procacem
916 4884 1230 4956 appellavit,
1276 4885 1369 4938 sed
1401 4885 1478 4939 illi
1519 4899 1733 4955 quoque
1764 4884 2042 4942 Pharisaeo

482 4982 717 5054 praetulit
770 4980 861 5050 qui
904 4992 1098 5047 magna
1149 4977 1202 5030 in
1266 4975 1521 5045 Opinione
1565 4978 1781 5032 virtutis
1805 4987 1943 5042 erat,
1978 4993 2043 5034 ac

484 5077 674 5132 Iaudes
724 5073 964 5143 denique
991 5069 1258 5141 quasdam
1303 5068 1353 5122 ei
1383 5067 1594 5124 tribuit.
1625 5067 1767 5122 Idem
1786 5078 1841 5123 et
1868 5070 2043 5138 publi.

482 5171 603 5228 cani
667 5160 1047 5226 humilitatem.
1094 5164 1140 5218 si
1191 5162 1410 5233 quidem
1452 5163 1524 5218 ita
1558 5170 1677 5218 erat
1725 5163 2040 5231 appellanda

482 5260 828 5334 propriorum
859 5256 1127 5312 malorum
1148 5253 1375 5327 agnitio,
1390 5252 1822 5324 pluribusipsius
1839 5254 2045 5310 delictis

481 5365 776 5423 opponens,
801 5349 971 5415 magis
998 5362 1120 5402 eum
1145 5346 1507 5416 justiﬁeatum
1524 5360 1555 5401 e
1579 5346 1776 5415 templo
1803 5347 2043 5413 deduxit,

484 5457 643 5514 quam
670 5441 924 5503 alterum,
970 5438 1065 5507 qui
1092 5445 1238 5491 recte
1260 5436 1475 5506 quidem
1522 5437 1749 5503 vixerat,
1790 5438 1883 5492 sed
1909 5450 2045 5493 actae

484 5532 739 5600 praeclare
772 5532 894 5585 vitae
923 5542 1083 5581 causa
1114 5529 1478 5597 superbiebat.
1512 5526 1752 5587 Ezechia:
1781 5529 2045 5599 lacrymas

484 5622 741 5684 admittit,
805 5628 861 5674 et
930 5618 1340 5673 conversionem
1421 5618 1515 5672 ﬁlii
1576 5620 1718 5687 ejus,
1775 5618 2042 5674 consimili

484 5712 647 5765 modo
674 5710 892 5773 factum,
932 5706 1076 5763 velut
1111 5707 1339 5767 aliorum
1378 5722 1541 5778 Opera
1587 5707 2044 5785 exiutialibenter

2144 4518 2236 4573 τὸν
2265 4518 2520 4590 σώφρονα
2555 4520 2769 4574 ἐκεῖνον
2786 4519 2966 4589 ἔρωτα
2988 4521 3174 4585 καλῶς
3194 4522 3561 4578 ἐπεδείκνυτο,
3583 4515 3688 4564 ἀκο-

2147 4610 2513 4665 λασταίνουσα
2542 4612 2762 4681 τοπρὶν,
2809 4612 2937 4674 τοὺς
2965 4611 3201 4676 πολλοὺς
3254 4611 3550 4670 ἀπώλεσεν,
3579 4604 3685 4660 iw;

2146 4702 2192 4755 δ’
2208 4702 2275 4781 ᾷν
2292 4702 2511 4755 καὶτῶν
2533 4701 2832 4757 δοκούντων
2866 4698 3009 4756 εἷναί
3028 4719 3103 4756 τι.
3120 4702 3183 4756 '0
3202 4703 3251 4755 δ’
3275 4702 3377 4755 οὐκ
3394 4696 3689 4753 ἀπεσείσατο

2149 4779 2377 4862 ταύτην,
2408 4792 2530 4846 οὐδὲ
2558 4794 2751 4858 ἀναιδῆ
2779 4793 3047 4862 προσεῖπε
3077 4793 3175 4847 καὶ
3206 4790 3406 4862 ίταμόν
3428 4805 3443 4821 ’
3465 4783 3591 4842 ἀλλὰ
3613 4779 3689 4830 καὶ

2144 4884 2240 4938 τοῦ
2267 4886 2562 4955 Φαρισαίου
2615 4885 2915 4955 προύθηκε,
2954 4883 3048 4937 τοῦ
3100 4883 3309 4938 πολλοῦ
3367 4874 3691 4951 νομιζομένου

2145 4975 2243 5046 τὴν
2284 4975 2507 5045 ἀρετὴν,
2543 4976 2635 5027 καὶ
2661 4976 2781 5027 κατ’
2810 4974 2982 5044 αὐτῆς
3020 4973 3280 5041 ἐγκώμιά
3325 4989 3450 5024 τινα
3475 4969 3691 5036 εἴρηκεν.

2148 5066 2314 5130 Οὗτος
2338 5066 2394 5118 δὲ
2421 5065 2515 5118 καὶ
2538 5063 2633 5118 τοῦ
2654 5062 2888 5116 τελώνου
2915 5064 3017 5133 τὴν
3035 5063 3397 5123 ταπείνωσιν,
3422 5057 3524 5125 εἴγ’
3545 5053 3695 5123 ίχρῆν

2143 5159 2286 5212 οὕτω
2319 5156 2505 5210 καλεῖν
2536 5154 2635 5224 τὴν
2658 5153 2765 5206 τῶν
2796 5154 2948 5205 ίδίων
2992 5151 3180 5204 κακῶν
3225 5150 3546 5217 ἐπίγνωσιν,
3568 5146 3692 5195 ἀντι·

2143 5245 2310 5307 τιθεὶς
2348 5246 2462 5307 τοῖς
2495 5244 2708 5304 πολλοῖς
2730 5242 2944 5296 ἐκείνου
2970 5238 3439 5311 πλημμελήμασι,
3475 5234 3694 5303 κατήγα-

2144 5352 2240 5404 γεν
2270 5336 2432 5388 αὑτὸν
2454 5337 2517 5388 ἐκ
2545 5333 2639 5388 τοῦ
2674 5331 2821 5401 ίεροῦ
2853 5330 3279 5400 δεδικαιωμένον
3316 5328 3462 5397 ὑπὲρ
3493 5327 3578 5379 τὸν
3622 5335 3698 5373 κα-

2143 5430 2250 5494 λῶς
2278 5429 2377 5499 μὲν
2411 5427 2736 5498 βεϐιωκότα,
2799 5424 3016 5492 μεγαλα
3046 5423 3104 5475 δὲ
3130 5422 3494 5494 φρονήσαντα
3520 5414 3594 5485 τῷ
3618 5428 3700 5466 κα·

2145 5526 2251 5588 λῶς
2274 5526 2446 5595 βιοῦν.
2480 5524 2710 5593 Δέχεται
2738 5520 2833 5574 τοῦ
2867 5517 3112 5582 Ἐζεκίου
3134 5518 3205 5570 τὰ
3227 5518 3472 5589 δάκρυα,
3514 5503 3700 5566 καὶτοῦ

2145 5617 2335 5680 παιδὸς
2368 5616 2534 5670 αὑτοῦ
2569 5616 2667 5685 τὴν
2702 5612 3040 5682 ἐπιστροφὴν
3067 5610 3244 5680 ὁμοίῳ
3287 5610 3478 5679 τρόπῳ
3500 5614 3706 5673 γεγενη-

2149 5707 2318 5777 μένην
2359 5705 2435 5770 ὡς
2490 5706 2666 5761 ἄλλων
2722 5701 3001 5774 ἀριστείας
3051 5699 3415 5772 ηομενίσατο.
3469 5697 3577 5767 Τὴν
3610 5691 3707 5761 γὰρ
