3920 6200
257 368 372 432 525

1665 354 1961 418 ORATIO
1990 354 2083 416 VI.

3423 359 3525 424 526

262 482 557 553 ἰσόρροπον
593 476 804 530 ἔκτισιν
838 472 993 542 ζητεῖ
1023 472 1132 524 τῶν
1178 468 1598 541 ἁμαρτημάτων
1651 473 1717 525 ἐκ
1744 473 1842 541 τῆς

1952 467 2194 538 accepit:
2221 466 2421 537 quippe
2448 464 2730 522 tuitionem
2783 466 3107 525 delictorum
3143 469 3291 527 velut
3313 474 3530 544 aequili-
3562 508 3567 519 ι

258 573 639 647 προαιρέσεως
667 568 778 621 τῶν
827 564 1267 635 μετανοούντων·
1324 564 1393 617 τὰ
1423 564 1479 616 δὲ
1517 564 1657 634 ἔργα
1702 569 1845 623 κατὰ

256 667 513 731 δύναμιν,
554 662 628 722 ὡς
655 660 755 713 κάν
789 660 904 720 τοῖς
932 656 1204 721 φθάσασιν
1232 656 1473 725 εἴρηται.
1512 656 1603 717 Ὠς
1628 658 1696 710 ἂν
1741 677 1845 729 μη-

254 756 451 827 δαμῶς
487 754 582 823 ἐξῇ
615 751 1055 815 συνεισενεγκεῖν
1087 751 1184 802 καὶ
1230 747 1425 811 ταῦτα,
1460 750 1687 816 ἀρκέσει
1718 751 1844 803 τού..

255 866 339 917 τῳ
368 847 461 900 καὶ
484 843 679 913 γνώμη
708 841 865 911 μόνη.
906 839 1065 895 οὕτω
1104 855 1188 892 τοι
1230 835 1335 893 καί
1367 837 1461 891 τὸν
1502 838 1710 910 λῃστὴν
1748 843 1845 894 αὑ-

257 939 504 1009 θημερδν
536 934 776 999 ἐδέξατο,
807 933 1013 1000 μᾶλλον
1035 931 1091 984 δὲ
1114 931 1207 983 καὶ
1229 929 1502 1000 αὐθωρδν,
1536 931 1586 985 εί
1622 931 1680 984 δὲ
1714 930 1843 1000 βού-

256 1030 345 1082 λει
378 1045 441 1096 γε
463 1068 479 1093 ,
511 1026 609 1079 καὶ
638 1028 695 1078 ὲν
725 1025 944 1092 ἀκαρεῖ,
976 1021 1242 1092 ὁμολογίᾳ.
1287 1021 1559 1091 στόματος
1586 1023 1747 1092 μόνῃ,
1775 1023 1843 1077 δι’

254 1122 330 1193 ἢν
363 1119 519 1173 οὐδὲν
546 1118 762 1184 ὑπέστη
792 1114 965 1167 δεινὸν
990 1152 1005 1177 ,
1052 1113 1162 1166 οὐδ’
1192 1109 1262 1183 ἦν
1308 1112 1457 1175 εἰκὸς
1506 1114 1839 1184 φοϐηθῆναι.

258 1214 329 1267 Τί
360 1212 471 1282 γὰρ
495 1210 593 1263 καὶ
616 1209 780 1261 πλέον
811 1200 886 1261 ὧν
921 1205 1152 1273 ἔπασχε,
1189 1206 1282 1257 καὶ
1305 1205 1475 1275 αὐτῆς
1499 1207 1599 1275 τῆς
1628 1208 1844 1275 ἀποφά-

259 1321 403 1366 σεως
454 1301 548 1354 τοῦ
577 1300 852 1363 θανάτου;
911 1297 1052 1351 Ἀλλ’
1087 1297 1277 1367 ἐπειδὴ
1322 1297 1507 1366 φωνῆς
1535 1293 1604 1368 ἦν
1638 1299 1844 1368 Κύριος

256 1397 380 1449 τότε
407 1394 599 1463 μόνης,
629 1392 832 1460 ταύτην
854 1390 1061 1452 πιστῶς
1089 1389 1473 1459 είσενηνοχὼς,
1491 1391 1656 1444 αὐτὸν
1685 1390 1845 1460 ἐκέρ-

262 1487 388 1540 δανε
426 1483 519 1536 τὸν
555 1482 910 1552 παράδεισον,
942 1475 1108 1532 ἆθλον
1172 1477 1465 1547 μακαρίοις
1526 1478 1842 1548 ἀφωρισμέο

263 1595 387 1630 νον·
418 1578 478 1629 ὃν
526 1591 590 1643 γε
646 1574 696 1626 οἱ
743 1572 1092 1640 προπάτορες
1136 1567 1465 1634 ἀπώλεσαν,
1522 1570 1620 1639 οὐχ
1651 1571 1842 1638 ὅτιπερ

255 1670 567 1738 ἐξήμαρτον
610 1666 692 1728 είς
724 1664 817 1717 τὸν
859 1663 1185 1734 εὐεργέτην,
1218 1661 1335 1714 ἀλλ’
1363 1662 1558 1729 ὅτιπερ
1589 1662 1841 1728 ἀπέγνω-

254 1778 363 1815 σαν
381 1761 481 1825 τῆς
504 1760 656 1827 σφῶν
686 1756 867 1811 αὐτῶν
894 1754 1189 1826 σωτηρίας.
1217 1754 1279 1808 Εἰ
1319 1752 1429 1825 γὰρ
1458 1757 1535 1824 μὴ
1565 1753 1724 1807 τοῦτο
1745 1749 1836 1823 ἦν,

1950 560 2099 614 brem
2135 560 2386 628 requirit,
2440 574 2506 613 ex
2534 558 2785 613 instituto
2814 561 2981 615 animi
3019 563 3463 632 resipisccntium
3508 585 3524 632 ;

1948 666 2114 720 Opera
2171 666 2320 717 vero,
2354 666 2449 719 pro
2482 651 2707 717 viribus,
2740 654 2815 706 uti
2850 670 3010 719 supra
3047 671 3263 725 quoque
3318 658 3527 714 dictum

1947 755 2065 800 cst:
2096 761 2215 815 quae
2248 760 2379 800 sane
2410 744 2454 799 si
2513 760 2857 814 nequaquam
2893 748 3053 801 simul
3112 748 3307 805 ali‘erre
3344 752 3527 819 liceat,

1950 837 2064 905 ipsa
2099 839 2366 891 duntaxat
2399 836 2653 892 voluntas
2684 839 2732 891 ei
2766 837 3017 893 suﬂiciet.
3046 839 3139 894 Sic
3169 851 3221 896 ct
3263 843 3525 900 latrenem

1949 929 2099 984 illum
2126 930 2318 985 eodem
2352 930 2438 985 die
2479 929 2703 999 recepit,
2732 931 2813 985 vel
2845 931 3023 997 potius
3039 934 3227 987 eadem
3256 936 3410 1001 hora,
3440 939 3527 992 vel

1947 1018 1993 1073 si
2027 1021 2227 1084 mavis,
2262 1021 2315 1075 in
2352 1032 2630 1076 ηιοιιιοηιο
2668 1022 2950 1091 temporis,
2988 1039 3083 1092 per
3116 1026 3286 1080 solam
3320 1029 3531 1083 confes-

1946 1108 2158 1167 sionein
2180 1114 2311 1176 oris,
2340 1122 2561 1182 propter
2586 1128 2750 1180 quam
2771 1115 2904 1168 nihil
2932 1131 3230 1184 perpessus
3269 1130 3351 1172 est
3381 1121 3529 1183 ιιιαιί,

1945 1218 2049 1257 nec
2101 1202 2379 1257 formidari
2416 1203 2713 1275 quidquam
2783 1220 2881 1273 par
2916 1218 3055 1261 erat.
3105 1208 3245 1273 Quid
3282 1211 3425 1263 enim
3456 1211 3529 1264 illi

1947 1304 2189 1369 metuere
2212 1295 2387 1366 majus
2412 1305 2625 1363 poterat
2643 1312 2807 1365 quam
2837 1314 2959 1367 qua
2980 1308 3110 1353 tunc
3127 1301 3532 1368 perpetiebatur

1944 1398 2000 1444 et
2027 1389 2140 1457 ipsa
2176 1391 2365 1442 mortis
2388 1388 2706 1443 sententia?
2738 1390 2831 1443 sed
2863 1391 2992 1459 quia
3029 1392 3175 1446 vocis
3205 1401 3332 1448 tunc
3359 1395 3531 1449 solius

1945 1478 2199 1532 dominus
2227 1489 2366 1543 erat,
2394 1494 2455 1532 ea
2480 1479 2711 1533 ﬁdeliter
2746 1480 2964 1547 collata,
2998 1484 3307 1551 paradisum
3346 1485 3522 1554 ipsum

1944 1568 2188 1623 lucratus
2241 1578 2345 1635 est,
2377 1570 2658 1637 praemium
2701 1570 2876 1623 beatis
2920 1570 3291 1628 destinatum:
3361 1590 3521 1642 quem

1945 1672 2208 1730 parentes
2238 1661 2316 1714 illi
2342 1661 2505 1730 primi
2540 1662 2798 1724 amisere,
2829 1678 2933 1716 non
2967 1663 3107 1731 quod
3138 1664 3402 1720 adversus
3433 1666 3527 1719 be-

1946 1750 2285 1806 nefactorent
2331 1765 2493 1805 suum
2527 1751 2912 1821 deliquissent,
2943 1754 3035 1806 sed
3062 1755 3209 1822 quod
3242 1753 3309 1807 de
3347 1756 3526 1810 salute

253 1852 364 1905 οὐκ
398 1851 466 1905 ἂν
501 1849 673 1917 ’Δδὰμ
716 1849 811 1900 ἰπὶ
852 1847 955 1911 τὴν
1007 1848 1269 1914 γυναῖκα,
1306 1845 1491 1915 ἐκείνη
1520 1845 1580 1899 δὲ
1613 1845 1709 1897 ἐπὶ
1748 1845 1839 1897 τὸν

1950 1858 2038 1900 sua
2076 1843 2484 1912 desperassent.
2547 1843 2682 1897 Nam
2728 1846 2937 1913 absque
2981 1846 3085 1899 hoc
3152 1846 3378 1912 fuisset,
3414 1864 3524 1903 non

250 1943 408 2011 ὅφιν,
436 1940 529 2006 τὴν
554 1940 652 2007 τῆς
688 1938 1053 2007 παραϐάσεως
1100 1935 1282 1991 αἰτίαν
1320 1935 1644 1990 ἀνετίθεσαν
1667 1951 1681 1966 ⁸
1720 1934 1837 1988 ἀλλ’

1950 1936 2183 1990 Adamus
2207 1935 2259 1989 in
2288 1948 2539 2000 uxorem,
2574 1934 2664 1988 illa
2687 1949 2879 1990 rursus
2908 1937 3316 2006 inserpentcm,
3344 1950 3527 1996 trans-

252 2032 579 2102 ὡμολόγουν
610 2031 709 2101 μὲν
734 2029 794 2082 τὸ
824 2028 1016 2093 κακὸν,
1040 2027 1453 2098 προσήγγελλον
1477 2027 1535 2081 δὶ
1581 2026 1838 2089 ἑαυτοὺς,

1950 2024 2237 2094 gressionis
2278 2024 2495 2095 culpam
2551 2025 2936 2091 contulissent,
2989 2027 3084 2080 sed
3129 2026 3372 2083 confessi
3400 2032 3525 2084 dili—

248 2126 359 2179 καὶ
380 2124 627 2195 ἀπῄτουν
670 2121 769 2191 τὴν
798 2119 1088 2190 διόρθωσιν
1124 2119 1232 2172 ἀπὸ
1267 2110 1469 2182 παντὸς
1496 2118 1727 2189 τρόπου.

1950 2129 2112 2182 ctum,
2143 2118 2352 2187 seipsos
2386 2133 2511 2174 reos
2558 2117 2825 2174 fecissent
2848 2119 3108 2189 omnique
3144 2126 3305 2179 modo
3342 2138 3527 2180 emen-

1942 2207 2218 2263 dationem
2251 2208 2607 2280 ﬂagitassent.

2016 2299 2213 2357 Verum
2235 2317 2302 2355 ne
2326 2304 2591 2358 orationis
2620 2305 2743 2359 usui
2786 2314 2999 2377 tempus
3027 2309 3209 2379 ipsum
3237 2312 3381 2367 haud
3415 2319 3529 2370 sut-

247 2392 491 2463 αρκέσῃ,
545 2391 644 2454 τὰς
679 2388 949 2452 ἀϐύσσους
987 2387 1094 2441 τῶν
1148 2387 1410 2442 τοιούτων
1457 2387 1720 2458 ἐρευνῶν,
1772 2388 1841 2441 τὰ

1950 2391 2111 2459 lleiat,
2173 2394 2301 2447 dum
2362 2394 2678 2463 huiusmodi
2729 2411 2913 2452 rerum
2964 2401 3193 2471 abyssos
3232 2402 3524 2475 investigo,

246 2484 365 2553 μὲν
399 2482 569 2537 πολλὰ
594 2480 701 2535 τῶν
723 2470 993 2533 ἐπὶτοῦτο
1020 2478 1298 2549 φερόντων
1332 2477 1593 2548 παρίημι,
1623 2478 1713 2530 ὅτε
1746 2476 1842 2532 καὶ

1950 2482 2245 2551 complura,
2293 2499 2413 2551 qua:
2453 2484 2559 2540 huc
2612 2497 2862 2553 spectant
2902 2492 3119 2557 omitto,
3170 2496 3391 2563 quando
3430 2470 3528 2565 per

245 2577 378 2636 τοτς
418 2573 736 2643 εἰρημένοις
764 2572 951 2633 αὐτοῖς
981 2569 1296 2641 ἀρκούντως
1337 2564 1491 2639 οἶμαι
1544 2566 1837 2637 δεδεῖχθαι,

1950 2573 2205 2629 hactenus
2259 2574 2496 2630 indicata
2528 2578 2664 2633 satis
2704 2588 2922 2636 ostensa
2962 2595 3092 2652 puto
3124 2602 3246 2655 quae
3274 2588 3342 2641 ab
3365 2564 3523 2645 initio

246 2665 285 2719 ἃ
327 2682 422 2735 μοι
477 2663 675 2726 σκοπὸς
704 2657 773 2734 ἦν
803 2662 1041 2733 ἑξαρχῆς
1067 2678 1080 2693 ·
1121 2662 1299 2714 ὲκεῖνο
1326 2660 1372 2713 δ’
1401 2660 1468 2715 ἂν
1501 2660 1615 2723 τοῖς
1665 2658 1840 2712 ἅπασι

1950 2666 2218 2734 proposita
2243 2667 2400 2722 nobis
2417 2678 2602 2723 erant.
2630 2668 2748 2725 Hoc
2774 2674 2997 2741 quidem
3028 2677 3303 2734 universis
3327 2695 3528 2735 consu-

247 2772 322 2807 συ
338 2753 765 2824 μϐουλεύσαιμι,
813 2754 908 2807 καὶ
946 2752 1056 2823 πρὸ
1102 2752 1324 2806 πάντων
1368 2751 1591 2820 ἐμαυτῷ
1615 2789 1631 2816 ,
1670 2765 1841 2818 προσ-

1950 2753 2487 2826 luero,etimprimis
2513 2758 2763 2816 mihimet
2787 2763 3012 2833 ipsi,.ut
3052 2767 3105 2820 in
3141 2770 3526 2839 resipiscentia

239 2848 484 2919 δραμεῖν
517 2850 576 2901 ἐν
609 2847 874 2916 μετανοίᾳ
907 2846 999 2899 καὶ
1050 2845 1287 2915 δάκρυσι
1317 2845 1398 2915 τῷ
1429 2842 1684 2898 καλοῦντι
1713 2842 1842 2905 τοὺς

1950 2858 1997 2901 at
2037 2846 2296 2916 lacrymis
2350 2849 2419 2902 ad
2457 2862 2585 2904 eum
2628 2868 2940 2920 curramus,
2971 2859 3063 2927 qui
3088 2872 3413 2928 peccatores
3447 2869 3516 2917 ad

238 2938 619 3009 ἁμαρτωλοὺς
640 2940 719 3001 είς
744 2936 1057 3007 μετάνοιαν,
1086 2939 1214 3001 τοὺς
1236 2935 1508 3005 διψῶντας
1534 2935 1627 2987 ἐπὶ
1647 2933 1708 2987 τὸ
1731 2934 1840 2998 ζῶν

1950 2938 2376 3007 resipiscendum
2412 2941 2649 3010 invitat;
2687 2944 2939 3002 sitientes
2964 2949 3036 3001 ad
3084 2966 3281 3020 aquam
3308 2956 3524 3020 vivam;

236 3032 427 3099 ὕδωρ,
451 3028 542 3081 ἐπὶ
568 3029 660 3082 τὸε.⁸
687 3028 926 3099 χρηστὸν
954 3027 1121 3096 ζυγὸν
1151 3030 1249 3080 καὶ
1279 3026 1340 3079 τὸ
1374 3026 1597 3094 φορτίον
1624 3027 1684 3077 τὸ
1715 3023 1841 3077 ἔλα·-

1950 3029 2121 3086 l‘essos
2152 3041 2206 3085 et
2246 3044 2506 3087 oneratos
2564 3034 2755 3091 dolore
2791 3040 3139 3111 pondereque
3193 3048 3426 3113 peccati,
3459 3052 3526 3102 ad

235 3123 396 3194 φρὸν
424 3122 552 3184 τοὺς
582 3120 891 3183 κοπιῶντας
926 3120 1022 3172 καὶ
1064 3119 1537 3189 πεφορτισμένους
1570 3116 1718 3188 πόνῳ
1746 3119 1842 3171 καὶ

1950 3121 2289 3197 commodum
2319 3120 2508 3192 jugum
2540 3134 2595 3178 et
2626 3138 2767 3181 onus
2802 3128 2918 3182 leve
2946 3144 2962 3193 ;
3017 3133 3085 3184 ad
3113 3148 3233 3186 eum
3265 3135 3355 3204 qui
3402 3137 3526 3191 ani-

236 3190 413 3285 ἄχθει
440 3215 539 3285 τῆς
558 3213 836 3285 ἁμαρτίας
863 3228 877 3244 ο
912 3212 988 3283 τῷ
1016 3214 1136 3275 ταῖς
1160 3210 1454 3282 ἡμετέραις
1479 3210 1679 3281 ψυχαῖς
1704 3225 1842 3279 πιιιρ⁴

1950 3212 2051 3266 mis
2081 3214 2282 3269 nostris
2334 3216 2602 3270 malorum
2638 3220 2877 3274 remedia
2919 3237 3029 3276 non
3079 3227 3241 3280 modo
3272 3229 3443 3295 gratis
3475 3239 3529 3283 ct

236 3310 506 3380 εχομένῳ
555 3308 909 3377 τάλεξιτήρια
960 3306 1070 3359 τῶν
1106 3305 1291 3360 κακῶν
1336 3307 1399 3358 οὐ
1437 3304 1599 3375 μόνον
1640 3305 1842 3373 προῖκα

1950 3304 2161 3373 absque
2200 3305 2375 3375 pretio
2417 3308 2756 3377 suppeditat,
2809 3327 2999 3367 verum
3040 3316 3206 3371 etiam
3264 3320 3308 3372 si
3343 3322 3432 3389 qui
3461 3336 3526 3375 ca

238 3404 352 3456 καὶ
406 3400 622 3470 ἀμισθὶ,
662 3400 800 3454 ἀλλὰ
859 3399 953 3452 καὶ
1004 3399 1169 3468 χάριν
1223 3397 1574 3464 γινώσκοντι,
1614 3397 1668 3449 εί
1698 3413 1842 3459 τινες

1950 3395 2235 3463 recipiant,
2277 3398 2509 3465 gratiam
2568 3400 2763 3467 habet;
2802 3404 2895 3473 qui
2951 3419 3059 3460 non
3092 3407 3238 3463 domi
3271 3425 3525 3478 manens,

240 3497 406 3549 αὑτά
438 3492 721 3557 δέξαιντω
751 3492 811 3555 ὃς
861 3491 963 3543 οὐκ
999 3489 1278 3560 ἐξεδέχετο
1315 3491 1494 3559 μένων
1530 3487 1669 3542 οίκοι
1722 3487 1842 3550 τοὺς

1950 3488 2299 3555 exspectabat
2328 3491 2448 3560 Opis
2488 3490 2846 3561 impetrandae
2894 3509 3061 3552 causa
3104 3510 3386 3565 venturos,
3423 3512 3521 3558 aut
3566 3484 3569 3487 I

232 3585 624 3653 ἀφιξομένους
652 3582 726 3646 ὡς
760 3581 923 3636 αὑτὸν
970 3582 1108 3651 ὑπὲρ
1142 3579 1468 3649 θεραπείας,
1505 3579 1538 3649 ἢ
1591 3578 1723 3647 γοῦν
1753 3579 1842 3631 τδν

1950 3579 2140 3635 saltem
2156 3581 2392 3652 aliquem
2412 3598 2471 3639 se
2500 3595 2816 3642 vocaturum
2842 3593 3525 3660 ctarcessiturum,eorum

242 3679 565 3729 καλέσοντα
620 3674 713 3729 καὶ
748 3666 1249 3744 μεταπεμφόμενον
1284 3672 1430 3725 κατὰ
1460 3672 1588 3733 τοὺς
1614 3671 1728 3723 τῶν
1765 3672 1842 3723 ία-

1953 3673 2284 3729 medicorum
2316 3690 2467 3731 mere
2498 3678 2587 3747 qui
2622 3693 2947 3735 succurrere
2984 3682 3363 3741 laborantibus
3394 3703 3525 3757 pos-
3592 3746 3597 3751 ,

241 3768 409 3838 τρῶν
439 3768 659 3835 νόμους,
688 3766 921 3819 τουτωνὶ
938 3764 1046 3817 τῶν
1079 3763 1397 3834 δυναμένων
1424 3762 1661 3833 ἀμύνειν
1686 3778 1702 3795 ³
1728 3760 1842 3815 axx

1950 3770 2105 3830 Sunt,
2134 3766 2227 3818 sed
2255 3765 2485 3834 ipsemet
2502 3781 2718 3837 semper
2749 3770 3032 3838 prodictas,
3060 3774 3114 3826 in
3153 3778 3395 3831 transitu
3430 3793 3527 3834 eos

240 3862 423 3922 αὐτὸς
451 3859 539 3912 ἀεὶ
563 3859 1001 3930 παρερχόμενος,
1034 3858 1165 3921 τοὺς
1198 3856 1389 3929 χρείαν
1424 3855 1650 3926 ἔχοντας
1681 3854 1842 3908 αὑτοῦ

1950 3855 2041 3923 qui
2072 3868 2176 3922 ope
2232 3854 2407 3924 ipsius
2464 3857 2790 3928 indigerent,
2844 3861 3144 3930 invitabat,
3180 3867 3523 3935 hortabatur,

238 3951 649 4021 προύκαλεῖτο,
693 3949 1025 4020 παρεκάλει,
1066 3948 1346 4016 μετεδίδου
1376 3946 1581 4011 παντὸς
1608 3945 1842 4015 ἀγαθοῦ,

1950 3949 2244 4018 participes
2266 3948 2444 4003 omnis
2475 3947 2607 4003 boni
2643 3951 2905 4006 reddebat
2928 3969 2941 4016 ;
2961 3964 3011 4007 et
3036 3966 3322 4025 postquam
3349 3962 3528 4014 omni-

236 4050 351 4101 καὶ
388 4040 448 4098 εῦ
499 4045 669 4097 ποιῶν
714 4059 781 4111 γε
812 4042 1024 4104 πάντας
1073 4040 1224 4110 ἑξῆς,
1260 4039 1427 4102 εὐθὺς
1461 4039 1643 4094 αὐτῶν
1674 4039 1842 4111 ἀπηλ-

1950 4038 2048 4094 bus
2072 4039 2448 4104 benefecisset,
2466 4055 2589 4094 mox
2610 4040 2678 4094 ah
2699 4041 2780 4096 eis
2801 4041 3136 4110 discedebat,
3158 4062 3226 4100 ne
3244 4051 3525 4116 praemium

236 4141 508 4202 λάττετο,
537 4137 626 4189 ἵνα
665 4136 740 4205 μὴ
771 4134 963 4205 μισθὸν
989 4134 1139 4188 ἄκων
1164 4132 1342 4188 λάϐοι.
1375 4131 1511 4185 Τίνα
1537 4130 1601 4201 δὴ
1636 4129 1842 4197 τοῦτον;

1950 4131 2156 4187 invitus
2201 4131 2498 4199 acciperet.
2552 4130 2836 4198 Quodnam
2895 4133 3065 4188 illud?
3119 4136 3365 4205 Ipsorum
3399 4156 3525 4195 cum

238 4233 366 4302 Τὴν
426 4229 653 4282 ὲκείνων
692 4227 971 4298 εὐφημίαν
1035 4226 1178 4296 μετὰ
1230 4225 1444 4294 κρότων
1492 4223 1842 4292 γιγνομένην.

1950 4224 2141 4294 plausu
2170 4221 2409 4277 faustam
2440 4222 2910 4279 acclamatiOnem.
2957 4224 3146 4295 Itaque
3174 4227 3281 4282 Leti
3318 4232 3528 4299 pariter

237 4322 541 4392 λαίρομεν
564 4318 741 4372 τοίνυν
775 4319 917 4387 ὁμοῦ
951 4317 1169 4379 πάντες.
1194 4315 1318 4369 Τῶν
1350 4316 1458 4387 γάρ
1489 4317 1579 4379 είς
1612 4312 1842 4368 ἐκεῖνον

1950 4329 2142 4371 omnes
2170 4315 2366 4370 simus.
2402 4314 2538 4370 Nam
2564 4316 2673 4369 illis
2698 4316 2788 4386 qui
2821 4317 3156 4372 creuiderunt
3176 4320 3228 4373 in
3246 4336 3384 4385 eum,
3403 4338 3527 4390 pec-

240 4412 755 4468 πεπιστευκότων
801 4412 875 4465 οὐ
923 4409 1216 4479 λογίζεται
1251 4408 1324 4463 τὰ
1355 4406 1748 4477 ἁμαρτήματα
1769 4444 1786 4471 ,
1818 4407 1842 4458 ό

1950 4416 2070 4461 cata
2091 4422 2197 4461 non
2218 4408 2550 4476 imputantur
2570 4407 2609 4473 ¹,
2630 4407 2807 4477 inquit
2823 4404 3107 4478 apoStolns
3132 4409 3355 4467 Paulus.
3376 4413 3529 4470 lianc

237 4503 555 4565 ἀπόστολος
580 4501 789 4564 Παῦλος
819 4497 965 4553 εἷπε.
998 4499 1219 4570 Ταύτην
1249 4499 1308 4551 δὲ
1348 4499 1520 4568 δήπου
1556 4497 1656 4567 τὴν
1682 4494 1842 4566 χάριν

1950 4511 2080 4553 vero
2122 4499 2349 4567 gratiam
2384 4498 2551 4553 semel
2587 4498 2808 4566 quidem
2865 4500 3022 4555 nobis
3073 4502 3187 4569 ipse
3225 4503 3530 4573 baptismns

345 2299 481 2353 Ἀλλ’
512 2299 600 2353 ἴνα
622 2299 699 2370 μὴ
728 2300 794 2369 τῇ
817 2297 976 2369 χρεία
1003 2297 1112 2351 τῶν
1131 2297 1306 2366 λόγων
1337 2301 1366 2351 ό
1405 2297 1599 2369 χρόνος
1625 2300 1728 2354 οὐκ
1751 2299 1839 2365 ἐξ·

235 4593 437 4657 δίδωσι
466 4596 569 4664 μὲν
596 4592 746 4658 ἅπαξ
774 4594 835 4647 τὸ
862 4593 1169 4664 βάπτισμα,
1192 4590 1379 4645 δίδωσι
1400 4589 1457 4643 δὲ
1487 4591 1520 4660 ἡ
1550 4588 1838 4659 μετάνοια,

237 4688 453 4757 ικείνῳ
505 4702 569 4754 γε
609 4684 951 4756 βοηθουμινη
1005 4683 1084 4753 τῷ
1118 4682 1354 4752 λουτρῷ,
1409 4681 1603 4743 ὁσάκις
1639 4682 1705 4736 ἄν
1753 4696 1840 4742 τις

236 4779 501 4851 γνησίως
531 4777 717 4847 ἐκείνῃ
748 4778 1035 4846 χρήσαιτο.
1083 4775 1250 4829 Ὥστε
1282 4775 1492 4835 ἐκεῖνος
1514 4771 1719 4841 ἀγαθὸς
1745 4770 1842 4826 καὶ

237 4874 366 4937 τοῖς
409 4869 660 4936 ἀγαθοῖς,
696 4869 790 4920 καὶ
831 4870 946 4929 τοῖς
990 4867 1065 4937 μὴ
1103 4864 1390 4927 τοιούτοις.
1454 4864 1565 4916 Καὶ
1617 4863 1734 4927 πῶς
1778 4861 1840 4914 οὐ

239 4965 467 5025 πάντας
499 4960 714 5031 χαίρειν
744 4960 845 5024 δεῖ,
882 4958 1124 5012 τοιοῦτον
1157 4958 1380 5029 ἔχοντας
1404 4956 1694 5027 δεσπότην,
1729 4949 1842 5009 οἷον

235 5059 268 5115 ό
308 5056 476 5123 λόγος
509 5054 639 5125 ἡμῖν
670 5052 843 5117 ἔδειξε
870 5069 885 5116 ;
916 5050 1136 5105 Μᾶλλον
1173 5050 1232 5103 δὲ
1288 5045 1401 5101 οἷον
1464 5047 1575 5099 οὐδ’
1640 5046 1707 5099 ἂν
1762 5039 1842 5105 εἷς

237 5148 427 5213 ιδειξε
458 5148 638 5215 λόγος,
684 5145 796 5199 οὐδ’
827 5145 894 5198 ἂν
926 5141 1189 5214 συνῆλθον
1236 5140 1375 5210 όμοῦ
1414 5140 1510 5194 καὶ
1538 5138 1648 5192 τῶν
1678 5136 1845 5206 ἀγγέ-

238 5243 386 5303 ὶων,
422 5240 521 5293 καὶ
558 5238 666 5293 τῶν
708 5234 1017 5305 ἀνθρώπων
1042 5237 1100 5289 at
1139 5235 1408 5304 γλῶσσαι.
1441 5232 1517 5287 οὐ
1570 5231 1676 5301 μὴν
1725 5226 1844 5284 ἀλλ’

241 5332 404 5385 ιστιν
426 5330 488 5383 ἓν
516 5346 570 5383 τι
596 5329 692 5383 καὶ
719 5328 910 5380 λυπεῖν
937 5328 1088 5392 ἄξιον
1119 5327 1248 5389 τοὺς
1276 5327 1335 5390 ἐξ
1361 5322 1639 5395 ἁμαρτίας
1677 5338 1844 5392 μετα·

240 5422 585 5491 νοήσαντας,
627 5422 720 5474 καὶ
757 5422 854 5490 τῆς
895 5420 1127 5489 ἀπείρου
1158 5418 1577 5491 φιλανθρωπίας
1610 5432 1843 5485 τετυχη-

242 5514 443 5575 κότας.
482 5514 548 5565 Τί
574 5513 771 5578 τοῦτο;
806 5512 881 5566 Τὸ
918 5512 1254 5583 μεμνῆσθαι,
1288 5513 1366 5576 είς
1399 5504 1512 5563 οἷον
1542 5511 1670 5565 ὄντα
1704 5509 1845 5573 πρὸς

238 5606 454 5667 αὐτοὺς
484 5604 832 5675 ὲξυϐρίκασι.
858 5605 969 5659 Καὶ
994 5607 1043 5659 τί
1097 5605 1163 5659 ἂν
1192 5601 1358 5676 ἦσαν,
1394 5602 1470 5674 μὴ
1498 5602 1658 5657 τοῦτο
1698 5602 1844 5675 πρά-

332 5782 358 5855 _‘
386 5780 548 5838 Rom.
580 5796 635 5845 ν,
670 5782 759 5839 t5.

1951 4589 2161 4655 tribuit,
2200 4588 2295 4666 sed
2353 4588 2542 4643 tribuit
2582 4596 2640 4644 et
2673 4589 3053 4661 resipiscentia
3080 4606 3414 4652 succurrens
3454 4597 3531 4652 illi

1950 4682 2190 4748 lavacro,
2218 4682 2434 4751 quoties
2464 4695 2527 4735 ea
2560 4696 2821 4752 germane
2846 4686 2937 4755 qui
2966 4700 3092 4743 usus
3123 4687 3311 4743 fuerit.
3344 4691 3532 4762 Itaque

1949 4769 2122 4823 bonus
2155 4777 2241 4823 est
2292 4768 2410 4836 ipse
2454 4777 2563 4824 tam
2595 4770 2753 4827 bonis
2782 4788 2943 4841 quam
2981 4790 3089 4830 non
3123 4777 3302 4835 bonis.
3333 4782 3397 4835 Et
3420 4798 3533 4852 quo

1950 4869 2108 4931 pacto
2136 4874 2243 4914 non
2266 4874 2458 4917 omnes
2481 4861 2636 4918 laetos
2665 4879 2787 4921 esse
2810 4868 3085 4934 convenit,
3106 4871 3198 4938 qui
3226 4872 3386 4928 talem
3430 4875 3534 4931 Do-

1951 4956 2157 5009 tninum
2178 4955 2473 5010 habeamus
2497 4956 2709 5025 qualem
2744 4962 2980 5015 ostendit
3005 4964 3203 5030 oratio,
3235 4965 3317 5021 vel
3341 4970 3527 5036 p0tius

1953 5047 2168 5116 qualem
2192 5047 2341 5102 nulla
2375 5049 2548 5117 possit
2574 5049 2867 5106 ostendere
2890 5054 3090 5119 oratio,
3123 5071 3188 5109 ne
3220 5059 3440 5125 quidem
3480 5059 3527 5113 si

1954 5148 2150 5193 coeant
2190 5138 2243 5193 in
2283 5152 2447 5192 unum
2482 5152 2675 5193 onmes
2709 5152 2765 5193 et
2802 5143 3121 5212 angelorum
3154 5155 3209 5199 et
3237 5147 3524 5201 hominum

1952 5227 2189 5298 linguae!
2227 5226 2334 5283 Sed
2375 5236 2556 5283 tamen
2579 5244 2743 5283 unum
2776 5231 2981 5300 aliquid
3010 5242 3093 5286 est
3122 5235 3264 5301 quod
3295 5252 3401 5291 non
3426 5238 3526 5291 abs

1952 5335 2011 5374 re
2050 5318 2292 5373 dolorem
2326 5319 2432 5374 illis
2458 5318 2641 5384 aﬂert,
2666 5321 2758 5387 qui
2786 5335 2853 5375 cx
2878 5334 3105 5389 peccato
3154 5327 3525 5394 resipuerunt,

1950 5424 2003 5467 et
2067 5412 2211 5466 illius
2252 5412 2476 5467 inﬁnita:
2510 5413 2814 5468 clementia:
2864 5414 3159 5483 participes
3218 5418 3345 5472 facti
3374 5431 3527 5476 sunt.

1947 5502 2088 5570 Quid
2122 5502 2309 5556 istuc?
2357 5502 2512 5569 Quod
2562 5503 2921 5558 recordantur
2951 5505 3006 5558 in
3046 5506 3262 5574 qualem
3308 5523 3432 5578 erga
3467 5524 3530 5566 se

1946 5595 2210 5683 ﬂagitiose
2236 5610 2298 5683 se
2328 5595 2619 5667 gesserint.
2658 5594 2724 5651 Et
2759 5596 2891 5667 quid
2945 5607 3150 5667 essent,
3183 5599 3439 5672 obsecro,
3473 5604 3527 5661 si

1869 5748 2069 5789 )S’.’

3398 5867 3453 5878 ..ς
