3920 6200
500 314 601 401 te"!

1681 335 2078 397 MANUELIS
2110 337 2565 397 PALIEOLOGI
3569 346 3654 410 5.28

487 459 594 511 hoc
628 470 729 509 non
789 452 1080 508 fecissent?
1115 450 1248 505 Nam
1285 448 1387 520 qui:
1422 464 1528 505 non
1557 449 1642 521 pie
1677 451 1952 513 vixerunt,
1984 464 2043 504 ac

2153 450 2385 515 ξαντεςς
2413 449 2478 502 Οἳ
2513 448 2623 519 γάρ
2669 450 2767 519 οὐχ
2815 449 2975 511 ὁσίως
3014 448 3353 519 βεϐιώκεσαν,
3390 453 3559 510 ἔπειτα
3600 463 3660 530 τῇ

487 545 682 599 deinde
713 542 1094 611 resipisccntes
1125 556 1188 595 ex
1238 540 1360 604 istis
1384 539 1739 603 facinoribus,
1771 540 1886 610 ipsa
1917 555 2044 610 pro-

486 638 742 707 pensione
773 639 838 689 ad
857 636 1052 689 bonum
1078 634 1362 703 propitium
1395 630 1599 701 experti
1631 642 1753 687 sunt
1791 632 1960 689 Deum
1979 634 2047 688 ab

486 747 544 785 se
572 731 778 790 laesum,
818 737 1130 795 tantumque
1194 725 1316 778 boui
1349 724 1416 779 ab
1441 738 1503 779 eo
1550 726 1845 790 consecuti,
1872 740 2047 794 quau-

487 829 597 872 tum
636 825 914 885 optarunt,
940 829 1102 883 quem
1142 814 1519 881 impetrassent
1566 815 1848 879 honorem,
1884 818 2045 869 obse-

430 966 449 983 η,
476 924 601 970 cro,
638 909 681 960 si
709 908 868 975 plane
896 906 1081 973 polluti
1116 920 1220 958 nun
1253 904 1692 972 fuissent?Quod
1723 906 1768 959 si
1807 907 1919 961 fieri
1950 921 2047 974 po-

488 1008 590 1051 test
621 1008 676 1051 ut
723 998 775 1050 in
828 997 994 1050 altera
1027 1010 1240 1065 quoque
1258 997 1364 1048 vita
1392 1009 1579 1050 eorum
1606 997 1772 1049 animi
1806 996 2044 1051 dolorem

488 1090 652 1145 ullum
712 1089 933 1142 omnino
988 1088 1246 1150 sentiant,
1279 1086 1381 1140 hoc
1409 1102 1502 1141 eos
1543 1102 1659 1141 mea
1689 1089 1902 1155 quidem
1931 1090 2047 1155 opi-

485 1184 646 1237 nione
671 1190 889 1250 punget,
937 1182 1080 1249 quod
1116 1180 1463 1233 vehementer
1489 1181 1687 1233 amanti
1741 1180 2041 1235 molestiam

485 1274 757 1343 peccando
790 1272 1029 1326 crearint
1061 1285 1227 1339 seque
1259 1271 1383 1323 vitis
1407 1270 1505 1337 ipsi
1558 1271 1868 1338 pollueriut.
1902 1272 2046 1338 Qua-

485 1374 705 1435 propter
747 1365 1029 1417 universos
1059 1363 1310 1429 equidem
1348 1363 1650 1415 monuerim
1675 1370 1729 1416 et
1766 1372 1893 1417 ante
1924 1378 2043 1417 om-

408 1528 413 1533 ἱ
486 1474 582 1513 nes
616 1472 791 1511 meum
826 1456 995 1524 ipsius
1021 1454 1285 1514 animum,
1320 1466 1387 1506 ne
1419 1454 1759 1509 committere
1796 1455 2042 1521 velimus,

484 1560 703 1619 propter
723 1564 841 1616 qua:
864 1547 1063 1599 inultas
1094 1546 1364 1612 profusuri
1392 1547 1561 1601 simus
1582 1547 1855 1617 lacrymas
1879 1556 2044 1617 atque

482 1643 736 1711 gemitus,
773 1639 863 1692 ubi
909 1639 1048 1689 viam
1084 1638 1148 1690 ad
1184 1638 1444 1706 optimam
1500 1640 1701 1693 reversi
1756 1639 2041 1706 fuerimus,

481 1734 572 1787 sed
603 1742 660 1785 ut
680 1731 781 1783 illis
806 1729 1186 1787 inhmreantus.
1222 1729 1285 1780 de
1312 1729 1505 1796 quibus
1536 1744 1665 1797 pura
1727 1731 1926 1800 percipi
1952 1747 2046 1785 vo-

483 1825 663 1891 luptas
711 1822 903 1889 possit,
954 1835 1086 1887 pure
1112 1820 1363 1872 nimirum
1394 1821 1643 1886 vivendo,
1676 1823 2051 1891 sperandaque

481 1931 580 1969 nos
607 1914 872 1981 petituros
894 1911 1110 1964 teternis
1128 1910 1232 1965 illis
1255 1912 1623 1980 voluptatibus
1649 1929 1663 1966 :
1703 1928 1821 1981 qute
1844 1914 2051 1969 scilicet

481 2005 669 2059 oculus
704 2000 937 2056 neminis
984 2000 1219 2067 aspexit,
1279 2014 1379 2053 nec
1442 2002 1590 2055 auris
1620 2002 1844 2065 audivit,
1890 2004 2051 2073 inque

482 2109 577 2148 cor
608 2090 841 2146 hominis
870 2104 973 2143 non
1006 2096 1382 2158 penetrarunt,
1412 2098 1469 2143 ut
1491 2090 1648 2144 divus
1678 2092 1767 2146 ille
1808 2093 2044 2162 Aposto-

481 2188 565 2239 lus
592 2185 831 2253 loquitur
857 2186 896 2235 ⁸.
923 2181 1056 2237 Cum
1078 2192 1258 2236 autem
1296 2181 1382 2235 hic
1407 2182 1637 2237 orationi
1657 2195 1851 2239 nostra:
1889 2186 2047 2241 linem

482 2276 867 2347 imponendum
940 2290 1215 2337 censeam,
1258 2274 1433 2328 dicam
1489 2275 1691 2344 aliquid
1724 2278 1790 2331 de
1836 2291 2047 2332 summa

480 2372 572 2425 illa
624 2368 928 2432 clementia,
969 2368 1131 2421 breve
1180 2366 1396 2435 quidem
1426 2366 1556 2421 illud
1611 2368 1921 2434 admodum,
1953 2370 2047 2424 sed

481 2472 626 2517 recte
651 2472 826 2515 tamen
846 2476 1060 2514 omnem
1082 2459 1156 2513 rei
1179 2474 1424 2527 scopum,
1443 2475 1560 2513 mea
1594 2475 1725 2516 sane
1756 2464 2046 2527 sententia,

479 2562 865 2609 commonstrat
878 2568 1051 2605 urutn.

551 2650 653 2702 Aio
710 2646 803 2699 Dci
862 2656 1106 2701 nostrum
1157 2660 1282 2716 erga
1332 2660 1500 2714 genus
1550 2646 1872 2711 clementiae,
1928 2663 2050 2716 quae

477 2754 702 2808 prorsus
720 2747 802 2793 est
834 2738 1065 2805 iuliuita,
1093 2754 1197 2793 uon
1225 2752 1380 2807 posse
1397 2739 1688 2806 quidquam
1719 2738 2045 2807 aequiparari

418 2902 433 2913 ἢ
479 2833 562 2885 vel
618 2846 738 2885 cum
789 2845 849 2883 ea
883 2833 1209 2899 comparari,
1268 2831 1464 2884 nedum
1516 2830 1699 2899 lapsus
1738 2832 2043 2893 hominum.

485 2925 583 2994 qui
631 2925 853 2978 omnino
888 2925 1023 2978 lines
1077 2939 1205 2978 suos
1236 2925 1458 2977 habent.
1504 2923 1653 2990 Quod
1692 2940 1815 2978 cum
1850 2926 1921 2977 ita
1954 2923 2043 2991 sit,

492 3031 832 3085 nequaquam
892 3016 1088 3069 diviute
1138 3014 1439 3069 clementiae
1495 3015 1790 3079 suﬂ'ecerit,
1836 3017 1900 3067 ad
1957 3031 2047 3068 ac-

2152 541 2494 609 μεταγνώσει
2537 542 2653 595 τῶν
2679 542 2878 611 ἔργων,
2899 542 2993 594 καὶ
3015 543 3079 611 τῇ
3110 542 3242 612 πρὸς
3270 543 3329 597 τὸ
3345 546 3531 611 ἀγαθὸν
3557 551 3663 605 νεύ-

2108 688 2111 691 ,
2150 647 2255 695 σει,
2281 633 2409 685 ῐλεώ
2426 650 2486 685 τε
2510 634 2871 700 πεπείρανται
2897 632 2992 686 τοῦ
3018 634 3107 685 ὑπ’
3128 634 3304 686 αὐτῶν
3328 636 3660 708 ὑϐρισθέντος,

2148 726 2243 777 καὶ
2288 723 2542 778 τοσοῦτον
2586 720 2648 778 εὖ
2684 724 2988 777 πεπόνθασι
3021 727 3150 794 παρ’
3183 726 3364 791 αὐτοῦ,
3394 730 3570 783 ὁπόσον
3609 734 3666 785 ἀν

2147 814 2416 882 εὔξαιντο,
2448 817 2625 885 πόσης
2655 817 2723 870 ἂν
2763 817 2993 885 ὴξίωντο
3022 818 3208 887 τιμῆς,
3241 818 3312 888 μὴ
3348 820 3665 887 μολυνθέντες

2146 907 2245 976 τὴν
2286 908 2547 977 πρώτην;
2586 908 2647 963 Ei
2689 908 2734 960 δ’
2768 908 2945 961 ἔνεστι
2977 910 3140 961 κάκεῖ
3170 910 3268 971 τάς
3297 910 3486 963 τούτων
3511 912 3665 981 ψυχὰς

2147 997 2325 1067 λύπην
2355 997 2601 1067 ἡντινοῦν
2620 998 2761 1060 ὅλως
2789 998 2979 1066 ἔσχειν,
3011 997 3157 1049 τοῦτ’
3185 998 3249 1051 ἂν
3277 994 3422 1065 οἶμαι
3449 999 3505 1055 τὸ
3524 1002 3668 1069 πλῆτ-

2147 1106 2261 1152 τον,
2295 1089 2377 1141 ὅτι
2412 1088 2502 1141 τὸν
2538 1088 2741 1157 σφόδρα
2777 1088 3078 1156 φιλήσαντα
3104 1086 3332 1141 ἐλύπουν
3366 1089 3668 1157 ἁμαρτάνον·

2151 1198 2260 1245 σαι,
2299 1183 2394 1235 καὶ
2448 1184 2562 1243 τοῖς
2604 1185 2795 1241 κακοῖς
2836 1181 3169 1249 μολύνουσαι
3220 1182 3433 1243 ἑαυτάς.
3470 1184 3568 1235 Καὶ
3593 1184 3666 1239 διὰ

2148 1273 2318 1326 ταῦτα
2346 1276 2457 1335 τοῖς
2487 1274 2656 1327 πᾶσιν
2684 1272 2749 1325 ἂν
2767 1272 3192 1341 παραινέσαιμι,
3220 1273 3315 1326 καὶ
3345 1273 3448 1342 πρό
3474 1292 3531 1341 γε
3556 1278 3669 1328 πάνυ

2147 1382 2256 1417 των
2303 1368 2371 1433 τῇ
2403 1363 2642 1431 ἐμαυτοῦ
2688 1363 2863 1434 ψυχῇ,
2898 1363 2972 1433 μὴ
3030 1364 3205 1417 ταῦτα
3255 1364 3503 1432 πράττειν
3546 1367 3670 1434 ἡμᾶς

2148 1456 2374 1516 ἐθέλειν,
2427 1455 2496 1508 δι’
2525 1455 2561 1508 ά
2611 1454 2792 1523 δεήσει
2836 1453 3049 1507 πολλῶν
3079 1454 3329 1524 δακρύων
3361 1456 3450 1507 καὶ
3479 1473 3673 1523 στεναγ-

2153 1548 2304 1615 μῶν,
2352 1548 2447 1599 ἐπὶ
2501 1546 2598 1615 τὴν
2650 1548 2882 1616 ἀρίστην
2935 1546 3056 1601 ὁδὸν
3119 1546 3529 1617 ἐπιστρέψασιν·
3574 1548 3671 1601 ἀλλ’

2149 1640 2373 1693 ἐκείνων
2418 1637 2656 1708 ἔχεσθαι,
2689 1632 2771 1701 οἷς
2821 1639 2888 1690 ἀν
2928 1638 3012 1705 είη
3052 1637 3307 1705 καθαρῶς
3344 1638 3573 1707 ἥδεσθαι,
3609 1639 3674 1704 τῷ

2149 1750 2208 1786 τε
2256 1732 2516 1801 καθαρῶς
2570 1729 2743 1799 βιοῦν,
2771 1729 2852 1799 τῷ
2889 1746 2950 1781 τε
2985 1729 3231 1792 ἐλπίζειν
3260 1728 3526 1793 τεύξεσθαι
3566 1732 3676 1781 αἰω-

2153 1825 2285 1878 νίων
2317 1825 2689 1886 ἀπολαύσεων,
2724 1821 2764 1875 ιι
2796 1822 3100 1889 ὀφθαλμὸς
3148 1822 3260 1874 οὐκ
3288 1816 3428 1883 οἶδε,
3456 1821 3547 1876 καί
3588 1814 3677 1884 οὕς

2154 1917 2265 1969 οὐκ
2296 1915 2549 1983 ἤκουσε,
2582 1913 2681 1965 καί
2713 1913 2813 1966 ἐπί
2842 1912 3099 1979 καρδίαν
3130 1911 3437 1979 ἀνθρώπου
3465 1914 3565 1965 οὐκ
3591 1911 3675 1963 ἀν-

2151 2006 2281 2075 έϐη,
2335 2008 2476 2060 κατά
2527 2006 2615 2059 τὸν
2646 2006 2788 2059 θεῖον
2838 2004 3190 2058 Ἀπόστολον.
3245 2002 3493 2056 Ἐνταῦθα
3522 2002 3572 2055 δέ
3602 2018 3675 2070 μοι

2151 2101 2243 2152 τὸν
2266 2100 2422 2166 λόγον
2451 2099 2686 2168 οἰομένῳ
2709 2097 2821 2149 δεῖν
2848 2094 3181 2156 καταλῦσαι,
3213 2091 3478 2164 εἰρήσεταί
3503 2109 3548 2145 τι
3571 2091 3675 2159 περὶ

2152 2191 2250 2259 τῆς
2282 2192 2543 2244 ἀνωτάτω
2577 2188 3025 2260 φιλανθρωπίας,
3064 2185 3242 2257 βραχὺ
3285 2186 3380 2253 μὲν
3422 2185 3568 2245 πάνυ,
3594 2200 3675 2234 κα-

2152 2281 2258 2344 λῶς
2289 2282 2336 2335 δ’
2356 2281 2447 2335 οὖν
2484 2282 2631 2350 ὅμως
2666 2280 2727 2333 τὸ
2756 2282 2864 2334 πᾶν
2887 2278 3162 2342 δεικνύον,
3226 2278 3301 2342 ὡς
3336 2277 3512 2347 ιμοιγε
3540 2275 3675 2345 παρί-

2156 2391 2370 2440 σταται,
2402 2373 2496 2426 τοῦ
2537 2371 2763 2427 σκοποῦ.

2232 2646 2394 2715 Λέγω
2421 2648 2485 2717 δὴ
2517 2651 2585 2717 τῇ
2615 2647 2709 2701 τοῦ
2730 2644 2866 2701 Θεοῦ
2887 2647 3013 2715 περὶ
3038 2648 3107 2701 τὸ
3137 2663 3293 2717 γενος
3322 2643 3673 2716 φιλανθρωπίᾳ.

2152 2741 2361 2811 ἀπείρῳ
2398 2757 2460 2807 γε
2523 2740 2870 2793 παντάπασιν
2917 2737 3076 2810 οὔσῃ,
3114 2740 3191 2809 μὴ
3228 2737 3471 2791 δύνασθαί
3496 2753 3542 2789 τι
3585 2733 3675 2791 τῶν

2153 2832 2372 2886 πάντων
2422 2828 2836 2899 ἐξισωθῆναι,ῆ
2878 2826 3008 2895 γοῦν
3038 2830 3228 2897 ἐκείνῃ
3278 2824 3675 2898 παραϐληθῆναι,

2156 2923 2316 2992 μήτοι
2344 2938 2407 2989 γε
2444 2921 2511 2974 τὰ
2536 2920 2855 2988 πταίσματα
2872 2918 2982 2970 τῶν
3014 2916 3341 2987 ἀνθρώπων,
3376 2910 3447 2968 ὧν
3474 2916 3577 2967 ἐστι
3600 2926 3677 2962 πτ-

2154 3030 2221 3065 πε
2231 3013 2476 3083 ρασμένα
2502 3012 2571 3063 τὰ
2592 3012 2790 3065 πάντα.
2826 3010 2937 3063 Καὶ
2962 3011 3049 3062 ὅτε
3087 3008 3239 3062 τοῦθ’
3273 3008 3438 3069 οὕτως
3458 3006 3577 3074 ἔχει,
3603 3002 3677 3055 οὺο

478 3109 881 3163 curatissintuut
906 3108 1301 3175 suispecimcn,
1357 3105 1659 3161 abolevisse
1690 3107 1881 3161 delicta
1922 3107 2043 3160 uni-

2150 3105 2338 3173 δαμῶς
2374 3105 2660 3174 ἀρκέσειεν
2699 3103 2764 3156 ἂν
2796 3104 2931 3171 αὐτῇ
2968 3101 3110 3169 πρὸς
3140 3103 3239 3172 τὴν
3266 3101 3457 3169 ἑαυτῆς
3488 3095 3678 3168 ἀκριδε-

477 3217 756 3256 versorum
805 3201 1103 3261 hominum,
1144 3200 1232 3265 qui
1287 3196 1537 3250 videlicet
1574 3198 1623 3249 iu
1648 3196 1815 3250 Deum
1850 3211 2037 3250 revera

476 3306 624 3359 Spem
646 3306 795 3344 suam
829 3290 1163 3342 collocarunt
1195 3304 1207 3338 :
1247 3286 1420 3350 nullo,
1447 3286 1686 3353 inquam,
1718 3285 1897 3350 tnodo,
1934 3302 2038 3339 non

480 3384 525 3436 si
571 3381 888 3448 contingere
932 3386 1136 3441 posset,
1172 3386 1228 3431 ut
1257 3376 1347 3429 illa
1382 3375 1581 3429 millies
1605 3375 1813 3443 majora
1847 3374 2041 3442 selpsis

480 3475 691 3529 tierent.
757 3471 874 3523 Non
928 3468 1181 3537 pertingit
1235 3467 1470 3521 hominis
1524 3481 1676 3521 mens
1724 3472 1790 3522 ad
1836 3468 2039 3536 aliquid

477 3580 688 3625 eorum,
733 3564 799 3615 dc
832 3561 940 3613 Deu
969 3577 1087 3629 quae
1117 3559 1555 3625 considerantur,
1594 3573 1693 3613 nec
1740 3559 2041 3628 propinquo

477 3654 546 3707 ab
579 3652 685 3705 illis
714 3650 995 3704 intervallo
1022 3652 1192 3703 abest.
1224 3647 1494 3716 Quidquid
1519 3662 1647 3717 ergo
1678 3662 1929 3717 maguum
1959 3656 2042 3703 est

476 3756 531 3799 et
562 3754 867 3815 augustum,
906 3745 1018 3796 sive
1048 3755 1267 3805 nomen,
1300 3740 1415 3793 sive
1450 3753 1554 3801 res,
1579 3748 1671 3792 aut
1702 3740 2043 3807 quidcunque

479 3841 693 3891 tandem
723 3835 905 3897 fuerit,
934 3833 1075 3901 quod
1102 3831 1297 3886 mentis
1320 3841 1587 3900 potestate
1610 3842 1913 3902 naturaque
1932 3833 2045 3888 for-

480 3929 613 3983 mari
651 3939 705 3983 et
739 3927 941 3996 percipi
974 3927 1163 3996 possit,
1206 3925 1256 3978 id
1293 3934 1567 3981 ostensum
1599 3935 1684 3980 est
1716 3925 1855 3980 infra
1903 3942 2043 3997 per-

478 4023 791 4091 ceptionem
834 4029 1152 4073 accuratam
1209 4019 1510 4073 clementiae
1566 4016 1866 4074 Salvatoris
1920 4034 2043 4074 esse

476 4116 737 4182 positum.
765 4112 868 4182 Ipsi
901 4112 1092 4180 gloria,
1119 4125 1241 4164 cum
1265 4110 1425 4165 Patre
1465 4120 1768 4177 sanctoque
1816 4110 2043 4178 Spiritu,

480 4207 532 4258 in
561 4206 759 4258 saecula
785 4203 1070 4255 tribuatur.
1102 4202 1296 4257 Anien.
1702 4210 1703 4213 ‘

1055 4311 1309 4364 ORATIO
1351 4310 1460 4364 VII.

2151 3196 2355 3266 στάτην
2431 3196 2691 3259 ἐπίδειξιν
2748 3197 2807 3247 τὸ
2868 3198 2968 3264 τὴν
3030 3196 3315 3265 ἁμαρτίαν
3390 3189 3680 3262 ἀνῃρηκέναι

2148 3286 2401 3337 πάντωνά
2425 3284 2929 3354 νθρὼπων,δηλαδὴ
2967 3284 3078 3336 τῶν
3110 3287 3193 3346 είς
3231 3284 3364 3336 Θεὸν
3402 3284 3472 3345 ὡς
3498 3277 3680 3349 ἀληθῶς

2149 3378 2459 3447 ἠλπικότων
2483 3392 2498 3407 ο
2547 3376 2810 3446 οὗμενουν
2847 3376 3128 3443 οὐδαμῶς,
3169 3377 3283 3429 οὐδ’
3320 3377 3367 3431 εί
3398 3372 3597 3429 δυνατὸν
3625 3365 3681 3438 ἦν

2150 3470 2315 3538 αὐτὴν
2346 3470 2607 3539 μυριάκις
2628 3468 2828 3538 ἑαυτῆς
2863 3468 3033 3537 μείζω
3059 3469 3341 3536 γενέσθαι,
3361 3468 3431 3520 Οὐ
3458 3465 3569 3526 νοῦς
3601 3464 3680 3515 ἀν-

2150 3561 2419 3631 θρώπινος
2449 3562 2750 3629 ἐφικνεῖται
2778 3560 2918 3631 πρός
2940 3576 2992 3612 τι
3016 3560 3129 3611 τῶν
3170 3561 3300 3630 περὶ
3332 3546 3459 3613 Θεὸν
3493 3552 3682 3623 νοουμέ-

2150 3670 2275 3719 νων,
2307 3654 2414 3706 οὐδ’
2438 3655 2623 3721 ἐγγύς.
2661 3654 2771 3715 Πᾶς
2805 3652 2898 3705 οὖν
2930 3651 2958 3707 ὃ
2992 3652 3141 3720 μέγα
3174 3669 3234 3709 τε
3266 3652 3354 3705 καὶ
3388 3650 3568 3720 σεμνὸν
3590 3646 3679 3699 εἴτε

2150 3746 2406 3813 πρᾶγμα,
2440 3744 2549 3798 εἴτε
2580 3745 2627 3797 τ’
2659 3746 2847 3814 ὄνομα.
2882 3744 2914 3814 ἢ
2944 3746 2971 3798 ὃ
2998 3762 3052 3797 τι
3089 3746 3213 3799 ποτ’
3242 3746 3308 3800 ἂν
3340 3746 3432 3799 καὶ
3463 3743 3559 3810 εἴη,
3607 3735 3680 3789 νοῦ

2152 3837 2246 3890 καὶ
2276 3837 2497 3907 ἐξουσίᾳ
2518 3836 2611 3889 καὶ
2628 3837 2897 3903 πεφυκότι
2924 3836 3241 3906 πλασθῆναι
3264 3854 3322 3888 τε
3344 3836 3434 3889 καὶ
3461 3830 3675 3899 νοηθῆναι

2149 3927 2470 3996 δυνάμενον,
2502 3928 2635 3979 εἵσω
2657 3928 2857 3980 πίπτον
2900 3926 3182 3980 δείκνυται
3211 3928 3347 3998 πρὸς
3380 3923 3566 3991 ἀκριϐῆ
3603 3935 3679 3971 τι·

2150 4020 2381 4089 τάληψιν
2401 4020 2501 4089 τῆς
2521 4018 2615 4074 τοῦ
2642 4020 2891 4091 Σωτῆρος
2918 4020 3112 4088 φιλανθ
3121 4018 3511 4091 ρωπίας.Δύτῴ
3533 4017 3561 4084 ἡ
3580 4010 3680 4075 δόξα

2151 4110 2268 4179 ἃμα
2298 4110 2375 4181 τῷ
2398 4105 2597 4183 Πατρὶς
2625 4113 2719 4164 καὶ
2737 4112 2876 4182 ἁγίῳ
2903 4112 3210 4182 Πνεῦματι,
3240 4112 3322 4176 τίς
3346 4111 3465 4173 τοὺς
3495 4104 3679 4163 αίῶνες·

2152 4204 2211 4256 ’Δ
2221 4206 2352 4273 μήν.

2762 4320 2983 4375 ΛΟΓΟΣ
3043 4318 3119 4375 Ζ’.

475 4408 552 4462 De
586 4404 881 4459 humilitate
902 4442 916 4467 ,
956 4412 1109 4471 atque
1142 4404 1298 4455 etiam
1332 4418 1395 4454 ea:
1427 4410 1610 4470 parte,
1647 4403 1711 4456 de
1743 4404 2041 4459 dilectione.

2156 4410 2291 4479 Περὶ
2328 4413 2925 4503 ταπεινοφροσύνῃςλ·
2984 4422 3052 4465 εκ
3090 4412 3318 4480 μέρους
3362 4412 3427 4466 δὲ
3460 4411 3549 4465 καί
3577 4402 3683 4473 περὶ

546 4565 887 4619 Postremum
915 4570 1077 4631 caput
1103 4575 1167 4616 ex
1198 4562 1263 4617 iis
1288 4577 1405 4627 quae
1433 4563 1527 4617 tibi
1555 4578 1584 4617 a
1611 4563 1766 4620 nobis
1797 4566 1861 4621 ad
1890 4581 2046 4623 exco-

477 4659 692 4713 lendum
736 4668 914 4709 mores
956 4653 1253 4708 laudabiles
1292 4654 1489 4708 tradita
1528 4663 1682 4719 sunt,
1727 4656 1793 4712 de
1830 4659 2047 4714 humili-

477 4760 587 4803 tate
617 4748 936 4803 disserebat.
965 4746 1150 4814 ltaque
1176 4761 1284 4800 non
1314 4745 1410 4801 abs
1437 4762 1495 4801 re
1521 4758 1794 4818 postrema
1826 4767 2043 4821 quoque

475 4840 553 4894 sic
580 4854 607 4891 a
639 4839 792 4892 nobis
823 4838 1133 4892 instituatur
1158 4838 1353 4903 oratio,
1383 4848 1440 4892 ιιι
1472 4840 1523 4893 in
1555 4841 1795 4909 ejusdem
1826 4843 2041 4899 virtutis

472 4930 856 5001 praedicatione
883 4942 1003 4981 cum
1033 4926 1122 4981 illo
1150 4929 1470 4983 consentiat.
1500 4927 1641 4994 Quin
1671 4931 1835 4984 etiam
1866 4932 1953 4984 illa
1988 4933 2038 4985 in

472 5021 736 5083 oratione,
772 5034 878 5087 qua
919 5029 968 5070 te
1007 5020 1073 5072 ad
1111 5018 1431 5086 eloquentiae
1469 5019 1646 5072 studia
1690 5022 2034 5088 cohortabar,

471 5114 647 5166 obiter
679 5111 834 5179 quasi
870 5108 1121 5177 quiddam
1160 5109 1224 5161 de
1262 5094 1628 5161 moderatione
1659 5108 1995 5164 disserebam
2018 5152 2033 5177 ,

472 5205 589 5270 ipso
619 5216 719 5255 nos
749 5200 1008 5254 orationis
1039 5199 1239 5267 impetu
1270 5212 1452 5251 secum
1484 5198 1800 5266 abripieute.
1832 5198 2035 5254 intelli-

470 5308 600 5361 gere
629 5308 758 5347 vero
787 5294 959 5362 potui,
990 5290 1156 5345 fuisse
1187 5300 1312 5343 tunc
1338 5299 1576 5344 arrectas
1604 5290 1821 5344 illorum
1855 5306 2038 5354 aures,

470 5387 563 5453 qui
607 5388 857 5448 aderant,
892 5385 1040 5438 velut
1082 5383 1510 5437 existimantium
1554 5396 1612 5436 se
1652 5383 1747 5436 illo
1789 5386 1854 5438 de
1896 5386 2039 5439 bono

470 5477 734 5543 prolixius
766 5476 968 5543 aliquid
1004 5476 1301 5529 audituros.
1333 5475 1400 5526 At
1430 5488 1529 5543 ego
1557 5484 1681 5528 tunc
1709 5476 1924 5545 quidem
1959 5478 2039 5532 eis

470 5579 575 5617 non
609 5567 975 5633 grttlilicabut‘,
1013 5579 1078 5619 ne
1113 5575 1313 5619 temere
1346 5568 1502 5633 quasi
1537 5573 1878 5623 transversus
1909 5584 2036 5637 age-

542 5742 557 5771 ¹
593 5739 607 5790 1
646 5739 771 5791 Cor.
817 5755 879 5809 tt,
918 5741 973 5795 9.

2798 4482 3061 4548 ἀγάπης.

2216 4576 2337 4630 Τῶν
2363 4576 2675 4645 κεφαλαίων
2696 4576 2757 4628 τὸ
2785 4574 3037 4640 ὕστατον,
3063 4578 3099 4630 ἆ
3134 4594 3219 4630 σοι
3254 4577 3382 4649 παρ’
3406 4575 3555 4647 ἡμῶν
3573 4568 3684 4622 ἀπο-

2142 4667 2350 4721 δέδοται
2379 4670 2459 4732 είς
2485 4667 2633 4736 ἠθῶν
2659 4666 2964 4719 σπουδαίων
2987 4667 3340 4736 ἐπιμέλειαν,
3373 4667 3497 4735 περὶ
3527 4670 3687 4717 ταπει-

2144 4754 2481 4824 νοφροσύνης
2528 4755 2826 4822 διελέγετο.
2857 4754 3098 4818 Εἰκότως
3143 4757 3212 4811 ἂν
3250 4754 3345 4811 οὖν
3390 4758 3584 4825 γένοιτο
3601 4748 3687 4825 ταὶ

2140 4846 2169 4897 ό
2207 4845 2519 4906 τελευταῖος
2568 4847 2699 4914 ἡμῖν
2733 4846 2891 4910 λόγος
2929 4845 3106 4912 οὗτος,
3147 4847 3344 4918 ἐκείνῳ
3375 4839 3686 4915 συμφθεγγό-

2150 4952 2330 4998 μενος,
2381 4934 2461 5003 τῷ
2499 4936 2599 5003 τὴν
2651 4936 2821 5006 αὐτὴν
2858 4936 3048 5007 ἐκείνῳ
3087 4938 3290 5010 ἀρετὴν
3337 4918 3684 5009 [inpurum

2149 5025 2255 5093 μὴν
2309 5024 2445 5077 ἀλλά
2511 5025 2604 5076 καὶ
2651 5025 2708 5076 ἐν
2753 5026 2833 5095 τῷ
2864 5027 2999 5095 πρὸς
3034 5027 3226 5095 λόγους
3266 5044 3328 5080 σε
3360 5025 3684 5096 προτρέποντι

2143 5116 2285 5184 λόγῳ
2315 5110 2469 5167 εἶπόν
2494 5132 2549 5166 τι
2588 5115 2661 5177 ὡς
2694 5117 2752 5167 ἐν
2782 5118 3042 5187 παρέργῳ
3068 5119 3197 5187 περὶ
3232 5120 3587 5189 μετριότητος,
3611 5110 3685 5180 βίᾳ

2138 5205 2231 5257 τοῦ
2264 5206 2422 5271 λόγου
2465 5205 2847 5275 παρενεχθείς.
2871 5208 3090 5277 Συνῆκα
3125 5209 3171 5261 δ’
3195 5208 3292 5263 οὖν
3327 5210 3549 5277 ποιήσας
3579 5218 3685 5273 μιτ-

2139 5297 2310 5368 ἇωρον
2340 5296 2437 5366 τὴν
2453 5299 2623 5367 ἀκοὴν
2647 5299 2755 5351 τῶν
2778 5300 3079 5368 παρόντων,
3103 5301 3178 5363 ὡς
3203 5301 3528 5370 νομιζόντων
3548 5292 3685 5349 ἀκού-

2145 5389 2334 5442 σεσθαί
2371 5406 2424 5443 τι
2458 5390 2798 5461 μακρότερον
2828 5394 2958 5462 περὶ
2984 5392 3196 5446 τουτουῖ
3218 5395 3313 5446 τοῦ
3348 5393 3526 5447 καλοῦ.
3566 5384 3683 5452 Ἐγὼ

2137 5480 2193 5532 δὲ
2221 5481 2339 5533 τότε
2368 5482 2465 5552 μὲν
2496 5483 2681 5546 αὐτοῖς
2711 5484 2813 5536 οὐκ
2844 5485 3215 5555 ἐχαρισάμην,
3242 5487 3319 5549 ῶς
3355 5480 3683 5555 μὴ’ἑκφεροί·

2143 5589 2249 5641 μην
2276 5574 2397 5627 ὅποι
2430 5575 2695 5645 ἂντύχοιο
2729 5576 2843 5629 ἀλλ’
2882 5576 3142 5647 ἐχώρουν,
3176 5578 3262 5645 ἐφ’
3291 5580 3426 5647 ὅπερ
3458 5577 3577 5638 ἔδει,
3602 5566 3682 5622 τοῦ
