  <div class='ocr_page' id='page_1' title='image "/cluster/home/n/w/nwhite01/storage/ocr_20150623/156/hvd.32044073502650/270.png"; bbox 0 0 3920 6200; ppageno 0'>
   <div class='ocr_carea' id='block_1_1' title="bbox 250 321 405 390">
    <p class='ocr_par' dir='ltr' id='par_1_1' title="bbox 250 321 405 390">
     <span class='ocr_line' id='line_1_1' title="bbox 250 321 405 390; baseline -0.058 1"><span class='ocrx_word' id='word_1_1' title='bbox 250 321 405 390; x_wconf 74' lang='grc'>529,</span> 
     </span>
    </p>
   </div>
   <div class='ocr_carea' id='block_1_2' title="bbox 1619 323 2073 391">
    <p class='ocr_par' dir='ltr' id='par_1_2' title="bbox 1619 323 2073 391">
     <span class='ocr_line' id='line_1_2' title="bbox 1619 323 2073 391; baseline 0.009 -4"><span class='ocrx_word' id='word_1_2' title='bbox 1619 323 1911 387; x_wconf 73' lang='lat' dir='ltr'><strong>ORATIO</strong></span> <span class='ocrx_word' id='word_1_3' title='bbox 1941 326 2073 391; x_wconf 81' lang='lat' dir='ltr'><strong>VII.</strong></span> 
     </span>
    </p>
   </div>
   <div class='ocr_carea' id='block_1_3' title="bbox 3397 330 3503 392">
    <p class='ocr_par' dir='ltr' id='par_1_3' title="bbox 3397 330 3503 392">
     <span class='ocr_line' id='line_1_3' title="bbox 3397 330 3503 392; baseline 0 0"><span class='ocrx_word' id='word_1_4' title='bbox 3397 330 3503 392; x_wconf 77' lang='lat'><strong>530</strong></span> 
     </span>
    </p>
   </div>
   <div class='ocr_carea' id='block_1_4' title="bbox 255 437 1825 518">
    <p class='ocr_par' dir='ltr' id='par_1_4' title="bbox 255 437 1825 515">
     <span class='ocr_line' id='line_1_4' title="bbox 255 437 1825 515; baseline 0.002 -20"><span class='ocrx_word' id='word_1_5' title='bbox 255 438 619 513; x_wconf 66' lang='grc' dir='ltr'><strong>προκειμένου</strong></span> <span class='ocrx_word' id='word_1_6' title='bbox 634 437 804 510; x_wconf 72' lang='grc' dir='ltr'>μόνον</span> <span class='ocrx_word' id='word_1_7' title='bbox 818 438 1099 510; x_wconf 63' lang='grc' dir='ltr'>ἱκόμενος,</span> <span class='ocrx_word' id='word_1_8' title='bbox 1117 439 1212 494; x_wconf 72' lang='grc' dir='ltr'><strong>καὶ</strong></span> <span class='ocrx_word' id='word_1_9' title='bbox 1230 441 1663 513; x_wconf 75' lang='grc' dir='ltr'><strong>ὑπισχνούμενος</strong></span> <span class='ocrx_word' id='word_1_10' title='bbox 1676 445 1825 515; x_wconf 70' lang='grc' dir='ltr'>ἱρείν</span> 
     </span>
    </p>
   </div>
   <div class='ocr_carea' id='block_1_5' title="bbox 1928 437 3500 518">
    <p class='ocr_par' dir='ltr' id='par_1_5' title="bbox 1928 444 3500 518">
     <span class='ocr_line' id='line_1_5' title="bbox 1928 444 3500 518; baseline 0.001 -18"><span class='ocrx_word' id='word_1_11' title='bbox 1928 452 2052 510; x_wconf 87' lang='lat' dir='ltr'><strong>rer;</strong></span> <span class='ocrx_word' id='word_1_12' title='bbox 2082 444 2183 500; x_wconf 83' lang='lat' dir='ltr'><strong>sed</strong></span> <span class='ocrx_word' id='word_1_13' title='bbox 2210 445 2521 515; x_wconf 76' lang='lat' dir='ltr'><strong>pergebam,</strong></span> <span class='ocrx_word' id='word_1_14' title='bbox 2552 459 2662 517; x_wconf 89' lang='lat' dir='ltr'><strong>quo</strong></span> <span class='ocrx_word' id='word_1_15' title='bbox 2690 460 2779 502; x_wconf 88' lang='lat' dir='ltr'><strong>res</strong></span> <span class='ocrx_word' id='word_1_16' title='bbox 2811 446 2926 518; x_wconf 87' lang='lat' dir='ltr'><strong>ipsa</strong></span> <span class='ocrx_word' id='word_1_17' title='bbox 2958 446 3210 511; x_wconf 78' lang='lat' dir='ltr'><strong>vocabat,</strong></span> <span class='ocrx_word' id='word_1_18' title='bbox 3246 444 3500 502; x_wconf 72' lang='lat' dir='ltr'><strong>instituto</strong></span> 
     </span>
    </p>
   </div>
   <div class='ocr_carea' id='block_1_6' title="bbox 258 532 1821 609">
    <p class='ocr_par' dir='ltr' id='par_1_6' title="bbox 258 532 1821 609">
     <span class='ocr_line' id='line_1_6' title="bbox 258 532 1821 609; baseline 0.001 -20"><span class='ocrx_word' id='word_1_19' title='bbox 258 535 394 608; x_wconf 74' lang='grc' dir='ltr'>μετὰ</span> <span class='ocrx_word' id='word_1_20' title='bbox 414 534 515 589; x_wconf 81' lang='grc' dir='ltr'><strong>τοῦ</strong></span> <span class='ocrx_word' id='word_1_21' title='bbox 539 534 762 604; x_wconf 75' lang='grc' dir='ltr'>καιροῦ.</span> <span class='ocrx_word' id='word_1_22' title='bbox 800 533 913 587; x_wconf 77' lang='grc' dir='ltr'><strong>Καὶ</strong></span> <span class='ocrx_word' id='word_1_23' title='bbox 941 532 1008 605; x_wconf 80' lang='grc' dir='ltr'>δή</span> <span class='ocrx_word' id='word_1_24' title='bbox 1046 544 1139 604; x_wconf 86' lang='grc' dir='ltr'><strong>μοι</strong></span> <span class='ocrx_word' id='word_1_25' title='bbox 1167 534 1517 599; x_wconf 68' lang='grc' dir='ltr'><strong>τελεσθέντος</strong></span> <span class='ocrx_word' id='word_1_26' title='bbox 1552 535 1648 590; x_wconf 81' lang='grc' dir='ltr'><strong>τοῦ</strong></span> <span class='ocrx_word' id='word_1_27' title='bbox 1689 538 1821 609; x_wconf 73' lang='grc' dir='ltr'><strong>πρὶν</strong></span> 
     </span>
    </p>
   </div>
   <div class='ocr_carea' id='block_1_7' title="bbox 252 623 1823 695">
    <p class='ocr_par' dir='ltr' id='par_1_7' title="bbox 252 623 1823 695">
     <span class='ocr_line' id='line_1_7' title="bbox 252 623 1823 695; baseline 0.001 -15"><span class='ocrx_word' id='word_1_28' title='bbox 252 624 492 690; x_wconf 71' lang='grc' dir='ltr'>διαύλου,</span> <span class='ocrx_word' id='word_1_29' title='bbox 521 623 642 695; x_wconf 86' lang='grc' dir='ltr'><strong>ῶρα</strong></span> <span class='ocrx_word' id='word_1_30' title='bbox 667 623 949 687; x_wconf 64' lang='grc' dir='ltr'>κάκείνοις</span> <span class='ocrx_word' id='word_1_31' title='bbox 995 623 1343 695; x_wconf 79' lang='grc' dir='ltr'>χαρίζεσθαι,</span> <span class='ocrx_word' id='word_1_32' title='bbox 1370 626 1465 682; x_wconf 84' lang='grc' dir='ltr'>καὶ</span> <span class='ocrx_word' id='word_1_33' title='bbox 1504 626 1589 681; x_wconf 77' lang='grc' dir='ltr'>σοι</span> <span class='ocrx_word' id='word_1_34' title='bbox 1614 625 1676 681; x_wconf 76' lang='grc' dir='ltr'><strong>τὸ</strong></span> <span class='ocrx_word' id='word_1_35' title='bbox 1704 626 1823 682; x_wconf 78' lang='grc' dir='ltr'>δίον</span> 
     </span>
    </p>
   </div>
   <div class='ocr_carea' id='block_1_8' title="bbox 252 714 1823 788">
    <p class='ocr_par' dir='ltr' id='par_1_8' title="bbox 252 714 1823 788">
     <span class='ocr_line' id='line_1_8' title="bbox 252 714 1823 788; baseline 0.001 -18"><span class='ocrx_word' id='word_1_36' title='bbox 252 715 605 786; x_wconf 68' lang='grc' dir='ltr'><strong>ἀποπληροῦν</strong></span> <span class='ocrx_word' id='word_1_37' title='bbox 630 733 645 747; x_wconf 92' lang='grc'><strong>·</strong></span> <span class='ocrx_word' id='word_1_38' title='bbox 669 715 734 768; x_wconf 79' lang='grc' dir='ltr'>τὸ</span> <span class='ocrx_word' id='word_1_39' title='bbox 774 715 831 769; x_wconf 80' lang='grc' dir='ltr'><strong>δι</strong></span> <span class='ocrx_word' id='word_1_40' title='bbox 864 714 1099 773; x_wconf 80' lang='grc' dir='ltr'>ὕστατον</span> <span class='ocrx_word' id='word_1_41' title='bbox 1127 716 1305 772; x_wconf 79' lang='grc' dir='ltr'>είπεῐν</span> <span class='ocrx_word' id='word_1_42' title='bbox 1334 718 1466 787; x_wconf 75' lang='grc' dir='ltr'><strong>περὶ</strong></span> <span class='ocrx_word' id='word_1_43' title='bbox 1507 718 1609 788; x_wconf 84' lang='grc' dir='ltr'>τῆς</span> <span class='ocrx_word' id='word_1_44' title='bbox 1646 718 1823 773; x_wconf 80' lang='grc' dir='ltr'>πάντα</span> 
     </span>
    </p>
   </div>
   <div class='ocr_carea' id='block_1_9' title="bbox 250 806 1821 878">
    <p class='ocr_par' dir='ltr' id='par_1_9' title="bbox 250 806 1821 878">
     <span class='ocr_line' id='line_1_9' title="bbox 250 806 1821 878; baseline 0 -17"><span class='ocrx_word' id='word_1_45' title='bbox 250 807 462 874; x_wconf 76' lang='grc' dir='ltr'><strong>ἀγαθῆς</strong></span> <span class='ocrx_word' id='word_1_46' title='bbox 500 806 1004 877; x_wconf 79' lang='grc' dir='ltr'>ταπεινοφροσύνης</span> <span class='ocrx_word' id='word_1_47' title='bbox 1045 806 1109 861; x_wconf 78' lang='grc' dir='ltr'><strong>οὐ</strong></span> <span class='ocrx_word' id='word_1_48' title='bbox 1157 806 1299 865; x_wconf 78' lang='grc' dir='ltr'>κατά</span> <span class='ocrx_word' id='word_1_49' title='bbox 1350 806 1524 878; x_wconf 80' lang='grc' dir='ltr'><strong>τύχην</strong></span> <span class='ocrx_word' id='word_1_50' title='bbox 1573 808 1821 878; x_wconf 69' lang='grc' dir='ltr'>γιγονεν,</span> 
     </span>
    </p>
   </div>
   <div class='ocr_carea' id='block_1_10' title="bbox 250 890 1824 967">
    <p class='ocr_par' dir='ltr' id='par_1_10' title="bbox 250 890 1824 967">
     <span class='ocr_line' id='line_1_10' title="bbox 250 890 1824 967; baseline 0 -16"><span class='ocrx_word' id='word_1_51' title='bbox 250 896 369 953; x_wconf 79' lang='grc' dir='ltr'>ἀλλ’</span> <span class='ocrx_word' id='word_1_52' title='bbox 421 895 569 949; x_wconf 66' lang='grc' dir='ltr'><strong>οὕτω</strong></span> <span class='ocrx_word' id='word_1_53' title='bbox 593 891 755 960; x_wconf 79' lang='grc' dir='ltr'>δόξαν</span> <span class='ocrx_word' id='word_1_54' title='bbox 805 890 1319 950; x_wconf 56' lang='grc' dir='ltr'><strong>ἀκόλουθονηεῐναι.</strong></span> <span class='ocrx_word' id='word_1_55' title='bbox 1365 895 1585 966; x_wconf 77' lang='grc' dir='ltr'>Ἐπειδὴ</span> <span class='ocrx_word' id='word_1_56' title='bbox 1621 898 1734 967; x_wconf 83' lang='grc' dir='ltr'><strong>γὰρ</strong></span> <span class='ocrx_word' id='word_1_57' title='bbox 1764 900 1824 951; x_wconf 70' lang='grc' dir='ltr'><strong>ὲν</strong></span> 
     </span>
    </p>
   </div>
   <div class='ocr_carea' id='block_1_11' title="bbox 251 986 1825 1057">
    <p class='ocr_par' dir='ltr' id='par_1_11' title="bbox 251 986 1825 1057">
     <span class='ocr_line' id='line_1_11' title="bbox 251 986 1825 1057; baseline -0.001 -15"><span class='ocrx_word' id='word_1_58' title='bbox 251 989 357 1051; x_wconf 77' lang='grc' dir='ltr'>τοῖς</span> <span class='ocrx_word' id='word_1_59' title='bbox 401 986 725 1056; x_wconf 71' lang='grc' dir='ltr'><strong>κεφαλαίοις</strong></span> <span class='ocrx_word' id='word_1_60' title='bbox 759 987 1011 1050; x_wconf 63' lang='grc' dir='ltr'>ἰκτίνοις,</span> <span class='ocrx_word' id='word_1_61' title='bbox 1043 986 1140 1040; x_wconf 79' lang='grc' dir='ltr'><strong>καὶ</strong></span> <span class='ocrx_word' id='word_1_62' title='bbox 1179 986 1238 1041; x_wconf 69' lang='grc' dir='ltr'>ιν</span> <span class='ocrx_word' id='word_1_63' title='bbox 1265 988 1379 1052; x_wconf 74' lang='grc' dir='ltr'>τοῖς</span> <span class='ocrx_word' id='word_1_64' title='bbox 1410 988 1520 1057; x_wconf 75' lang='grc' dir='ltr'><strong>πρὸ</strong></span> <span class='ocrx_word' id='word_1_65' title='bbox 1542 986 1695 1041; x_wconf 83' lang='grc' dir='ltr'>τοῦδε</span> <span class='ocrx_word' id='word_1_66' title='bbox 1732 986 1825 1041; x_wconf 79' lang='grc' dir='ltr'>λό-</span> 
     </span>
    </p>
   </div>
   <div class='ocr_carea' id='block_1_12' title="bbox 252 1078 1825 1150">
    <p class='ocr_par' dir='ltr' id='par_1_12' title="bbox 252 1078 1825 1150">
     <span class='ocr_line' id='line_1_12' title="bbox 252 1078 1825 1150; baseline -0.001 -17"><span class='ocrx_word' id='word_1_67' title='bbox 252 1097 366 1148; x_wconf 81' lang='grc' dir='ltr'>γοις</span> <span class='ocrx_word' id='word_1_68' title='bbox 410 1079 682 1135; x_wconf 73' lang='grc' dir='ltr'><strong>ἔπλαττον</strong></span> <span class='ocrx_word' id='word_1_69' title='bbox 709 1080 812 1148; x_wconf 75' lang='grc' dir='ltr'><strong>μίν</strong></span> <span class='ocrx_word' id='word_1_70' title='bbox 846 1096 942 1135; x_wconf 93' lang='grc' dir='ltr'><strong>σου</strong></span> <span class='ocrx_word' id='word_1_71' title='bbox 970 1079 1075 1150; x_wconf 83' lang='grc' dir='ltr'><strong>τὴν</strong></span> <span class='ocrx_word' id='word_1_72' title='bbox 1101 1078 1287 1149; x_wconf 71' lang='grc' dir='ltr'>φύσιν,</span> <span class='ocrx_word' id='word_1_73' title='bbox 1324 1079 1401 1144; x_wconf 85' lang='grc' dir='ltr'><strong>ῶς</strong></span> <span class='ocrx_word' id='word_1_74' title='bbox 1424 1080 1492 1135; x_wconf 80' lang='grc' dir='ltr'><strong>άν</strong></span> <span class='ocrx_word' id='word_1_75' title='bbox 1527 1097 1612 1143; x_wconf 86' lang='grc' dir='ltr'><strong>τις</strong></span> <span class='ocrx_word' id='word_1_76' title='bbox 1655 1080 1825 1146; x_wconf 83' lang='grc' dir='ltr'>είποι,</span> 
     </span>
    </p>
   </div>
   <div class='ocr_carea' id='block_1_13' title="bbox 252 1168 1827 1241">
    <p class='ocr_par' dir='ltr' id='par_1_13' title="bbox 252 1168 1827 1241">
     <span class='ocr_line' id='line_1_13' title="bbox 252 1168 1827 1241; baseline 0.001 -20"><span class='ocrx_word' id='word_1_77' title='bbox 252 1170 552 1241; x_wconf 73' lang='grc' dir='ltr'>ἑαήλειφον</span> <span class='ocrx_word' id='word_1_78' title='bbox 577 1170 635 1224; x_wconf 68' lang='grc' dir='ltr'>δὲ</span> <span class='ocrx_word' id='word_1_79' title='bbox 677 1172 779 1240; x_wconf 76' lang='grc' dir='ltr'><strong>τὴν</strong></span> <span class='ocrx_word' id='word_1_80' title='bbox 809 1171 1041 1241; x_wconf 74' lang='grc' dir='ltr'>γνώμην</span> <span class='ocrx_word' id='word_1_81' title='bbox 1070 1169 1207 1239; x_wconf 75' lang='grc' dir='ltr'>πρὸς</span> <span class='ocrx_word' id='word_1_82' title='bbox 1247 1169 1319 1223; x_wconf 69' lang='grc' dir='ltr'><strong>τά</strong></span> <span class='ocrx_word' id='word_1_83' title='bbox 1366 1169 1582 1241; x_wconf 78' lang='grc' dir='ltr'>βελτίω,</span> <span class='ocrx_word' id='word_1_84' title='bbox 1613 1169 1710 1223; x_wconf 77' lang='grc' dir='ltr'><strong>καὶ</strong></span> <span class='ocrx_word' id='word_1_85' title='bbox 1734 1168 1827 1222; x_wconf 78' lang='grc' dir='ltr'>τὸν</span> 
     </span>
    </p>
   </div>
   <div class='ocr_carea' id='block_1_14' title="bbox 244 1259 1827 1333">
    <p class='ocr_par' dir='ltr' id='par_1_14' title="bbox 244 1259 1827 1333">
     <span class='ocr_line' id='line_1_14' title="bbox 244 1259 1827 1333; baseline 0 -19"><span class='ocrx_word' id='word_1_86' title='bbox 244 1260 431 1330; x_wconf 65' lang='grc' dir='ltr'>ἔρωτα</span> <span class='ocrx_word' id='word_1_87' title='bbox 467 1260 582 1314; x_wconf 83' lang='grc' dir='ltr'><strong>τῶν</strong></span> <span class='ocrx_word' id='word_1_88' title='bbox 605 1259 832 1329; x_wconf 80' lang='grc' dir='ltr'>ἀγαθῶν</span> <span class='ocrx_word' id='word_1_89' title='bbox 859 1261 1040 1333; x_wconf 71' lang='grc' dir='ltr'><strong>ἔργων</strong></span> <span class='ocrx_word' id='word_1_90' title='bbox 1077 1261 1372 1315; x_wconf 69' lang='grc' dir='ltr'>ὶνετύπουν</span> <span class='ocrx_word' id='word_1_91' title='bbox 1399 1261 1489 1316; x_wconf 79' lang='grc' dir='ltr'>διὰ</span> <span class='ocrx_word' id='word_1_92' title='bbox 1519 1260 1740 1316; x_wconf 83' lang='grc' dir='ltr'>πάντων</span> <span class='ocrx_word' id='word_1_93' title='bbox 1768 1261 1827 1314; x_wconf 75' lang='grc' dir='ltr'><strong>ὲν</strong></span> 
     </span>
    </p>
   </div>
   <div class='ocr_carea' id='block_1_15' title="bbox 252 1351 1828 1423">
    <p class='ocr_par' dir='ltr' id='par_1_15' title="bbox 252 1351 1828 1423">
     <span class='ocr_line' id='line_1_15' title="bbox 252 1351 1828 1423; baseline 0.001 -18"><span class='ocrx_word' id='word_1_94' title='bbox 252 1354 364 1414; x_wconf 79' lang='grc' dir='ltr'>ταῖς</span> <span class='ocrx_word' id='word_1_95' title='bbox 392 1352 496 1422; x_wconf 74' lang='grc' dir='ltr'>τῆς</span> <span class='ocrx_word' id='word_1_96' title='bbox 521 1351 701 1423; x_wconf 79' lang='grc' dir='ltr'>ψυχῆς</span> <span class='ocrx_word' id='word_1_97' title='bbox 736 1369 830 1407; x_wconf 91' lang='grc' dir='ltr'><strong>σου</strong></span> <span class='ocrx_word' id='word_1_98' title='bbox 860 1353 1156 1423; x_wconf 85' lang='grc' dir='ltr'>δυνάμεσιν</span> <span class='ocrx_word' id='word_1_99' title='bbox 1179 1369 1194 1384; x_wconf 66' lang='grc' dir='ltr'><strong>υ</strong></span> <span class='ocrx_word' id='word_1_100' title='bbox 1224 1353 1253 1405; x_wconf 82' lang='grc' dir='ltr'><strong>ὁ</strong></span> <span class='ocrx_word' id='word_1_101' title='bbox 1272 1353 1329 1407; x_wconf 76' lang='grc' dir='ltr'>δι</span> <span class='ocrx_word' id='word_1_102' title='bbox 1352 1351 1422 1406; x_wconf 81' lang='grc' dir='ltr'><strong>τὰ</strong></span> <span class='ocrx_word' id='word_1_103' title='bbox 1446 1352 1590 1407; x_wconf 78' lang='grc' dir='ltr'>καλὰ</span> <span class='ocrx_word' id='word_1_104' title='bbox 1618 1352 1828 1421; x_wconf 81' lang='grc' dir='ltr'>κτησά-</span> 
     </span>
    </p>
   </div>
   <div class='ocr_carea' id='block_1_16' title="bbox 244 1440 1829 1516">
    <p class='ocr_par' dir='ltr' id='par_1_16' title="bbox 244 1440 1829 1516">
     <span class='ocr_line' id='line_1_16' title="bbox 244 1440 1829 1516; baseline 0.001 -18"><span class='ocrx_word' id='word_1_105' title='bbox 244 1457 414 1512; x_wconf 71' lang='grc' dir='ltr'>,μενος</span> <span class='ocrx_word' id='word_1_106' title='bbox 434 1443 617 1498; x_wconf 75' lang='grc' dir='ltr'>πάντα</span> <span class='ocrx_word' id='word_1_107' title='bbox 634 1440 788 1497; x_wconf 64' lang='grc' dir='ltr'>οὐδὲν</span> <span class='ocrx_word' id='word_1_108' title='bbox 817 1443 1014 1497; x_wconf 74' lang='grc' dir='ltr'>ἑαυτὸν</span> <span class='ocrx_word' id='word_1_109' title='bbox 1040 1442 1272 1515; x_wconf 77' lang='grc' dir='ltr'>ὤνησεν,</span> <span class='ocrx_word' id='word_1_110' title='bbox 1304 1445 1352 1496; x_wconf 82' lang='grc' dir='ltr'><strong>εί</strong></span> <span class='ocrx_word' id='word_1_111' title='bbox 1389 1444 1465 1516; x_wconf 76' lang='grc' dir='ltr'><strong>μὴ</strong></span> <span class='ocrx_word' id='word_1_112' title='bbox 1492 1445 1588 1497; x_wconf 76' lang='grc' dir='ltr'>καὶ</span> <span class='ocrx_word' id='word_1_113' title='bbox 1614 1444 1715 1515; x_wconf 81' lang='grc' dir='ltr'>τὴν</span> <span class='ocrx_word' id='word_1_114' title='bbox 1735 1459 1829 1500; x_wconf 82' lang='grc' dir='ltr'>τα-</span> 
     </span>
    </p>
   </div>
   <div class='ocr_carea' id='block_1_17' title="bbox 257 1531 1828 1606">
    <p class='ocr_par' dir='ltr' id='par_1_17' title="bbox 257 1531 1828 1606">
     <span class='ocr_line' id='line_1_17' title="bbox 257 1531 1828 1606; baseline 0.001 -19"><span class='ocrx_word' id='word_1_115' title='bbox 257 1535 697 1605; x_wconf 78' lang='grc' dir='ltr'><strong>πεινοφροσύνην</strong></span> <span class='ocrx_word' id='word_1_116' title='bbox 746 1536 1179 1605; x_wconf 76' lang='grc' dir='ltr'>προσεκτήσατο,</span> <span class='ocrx_word' id='word_1_117' title='bbox 1205 1535 1282 1598; x_wconf 85' lang='grc' dir='ltr'><strong>ὡς</strong></span> <span class='ocrx_word' id='word_1_118' title='bbox 1311 1531 1477 1591; x_wconf 74' lang='grc' dir='ltr'>οὖσάν</span> <span class='ocrx_word' id='word_1_119' title='bbox 1508 1553 1572 1606; x_wconf 86' lang='grc' dir='ltr'><strong>γε</strong></span> <span class='ocrx_word' id='word_1_120' title='bbox 1622 1536 1828 1605; x_wconf 83' lang='grc' dir='ltr'>ταύτην</span> 
     </span>
    </p>
   </div>
   <div class='ocr_carea' id='block_1_18' title="bbox 254 1625 1826 1698">
    <p class='ocr_par' dir='ltr' id='par_1_18' title="bbox 254 1625 1826 1698">
     <span class='ocr_line' id='line_1_18' title="bbox 254 1625 1826 1698; baseline -0.001 -17"><span class='ocrx_word' id='word_1_121' title='bbox 254 1626 421 1698; x_wconf 76' lang='grc' dir='ltr'><strong>μόνην</strong></span> <span class='ocrx_word' id='word_1_122' title='bbox 449 1626 688 1697; x_wconf 87' lang='grc' dir='ltr'>μάλιστα</span> <span class='ocrx_word' id='word_1_123' title='bbox 707 1627 900 1682; x_wconf 83' lang='grc' dir='ltr'>πασῶν</span> <span class='ocrx_word' id='word_1_124' title='bbox 922 1625 1139 1696; x_wconf 79' lang='grc' dir='ltr'><strong>ἀρετῶν</strong></span> <span class='ocrx_word' id='word_1_125' title='bbox 1169 1626 1474 1698; x_wconf 74' lang='grc' dir='ltr'><strong>λαμπτῆρα</strong></span> <span class='ocrx_word' id='word_1_126' title='bbox 1500 1644 1584 1693; x_wconf 83' lang='grc' dir='ltr'><strong>τε,</strong></span> <span class='ocrx_word' id='word_1_127' title='bbox 1607 1628 1698 1682; x_wconf 76' lang='grc' dir='ltr'>καὶ</span> <span class='ocrx_word' id='word_1_128' title='bbox 1721 1627 1826 1695; x_wconf 80' lang='grc' dir='ltr'><strong>φύ-</strong></span> 
     </span>
    </p>
   </div>
   <div class='ocr_carea' id='block_1_19' title="bbox 249 1717 1824 1786">
    <p class='ocr_par' dir='ltr' id='par_1_19' title="bbox 249 1717 1824 1786">
     <span class='ocr_line' id='line_1_19' title="bbox 249 1717 1824 1786; baseline 0 -15"><span class='ocrx_word' id='word_1_129' title='bbox 249 1719 391 1773; x_wconf 83' lang='grc' dir='ltr'>λακα</span> <span class='ocrx_word' id='word_1_130' title='bbox 418 1719 533 1771; x_wconf 82' lang='grc' dir='ltr'><strong>τῶν</strong></span> <span class='ocrx_word' id='word_1_131' title='bbox 565 1718 785 1786; x_wconf 78' lang='grc' dir='ltr'><strong>ἀγαθῶν</strong></span> <span class='ocrx_word' id='word_1_132' title='bbox 825 1718 1067 1774; x_wconf 86' lang='grc' dir='ltr'>πάντων.</span> <span class='ocrx_word' id='word_1_133' title='bbox 1098 1718 1231 1773; x_wconf 84' lang='grc' dir='ltr'>Ὅτε</span> <span class='ocrx_word' id='word_1_134' title='bbox 1263 1719 1444 1772; x_wconf 78' lang='grc' dir='ltr'><strong>τοίνυν</strong></span> <span class='ocrx_word' id='word_1_135' title='bbox 1471 1717 1824 1781; x_wconf 79' lang='grc' dir='ltr'>ταῦθὀὕτως</span> 
     </span>
    </p>
   </div>
   <div class='ocr_carea' id='block_1_20' title="bbox 1926 536 3498 608">
    <p class='ocr_par' dir='ltr' id='par_1_20' title="bbox 1926 536 3498 608">
     <span class='ocr_line' id='line_1_20' title="bbox 1926 536 3498 608; baseline -0.001 -16"><span class='ocrx_word' id='word_1_136' title='bbox 1926 540 2114 592; x_wconf 79' lang='lat' dir='ltr'><strong>nostro</strong></span> <span class='ocrx_word' id='word_1_137' title='bbox 2148 536 2410 591; x_wconf 79' lang='lat' dir='ltr'><strong>duntaxat</strong></span> <span class='ocrx_word' id='word_1_138' title='bbox 2441 537 2750 603; x_wconf 65' lang='lat' dir='ltr'><strong>iuberem,</strong></span> <span class='ocrx_word' id='word_1_139' title='bbox 2784 552 2850 593; x_wconf 80' lang='lat' dir='ltr'><strong>ac</strong></span> <span class='ocrx_word' id='word_1_140' title='bbox 2884 538 3206 608; x_wconf 67' lang='lat' dir='ltr'><strong>promittens</strong></span> <span class='ocrx_word' id='word_1_141' title='bbox 3236 551 3303 592; x_wconf 82' lang='lat' dir='ltr'><strong>ea</strong></span> <span class='ocrx_word' id='word_1_142' title='bbox 3337 537 3405 592; x_wconf 82' lang='lat' dir='ltr'><strong>de</strong></span> <span class='ocrx_word' id='word_1_143' title='bbox 3437 551 3498 592; x_wconf 89' lang='lat' dir='ltr'><strong>re</strong></span> 
     </span>
    </p>
   </div>
   <div class='ocr_carea' id='block_1_21' title="bbox 1924 627 3500 698">
    <p class='ocr_par' dir='ltr' id='par_1_21' title="bbox 1924 627 3500 698">
     <span class='ocr_line' id='line_1_21' title="bbox 1924 627 3500 698; baseline 0.001 -17"><span class='ocrx_word' id='word_1_144' title='bbox 1924 640 2026 681; x_wconf 84' lang='lat' dir='ltr'><strong>suo</strong></span> <span class='ocrx_word' id='word_1_145' title='bbox 2071 642 2157 683; x_wconf 86' lang='lat' dir='ltr'><strong>me</strong></span> <span class='ocrx_word' id='word_1_146' title='bbox 2202 635 2443 695; x_wconf 87' lang='lat' dir='ltr'><strong>tempore</strong></span> <span class='ocrx_word' id='word_1_147' title='bbox 2484 629 2778 684; x_wconf 84' lang='lat' dir='ltr'><strong>dicturum.</strong></span> <span class='ocrx_word' id='word_1_148' title='bbox 2828 628 2982 684; x_wconf 79' lang='lat' dir='ltr'><strong>Nunc</strong></span> <span class='ocrx_word' id='word_1_149' title='bbox 3024 627 3272 684; x_wconf 78' lang='lat' dir='ltr'><strong>absoluto</strong></span> <span class='ocrx_word' id='word_1_150' title='bbox 3315 627 3500 698; x_wconf 83' lang='lat' dir='ltr'><strong>priore</strong></span> 
     </span>
    </p>
   </div>
   <div class='ocr_carea' id='block_1_22' title="bbox 1924 717 3494 789">
    <p class='ocr_par' dir='ltr' id='par_1_22' title="bbox 1924 717 3494 789">
     <span class='ocr_line' id='line_1_22' title="bbox 1924 717 3494 789; baseline 0.001 -17"><span class='ocrx_word' id='word_1_151' title='bbox 1924 717 2220 782; x_wconf 77' lang='lat' dir='ltr'><strong>curriculo,</strong></span> <span class='ocrx_word' id='word_1_152' title='bbox 2250 728 2460 786; x_wconf 85' lang='lat' dir='ltr'><strong>tempus</strong></span> <span class='ocrx_word' id='word_1_153' title='bbox 2491 719 2669 789; x_wconf 87' lang='lat' dir='ltr'><strong>ipsum</strong></span> <span class='ocrx_word' id='word_1_154' title='bbox 2717 717 2964 789; x_wconf 72' lang='lat' dir='ltr'><strong>ﬂagitat,</strong></span> <span class='ocrx_word' id='word_1_155' title='bbox 2991 727 3043 775; x_wconf 91' lang='lat' dir='ltr'><strong>et</strong></span> <span class='ocrx_word' id='word_1_156' title='bbox 3079 720 3187 776; x_wconf 84' lang='lat' dir='ltr'><strong>illis</strong></span> <span class='ocrx_word' id='word_1_157' title='bbox 3217 719 3294 774; x_wconf 89' lang='lat' dir='ltr'><strong>uti</strong></span> <span class='ocrx_word' id='word_1_158' title='bbox 3324 719 3494 787; x_wconf 75' lang='lat' dir='ltr'><strong>grati-</strong></span> 
     </span>
    </p>
   </div>
   <div class='ocr_carea' id='block_1_23' title="bbox 1928 806 3516 879">
    <p class='ocr_par' dir='ltr' id='par_1_23' title="bbox 1928 806 3516 879">
     <span class='ocr_line' id='line_1_23' title="bbox 1928 806 3516 879; baseline 0.001 -18"><span class='ocrx_word' id='word_1_159' title='bbox 1928 806 2078 873; x_wconf 84' lang='lat' dir='ltr'><strong>ficer,</strong></span> <span class='ocrx_word' id='word_1_160' title='bbox 2120 816 2176 864; x_wconf 86' lang='lat' dir='ltr'><strong>et</strong></span> <span class='ocrx_word' id='word_1_161' title='bbox 2211 821 2280 863; x_wconf 74' lang='lat' dir='ltr'><strong>ex</strong></span> <span class='ocrx_word' id='word_1_162' title='bbox 2325 807 2498 863; x_wconf 82' lang='lat' dir='ltr'><strong>cilicio</strong></span> <span class='ocrx_word' id='word_1_163' title='bbox 2540 808 2640 863; x_wconf 87' lang='lat' dir='ltr'><strong>tibi</strong></span> <span class='ocrx_word' id='word_1_164' title='bbox 2686 822 2904 879; x_wconf 86' lang='lat' dir='ltr'><strong>quoque</strong></span> <span class='ocrx_word' id='word_1_165' title='bbox 2947 807 3300 865; x_wconf 74' lang='lat' dir='ltr'><strong>satisfaciam.</strong></span> <span class='ocrx_word' id='word_1_166' title='bbox 3341 807 3516 874; x_wconf 73' lang='lat' dir='ltr'><strong>Quod‘</strong></span> 
     </span>
    </p>
   </div>
   <div class='ocr_carea' id='block_1_24' title="bbox 1924 895 3497 970">
    <p class='ocr_par' dir='ltr' id='par_1_24' title="bbox 1924 895 3497 970">
     <span class='ocr_line' id='line_1_24' title="bbox 1924 895 3497 970; baseline 0.002 -20"><span class='ocrx_word' id='word_1_167' title='bbox 1924 904 2103 950; x_wconf 80' lang='lat' dir='ltr'><strong>autem</strong></span> <span class='ocrx_word' id='word_1_168' title='bbox 2138 895 2209 953; x_wconf 81' lang='lat' dir='ltr'><strong>de</strong></span> <span class='ocrx_word' id='word_1_169' title='bbox 2240 896 2567 961; x_wconf 81' lang='lat' dir='ltr'><strong>humilitate,</strong></span> <span class='ocrx_word' id='word_1_170' title='bbox 2606 913 2667 953; x_wconf 88' lang='lat' dir='ltr'><strong>re</strong></span> <span class='ocrx_word' id='word_1_171' title='bbox 2700 913 2927 970; x_wconf 65' lang='lat' dir='ltr'><strong>prorsus</strong></span> <span class='ocrx_word' id='word_1_172' title='bbox 2955 900 3189 970; x_wconf 85' lang='lat' dir='ltr'><strong>optima,</strong></span> <span class='ocrx_word' id='word_1_173' title='bbox 3221 905 3497 968; x_wconf 81' lang='lat' dir='ltr'><strong>postremo</strong></span> 
     </span>
    </p>
   </div>
   <div class='ocr_carea' id='block_1_25' title="bbox 1922 988 3499 1061">
    <p class='ocr_par' dir='ltr' id='par_1_25' title="bbox 1922 988 3499 1061">
     <span class='ocr_line' id='line_1_25' title="bbox 1922 988 3499 1061; baseline 0.004 -19"><span class='ocrx_word' id='word_1_174' title='bbox 1922 988 2046 1044; x_wconf 86' lang='lat' dir='ltr'><strong>loco</strong></span> <span class='ocrx_word' id='word_1_175' title='bbox 2074 988 2336 1057; x_wconf 73' lang='lat' dir='ltr'><strong>dicamus,</strong></span> <span class='ocrx_word' id='word_1_176' title='bbox 2363 1005 2469 1046; x_wconf 86' lang='lat' dir='ltr'><strong>non</strong></span> <span class='ocrx_word' id='word_1_177' title='bbox 2504 991 2727 1048; x_wconf 90' lang='lat' dir='ltr'><strong>fortuito</strong></span> <span class='ocrx_word' id='word_1_178' title='bbox 2757 992 2959 1048; x_wconf 83' lang='lat' dir='ltr'><strong>factum</strong></span> <span class='ocrx_word' id='word_1_179' title='bbox 2988 991 3220 1056; x_wconf 72' lang='lat' dir='ltr'><strong>est,&#39;sed</strong></span> <span class='ocrx_word' id='word_1_180' title='bbox 3247 992 3393 1061; x_wconf 85' lang='lat' dir='ltr'><strong>quod</strong></span> <span class='ocrx_word' id='word_1_181' title='bbox 3422 993 3499 1049; x_wconf 86' lang='lat' dir='ltr'><strong>ita</strong></span> 
     </span>
    </p>
   </div>
   <div class='ocr_carea' id='block_1_26' title="bbox 1924 1083 3500 1141">
    <p class='ocr_par' dir='ltr' id='par_1_26' title="bbox 1924 1083 3500 1141">
     <span class='ocr_line' id='line_1_26' title="bbox 1924 1083 3500 1141; baseline 0.001 -5"><span class='ocrx_word' id='word_1_182' title='bbox 1924 1088 2349 1138; x_wconf 86' lang='lat' dir='ltr'><strong>consentaneum</strong></span> <span class='ocrx_word' id='word_1_183' title='bbox 2378 1083 2533 1141; x_wconf 85' lang='lat' dir='ltr'><strong>nobis</strong></span> <span class='ocrx_word' id='word_1_184' title='bbox 2558 1084 2734 1140; x_wconf 83' lang='lat' dir='ltr'><strong>visum</strong></span> <span class='ocrx_word' id='word_1_185' title='bbox 2761 1093 2925 1141; x_wconf 80' lang='lat' dir='ltr'><strong>esset.</strong></span> <span class='ocrx_word' id='word_1_186' title='bbox 2955 1084 3089 1140; x_wconf 84' lang='lat' dir='ltr'><strong>Cum</strong></span> <span class='ocrx_word' id='word_1_187' title='bbox 3114 1084 3261 1140; x_wconf 85' lang='lat' dir='ltr'><strong>enim</strong></span> <span class='ocrx_word' id='word_1_188' title='bbox 3290 1083 3346 1138; x_wconf 90' lang='lat' dir='ltr'><strong>in</strong></span> <span class='ocrx_word' id='word_1_189' title='bbox 3378 1083 3500 1138; x_wconf 80' lang='lat' dir='ltr'><strong>istis</strong></span> 
     </span>
    </p>
   </div>
   <div class='ocr_carea' id='block_1_27' title="bbox 1924 1170 3497 1246">
    <p class='ocr_par' dir='ltr' id='par_1_27' title="bbox 1924 1170 3497 1246">
     <span class='ocr_line' id='line_1_27' title="bbox 1924 1170 3497 1246; baseline 0.001 -20"><span class='ocrx_word' id='word_1_190' title='bbox 1924 1170 2217 1240; x_wconf 77' lang='lat' dir='ltr'><strong>capitibus,</strong></span> <span class='ocrx_word' id='word_1_191' title='bbox 2262 1180 2319 1228; x_wconf 89' lang='lat' dir='ltr'><strong>et</strong></span> <span class='ocrx_word' id='word_1_192' title='bbox 2365 1172 2416 1228; x_wconf 88' lang='lat' dir='ltr'><strong>in</strong></span> <span class='ocrx_word' id='word_1_193' title='bbox 2464 1175 2803 1232; x_wconf 83' lang='lat' dir='ltr'><strong>orationibus</strong></span> <span class='ocrx_word' id='word_1_194' title='bbox 2850 1175 2993 1231; x_wconf 80' lang='lat' dir='ltr'><strong>lianc</strong></span> <span class='ocrx_word' id='word_1_195' title='bbox 3043 1174 3497 1246; x_wconf 70' lang='lat' dir='ltr'><strong>praecedentibus,</strong></span> 
     </span>
    </p>
   </div>
   <div class='ocr_carea' id='block_1_28' title="bbox 1922 1263 3499 1336">
    <p class='ocr_par' dir='ltr' id='par_1_28' title="bbox 1922 1263 3499 1336">
     <span class='ocr_line' id='line_1_28' title="bbox 1922 1263 3499 1336; baseline 0.003 -21"><span class='ocrx_word' id='word_1_196' title='bbox 1922 1269 2177 1317; x_wconf 84' lang='lat' dir='ltr'><strong>naturam</strong></span> <span class='ocrx_word' id='word_1_197' title='bbox 2214 1271 2363 1318; x_wconf 88' lang='lat' dir='ltr'><strong>tuam</strong></span> <span class='ocrx_word' id='word_1_198' title='bbox 2395 1263 2642 1320; x_wconf 80' lang='lat' dir='ltr'><strong>finxerint</strong></span> <span class='ocrx_word' id='word_1_199' title='bbox 2667 1305 2682 1329; x_wconf 90' lang='lat'><strong>,</strong></span> <span class='ocrx_word' id='word_1_200' title='bbox 2714 1276 2774 1321; x_wconf 90' lang='lat' dir='ltr'><strong>ut</strong></span> <span class='ocrx_word' id='word_1_201' title='bbox 2804 1267 2879 1322; x_wconf 86' lang='lat' dir='ltr'><strong>ita</strong></span> <span class='ocrx_word' id='word_1_202' title='bbox 2910 1266 3124 1336; x_wconf 85' lang='lat' dir='ltr'><strong>loquar,</strong></span> <span class='ocrx_word' id='word_1_203' title='bbox 3157 1279 3223 1322; x_wconf 81' lang='lat' dir='ltr'><strong>ac</strong></span> <span class='ocrx_word' id='word_1_204' title='bbox 3248 1265 3499 1321; x_wconf 63' lang='lat' dir='ltr'><strong>volutata.</strong></span> 
     </span>
    </p>
   </div>
   <div class='ocr_carea' id='block_1_29' title="bbox 1928 1352 3497 1426">
    <p class='ocr_par' dir='ltr' id='par_1_29' title="bbox 1928 1352 3497 1426">
     <span class='ocr_line' id='line_1_29' title="bbox 1928 1352 3497 1426; baseline 0.001 -18"><span class='ocrx_word' id='word_1_205' title='bbox 1928 1361 2034 1408; x_wconf 86' lang='lat' dir='ltr'><strong>tem</strong></span> <span class='ocrx_word' id='word_1_206' title='bbox 2061 1352 2128 1417; x_wconf 79' lang='lat' dir='ltr'><strong>ad</strong></span> <span class='ocrx_word' id='word_1_207' title='bbox 2159 1353 2384 1410; x_wconf 82' lang='lat' dir='ltr'><strong>meliora</strong></span> <span class='ocrx_word' id='word_1_208' title='bbox 2412 1355 2562 1411; x_wconf 87' lang='lat' dir='ltr'><strong>velut</strong></span> <span class='ocrx_word' id='word_1_209' title='bbox 2588 1357 2851 1412; x_wconf 85' lang='lat' dir='ltr'><strong>athletam</strong></span> <span class='ocrx_word' id='word_1_210' title='bbox 2877 1367 3086 1426; x_wconf 77' lang='lat' dir='ltr'><strong>ungens</strong></span> <span class='ocrx_word' id='word_1_211' title='bbox 3109 1356 3497 1420; x_wconf 75' lang='lat' dir='ltr'><strong>escitaveriln,</strong></span> 
     </span>
    </p>
   </div>
   <div class='ocr_carea' id='block_1_30' title="bbox 1925 1442 3499 1514">
    <p class='ocr_par' dir='ltr' id='par_1_30' title="bbox 1925 1442 3499 1514">
     <span class='ocr_line' id='line_1_30' title="bbox 1925 1442 3499 1514; baseline 0.001 -16"><span class='ocrx_word' id='word_1_212' title='bbox 1925 1442 2285 1514; x_wconf 80' lang='lat' dir='ltr'><strong>omnibusque</strong></span> <span class='ocrx_word' id='word_1_213' title='bbox 2324 1444 2501 1500; x_wconf 86' lang='lat' dir='ltr'><strong>modis</strong></span> <span class='ocrx_word' id='word_1_214' title='bbox 2538 1446 2593 1499; x_wconf 89' lang='lat' dir='ltr'><strong>in</strong></span> <span class='ocrx_word' id='word_1_215' title='bbox 2635 1445 2799 1500; x_wconf 89' lang='lat' dir='ltr'><strong>animi</strong></span> <span class='ocrx_word' id='word_1_216' title='bbox 2844 1446 2920 1499; x_wconf 86' lang='lat' dir='ltr'><strong>tui</strong></span> <span class='ocrx_word' id='word_1_217' title='bbox 2963 1444 3307 1502; x_wconf 71' lang='lat' dir='ltr'><strong>facultatibus</strong></span> <span class='ocrx_word' id='word_1_218' title='bbox 3346 1458 3499 1499; x_wconf 87' lang='lat' dir='ltr'><strong>amo-</strong></span> 
     </span>
    </p>
   </div>
   <div class='ocr_carea' id='block_1_31' title="bbox 1920 1535 3495 1608">
    <p class='ocr_par' dir='ltr' id='par_1_31' title="bbox 1920 1535 3495 1608">
     <span class='ocr_line' id='line_1_31' title="bbox 1920 1535 3495 1608; baseline 0.001 -19"><span class='ocrx_word' id='word_1_219' title='bbox 1920 1549 2041 1599; x_wconf 41' lang='lat' dir='ltr'><strong>:rem</strong></span> <span class='ocrx_word' id='word_1_220' title='bbox 2083 1535 2350 1591; x_wconf 86' lang='lat' dir='ltr'><strong>bonorum</strong></span> <span class='ocrx_word' id='word_1_221' title='bbox 2395 1549 2622 1608; x_wconf 87' lang='lat' dir='ltr'><strong>operum</strong></span> <span class='ocrx_word' id='word_1_222' title='bbox 2665 1537 3062 1606; x_wconf 84' lang='lat' dir='ltr'><strong>impresserim;</strong></span> <span class='ocrx_word' id='word_1_223' title='bbox 3103 1547 3161 1592; x_wconf 90' lang='lat' dir='ltr'><strong>at</strong></span> <span class='ocrx_word' id='word_1_224' title='bbox 3204 1537 3297 1593; x_wconf 85' lang='lat' dir='ltr'><strong>ille</strong></span> <span class='ocrx_word' id='word_1_225' title='bbox 3338 1536 3495 1592; x_wconf 78' lang='lat' dir='ltr'><strong>bonis</strong></span> 
     </span>
    </p>
   </div>
   <div class='ocr_carea' id='block_1_32' title="bbox 1925 1627 3493 1711">
    <p class='ocr_par' dir='ltr' id='par_1_32' title="bbox 1925 1627 3493 1711">
     <span class='ocr_line' id='line_1_32' title="bbox 1925 1627 3493 1711; baseline 0 -29"><span class='ocrx_word' id='word_1_226' title='bbox 1925 1627 2178 1686; x_wconf 86' lang='lat' dir='ltr'><strong>omnibus</strong></span> <span class='ocrx_word' id='word_1_227' title='bbox 2204 1629 2521 1698; x_wconf 80' lang='lat' dir='ltr'><strong>acquisitis,</strong></span> <span class='ocrx_word' id='word_1_228' title='bbox 2545 1642 2670 1686; x_wconf 85' lang='lat' dir='ltr'><strong>cum</strong></span> <span class='ocrx_word' id='word_1_229' title='bbox 2698 1630 2834 1686; x_wconf 81' lang='lat' dir='ltr'><strong>nihil</strong></span> <span class='ocrx_word' id='word_1_230' title='bbox 2862 1631 2963 1711; x_wconf 70' lang='lat' dir='ltr'><strong>sibi</strong></span> <span class='ocrx_word' id='word_1_231' title='bbox 2996 1631 3201 1686; x_wconf 81' lang='lat' dir='ltr'><strong>fructus</strong></span> <span class='ocrx_word' id='word_1_232' title='bbox 3221 1628 3493 1693; x_wconf 83' lang='lat' dir='ltr'><strong>attulerit,</strong></span> 
     </span>
    </p>
   </div>
   <div class='ocr_carea' id='block_1_33' title="bbox 1927 1716 3497 1791">
    <p class='ocr_par' dir='ltr' id='par_1_33' title="bbox 1927 1716 3497 1791">
     <span class='ocr_line' id='line_1_33' title="bbox 1927 1716 3497 1791; baseline 0.001 -19"><span class='ocrx_word' id='word_1_233' title='bbox 1927 1716 1974 1773; x_wconf 90' lang='lat' dir='ltr'><strong>si</strong></span> <span class='ocrx_word' id='word_1_234' title='bbox 2004 1733 2113 1773; x_wconf 87' lang='lat' dir='ltr'><strong>non</strong></span> <span class='ocrx_word' id='word_1_235' title='bbox 2142 1726 2200 1774; x_wconf 87' lang='lat' dir='ltr'><strong>et</strong></span> <span class='ocrx_word' id='word_1_236' title='bbox 2224 1718 2584 1777; x_wconf 77' lang='lat' dir='ltr'><strong>humilitatem</strong></span> <span class='ocrx_word' id='word_1_237' title='bbox 2613 1722 2970 1790; x_wconf 82' lang='lat' dir='ltr'><strong>compararit,</strong></span> <span class='ocrx_word' id='word_1_238' title='bbox 2996 1720 3078 1779; x_wconf 85' lang='lat' dir='ltr'><strong>uti</strong></span> <span class='ocrx_word' id='word_1_239' title='bbox 3105 1731 3226 1791; x_wconf 75' lang='lat' dir='ltr'><strong>qua:</strong></span> <span class='ocrx_word' id='word_1_240' title='bbox 3254 1719 3369 1776; x_wconf 87' lang='lat' dir='ltr'><strong>sola</strong></span> <span class='ocrx_word' id='word_1_241' title='bbox 3398 1731 3497 1789; x_wconf 84' lang='lat' dir='ltr'><strong>po-</strong></span> 
     </span>
    </p>
   </div>
   <div class='ocr_carea' id='block_1_34' title="bbox 252 1781 1825 1886">
    <p class='ocr_par' dir='ltr' id='par_1_34' title="bbox 252 1781 1812 1882">
     <span class='ocr_line' id='line_1_34' title="bbox 252 1781 1812 1882; baseline -0.001 -17"><span class='ocrx_word' id='word_1_242' title='bbox 252 1811 382 1882; x_wconf 72' lang='grc' dir='ltr'>ἔχει,</span> <span class='ocrx_word' id='word_1_243' title='bbox 414 1811 527 1864; x_wconf 73' lang='grc' dir='ltr'>ἔδει</span> <span class='ocrx_word' id='word_1_244' title='bbox 651 1810 823 1881; x_wconf 81' lang='grc' dir='ltr'><strong>δήπου</strong></span> <span class='ocrx_word' id='word_1_245' title='bbox 850 1808 981 1881; x_wconf 74' lang='grc' dir='ltr'><strong>περὶ</strong></span> <span class='ocrx_word' id='word_1_246' title='bbox 1010 1810 1121 1864; x_wconf 89' lang='grc' dir='ltr'><strong>τῶν</strong></span> <span class='ocrx_word' id='word_1_247' title='bbox 1146 1810 1323 1864; x_wconf 77' lang='grc' dir='ltr'>ἄλλων</span> <span class='ocrx_word' id='word_1_248' title='bbox 1349 1811 1593 1875; x_wconf 71' lang='grc' dir='ltr'>εἰπόντα,</span> <span class='ocrx_word' id='word_1_249' title='bbox 1625 1803 1706 1874; x_wconf 76' lang='grc' dir='ltr'>οἷς</span> <span class='ocrx_word' id='word_1_250' title='bbox 1744 1809 1812 1863; x_wconf 75' lang='grc' dir='ltr'>ἂν</span> 
     </span>
    </p>
   </div>
   <div class='ocr_carea' id='block_1_35' title="bbox 1928 1781 3499 1886">
    <p class='ocr_par' dir='ltr' id='par_1_35' title="bbox 1928 1781 3499 1886">
     <span class='ocr_line' id='line_1_35' title="bbox 1928 1781 3499 1886; baseline 0.001 -22"><span class='ocrx_word' id='word_1_251' title='bbox 1928 1810 2213 1886; x_wconf 71' lang='grc' dir='ltr'>ιὶεείιιιυιιι</span> <span class='ocrx_word' id='word_1_252' title='bbox 2244 1813 2317 1868; x_wconf 89' lang='lat' dir='ltr'><strong>sit</strong></span> <span class='ocrx_word' id='word_1_253' title='bbox 2354 1812 2537 1869; x_wconf 84' lang='lat' dir='ltr'><strong>iumen</strong></span> <span class='ocrx_word' id='word_1_254' title='bbox 2574 1812 2833 1869; x_wconf 82' lang='lat' dir='ltr'><strong>virtutum</strong></span> <span class='ocrx_word' id='word_1_255' title='bbox 2880 1781 3284 1877; x_wconf 70' lang='lat' dir='ltr'><strong>universarum,</strong></span> <span class='ocrx_word' id='word_1_256' title='bbox 3327 1812 3499 1869; x_wconf 62' lang='lat' dir='ltr'><strong>bonan</strong></span> 
     </span>
    </p>
   </div>
   <div class='ocr_carea' id='block_1_36' title="bbox 253 1899 1820 1972">
    <p class='ocr_par' dir='ltr' id='par_1_36' title="bbox 253 1899 1820 1972">
     <span class='ocr_line' id='line_1_36' title="bbox 253 1899 1820 1972; baseline -0.001 -16"><span class='ocrx_word' id='word_1_257' title='bbox 253 1901 435 1971; x_wconf 70' lang='grc' dir='ltr'><strong>γένοιο</strong></span> <span class='ocrx_word' id='word_1_258' title='bbox 471 1902 615 1972; x_wconf 77' lang='grc' dir='ltr'><strong>ἀνήρ</strong></span> <span class='ocrx_word' id='word_1_259' title='bbox 641 1918 702 1955; x_wconf 86' lang='grc' dir='ltr'><strong>τε</strong></span> <span class='ocrx_word' id='word_1_260' title='bbox 749 1902 845 1955; x_wconf 71' lang='grc' dir='ltr'>καὶ</span> <span class='ocrx_word' id='word_1_261' title='bbox 881 1899 1139 1971; x_wconf 79' lang='grc' dir='ltr'>βασιλεὺς</span> <span class='ocrx_word' id='word_1_262' title='bbox 1170 1900 1396 1967; x_wconf 76' lang='grc' dir='ltr'>ἀγαθὸς,</span> <span class='ocrx_word' id='word_1_263' title='bbox 1429 1899 1700 1955; x_wconf 77' lang='grc' dir='ltr'><strong>τελευτῶν</strong></span> <span class='ocrx_word' id='word_1_264' title='bbox 1725 1900 1820 1954; x_wconf 83' lang='grc' dir='ltr'>καὶ</span> 
     </span>
    </p>
   </div>
   <div class='ocr_carea' id='block_1_37' title="bbox 254 1985 1816 2063">
    <p class='ocr_par' dir='ltr' id='par_1_37' title="bbox 254 1985 1816 2063">
     <span class='ocr_line' id='line_1_37' title="bbox 254 1985 1816 2063; baseline -0.001 -17"><span class='ocrx_word' id='word_1_265' title='bbox 254 1994 379 2063; x_wconf 76' lang='grc' dir='ltr'><strong>περὶ</strong></span> <span class='ocrx_word' id='word_1_266' title='bbox 431 1993 535 2063; x_wconf 85' lang='grc' dir='ltr'><strong>τῆς</strong></span> <span class='ocrx_word' id='word_1_267' title='bbox 561 1992 855 2063; x_wconf 79' lang='grc' dir='ltr'><strong>καλλίστης</strong></span> <span class='ocrx_word' id='word_1_268' title='bbox 896 1989 1009 2045; x_wconf 81' lang='grc' dir='ltr'><strong>τῶν</strong></span> <span class='ocrx_word' id='word_1_269' title='bbox 1050 1990 1263 2060; x_wconf 78' lang='grc' dir='ltr'>ἀρετῶν</span> <span class='ocrx_word' id='word_1_270' title='bbox 1309 1992 1538 2060; x_wconf 78' lang='grc' dir='ltr'>ταυτησὶ</span> <span class='ocrx_word' id='word_1_271' title='bbox 1568 1985 1816 2044; x_wconf 75' lang='grc' dir='ltr'><strong>διελθεῖν.</strong></span> 
     </span>
    </p>
   </div>
   <div class='ocr_carea' id='block_1_38' title="bbox 259 2080 1820 2152">
    <p class='ocr_par' dir='ltr' id='par_1_38' title="bbox 259 2080 1820 2152">
     <span class='ocr_line' id='line_1_38' title="bbox 259 2080 1820 2152; baseline -0.002 -15"><span class='ocrx_word' id='word_1_272' title='bbox 259 2083 418 2137; x_wconf 71' lang='grc' dir='ltr'>Ἐπεί</span> <span class='ocrx_word' id='word_1_273' title='bbox 444 2099 532 2139; x_wconf 85' lang='grc' dir='ltr'>τοι</span> <span class='ocrx_word' id='word_1_274' title='bbox 560 2082 654 2137; x_wconf 78' lang='grc' dir='ltr'><strong>και</strong></span> <span class='ocrx_word' id='word_1_275' title='bbox 687 2082 875 2152; x_wconf 79' lang='grc' dir='ltr'>σαφῶς</span> <span class='ocrx_word' id='word_1_276' title='bbox 906 2082 1027 2135; x_wconf 76' lang='grc' dir='ltr'>ἐστι</span> <span class='ocrx_word' id='word_1_277' title='bbox 1072 2080 1216 2135; x_wconf 82' lang='grc' dir='ltr'>κατά</span> <span class='ocrx_word' id='word_1_278' title='bbox 1264 2080 1401 2133; x_wconf 79' lang='grc' dir='ltr'><strong>πολὺ</strong></span> <span class='ocrx_word' id='word_1_279' title='bbox 1435 2080 1820 2150; x_wconf 83' lang='grc' dir='ltr'>χαλεπώτερον</span> 
     </span>
    </p>
   </div>
   <div class='ocr_carea' id='block_1_39' title="bbox 248 2171 1821 2242">
    <p class='ocr_par' dir='ltr' id='par_1_39' title="bbox 248 2171 1821 2242">
     <span class='ocr_line' id='line_1_39' title="bbox 248 2171 1821 2242; baseline 0 -16"><span class='ocrx_word' id='word_1_280' title='bbox 248 2174 307 2227; x_wconf 80' lang='grc' dir='ltr'><strong>τό</strong></span> <span class='ocrx_word' id='word_1_281' title='bbox 334 2191 402 2241; x_wconf 73' lang='grc' dir='ltr'>γε</span> <span class='ocrx_word' id='word_1_282' title='bbox 435 2173 670 2242; x_wconf 78' lang='grc' dir='ltr'>φυλάξαι</span> <span class='ocrx_word' id='word_1_283' title='bbox 697 2172 920 2242; x_wconf 61' lang='grc' dir='ltr'>τάγαθά</span> <span class='ocrx_word' id='word_1_284' title='bbox 940 2177 1034 2226; x_wconf 80' lang='grc' dir='ltr'><strong>και</strong></span> <span class='ocrx_word' id='word_1_285' title='bbox 1058 2171 1430 2226; x_wconf 86' lang='grc' dir='ltr'>διασώσασθαι</span> <span class='ocrx_word' id='word_1_286' title='bbox 1455 2171 1617 2242; x_wconf 76' lang='grc' dir='ltr'><strong>μέχρι</strong></span> <span class='ocrx_word' id='word_1_287' title='bbox 1634 2172 1821 2237; x_wconf 81' lang='grc' dir='ltr'><strong>τέλους</strong></span> 
     </span>
    </p>
   </div>
   <div class='ocr_carea' id='block_1_40' title="bbox 243 2262 1820 2336">
    <p class='ocr_par' dir='ltr' id='par_1_40' title="bbox 243 2262 1820 2336">
     <span class='ocr_line' id='line_1_40' title="bbox 243 2262 1820 2336; baseline 0.001 -20"><span class='ocrx_word' id='word_1_288' title='bbox 243 2262 338 2317; x_wconf 80' lang='grc' dir='ltr'><strong>τοῦ</strong></span> <span class='ocrx_word' id='word_1_289' title='bbox 367 2265 476 2334; x_wconf 78' lang='grc' dir='ltr'>τὴν</span> <span class='ocrx_word' id='word_1_290' title='bbox 522 2265 698 2336; x_wconf 76' lang='grc' dir='ltr'><strong>ἀρχὴν</strong></span> <span class='ocrx_word' id='word_1_291' title='bbox 725 2264 900 2319; x_wconf 83' lang='grc' dir='ltr'>ταῦτα</span> <span class='ocrx_word' id='word_1_292' title='bbox 947 2263 1284 2335; x_wconf 77' lang='grc' dir='ltr'>κτήσασθαι.</span> <span class='ocrx_word' id='word_1_293' title='bbox 1313 2264 1419 2320; x_wconf 76' lang='grc' dir='ltr'><strong>Καὶ</strong></span> <span class='ocrx_word' id='word_1_294' title='bbox 1464 2264 1671 2335; x_wconf 80' lang='grc' dir='ltr'>ταύτην</span> <span class='ocrx_word' id='word_1_295' title='bbox 1719 2264 1820 2334; x_wconf 82' lang='grc' dir='ltr'>τὴν</span> 
     </span>
    </p>
   </div>
   <div class='ocr_carea' id='block_1_41' title="bbox 247 2348 1822 2427">
    <p class='ocr_par' dir='ltr' id='par_1_41' title="bbox 247 2348 1822 2427">
     <span class='ocr_line' id='line_1_41' title="bbox 247 2348 1822 2427; baseline 0.001 -19"><span class='ocrx_word' id='word_1_296' title='bbox 247 2353 476 2427; x_wconf 77' lang='grc' dir='ltr'><strong>γνώμην</strong></span> <span class='ocrx_word' id='word_1_297' title='bbox 509 2352 630 2409; x_wconf 81' lang='grc' dir='ltr'>εἷπε</span> <span class='ocrx_word' id='word_1_298' title='bbox 664 2356 765 2426; x_wconf 79' lang='grc' dir='ltr'><strong>μέν</strong></span> <span class='ocrx_word' id='word_1_299' title='bbox 792 2371 878 2420; x_wconf 84' lang='grc' dir='ltr'><strong>τις</strong></span> <span class='ocrx_word' id='word_1_300' title='bbox 914 2354 1023 2409; x_wconf 89' lang='grc' dir='ltr'><strong>τῶν</strong></span> <span class='ocrx_word' id='word_1_301' title='bbox 1059 2354 1231 2409; x_wconf 87' lang='grc' dir='ltr'>πάλαι</span> <span class='ocrx_word' id='word_1_302' title='bbox 1261 2348 1695 2425; x_wconf 73' lang='grc' dir='ltr'><strong>Θαυμαζομένων</strong></span> <span class='ocrx_word' id='word_1_303' title='bbox 1727 2356 1822 2411; x_wconf 66' lang='grc' dir='ltr'><strong>ἐπὶ</strong></span> 
     </span>
    </p>
   </div>
   <div class='ocr_carea' id='block_1_42' title="bbox 168 2438 1820 2518">
    <p class='ocr_par' dir='ltr' id='par_1_42' title="bbox 168 2438 1820 2518">
     <span class='ocr_line' id='line_1_42' title="bbox 168 2438 1820 2518; baseline 0.002 -20"><span class='ocrx_word' id='word_1_304' title='bbox 168 2504 183 2509; x_wconf 89' lang='lat'>_</span> <span class='ocrx_word' id='word_1_305' title='bbox 246 2446 410 2518; x_wconf 72' lang='grc' dir='ltr'>σοφίᾳ</span> <span class='ocrx_word' id='word_1_306' title='bbox 463 2444 835 2517; x_wconf 65' lang='grc' dir='ltr'><strong>(Δημοσθένης</strong></span> <span class='ocrx_word' id='word_1_307' title='bbox 884 2438 1039 2509; x_wconf 73' lang='grc' dir='ltr'>οὗτός</span> <span class='ocrx_word' id='word_1_308' title='bbox 1083 2447 1255 2510; x_wconf 74' lang='grc' dir='ltr'>ἐστιν,</span> <span class='ocrx_word' id='word_1_309' title='bbox 1296 2443 1355 2497; x_wconf 80' lang='grc' dir='ltr'><strong>οὗ</strong></span> <span class='ocrx_word' id='word_1_310' title='bbox 1406 2445 1548 2516; x_wconf 86' lang='grc' dir='ltr'>μετὰ</span> <span class='ocrx_word' id='word_1_311' title='bbox 1597 2446 1820 2517; x_wconf 80' lang='grc' dir='ltr'><strong>μνήμης</strong></span> 
     </span>
    </p>
   </div>
   <div class='ocr_carea' id='block_1_43' title="bbox 243 2535 1822 2607">
    <p class='ocr_par' dir='ltr' id='par_1_43' title="bbox 243 2535 1822 2607">
     <span class='ocr_line' id='line_1_43' title="bbox 243 2535 1822 2607; baseline 0 -17"><span class='ocrx_word' id='word_1_312' title='bbox 243 2536 462 2605; x_wconf 77' lang='grc' dir='ltr'><strong>ἀγαθῆς</strong></span> <span class='ocrx_word' id='word_1_313' title='bbox 503 2538 532 2590; x_wconf 80' lang='grc' dir='ltr'><strong>ὁ</strong></span> <span class='ocrx_word' id='word_1_314' title='bbox 560 2537 648 2590; x_wconf 74' lang='grc' dir='ltr'>διὰ</span> <span class='ocrx_word' id='word_1_315' title='bbox 689 2537 856 2607; x_wconf 69' lang='grc' dir='ltr'><strong>μέσου</strong></span> <span class='ocrx_word' id='word_1_316' title='bbox 898 2536 1007 2599; x_wconf 79' lang='grc' dir='ltr'><strong>πᾶς</strong></span> <span class='ocrx_word' id='word_1_317' title='bbox 1048 2535 1243 2607; x_wconf 77' lang='grc' dir='ltr'>χρόνος</span> <span class='ocrx_word' id='word_1_318' title='bbox 1292 2536 1653 2606; x_wconf 82' lang='grc' dir='ltr'>διατετήρηκε</span> <span class='ocrx_word' id='word_1_319' title='bbox 1697 2535 1822 2590; x_wconf 72' lang='grc' dir='ltr'><strong>τού-</strong></span> 
     </span>
    </p>
   </div>
   <div class='ocr_carea' id='block_1_44' title="bbox 243 2626 1817 2700">
    <p class='ocr_par' dir='ltr' id='par_1_44' title="bbox 243 2626 1817 2700">
     <span class='ocr_line' id='line_1_44' title="bbox 243 2626 1817 2700; baseline -0.001 -17"><span class='ocrx_word' id='word_1_320' title='bbox 243 2626 405 2700; x_wconf 86' lang='grc' dir='ltr'><strong>νομα)</strong></span> <span class='ocrx_word' id='word_1_321' title='bbox 433 2644 451 2658; x_wconf 91' lang='grc'><strong>·</strong></span> <span class='ocrx_word' id='word_1_322' title='bbox 493 2627 668 2697; x_wconf 78' lang='grc' dir='ltr'>ἐφάνη</span> <span class='ocrx_word' id='word_1_323' title='bbox 709 2626 770 2680; x_wconf 76' lang='grc' dir='ltr'>δὲ</span> <span class='ocrx_word' id='word_1_324' title='bbox 800 2628 862 2680; x_wconf 67' lang='lat' dir='ltr'><strong>tit</strong></span> <span class='ocrx_word' id='word_1_325' title='bbox 912 2628 1020 2681; x_wconf 87' lang='grc' dir='ltr'><strong>τῶν</strong></span> <span class='ocrx_word' id='word_1_326' title='bbox 1054 2628 1399 2700; x_wconf 76' lang='grc' dir='ltr'><strong>πραγμάτων</strong></span> <span class='ocrx_word' id='word_1_327' title='bbox 1451 2627 1817 2699; x_wconf 81' lang='grc' dir='ltr'>ἀληθεστάτη,</span> 
     </span>
    </p>
   </div>
   <div class='ocr_carea' id='block_1_45' title="bbox 244 2714 1819 2791">
    <p class='ocr_par' dir='ltr' id='par_1_45' title="bbox 244 2714 1819 2791">
     <span class='ocr_line' id='line_1_45' title="bbox 244 2714 1819 2791; baseline 0 -19"><span class='ocrx_word' id='word_1_328' title='bbox 244 2720 334 2772; x_wconf 76' lang='grc' dir='ltr'>καὶ</span> <span class='ocrx_word' id='word_1_329' title='bbox 358 2718 485 2774; x_wconf 78' lang='grc' dir='ltr'><strong>οὐδ’</strong></span> <span class='ocrx_word' id='word_1_330' title='bbox 519 2719 588 2773; x_wconf 78' lang='grc' dir='ltr'><strong>ἂν</strong></span> <span class='ocrx_word' id='word_1_331' title='bbox 616 2714 697 2783; x_wconf 77' lang='grc' dir='ltr'><strong>εἷς</strong></span> <span class='ocrx_word' id='word_1_332' title='bbox 723 2719 836 2789; x_wconf 77' lang='grc' dir='ltr'>ἔχοι</span> <span class='ocrx_word' id='word_1_333' title='bbox 857 2719 992 2790; x_wconf 72' lang='grc' dir='ltr'>πρὸς</span> <span class='ocrx_word' id='word_1_334' title='bbox 1022 2720 1191 2791; x_wconf 70' lang='grc' dir='ltr'>αὐτὴν</span> <span class='ocrx_word' id='word_1_335' title='bbox 1217 2721 1489 2789; x_wconf 81' lang='grc' dir='ltr'>ἀντερεῖν.</span> <span class='ocrx_word' id='word_1_336' title='bbox 1524 2714 1600 2774; x_wconf 84' lang='grc' dir='ltr'><strong>Οὐ</strong></span> <span class='ocrx_word' id='word_1_337' title='bbox 1630 2718 1733 2791; x_wconf 79' lang='grc' dir='ltr'><strong>χρὴ</strong></span> <span class='ocrx_word' id='word_1_338' title='bbox 1761 2719 1819 2772; x_wconf 76' lang='grc' dir='ltr'>δὲ</span> 
     </span>
    </p>
   </div>
   <div class='ocr_carea' id='block_1_46' title="bbox 241 2800 1820 2880">
    <p class='ocr_par' dir='ltr' id='par_1_46' title="bbox 241 2800 1820 2880">
     <span class='ocr_line' id='line_1_46' title="bbox 241 2800 1820 2880; baseline 0.001 -18"><span class='ocrx_word' id='word_1_339' title='bbox 241 2800 392 2879; x_wconf 60' lang='grc' dir='ltr'><strong>οἶμαι</strong></span> <span class='ocrx_word' id='word_1_340' title='bbox 454 2809 772 2879; x_wconf 69' lang='grc' dir='ltr'>θαυμάζειν,</span> <span class='ocrx_word' id='word_1_341' title='bbox 814 2811 864 2862; x_wconf 82' lang='grc' dir='ltr'><strong>εί</strong></span> <span class='ocrx_word' id='word_1_342' title='bbox 900 2809 1119 2879; x_wconf 81' lang='grc' dir='ltr'><strong>καθῆκα</strong></span> <span class='ocrx_word' id='word_1_343' title='bbox 1166 2809 1406 2880; x_wconf 76' lang='grc' dir='ltr'><strong>ἐμαυτὸν</strong></span> <span class='ocrx_word' id='word_1_344' title='bbox 1438 2810 1516 2873; x_wconf 83' lang='grc' dir='ltr'><strong>είς</strong></span> <span class='ocrx_word' id='word_1_345' title='bbox 1549 2807 1608 2861; x_wconf 87' lang='grc' dir='ltr'><strong>δν</strong></span> <span class='ocrx_word' id='word_1_346' title='bbox 1652 2809 1820 2879; x_wconf 75' lang='grc' dir='ltr'><strong>ἐχρῆν</strong></span> 
     </span>
    </p>
   </div>
   <div class='ocr_carea' id='block_1_47' title="bbox 242 2900 1820 2974">
    <p class='ocr_par' dir='ltr' id='par_1_47' title="bbox 242 2900 1820 2974">
     <span class='ocr_line' id='line_1_47' title="bbox 242 2900 1820 2974; baseline -0.001 -18"><span class='ocrx_word' id='word_1_347' title='bbox 242 2903 673 2974; x_wconf 74' lang='grc' dir='ltr'><strong>ἀποδιδράσκειν</strong></span> <span class='ocrx_word' id='word_1_348' title='bbox 720 2903 932 2972; x_wconf 84' lang='grc' dir='ltr'>ἀγῶνα.</span> <span class='ocrx_word' id='word_1_349' title='bbox 961 2903 1037 2957; x_wconf 81' lang='grc' dir='ltr'><strong>οὐ</strong></span> <span class='ocrx_word' id='word_1_350' title='bbox 1076 2901 1186 2973; x_wconf 79' lang='grc' dir='ltr'><strong>γὰρ</strong></span> <span class='ocrx_word' id='word_1_351' title='bbox 1213 2900 1274 2966; x_wconf 64' lang='grc' dir='ltr'><strong>ἔξ</strong></span> <span class='ocrx_word' id='word_1_352' title='bbox 1312 2900 1571 2965; x_wconf 77' lang='grc' dir='ltr'><strong>ἀπονοίας</strong></span> <span class='ocrx_word' id='word_1_353' title='bbox 1599 2917 1820 2955; x_wconf 84' lang='grc' dir='ltr'>κατενε-</span> 
     </span>
    </p>
   </div>
   <div class='ocr_carea' id='block_1_48' title="bbox 239 2989 1808 3065">
    <p class='ocr_par' dir='ltr' id='par_1_48' title="bbox 239 2989 1808 3065">
     <span class='ocr_line' id='line_1_48' title="bbox 239 2989 1808 3065; baseline -0.001 -18"><span class='ocrx_word' id='word_1_354' title='bbox 239 2995 473 3064; x_wconf 79' lang='grc' dir='ltr'>χθέντες</span> <span class='ocrx_word' id='word_1_355' title='bbox 522 2996 618 3056; x_wconf 80' lang='grc' dir='ltr'>τὰς</span> <span class='ocrx_word' id='word_1_356' title='bbox 653 2993 857 3065; x_wconf 78' lang='grc' dir='ltr'>φρένας</span> <span class='ocrx_word' id='word_1_357' title='bbox 901 2993 1307 3057; x_wconf 74' lang='grc' dir='ltr'>ἀπολωλεκότες</span> <span class='ocrx_word' id='word_1_358' title='bbox 1354 2993 1541 3063; x_wconf 63' lang='grc' dir='ltr'><strong>ἐσμὲν,</strong></span> <span class='ocrx_word' id='word_1_359' title='bbox 1591 2992 1668 3056; x_wconf 85' lang='grc' dir='ltr'>ὡς</span> <span class='ocrx_word' id='word_1_360' title='bbox 1713 2989 1808 3045; x_wconf 78' lang='grc' dir='ltr'>καὶ</span> 
     </span>
    </p>
   </div>
   <div class='ocr_carea' id='block_1_49' title="bbox 1918 1901 3494 1975">
    <p class='ocr_par' dir='ltr' id='par_1_49' title="bbox 1918 1901 3494 1975">
     <span class='ocr_line' id='line_1_49' title="bbox 1918 1901 3494 1975; baseline -0.002 -18"><span class='ocrx_word' id='word_1_361' title='bbox 1918 1916 2151 1972; x_wconf 84' lang='lat' dir='ltr'><strong>rumque</strong></span> <span class='ocrx_word' id='word_1_362' title='bbox 2190 1912 2377 1960; x_wconf 85' lang='lat' dir='ltr'><strong>custos</strong></span> <span class='ocrx_word' id='word_1_363' title='bbox 2414 1904 2655 1961; x_wconf 90' lang='lat' dir='ltr'><strong>omnium</strong></span> <span class='ocrx_word' id='word_1_364' title='bbox 2701 1922 2716 1960; x_wconf 86' lang='lat'><strong>:</strong></span> <span class='ocrx_word' id='word_1_365' title='bbox 2764 1906 2879 1960; x_wconf 64' lang='lat' dir='ltr'><strong>haec</strong></span> <span class='ocrx_word' id='word_1_366' title='bbox 2913 1919 3046 1975; x_wconf 82' lang='lat' dir='ltr'><strong>ergo</strong></span> <span class='ocrx_word' id='word_1_367' title='bbox 3087 1918 3209 1960; x_wconf 89' lang='lat' dir='ltr'><strong>cum</strong></span> <span class='ocrx_word' id='word_1_368' title='bbox 3249 1904 3325 1959; x_wconf 86' lang='lat' dir='ltr'><strong>ita</strong></span> <span class='ocrx_word' id='word_1_369' title='bbox 3365 1901 3494 1967; x_wconf 84' lang='lat' dir='ltr'><strong>sint,</strong></span> 
     </span>
    </p>
   </div>
   <div class='ocr_carea' id='block_1_50' title="bbox 1919 1994 3497 2066">
    <p class='ocr_par' dir='ltr' id='par_1_50' title="bbox 1919 1994 3497 2066">
     <span class='ocr_line' id='line_1_50' title="bbox 1919 1994 3497 2066; baseline -0.002 -17"><span class='ocrx_word' id='word_1_370' title='bbox 1919 2006 2054 2049; x_wconf 82' lang='lat' dir='ltr'><strong>sane</strong></span> <span class='ocrx_word' id='word_1_371' title='bbox 2091 2007 2188 2062; x_wconf 82' lang='lat' dir='ltr'><strong>par</strong></span> <span class='ocrx_word' id='word_1_372' title='bbox 2219 2003 2341 2051; x_wconf 84' lang='lat' dir='ltr'><strong>erat</strong></span> <span class='ocrx_word' id='word_1_373' title='bbox 2377 2003 2436 2050; x_wconf 90' lang='grc' dir='ltr'><strong>ιιι</strong></span> <span class='ocrx_word' id='word_1_374' title='bbox 2466 1996 2561 2066; x_wconf 88' lang='lat' dir='ltr'><strong>qui</strong></span> <span class='ocrx_word' id='word_1_375' title='bbox 2592 1996 2658 2051; x_wconf 88' lang='lat' dir='ltr'><strong>de</strong></span> <span class='ocrx_word' id='word_1_376' title='bbox 2694 1995 2904 2052; x_wconf 55' lang='lat' dir='ltr'><strong>caeteris</strong></span> <span class='ocrx_word' id='word_1_377' title='bbox 2944 1994 3369 2059; x_wconf 80' lang='lat' dir='ltr'><strong>disseruissem,</strong></span> <span class='ocrx_word' id='word_1_378' title='bbox 3400 2008 3497 2062; x_wconf 87' lang='lat' dir='ltr'><strong>per</strong></span> 
     </span>
    </p>
   </div>
   <div class='ocr_carea' id='block_1_51' title="bbox 1922 2085 3493 2159">
    <p class='ocr_par' dir='ltr' id='par_1_51' title="bbox 1922 2085 3493 2159">
     <span class='ocr_line' id='line_1_51' title="bbox 1922 2085 3493 2159; baseline 0.001 -23"><span class='ocrx_word' id='word_1_379' title='bbox 1922 2098 2044 2153; x_wconf 73' lang='lat' dir='ltr'><strong>qua:</strong></span> <span class='ocrx_word' id='word_1_380' title='bbox 2083 2092 2192 2139; x_wconf 87' lang='lat' dir='ltr'><strong>tam</strong></span> <span class='ocrx_word' id='word_1_381' title='bbox 2237 2086 2290 2140; x_wconf 91' lang='lat' dir='ltr'><strong>in</strong></span> <span class='ocrx_word' id='word_1_382' title='bbox 2326 2086 2499 2142; x_wconf 83' lang='lat' dir='ltr'><strong>virum</strong></span> <span class='ocrx_word' id='word_1_383' title='bbox 2537 2102 2702 2157; x_wconf 86' lang='lat' dir='ltr'><strong>quam</strong></span> <span class='ocrx_word' id='word_1_384' title='bbox 2744 2100 2927 2159; x_wconf 87' lang='lat' dir='ltr'><strong>regem</strong></span> <span class='ocrx_word' id='word_1_385' title='bbox 2969 2087 3174 2142; x_wconf 88' lang='lat' dir='ltr'><strong>bonum</strong></span> <span class='ocrx_word' id='word_1_386' title='bbox 3214 2085 3493 2149; x_wconf 80' lang='lat' dir='ltr'><strong>evaderes,</strong></span> 
     </span>
    </p>
   </div>
   <div class='ocr_carea' id='block_1_52' title="bbox 1925 2175 3496 2255">
    <p class='ocr_par' dir='ltr' id='par_1_52' title="bbox 1925 2175 3496 2255">
     <span class='ocr_line' id='line_1_52' title="bbox 1925 2175 3496 2255; baseline -0.002 -25"><span class='ocrx_word' id='word_1_387' title='bbox 1925 2183 2262 2243; x_wconf 57' lang='lat' dir='ltr'><strong>pestremum</strong></span> <span class='ocrx_word' id='word_1_388' title='bbox 2298 2176 2457 2231; x_wconf 88' lang='lat' dir='ltr'><strong>etiam</strong></span> <span class='ocrx_word' id='word_1_389' title='bbox 2493 2176 2562 2232; x_wconf 88' lang='lat' dir='ltr'><strong>de</strong></span> <span class='ocrx_word' id='word_1_390' title='bbox 2592 2177 2697 2235; x_wconf 85' lang='lat' dir='ltr'><strong>hac</strong></span> <span class='ocrx_word' id='word_1_391' title='bbox 2732 2176 3098 2247; x_wconf 85' lang='lat' dir='ltr'><strong>pulcherrima</strong></span> <span class='ocrx_word' id='word_1_392' title='bbox 3129 2175 3331 2255; x_wconf 81' lang='lat' dir='ltr'><strong>virtute</strong></span> <span class='ocrx_word' id='word_1_393' title='bbox 3364 2187 3496 2244; x_wconf 68' lang='grc' dir='ltr'>ρετι-</span> 
     </span>
    </p>
   </div>
   <div class='ocr_carea' id='block_1_53' title="bbox 1927 2265 3496 2338">
    <p class='ocr_par' dir='ltr' id='par_1_53' title="bbox 1927 2265 3496 2338">
     <span class='ocr_line' id='line_1_53' title="bbox 1927 2265 3496 2338; baseline 0.001 -20"><span class='ocrx_word' id='word_1_394' title='bbox 1927 2274 2241 2322; x_wconf 86' lang='lat' dir='ltr'><strong>tractarem.</strong></span> <span class='ocrx_word' id='word_1_395' title='bbox 2268 2266 2480 2338; x_wconf 85' lang='lat' dir='ltr'><strong>Quippe</strong></span> <span class='ocrx_word' id='word_1_396' title='bbox 2506 2268 2674 2323; x_wconf 88' lang='lat' dir='ltr'><strong>dubio</strong></span> <span class='ocrx_word' id='word_1_397' title='bbox 2703 2270 2892 2338; x_wconf 87' lang='lat' dir='ltr'><strong>procul</strong></span> <span class='ocrx_word' id='word_1_398' title='bbox 2921 2265 3190 2323; x_wconf 69' lang='lat' dir='ltr'><strong>difficilius</strong></span> <span class='ocrx_word' id='word_1_399' title='bbox 3210 2272 3298 2322; x_wconf 87' lang='lat' dir='ltr'><strong>est</strong></span> <span class='ocrx_word' id='word_1_400' title='bbox 3321 2279 3496 2333; x_wconf 76' lang='lat' dir='ltr'><strong>sarpe-</strong></span> 
     </span>
    </p>
   </div>
   <div class='ocr_carea' id='block_1_54' title="bbox 1923 2355 3498 2424">
    <p class='ocr_par' dir='ltr' id='par_1_54' title="bbox 1923 2355 3498 2424">
     <span class='ocr_line' id='line_1_54' title="bbox 1923 2355 3498 2424; baseline -0.003 -15"><span class='ocrx_word' id='word_1_401' title='bbox 1923 2368 2173 2421; x_wconf 85' lang='lat' dir='ltr'><strong>numero,</strong></span> <span class='ocrx_word' id='word_1_402' title='bbox 2202 2356 2503 2412; x_wconf 86' lang='lat' dir='ltr'><strong>custodisse</strong></span> <span class='ocrx_word' id='word_1_403' title='bbox 2535 2356 2676 2412; x_wconf 84' lang='lat' dir='ltr'><strong>bona</strong></span> <span class='ocrx_word' id='word_1_404' title='bbox 2703 2364 2757 2410; x_wconf 88' lang='lat' dir='ltr'><strong>et</strong></span> <span class='ocrx_word' id='word_1_405' title='bbox 2784 2356 2854 2410; x_wconf 88' lang='lat' dir='ltr'><strong>ad</strong></span> <span class='ocrx_word' id='word_1_406' title='bbox 2882 2355 3039 2410; x_wconf 86' lang='lat' dir='ltr'><strong>finem</strong></span> <span class='ocrx_word' id='word_1_407' title='bbox 3070 2367 3246 2424; x_wconf 84' lang='lat' dir='ltr'><strong>usque</strong></span> <span class='ocrx_word' id='word_1_408' title='bbox 3274 2366 3498 2409; x_wconf 63' lang='lat' dir='ltr'><strong>consen-</strong></span> 
     </span>
    </p>
   </div>
   <div class='ocr_carea' id='block_1_55' title="bbox 1931 2440 3496 2518">
    <p class='ocr_par' dir='ltr' id='par_1_55' title="bbox 1931 2440 3496 2518">
     <span class='ocr_line' id='line_1_55' title="bbox 1931 2440 3496 2518; baseline -0.003 -19"><span class='ocrx_word' id='word_1_409' title='bbox 1931 2458 2087 2500; x_wconf 80' lang='lat' dir='ltr'><strong>vasse</strong></span> <span class='ocrx_word' id='word_1_410' title='bbox 2133 2460 2294 2516; x_wconf 87' lang='lat' dir='ltr'><strong>quam</strong></span> <span class='ocrx_word' id='word_1_411' title='bbox 2343 2446 2530 2502; x_wconf 91' lang='lat' dir='ltr'><strong>eadem</strong></span> <span class='ocrx_word' id='word_1_412' title='bbox 2576 2447 2645 2503; x_wconf 91' lang='lat' dir='ltr'><strong>ab</strong></span> <span class='ocrx_word' id='word_1_413' title='bbox 2694 2445 2852 2502; x_wconf 84' lang='lat' dir='ltr'><strong>initio</strong></span> <span class='ocrx_word' id='word_1_414' title='bbox 2894 2445 3274 2518; x_wconf 87' lang='lat' dir='ltr'><strong>acquisivisse.</strong></span> <span class='ocrx_word' id='word_1_415' title='bbox 3319 2440 3496 2509; x_wconf 84' lang='lat' dir='ltr'><strong>Quam</strong></span> 
     </span>
    </p>
   </div>
   <div class='ocr_carea' id='block_1_56' title="bbox 1928 2535 3497 2607">
    <p class='ocr_par' dir='ltr' id='par_1_56' title="bbox 1928 2535 3497 2607">
     <span class='ocr_line' id='line_1_56' title="bbox 1928 2535 3497 2607; baseline -0.003 -16"><span class='ocrx_word' id='word_1_416' title='bbox 1928 2550 2059 2591; x_wconf 83' lang='lat' dir='ltr'><strong>sane</strong></span> <span class='ocrx_word' id='word_1_417' title='bbox 2088 2537 2415 2593; x_wconf 88' lang='lat' dir='ltr'><strong>sententiam</strong></span> <span class='ocrx_word' id='word_1_418' title='bbox 2448 2536 2676 2607; x_wconf 89' lang='lat' dir='ltr'><strong>protulit</strong></span> <span class='ocrx_word' id='word_1_419' title='bbox 2705 2538 2925 2607; x_wconf 87' lang='lat' dir='ltr'><strong>quidam</strong></span> <span class='ocrx_word' id='word_1_420' title='bbox 2946 2577 2961 2603; x_wconf 93' lang='lat'><strong>,</strong></span> <span class='ocrx_word' id='word_1_421' title='bbox 2994 2537 3086 2607; x_wconf 91' lang='lat' dir='ltr'><strong>qui</strong></span> <span class='ocrx_word' id='word_1_422' title='bbox 3116 2535 3245 2591; x_wconf 91' lang='lat' dir='ltr'><strong>olim</strong></span> <span class='ocrx_word' id='word_1_423' title='bbox 3277 2540 3497 2605; x_wconf 87' lang='lat' dir='ltr'><strong>sapien-</strong></span> 
     </span>
    </p>
   </div>
   <div class='ocr_carea' id='block_1_57' title="bbox 1934 2626 3500 2699">
    <p class='ocr_par' dir='ltr' id='par_1_57' title="bbox 1934 2626 3500 2699">
     <span class='ocr_line' id='line_1_57' title="bbox 1934 2626 3500 2699; baseline 0 -19"><span class='ocrx_word' id='word_1_424' title='bbox 1934 2627 2020 2683; x_wconf 66' lang='lat' dir='ltr'><strong>tiae</strong></span> <span class='ocrx_word' id='word_1_425' title='bbox 2052 2629 2270 2684; x_wconf 89' lang='lat' dir='ltr'><strong>nomine</strong></span> <span class='ocrx_word' id='word_1_426' title='bbox 2303 2630 2358 2683; x_wconf 91' lang='lat' dir='ltr'><strong>in</strong></span> <span class='ocrx_word' id='word_1_427' title='bbox 2393 2630 2751 2686; x_wconf 82' lang='lat' dir='ltr'><strong>admiratione</strong></span> <span class='ocrx_word' id='word_1_428' title='bbox 2786 2636 2903 2683; x_wconf 88' lang='lat' dir='ltr'><strong>erat</strong></span> <span class='ocrx_word' id='word_1_429' title='bbox 2926 2628 3378 2699; x_wconf 81' lang='lat' dir='ltr'><strong>(Demosthenes,</strong></span> <span class='ocrx_word' id='word_1_430' title='bbox 3410 2626 3500 2680; x_wconf 89' lang='lat' dir='ltr'><strong>in-</strong></span> 
     </span>
    </p>
   </div>
   <div class='ocr_carea' id='block_1_58' title="bbox 1930 2707 3496 2789">
    <p class='ocr_par' dir='ltr' id='par_1_58' title="bbox 1930 2707 3496 2789">
     <span class='ocr_line' id='line_1_58' title="bbox 1930 2707 3496 2789; baseline 0.002 -19"><span class='ocrx_word' id='word_1_431' title='bbox 1930 2732 2116 2789; x_wconf 85' lang='lat' dir='ltr'><strong>quam.</strong></span> <span class='ocrx_word' id='word_1_432' title='bbox 2140 2718 2300 2788; x_wconf 80' lang='lat' dir='ltr'><strong>cujus</strong></span> <span class='ocrx_word' id='word_1_433' title='bbox 2327 2733 2522 2776; x_wconf 88' lang='lat' dir='ltr'><strong>nomen</strong></span> <span class='ocrx_word' id='word_1_434' title='bbox 2551 2721 2779 2777; x_wconf 87' lang='lat' dir='ltr'><strong>honesta</strong></span> <span class='ocrx_word' id='word_1_435' title='bbox 2804 2735 2926 2776; x_wconf 91' lang='lat' dir='ltr'><strong>cum</strong></span> <span class='ocrx_word' id='word_1_436' title='bbox 2954 2707 3335 2776; x_wconf 71' lang='lat' dir='ltr'><strong>recordatione</strong></span> <span class='ocrx_word' id='word_1_437' title='bbox 3361 2733 3496 2775; x_wconf 82' lang='lat' dir='ltr'><strong>con-</strong></span> 
     </span>
    </p>
   </div>
   <div class='ocr_carea' id='block_1_59' title="bbox 1933 2808 3497 2887">
    <p class='ocr_par' dir='ltr' id='par_1_59' title="bbox 1933 2808 3497 2887">
     <span class='ocr_line' id='line_1_59' title="bbox 1933 2808 3497 2887; baseline -0.001 -22"><span class='ocrx_word' id='word_1_438' title='bbox 1933 2808 2167 2874; x_wconf 75' lang='lat' dir='ltr'><strong>servavit</strong></span> <span class='ocrx_word' id='word_1_439' title='bbox 2187 2820 2395 2879; x_wconf 86' lang='lat' dir='ltr'><strong>tempus</strong></span> <span class='ocrx_word' id='word_1_440' title='bbox 2411 2810 2465 2865; x_wconf 92' lang='lat' dir='ltr'><strong>id</strong></span> <span class='ocrx_word' id='word_1_441' title='bbox 2482 2824 2644 2866; x_wconf 89' lang='lat' dir='ltr'><strong>omne</strong></span> <span class='ocrx_word' id='word_1_442' title='bbox 2660 2811 2803 2887; x_wconf 86' lang='lat' dir='ltr'><strong>quod</strong></span> <span class='ocrx_word' id='word_1_443' title='bbox 2822 2811 2961 2865; x_wconf 89' lang='lat' dir='ltr'><strong>inter</strong></span> <span class='ocrx_word' id='word_1_444' title='bbox 2977 2810 3152 2880; x_wconf 85' lang='lat' dir='ltr'><strong>ipsum</strong></span> <span class='ocrx_word' id='word_1_445' title='bbox 3171 2819 3497 2878; x_wconf 65' lang='lat' dir='ltr'><strong>aetatemque</strong></span> 
     </span>
    </p>
   </div>
   <div class='ocr_carea' id='block_1_60' title="bbox 1936 2899 3493 2970">
    <p class='ocr_par' dir='ltr' id='par_1_60' title="bbox 1936 2899 3493 2970">
     <span class='ocr_line' id='line_1_60' title="bbox 1936 2899 3493 2970; baseline -0.003 -15"><span class='ocrx_word' id='word_1_446' title='bbox 1936 2910 2180 2955; x_wconf 85' lang='lat' dir='ltr'><strong>nostram</strong></span> <span class='ocrx_word' id='word_1_447' title='bbox 2221 2900 2599 2970; x_wconf 87' lang='lat' dir='ltr'><strong>intercessit),</strong></span> <span class='ocrx_word' id='word_1_448' title='bbox 2628 2901 2805 2970; x_wconf 87' lang='lat' dir='ltr'><strong>deque</strong></span> <span class='ocrx_word' id='word_1_449' title='bbox 2836 2900 3002 2955; x_wconf 87' lang='lat' dir='ltr'><strong>rebus</strong></span> <span class='ocrx_word' id='word_1_450' title='bbox 3036 2899 3168 2969; x_wconf 87' lang='lat' dir='ltr'><strong>ipsis</strong></span> <span class='ocrx_word' id='word_1_451' title='bbox 3206 2899 3493 2968; x_wconf 86' lang='lat' dir='ltr'><strong>apparuit,</strong></span> 
     </span>
    </p>
   </div>
   <div class='ocr_carea' id='block_1_61' title="bbox 1923 2990 3493 3061">
    <p class='ocr_par' dir='ltr' id='par_1_61' title="bbox 1923 2990 3493 3061">
     <span class='ocr_line' id='line_1_61' title="bbox 1923 2990 3493 3061; baseline -0.001 -16"><span class='ocrx_word' id='word_1_452' title='bbox 1923 3004 2043 3046; x_wconf 88' lang='lat' dir='ltr'><strong>eam</strong></span> <span class='ocrx_word' id='word_1_453' title='bbox 2069 3005 2193 3047; x_wconf 89' lang='lat' dir='ltr'><strong>esse</strong></span> <span class='ocrx_word' id='word_1_454' title='bbox 2216 2992 2582 3060; x_wconf 85' lang='lat' dir='ltr'><strong>verissimam,</strong></span> <span class='ocrx_word' id='word_1_455' title='bbox 2608 2994 2695 3048; x_wconf 88' lang='lat' dir='ltr'><strong>cui</strong></span> <span class='ocrx_word' id='word_1_456' title='bbox 2722 3007 2880 3048; x_wconf 89' lang='lat' dir='ltr'><strong>nemo</strong></span> <span class='ocrx_word' id='word_1_457' title='bbox 2904 2992 3275 3049; x_wconf 84' lang='lat' dir='ltr'><strong>contradicere</strong></span> <span class='ocrx_word' id='word_1_458' title='bbox 3299 2990 3493 3061; x_wconf 79' lang='lat' dir='ltr'><strong>possit.</strong></span> 
     </span>
    </p>
   </div>
   <div class='ocr_carea' id='block_1_62' title="bbox 238 3081 1825 3162">
    <p class='ocr_par' dir='ltr' id='par_1_62' title="bbox 238 3084 1819 3156">
     <span class='ocr_line' id='line_1_62' title="bbox 238 3084 1819 3156; baseline 0.001 -19"><span class='ocrx_word' id='word_1_459' title='bbox 238 3086 350 3147; x_wconf 72' lang='grc' dir='ltr'>τοῖς</span> <span class='ocrx_word' id='word_1_460' title='bbox 380 3085 678 3149; x_wconf 81' lang='grc' dir='ltr'><strong>ἀδυνάτοις</strong></span> <span class='ocrx_word' id='word_1_461' title='bbox 718 3086 1021 3156; x_wconf 73' lang='grc' dir='ltr'><strong>ἐπιχειρεῖν</strong></span> <span class='ocrx_word' id='word_1_462' title='bbox 1041 3124 1057 3150; x_wconf 95' lang='grc'><strong>,</strong></span> <span class='ocrx_word' id='word_1_463' title='bbox 1091 3086 1185 3139; x_wconf 79' lang='grc' dir='ltr'>καὶ</span> <span class='ocrx_word' id='word_1_464' title='bbox 1221 3084 1432 3139; x_wconf 85' lang='grc' dir='ltr'>οίεσθαί</span> <span class='ocrx_word' id='word_1_465' title='bbox 1477 3100 1540 3152; x_wconf 89' lang='grc' dir='ltr'><strong>γε</strong></span> <span class='ocrx_word' id='word_1_466' title='bbox 1570 3084 1819 3153; x_wconf 86' lang='grc' dir='ltr'>γλῶτταν</span> 
     </span>
    </p>
   </div>
   <div class='ocr_carea' id='block_1_63' title="bbox 1928 3081 3494 3162">
    <p class='ocr_par' dir='ltr' id='par_1_63' title="bbox 1928 3081 3494 3154">
     <span class='ocr_line' id='line_1_63' title="bbox 1928 3081 3494 3154; baseline 0.001 -18"><span class='ocrx_word' id='word_1_467' title='bbox 1928 3081 2107 3153; x_wconf 83' lang='lat' dir='ltr'><strong>Neque</strong></span> <span class='ocrx_word' id='word_1_468' title='bbox 2131 3099 2259 3141; x_wconf 86' lang='lat' dir='ltr'><strong>vero</strong></span> <span class='ocrx_word' id='word_1_469' title='bbox 2285 3085 2611 3152; x_wconf 89' lang='lat' dir='ltr'><strong>mirandum,</strong></span> <span class='ocrx_word' id='word_1_470' title='bbox 2637 3084 2853 3154; x_wconf 84' lang='lat' dir='ltr'><strong>opinor,</strong></span> <span class='ocrx_word' id='word_1_471' title='bbox 2878 3086 2933 3139; x_wconf 92' lang='lat' dir='ltr'><strong>in</strong></span> <span class='ocrx_word' id='word_1_472' title='bbox 2960 3085 3011 3140; x_wconf 87' lang='lat' dir='ltr'><strong>id</strong></span> <span class='ocrx_word' id='word_1_473' title='bbox 3035 3098 3119 3139; x_wconf 91' lang='lat' dir='ltr'><strong>me</strong></span> <span class='ocrx_word' id='word_1_474' title='bbox 3143 3081 3494 3140; x_wconf 78' lang='lat' dir='ltr'><strong>descendisse</strong></span> 
     </span>
    </p>
   </div>
   <div class='ocr_carea' id='block_1_64' title="bbox 241 3166 1828 3247">
    <p class='ocr_par' dir='ltr' id='par_1_64' title="bbox 241 3166 1828 3247">
     <span class='ocr_line' id='line_1_64' title="bbox 241 3166 1828 3247; baseline -0.003 -16"><span class='ocrx_word' id='word_1_475' title='bbox 241 3175 592 3247; x_wconf 70' lang='grc' dir='ltr'>χαμαίζηλον</span> <span class='ocrx_word' id='word_1_476' title='bbox 636 3174 901 3230; x_wconf 84' lang='grc' dir='ltr'>δύνασθαί</span> <span class='ocrx_word' id='word_1_477' title='bbox 928 3192 982 3230; x_wconf 89' lang='grc' dir='ltr'><strong>τι</strong></span> <span class='ocrx_word' id='word_1_478' title='bbox 1013 3175 1144 3247; x_wconf 74' lang='grc' dir='ltr'><strong>περὶ</strong></span> <span class='ocrx_word' id='word_1_479' title='bbox 1188 3174 1406 3245; x_wconf 67' lang='grc' dir='ltr'>ἐκείνης</span> <span class='ocrx_word' id='word_1_480' title='bbox 1445 3175 1724 3245; x_wconf 80' lang='grc' dir='ltr'><strong>προσῆκον</strong></span> <span class='ocrx_word' id='word_1_481' title='bbox 1751 3166 1828 3228; x_wconf 79' lang='grc' dir='ltr'>εί-</span> 
     </span>
    </p>
   </div>
   <div class='ocr_carea' id='block_1_65' title="bbox 240 3266 1829 3340">
    <p class='ocr_par' dir='ltr' id='par_1_65' title="bbox 240 3266 1829 3340">
     <span class='ocr_line' id='line_1_65' title="bbox 240 3266 1829 3340; baseline -0.001 -17"><span class='ocrx_word' id='word_1_482' title='bbox 240 3274 387 3335; x_wconf 75' lang='grc' dir='ltr'>πεϊν,</span> <span class='ocrx_word' id='word_1_483' title='bbox 413 3271 524 3340; x_wconf 77' lang='grc' dir='ltr'>τῆς</span> <span class='ocrx_word' id='word_1_484' title='bbox 554 3266 691 3337; x_wconf 59' lang='grc' dir='ltr'>ὑψοῦ</span> <span class='ocrx_word' id='word_1_485' title='bbox 733 3269 832 3339; x_wconf 74' lang='grc' dir='ltr'><strong>μὲν</strong></span> <span class='ocrx_word' id='word_1_486' title='bbox 873 3268 1197 3340; x_wconf 85' lang='grc' dir='ltr'>πετομένης,</span> <span class='ocrx_word' id='word_1_487' title='bbox 1234 3268 1372 3339; x_wconf 78' lang='grc' dir='ltr'>ὑψοῦ</span> <span class='ocrx_word' id='word_1_488' title='bbox 1398 3268 1457 3322; x_wconf 80' lang='grc' dir='ltr'>δὲ</span> <span class='ocrx_word' id='word_1_489' title='bbox 1489 3268 1829 3339; x_wconf 67' lang='grc' dir='ltr'><strong>ἐπαιρούσης</strong></span> 
     </span>
    </p>
   </div>
   <div class='ocr_carea' id='block_1_66' title="bbox 240 3359 1828 3432">
    <p class='ocr_par' dir='ltr' id='par_1_66' title="bbox 240 3359 1828 3432">
     <span class='ocr_line' id='line_1_66' title="bbox 240 3359 1828 3432; baseline -0.003 -14"><span class='ocrx_word' id='word_1_490' title='bbox 240 3365 521 3428; x_wconf 74' lang='grc' dir='ltr'>ἐκείνους,</span> <span class='ocrx_word' id='word_1_491' title='bbox 547 3361 599 3415; x_wconf 78' lang='grc' dir='ltr'><strong>οἳ</strong></span> <span class='ocrx_word' id='word_1_492' title='bbox 633 3360 871 3431; x_wconf 77' lang='grc' dir='ltr'>τάγαθὸν</span> <span class='ocrx_word' id='word_1_493' title='bbox 902 3360 1284 3432; x_wconf 66' lang='grc' dir='ltr'>ἑργαζόμενοι,</span> <span class='ocrx_word' id='word_1_494' title='bbox 1317 3360 1417 3414; x_wconf 84' lang='grc' dir='ltr'><strong>οὐκ</strong></span> <span class='ocrx_word' id='word_1_495' title='bbox 1453 3359 1637 3414; x_wconf 84' lang='grc' dir='ltr'>ῐσασιν</span> <span class='ocrx_word' id='word_1_496' title='bbox 1670 3359 1828 3414; x_wconf 64' lang='grc' dir='ltr'><strong>ἐπαί-</strong></span> 
     </span>
    </p>
   </div>
   <div class='ocr_carea' id='block_1_67' title="bbox 241 3448 1825 3525">
    <p class='ocr_par' dir='ltr' id='par_1_67' title="bbox 241 3448 1825 3525">
     <span class='ocr_line' id='line_1_67' title="bbox 241 3448 1825 3525; baseline -0.005 -16"><span class='ocrx_word' id='word_1_497' title='bbox 241 3454 470 3525; x_wconf 81' lang='grc' dir='ltr'><strong>ρεσθαι.</strong></span> <span class='ocrx_word' id='word_1_498' title='bbox 497 3453 570 3508; x_wconf 87' lang='grc' dir='ltr'><strong>Οὐ</strong></span> <span class='ocrx_word' id='word_1_499' title='bbox 592 3451 822 3522; x_wconf 84' lang='grc' dir='ltr'>τοίνυνῆ</span> <span class='ocrx_word' id='word_1_500' title='bbox 841 3452 900 3505; x_wconf 87' lang='grc' dir='ltr'><strong>τὺ</strong></span> <span class='ocrx_word' id='word_1_501' title='bbox 931 3448 1162 3522; x_wconf 81' lang='grc' dir='ltr'><strong>μέγεθος</strong></span> <span class='ocrx_word' id='word_1_502' title='bbox 1182 3449 1283 3519; x_wconf 78' lang='grc' dir='ltr'>τῆς</span> <span class='ocrx_word' id='word_1_503' title='bbox 1311 3448 1405 3503; x_wconf 84' lang='grc' dir='ltr'><strong>νῦν</strong></span> <span class='ocrx_word' id='word_1_504' title='bbox 1432 3450 1825 3521; x_wconf 69' lang='grc' dir='ltr'><strong>ἐγχειρήσεως,</strong></span> 
     </span>
    </p>
   </div>
   <div class='ocr_carea' id='block_1_68' title="bbox 240 3540 1824 3617">
    <p class='ocr_par' dir='ltr' id='par_1_68' title="bbox 240 3540 1824 3617">
     <span class='ocr_line' id='line_1_68' title="bbox 240 3540 1824 3617; baseline -0.001 -18"><span class='ocrx_word' id='word_1_505' title='bbox 240 3544 274 3615; x_wconf 67' lang='grc' dir='ltr'>ἢ</span> <span class='ocrx_word' id='word_1_506' title='bbox 333 3544 586 3617; x_wconf 72' lang='grc' dir='ltr'>ίμαυτδν</span> <span class='ocrx_word' id='word_1_507' title='bbox 642 3545 892 3613; x_wconf 77' lang='grc' dir='ltr'>ἀγνοῶν,</span> <span class='ocrx_word' id='word_1_508' title='bbox 949 3542 1188 3596; x_wconf 65' lang='grc' dir='ltr'>ἐνταῦθα</span> <span class='ocrx_word' id='word_1_509' title='bbox 1246 3541 1453 3612; x_wconf 78' lang='grc' dir='ltr'>τόλμης</span> <span class='ocrx_word' id='word_1_510' title='bbox 1508 3540 1824 3612; x_wconf 74' lang='grc' dir='ltr'><strong>ἐξελήλυθα.</strong></span> 
     </span>
    </p>
   </div>
   <div class='ocr_carea' id='block_1_69' title="bbox 241 3633 1827 3708">
    <p class='ocr_par' dir='ltr' id='par_1_69' title="bbox 241 3633 1827 3708">
     <span class='ocr_line' id='line_1_69' title="bbox 241 3633 1827 3708; baseline -0.004 -16"><span class='ocrx_word' id='word_1_511' title='bbox 241 3637 380 3692; x_wconf 72' lang='grc' dir='ltr'>Οὐδὲ</span> <span class='ocrx_word' id='word_1_512' title='bbox 444 3637 559 3706; x_wconf 81' lang='grc' dir='ltr'><strong>γὰρ</strong></span> <span class='ocrx_word' id='word_1_513' title='bbox 616 3636 845 3706; x_wconf 83' lang='grc' dir='ltr'><strong>Φαῖδρον</strong></span> <span class='ocrx_word' id='word_1_514' title='bbox 894 3633 1074 3708; x_wconf 73' lang='grc' dir='ltr'>ἀγνοῶ</span> <span class='ocrx_word' id='word_1_515' title='bbox 1099 3673 1116 3699; x_wconf 94' lang='grc'><strong>,</strong></span> <span class='ocrx_word' id='word_1_516' title='bbox 1174 3636 1222 3687; x_wconf 88' lang='grc' dir='ltr'><strong>εί</strong></span> <span class='ocrx_word' id='word_1_517' title='bbox 1292 3634 1368 3706; x_wconf 77' lang='grc' dir='ltr'><strong>μὴ</strong></span> <span class='ocrx_word' id='word_1_518' title='bbox 1431 3636 1526 3688; x_wconf 76' lang='grc' dir='ltr'><strong>καὶ</strong></span> <span class='ocrx_word' id='word_1_519' title='bbox 1585 3633 1827 3704; x_wconf 72' lang='grc' dir='ltr'>ἐμαυτοῦ</span> 
     </span>
    </p>
   </div>
   <div class='ocr_carea' id='block_1_70' title="bbox 241 3726 1827 3800">
    <p class='ocr_par' dir='ltr' id='par_1_70' title="bbox 241 3726 1827 3800">
     <span class='ocr_line' id='line_1_70' title="bbox 241 3726 1827 3800; baseline 0.001 -18"><span class='ocrx_word' id='word_1_520' title='bbox 241 3730 644 3800; x_wconf 69' lang='grc' dir='ltr'>δπιλέλησμαι,</span> <span class='ocrx_word' id='word_1_521' title='bbox 697 3729 837 3785; x_wconf 76' lang='grc' dir='ltr'>κατὰ</span> <span class='ocrx_word' id='word_1_522' title='bbox 895 3730 985 3783; x_wconf 74' lang='grc' dir='ltr'>τὸν</span> <span class='ocrx_word' id='word_1_523' title='bbox 1047 3728 1366 3797; x_wconf 73' lang='grc' dir='ltr'>Ἀρίστωνος</span> <span class='ocrx_word' id='word_1_524' title='bbox 1411 3726 1692 3783; x_wconf 87' lang='grc' dir='ltr'>Πλάτωνα.</span> <span class='ocrx_word' id='word_1_525' title='bbox 1754 3727 1827 3783; x_wconf 84' lang='grc' dir='ltr'><strong>Σὺ</strong></span> 
     </span>
    </p>
   </div>
   <div class='ocr_carea' id='block_1_71' title="bbox 241 3809 1827 3887">
    <p class='ocr_par' dir='ltr' id='par_1_71' title="bbox 241 3809 1827 3887">
     <span class='ocr_line' id='line_1_71' title="bbox 241 3809 1827 3887; baseline -0.001 -15"><span class='ocrx_word' id='word_1_526' title='bbox 241 3818 299 3872; x_wconf 82' lang='grc' dir='ltr'>δέ</span> <span class='ocrx_word' id='word_1_527' title='bbox 377 3814 481 3887; x_wconf 78' lang='grc' dir='ltr'><strong>μοί</strong></span> <span class='ocrx_word' id='word_1_528' title='bbox 531 3818 773 3882; x_wconf 78' lang='grc' dir='ltr'>πάντως,</span> <span class='ocrx_word' id='word_1_529' title='bbox 845 3809 891 3870; x_wconf 83' lang='grc' dir='ltr'>ὧ</span> <span class='ocrx_word' id='word_1_530' title='bbox 960 3817 1215 3882; x_wconf 81' lang='grc' dir='ltr'>φίλτατε,</span> <span class='ocrx_word' id='word_1_531' title='bbox 1284 3817 1379 3870; x_wconf 64' lang='grc' dir='ltr'><strong>καὶ¹</strong></span> <span class='ocrx_word' id='word_1_532' title='bbox 1446 3816 1509 3870; x_wconf 77' lang='grc' dir='ltr'>τὸ</span> <span class='ocrx_word' id='word_1_533' title='bbox 1560 3816 1690 3885; x_wconf 76' lang='grc' dir='ltr'>περὶ</span> <span class='ocrx_word' id='word_1_534' title='bbox 1767 3817 1827 3871; x_wconf 73' lang='grc' dir='ltr'><strong>σε</strong></span> 
     </span>
    </p>
   </div>
   <div class='ocr_carea' id='block_1_72' title="bbox 241 3902 1828 3981">
    <p class='ocr_par' dir='ltr' id='par_1_72' title="bbox 241 3902 1828 3981">
     <span class='ocr_line' id='line_1_72' title="bbox 241 3902 1828 3981; baseline -0.002 -17"><span class='ocrx_word' id='word_1_535' title='bbox 241 3911 394 3980; x_wconf 78' lang='grc' dir='ltr'><strong>μέγα</strong></span> <span class='ocrx_word' id='word_1_536' title='bbox 428 3908 683 3981; x_wconf 78' lang='grc' dir='ltr'>φίλτρον,</span> <span class='ocrx_word' id='word_1_537' title='bbox 721 3908 978 3972; x_wconf 77' lang='grc' dir='ltr'>ὑπόθεσίς</span> <span class='ocrx_word' id='word_1_538' title='bbox 1022 3925 1117 3979; x_wconf 89' lang='grc' dir='ltr'>μοι</span> <span class='ocrx_word' id='word_1_539' title='bbox 1167 3902 1262 3961; x_wconf 77' lang='grc' dir='ltr'>τοῦ</span> <span class='ocrx_word' id='word_1_540' title='bbox 1319 3908 1675 3977; x_wconf 80' lang='grc' dir='ltr'>τολμήματος</span> <span class='ocrx_word' id='word_1_541' title='bbox 1726 3909 1828 3979; x_wconf 65' lang='grc' dir='ltr'><strong>ἤδη</strong></span> 
     </span>
    </p>
   </div>
   <div class='ocr_carea' id='block_1_73' title="bbox 244 3998 1829 4069">
    <p class='ocr_par' dir='ltr' id='par_1_73' title="bbox 244 3998 1829 4069">
     <span class='ocr_line' id='line_1_73' title="bbox 244 3998 1829 4069; baseline -0.001 -15"><span class='ocrx_word' id='word_1_542' title='bbox 244 4017 366 4060; x_wconf 85' lang='grc' dir='ltr'><strong>πως</strong></span> <span class='ocrx_word' id='word_1_543' title='bbox 401 4002 627 4069; x_wconf 86' lang='grc' dir='ltr'><strong>γέγονε.</strong></span> <span class='ocrx_word' id='word_1_544' title='bbox 656 4000 723 4053; x_wconf 67' lang='grc' dir='ltr'><strong>Σὲ</strong></span> <span class='ocrx_word' id='word_1_545' title='bbox 763 3999 864 4069; x_wconf 71' lang='grc' dir='ltr'><strong>μὲν</strong></span> <span class='ocrx_word' id='word_1_546' title='bbox 891 3999 998 4069; x_wconf 76' lang='grc' dir='ltr'><strong>γὰρ</strong></span> <span class='ocrx_word' id='word_1_547' title='bbox 1022 4000 1071 4051; x_wconf 82' lang='grc' dir='ltr'><strong>εί</strong></span> <span class='ocrx_word' id='word_1_548' title='bbox 1102 3998 1179 4068; x_wconf 77' lang='grc' dir='ltr'><strong>μὴ</strong></span> <span class='ocrx_word' id='word_1_549' title='bbox 1208 3998 1376 4068; x_wconf 80' lang='grc' dir='ltr'>ίδοιμι</span> <span class='ocrx_word' id='word_1_550' title='bbox 1408 3998 1587 4052; x_wconf 86' lang='grc' dir='ltr'>πάντα</span> <span class='ocrx_word' id='word_1_551' title='bbox 1625 3999 1829 4068; x_wconf 78' lang='grc' dir='ltr'><strong>ἀγαθὸν</strong></span> 
     </span>
    </p>
   </div>
   <div class='ocr_carea' id='block_1_74' title="bbox 242 4088 1831 4163">
    <p class='ocr_par' dir='ltr' id='par_1_74' title="bbox 242 4088 1831 4163">
     <span class='ocr_line' id='line_1_74' title="bbox 242 4088 1831 4163; baseline -0.001 -17"><span class='ocrx_word' id='word_1_552' title='bbox 242 4091 452 4163; x_wconf 73' lang='grc' dir='ltr'>ἄνδρα,</span> <span class='ocrx_word' id='word_1_553' title='bbox 483 4088 636 4145; x_wconf 76' lang='grc' dir='ltr'><strong>οὐδὲν</strong></span> <span class='ocrx_word' id='word_1_554' title='bbox 668 4089 775 4146; x_wconf 89' lang='grc' dir='ltr'>τῶν</span> <span class='ocrx_word' id='word_1_555' title='bbox 804 4090 864 4144; x_wconf 75' lang='grc' dir='ltr'>ιν</span> <span class='ocrx_word' id='word_1_556' title='bbox 893 4088 972 4158; x_wconf 81' lang='grc' dir='ltr'>τῷ</span> <span class='ocrx_word' id='word_1_557' title='bbox 1002 4088 1103 4159; x_wconf 84' lang='grc' dir='ltr'>βίῳ</span> <span class='ocrx_word' id='word_1_558' title='bbox 1132 4089 1383 4159; x_wconf 81' lang='grc' dir='ltr'><strong>τερπνῶν</strong></span> <span class='ocrx_word' id='word_1_559' title='bbox 1417 4090 1739 4162; x_wconf 68' lang='grc' dir='ltr'><strong>ἡγησαίμην</strong></span> <span class='ocrx_word' id='word_1_560' title='bbox 1764 4089 1831 4145; x_wconf 77' lang='grc' dir='ltr'><strong>ἄν</strong></span> 
     </span>
    </p>
   </div>
   <div class='ocr_carea' id='block_1_75' title="bbox 244 4179 1829 4252">
    <p class='ocr_par' dir='ltr' id='par_1_75' title="bbox 244 4179 1829 4252">
     <span class='ocr_line' id='line_1_75' title="bbox 244 4179 1829 4252; baseline 0.001 -15"><span class='ocrx_word' id='word_1_561' title='bbox 244 4200 383 4237; x_wconf 77' lang='grc' dir='ltr'>ποτε</span> <span class='ocrx_word' id='word_1_562' title='bbox 415 4181 536 4237; x_wconf 86' lang='grc' dir='ltr'><strong>τῶν</strong></span> <span class='ocrx_word' id='word_1_563' title='bbox 556 4180 811 4252; x_wconf 81' lang='grc' dir='ltr'>τερπνῶν</span> <span class='ocrx_word' id='word_1_564' title='bbox 842 4179 1002 4237; x_wconf 77' lang='grc' dir='ltr'><strong>εἶναι.</strong></span> <span class='ocrx_word' id='word_1_565' title='bbox 1029 4180 1101 4237; x_wconf 84' lang='grc' dir='ltr'><strong>Τὸ</strong></span> <span class='ocrx_word' id='word_1_566' title='bbox 1129 4182 1351 4251; x_wconf 81' lang='grc' dir='ltr'>φίλτρον</span> <span class='ocrx_word' id='word_1_567' title='bbox 1380 4181 1437 4236; x_wconf 84' lang='grc' dir='ltr'>δέ</span> <span class='ocrx_word' id='word_1_568' title='bbox 1462 4198 1525 4252; x_wconf 85' lang='grc' dir='ltr'><strong>γε</strong></span> <span class='ocrx_word' id='word_1_569' title='bbox 1554 4182 1829 4250; x_wconf 78' lang='grc' dir='ltr'>τοσοῦτον,</span> 
     </span>
    </p>
   </div>
   <div class='ocr_carea' id='block_1_76' title="bbox 241 4274 1831 4348">
    <p class='ocr_par' dir='ltr' id='par_1_76' title="bbox 241 4274 1831 4348">
     <span class='ocr_line' id='line_1_76' title="bbox 241 4274 1831 4348; baseline 0.001 -20"><span class='ocrx_word' id='word_1_570' title='bbox 241 4277 374 4330; x_wconf 82' lang='grc' dir='ltr'><strong>ὅσον</strong></span> <span class='ocrx_word' id='word_1_571' title='bbox 450 4291 522 4345; x_wconf 87' lang='grc' dir='ltr'><strong>με</strong></span> <span class='ocrx_word' id='word_1_572' title='bbox 582 4275 683 4329; x_wconf 71' lang='grc' dir='ltr'>καὶ</span> <span class='ocrx_word' id='word_1_573' title='bbox 744 4274 1088 4348; x_wconf 67' lang='grc' dir='ltr'><strong>παρωρῦναι</strong></span> <span class='ocrx_word' id='word_1_574' title='bbox 1148 4275 1444 4346; x_wconf 84' lang='grc' dir='ltr'><strong>πράγμασι</strong></span> <span class='ocrx_word' id='word_1_575' title='bbox 1509 4274 1831 4332; x_wconf 80' lang='grc' dir='ltr'>παντάπασι</span> 
     </span>
    </p>
   </div>
   <div class='ocr_carea' id='block_1_77' title="bbox 241 4365 1829 4439">
    <p class='ocr_par' dir='ltr' id='par_1_77' title="bbox 241 4365 1829 4439">
     <span class='ocr_line' id='line_1_77' title="bbox 241 4365 1829 4439; baseline 0.001 -19"><span class='ocrx_word' id='word_1_576' title='bbox 241 4367 505 4436; x_wconf 75' lang='grc' dir='ltr'><strong>μείζοσιν</strong></span> <span class='ocrx_word' id='word_1_577' title='bbox 555 4367 590 4439; x_wconf 76' lang='grc' dir='ltr'>ἢ</span> <span class='ocrx_word' id='word_1_578' title='bbox 644 4365 790 4421; x_wconf 80' lang='grc' dir='ltr'>κατὰ</span> <span class='ocrx_word' id='word_1_579' title='bbox 830 4370 932 4438; x_wconf 79' lang='grc' dir='ltr'><strong>τὴν</strong></span> <span class='ocrx_word' id='word_1_580' title='bbox 979 4366 1258 4438; x_wconf 79' lang='grc' dir='ltr'><strong>ἡμετέραν</strong></span> <span class='ocrx_word' id='word_1_581' title='bbox 1309 4365 1468 4436; x_wconf 75' lang='grc' dir='ltr'><strong>ἰσχὺν</strong></span> <span class='ocrx_word' id='word_1_582' title='bbox 1528 4368 1829 4438; x_wconf 73' lang='grc' dir='ltr'>ἐγχειρεῖν.</span> 
     </span>
    </p>
   </div>
   <div class='ocr_carea' id='block_1_78' title="bbox 237 4452 1825 4527">
    <p class='ocr_par' dir='ltr' id='par_1_78' title="bbox 237 4452 1825 4527">
     <span class='ocr_line' id='line_1_78' title="bbox 237 4452 1825 4527; baseline 0.001 -18"><span class='ocrx_word' id='word_1_583' title='bbox 237 4452 422 4510; x_wconf 79' lang='grc' dir='ltr'><strong>Τοῦτό</strong></span> <span class='ocrx_word' id='word_1_584' title='bbox 457 4472 551 4527; x_wconf 90' lang='grc' dir='ltr'><strong>μοι</strong></span> <span class='ocrx_word' id='word_1_585' title='bbox 579 4455 642 4509; x_wconf 84' lang='grc' dir='ltr'>τὸ</span> <span class='ocrx_word' id='word_1_586' title='bbox 664 4455 890 4525; x_wconf 77' lang='grc' dir='ltr'>φίλτρον</span> <span class='ocrx_word' id='word_1_587' title='bbox 922 4454 1223 4525; x_wconf 83' lang='grc' dir='ltr'>εἰργάσατο</span> <span class='ocrx_word' id='word_1_588' title='bbox 1250 4455 1378 4519; x_wconf 81' lang='grc' dir='ltr'>τούς</span> <span class='ocrx_word' id='word_1_589' title='bbox 1403 4472 1464 4508; x_wconf 86' lang='grc' dir='ltr'><strong>τε</strong></span> <span class='ocrx_word' id='word_1_590' title='bbox 1492 4453 1684 4524; x_wconf 77' lang='grc' dir='ltr'>λόγους</span> <span class='ocrx_word' id='word_1_591' title='bbox 1701 4472 1825 4511; x_wconf 87' lang='grc' dir='ltr'>του-</span> 
     </span>
    </p>
   </div>
   <div class='ocr_carea' id='block_1_79' title="bbox 237 4546 1831 4627">
    <p class='ocr_par' dir='ltr' id='par_1_79' title="bbox 237 4546 1831 4627">
     <span class='ocr_line' id='line_1_79' title="bbox 237 4546 1831 4627; baseline 0.001 -26"><span class='ocrx_word' id='word_1_592' title='bbox 237 4548 402 4601; x_wconf 78' lang='grc' dir='ltr'><strong>τουσι⁵</strong></span> <span class='ocrx_word' id='word_1_593' title='bbox 434 4548 566 4610; x_wconf 78' lang='grc' dir='ltr'>τοὺς</span> <span class='ocrx_word' id='word_1_594' title='bbox 586 4546 845 4627; x_wconf 59' lang='grc' dir='ltr'>πολλοῖές,</span> <span class='ocrx_word' id='word_1_595' title='bbox 877 4547 973 4600; x_wconf 77' lang='grc' dir='ltr'>καὶ</span> <span class='ocrx_word' id='word_1_596' title='bbox 1012 4547 1083 4600; x_wconf 74' lang='grc' dir='ltr'><strong>τά</strong></span> <span class='ocrx_word' id='word_1_597' title='bbox 1122 4546 1263 4616; x_wconf 77' lang='grc' dir='ltr'>πρὸς</span> <span class='ocrx_word' id='word_1_598' title='bbox 1310 4548 1370 4600; x_wconf 69' lang='grc' dir='ltr'><strong>σὲ</strong></span> <span class='ocrx_word' id='word_1_599' title='bbox 1415 4547 1693 4615; x_wconf 81' lang='grc' dir='ltr'>κεφάλαια</span> <span class='ocrx_word' id='word_1_600' title='bbox 1732 4547 1831 4602; x_wconf 83' lang='grc' dir='ltr'><strong>σὺν</strong></span> 
     </span>
    </p>
   </div>
   <div class='ocr_carea' id='block_1_80' title="bbox 235 4636 1829 4709">
    <p class='ocr_par' dir='ltr' id='par_1_80' title="bbox 235 4636 1829 4709">
     <span class='ocr_line' id='line_1_80' title="bbox 235 4636 1829 4709; baseline 0.002 -20"><span class='ocrx_word' id='word_1_601' title='bbox 235 4638 594 4701; x_wconf 75' lang='grc' dir='ltr'>ἐπιστολαῖς.</span> <span class='ocrx_word' id='word_1_602' title='bbox 630 4636 807 4691; x_wconf 83' lang='grc' dir='ltr'><strong>Τοῦτο</strong></span> <span class='ocrx_word' id='word_1_603' title='bbox 831 4637 956 4697; x_wconf 81' lang='grc' dir='ltr'><strong>καθ’</strong></span> <span class='ocrx_word' id='word_1_604' title='bbox 984 4636 1313 4709; x_wconf 74' lang='grc' dir='ltr'>ὑπερϐολὴν,</span> <span class='ocrx_word' id='word_1_605' title='bbox 1358 4637 1478 4706; x_wconf 85' lang='grc' dir='ltr'><strong>μεθ’</strong></span> <span class='ocrx_word' id='word_1_606' title='bbox 1512 4636 1720 4708; x_wconf 80' lang='grc' dir='ltr'>ἑαυτῆς</span> <span class='ocrx_word' id='word_1_607' title='bbox 1767 4639 1829 4692; x_wconf 83' lang='grc' dir='ltr'>τὸ</span> 
     </span>
    </p>
   </div>
   <div class='ocr_carea' id='block_1_81' title="bbox 200 4726 1827 4800">
    <p class='ocr_par' dir='ltr' id='par_1_81' title="bbox 200 4726 1827 4800">
     <span class='ocr_line' id='line_1_81' title="bbox 200 4726 1827 4800; baseline 0.001 -19"><span class='ocrx_word' id='word_1_608' title='bbox 200 4729 486 4796; x_wconf 70' lang='grc' dir='ltr'>ἐὔλογον</span> <span class='ocrx_word' id='word_1_609' title='bbox 514 4728 770 4800; x_wconf 77' lang='grc' dir='ltr'>ἔχουσαν,</span> <span class='ocrx_word' id='word_1_610' title='bbox 825 4726 1172 4798; x_wconf 69' lang='grc' dir='ltr'><strong>βιαζόμενον,</strong></span> <span class='ocrx_word' id='word_1_611' title='bbox 1202 4728 1284 4792; x_wconf 87' lang='grc' dir='ltr'><strong>είς</strong></span> <span class='ocrx_word' id='word_1_612' title='bbox 1316 4726 1477 4780; x_wconf 77' lang='grc' dir='ltr'>τοῦτο</span> <span class='ocrx_word' id='word_1_613' title='bbox 1533 4744 1602 4797; x_wconf 87' lang='grc' dir='ltr'>με</span> <span class='ocrx_word' id='word_1_614' title='bbox 1643 4744 1827 4798; x_wconf 84' lang='grc' dir='ltr'><strong>πραγ-</strong></span> 
     </span>
    </p>
   </div>
   <div class='ocr_carea' id='block_1_82' title="bbox 242 4816 1829 4892">
    <p class='ocr_par' dir='ltr' id='par_1_82' title="bbox 242 4816 1829 4892">
     <span class='ocr_line' id='line_1_82' title="bbox 242 4816 1829 4892; baseline -0.001 -18"><span class='ocrx_word' id='word_1_615' title='bbox 242 4821 451 4889; x_wconf 79' lang='grc' dir='ltr'>μάτων</span> <span class='ocrx_word' id='word_1_616' title='bbox 477 4819 799 4892; x_wconf 73' lang='grc' dir='ltr'>ἐξήνεγκεν,</span> <span class='ocrx_word' id='word_1_617' title='bbox 818 4821 879 4872; x_wconf 77' lang='grc' dir='ltr'><strong>ὲν</strong></span> <span class='ocrx_word' id='word_1_618' title='bbox 891 4822 1106 4890; x_wconf 78' lang='grc' dir='ltr'><strong>καιροῖς</strong></span> <span class='ocrx_word' id='word_1_619' title='bbox 1136 4818 1199 4873; x_wconf 81' lang='grc' dir='ltr'><strong>οὑ</strong></span> <span class='ocrx_word' id='word_1_620' title='bbox 1232 4816 1582 4890; x_wconf 79' lang='grc' dir='ltr'><strong>συγχωροῦσι</strong></span> <span class='ocrx_word' id='word_1_621' title='bbox 1612 4821 1703 4874; x_wconf 70' lang='grc' dir='ltr'>τὸν</span> <span class='ocrx_word' id='word_1_622' title='bbox 1734 4820 1829 4875; x_wconf 74' lang='grc' dir='ltr'><strong>ἐπὶ</strong></span> 
     </span>
    </p>
   </div>
   <div class='ocr_carea' id='block_1_83' title="bbox 236 4912 1829 4983">
    <p class='ocr_par' dir='ltr' id='par_1_83' title="bbox 236 4912 1829 4983">
     <span class='ocr_line' id='line_1_83' title="bbox 236 4912 1829 4983; baseline 0.002 -19"><span class='ocrx_word' id='word_1_623' title='bbox 236 4915 352 4967; x_wconf 82' lang='grc' dir='ltr'><strong>τῶν</strong></span> <span class='ocrx_word' id='word_1_624' title='bbox 382 4914 601 4970; x_wconf 71' lang='lat' dir='ltr'><strong>aldi</strong></span> <span class='ocrx_word' id='word_1_625' title='bbox 632 4914 964 4983; x_wconf 83' lang='grc' dir='ltr'>καθήμενον,</span> <span class='ocrx_word' id='word_1_626' title='bbox 985 4912 1179 4968; x_wconf 78' lang='grc' dir='ltr'>ἄλλοσέ</span> <span class='ocrx_word' id='word_1_627' title='bbox 1213 4930 1306 4967; x_wconf 88' lang='grc' dir='ltr'><strong>ποι</strong></span> <span class='ocrx_word' id='word_1_628' title='bbox 1336 4914 1464 4976; x_wconf 79' lang='grc' dir='ltr'>τοὺς</span> <span class='ocrx_word' id='word_1_629' title='bbox 1512 4912 1829 4981; x_wconf 78' lang='grc' dir='ltr'>ὀφθαλμοὺς</span> 
     </span>
    </p>
   </div>
   <div class='ocr_carea' id='block_1_84' title="bbox 237 5001 1827 5074">
    <p class='ocr_par' dir='ltr' id='par_1_84' title="bbox 237 5001 1827 5074">
     <span class='ocr_line' id='line_1_84' title="bbox 237 5001 1827 5074; baseline 0 -19"><span class='ocrx_word' id='word_1_630' title='bbox 237 5004 546 5074; x_wconf 73' lang='grc' dir='ltr'>τράπεινῆ</span> <span class='ocrx_word' id='word_1_631' title='bbox 586 5003 721 5074; x_wconf 70' lang='grc' dir='ltr'><strong>πρὸς</strong></span> <span class='ocrx_word' id='word_1_632' title='bbox 751 5002 920 5073; x_wconf 76' lang='grc' dir='ltr'>μόνας</span> <span class='ocrx_word' id='word_1_633' title='bbox 956 5003 1055 5065; x_wconf 74' lang='grc' dir='ltr'><strong>τὰς</strong></span> <span class='ocrx_word' id='word_1_634' title='bbox 1075 5002 1187 5055; x_wconf 89' lang='grc' dir='ltr'><strong>τῶν</strong></span> <span class='ocrx_word' id='word_1_635' title='bbox 1223 5001 1487 5070; x_wconf 81' lang='grc' dir='ltr'>κυμάτων</span> <span class='ocrx_word' id='word_1_636' title='bbox 1537 5002 1827 5070; x_wconf 68' lang='grc' dir='ltr'>ἐπιφοράς.</span> 
     </span>
    </p>
   </div>
   <div class='ocr_carea' id='block_1_85' title="bbox 239 5284 1841 5365">
    <p class='ocr_par' dir='ltr' id='par_1_85' title="bbox 239 5284 1841 5365">
     <span class='ocr_line' id='line_1_85' title="bbox 239 5284 1841 5365; baseline 0.003 -21"><span class='ocrx_word' id='word_1_637' title='bbox 239 5284 308 5363; x_wconf 78' lang='grc' dir='ltr'><strong><em>ᾯ</em></strong></span> <span class='ocrx_word' id='word_1_638' title='bbox 342 5291 474 5362; x_wconf 77' lang='grc' dir='ltr'><strong>γὰρ</strong></span> <span class='ocrx_word' id='word_1_639' title='bbox 523 5291 662 5346; x_wconf 68' lang='grc' dir='ltr'>λαοί</span> <span class='ocrx_word' id='word_1_640' title='bbox 714 5293 766 5346; x_wconf 82' lang='grc' dir='ltr'>τ’</span> <span class='ocrx_word' id='word_1_641' title='bbox 798 5291 1284 5362; x_wconf 66' lang='grc' dir='ltr'>ἐπιτετράφαται,</span> <span class='ocrx_word' id='word_1_642' title='bbox 1335 5293 1436 5349; x_wconf 77' lang='grc' dir='ltr'><strong>καί</strong></span> <span class='ocrx_word' id='word_1_643' title='bbox 1484 5296 1682 5365; x_wconf 65' lang='grc' dir='ltr'>τόσσα</span> <span class='ocrx_word' id='word_1_644' title='bbox 1733 5294 1841 5365; x_wconf 62' lang='lat' dir='ltr'><strong>ps-</strong></span> 
     </span>
    </p>
   </div>
   <div class='ocr_carea' id='block_1_86' title="bbox 239 5362 1835 5523">
    <p class='ocr_par' dir='ltr' id='par_1_86' title="bbox 239 5362 1835 5523">
     <span class='ocr_line' id='line_1_86' title="bbox 239 5362 1835 5523; baseline 0.001 -17"><span class='ocrx_word' id='word_1_645' title='bbox 239 5446 415 5506; x_wconf 78' lang='grc' dir='ltr'>εἶπεν</span> <span class='ocrx_word' id='word_1_646' title='bbox 458 5446 535 5502; x_wconf 74' lang='grc' dir='ltr'><strong>ἂν</strong></span> <span class='ocrx_word' id='word_1_647' title='bbox 559 5451 587 5503; x_wconf 82' lang='grc' dir='ltr'><strong>δ</strong></span> <span class='ocrx_word' id='word_1_648' title='bbox 616 5448 869 5520; x_wconf 76' lang='grc' dir='ltr'>ποιητὴς,</span> <span class='ocrx_word' id='word_1_649' title='bbox 895 5450 959 5504; x_wconf 79' lang='grc' dir='ltr'><strong>οὗ</strong></span> <span class='ocrx_word' id='word_1_650' title='bbox 994 5450 1195 5523; x_wconf 79' lang='grc' dir='ltr'>ῥᾳδίως</span> <span class='ocrx_word' id='word_1_651' title='bbox 1218 5450 1441 5507; x_wconf 82' lang='grc' dir='ltr'>δύναται</span> <span class='ocrx_word' id='word_1_652' title='bbox 1474 5362 1835 5517; x_wconf 50' lang='grc' dir='ltr'><strong>οἷὲμὲιῖεἱθε-</strong></span> 
     </span>
    </p>
   </div>
   <div class='ocr_carea' id='block_1_87' title="bbox 235 5540 1831 5615">
    <p class='ocr_par' dir='ltr' id='par_1_87' title="bbox 235 5540 1831 5615">
     <span class='ocr_line' id='line_1_87' title="bbox 235 5540 1831 5615; baseline -0.001 -18"><span class='ocrx_word' id='word_1_653' title='bbox 235 5543 449 5615; x_wconf 80' lang='grc' dir='ltr'>λήσειε</span> <span class='ocrx_word' id='word_1_654' title='bbox 482 5540 739 5611; x_wconf 81' lang='grc' dir='ltr'><strong>χρῆσθαι.</strong></span> <span class='ocrx_word' id='word_1_655' title='bbox 760 5541 839 5608; x_wconf 45' lang='grc' dir='ltr'>,Δί</span> <span class='ocrx_word' id='word_1_656' title='bbox 859 5541 971 5612; x_wconf 84' lang='grc' dir='ltr'><strong>γὰρ</strong></span> <span class='ocrx_word' id='word_1_657' title='bbox 997 5542 1135 5612; x_wconf 83' lang='grc' dir='ltr'><strong>ὑπὲρ</strong></span> <span class='ocrx_word' id='word_1_658' title='bbox 1182 5541 1293 5595; x_wconf 87' lang='grc' dir='ltr'><strong>τῶν</strong></span> <span class='ocrx_word' id='word_1_659' title='bbox 1331 5542 1531 5596; x_wconf 86' lang='grc' dir='ltr'>κοινῶν</span> <span class='ocrx_word' id='word_1_660' title='bbox 1558 5542 1831 5614; x_wconf 77' lang='grc' dir='ltr'>ἀσχολίαι,</span> 
     </span>
    </p>
   </div>
   <div class='ocr_carea' id='block_1_88' title="bbox 240 5630 1832 5705">
    <p class='ocr_par' dir='ltr' id='par_1_88' title="bbox 240 5630 1832 5705">
     <span class='ocr_line' id='line_1_88' title="bbox 240 5630 1832 5705; baseline 0 -18"><span class='ocrx_word' id='word_1_661' title='bbox 240 5633 393 5705; x_wconf 74' lang='grc' dir='ltr'>πρὸς</span> <span class='ocrx_word' id='word_1_662' title='bbox 440 5632 645 5694; x_wconf 75' lang='grc' dir='ltr'>ἑαυτὰς</span> <span class='ocrx_word' id='word_1_663' title='bbox 672 5630 766 5684; x_wconf 78' lang='grc' dir='ltr'>τὸν</span> <span class='ocrx_word' id='word_1_664' title='bbox 804 5630 929 5685; x_wconf 85' lang='grc' dir='ltr'><strong>νοῦν</strong></span> <span class='ocrx_word' id='word_1_665' title='bbox 957 5632 1413 5702; x_wconf 68' lang='grc' dir='ltr'>ἐπιστρέφουσαι,</span> <span class='ocrx_word' id='word_1_666' title='bbox 1460 5632 1651 5703; x_wconf 78' lang='grc' dir='ltr'>ὥσπερ</span> <span class='ocrx_word' id='word_1_667' title='bbox 1708 5634 1832 5688; x_wconf 85' lang='grc' dir='ltr'>τινά</span> 
     </span>
    </p>
   </div>
   <div class='ocr_carea' id='block_1_89' title="bbox 242 5719 1830 5794">
    <p class='ocr_par' dir='ltr' id='par_1_89' title="bbox 242 5719 1830 5794">
     <span class='ocr_line' id='line_1_89' title="bbox 242 5719 1830 5794; baseline 0.002 -17"><span class='ocrx_word' id='word_1_668' title='bbox 242 5720 564 5793; x_wconf 72' lang='grc' dir='ltr'>δεσμώτην</span> <span class='ocrx_word' id='word_1_669' title='bbox 599 5719 854 5775; x_wconf 81' lang='grc' dir='ltr'>πεδοῦσαι</span> <span class='ocrx_word' id='word_1_670' title='bbox 882 5720 1095 5790; x_wconf 84' lang='grc' dir='ltr'>τοῦτον,</span> <span class='ocrx_word' id='word_1_671' title='bbox 1121 5721 1381 5793; x_wconf 77' lang='grc' dir='ltr'>ἀσφαλῶς</span> <span class='ocrx_word' id='word_1_672' title='bbox 1425 5721 1830 5794; x_wconf 83' lang='grc' dir='ltr'>διακατέχουσι.</span> 
     </span>
    </p>
   </div>
   <div class='ocr_carea' id='block_1_90' title="bbox 1927 3173 3495 3246">
    <p class='ocr_par' dir='ltr' id='par_1_90' title="bbox 1927 3173 3495 3246">
     <span class='ocr_line' id='line_1_90' title="bbox 1927 3173 3495 3246; baseline -0.002 -16"><span class='ocrx_word' id='word_1_673' title='bbox 1927 3184 2201 3230; x_wconf 86' lang='lat' dir='ltr'><strong>certamen</strong></span> <span class='ocrx_word' id='word_1_674' title='bbox 2244 3175 2389 3245; x_wconf 89' lang='lat' dir='ltr'><strong>quod</strong></span> <span class='ocrx_word' id='word_1_675' title='bbox 2426 3174 2619 3246; x_wconf 81' lang='lat' dir='ltr'><strong>fugere</strong></span> <span class='ocrx_word' id='word_1_676' title='bbox 2658 3176 2941 3231; x_wconf 82' lang='lat' dir='ltr'><strong>debebam.</strong></span> <span class='ocrx_word' id='word_1_677' title='bbox 2989 3174 3195 3244; x_wconf 86' lang='lat' dir='ltr'><strong>Quippe</strong></span> <span class='ocrx_word' id='word_1_678' title='bbox 3235 3188 3343 3229; x_wconf 87' lang='lat' dir='ltr'><strong>non</strong></span> <span class='ocrx_word' id='word_1_679' title='bbox 3386 3173 3495 3228; x_wconf 71' lang='lat' dir='ltr'><strong>imo</strong></span> 
     </span>
    </p>
   </div>
   <div class='ocr_carea' id='block_1_91' title="bbox 1926 3262 3500 3335">
    <p class='ocr_par' dir='ltr' id='par_1_91' title="bbox 1926 3262 3500 3335">
     <span class='ocr_line' id='line_1_91' title="bbox 1926 3262 3500 3335; baseline -0.001 -15"><span class='ocrx_word' id='word_1_680' title='bbox 1926 3262 2069 3335; x_wconf 89' lang='lat' dir='ltr'><strong>pulsi</strong></span> <span class='ocrx_word' id='word_1_681' title='bbox 2100 3268 2422 3334; x_wconf 86' lang='lat' dir='ltr'><strong>temeritate,</strong></span> <span class='ocrx_word' id='word_1_682' title='bbox 2453 3274 2687 3323; x_wconf 86' lang='lat' dir='ltr'><strong>mentem</strong></span> <span class='ocrx_word' id='word_1_683' title='bbox 2720 3264 3029 3332; x_wconf 89' lang='lat' dir='ltr'><strong>amisimus,</strong></span> <span class='ocrx_word' id='word_1_684' title='bbox 3056 3277 3117 3320; x_wconf 92' lang='lat' dir='ltr'><strong>ut</strong></span> <span class='ocrx_word' id='word_1_685' title='bbox 3143 3279 3206 3320; x_wconf 86' lang='lat' dir='ltr'><strong>ea</strong></span> <span class='ocrx_word' id='word_1_686' title='bbox 3236 3278 3500 3319; x_wconf 84' lang='lat' dir='ltr'><strong>conemur</strong></span> 
     </span>
    </p>
   </div>
   <div class='ocr_carea' id='block_1_92' title="bbox 1927 3357 3499 3429">
    <p class='ocr_par' dir='ltr' id='par_1_92' title="bbox 1927 3357 3499 3429">
     <span class='ocr_line' id='line_1_92' title="bbox 1927 3357 3499 3429; baseline 0.001 -21"><span class='ocrx_word' id='word_1_687' title='bbox 1927 3371 2047 3426; x_wconf 74' lang='lat' dir='ltr'><strong>qua:</strong></span> <span class='ocrx_word' id='word_1_688' title='bbox 2073 3357 2321 3425; x_wconf 69' lang='lat' dir='ltr'><strong>praestari</strong></span> <span class='ocrx_word' id='word_1_689' title='bbox 2351 3367 2646 3429; x_wconf 85' lang='lat' dir='ltr'><strong>nequeant,</strong></span> <span class='ocrx_word' id='word_1_690' title='bbox 2671 3358 3041 3428; x_wconf 87' lang='lat' dir='ltr'><strong>humilemque</strong></span> <span class='ocrx_word' id='word_1_691' title='bbox 3067 3357 3305 3427; x_wconf 80' lang='lat' dir='ltr'><strong>linguam</strong></span> <span class='ocrx_word' id='word_1_692' title='bbox 3338 3364 3499 3426; x_wconf 82' lang='lat' dir='ltr'><strong>pute-</strong></span> 
     </span>
    </p>
   </div>
   <div class='ocr_carea' id='block_1_93' title="bbox 1929 3434 3500 3523">
    <p class='ocr_par' dir='ltr' id='par_1_93' title="bbox 1929 3434 3500 3523">
     <span class='ocr_line' id='line_1_93' title="bbox 1929 3434 3500 3523; baseline 0 -20"><span class='ocrx_word' id='word_1_693' title='bbox 1929 3463 2052 3505; x_wconf 89' lang='lat' dir='ltr'><strong>mus</strong></span> <span class='ocrx_word' id='word_1_694' title='bbox 2077 3451 2285 3522; x_wconf 87' lang='lat' dir='ltr'><strong>aliquid</strong></span> <span class='ocrx_word' id='word_1_695' title='bbox 2312 3452 2397 3508; x_wconf 88' lang='lat' dir='ltr'><strong>illa</strong></span> <span class='ocrx_word' id='word_1_696' title='bbox 2426 3453 2626 3509; x_wconf 80' lang='lat' dir='ltr'><strong>virtute</strong></span> <span class='ocrx_word' id='word_1_697' title='bbox 2653 3453 2872 3523; x_wconf 88' lang='lat' dir='ltr'><strong>dignum</strong></span> <span class='ocrx_word' id='word_1_698' title='bbox 2900 3434 3146 3522; x_wconf 85' lang='lat' dir='ltr'><strong>proferre</strong></span> <span class='ocrx_word' id='word_1_699' title='bbox 3170 3463 3353 3519; x_wconf 87' lang='lat' dir='ltr'><strong>posse,</strong></span> <span class='ocrx_word' id='word_1_700' title='bbox 3379 3464 3500 3519; x_wconf 66' lang='lat' dir='ltr'><strong>quae</strong></span> 
     </span>
    </p>
   </div>
   <div class='ocr_carea' id='block_1_94' title="bbox 1929 3542 3498 3613">
    <p class='ocr_par' dir='ltr' id='par_1_94' title="bbox 1929 3542 3498 3613">
     <span class='ocr_line' id='line_1_94' title="bbox 1929 3542 3498 3613; baseline -0.001 -15"><span class='ocrx_word' id='word_1_701' title='bbox 1929 3544 1985 3598; x_wconf 93' lang='lat' dir='ltr'><strong>in</strong></span> <span class='ocrx_word' id='word_1_702' title='bbox 2019 3544 2234 3600; x_wconf 87' lang='lat' dir='ltr'><strong>sublimi</strong></span> <span class='ocrx_word' id='word_1_703' title='bbox 2272 3545 2451 3613; x_wconf 81' lang='lat' dir='ltr'><strong>volat,</strong></span> <span class='ocrx_word' id='word_1_704' title='bbox 2487 3553 2542 3600; x_wconf 91' lang='lat' dir='ltr'><strong>et</strong></span> <span class='ocrx_word' id='word_1_705' title='bbox 2578 3546 2631 3602; x_wconf 88' lang='lat' dir='ltr'><strong>in</strong></span> <span class='ocrx_word' id='word_1_706' title='bbox 2668 3545 2835 3600; x_wconf 89' lang='lat' dir='ltr'><strong>altum</strong></span> <span class='ocrx_word' id='word_1_707' title='bbox 2870 3544 3068 3599; x_wconf 87' lang='lat' dir='ltr'><strong>attollit</strong></span> <span class='ocrx_word' id='word_1_708' title='bbox 3100 3558 3194 3600; x_wconf 89' lang='lat' dir='ltr'><strong>eos</strong></span> <span class='ocrx_word' id='word_1_709' title='bbox 3227 3542 3319 3611; x_wconf 90' lang='lat' dir='ltr'><strong>qui</strong></span> <span class='ocrx_word' id='word_1_710' title='bbox 3354 3542 3498 3612; x_wconf 91' lang='lat' dir='ltr'><strong>quod</strong></span> 
     </span>
    </p>
   </div>
   <div class='ocr_carea' id='block_1_95' title="bbox 1932 3632 3500 3709">
    <p class='ocr_par' dir='ltr' id='par_1_95' title="bbox 1932 3632 3500 3709">
     <span class='ocr_line' id='line_1_95' title="bbox 1932 3632 3500 3709; baseline -0.001 -22"><span class='ocrx_word' id='word_1_711' title='bbox 1932 3643 2138 3689; x_wconf 89' lang='lat' dir='ltr'><strong>rectum</strong></span> <span class='ocrx_word' id='word_1_712' title='bbox 2166 3642 2252 3690; x_wconf 86' lang='lat' dir='ltr'><strong>est</strong></span> <span class='ocrx_word' id='word_1_713' title='bbox 2280 3650 2401 3691; x_wconf 91' lang='lat' dir='ltr'><strong>cum</strong></span> <span class='ocrx_word' id='word_1_714' title='bbox 2430 3645 2714 3709; x_wconf 74' lang='lat' dir='ltr'><strong>peragant,</strong></span> <span class='ocrx_word' id='word_1_715' title='bbox 2746 3635 2944 3690; x_wconf 88' lang='lat' dir='ltr'><strong>animis</strong></span> <span class='ocrx_word' id='word_1_716' title='bbox 2976 3643 3156 3689; x_wconf 89' lang='lat' dir='ltr'><strong>tamen</strong></span> <span class='ocrx_word' id='word_1_717' title='bbox 3187 3632 3366 3688; x_wconf 76' lang='lat' dir='ltr'><strong>ell‘erri</strong></span> <span class='ocrx_word' id='word_1_718' title='bbox 3403 3647 3500 3686; x_wconf 90' lang='lat' dir='ltr'><strong>ne-</strong></span> 
     </span>
    </p>
   </div>
   <div class='ocr_carea' id='block_1_96' title="bbox 1929 3723 3499 3797">
    <p class='ocr_par' dir='ltr' id='par_1_96' title="bbox 1929 3723 3499 3797">
     <span class='ocr_line' id='line_1_96' title="bbox 1929 3723 3499 3797; baseline -0.001 -18"><span class='ocrx_word' id='word_1_719' title='bbox 1929 3725 2131 3780; x_wconf 87' lang='lat' dir='ltr'><strong>sciunt.</strong></span> <span class='ocrx_word' id='word_1_720' title='bbox 2157 3724 2301 3792; x_wconf 86' lang='lat' dir='ltr'><strong>Non,</strong></span> <span class='ocrx_word' id='word_1_721' title='bbox 2328 3727 2574 3797; x_wconf 87' lang='lat' dir='ltr'><strong>inquam,</strong></span> <span class='ocrx_word' id='word_1_722' title='bbox 2605 3727 2684 3782; x_wconf 85' lang='lat' dir='ltr'><strong>vel</strong></span> <span class='ocrx_word' id='word_1_723' title='bbox 2717 3737 2947 3783; x_wconf 87' lang='lat' dir='ltr'><strong>conatus</strong></span> <span class='ocrx_word' id='word_1_724' title='bbox 2973 3725 3143 3796; x_wconf 85' lang='lat' dir='ltr'><strong>ipsius</strong></span> <span class='ocrx_word' id='word_1_725' title='bbox 3172 3723 3499 3794; x_wconf 86' lang='lat' dir='ltr'><strong>magnitudi-</strong></span> 
     </span>
    </p>
   </div>
   <div class='ocr_carea' id='block_1_97' title="bbox 1932 3814 3499 3887">
    <p class='ocr_par' dir='ltr' id='par_1_97' title="bbox 1932 3814 3499 3887">
     <span class='ocr_line' id='line_1_97' title="bbox 1932 3814 3499 3887; baseline -0.002 -18"><span class='ocrx_word' id='word_1_726' title='bbox 1932 3830 2078 3883; x_wconf 87' lang='lat' dir='ltr'><strong>nem,</strong></span> <span class='ocrx_word' id='word_1_727' title='bbox 2110 3816 2191 3871; x_wconf 86' lang='lat' dir='ltr'><strong>vel</strong></span> <span class='ocrx_word' id='word_1_728' title='bbox 2224 3816 2489 3887; x_wconf 91' lang='lat' dir='ltr'><strong>meipsum</strong></span> <span class='ocrx_word' id='word_1_729' title='bbox 2523 3816 2803 3886; x_wconf 77' lang='lat' dir='ltr'><strong>ignorans,</strong></span> <span class='ocrx_word' id='word_1_730' title='bbox 2836 3814 2943 3871; x_wconf 87' lang='lat' dir='ltr'><strong>huc</strong></span> <span class='ocrx_word' id='word_1_731' title='bbox 2972 3814 3216 3869; x_wconf 70' lang='lat' dir='ltr'><strong>audaciae</strong></span> <span class='ocrx_word' id='word_1_732' title='bbox 3247 3826 3499 3883; x_wconf 81' lang='lat' dir='ltr'><strong>progres-</strong></span> 
     </span>
    </p>
   </div>
   <div class='ocr_carea' id='block_1_98' title="bbox 1902 3902 3500 3975">
    <p class='ocr_par' dir='ltr' id='par_1_98' title="bbox 1902 3902 3500 3975">
     <span class='ocr_line' id='line_1_98' title="bbox 1902 3902 3500 3975; baseline -0.004 -14"><span class='ocrx_word' id='word_1_733' title='bbox 1902 3919 2029 3961; x_wconf 85' lang='lat' dir='ltr'><strong>_sus</strong></span> <span class='ocrx_word' id='word_1_734' title='bbox 2061 3918 2202 3960; x_wconf 90' lang='lat' dir='ltr'><strong>sum.</strong></span> <span class='ocrx_word' id='word_1_735' title='bbox 2236 3904 2347 3961; x_wconf 83' lang='lat' dir='ltr'><strong>Nec</strong></span> <span class='ocrx_word' id='word_1_736' title='bbox 2380 3907 2525 3961; x_wconf 89' lang='lat' dir='ltr'><strong>enim</strong></span> <span class='ocrx_word' id='word_1_737' title='bbox 2562 3905 2751 3975; x_wconf 87' lang='lat' dir='ltr'><strong>ignoro</strong></span> <span class='ocrx_word' id='word_1_738' title='bbox 2782 3904 3066 3959; x_wconf 60' lang='lat' dir='ltr'><strong>Phaedrum</strong></span> <span class='ocrx_word' id='word_1_739' title='bbox 3089 3944 3105 3968; x_wconf 93' lang='lat'><strong>,</strong></span> <span class='ocrx_word' id='word_1_740' title='bbox 3137 3902 3241 3957; x_wconf 89' lang='lat' dir='ltr'><strong>nisi</strong></span> <span class='ocrx_word' id='word_1_741' title='bbox 3278 3903 3500 3957; x_wconf 87' lang='lat' dir='ltr'><strong>meimet</strong></span> 
     </span>
    </p>
   </div>
   <div class='ocr_carea' id='block_1_99' title="bbox 1933 3988 3499 4062">
    <p class='ocr_par' dir='ltr' id='par_1_99' title="bbox 1933 3988 3499 4062">
     <span class='ocr_line' id='line_1_99' title="bbox 1933 3988 3499 4062; baseline -0.004 -14"><span class='ocrx_word' id='word_1_742' title='bbox 1933 3994 2103 4062; x_wconf 86' lang='lat' dir='ltr'><strong>ipsius</strong></span> <span class='ocrx_word' id='word_1_743' title='bbox 2130 3994 2332 4050; x_wconf 84' lang='lat' dir='ltr'><strong>oblitus</strong></span> <span class='ocrx_word' id='word_1_744' title='bbox 2366 3994 2466 4050; x_wconf 89' lang='lat' dir='ltr'><strong>sim</strong></span> <span class='ocrx_word' id='word_1_745' title='bbox 2487 4033 2502 4060; x_wconf 94' lang='lat'><strong>,</strong></span> <span class='ocrx_word' id='word_1_746' title='bbox 2536 3992 2835 4050; x_wconf 89' lang='lat' dir='ltr'><strong>secundum</strong></span> <span class='ocrx_word' id='word_1_747' title='bbox 2869 3992 3034 4045; x_wconf 86' lang='lat' dir='ltr'><strong>ﬁlium</strong></span> <span class='ocrx_word' id='word_1_748' title='bbox 3069 3990 3342 4044; x_wconf 84' lang='lat' dir='ltr'><strong>Aristonis</strong></span> <span class='ocrx_word' id='word_1_749' title='bbox 3373 3988 3499 4043; x_wconf 87' lang='lat' dir='ltr'><strong>Pla-</strong></span> 
     </span>
    </p>
   </div>
   <div class='ocr_carea' id='block_1_100' title="bbox 1934 4079 3498 4149">
    <p class='ocr_par' dir='ltr' id='par_1_100' title="bbox 1934 4079 3498 4149">
     <span class='ocr_line' id='line_1_100' title="bbox 1934 4079 3498 4149; baseline -0.005 -10"><span class='ocrx_word' id='word_1_750' title='bbox 1934 4094 2135 4140; x_wconf 90' lang='lat' dir='ltr'><strong>tonem.</strong></span> <span class='ocrx_word' id='word_1_751' title='bbox 2161 4082 2425 4139; x_wconf 85' lang='lat' dir='ltr'><strong>Nimirum</strong></span> <span class='ocrx_word' id='word_1_752' title='bbox 2456 4092 2530 4148; x_wconf 88' lang='grc' dir='ltr'>ιιι,</span> <span class='ocrx_word' id='word_1_753' title='bbox 2558 4083 2877 4138; x_wconf 87' lang='lat' dir='ltr'><strong>cbarissime</strong></span> <span class='ocrx_word' id='word_1_754' title='bbox 2904 4081 2977 4134; x_wconf 83' lang='lat' dir='ltr'><strong>iiii</strong></span> <span class='ocrx_word' id='word_1_755' title='bbox 2995 4119 3010 4146; x_wconf 92' lang='lat'><strong>,</strong></span> <span class='ocrx_word' id='word_1_756' title='bbox 3035 4090 3090 4136; x_wconf 90' lang='lat' dir='ltr'><strong>et</strong></span> <span class='ocrx_word' id='word_1_757' title='bbox 3114 4079 3343 4135; x_wconf 81' lang='lat' dir='ltr'><strong>eximias</strong></span> <span class='ocrx_word' id='word_1_758' title='bbox 3368 4094 3498 4149; x_wconf 89' lang='lat' dir='ltr'><strong>erga</strong></span> 
     </span>
    </p>
   </div>
   <div class='ocr_carea' id='block_1_101' title="bbox 1934 4169 3495 4239">
    <p class='ocr_par' dir='ltr' id='par_1_101' title="bbox 1934 4169 3495 4239">
     <span class='ocr_line' id='line_1_101' title="bbox 1934 4169 3495 4239; baseline -0.005 -10"><span class='ocrx_word' id='word_1_759' title='bbox 1934 4184 1988 4230; x_wconf 89' lang='lat' dir='ltr'><strong>te</strong></span> <span class='ocrx_word' id='word_1_760' title='bbox 2029 4189 2179 4231; x_wconf 90' lang='lat' dir='ltr'><strong>meus</strong></span> <span class='ocrx_word' id='word_1_761' title='bbox 2218 4189 2391 4238; x_wconf 90' lang='lat' dir='ltr'><strong>amor,</strong></span> <span class='ocrx_word' id='word_1_762' title='bbox 2435 4174 2656 4229; x_wconf 88' lang='lat' dir='ltr'><strong>audacis</strong></span> <span class='ocrx_word' id='word_1_763' title='bbox 2700 4170 2928 4239; x_wconf 85' lang='lat' dir='ltr'><strong>hujusce</strong></span> <span class='ocrx_word' id='word_1_764' title='bbox 2972 4169 3230 4225; x_wconf 77' lang='lat' dir='ltr'><strong>facinoris</strong></span> <span class='ocrx_word' id='word_1_765' title='bbox 3275 4182 3495 4224; x_wconf 88' lang='lat' dir='ltr'><strong>causam</strong></span> 
     </span>
    </p>
   </div>
   <div class='ocr_carea' id='block_1_102' title="bbox 1933 4255 3501 4333">
    <p class='ocr_par' dir='ltr' id='par_1_102' title="bbox 1933 4255 3501 4333">
     <span class='ocr_line' id='line_1_102' title="bbox 1933 4255 3501 4333; baseline -0.007 -15"><span class='ocrx_word' id='word_1_766' title='bbox 1933 4264 2064 4318; x_wconf 84' lang='lat' dir='ltr'><strong>mihi</strong></span> <span class='ocrx_word' id='word_1_767' title='bbox 2100 4260 2350 4333; x_wconf 67' lang='lat' dir='ltr'><strong>praebuit.</strong></span> <span class='ocrx_word' id='word_1_768' title='bbox 2388 4260 2521 4316; x_wconf 83' lang='lat' dir='ltr'><strong>Nam</strong></span> <span class='ocrx_word' id='word_1_769' title='bbox 2560 4259 2663 4316; x_wconf 90' lang='lat' dir='ltr'><strong>nisi</strong></span> <span class='ocrx_word' id='word_1_770' title='bbox 2703 4268 2753 4313; x_wconf 92' lang='lat' dir='ltr'><strong>te</strong></span> <span class='ocrx_word' id='word_1_771' title='bbox 2787 4272 2881 4328; x_wconf 86' lang='lat' dir='ltr'><strong>per</strong></span> <span class='ocrx_word' id='word_1_772' title='bbox 2915 4257 3097 4311; x_wconf 86' lang='lat' dir='ltr'><strong>omnia</strong></span> <span class='ocrx_word' id='word_1_773' title='bbox 3130 4255 3307 4311; x_wconf 80' lang='lat' dir='ltr'><strong>virum</strong></span> <span class='ocrx_word' id='word_1_774' title='bbox 3342 4268 3501 4324; x_wconf 63' lang='grc' dir='ltr'><strong>ρει-οη</strong></span> 
     </span>
    </p>
   </div>
   <div class='ocr_carea' id='block_1_103' title="bbox 1933 4344 3499 4425">
    <p class='ocr_par' dir='ltr' id='par_1_103' title="bbox 1933 4344 3499 4425">
     <span class='ocr_line' id='line_1_103' title="bbox 1933 4344 3499 4425; baseline -0.008 -15"><span class='ocrx_word' id='word_1_775' title='bbox 1933 4355 2079 4425; x_wconf 80' lang='lat' dir='ltr'><strong>gium</strong></span> <span class='ocrx_word' id='word_1_776' title='bbox 2115 4355 2328 4410; x_wconf 85' lang='lat' dir='ltr'><strong>videam</strong></span> <span class='ocrx_word' id='word_1_777' title='bbox 2350 4393 2367 4419; x_wconf 94' lang='lat'><strong>,</strong></span> <span class='ocrx_word' id='word_1_778' title='bbox 2402 4353 2536 4408; x_wconf 87' lang='lat' dir='ltr'><strong>nihil</strong></span> <span class='ocrx_word' id='word_1_779' title='bbox 2566 4354 2622 4407; x_wconf 89' lang='lat' dir='ltr'><strong>in</strong></span> <span class='ocrx_word' id='word_1_780' title='bbox 2656 4351 2767 4406; x_wconf 77' lang='lat' dir='ltr'><strong>vita</strong></span> <span class='ocrx_word' id='word_1_781' title='bbox 2800 4347 3103 4421; x_wconf 86' lang='lat' dir='ltr'><strong>jucundum</strong></span> <span class='ocrx_word' id='word_1_782' title='bbox 3137 4346 3330 4417; x_wconf 88' lang='lat' dir='ltr'><strong>volupe</strong></span> <span class='ocrx_word' id='word_1_783' title='bbox 3367 4344 3499 4399; x_wconf 88' lang='lat' dir='ltr'><strong>mihi</strong></span> 
     </span>
    </p>
   </div>
   <div class='ocr_carea' id='block_1_104' title="bbox 1854 4434 3501 4516">
    <p class='ocr_par' dir='ltr' id='par_1_104' title="bbox 1854 4434 3501 4516">
     <span class='ocr_line' id='line_1_104' title="bbox 1854 4434 3501 4516; baseline -0.007 -16"><span class='ocrx_word' id='word_1_784' title='bbox 1854 4439 1909 4500; x_wconf 87' lang='lat' dir='ltr'><strong>D</strong></span> <span class='ocrx_word' id='word_1_785' title='bbox 1938 4460 2175 4516; x_wconf 89' lang='lat' dir='ltr'><strong>unquam</strong></span> <span class='ocrx_word' id='word_1_786' title='bbox 2222 4445 2405 4501; x_wconf 87' lang='lat' dir='ltr'><strong>fuerit.</strong></span> <span class='ocrx_word' id='word_1_787' title='bbox 2441 4445 2608 4500; x_wconf 84' lang='lat' dir='ltr'><strong>Amor</strong></span> <span class='ocrx_word' id='word_1_788' title='bbox 2638 4458 2769 4498; x_wconf 76' lang='lat' dir='ltr'><strong>vero</strong></span> <span class='ocrx_word' id='word_1_789' title='bbox 2810 4451 2994 4496; x_wconf 86' lang='lat' dir='ltr'><strong>tantus</strong></span> <span class='ocrx_word' id='word_1_790' title='bbox 3032 4447 3150 4505; x_wconf 87' lang='lat' dir='ltr'><strong>est,</strong></span> <span class='ocrx_word' id='word_1_791' title='bbox 3182 4448 3243 4492; x_wconf 91' lang='lat' dir='ltr'><strong>ut</strong></span> <span class='ocrx_word' id='word_1_792' title='bbox 3279 4434 3345 4491; x_wconf 88' lang='lat' dir='ltr'><strong>ad</strong></span> <span class='ocrx_word' id='word_1_793' title='bbox 3382 4446 3501 4490; x_wconf 83' lang='lat' dir='ltr'><strong>len-</strong></span> 
     </span>
    </p>
   </div>
   <div class='ocr_carea' id='block_1_105' title="bbox 1934 4529 3501 4602">
    <p class='ocr_par' dir='ltr' id='par_1_105' title="bbox 1934 4529 3501 4602">
     <span class='ocr_line' id='line_1_105' title="bbox 1934 4529 3501 4602; baseline -0.01 -5"><span class='ocrx_word' id='word_1_794' title='bbox 1934 4543 2154 4597; x_wconf 86' lang='lat' dir='ltr'><strong>tandum</strong></span> <span class='ocrx_word' id='word_1_795' title='bbox 2191 4555 2278 4596; x_wconf 88' lang='lat' dir='ltr'><strong>res</strong></span> <span class='ocrx_word' id='word_1_796' title='bbox 2312 4540 2533 4596; x_wconf 89' lang='lat' dir='ltr'><strong>omnino</strong></span> <span class='ocrx_word' id='word_1_797' title='bbox 2564 4537 2772 4593; x_wconf 81' lang='lat' dir='ltr'><strong>viribus</strong></span> <span class='ocrx_word' id='word_1_798' title='bbox 2806 4533 3010 4592; x_wconf 88' lang='lat' dir='ltr'><strong>nostris</strong></span> <span class='ocrx_word' id='word_1_799' title='bbox 3043 4532 3275 4602; x_wconf 86' lang='lat' dir='ltr'><strong>majores</strong></span> <span class='ocrx_word' id='word_1_800' title='bbox 3307 4529 3501 4599; x_wconf 84' lang='lat' dir='ltr'><strong>impel-</strong></span> 
     </span>
    </p>
   </div>
   <div class='ocr_carea' id='block_1_106' title="bbox 1931 4621 3499 4702">
    <p class='ocr_par' dir='ltr' id='par_1_106' title="bbox 1931 4621 3499 4702">
     <span class='ocr_line' id='line_1_106' title="bbox 1931 4621 3499 4702; baseline -0.008 -15"><span class='ocrx_word' id='word_1_801' title='bbox 1931 4632 2047 4688; x_wconf 89' lang='lat' dir='ltr'><strong>lere</strong></span> <span class='ocrx_word' id='word_1_802' title='bbox 2077 4632 2337 4702; x_wconf 85' lang='lat' dir='ltr'><strong>potuerit.</strong></span> <span class='ocrx_word' id='word_1_803' title='bbox 2366 4628 2465 4685; x_wconf 84' lang='lat' dir='ltr'><strong>llic</strong></span> <span class='ocrx_word' id='word_1_804' title='bbox 2496 4643 2651 4684; x_wconf 86' lang='lat' dir='ltr'><strong>amor</strong></span> <span class='ocrx_word' id='word_1_805' title='bbox 2676 4637 2731 4681; x_wconf 89' lang='lat' dir='ltr'><strong>et</strong></span> <span class='ocrx_word' id='word_1_806' title='bbox 2759 4624 3069 4696; x_wconf 88' lang='lat' dir='ltr'><strong>complures</strong></span> <span class='ocrx_word' id='word_1_807' title='bbox 3098 4623 3266 4678; x_wconf 85' lang='lat' dir='ltr'><strong>hasce</strong></span> <span class='ocrx_word' id='word_1_808' title='bbox 3294 4621 3499 4675; x_wconf 82' lang='lat' dir='ltr'><strong>oratio-</strong></span> 
     </span>
    </p>
   </div>
   <div class='ocr_carea' id='block_1_107' title="bbox 1935 4710 3497 4797">
    <p class='ocr_par' dir='ltr' id='par_1_107' title="bbox 1935 4710 3497 4797">
     <span class='ocr_line' id='line_1_107' title="bbox 1935 4710 3497 4797; baseline -0.008 -18"><span class='ocrx_word' id='word_1_809' title='bbox 1935 4738 2050 4797; x_wconf 77' lang='lat' dir='ltr'><strong>nes,</strong></span> <span class='ocrx_word' id='word_1_810' title='bbox 2085 4731 2140 4779; x_wconf 87' lang='lat' dir='ltr'><strong>et</strong></span> <span class='ocrx_word' id='word_1_811' title='bbox 2172 4723 2262 4777; x_wconf 86' lang='lat' dir='ltr'><strong>illa</strong></span> <span class='ocrx_word' id='word_1_812' title='bbox 2297 4722 2427 4777; x_wconf 88' lang='lat' dir='ltr'><strong>mihi</strong></span> <span class='ocrx_word' id='word_1_813' title='bbox 2458 4721 2660 4789; x_wconf 84' lang='lat' dir='ltr'><strong>capita,</strong></span> <span class='ocrx_word' id='word_1_814' title='bbox 2689 4734 2814 4774; x_wconf 91' lang='lat' dir='ltr'><strong>cum</strong></span> <span class='ocrx_word' id='word_1_815' title='bbox 2847 4710 3448 4789; x_wconf 79' lang='lat' dir='ltr'><strong>epistolis,&#39;elaboravit</strong></span> <span class='ocrx_word' id='word_1_816' title='bbox 3481 4728 3497 4766; x_wconf 88' lang='lat'><strong>:</strong></span> 
     </span>
    </p>
   </div>
   <div class='ocr_carea' id='block_1_108' title="bbox 1931 4803 3499 4884">
    <p class='ocr_par' dir='ltr' id='par_1_108' title="bbox 1931 4803 3499 4884">
     <span class='ocr_line' id='line_1_108' title="bbox 1931 4803 3499 4884; baseline -0.008 -14"><span class='ocrx_word' id='word_1_817' title='bbox 1931 4815 2021 4870; x_wconf 84' lang='lat' dir='ltr'><strong>hic</strong></span> <span class='ocrx_word' id='word_1_818' title='bbox 2052 4829 2138 4870; x_wconf 90' lang='lat' dir='ltr'><strong>me</strong></span> <span class='ocrx_word' id='word_1_819' title='bbox 2171 4815 2335 4869; x_wconf 87' lang='lat' dir='ltr'><strong>nimia</strong></span> <span class='ocrx_word' id='word_1_820' title='bbox 2364 4813 2415 4867; x_wconf 83' lang='lat' dir='ltr'><strong>vi</strong></span> <span class='ocrx_word' id='word_1_821' title='bbox 2449 4813 2682 4884; x_wconf 89' lang='lat' dir='ltr'><strong>quadam</strong></span> <span class='ocrx_word' id='word_1_822' title='bbox 2712 4826 2950 4880; x_wconf 83' lang='lat' dir='ltr'><strong>urgens,</strong></span> <span class='ocrx_word' id='word_1_823' title='bbox 2983 4822 3104 4862; x_wconf 90' lang='lat' dir='ltr'><strong>cum</strong></span> <span class='ocrx_word' id='word_1_824' title='bbox 3136 4821 3241 4877; x_wconf 83' lang='lat' dir='ltr'><strong>qua</strong></span> <span class='ocrx_word' id='word_1_825' title='bbox 3274 4803 3499 4873; x_wconf 77' lang='lat' dir='ltr'><strong>conjun-</strong></span> 
     </span>
    </p>
   </div>
   <div class='ocr_carea' id='block_1_109' title="bbox 1935 4898 3500 4976">
    <p class='ocr_par' dir='ltr' id='par_1_109' title="bbox 1935 4898 3500 4976">
     <span class='ocr_line' id='line_1_109' title="bbox 1935 4898 3500 4976; baseline -0.008 -16"><span class='ocrx_word' id='word_1_826' title='bbox 1935 4916 2021 4960; x_wconf 89' lang='lat' dir='ltr'><strong>cta</strong></span> <span class='ocrx_word' id='word_1_827' title='bbox 2048 4904 2344 4976; x_wconf 86' lang='lat' dir='ltr'><strong>probabilis</strong></span> <span class='ocrx_word' id='word_1_828' title='bbox 2369 4914 2513 4960; x_wconf 89' lang='lat' dir='ltr'><strong>esset</strong></span> <span class='ocrx_word' id='word_1_829' title='bbox 2542 4904 2713 4969; x_wconf 85' lang='lat' dir='ltr'><strong>ratio,</strong></span> <span class='ocrx_word' id='word_1_830' title='bbox 2738 4900 2806 4956; x_wconf 89' lang='lat' dir='ltr'><strong>ad</strong></span> <span class='ocrx_word' id='word_1_831' title='bbox 2832 4902 2931 4955; x_wconf 87' lang='lat' dir='ltr'><strong>bas</strong></span> <span class='ocrx_word' id='word_1_832' title='bbox 2956 4898 3190 4968; x_wconf 84' lang='lat' dir='ltr'><strong>abripuit</strong></span> <span class='ocrx_word' id='word_1_833' title='bbox 3215 4908 3500 4951; x_wconf 80' lang='lat' dir='ltr'><strong>commen-</strong></span> 
     </span>
    </p>
   </div>
   <div class='ocr_carea' id='block_1_110' title="bbox 1938 4984 3501 5064">
    <p class='ocr_par' dir='ltr' id='par_1_110' title="bbox 1938 4984 3501 5064">
     <span class='ocr_line' id='line_1_110' title="bbox 1938 4984 3501 5064; baseline -0.01 -13"><span class='ocrx_word' id='word_1_834' title='bbox 1938 4998 2188 5062; x_wconf 73' lang='lat' dir='ltr'><strong>taliones,</strong></span> <span class='ocrx_word' id='word_1_835' title='bbox 2234 5006 2291 5051; x_wconf 90' lang='lat' dir='ltr'><strong>et</strong></span> <span class='ocrx_word' id='word_1_836' title='bbox 2334 4994 2439 5050; x_wconf 89' lang='lat' dir='ltr'><strong>illis</strong></span> <span class='ocrx_word' id='word_1_837' title='bbox 2480 4995 2694 5064; x_wconf 85' lang='lat' dir='ltr'><strong>quidem</strong></span> <span class='ocrx_word' id='word_1_838' title='bbox 2742 4992 3078 5061; x_wconf 85' lang='lat' dir='ltr'><strong>temporibus</strong></span> <span class='ocrx_word' id='word_1_839' title='bbox 3116 5000 3235 5056; x_wconf 79' lang='lat' dir='ltr'><strong>qua:</strong></span> <span class='ocrx_word' id='word_1_840' title='bbox 3280 4984 3501 5039; x_wconf 89' lang='lat' dir='ltr'><strong>minime</strong></span> 
     </span>
    </p>
   </div>
   <div class='ocr_carea' id='block_1_111' title="bbox 1936 5078 3503 5159">
    <p class='ocr_par' dir='ltr' id='par_1_111' title="bbox 1936 5078 3503 5159">
     <span class='ocr_line' id='line_1_111' title="bbox 1936 5078 3503 5159; baseline -0.011 -17"><span class='ocrx_word' id='word_1_841' title='bbox 1936 5089 2256 5159; x_wconf 84' lang='lat' dir='ltr'><strong>permittunt</strong></span> <span class='ocrx_word' id='word_1_842' title='bbox 2297 5098 2356 5141; x_wconf 90' lang='lat' dir='ltr'><strong>ut</strong></span> <span class='ocrx_word' id='word_1_843' title='bbox 2394 5087 2488 5158; x_wconf 90' lang='lat' dir='ltr'><strong>qui</strong></span> <span class='ocrx_word' id='word_1_844' title='bbox 2527 5086 2682 5142; x_wconf 86' lang='lat' dir='ltr'><strong>sedet</strong></span> <span class='ocrx_word' id='word_1_845' title='bbox 2722 5084 2789 5138; x_wconf 89' lang='lat' dir='ltr'><strong>ad</strong></span> <span class='ocrx_word' id='word_1_846' title='bbox 2828 5082 3038 5137; x_wconf 76' lang='lat' dir='ltr'><strong>clavum</strong></span> <span class='ocrx_word' id='word_1_847' title='bbox 3077 5078 3184 5133; x_wconf 87' lang='lat' dir='ltr'><strong>alio</strong></span> <span class='ocrx_word' id='word_1_848' title='bbox 3223 5080 3503 5131; x_wconf 88' lang='lat' dir='ltr'><strong>convertat</strong></span> 
     </span>
    </p>
   </div>
   <div class='ocr_carea' id='block_1_112' title="bbox 1937 5163 3498 5250">
    <p class='ocr_par' dir='ltr' id='par_1_112' title="bbox 1937 5163 3498 5250">
     <span class='ocr_line' id='line_1_112' title="bbox 1937 5163 3498 5250; baseline -0.014 -14"><span class='ocrx_word' id='word_1_849' title='bbox 1937 5181 2125 5236; x_wconf 89' lang='lat' dir='ltr'><strong>oculos</strong></span> <span class='ocrx_word' id='word_1_850' title='bbox 2154 5196 2311 5250; x_wconf 85' lang='lat' dir='ltr'><strong>quam</strong></span> <span class='ocrx_word' id='word_1_851' title='bbox 2338 5179 2485 5235; x_wconf 86' lang='lat' dir='ltr'><strong>solos</strong></span> <span class='ocrx_word' id='word_1_852' title='bbox 2510 5179 2575 5233; x_wconf 90' lang='lat' dir='ltr'><strong>ad</strong></span> <span class='ocrx_word' id='word_1_853' title='bbox 2603 5179 2833 5245; x_wconf 89' lang='lat' dir='ltr'><strong>impetus</strong></span> <span class='ocrx_word' id='word_1_854' title='bbox 2859 5168 3240 5240; x_wconf 84' lang='lat' dir='ltr'><strong>procellarum.</strong></span> <span class='ocrx_word' id='word_1_855' title='bbox 3269 5165 3400 5219; x_wconf 84' lang='lat' dir='ltr'><strong>Nam</strong></span> <span class='ocrx_word' id='word_1_856' title='bbox 3431 5163 3498 5227; x_wconf 84' lang='lat' dir='ltr'><strong>is,</strong></span> 
     </span>
    </p>
   </div>
   <div class='ocr_carea' id='block_1_113' title="bbox 2044 5284 3393 5357">
    <p class='ocr_par' dir='ltr' id='par_1_113' title="bbox 2044 5284 3393 5357">
     <span class='ocr_line' id='line_1_113' title="bbox 2044 5284 3393 5357; baseline -0.011 -12"><span class='ocrx_word' id='word_1_857' title='bbox 2044 5290 2149 5345; x_wconf 70' lang='lat' dir='ltr'><strong>Cui</strong></span> <span class='ocrx_word' id='word_1_858' title='bbox 2184 5288 2366 5357; x_wconf 82' lang='lat' dir='ltr'><strong>populi</strong></span> <span class='ocrx_word' id='word_1_859' title='bbox 2389 5286 2680 5351; x_wconf 78' lang='lat' dir='ltr'><strong>commissi,</strong></span> <span class='ocrx_word' id='word_1_860' title='bbox 2700 5295 2753 5340; x_wconf 80' lang='lat' dir='ltr'><strong>et</strong></span> <span class='ocrx_word' id='word_1_861' title='bbox 2789 5284 2921 5338; x_wconf 73' lang='lat' dir='ltr'><strong>(alia</strong></span> <span class='ocrx_word' id='word_1_862' title='bbox 2942 5288 3203 5349; x_wconf 68' lang='lat' dir='ltr'><strong>tardaque</strong></span> <span class='ocrx_word' id='word_1_863' title='bbox 3229 5290 3393 5341; x_wconf 75' lang='lat' dir='ltr'><strong>cum,</strong></span> 
     </span>
    </p>
   </div>
   <div class='ocr_carea' id='block_1_114' title="bbox 1939 5429 3502 5516">
    <p class='ocr_par' dir='ltr' id='par_1_114' title="bbox 1939 5429 3502 5516">
     <span class='ocr_line' id='line_1_114' title="bbox 1939 5429 3502 5516; baseline -0.01 -16"><span class='ocrx_word' id='word_1_864' title='bbox 1939 5443 2398 5516; x_wconf 83' lang='lat' dir='ltr'><strong>quemadmodum</strong></span> <span class='ocrx_word' id='word_1_865' title='bbox 2429 5451 2585 5512; x_wconf 89' lang='lat' dir='ltr'><strong>poeta</strong></span> <span class='ocrx_word' id='word_1_866' title='bbox 2616 5440 2951 5509; x_wconf 87' lang='lat' dir='ltr'><strong>loqueretur,</strong></span> <span class='ocrx_word' id='word_1_867' title='bbox 2981 5449 3088 5488; x_wconf 90' lang='lat' dir='ltr'><strong>non</strong></span> <span class='ocrx_word' id='word_1_868' title='bbox 3114 5430 3279 5488; x_wconf 84' lang='lat' dir='ltr'><strong>facile</strong></span> <span class='ocrx_word' id='word_1_869' title='bbox 3303 5429 3502 5500; x_wconf 84' lang='lat' dir='ltr'><strong>quibus</strong></span> 
     </span>
    </p>
   </div>
   <div class='ocr_carea' id='block_1_115' title="bbox 1941 5523 3504 5605">
    <p class='ocr_par' dir='ltr' id='par_1_115' title="bbox 1941 5523 3504 5605">
     <span class='ocr_line' id='line_1_115' title="bbox 1941 5523 3504 5605; baseline -0.009 -14"><span class='ocrx_word' id='word_1_870' title='bbox 1941 5537 2056 5591; x_wconf 75' lang='lat' dir='ltr'><strong>vnit</strong></span> <span class='ocrx_word' id='word_1_871' title='bbox 2087 5536 2165 5590; x_wconf 90' lang='lat' dir='ltr'><strong>uti</strong></span> <span class='ocrx_word' id='word_1_872' title='bbox 2199 5543 2395 5605; x_wconf 72' lang='lat' dir='ltr'><strong>porest.</strong></span> <span class='ocrx_word' id='word_1_873' title='bbox 2426 5531 2637 5595; x_wconf 82' lang='lat' dir='ltr'><strong>Etenim</strong></span> <span class='ocrx_word' id='word_1_874' title='bbox 2666 5525 3056 5595; x_wconf 87' lang='lat' dir='ltr'><strong>occupationes</strong></span> <span class='ocrx_word' id='word_1_875' title='bbox 3097 5538 3194 5595; x_wconf 89' lang='lat' dir='ltr'><strong>pro</strong></span> <span class='ocrx_word' id='word_1_876' title='bbox 3225 5523 3504 5593; x_wconf 86' lang='lat' dir='ltr'><strong>republica</strong></span> 
     </span>
    </p>
   </div>
   <div class='ocr_carea' id='block_1_116' title="bbox 1942 5614 3506 5695">
    <p class='ocr_par' dir='ltr' id='par_1_116' title="bbox 1942 5614 3506 5695">
     <span class='ocr_line' id='line_1_116' title="bbox 1942 5614 3506 5695; baseline -0.01 -13"><span class='ocrx_word' id='word_1_877' title='bbox 1942 5635 2179 5682; x_wconf 86' lang='lat' dir='ltr'><strong>mentem</strong></span> <span class='ocrx_word' id='word_1_878' title='bbox 2210 5625 2326 5695; x_wconf 83' lang='lat' dir='ltr'><strong>ejus</strong></span> <span class='ocrx_word' id='word_1_879' title='bbox 2358 5626 2423 5678; x_wconf 87' lang='lat' dir='ltr'><strong>ad</strong></span> <span class='ocrx_word' id='word_1_880' title='bbox 2471 5636 2529 5676; x_wconf 90' lang='lat' dir='ltr'><strong>se</strong></span> <span class='ocrx_word' id='word_1_881' title='bbox 2565 5619 2923 5684; x_wconf 86' lang='lat' dir='ltr'><strong>retrahentes,</strong></span> <span class='ocrx_word' id='word_1_882' title='bbox 2959 5617 3222 5687; x_wconf 85' lang='lat' dir='ltr'><strong>quasique</strong></span> <span class='ocrx_word' id='word_1_883' title='bbox 3262 5614 3506 5671; x_wconf 79' lang='lat' dir='ltr'><strong>vinctum</strong></span> 
     </span>
    </p>
   </div>
   <div class='ocr_carea' id='block_1_117' title="bbox 1942 5710 3504 5789">
    <p class='ocr_par' dir='ltr' id='par_1_117' title="bbox 1942 5710 3504 5789">
     <span class='ocr_line' id='line_1_117' title="bbox 1942 5710 3504 5789; baseline -0.01 -16"><span class='ocrx_word' id='word_1_884' title='bbox 1942 5718 2178 5789; x_wconf 85' lang='lat' dir='ltr'><strong>aliquem</strong></span> <span class='ocrx_word' id='word_1_885' title='bbox 2222 5715 2427 5789; x_wconf 85' lang='lat' dir='ltr'><strong>pedicis</strong></span> <span class='ocrx_word' id='word_1_886' title='bbox 2461 5712 2914 5781; x_wconf 79' lang='lat' dir='ltr'><strong>constringentes,</strong></span> <span class='ocrx_word' id='word_1_887' title='bbox 2952 5715 3205 5766; x_wconf 83' lang='lat' dir='ltr'><strong>accurate</strong></span> <span class='ocrx_word' id='word_1_888' title='bbox 3239 5710 3504 5772; x_wconf 87' lang='lat' dir='ltr'><strong>detinent,</strong></span> 
     </span>
    </p>
   </div>
  </div>
