3920 6200
310 244 414 308 533

1674 248 1962 312 ORATIO
1999 248 2136 315 VII.

307 371 423 410 οντι
452 373 467 387 '
494 356 591 411 καὶ
615 356 649 427 ἡ
664 355 864 425 κτῆσίς
887 371 949 425 γε
977 357 1151 427 αὐτῆς
1199 358 1464 428 χαρίεσσά
1510 375 1596 425 τις
1647 360 1887 428 ,γίνηται

1997 361 2155 416 nibus
2189 361 2447 434 indiget);
2471 363 2564 418 sed
2594 371 2651 417 nt
2697 362 2808 418 lilio
2855 365 3018 419 chara
3060 366 3170 430 liat,
3203 366 3314 420 visa
3349 380 3396 419 et
3437 365 3553 433 pul-

310 448 407 501 καὶ
436 450 632 520 ήδίστη
659 450 748 502 διὰ
775 451 875 519 την
912 450 1055 520 μετὰ
1080 450 1323 519 σπουδῆς
1356 451 1594 523 ζήτησιν
1614 466 1627 479 ‘
1658 454 1752 508 καὶ
1785 473 1888 525 φυ-

308 539 481 611 λαχθῇ
501 540 816 607 φιλοπόνως
846 541 956 595 τῶν
976 542 1290 612 είρημένων
1317 543 1482 597 ἕνεκα
1516 544 1754 600 πάντων.
1779 543 1887 598 Τοῦ

310 627 420 698 τὰρ
448 628 527 690 ὥς
573 629 766 699 ἔτυχεν
821 630 1145 701 εὑρεθέντος
1173 628 1296 686 οὐδὲ
1348 634 1485 688 πολύ
1523 652 1577 697 τι
1633 635 1887 706 δάκνονῇ

311 718 620 789 λυπηρδνὴ
658 720 919 792 στέρησις
963 722 1313 791 καθίσταται,
1335 726 1384 779 εί
1429 726 1523 780 καὶ
1554 727 1690 796 ταχὺ
1725 744 1891 798 μετα-

316 810 500 879 σταίη,
523 811 635 878 ὅγε
669 811 767 866 καὶ
798 811 1012 882 σνχνῶς
1040 813 1190 881 φιλεῖ
1222 815 1530 883 γίγνεσθαι.
1572 816 1693 871 Κᾶν
1827 818 1889 872 τὸ

312 902 502 973 κτῆμα
551 906 951 975 πνευματικὸν,
983 907 1193 976 πτηνοῦ
1241 925 1388 972 τινος
1426 910 1584 979 δίκην
1628 910 1890 975 πολλάκις

315 995 616 1065 ἀφίπταται
646 997 745 1065 τῆς
767 997 972 1070 ψυχῆς,
1001 1002 1095 1081 καὶ⁵
1122 1001 1243 1055 οὐδὲ
1276 1003 1593 1058 αίσθάνεται
1621 1006 1649 1057 ὁ
1678 1006 1752 1076 μὴ
1790 1006 1889 1059 σὺν

317 1086 466 1155 πόθῳ
494 1088 862 1157 κτησάμενος,
889 1090 1069 1145 δεινόν
1096 1108 1150 1145 τι
1187 1091 1500 1155 πεπονθώς.
1552 1091 1654 1161 Είη
1695 1094 1751 1147 δέ
1805 1110 1889 1147 σοι

317 1177 392 1247 τῷ
420 1177 668 1250 φιλτάτῳ
687 1181 831 1234 κατά
854 1181 952 1245 τὰς
974 1182 1202 1252 ἐλπίδας
1226 1183 1459 1251 ὶκδῆναι
1484 1182 1553 1236 τὰ
1586 1184 1716 1253 παρ’
1732 1184 1889 1253 ήμῶν

315 1270 605 1340 εἰρημένα.
636 1273 748 1325 Καὶ
776 1274 825 1325 τί
851 1273 1113 1342 δόξαιμεν
1136 1276 1300 1345 ἡμεῖς
1331 1276 1471 1345 μήτε
1500 1275 1568 1329 τὰ
1589 1274 1775 1328 δέοντα
1803 1275 1892 1326 εῦ-

319 1363 542 1433 ρηκέναι
579 1365 708 1435 περὶ
739 1365 971 1434 ταυτησὶ
992 1366 1096 1436 τῆς
1146 1366 1283 1437 ὕλης
1344 1367 1542 1426 εἰπεῖν.
1580 1366 1715 1436 μήτε
1781 1366 1889 1436 μὴν

316 1456 383 1508 τὰ
420 1458 718 1527 εὑρεθέντα
766 1459 953 1521 καλῶς
1000 1459 1242 1529 ἁρμόσαι
1290 1460 1428 1536 πρὸς
1474 1459 1701 1529 ἄλληλα,
1754 1462 1889 1531 μήτε

318 1551 597 1618 εἰρηκέναι
614 1552 789 1605 ταῦτα
825 1552 921 1605 σὺν
952 1554 1169 1622 κόσμῳ,
1211 1552 1354 1606 ὥστε
1383 1553 1713 1624 ἐρρωμένως
1744 1552 1890 1622 ἔχειν

321 1640 403 1705 ίφ⁹
425 1634 507 1703 οἷς
528 1641 680 1693 πόλλ’
709 1642 982 1711 ἐμόγησα,
1028 1643 1353 1712 Ὁμηρικῶς
1385 1646 1560 1698 εἰπεῖν
1591 1660 1603 1673 ·
1630 1646 1693 1697 οὐ
1729 1647 1888 1714 μόνον

324 1732 512 1800 πράως
541 1735 783 1803 οἴσομεν,
811 1734 952 1788 ἀλλὰ
974 1735 1069 1789 καὶ
1101 1738 1263 1807 χάριν
1291 1738 1576 1805 ἀνοίσομεν
1597 1737 1674 1806 τῷ
1706 1738 1889 1791 τοιαύ-

325 1838 420 1889 την
450 1822 703 1877 δεδωκότι
736 1841 817 1878 σοι
877 1826 1062 1896 χάριν,
1116 1829 1193 1890 ὡς
1228 1828 1577 1898 ,ὠφελεῖσθαι
1627 1828 1889 1884 δύνασθαι

326 1916 675 1985 πανταχόθεν,
709 1918 803 1971 καὶ
839 1912 920 1982 οἷς
951 1920 1051 1973 οὐκ
1076 1919 1142 1973 ἂν
1170 1920 1378 1991 ἔτερος.
1399 1921 1560 1991 Ἥμῖν
1593 1922 1636 1975 δ’
1658 1921 1890 1976 ἐνταῦθα

324 2009 635 2076 γενομένοις
669 2011 763 2064 τοῦ
801 2012 963 2079 λόγου
1004 2013 1162 2077 όκνος
1201 2031 1286 2077 τις
1336 2015 1628 2086 ἐπέρχεται
1676 2018 1891 2088 θαυμα-

326 2100 467 2165 στὸς,
502 2104 595 2155 καὶ
620 2105 910 2175 ἀποπηδᾷ-θ
936 2108 1198 2174 παραινεῖ
1221 2108 1303 2169 είς
1345 2109 1446 2177 τὴν
1495 2110 1767 2181 ἡμετέραν
1794 2112 1890 2163 αὑ-

324 2194 428 2247 τῶν
454 2196 681 2266 δύναμιν
706 2198 974 2269 ἀφορῶσι,
1003 2201 1100 2253 καὶ
1126 2203 1186 2254 τὸ
1214 2201 1309 2254 τοῦ
1347 2203 1677 2273 πράγματος
1726 2205 1891 2274 μέγε-

322 2287 431 2350 θος.
500 2288 766 2343 Ἐνταῦθα
805 2292 913 2361 γὰρ
958 2293 1018 2345 τὸ
1084 2292 1347 2364 δυσχερὲς
1386 2295 1531 2349 οὕτω
1569 2297 1739 2351 νικῶν
1775 2301 1889 2351 ἐστι

324 2380 441 2447 μεθ’
469 2380 802 2451 ὑπερδολῆς,
835 2383 911 2443 ὡς
938 2383 1092 2436 οὐδὲν
1121 2383 1335 2454 ἕτερον.
1368 2385 1499 2440 Λύει
1527 2404 1585 2441 τε
1608 2389 1716 2457 γὰρ
1739 2389 1889 2441 τόνον

317 2469 517 2541 ψυχῆς,
548 2474 643 2525 καὶ
665 2478 850 2542 χαυνοῖ
878 2476 1003 2537 τοὺς
1026 2476 1346 2545 λογισμοὺς,
1379 2479 1473 2532 καὶ
1501 2480 1597 2551 τήν
1652 2480 1889 2537 διάνοιαν

318 2562 540 2616 ἔκλυτον
596 2565 910 2633 ἀποφαίνει.
955 2568 1049 2629 Τίς
1096 2568 1210 2639 γὰρ
1272 2568 1416 2622 οὕτω
1476 2574 1607 2635 παῖς
1655 2573 1887 2647 ὲστιν,ἢ

322 2653 510 2723 πόρῤω
569 2673 672 2710 που
717 2657 812 2710 τοῦ
872 2658 1084 2720 δέοντος
1134 2661 1241 2713 ὑπὸ
1291 2660 1524 2730 θράσους
1578 2664 1887 2720 άκαθὲκτου

318 2747 684 2816 παρασυμὶς,
720 2747 1023 2810 ὡςοῐεσθαι
1070 2748 1325 2816 γλῶτταν
1374 2751 1564 2819 γήϊνον
1618 2752 1697 2814 είς
1755 2751 1888 2819 ὕψος

314 2836 689 2906 ἀναϐήσεσθαι
712 2840 810 2906 τῆς
833 2838 1345 2912 ταπεινοφροσῦνης
1377 2842 1477 2907 ;Τί
1506 2841 1562 2895 δὲ
1594 2844 1688 2896 καὶ
1718 2843 1888 2897 εἰπὼν

316 2933 445 2999 περὶ
475 2931 682 3000 ταύτης
717 2931 861 2984 οὕτω
889 2933 1345 3004 μεγαλοπρεποῦς
1375 2934 1565 3004 οῦσης,
1588 2935 1757 3005 ἐγγύς
1784 2953 1885 2989 που

1991 454 2264 509 cherrima
2293 465 2387 521 ;et
2412 465 2703 525 quaeratur,
2739 456 2991 525 quoniam
3026 458 3189 510 chara
3224 457 3334 523 sit;
3362 464 3415 510 et
3440 470 3556 509 om-

1993 544 2123 599 nino
2151 546 2459 600 inveniatur
2488 547 2556 601 ab
2593 561 2681 613 eo,
2706 548 2951 603 studiose
2979 547 3119 601 hanc
3147 547 3437 617 lndagante
3462 568 3476 615 ;
3503 561 3558 603 et

1991 635 2255 703 acquisito
2283 635 2401 706 ejus
2427 644 2575 705 grata
2599 636 2669 691 sit
2698 646 2751 692 et
2779 638 3198 707 iucundissima,
3230 649 3449 708 propter
3478 645 3555 695 in-

1992 730 2344 799 dagationem
2393 731 2693 788 studiosam
2723 750 2736 797 ;
2783 742 2838 786 et
2871 731 3159 801 diligenter
3192 733 3552 799 custodiatur,

1990 832 2213 891 propter
2243 822 2425 877 omnia
2449 839 2592 879 nunc
2614 823 2873 878 indicata.
2896 822 3029 877 Nam
3060 823 3176 891 ejus
3200 825 3341 886 quod
3366 824 3558 880 inven-

1992 922 2106 969 tum
2153 924 2240 969 est
2292 912 2542 979 fortuito,
2596 929 2705 969 non
2746 915 3035 970 admodum
3074 914 3299 970 mordax
3339 926 3424 970 est
3464 923 3558 970 aut

1996 1004 2227 1059 molesta
2263 1005 2519 1073 privatio,
2560 1004 2776 1060 tametsi
2813 1005 3065 1059 celeriter
3098 1004 3380 1059 amittatur
3413 1005 3561 1073 quod

1993 1111 2126 1151 sane
2162 1095 2479 1161 frequenter
2528 1096 2646 1151 ﬁeri
2680 1096 2842 1152 solet.
2878 1098 2955 1151 Ac
2990 1095 3254 1165 siquidem
3285 1110 3372 1149 res
3395 1096 3557 1163 spiri-

1992 1186 2153 1241 tualis
2184 1185 2367 1252 fuerit,
2414 1188 2530 1242 avis
2560 1187 2733 1243 inetar
2772 1203 2838 1242 ex
2889 1186 3074 1241 animo
3108 1186 3303 1254 sapius
3335 1185 3554 1247 avolat;

1990 1277 2189 1346 quique
2214 1292 2321 1332 non
2355 1292 2473 1331 eam
2502 1294 2623 1332 cum
2650 1278 2923 1333 desiderio
2952 1277 3307 1347 comparavit,
3340 1291 3407 1330 ne
3433 1290 3557 1330 sen-

1994 1369 2059 1421 tit
2080 1367 2297 1437 quidem
2325 1368 2525 1436 aliquid
2551 1383 2718 1439 grave
2748 1370 2848 1423 sibi
2883 1369 3171 1424 accidisse.
3203 1367 3341 1435 Opto
3376 1376 3557 1420 autem

1992 1467 2049 1511 ιιι
2093 1458 2188 1513 tibi
2230 1458 2388 1527 longe
2420 1458 2551 1513 mihi
2590 1459 2934 1523 charissima,
2974 1474 3036 1512 ex
3071 1458 3237 1512 animi
3272 1468 3396 1512 voto
3430 1470 3558 1512 eve-

1992 1548 2143 1601 niant
2177 1563 2295 1617 qua:
2329 1564 2359 1603 a
2404 1550 2560 1603 nobis
2611 1548 2756 1604 dicta
2791 1558 2937 1605 sunt.
2984 1548 3093 1603 Nos
3134 1550 3351 1618 quidem
3382 1550 3425 1601 si
3456 1563 3561 1603 nec

1992 1639 2267 1694 invenisse
2312 1638 2619 1694 videbimur
2649 1654 2768 1710 qua:
2800 1641 2865 1695 de
2904 1640 3009 1695 hac
3046 1638 3274 1692 materia
3323 1639 3426 1692 dici
3460 1654 3560 1706 par

1990 1740 2133 1795 erat,
2169 1746 2268 1786 nec
2302 1732 2520 1787 inventa
2563 1743 2711 1787 recte
2743 1742 3179 1801 coagmentasse.
3210 1748 3309 1786 nec
3343 1746 3406 1785 ea
3433 1747 3555 1785 eum

1992 1823 2254 1892 dignitate
2285 1825 2763 1894 concinnitateqne
2793 1825 3139 1894 exposuisse,
3175 1824 3342 1878 robur
3370 1834 3431 1878 ut
3462 1823 3558 1876 ali-

1991 1912 2122 1981 quid
2159 1914 2396 1969 habeant
2444 1915 2677 1979 scilicet,
2728 1916 2799 1969 in‘
2818 1916 3015 1985 quibus
3049 1916 3297 1984 equidem
3332 1915 3557 1967 multum

1992 2005 2257 2071 laboravi,
2301 2018 2361 2061 ut
2399 1998 2689 2063 llomerico
2720 2008 2886 2062 verbo
2934 2018 3151 2061 utamur
3187 2025 3202 2061 :
3240 2023 3346 2061 non
3384 2007 3561 2062 solum

1995 2098 2047 2151 id
2078 2100 2360 2154 commode
2396 2100 2657 2164 feremus,
2680 2116 2867 2156 verum
2898 2101 3060 2155 etiam
3095 2100 3169 2154 illi
3208 2102 3439 2170 gratiam
3468 2102 3570 2153 ha-

1994 2189 2268 2256 bebimus,
2300 2191 2390 2261 qui
2420 2192 2579 2247 talem
2619 2192 2715 2247 tibi
2748 2191 3022 2247 concessit
3053 2193 3303 2262 gratiam,
3330 2201 3388 2245 ut
3413 2205 3561 2244 emo-

1994 2282 2294 2337 lumentum
2336 2284 2499 2338 rebus
2546 2300 2607 2339 ex
2650 2285 2900 2339 omnibus
2933 2299 3130 2350 capere
3169 2283 3369 2351 possis,
3417 2292 3471 2336 et
3498 2282 3564 2334 iis

1991 2376 2209 2445 quidem
2247 2378 2387 2432 unde
2416 2378 2548 2432 nihil
2576 2377 2665 2431 alii
2700 2377 2907 2432 fructus
2941 2378 3256 2433 accesserit.
3287 2375 3562 2431 Caaterunt

1995 2469 2300 2538 progressis
2331 2470 2484 2524 nobis
2506 2470 2571 2524 ad
2604 2470 2743 2525 hanc
2773 2471 3039 2525 orationis
3066 2479 3297 2539 partem,
3333 2468 3565 2524 formido

1992 2564 2235 2631 quaedam
2264 2562 2601 2619 admirabilis
2627 2579 2687 2619 se
2709 2563 2892 2630 oﬂ‘ert,
2919 2562 3182 2633 quasique
3211 2560 3564 2617 resiliendum

1990 2656 2060 2710 ab
2082 2656 2333 2711 instituto
2366 2666 2574 2722 monet,
2608 2658 2878 2727 siquidem
2910 2665 2965 2710 et
2996 2657 3137 2710 vires
3168 2666 3383 2709 nostras
3408 2664 3457 2707 et
3486 2650 3568 2703 rei

1998 2750 2423 2818 magnitudinem
2461 2759 2709 2817 spectare
2734 2749 2988 2805 velimus.
3019 2747 3227 2817 Quippe
3260 2755 3406 2800 tanta
3431 2743 3568 2798 ditii-

1991 2837 2167 2892 cultas
2201 2836 2291 2890 hic
2322 2839 2622 2906 nimiopere
2656 2848 2849 2904 regnat
2889 2846 3092 2906 quanta
3118 2837 3203 2890 vix
3236 2836 3339 2889 alia
3378 2834 3562 2889 fuerit.

1990 2928 2126 2983 Nam
2164 2938 2220 2985 et
2265 2929 2432 2983 animi
2461 2932 2866 2985 contentionem
2902 2930 3066 2993 laxat,
3118 2936 3173 2983 et
3208 2926 3568 2997 cogitationes

311 3023 410 3076 τοῦ
440 3027 814 3095 προσήκοντος
843 3027 1130 3099 είρηκέναι
1150 3027 1293 3094 δόξει
1319 3044 1336 3093 ;
1391 3028 1557 3084 Οὐδὲν
1592 3030 1701 3101 γάρ
1733 3025 1891 3100 οἴμαι

2001 3021 2224 3090 frangit,
2261 3031 2315 3077 et
2366 3032 2603 3077 mentem
2652 3022 2960 3092 languidam
3014 3019 3217 3076 reddit.
3248 3019 3379 3085 Quis
3418 3021 3566 3071 enim

316 3121 541 3188 σεμνὸν,
575 3120 607 3189 ἦ
635 3121 801 3190 μέγα,
830 3122 864 3192 ἢ
899 3122 1174 3193 λαμπρὸν,
1216 3123 1336 3191 μεθ’
1364 3124 1496 3194 ὅσης
1545 3123 1769 3177 δύναταί
1810 3141 1893 3186 τις

314 3212 626 3280 ὑπερϐολῆς
664 3214 863 3278 εἰπεῖν,
887 3214 915 3266 ὃ
950 3214 1025 3285 μὴ
1044 3214 1113 3268 ἂν
1140 3216 1281 3287 πρὸς
1307 3216 1624 3270 τούναντίον
1659 3218 1891 3286 περιστῇ

308 3303 392 3372 τῷ
420 3303 733 3373 βουλομένῳ
747 3304 953 3375 ταύτην
972 3310 1224 3375 κοσμεῖν.
1254 3307 1350 3376 τὴν
1377 3308 1586 3378 ἀέριον,
1614 3307 1714 3373 τὴν
1744 3308 1894 3361 αἰθέ-

313 3413 457 3466 ριον,
493 3396 591 3465 τὴν
619 3397 896 3464 οὐράνιον,
928 3397 1029 3464 τὴν
1070 3398 1494 3468 ὑπερουράνιον,
1533 3399 1636 3467 τὴν
1677 3400 1734 3451 ὲν
1784 3402 1895 3463 τοῖς

308 3487 539 3549 κόλποις
578 3486 674 3539 τοῦ
718 3488 931 3554 Πλτρδς
958 3487 1054 3540 νῦν
1078 3488 1358 3553 οἰκοῦσαν,
1407 3489 1566 3558 εἴπερ
1623 3491 1652 3542 ό
1705 3490 1896 3562 Σωτὴρ

308 3581 468 3648 ἡμῖν,
517 3581 545 3632 ό
588 3579 862 3648 θησαυρὸς
916 3580 1135 3649 ἐκείνης
1196 3579 1437 3650 ἁπάσης,
1500 3582 1895 3652 ὑπερουράνιος

313 3670 558 3742 ἀληθῶς,
592 3672 688 3724 καὶ
712 3673 770 3724 ὲν
793 3672 908 3734 τοῖς
932 3674 1030 3725 τοῦ
1062 3674 1276 3743 Πατρός
1305 3674 1425 3725 ἐστι
1458 3673 1702 3734 κόλποις.
1738 3674 1896 3726 Ἐστι

314 3764 425 3834 γὰρ
467 3767 618 3816 πᾶσα
662 3763 902 3833 ἀνάγκη,
930 3765 1178 3835 ὅπουπερ
1208 3766 1275 3819 ἂν
1305 3766 1333 3818 ὁ
1360 3766 1595 3834 Χριστὸς
1627 3766 1736 3835 εἴη,
1778 3766 1898 3819 ἐκεῖ

315 3857 411 3907 καὶ
433 3854 648 3926 ταῦτην
672 3850 816 3909 εῖναι
844 3854 1134 3926 διηνεκῶς.
1171 3856 1279 3909 Καὶ
1302 3851 1371 3925 ἦν
1408 3856 1606 3925 ἀμέλει
1636 3859 1694 3909 ὲν
1747 3857 1897 3927 αὐτῷ

314 3950 341 3999 ὁ
370 3947 583 4016 ταύτης
609 3946 747 4016 ἔρως
795 3947 1094 4016 ὑπερφυῶς
1140 3948 1233 4000 καὶ
1276 3947 1382 4015 πρὸ
1429 3947 1526 4000 τοῦ
1577 3947 1701 4001 καθ’
1749 3949 1898 4018 ἡμᾶς

314 4041 527 4093 ἐκεῖνον
552 4038 831 4107 γενέσθαι.
869 4040 931 4093 Ei
957 4039 1034 4109 μὴ
1069 4039 1177 4107 γὰρ
1208 4036 1369 4091 τοῦτο
1417 4037 1637 4110 ἀληθὲς,
1684 4040 1783 4093 οὐκ
1831 4040 1898 4092 ἂν

315 4132 481 4194 αὐτὸς
506 4133 643 4201 ἡμῖν
671 4130 985 4201 ἐπεδήμησε
1018 4132 1160 4201 μετὰ
1184 4132 1281 4199 τῆς
1306 4132 1530 4201 σαρκὸς,
1572 4131 1764 4194 κλίνας
1798 4132 1899 4200 μὲν

316 4220 445 4281 τοὺς
472 4219 946 4288 οὐρανοὺς,κατὰ
1002 4219 1094 4271 τὸν
1151 4220 1461 4290 προφήτην,
1524 4221 1793 4290 μηδαμῶς
1841 4222 1897 4273 δὲ

2000 3116 2134 3168 adeo
2162 3129 2295 3183 puer
2313 3124 2418 3181 est,
2440 3115 2520 3168 vel
2540 3113 2727 3169 ell‘reni
2745 3116 2977 3184 quadam
3002 3113 3227 3168 audacia
3254 3122 3359 3166 tam
3382 3111 3571 3179 procul

1999 3217 2150 3261 extra
2187 3208 2373 3263 decori
2398 3208 2600 3263 limites
2630 3207 2907 3276 abreptus,
2941 3215 3000 3262 ut
3027 3206 3267 3276 linguam
3291 3213 3566 3259 terrenam

1997 3297 2064 3352 ad
2111 3298 2433 3353 humilitatis
2470 3297 2859 3353 sublimitatem
2893 3309 3322 3352 eonscensuram
3360 3293 3567 3364 putet?

1998 3390 2254 3460 quidnam
2278 3390 2345 3447 de
2366 3390 2467 3445 ltae
2491 3390 2543 3446 in
2570 3390 2809 3446 medium
2843 3391 3145 3459 proterens,
3164 3403 3282 3455 quae
3304 3401 3435 3441 sane
3460 3398 3574 3440 tam

2000 3482 2284 3552 magniﬁca
2303 3491 2488 3547 est,ex
2507 3483 2770 3554 dignitate
2788 3482 2992 3537 dixisse
3008 3481 3275 3536 videbitur
3293 3479 3317 3533 ?
3332 3479 3464 3533 Nam
3491 3480 3576 3533 ni-

2001 3572 2096 3637 hil,
2125 3574 2338 3643 opinor,
2369 3581 2476 3628 tam
2510 3583 2821 3644 augustum,
2860 3573 2940 3628 vel
2969 3589 3253 3643 magnum,
3284 3572 3369 3627 vel
3393 3572 3575 3641 splen.-

2001 3666 2182 3721 didum
2228 3667 2325 3722 abs
2358 3683 2632 3737 quoquam
2668 3667 2774 3722 dici
2824 3677 3025 3736 potest,
3073 3665 3219 3736 quod
3257 3665 3308 3718 in
3344 3676 3572 3719 contra-

2001 3757 2140 3811 rium
2174 3774 2282 3813 non
2331 3761 2489 3813 cadat
2518 3760 2569 3813 ei
2610 3760 2700 3828 qui
2732 3758 2876 3812 hanc
2925 3772 3123 3812 ornare
3156 3757 3308 3823 velit,
3344 3758 3572 3821 aeriam,

2000 3850 2306 3914 tetheriatn,
2346 3851 2651 3916 cmlestetn,
2683 3851 2915 3906 ultracm
2938 3860 3133 3917 esteat,
3160 3850 3212 3904 itt
3242 3853 3367 3906 sinu
3397 3852 3599 3909 Patris.

2004 3958 2147 3996 nunc
2174 3943 2510 3998 habitantem
2547 3962 2561 3998 :
2592 3942 2860 4013 siquidem
2888 3944 3070 3998 omnis
3102 3945 3427 3998 humilitatis
3459 3945 3575 4000 the-

2001 4050 2219 4097 sanrus.
2263 4035 2525 4090 Servator
2556 4034 2647 4090 ille
2693 4045 2899 4099 noster,
2952 4051 3139 4090 revera
3187 4036 3576 4091 ultracaelestis

2001 4137 2109 4192 est,
2151 4128 2285 4183 etin
2323 4130 2445 4184 sinu
2474 4126 2654 4183 Patris
2681 4136 3077 4182 commoratur.
3113 4128 3323 4196 Quippe
3354 4144 3576 4183 necesse

2001 4230 2089 4276 est
2125 4220 2348 4275 omnino
2398 4228 2458 4275 ut
2492 4220 2803 4290 ubicunque
2838 4220 3092 4276 Cltrisms
3125 4231 3229 4286 est,
3283 4220 3478 4274 ibidem
3519 4231 3577 4273 et

314 4310 616 4382 χωρισθεὶς
642 4312 751 4365 τῶν
778 4311 1064 4380 πατρικῶν
1095 4311 1315 4364 κόλπων
1350 4327 1362 4340 ’
1398 4312 1509 4365 οὐδ’
1559 4312 1625 4366 ἂν
1652 4310 1891 4382 ὑπήνεγ-

2006 4310 2120 4365 hazc
2148 4319 2409 4378 perpetuo
2443 4310 2534 4364 sit.
2566 4309 2631 4365 Et
2658 4320 2777 4365 erat
2815 4311 2979 4366 dubio
3009 4312 3196 4379 procul
3232 4311 3437 4380 itt_ipso
3470 4314 3574 4367 hu-

317 4421 413 4456 κεν
444 4404 590 4472 ὑπὲρ
618 4404 774 4472 ήμῶν
803 4404 1043 4465 ἅπαντα,
1083 4403 1118 4457 ἃ
1144 4406 1239 4457 καὶ
1266 4406 1378 4467 τοῖς
1419 4403 1633 4466 δούλοις
1693 4404 1754 4455 οὐ
1804 4420 1899 4471 φο-

317 4497 481 4565 ρητά.
516 4496 674 4549 Ὥσθ’
700 4497 838 4566 ὅπερ
869 4492 1044 4560 εἶπον,
1078 4484 1480 4568 ὑπερουράῖηον
1522 4497 1900 4550 ἀποδέδεικται

316 4591 377 4640 τὸ
404 4589 598 4658 χρῆμα
627 4590 726 4657 τῆς
753 4586 1284 4658 ταπεινοφροσῦνης.
1309 4588 1481 4657 Δῆλον
1532 4590 1589 4642 δὲ
1636 4589 1732 4643 καὶ
1776 4590 1900 4644 κατ’

317 4683 526 4735 ἐκεῖνον
556 4684 646 4735 τὸν
674 4683 897 4752 τρόπον.
933 4682 1108 4753 ’Υπὲρ
1138 4683 1247 4754 γὰρ
1285 4683 1411 4745 τοὺς
1446 4682 1714 4752 οὐρανοὺς
1764 4690 1899 4738 ἀνα.

316 4774 614 4843 ὅεόηκυία,
640 4773 732 4825 τὸν
771 4773 1166 4843 ὑπερονράνιον
1225 4773 1299 4836 ὼς
1365 4775 1517 4843 ἡμᾶς
1566 4777 1849 4847 κατήγαγε
1879 4791 1894 4806 ο

320 4865 527 4934 μᾶλλον
556 4864 613 4917 δὲ
642 4864 793 4933 αὐτῷ
834 4862 1408 4935 συμπαρομαρτοῦσα,
1445 4865 1693 4936 ὅπουπερ
1745 4868 1894 4919 ὲκεί-

316 4969 427 5017 νος,
453 4951 705 5022 κάκείνη.
745 4952 911 5016 Birt;
960 4952 1059 5021 μὲν
1087 4948 1183 5005 οὖν
1228 4955 1555 5024 σκοπήσειεν
1623 4956 1890 5027 ἀκριὸῶς,

320 5046 413 5098 καὶ
444 5045 554 5099 ἀπὸ
577 5046 685 5100 τῶν
717 5044 1023 5116 προοιμίων
1058 5046 1235 5099 αὐτῶν
1262 5047 1486 5117 εὑρήσει
1533 5046 1740 5117 ταύτην
1768 5050 1892 5119 ἥτις

318 5140 456 5202 ἐστὶ,
476 5140 575 5191 καὶ
607 5141 686 5201 είς
712 5140 834 5192 οἷαν
863 5139 926 5207 γέ
957 5156 1078 5191 τινα
1098 5138 1197 5209 τὴν
1222 5139 1499 5210 ὑπεροχήν
1525 5140 1893 5211 ἀναϐέϐηκεν

318 5231 479 5297 ἡμεῖς
526 5230 582 5282 δὲ
625 5231 966 5301 μακρότερον
990 5234 1121 5303 περὶ
1150 5230 1323 5301 αὐτῆς
1356 5231 1456 5301 ἤδη
1504 5231 1775 5303 λέγωμεν,
1811 5234 1898 5287 ἵνα

318 5320 414 5370 καὶ
445 5320 531 5373 διὰ
554 5320 822 5374 πλειόνων
843 5322 1014 5390 αὐτὴν
1034 5322 1437 5391 κοσμήσαιμεν.
1467 5322 1542 5376 Τὸ
1558 5325 1664 5394 γὰρ
1681 5324 1897 5378 πλείοσι

322 5409 490 5477 φανὲν
512 5412 710 5481 μᾶλλον
737 5412 1009 5480 φιλεῖσθαι
1032 5412 1243 5466 δίκαιον
1270 5411 1472 5483 μᾶλλον
1509 5416 1601 5466 καὶ
1630 5414 1890 5483 φιλεῖται

1998 4401 2089 4471 jus
2131 4416 2287 4456 amor
2320 4402 2555 4457 eximius
2586 4403 2750 4457 etiam
2796 4404 3114 4472 priusquam
3167 4403 3339 4457 nostri
3375 4404 3574 4463 similis

2002 4495 2178 4551 ﬁeret.
2200 4494 2334 4549 Nam
2361 4497 2407 4550 si
2435 4497 2641 4565 absque
2666 4496 2768 4551 hoc
2798 4496 3013 4562 fuisset,
3036 4499 3102 4551 ad
3131 4512 3231 4553 nos
3258 4513 3382 4555 eum
3408 4512 3576 4552 carne

2001 4600 2110 4639 non
2148 4584 2409 4651 venisset,
2441 4586 2721 4642 inclinatis
2748 4588 2964 4655 quidem
2997 4588 3173 4653 cmlis,
3207 4589 3283 4642 uti
3316 4598 3466 4643 vates
3494 4590 3570 4643 Io-

2000 4678 2208 4747 quitur,
2245 4688 2299 4732 at
2331 4677 2481 4733 nullo
2512 4679 2674 4734 modo
2706 4682 2878 4748 patris
2909 4696 2938 4733 a
2974 4686 3096 4736 sinu
3128 4682 3369 4747 avulsus,
3402 4698 3579 4752 neth

2004 4784 2101 4838 pro
2127 4769 2287 4825 nobis
2320 4771 2503 4825 omnia
2529 4771 2865 4839 pertulisset,
2891 4788 2989 4829 nec
3014 4773 3301 4844 mancipiis
3332 4774 3573 4828 toleran-

2003 4861 2092 4915 da.
2135 4862 2256 4927 Quo
2304 4862 2363 4917 [it
2401 4873 2459 4917 ut
2495 4863 2887 4930 humilitatem,
2938 4881 3039 4921 ceu
3075 4866 3281 4921 dictum
3318 4879 3421 4930 est,
3464 4883 3576 4924 re-u

2003 4953 2284 5009 calestem
2332 4969 2475 5023 esse,
2521 4958 2593 5012 sit
2640 4957 3288 5029 demonstratum;un
3336 4975 3469 5017 sane
3495 4962 3576 5013 vel

2004 5046 2107 5102 hoc
2137 5048 2300 5102 etiam
2340 5050 2503 5106 modo
2541 5051 2889 5121 perspicuum
2927 5066 3032 5110 est.
3063 5051 3198 5107 Nam
3230 5054 3396 5109 caelos
3434 5053 3577 5121 ipsos

2000 5154 2380 5210 supergressa,
2414 5143 2552 5197 ultra
2578 5144 2857 5199 caelestem
2890 5144 3042 5198 illum
3076 5144 3143 5198 ad
3187 5159 3285 5199 nos
3314 5144 3573 5206 deduxit,

2000 5233 2081 5284 vel
2120 5234 2300 5301 potius
2343 5236 2618 5289 comitans
2663 5252 2809 5302 eum,
2857 5235 3170 5303 ubiCunque
3200 5235 3411 5289 scilicet
3461 5237 3573 5303 ipse

1994 5326 2100 5387 eet,
2119 5322 2316 5376 ibidem
2339 5332 2393 5377 et
2416 5318 2727 5394 ipsa.'Quod
2748 5324 2792 5378 si
2818 5323 2940 5392 quis
2963 5332 3214 5377 accurate
3233 5338 3343 5375 rem
3363 5333 3575 5389 specta-

2006 5414 2167 5477 verit,
2205 5416 2274 5467 de
2303 5416 2434 5485 ipsis
2462 5417 2720 5475 exordiis,
2746 5430 2994 5483 quietiam
3036 5416 3147 5468 bzec
3176 5415 3272 5471 sit.
3307 5416 3573 5478 htvcniet,

324 5512 379 5556 et
411 5505 624 5571 qualem
664 5504 732 5557 ad
780 5496 1129 5560 eminentiam
1164 5505 1494 5561 ascenderit.
1546 5505 1655 5562 Nos
1699 5518 1880 5562 autem
1925 5506 2186 5571 prolixius
2218 5510 2287 5561 de
2330 5523 2392 5561 ea
2428 5522 2571 5561 nunc
2618 5509 2974 5571 disseramus,
3005 5515 3063 5558 ut
3127 5508 3375 5575 pluribus
3447 5523 3567 5565 eam

326 5611 621 5665 ornetnus;
657 5600 802 5667 quod
833 5599 977 5654 enim
1003 5600 1250 5670 pluribus
1278 5610 1503 5670 apparet
1538 5602 1732 5657 merito
1772 5604 2124 5673 diligendum,
2174 5601 2347 5667 magis
2385 5602 2549 5656 etiam
2575 5602 2845 5671 diligitur.

398 5691 473 5746 Τδ
504 5692 644 5749 θεῖον
676 5694 857 5751 τοίνυν
889 5698 980 5753 καὶ
1010 5696 1590 5769 πολυύμνητονχρῆμα
1620 5700 1652 5769 ή
1694 5716 1884 5753 ταπει-

2066 5697 2355 5756 llutnilitas
2378 5713 2527 5768 ergo,
2560 5700 2803 5756 divinum
2833 5699 3086 5772 quiddam
3105 5701 3399 5773 multisque
3432 5703 3569 5759 cele-

3452 253 3597 316 sat
3703 331 3719 339 δ
