3848 6196
384 154 487 215 535

380 272 593 325 bratum
627 270 896 333 laudibus,
929 268 1071 322 nulla
1105 281 1209 321 non
1229 274 1383 337 parte
1413 277 1636 325 venusta
1665 271 1944 326 etincom-
1973 266 2022 326 Α

381 362 606 431 parabili
639 376 759 417 cum
794 358 1193 428 pulchritudine
1218 358 1565 422 circumiens,
1586 375 1774 415 omnes
1788 361 1854 414 ad
1884 374 1943 415 se

382 450 669 519 pertrahit,
695 457 746 504 et
774 449 825 501 in
854 462 1095 503 amorem
1130 448 1213 501 sui
1244 447 1448 516 pellicit
1495 448 1763 519 prudente
1815 465 1945 519 qua-

384 544 507 597 dam
537 556 656 596 cum
689 538 923 604 insania,
955 540 1083 594 licet
1113 539 1215 594 ista
1242 540 1350 595 duo
1375 540 1661 607 vocabula,
1718 555 1945 610 prorsus

380 631 606 687 invicem
638 628 738 683 sibi
769 628 1070 693 contraria,
1103 630 1252 684 coire
1281 644 1386 684 non
1419 645 1578 699 posse
1606 632 1887 687 videantur
1926 649 1943 699 ;

379 722 521 792 quod
558 721 811 790 equidem
840 722 1036 790 Opinor
1064 721 1285 776 minime
1310 722 1504 777 mirum
1530 723 1699 778 videri
1728 723 1947 787 debere,

383 828 505 867 nam
535 813 758 867 omnino
783 814 1061 882 complura
1097 814 1149 867 in
1179 812 1301 877 hac,
1328 828 1445 881 qua:
1494 829 1791 884 repugnare
1841 813 1946 869 sibi

381 905 658 970 ridentur,
693 914 912 969 coeunt,
946 904 1088 958 sicut
1107 914 1160 958 et
1182 905 1234 959 in
1267 904 1356 960 illo
1382 905 1513 959 vitio
1539 906 1679 974 quod
1701 906 1828 960 huic
1849 906 1947 958 ad-

382 1011 599 1050 versum
633 1006 738 1060 est,
773 996 1025 1049 nimirum
1068 996 1119 1049 in
1152 994 1408 1050 elatione.
1427 995 1633 1064 Quippe
1685 993 1947 1050 vocabulo

384 1089 601 1155 quidem
633 1098 787 1145 tenus
816 1089 930 1142 haec
952 1086 1196 1143 sublimis
1216 1096 1316 1152 est,
1349 1101 1468 1141 cum
1498 1086 1631 1141 nihil
1663 1100 1725 1141 ea
1755 1087 1829 1141 sit
1849 1085 1951 1138 hu-

388 1177 567 1230 milius
595 1191 696 1231 nec
726 1177 895 1246 magis
950 1176 1167 1231 allixum
1216 1178 1401 1239 humo,
1444 1175 1876 1245 quandoquidem
1896 1184 1950 1229 et

391 1266 604 1320 illorum
636 1268 832 1334 quibus
861 1266 1011 1320 adest
1043 1266 1255 1320 animos
1288 1265 1477 1330 dejicit
1501 1275 1553 1319 et
1577 1270 1643 1318 ad
1696 1266 1941 1320 intimum

387 1373 556 1428 usque
587 1358 901 1412 barathrum
924 1357 1155 1427 ablegat.
1187 1358 1398 1411 Indicio
1425 1369 1553 1412 sunt
1581 1371 1642 1412 ea
1671 1371 1790 1427 qua:
1814 1356 1952 1410 Pha-

389 1451 605 1507 risreum
648 1448 796 1503 illum
839 1450 1217 1515 deturbavere,
1261 1463 1528 1518 perpauca
1578 1464 1707 1504 sane
1763 1448 1946 1511 verba,

386 1541 680 1608 gratiarum
706 1540 920 1609 quidem
947 1542 1217 1595 actionem
1250 1554 1376 1609 erga
1401 1539 1567 1595 Deum
1590 1539 1950 1603 continentia,

386 1639 606 1700 propter
637 1646 756 1686 eam
784 1632 1040 1687 virtutem
1074 1647 1178 1702 qua
1218 1632 1477 1701 praeditus
1517 1641 1682 1697 esset,
1713 1633 1806 1688 sed
1860 1631 1951 1686 iti-
1984 1605 2028 1662 Β

386 1724 504 1778 dem
538 1733 593 1778 et
622 1725 837 1792 superbi
866 1725 1142 1793 quidpiam
1176 1726 1610 1793 complectentis,
1641 1726 1782 1793 quod
1818 1725 1952 1779 tacic

388 1825 439 1867 te
468 1817 726 1886 mistum(
760 1820 837 1870 uti
876 1818 996 1882 quis
1020 1818 1217 1872 dixerit
1246 1818 1265 1887 )
1300 1818 1596 1887 gratiarum
1634 1818 1744 1874 illis
1780 1818 1952 1872 actio-

389 1908 547 1962 nibus
577 1909 747 1976 :rquis
786 1917 840 1962 et
884 1908 1043 1977 jnstis
1093 1919 1261 1964 esset.
1304 1909 1576 1964 Modesti»
1631 1924 1761 1965 vero
1811 1910 1957 1964 inest

388 1997 605 2064 quidem
636 1997 810 2065 ipsum
847 2011 1043 2050 nomen
1066 1998 1417 2063 humilitatis,
1454 2013 1560 2067 qua
1591 1999 1955 2068 appellatione

388 2088 518 2153 quid
545 2102 665 2142 esse
695 2088 981 2142 demissius
1005 2089 1332 2158 potest?sed
1360 2092 1411 2145 in
1431 2092 1649 2146 sublimi
1678 2092 1952 2156 habitans,

390 2178 617 2232 suscitat
642 2179 708 2232 de
744 2180 1139 2247 terrainopem,
1171 2182 1344 2251 deque
1370 2192 1611 2239 stercore
1662 2196 1953 2253 pauperem

390 2269 568 2334 erigit.
594 2268 770 2336 Atque
796 2270 920 2323 huic
951 2270 1185 2325 orationi
1206 2287 1336 2326 mea:
1358 2272 1664 2329 testimonio
1686 2281 1788 2340 est,
1810 2271 1955 2342 quod

388 2360 679 2427 publicano
708 2361 974 2415 divinitus
1003 2362 1247 2431 contigit.
1309 2361 1488 2429 Quare
1538 2365 1620 2419 vel
1675 2363 1953 2419 insanissi-

392 2465 510 2503 mus
539 2466 694 2505 amor
724 2453 775 2505 in
807 2454 906 2507 hac
935 2462 990 2506 ut
1021 2468 1232 2509 summa
1271 2469 1392 2511 cum
1446 2455 1733 2525 prudentia
1778 2465 1955 2520 coeat,

394 2544 509 2598 ﬁeri
536 2551 727 2612 potest.
760 2542 893 2597 Nam
920 2560 1037 2612 quae
1066 2544 1117 2599 in
1151 2559 1212 2601 ea
1245 2556 1374 2601 sunt
1395 2547 1598 2611 omnia,
1628 2546 1780 2616 quasi
1816 2560 1954 2601 nova

392 2635 753 2688 et-hominum
780 2635 849 2690 ab
878 2635 1134 2704 Opinione
1156 2638 1502 2694 abhorrentia
1524 2639 1790 2693 videntur.
1812 2637 1954 2704 Quin

393 2735 446 2780 et
475 2728 574 2781 hoc
600 2742 794 2781 novum
827 2729 1081 2796 quiddam
1107 2744 1226 2784 esse
1252 2730 1506 2784 arbitror.
1536 2730 1668 2784 Cum
1687 2730 1826 2785 enim
1844 2731 1957 2785 haec

395 2816 445 2867 in
484 2815 549 2867 iis
578 2817 771 2882 quibus
803 2816 965 2869 chara
992 2827 1097 2881 est,
1135 2818 1178 2869 si
1210 2819 1428 2886 quidem
1462 2818 1650 2883 velint,
1680 2820 1955 2874 exsistere

392 2906 586 2974 soleat,
613 2907 946 2961 contrarium
969 2908 1042 2961 illi
1059 2909 1244 2962 vitium
1268 2909 1512 2965 nolentes
1531 2918 1779 2980 occupat,
1799 2916 1958 2979 quot-

395 3007 611 3066 quoteo
643 2998 910 3052 laborant.
936 2998 1147 3069 Quippe
1179 3008 1387 3055 tantum
1423 3002 1575 3056 abest
1597 3012 1654 3054 ut
1702 3001 1754 3055 id
1804 3003 1959 3059 nobis

395 3091 571 3143 inesse
596 3089 840 3154 velimus,
871 3098 931 3144 ut
960 3091 1119 3143 etiam
1149 3100 1391 3148 extrema
1421 3106 1521 3145 nos
1544 3091 1683 3146 allici
1712 3101 1960 3161 putemus

396 3182 613 3251 injuria,
652 3182 693 3235 si
719 3183 840 3251 quis
869 3182 1135 3252 superbia:
1172 3197 1271 3239 nos
1306 3182 1521 3237 deditos
1567 3184 1731 3238 dicat.
1796 3183 1958 3237 Caetev

396 3291 515 3328 rntn
562 3276 762 3329 volenti
803 3275 936 3328 mihi
987 3275 1053 3329 de
1116 3275 1538 3345 proprietatibus
1599 3276 1759 3347 hujus
1798 3277 1961 3330 etiam

399 3370 663 3438 prolixius
692 3369 987 3434 disserere,
1022 3369 1164 3439 quod
1198 3369 1337 3424 istuc
1384 3380 1600 3439 qquue
1669 3369 1963 3425 convenire

397 3460 594 3513 dicenti
626 3460 690 3513 de
720 3458 1024 3513 humilitate
1053 3459 1350 3524 videretur,
1387 3460 1604 3514 interim
1654 3460 1759 3515 alia
1819 3475 1965 3529 qure-

397 3554 518 3605 datn
552 3552 616 3605 ad
641 3552 878 3604 animum
906 3551 1103 3605 accidit
1128 3550 1404 3620 cogitatio,
1473 3565 1594 3618 qua:
1622 3551 1807 3618 potior
1846 3565 1966 3605 esse

398 3644 510 3696 visa
543 3641 660 3696 fuit.
694 3641 901 3711 Quippe
931 3641 1255 3710 cogitabam,
1279 3656 1389 3696 non
1422 3642 1810 3696 instituendam
1833 3656 1957 3696 esse

1986 2945 2029 3003 C

399 3736 466 3787 de
490 3735 591 3787 hoc
618 3733 747 3787 vitio
774 3731 1071 3799 longiorem
1090 3732 1551 3797 orationem,cum
1578 3732 1766 3800 paucis
1791 3731 1966 3787 ollicio

399 3823 709 3877 satisfacere
736 3821 912 3877 liceat.
943 3821 1155 3887 Etenim
1185 3823 1307 3876 dum
1340 3822 1703 3877 laudationem
1752 3823 1969 3877 humili—

403 3916 531 3968 tatis
558 3916 917 3980 conteximus,
952 3915 1204 3969 elationis
1243 3930 1461 3985 quoque
1514 3916 1967 3985 vituperationem

402 4009 730 4076 perlicitnns.
778 4006 911 4060 Nam
948 4024 1069 4061 cum
1102 4008 1184 4061 hae
1223 4007 1323 4061 sibi
1376 4019 1671 4077 repugnent
1713 4008 1966 4075 invicem,

400 4100 561 4153 etiam
593 4100 945 4169 repugnantia
966 4108 1092 4152 sunt
1119 4099 1185 4151 de
1212 4099 1277 4152 iis
1319 4112 1436 4167 quae
1465 4099 1738 4151 dicuntur.
1796 4095 1965 4152 Unam

399 4193 544 4246 enim
573 4207 786 4255 ornare,
824 4191 1033 4258 probris
1062 4200 1142 4244 est
1173 4192 1398 4245 alteram
1429 4190 1664 4244 allicere.
1706 4188 1970 4243 Similiter

1581 152 1969 217 MANUELIS
2022 155 2461 217 PALEOLOGI

3464 160 3566 230 536

2049 269 2384 340 νοφροσύνη,
2413 268 2744 339 πολλαχόθεν
2775 268 2909 323 οὖσα
2931 271 3150 341 κοσμία,
3200 274 3289 325 καλ⁵
3325 273 3415 326 σὺν
3435 273 3568 345 ἀμη.

2047 362 2193 432 χάνῳ
2253 361 2442 415 κάλλει
2499 362 2809 431 περιιοῦσα,
2868 362 3005 433 πρὸς
3066 362 3263 433 ἑαυτὴν
3308 365 3574 431 ἐφέλκεται

2047 460 2278 523 πάντας,
2309 458 2406 510 καὶ
2430 459 2663 510 ποιεῖται
2692 455 2899 524 ἑαυτῆς
2921 456 3154 525 ἐραστὰς
3210 457 3344 524 μετὰ
3392 457 3573 523 μανίας

2049 548 2345 615 σώφρονος,
2375 549 2431 601 et
2450 552 2542 601 καὶ
2569 547 2645 600 τὼ
2665 547 2901 615 ὀνόματε
2951 547 3143 608 τούτω.
3206 547 3323 600 ὅντε
3374 549 3576 601 ἐναντίω

2048 636 2324 703 καθάπαξ,
2353 637 2501 711 δοκεῖ
2534 637 2611 709 μὴ
2639 638 2903 693 δύνασθαι
2931 640 3227 694 συνελθεῖν.
3268 641 3374 693 Καὶ
3411 641 3586 708 τοῦτο,

2049 726 2222 799 οἶμαι,
2246 730 2308 783 οὐ
2340 730 2445 800 χρὴ
2473 729 2800 800 θαυμάζειν.
2856 731 3038 785 Πολλὰ
3077 731 3186 801 γὰρ
3238 732 3446 793 πάντως
3502 733 3580 785 ἐπ’

2050 822 2188 892 αὐτῇ
2225 822 2293 876 τὰ
2345 822 2686 875 ἀντικεῖσθαι
2713 821 2973 876 δοκοῦντα
3005 822 3315 892 συνέρχεται
3344 839 3358 854 ’
3409 820 3580 891 ὥσπερ

2051 914 2150 966 καὶ
2175 915 2240 983 τῇ
2272 912 2411 983 πρὸς
2430 913 2603 983 αὐτὴν
2629 912 2887 975 ἐναντίως
2922 912 3243 982 διακειμένη
3278 912 3456 983 κακίᾳ,
3494 912 3586 981 τὴν

2049 1004 2281 1073 ἔπαρσιν
2319 1004 2479 1071 λέγω.
2506 1003 2640 1057 Ἦδε
2672 1004 2770 1074 μὲν
2800 994 2908 1072 γὰρ
2930 1005 2998 1056 ἐκ
3027 1004 3126 1073 τῆς
3149 1002 3387 1072 κλήσεως
3406 1002 3586 1071 ὑψηλὴ,

2050 1092 2117 1167 ἦς
2146 1094 2298 1149 οὐδὲν
2328 1094 2393 1148 ἂν
2420 1096 2632 1162 γένοιτο
2656 1094 3210 1165 ταπεινότερονδούδὶ
3238 1094 3588 1163 χαμερπέστε-

2055 1205 2168 1259 ρον,
2211 1187 2350 1241 ὅπου
2377 1189 2469 1242 καὶ
2498 1185 2579 1250 οἷς
2604 1204 2667 1256 γε
2690 1188 2928 1251 σύνεστι,
2966 1187 3293 1241 καταϐάλλει
3340 1186 3435 1248 τὰς
3480 1186 3589 1238 τού·

2053 1294 2160 1331 των
2224 1277 2428 1346 ψυχὰς,
2467 1279 2562 1331 καὶ
2619 1277 2985 1348 παραπέμπει
3030 1277 3164 1346 πρὸς
3209 1276 3269 1329 τὸ
3304 1275 3590 1330 κατιὶιτατον

2055 1365 2336 1437 βάραθρον
2369 1382 2384 1397 ο
2452 1366 2551 1437 καὶ.
2583 1366 2736 1436 δηλοῖ
2757 1366 2826 1421 τὰ
2873 1366 3171 1435 Φαρισαῖον
3200 1364 3401 1417 ἐκεῖνον
3447 1378 3594 1418 κατε·

2055 1425 2317 1521 νεγκόντα
2357 1425 2565 1525 βραχεθι
2588 1425 2831 1524 ῥήματα,
2862 1425 3219 1523 εὐχαριστίαν
3278 1452 3373 1522 μὲν
3419 1453 3594 1521 ἔχοντα

2056 1546 2193 1612 πρὸς
2229 1546 2363 1598 Θεὸν
2395 1544 2481 1599 διὰ
2509 1545 2606 1614 τὴν
2638 1544 2790 1615 αὐτῷ
2848 1547 3110 1599 συνοῦσαν
3152 1546 3371 1616 ἀρετὴν,
3420 1546 3597 1614 ἔχοντα

2057 1636 2113 1688 δέ
2138 1652 2191 1688 τι
2231 1636 2325 1688 καὶ
2352 1634 2731 1704 ὑπερήφανον,
2763 1636 3109 1705 μεμιγμένον
3132 1636 3279 1689 εῐποι
3306 1652 3386 1697 τις
3430 1635 3493 1689 ἂν
3518 1635 3597 1689 λε-

2058 1728 2296 1799 ληθότως
2320 1727 2441 1788 ταῖς
2466 1726 2817 1796 γιγνομέναις
2864 1726 3238 1797 εὐχαριστίαις
3271 1744 3285 1759 ο
3333 1730 3394 1798 τῇ
3423 1726 3475 1780 δὲ
3508 1742 3597 1796 με-

2060 1819 2301 1889 τριότητι
2320 1817 2584 1886 πρόσεστι
2612 1818 2714 1885 μὲν
2745 1816 2805 1870 τὸ
2848 1818 2946 1886 τῆς
2994 1818 3371 1880 ταπεινώσεως
3420 1818 3595 1887 ὄνομα,

2061 1911 2158 1965 καὶ
2181 1908 2415 1978 ταυτησὶ
2436 1911 2536 1977 τῆς
2574 1909 2823 1976 κλήσεως
2853 1911 2906 1963 τί
2935 1911 3029 1964 καὶ
3074 1911 3144 1965 ἂν
3181 1912 3386 1980 γένοιτο
3435 1927 3599 1964 κατω-

2058 2003 2200 2072 τέρω
2234 2021 2247 2067 ;
2282 1999 2397 2054 ἀλλ’
2434 1999 2571 2068 ὑψοῦ
2598 2001 2701 2072 τὴν
2745 2000 2960 2072 οἴκησιν
3026 2002 3360 2073 κεκτημένη,
3412 2000 3596 2069 ἐγείρει

2064 2096 2162 2164 μὲν
2195 2094 2302 2145 ἀπὸ
2332 2093 2434 2159 γῆς
2466 2092 2555 2145 τὸν
2586 2092 2815 2162 πένητα,
2859 2092 2966 2146 ἀπὸ
3005 2093 3063 2145 δὲ
3101 2093 3333 2162 κοπρίας
3371 2093 3596 2160 ἀνίστησι

2058 2186 2151 2238 τὸν
2186 2184 2424 2253 πτωχόν.
2449 2186 2561 2239 Καὶ
2594 2185 2864 2255 μαρτυρεῖ
2894 2201 2983 2253 μοι
3035 2184 3119 2251 τῷ
3158 2185 3298 2254 λόγῳ
3344 2182 3405 2237 τδ
3466 2182 3599 2251 παρὰ

2059 2275 2195 2328 Θεοῦ
2230 2276 2364 2344 πρὸς
2400 2275 2491 2327 τὸν
2508 2274 2749 2345 τελώνην
2780 2275 3175 2344 γεγενημένον.
3212 2276 3370 2328 Ὥστε
3407 2274 3493 2327 καὶ
3516 2273 3596 2326 τὸν

2065 2366 2442 2439 μανικώτατον
2491 2366 2671 2436 ἔρωτα
2709 2367 2849 2435 μετὰ
2910 2367 3269 2436 σωφροσύνης
3320 2363 3599 2435 ἀκροτάτης

2062 2464 2153 2516 ἐπὶ
2184 2463 2388 2531 ταύτης
2424 2461 2693 2517 συνελθεῖν
2723 2461 2824 2514 οὐκ
2848 2462 3138 2517 ἀδύνατον.
3178 2464 3335 2515 Δοκεῖ
3359 2461 3460 2531 γὰρ
3476 2455 3599 2512 εἶναι

2061 2556 2126 2608 τὰ
2162 2554 2332 2622 αὐτῆς
2385 2551 2625 2622 ὡσπερεὶ
2648 2552 2929 2621 παράδοξα
2959 2551 3168 2606 πάντα.
3232 2552 3340 2605 Καὶ
3385 2549 3482 2619 μὴν
3518 2546 3602 2601 καὶ

2060 2645 2217 2699 τοῦτό
2243 2661 2306 2712 γε
2341 2643 2530 2697 καινὸν
2580 2638 2760 2712 οἶμαι.
2810 2643 3028 2713 Ταύτης
3078 2643 3191 2713 γὰρ
3254 2640 3597 2711 ὲπιδημούσης

2063 2739 2175 2797 τοῖς
2205 2736 2403 2806 φίλοις,
2424 2733 2490 2789 ἂν
2522 2732 2801 2796 ἐθέλωσιν,
2844 2735 2876 2804 ἡ
2933 2733 2993 2798 ὲξ
3038 2733 3290 2797 ἐναντίας
3338 2733 3494 2785 κακία
3532 2728 3599 2799 μὴ

2066 2826 2413 2896 βουλομένοις
2445 2826 2558 2887 τοῖς
2581 2814 2789 2891 ταύτην
2820 2824 3034 2894 ἔχουσιν
3070 2825 3464 2894 ἐπεισέρχεται.
3510 2822 3600 2873 To-

2065 2917 2257 2971 σοῦτον
2289 2917 2395 2986 γὰρ
2420 2916 2696 2988 ἀπέχομεν
2725 2914 2933 2984 ταύτην
2985 2915 3192 2969 ἐθέλειν
3243 2915 3370 2983 ἡμῖν
3427 2910 3598 2980 παρεῖ-

2065 3026 2175 3072 ναι,
2205 3008 2328 3060 ὅσον
2358 3009 2455 3060 καὶ
2478 3008 2545 3060 τὰ
2600 3007 2804 3075 ἔσχατα
2847 3005 3361 3075 προπηλακίζεσθαι
3414 2999 3602 3070 νομίζο·

2067 3117 2186 3169 μεν.
2237 3101 2284 3153 εἰ
2312 3097 2663 3168 ὑπερηφανίᾳ
2698 3099 3149 3168 κεκρατημένους
3178 3099 3325 3169 ἡμᾶς
3354 3111 3433 3157 τις
3455 3091 3601 3145 εἴποι.

2064 3189 2384 3269 Βουλομένιρ
2420 3188 2476 3240 δέ
2509 3204 2597 3258 μοι
2629 3188 2971 3258 μακρότερον
2997 3188 3179 3255 λέγειν
3212 3187 3305 3239 καὶ
3352 3184 3472 3253 περὶ
3511 3179 3603 3233 τῶν

2065 3283 2269 3350 ταύτης
2292 3279 2598 3348 ἰδιωμάτων
2628 3279 2824 3347 (ἐδόκει
2865 3278 2967 3349 γὰρ
2996 3280 3095 3331 καὶ
3132 3277 3291 3331 τοῦτο
3339 3275 3607 3344 προσήκειν

2064 3370 2144 3443 τῷ
2170 3371 2300 3439 περὶ
2346 3368 2862 3439 ταπεινοφροσύνης
2893 3368 3134 3439 λέγοντι)
3165 3368 3395 3434 ἐπῆλθεν
3443 3365 3607 3432 ἕτερος

2066 3452 2326 3529 λογισμὸς
2353 3460 2409 3511 ὲν
2440 3458 2518 3527 τῷ
2548 3458 2778 3527 μεταξὺ,
2814 3457 2907 3510 καὶ
2954 3457 3138 3521 ἔδοξεν
3175 3456 3606 3528 ὲπικρατέστερος

2068 3545 2230 3603 εἶναι.
2289 3549 2347 3601 '0
2368 3547 2423 3600 δὲ
2461 3534 2724 3616 λογισμὸς
2759 3546 2832 3618 μὴ
2882 3548 2993 3600 δεῖν
3042 3545 3449 3599 ὲπεκτείνεσθαι
3498 3540 3608 3610 περὶ

2066 3641 2282 3710 ἐκείνης
2320 3640 2599 3707 λέγοντας,
2646 3639 2822 3709 παρὸν
2852 3640 3305 3707 συνεσταλμένως
3361 3636 3609 3696 είπόντας,

2067 3737 2127 3788 τὸ
2156 3735 2275 3787 δέον
2314 3732 2741 3802 ἀποπληρῶσαι.
2779 3731 2857 3784 Δι’
2883 3725 2956 3784 ὧν
2985 3731 3093 3800 γὰρ
3127 3732 3301 3801 δήπου
3352 3728 3438 3780 τὸν
3485 3722 3609 3789 ὑπὲρ

2068 3825 2167 3896 τῆς
2196 3823 2700 3892 ταπεινοφροσύνης
2731 3823 3089 3891 έξυφαίνομεν
3121 3824 3361 3885 ἔπαινον,
3391 3817 3479 3869 καὶ
3528 3812 3609 3864 τὸν

2070 3918 2215 3973 κατὰ
2260 3916 2358 3983 τῆς
2389 3914 2686 3983 ὲπάρσεως
2732 3912 3150 3983 ὲξεργαζόμεθα
3181 3912 3369 3980 ψόγον.
3415 3901 3611 3971 Ἐπειδὴ

2071 4012 2179 4080 γὰρ
2204 4003 2360 4062 αὗται
2387 4006 2742 4069 ἀντίκεινται,
2773 4006 2869 4057 καὶ
2897 4004 2966 4057 τὰ
2998 4004 3126 4073 περὶ
3164 4002 3341 4055 αὐτῶν
3368 3996 3613 4066 λεγόμενα

2069 4097 2329 4169 δηλονότι.
2363 4095 2433 4147 Τὸ
2466 4094 2572 4163 γὰρ
2598 4092 2696 4162 τὴν
2730 4093 2925 4161 ἑτέραν
2951 4092 3231 4161 κοσμῆσαι
3274 4083 3611 4169 καταισχῦναι

2071 4166 2169 4261 την
2200 4187 2391 4255 ἑτέραν
2425 4184 2596 4239 ἐστίν.
2653 4182 2928 4245 Ὡσαύτως
2968 4183 3024 4235 δὲ
3055 4181 3147 4233 καὶ
3178 4181 3240 4233 τὸ
3272 4175 3517 4247 ἔμπαλιν.
3561 4166 3611 4261 ’ρ

402 4293 453 4337 et
486 4285 605 4351 vice
638 4298 815 4344 versa,
853 4282 1177 4351 vituperium
1207 4282 1365 4351 unius
1397 4290 1544 4336 certa
1565 4280 1682 4335 laus
1705 4290 1791 4335 est
1821 4282 1959 4337 alte-

2073 4258 2183 4352 γάρ
2206 4278 2303 4347 τῆς
2336 4276 2526 4345 ἑτέρας
2572 4273 2743 4346 ψόγος
2769 4276 2835 4345 τῇ
2868 4273 3031 4343 ἑτέρᾳ
3069 4270 3248 4341 σαφὴς
3302 4267 3512 4326 ἔπαινος
3538 4258 3615 4329 τί·

403 4377 538 4429 ritts.
1153 4380 1173 4408 '

478 4468 944 4538 llumilitas-ergo,
978 4484 1373 4536 quamornare
1426 4469 1791 4532 decrevimus,
1847 4468 1967 4521 ani-

405 4563 510 4615 mis
544 4562 709 4627 cxigit
742 4560 895 4623 vitia,
928 4576 1166 4630 saneque
1201 4562 1467 4616 mirabilia
1515 4560 1760 4631 quaedam
1813 4559 1973 4613 cilicit

403 4668 526 4706 cum
556 4650 806 4705 ﬁdelibus
839 4652 1015 4719 adest,
1052 4662 1107 4707 et
1140 4653 1296 4707 malis
1324 4652 1494 4724 geniis
1522 4662 1581 4706 ut
1616 4650 1871 4714 exitialis,
1895 4650 1974 4704 sic

406 4732 720 4798 eorumdem
745 4745 1019 4812 expultrix
1047 4755 1149 4799 est.
1180 4746 1380 4817 Copias
1402 4745 1522 4799 illas
1555 4745 1830 4807 cwlestes,
1852 4757 1973 4812 qua:

405 4840 551 4893 circa
588 4835 752 4892 Deum
785 4848 933 4904 sunt,
960 4838 1010 4890 in
1042 4846 1183 4892 statu
1219 4854 1317 4893 suo
1341 4846 1632 4893 conservat
1658 4853 1672 4890 :
1701 4851 1804 4890 non
1830 4835 1974 4891 enim

409 4933 462 4985 in
492 4931 593 4984 ista
621 4931 741 4985 luce
765 4931 1215 5000 permansissent,
1233 4933 1277 4986 si
1305 4932 1373 4986 ab
1396 4932 1473 4985 eis
1497 4930 1610 4999 ipsa
1632 4929 1975 4985 recessisset.

409 5024 744 5089 Argumenta
775 5029 860 5075 est
891 5022 1032 5090 quod
1064 5021 1247 5091 lapsus
1275 5021 1345 5075 sit
1365 5019 1601 5084 Lucifer,
1636 5020 1705 5073 ob
1729 5018 1980 5087 Splendo-

298 5172 305 5173 γ
412 5130 524 5168 rem
548 5113 772 5167 nimium
800 5114 981 5168 animo
1008 5127 1171 5183 supra
1191 5110 1471 5182 dignitatis
1488 5110 1850 5166 conditionem
1869 5108 1980 5161 ela-

412 5216 486 5260 to.
514 5204 627 5259 Hoc
658 5205 772 5271 ipse
798 5204 901 5259 telo
925 5205 1257 5269 vulneratus,
1286 5205 1424 5259 idem
1443 5203 1700 5258 adversus
1724 5215 1821 5255 nos
1846 5214 1980 5268 quo-

414 5314 517 5365 que
544 5298 804 5382 continuo
834 5305 1071 5365 torquet,
1100 5304 1289 5350 contra
1319 5294 1541 5365 quosvis
1572 5294 1623 5348 id
1655 5292 1980 5347 serviturum

418 5388 523 5443 sibi
581 5398 835 5457 putans:
896 5404 1056 5456 quam
1108 5388 1328 5457 quidem
1387 5386 1695 5456 Opinionem
1749 5382 1864 5439 suis
1917 5397 1984 5436 ex

422 5482 578 5535 malis
611 5481 808 5534 haurit.
837 5480 1001 5535 Etcst
1027 5496 1158 5536 Sane
1194 5481 1358 5536 telum
1386 5481 1489 5535 hoc
1521 5478 1626 5532 alio
1656 5476 1848 5547 quovis
1876 5490 1985 5543 ⁵ιιοσ-

424 5573 657 5642 centius,
692 5573 794 5629 nisi
828 5573 1035 5640 objecta
1085 5574 1208 5630 huic
1250 5572 1534 5639 modestia,
1573 5571 1678 5626 vim
1711 5568 1826 5638 ejus
1855 5566 1982 5623 irri-

2075 4391 2249 4429 νεται.

2155 4468 2220 4520 Ἥ
2253 4466 2435 4519 τοίνυν
2481 4464 2613 4534 ἡμῖν
2667 4455 3008 4530 προκειμένη
3052 4451 3376 4522 κοσμεῖσθαι
3415 4446 3480 4499 τὰ
3528 4439 3627 4510 μὲν

2079 4560 2227 4629 πάθη
2251 4559 2356 4612 τῶν
2386 4555 2575 4627 ψυχῶν
2618 4549 2925 4617 ἐξελαύνει.
2976 4542 3387 4637 θαυματουργεῖ
3438 4537 3491 4591 δὲ
3535 4548 3615 4637 κς·

2081 4651 2209 4724 μιδῆ
2240 4650 2452 4710 πιστοῖς
2488 4644 2714 4715 ἀνδράσι
2783 4638 3057 4692 συνοῦσα⁹
3111 4635 3206 4687 καὶ
3257 4633 3462 4700 γίνεται
3515 4633 3615 4724 τοῖς

2077 4710 2324 4812 δαίμοσιν
2350 4710 2602 4804 ὀλέθριός.
2640 4750 2723 4796 τις
2778 4730 2875 4783 καὶ
2920 4726 3308 4796 ἀποτρόπαιος,
3350 4710 3614 4812 Τὰς-περὶ

2078 4804 2210 4887 Θεδν
2257 4830 2519 4898 δυνάμεις
2555 4827 2612 4879 ὲν
2645 4822 2722 4893 τῷ
2771 4819 3132 4888 καθεστηκότι
3186 4815 3362 4882 τηρεῖ.
3420 4807 3491 4862 Οὐ
3517 4804 3615 4872 γὰρ

2081 4927 2147 4979 ἂν
2190 4925 2443 4993 διέμενον
2472 4921 2528 4973 ὲν
2553 4916 2628 4987 τῷ
2659 4912 2947 4985 φωτισμῷ,
2980 4910 3151 4976 αὐτῆς
3178 4906 3400 4958 ἐκείνων
3427 4901 3616 4993 διιστα-

2085 4990 2294 5089 μένης.-
2328 5014 2439 5068 Καὶ
2471 5011 2713 5064 δείκνυσι
2748 5007 2807 5061 τὸ
2841 5002 3190 5057 πεπτωκέναι
3224 4999 3314 5052 τὸν
3364 4990 3615 5090 tused???

2082 5088 2192 5163 άπὸ
2221 5109 2313 5175 τῆς
2342 5104 2481 5171 ἄγαν
2510 5098 2916 5168 λαμπρότητος,
2953 5093 3096 5162 ὑπὲρ
3127 5090 3184 5142 τὸ
3223 5088 3405 5182 σχῆμα
3434 5088 3614 5182 φροντλέ

2086 5165 2510 5262 σανταίνΤοίύτῳ
2538 5165 2615 5259 τῷ
2677 5165 2822 5258 βέλει
2866 5185 3095 5255 τρωθεὶς
3140 5180 3320 5240 αὐτὸς,
3376 5173 3464 5227 καὶ
3509 5165 3598 5220 καθ

2085 5293 2241 5363 ἡμῶν
2274 5253 2499 5357 ἀφίησιν
2530 5253 2974 5346 αύτὺ-συνεχόις,
3028 5274 3260 5343 νομίζων
3316 5261 3523 5363 έσεσθαί
3570 5253 3614 5361 οἱ

2086 5357 2225 5437 κατὰ
2256 5379 2477 5439 παντὸς,
2513 5378 2577 5427 ἐκ
2606 5374 2711 5425 τῶν
2747 5368 2938 5424 ἐαυτοῦ
2977 5366 3160 5419 κακῶν
3203 5362 3298 5430 τὴν
3324 5357 3469 5420 δόξαν
3499 5357 3615 5402 ταύ-

2085 5492 2184 5544 της
2214 5471 2531 5542 λαμὸάνων.
2568 5466 2675 5520 Καὶ
2712 5463 2895 5532 μέντοι
2948 5476 3011 5528 γε
3064 5456 3154 5510 καὶ
3192 5453 3419 5523 βλάπτον
3434 5442 3611 5544 -.ἐστὶν

2220 5529 2370 5617 οὐδὲν
2420 5561 2628 5633 ἕτερον,
2659 5529 2751 5609 ὲέιν
2796 5552 2875 5624 μὴ
2921 5552 2982 5604 τὸ
3045 5551 3261 5619 μέτριον
3325 5529 3609 5609 προδληθὲν
