3920 6200
205 257 294 322 ἷ37

1555 255 1844 318 ORATIO
1884 253 2021 321 VII.

3309 254 3418 324 538

205 379 468 445 ἀπρακτον
498 370 629 426 αὐτὸ
659 371 832 444 δείξῃ.
866 369 1029 424 Ὥστε
1057 371 1091 440 ἡ
1121 368 1220 440 μὲν
1253 369 1481 441 ἔπαρσις
1510 374 1604 424 κοιλ¹
1626 371 1741 433 τοὺς

1859 379 1965 426 tam
1999 369 2206 426 reddat.
2236 368 2596 436 Quamobrem
2644 369 2807 427 elatio
2846 371 2992 443 ipsos“
3009 371 3170 427 etiam
3199 373 3422 443 angelos

203 467 448 535 ἀγγέλους
478 465 742 519 ἀπόλλυσι
783 478 800 494 ⁸
828 465 889 518 τὸ
907 464 964 519 δὲ
993 464 1200 535 ταύτης
1237 463 1483 518 ἐναντίον
1543 467 1606 517 τὸ
1657 463 1754 530 μέ-

202 575 337 627 τριον
365 556 678 622 ἀναγκαίως
701 556 963 611 τάναντία
985 553 1373 624 διαπράξεται.
1421 556 1518 609 καί
1544 557 1752 609 ἐπαναι-

205 652 350 704 σὼσει
378 648 507 710 τοὺς
537 645 863 718 ἀνθρώπους
890 647 970 716 τῷ
1002 647 1292 711 πλάσαντι,
1329 642 1409 702 ὧν
1439 648 1570 711 τοὺς
1616 662 1751 716 προ-

203 741 377 807 γόνους
404 736 693 791 απώλεσεν
738 739 771 805 ὴ
810 737 1124 800 ἐξεναντίας
1158 739 1224 808 τῇ
1274 735 1751 808 ταπεινοφροσύνῃ

205 833 373 886 κακία.
429 829 689 883 Ἰσοθεῖαν
721 830 828 898 γὰρ
851 829 1274 897 φαντασθέντες,
1298 828 1624 882 ἐκπίπτουσι
1652 829 1751 898 μὶν

203 925 384 976 ἐκείνοι
415 921 513 974 τοῦ
538 920 868 991 παραδείσου
908 923 1005 976 καὶ
1031 919 1127 975 τοῦ
1164 920 1324 985 Θεοῦ,
1349 921 1414 974 τὸ
1441 920 1498 974 δέ
1529 936 1593 988 γε
1618 919 1750 972 τού-

203 1031 298 1076 τοις
325 1013 544 1082 συμϐὰν
567 1012 885 1075 ἀκολούθως
915 1016 1011 1068 καὶ
1064 1016 1179 1077 τοῖς
1204 1013 1262 1078 ἐξ
1288 1013 1472 1066 αὐτῶν
1503 1013 1751 1080 ἐπισυμο

203 1106 359 1162 ϐαίνει
384 1106 594 1159 παισίν.
633 1105 776 1158 Ἀλλ’
815 1106 908 1159 ἐπὶ
937 1105 1138 1159 νύσσαν
1160 1106 1254 1159 τὸν
1281 1106 1482 1158 πῶλον.
1541 1105 1606 1157 Ἦ
1637 1103 1750 1157 τοί-

202 1215 279 1249 νυν
302 1198 778 1266 ταπεινοφροσύνη
803 1199 899 1250 καὶ
926 1196 1028 1264 τῆς
1059 1196 1293 1259 Δίαντος
1324 1196 1558 1258 ἀσπίδος
1589 1194 1750 1262 ἀμεί-

203 1303 288 1339 νων
309 1286 755 1356 προὸεὸλημένη.
794 1282 903 1339 Ἦν
951 1289 1050 1357 μὲν
1087 1288 1196 1357 γὰρ
1224 1286 1453 1356 κάκείνη
1497 1285 1745 1354 τοιαύτη,

207 1378 412 1446 βύρσαις
446 1377 588 1430 ἑπτὰ
616 1379 1125 1448 κατεσκευασμένη,
1165 1377 1253 1431 οἷα
1297 1377 1368 1431 τὰ
1427 1377 1538 1430 τῶν
1591 1375 1750 1429 πολε.

213 1472 320 1540 μίων
366 1470 499 1540 βέλη
537 1471 704 1540 μηδὲν
735 1471 863 1524 ὄντα
880 1471 1074 1536 δεῖξαι.
1115 1473 1189 1525 Οὐ
1225 1471 1331 1543 μὴν
1357 1471 1579 1525 κάκετνο
1609 1485 1750 1540 παρ-

209 1565 296 1632 εῖχε
346 1563 596 1635 θαῤῥείν,
651 1564 728 1628 ὡς
771 1564 862 1634 ἄρ’
915 1565 1072 1618 οὐδὲν
1125 1563 1276 1617 ἔσται
1332 1563 1654 1634 μηχάνημα,
1688 1561 1750 1615 τὸ

203 1654 547 1724 δυνησόμενόν
579 1670 709 1707 ποτε
735 1655 939 1724 ταύτην
971 1655 1192 1725 βλάψαι.
1210 1654 1275 1709 ’ῐί
1305 1654 1364 1708 δὲ
1387 1671 1749 1724 ταπεινοφροσ-

205 1744 342 1813 σύνη,
381 1744 662 1814 μονοειδής
689 1763 772 1808 τις
803 1741 943 1798 οὖσα
973 1747 1068 1798 καὶ
1107 1745 1256 1814 ἁπλῆ
1297 1749 1361 1817 τῇ
1395 1745 1541 1815 ψυχῇ
1592 1743 1752 1796 δύνα-

206 1834 430 1903 μις,εῐτ“
475 1829 572 1887 οὖν
612 1835 748 1901 ἕεις,
779 1834 1038 1900 διασώζει
1085 1836 1212 1899 τοὺς
1260 1836 1430 1905 αὐτὴν
1483 1835 1754 1902 κεκτημέ-

203 1916 454 1994 νους,’ἇφ’
485 1928 628 1982 ὅσων
682 1928 750 1981 ἂν
793 1928 1044 1998 φοϐερῶν
1102 1927 1479 1999 ἐνθυμηθῆναι
1520 1922 1631 1980 οἷόν
1665 1942 1747 1981 τε.

201 2019 266 2067 οὐ
293 2019 449 2071 ιιόνον
477 2020 533 2071 δὲ
568 2021 682 2084 τοϊς
727 2021 812 2084 είς
855 2023 1029 2093 αὐτήν
1080 2039 1143 2091 γε
1174 2021 1541 2093 τεθαρρηκόσι
1589 2021 1750 2072 πόιντ⁶

200 2108 258 2160 ἂν
283 2109 498 2177 γένοιτο
532 2111 603 2165 τὰ
637 2113 1040 2182 προειρημένα,
1080 2096 1216 2165 ἀλλὰ
1245 2115 1338 2167 καὶ
1367 2113 1570 2173 πάντες
1621 2110 1750 2176 ἑξῆς

197 2199 240 2250 oi
262 2203 481 2270 καρποὶ,
508 2201 601 2263 οὓς
633 2205 685 2255 οἱ
713 2203 812 2272 τῆς
843 2205 1046 2275 ἀρετῆς
1082 2205 1312 2276 φέρουσι
1354 2207 1521 2266 πόνοι,
1547 2205 1598 2257 εί
1652 2205 1749 2254 σὺν

199 2293 317 2362 αὐτῇ
349 2293 448 2346 καὶ
473 2293 648 2360 καλοὶ,
671 2293 801 2348 ἄνευ
831 2296 888 2348 δὲ
917 2294 1124 2366 ταύτης
1153 2296 1338 2350 οὐκέτι
1367 2311 1383 2328 ⁶
1415 2297 1504 2349 ὅτε
1532 2295 1623 2346 καὶ
1657 2293 1749 2345 λυ-

198 2386 458 2455 μήνασθαι
509 2385 769 2440 δύνανται
795 2389 910 2450 τοῖς
969 2389 1045 2459 μὴ
1089 2389 1225 2457 μετὰ
1272 2388 1375 2452 τῆς
1431 2387 1748 2457 πρεπούσης

198 2479 653 2548 μετριοφροσύνης
723 2479 924 2544 αὐτοὺς
971 2481 1274 2550 τρυγῶσιν.
1346 2479 1424 2535 Οὐ
1460 2481 1572 2550 μὴν
1629 2479 1745 2532 ἀλλ’

193 2568 294 2619 ἐστὶ
324 2571 422 2621 καὶ
457 2569 656 2637 μοχλὸς
697 2569 862 2639 αὕτη,
925 2573 1280 2626 παντάπασιν
1329 2570 1746 2642 ἀνεπιχείρητος

192 2660 459 2721 κλέπταις.
519 2660 660 2725 Τοὺς
713 2661 758 2714 δ’
795 2661 1260 2725 ἐπιϐουλεύοντας
1311 2663 1490 2717 πάντα
1543 2662 1744 2732 τρόπον

191 2753 476 2819 ἀναγκάζει
501 2755 807 2824 σωφρονεῖν
839 2757 936 2808 καὶ
975 2757 1049 2824 μὴ
1083 2756 1463 2824 βουλομένους,
1494 2754 1748 2820 ἀπόγνω-

191 2859 262 2895 σιν
282 2844 467 2906 αύτοῖς
491 2843 821 2912 ἐμποιοῦσα.
850 2845 1089 2917 Ἀρπαξί
1121 2863 1182 2899 τε
1234 2848 1330 2899 καὶ
1368 2845 1615 2915 λῃσταῖς,
1646 2844 1741 2896 καὶ

190 2931 304 2982 πᾶσι
329 2932 452 2993 τοῖς
475 2931 746 2994 τοιούτοις
790 2933 1220 3003 ἀναιδεστάτοις,
1272 2935 1393 2988 οὐδὲ
1445 2934 1739 3004 πειρᾶσθαι

1777 1698 1825 1757 Β

1854 465 2053 533 perdit,
2073 465 2189 519 atei
2208 462 2480 520 contraria
2512 463 2772 518 modestia
2807 467 3114 520 necessario
3143 464 3419 520 diversum

1851 555 2066 620 elliciet,
2127 556 2487 625 hominesque
2531 556 2711 612 salvos
2768 555 2948 625 opifici
3012 569 3112 610 suo
3142 557 3418 619 restituet,

1853 664 2080 718 quorum
2115 649 2320 718 primos
2377 658 2628 717 parentes
2682 648 2987 717 oppositum
3017 648 3310 704 humilitati
3343 649 3421 702 vi-

1854 742 1985 796 tium
2021 740 2289 808 perdidit:
2317 741 2513 809 quippe
2541 753 2662 793 cum
2688 740 2826 807 apud
2842 740 3052 794 animos
3082 755 3208 794 suos
3237 755 3420 809 aequa-

1852 833 2060 888 litatem
2106 845 2227 886 cum
2261 830 2371 884 Deo
2411 833 2698 898 quamdam
2727 831 3004 896 imaginati
3034 830 3282 896 fuissent,
3316 832 3417 898 ipsi

1850 923 2067 992 quidem
2130 920 2381 975 excidere
2435 929 2541 974 tam
2596 920 2848 990 paradiso
2897 937 3056 989 quam
3104 920 3233 975 Deo.
3264 921 3417 987 Quod

1851 1025 2029 1070 autem
2087 1014 2167 1067 eis
2215 1012 2430 1078 accidit,
2473 1013 2614 1066 idem
2659 1011 2926 1067 consimili
2984 1013 3145 1068 nio-lo
3186 1014 3419 1081 posteris

1850 1104 2012 1159 etiam
2054 1104 2296 1172 ipsorum
2355 1103 2630 1157 usuvenit.
2688 1100 2891 1156 Verum
2930 1105 2996 1159 ad
3017 1113 3214 1158 metam
3243 1116 3418 1170 equus

1852 1197 2044 1266 agitor.
2075 1194 2360 1249 llumilitas
2388 1205 2540 1263 ergo,
2583 1193 2706 1248 telis
2737 1194 2855 1248 istis
2877 1196 3108 1260 objecta,
3142 1195 3224 1249 vel
3245 1195 3416 1261 ipsum

1850 1290 2032 1360 Ajacis
2071 1288 2318 1360 clypeum
2351 1294 2596 1351 superat.
2648 1285 2781 1339 Nam
2812 1297 2866 1340 et
2899 1286 2989 1340 ille
3010 1289 3075 1341 de
3113 1286 3274 1341 boum
3310 1295 3421 1340 ter-

1850 1379 2069 1450 goribus
2137 1386 2342 1448 septem
2366 1377 2443 1431 ita
2474 1373 2758 1430 confectus
2805 1384 2945 1437 erat,
2971 1385 3028 1430 ut
3047 1376 3288 1430 hostium
3313 1375 3417 1429 tela

1851 1473 2050 1527 nullius
2081 1487 2204 1527 esse
2225 1467 2485 1525 momenti
2518 1465 2838 1522 declararet.
2871 1461 3058 1536 Neque
3088 1476 3263 1521 tamen
3296 1481 3416 1519 eam

1851 1567 2092 1636 praebere
2122 1564 2376 1618 ﬁduciam
2427 1571 2658 1631 poterat,
2697 1570 2755 1615 ut
2779 1559 2901 1628 quis
2918 1559 3018 1614 sibi
3043 1559 3414 1629 polliceretur,

1851 1665 1911 1714 Se
1965 1658 2111 1712 nullo
2154 1669 2388 1724 unquam
2417 1663 2722 1708 commento
2755 1652 2873 1706 lardi
2901 1662 3076 1720 posse.
3127 1647 3414 1703 Huntili’tas

1855 1763 2006 1812 vero,
2024 1762 2143 1801 cum
2173 1741 2460 1800 uniformis
2484 1745 2554 1799 sit
2575 1757 2638 1797 ac
2665 1743 2890 1812 simplex
2913 1737 3077 1795 animi
3105 1740 3220 1793 sive
3239 1736 3416 1792 lacub-

1855 1851 1958 1905 lus,
1988 1838 2100 1894 sive
2133 1838 2355 1892 habitus
2377 1877 2391 1901 ,
2425 1851 2485 1892 se
2511 1837 2764 1905 praeditos
2791 1850 2819 1888 a
2844 1833 3130 1904 quibusvis
3153 1830 3416 1886 formida-

1852 1930 2071 1993 bilibus,
2103 1940 2436 1997 quacunque
2475 1926 2668 1979 mentis
2693 1925 3026 1995 cogitatione
3051 1921 3260 1988 concipi
3289 1931 3416 1988 posv

1852 2029 1996 2085 stult,
2033 2028 2237 2073 servat.
2263 2016 2452 2086 Neque
2484 2026 2694 2070 tantum
2721 2016 2822 2070 hac
2852 2013 3009 2070 fretis
3048 2015 3309 2067 hactenus
3333 2011 3418 2064 itt-

1850 2109 2024 2163 dicata
2045 2107 2366 2177 contingunt
2389 2106 2592 2174 omnia,
2611 2108 2708 2162 sed
2731 2119 2920 2160 omnes
2943 2105 3162 2159 omnino
3186 2102 3416 2164 fructus.

1849 2215 1986 2268 quos
2044 2200 2304 2252 exantlati
2360 2199 2578 2253 virtutis
2628 2200 2840 2252 labores
2889 2195 3090 2260 l'ernnt,
3117 2191 3162 2249 si
3193 2193 3417 2263 quidem

1849 2289 2120 2358 conjuncti
2155 2304 2275 2344 cum
2303 2289 2406 2343 bac
2441 2289 2667 2352 iuerint,
2699 2290 2822 2345 boni
2856 2297 3016 2343 erunt
3044 2305 3059 2341 :
3094 2286 3178 2340 sin
3209 2295 3414 2345 autem,

1847 2399 1958 2438 non
1983 2381 2214 2452 amplius
2245 2381 2410 2447 boui;
2465 2381 2901 2451 quandoquidem
2935 2389 2989 2434 et
3020 2379 3166 2434 noxii
3189 2386 3418 2447 possunt

1849 2481 1954 2536 illis
2012 2496 2154 2546 esse,
2216 2487 2484 2550 quotquot
2536 2493 2629 2532 eos
2681 2492 2787 2532 non
2855 2475 3216 2532 conveniente
3294 2481 3416 2527 cum

1847 2575 2112 2628 modestia
2211 2575 2532 2641 decerpunt.
2639 2571 2844 2626 Eadem
2939 2577 2994 2623 et
3094 2566 3415 2638 repagulum

1844 2663 2117 2732 quoddam
2159 2671 2242 2716 est
2309 2645 2453 2729 quod
2509 2661 2732 2715 omnino
2791 2660 2940 2714 fures
2999 2669 3273 2714 attentare
3312 2671 3414 2711 ne-

1845 2762 2070 2822 queunt.
2119 2751 2469 2806 lnsidiatores
2513 2765 2642 2804 vero
2701 2752 2873 2805 modis
2925 2748 3184 2804 omnibus
3245 2749 3412 2818 cogit,

1844 2845 2091 2899 utetiam
2141 2842 2387 2896 nolentes
2431 2841 2664 2896 modesti
2719 2842 2856 2905 sint,
2922 2841 3052 2894 dum
3087 2842 3141 2895 in
3185 2839 3268 2894 eis
3319 2839 3418 2893 dc-

1842 2937 2208 3008 sperationem
2239 2935 2460 2990 excitat.
2484 2933 2836 3002 Raptoribus,
2863 2933 3188 2997 latronibus,
3211 2941 3266 2985 et
3287 2931 3412 2984 uni-

185 3019 383 3073 δίδωσιν
447 3021 747 3090 ἀφελέσθαι
799 3025 862 3077 τὸ
912 3024 1050 3094 μετὰ
1115 3025 1586 3096 μετριοφροσύνης
1637 3026 1741 3078 τινὶ

1848 3031 2021 3086 versis
2047 3030 2260 3090 talibus.
2283 3028 2442 3096 longe
2464 3027 2976 3098 impudentissimis.
3015 3024 3152 3080 neid
3189 3025 3410 3094 quidem

187 3111 384 3178 κτηθέν.
428 3112 609 3180 Λῆρον
630 3112 889 3183 ἄντικρυς
920 3117 1064 3185 σαφῆ
1096 3119 1189 3170 καὶ
1212 3117 1421 3184 γέλωτα
1448 3116 1740 3184 ἀποφαίνει

184 3201 350 3253 πᾶσαν
381 3200 638 3271 μηχανὴν
671 3204 793 3256 κατ’
825 3205 994 3276 αὐτῆς
1045 3206 1358 3277 εὑρημένην
1419 3207 1513 3259 τὸν
1564 3205 1742 3259 πάντα

185 3293 380 3359 χρόνον.
433 3295 763 3363 Σήμαντρον
805 3295 904 3365 μὲν
965 3297 1189 3366 ἀκριϐές
1223 3299 1360 3362 ἐστι,
1416 3297 1651 3369 σφραγὶς
1683 3296 1740 3348 δὲ

183 3384 310 3438 πάνυ
341 3386 1140 3458 θαυμαστὴ,ὲγκεκολαμμένη
1192 3390 1374 3452 καλῶς
1433 3391 1490 3452 ὲς
1555 3387 1738 3458 βάθος.

185 3477 347 3540 Ὀλως
371 3478 438 3532 δὲ
472 3479 582 3531 τῶν
605 3481 918 3549 εἰρημένων
952 3482 1208 3536 ἁπάντων
1243 3481 1588 3559 διασώζρυσα
1647 3479 1741 3531 τύ-

180 3583 288 3630 πον,
319 3567 688 3635 ἀσφαλίζεται
715 3573 842 3634 τοὺς
873 3571 1182 3640 θησαυροὺς
1227 3574 1353 3634 τοὺς
1407 3572 1465 3638 ἐξ
1519 3569 1740 3638 ἀγαθῶν

183 3658 533 3725 συλλεγέντας
561 3661 763 3730 ἔργων,
821 3663 1171 3717 ἁποσοϐοὓσα
1224 3664 1352 3725 τοὺς
1411 3665 1740 3732 κακουργεῖν

178 3751 330 3819 ἔργον
349 3753 580 3822 ἔχοντας
611 3753 785 3807 ἅπασι
818 3757 1058 3824 τρόποις.
1097 3757 1209 3809 Καὶ
1243 3757 1349 3825 μὴν
1382 3756 1738 3820 κάκείνωςίᾱν

177 3858 256 3904 τις
287 3844 399 3910 ἔχοι
426 3844 732 3913 θαυμάσαι.
768 3846 924 3899 Ἐστι
959 3848 1067 3917 γὰρ
1102 3848 1163 3900 οὗ
1201 3848 1363 3914 μόνον
1401 3849 1629 3914 τούτων,
1652 3844 1734 3911 οἷς

174 3933 586 4002 ὲξασφαλίσαιτ⁹
613 3937 680 3989 ἄν
709 3953 796 3996 τις
831 3938 996 3991 αὑτὸν
1047 3941 1144 3992 καὶ
1167 3939 1236 3992 τὰ
1284 3939 1480 3993 ἑαυτοῦ
1535 3940 1734 4006 πάντα,

172 4026 330 4077 είκών
359 4044 450 4090 τις
482 4029 628 4096 μάλα
662 4031 1069 4104 ἐμφερεστάτη,
1097 4032 1235 4086 ἀλλὰ
1266 4033 1329 4102 δὴ
1371 4035 1467 4086 καὶ
1499 4033 1610 4085 τῶν
1649 4034 1740 4086 ἀν-

174 4116 402 4184 θρώπων
475 4118 742 4185 ἐκείνων,
819 4122 869 4174 οἳ
925 4125 1052 4192 περὶ
1121 4124 1248 4185 τοὺς
1310 4123 1738 4193 τυραννεύοντας

170 4207 412 4263 ἵστανται
444 4214 994 4282 καταπεφραγμένοι,
1037 4214 1189 4269 ἅπαν
1243 4217 1408 4271 ὅπλον
1435 4217 1648 4287 ἔχοντες
1679 4218 1736 4268 ἐν

170 4302 366 4366 χεροῖν.
397 4301 476 4363 ῶς
510 4302 579 4354 ἂν
595 4303 862 4368 γενναίως
894 4299 1196 4372 ἀμύνεσθαι
1221 4307 1488 4370 δύναιντο,
1519 4309 1572 4360 ετ
1593 4306 1736 4369 τινές

1849 3122 2112 3188 concedit,
2131 3130 2190 3176 ut
2214 3119 2432 3175 auferre
2458 3128 2692 3185 tentent,
2711 3117 2856 3188 quod
2879 3132 3002 3173 cum
3033 3115 3410 3173 moderatione
3433 3180 3438 3185 λ

1847 3215 1915 3268 ab
1943 3213 2125 3281 aliquo
2163 3222 2247 3268 est
2275 3211 2628 3280 acquisitum.
2659 3210 2738 3264 Ad
2771 3224 2950 3264 meras
2995 3208 3156 3278 plane
3215 3221 3412 3278 nugas,

1849 3321 2166 3374 merumque
2194 3304 2359 3359 risum
2384 3303 2603 3373 redigit,
2633 3301 2895 3372 quidquid
2953 3302 3224 3355 adversus
3284 3312 3409 3354 eam

1845 3391 2134 3454 commﬁrti
2155 3398 2346 3468 quovis
2365 3406 2606 3465 tempore
2651 3394 3016 3465 excogitatur.
3061 3391 3415 3463 Signaculum

1846 3497 2157 3542 accuratum
2181 3495 2285 3548 est,
2345 3485 2580 3554 sigillum
2645 3483 2985 3546 admirabile,
3048 3495 3196 3537 recte
3247 3489 3415 3550 atque

1845 3579 1952 3634 alte
1982 3576 2495 3645 incisum.Denique
2527 3577 2758 3648 formam
2779 3574 3142 3629 iudicatorum
3164 3573 3409 3628 omnium

1847 3671 2090 3725 retinens
2149 3681 2314 3738 atque
2365 3684 2726 3736 conservans,
2779 3669 3064 3724 thesauros
3112 3681 3178 3723 ex
3253 3667 3414 3721 bonis

1846 3763 2104 3817 collectos
2143 3764 2398 3830 operibus
2425 3762 2477 3814 in
2506 3768 2623 3816 tuto
2678 3761 2971 3824 collocat,
3007 3772 3104 3814 eos
3162 3758 3408 3826 abigens.

1845 3853 1935 3921 qui
1961 3851 2135 3906 modis
2161 3851 2414 3904 omnibus
2445 3850 2548 3904 hoc
2579 3865 2746 3903 unum
2782 3858 2971 3919 agunt,
3006 3857 3065 3903 ut
3095 3849 3410 3903 stellionum

1847 3956 1996 3997 more
2027 3943 2280 3995 damnum
2311 3940 2460 3994 dent.
2495 3939 2634 4006 Quin
2663 3941 2827 3995 etiam
2863 3939 2964 3994 hac
3021 3941 3235 3994 ratione
3290 3943 3412 4007 quis

1845 4035 1990 4088 illam
2026 4032 2342 4087 admiretur.
2367 4032 2482 4085 Non
2512 4033 2657 4086 enim
2687 4034 2874 4085 horum
2903 4033 3187 4094 duntaxat,
3211 4033 3411 4102 quibus

1843 4126 2119 4182 securitati
2163 4138 2293 4188 suae,
2338 4139 2624 4194 rerumque
2681 4139 2897 4180 suarum
2946 4123 3206 4190 omnium,
3284 4138 3411 4193 pro-

1843 4217 2051 4280 spicere
2093 4216 2215 4284 quis
2246 4217 2435 4284 possit,
2467 4216 2753 4285 aptissima
2789 4216 3034 4286 quaedam
3077 4216 3256 4285 imago
3283 4224 3404 4270 est:

1842 4307 1933 4362 sed
1987 4308 2197 4362 illorum
2250 4308 2411 4362 etiam
2461 4309 2762 4372 hominum,
2821 4309 2912 4376 qui
2980 4307 3171 4361 muniti
3227 4322 3408 4361 rerum

166 4404 286 4441 ποτε
320 4392 450 4444 κατ’
486 4392 670 4446 αὐτῶν
693 4394 918 4448 ἔλθοιεν.
951 4397 1062 4450 Καὶ
1096 4397 1192 4469 ηδε
1236 4399 1344 4466 γὰρ
1375 4400 1489 4460 τοῖς
1540 4399 1732 4466 δαίμο-

1844 4401 2102 4468 patientes
2133 4401 2512 4465 circumstant,
2545 4400 2751 4454 nullum
2781 4415 2889 4457 non
2919 4413 3092 4469 genus
3120 4404 3400 4454 armorum

171 4495 268 4544 σιν,
295 4481 524 4535 ἐπειδὰν
583 4485 850 4538 ὲπέλθωσι
889 4486 1010 4540 καθ’
1052 4488 1230 4557 ⁴ἡμῶν,
1270 4491 1734 4560 ἀντεπερχομὲνη,

167 4570 256 4622 οὐκ
284 4573 351 4642 ἑᾷ
382 4575 614 4636 τούτους
647 4576 946 4644 ληῖσασθαι
978 4578 1046 4632 τὰ
1079 4577 1139 4642 ἐξ
1172 4579 1371 4650 ἀρετῆς
1404 4582 1533 4650 ἡμῖν
1581 4598 1736 4651 περι-

165 4661 423 4729 γενόμενα
464 4665 654 4734 κέρδη.
686 4668 789 4719 Ἦν
812 4667 991 4730 καλῶς
1019 4669 1214 4742 εὑρεθῇ
1247 4671 1406 4725 ταυτὶ
1448 4689 1733 4741 συμπεφο-

172 4753 372 4818 ρημένα
405 4755 468 4806 ἐν
491 4757 608 4819 ταῖς
635 4756 822 4815 καλαῖς
861 4758 1166 4827 ἀποθήκαις
1208 4762 1310 4829 τῆς
1363 4763 1732 4833 μετριότητος,

166 4838 313 4910 λῆρος
344 4845 406 4896 αί
435 4847 662 4902 ἐκείνων
698 4851 994 4919 προσϐολαὶ
1018 4853 1111 4904 καὶ
1149 4853 1376 4924 μέθοδοι.
1427 4854 1732 4926 ’Δπέκρυψε

167 4929 255 4991 μὲν
276 4936 700 5008 ὑπασπιστὰςή
751 4943 1248 5012 ταπεινοφροσύνη,
1305 4946 1431 5008 τοὺς
1487 4947 1732 5018 ἀκριϐῶς

163 5019 252 5084 τὴν
278 5024 442 5089 τάξιν
467 5026 922 5100 διατηρήσαντας,
944 5035 1001 5085 ὲν
1030 5039 1241 5105 καιροῖς
1266 5037 1326 5090 οὐ
1355 5039 1730 5109 συγχωροῦσιν

157 5111 399 5200 ἀτρέμας
461 5117 765 5173 ἵστασθαι·
815 5124 1202 5194 ὑπερηκόντισε
1257 5127 1311 5180 δὲ
1375 5129 1726 5200 δορυφόρους,

156 5199 344 5259 οἷστισι
387 5208 673 5278 φιλοτιμία
697 5218 1050 5282 παρενεγκεῖν
1085 5207 1374 5287 θερμότητί
1425 5199 1483 5272 τε
1525 5220 1723 5289 ψυχῆς,

158 5293 242 5343 καὶ
270 5300 448 5364 συχνῇ
486 5298 643 5370 πείρᾳ
663 5304 919 5373 πολέμου,
943 5307 1118 5376 ὁρμὴν
1157 5307 1386 5362 λεόντων
1418 5316 1512 5362 καὶ
1562 5311 1725 5363 δύνα-

157 5398 262 5445 μιν.
312 5387 532 5456 Ἀφῆκέ
551 5407 606 5444 τε
636 5395 858 5449 κατόπιν
886 5397 944 5450 τὸ
971 5399 1179 5468 τάγμκ,
1217 5393 1295 5457 οἷς
1331 5417 1391 5468 γε
1450 5401 1726 5456 καθεύδειν

151 5472 242 5524 εὖκ
270 5472 483 5542 ἕξεσιν,
512 5477 682 5547 ἔχουσι
711 5487 896 5555 σχῆμα
926 5490 1200 5554 φυλάκων.
1221 5490 1332 5543 Καὶ
1359 5492 1404 5543 εἰ
1425 5492 1500 5544 δεῖ
1529 5493 1588 5544 τὸ
1619 5495 1725 5547 πᾶν

155 5562 443 5658 ξινελόντα
468 5567 660 5634 εἰπεῖν,
685 5574 788 5644 ὅλῳ
822 5593 879 5628 τε
903 5579 1010 5630 καὶκ
1024 5577 1101 5648 τῷ
1157 5580 1319 5632 παντὶ
1365 5581 1721 5651 ὑπερήλασεν,

153 5662 276 5705 atra.
349 5655 424 5711 ἂν
519 5659 940 5736 ὑπερμαχήσειεν
1007 5670 1315 5726 οὑτινοσοῦν
1375 5675 1719 5744 πράγματος»

1839 4493 2088 4548 manibus
2112 4501 2375 4555 tenentes,
2397 4503 2454 4545 ut
2473 4487 2808 4546 fortitervim
2830 4492 3148 4562 propulsare
3177 4499 3407 4560 queant,

1838 4583 1883 4638 si
1913 4582 2002 4650 qui
2032 4581 2132 4638 bos
2157 4581 2476 4636 invaserint.
2508 4581 2647 4636 Nam
2670 4583 2783 4636 haec
2805 4597 3020 4650 quoque
3051 4581 3208 4636 malis
3230 4581 3407 4651 geniis

1835 4688 1938 4729 nos
1969 4673 2349 4730 adorieutibus
2387 4687 2709 4738 occurrens,
2737 4687 2843 4727 non
2875 4673 3030 4738 sinit,
3064 4684 3122 4726 ut
3149 4673 3224 4726 illi
3251 4673 3410 4729 nobis

1833 4762 2065 4831 eripiant
2087 4778 2148 4818 ea
2182 4764 2352 4825 lucra,
2383 4778 2502 4832 qua:
2530 4778 2595 4819 ex
2625 4765 2824 4819 virtute
2873 4765 3148 4820 censecuti
3185 4780 3398 4820 sumus.
3489 4783 3494 4786 ·

1834 4855 2044 4923 Quippe
2070 4855 2114 4909 si
2147 4855 2264 4909 haec
2295 4866 2438 4910 recte
2467 4866 2730 4924 congesta
2795 4855 3004 4914 fuerint
3057 4856 3113 4910 in
3164 4857 3410 4926 egregias

1837 4947 1956 5002 illas
1989 4947 2285 5016 apothecas
2317 4957 2370 5003 et
2401 4947 2600 5002 horrea
2632 4949 2934 5013 modestiae,
2966 4949 3041 5002 nil
3100 4948 3204 5002 uisi
3249 4962 3410 5009 nugm

1835 5050 1959 5093 sunt
2000 5038 2238 5108 ipsorum
2266 5039 2646 5109 aggressiones
2677 5050 2731 5094 et
2762 5048 2932 5095 artes.
2993 5039 3261 5094 Obscurat
3315 5040 3399 5092 vel

1833 5129 1952 5184 illos
1972 5139 2308 5198 protectores
2321 5129 2621 5195 humilitas,
2647 5131 2737 5198 qui
2762 5130 2936 5183 locum
2961 5143 3118 5182 suum
3151 5137 3407 5183 accurate

1832 5232 2074 5284 tuentur,
2102 5231 2156 5276 et
2180 5221 2285 5276 illis
2315 5222 2536 5292 quidem
2587 5222 2944 5290 temportbns,
2993 5219 3194 5291 quibus
3229 5221 3407 5273 intre-
3515 5287 3530 5302 _

1829 5313 1950 5381 pide
1976 5323 2119 5365 stare
2155 5328 2260 5366 non
2288 5314 2614 5382 permittitur
2647 5331 2663 5365 ι
2717 5314 2982 5369 satellites
3015 5323 3256 5381 superat,
3308 5314 3410 5381 qui-

1827 5404 1988 5458 auimi
2007 5402 2184 5456 calore
2204 5403 2548 5472 bellandique
2571 5421 2666 5458 usu
2706 5405 2929 5460 assiduo
2950 5407 3165 5460 vincere
3182 5405 3412 5461 leonum

1828 5494 2082 5562 impetum
2110 5503 2273 5564 atque
2334 5495 2480 5549 vires
2507 5497 2730 5550 student
2759 5511 2772 5550 :
2811 5496 3144 5564 legionarios
3167 5515 3195 5550 a
3249 5507 3418 5565 tergo

1828 5585 2100 5655 relinquit,
2132 5574 2332 5656 quibus
2371 5587 2605 5642 dormire
2651 5603 2758 5642 non
2799 5589 2951 5654 licet,
3010 5589 3408 5648 excubitorum

1826 5677 2005 5735 olficiu
2043 5679 2411 5750 iungentibus.
2441 5679 2495 5734 Si
2529 5680 2762 5751 denique
2804 5691 2913 5738 tota
2953 5697 3039 5741 res
3076 5684 3415 5755 explicanda:
