3848 6196
169 311 256 381 541
688 366 693 369 ν
1528 326 1748 390 ORAT]

1855 331 1989 395 VII.

3321 332 3426 404 542

165 428 393 498 κρηπῖδα
414 428 508 483 καὶ
537 429 789 502 θεμέλιον
832 433 1072 504 ἀσφαλὲς
1133 436 1355 504 είδὲναι,
1411 438 1738 510 ἐρηρεισμὲ-

1854 454 2054 502 Jeatam
2078 447 2228 505 illam
2270 450 2616 507 dilectionem
2661 463 2783 506 esse
2829 448 3160 520 crepidinem
3202 459 3257 506 et
3296 462 3423 503 lun-

164 536 253 586 νην
279 520 370 573 ἐπὶ
384 523 485 589 τῆς
507 523 737 593 πέτρας,
763 525 926 580 αὑτοῦ
984 528 1222 600 Χριστοῦ
1258 546 1275 563 ο
1321 530 1478 603 ῥίζαν
1516 548 1576 584 τε
1628 533 1741 587 τῶν

167 612 374 677 ἀγαθῶν
404 614 532 682 ἑξῆς
562 616 841 684 ἀπάντων,
872 621 1257 697 διικνουμένην
1281 626 1339 687 ὲς
1379 625 1543 695 βάθος
1575 626 1740 697 μέγα,

166 706 250 757 καὶ
298 705 434 774 ὕψος
487 707 655 775 ὅντως
697 712 1136 787 ἀνεξερεύνητον,
1184 717 1343 787 εῐπερ
1389 717 1454 772 τά
1502 718 1605 788 μὲν
1645 718 1740 772 τοῦ

168 798 288 851 8εοῦ
324 800 551 854 τοιαῦτα
582 819 597 833 ’
631 806 664 874 ἠ
693 806 749 858 δὲ
775 808 1026 862 τοσοῦτον
1073 810 1132 863 ἑν
1172 809 1249 880 τῷ
1280 811 1422 880 Θεῷ,
1469 812 1594 865 ὅσον
1647 810 1744 865 καὶ

168 890 514 960 αὐτοαγάπ-ην
545 896 754 951 ἐκεῖνον
780 898 1057 966 λέγεσθαι.
1113 904 1225 955 Καὶ
1254 904 1304 957 εἰ
1327 903 1409 957 δεῖ
1434 906 1495 957 τὸ
1522 905 1632 957 πᾶν
1660 906 1741 958 εἰ·

169 986 295 1041 πεῖν.
328 988 490 1056 σειρᾷ
516 987 615 1055 μὲν
634 988 812 1043 ἔοικεν
834 991 1091 1061 ἄντικρυς
1113 993 1175 1048 τὸ
1201 995 1308 1048 τῶν
1330 997 1541 1065 ἀρετῶν
1560 996 1746 1066 ἀθροι-

170 1091 288 1140 σμα,
314 1077 410 1128 καὶ
440 1079 684 1148 ἀλλήλων
716 1080 929 1151 ἔχονται
974 1084 1169 1149 πᾶσαι,
1202 1086 1433 1155 ταυτησὶ
1469 1088 1525 1141 δὲ
1576 1087 1745 1157 μόνης

170 1166 488 1236 ἑξήρτηνται
512 1171 609 1238 τῆς
630 1173 868 1242 ἀγάπης.
899 1175 1062 1229 Ὥστε
1087 1178 1268 1231 πάντα
1292 1179 1360 1233 ἃν
1381 1179 1643 1249 ἁρμόσειε
1673 1181 1743 1233 τά

175 1258 421 1325 μέγιστα,
446 1261 543 1313 καὶ
578 1262 848 1332 βέλτιστα,
877 1266 972 1320 καὶ
1001 1269 1285 1337 κάλλιστα,
1309 1272 1402 1324 καὶ
1435 1271 1616 1341 τίμια,
1649 1274 1745 1327 καὶ

172 1351 353 1419 σεμνὰ,
391 1354 448 1405 εί
467 1372 553 1417 τις
577 1357 807 1426 ἀγείρας
840 1360 935 1413 καὶ
962 1360 1218 1426 συνελὼν,
1266 1362 1403 1432 αὐτῇ
1458 1380 1521 1427 γε
1572 1362 1744 1418 ταῦτα

172 1444 461 1511 προσοίσει.
496 1447 663 1502 Οὐδὲν
695 1451 806 1520 γὰρ
839 1448 1017 1521 οἶμαι,
1050 1455 1204 1508 οὐδὲν
1223 1455 1333 1508 τῶν
1361 1454 1582 1523 ἀγαθῶν
1618 1456 1746 1525 ἑξῆς

173 1537 407 1601 πάντων,
437 1538 574 1611 ὅπερ
609 1542 674 1594 ἂν
706 1542 913 1614 ἀπᾷδον
946 1546 1033 1616 εἴη
1058 1546 1167 1601 τῶν
1196 1548 1381 1617 ἐκείνῃ
1423 1564 1486 1616 γε
1519 1547 1748 1618 προσόν-

172 1646 267 1681 των
290 1631 605 1697 ἰδιωμάτων
641 1650 656 1664 ·
687 1633 876 1705 ὥσπερ
900 1636 1011 1690 οὐδ’
1044 1637 1160 1691 ἑστι
1190 1639 1300 1692 τῶν
1330 1640 1605 1705 ἁπάντων,
1628 1640 1746 1708 εῐγε

173 1721 257 1789 τῆς
297 1724 521 1792 μερίδος
545 1725 655 1777 τῶν
694 1727 915 1791 ἀγαθῶν
947 1729 1112 1793 ἐστιν,
1144 1730 1281 1801 ὅπερ
1324 1731 1400 1800 μὴ
1431 1731 1573 1784 πάνυ
1605 1749 1746 1801 συμ-

176 1814 394 1881 ϐήσεται
429 1817 498 1884 τῇ
547 1816 645 1883 τῆς
676 1819 1182 1890 ταπεινοφροσύνης
1235 1822 1518 1893 ἀκρότητι.
1561 1822 1744 1892 οὔσης

175 1903 253 1960 οὖν
276 1908 497 1977 ἑκείνης
528 1911 556 1962 ὅ
588 1926 750 1981 τιπερ
772 1912 1065 1981 κεφάλαιον
1096 1913 1204 1967 τῶν
1230 1915 1429 1981 καλῶν,
1461 1916 1612 1969 οὐδέν
1638 1933 1742 1970 που

174 2001 547 2069 ταπεινότερον
576 2002 725 2069 ὅμως
759 2003 819 2055 re
842 2003 942 2068 τῆς
975 2007 1329 2076 μετριότητος
1380 2006 1607 2076 μέγεθος
1645 2007 1741 2062 τοῦ

174 2089 261 2157 τῆς
280 2092 508 2159 ἀγάπης
539 2091 708 2161 ὕψους
742 2095 837 2149 καὶ
864 2094 1189 2166 ἀξιώματος.
1221 2097 1330 2149 Καὶ
1361 2098 1469 2167 γάρ
1509 2100 1624 2151 ἑστι
1650 2096 1746 2152 καὶ

174 2183 283 2235 καθ’
318 2184 499 2253 αὐτὴν
526 2184 783 2255 ἀγαθδνὴ
818 2189 1312 2259 ταπεινοφροσύνῃ,
1350 2190 1442 2242 καὶ
1472 2189 1745 2261 θησαυρὸς

173 2275 549 2333 ἀποδέδεικται
573 2278 684 2329 τῶν
714 2280 1146 2349 συνειλεγμένων
1176 2284 1309 2352 ἡμῖν
1342 2282 1527 2335 καλῶν
1551 2284 1614 2336 ἑκ
1649 2282 1743 2336 τοῦ

172 2369 256 2435 τῆς
274 2370 508 2439 ἀγάπης
541 2370 742 2423 εύθέων
772 2372 1040 2443 πτόρθων.
1100 2374 1261 2427 Ὥστε
1298 2374 1357 2439 ἑξ
1388 2375 1591 2443 ἀμφοῖν
1622 2374 1747 2441 ἀρί-

174 2474 277 2525 στη.
317 2460 451 2513 Εἴτε
480 2460 589 2527 γὰρ
616 2460 690 2521 ὠς
731 2462 885 2525 τέλος
934 2462 1104 2532 αὐτὴν
1155 2463 1558 2534 θεωρήσαιμεν,
1595 2464 1747 2523 οὐδὲν

172 2548 325 2617 αὐτῆς
354 2549 589 2617 ἄμεινον
622 2565 637 2580 ·
665 2550 768 2603 εἷθ’
801 2552 877 2614 ὼς
919 2554 1055 2622 πρὸς
1082 2553 1142 2606 τδ
1168 2554 1318 2617 τέλος
1348 2554 1486 2623 αὐτῇ
1518 2554 1746 2624 χρησαί-

171 2639 319 2705 μεθα,
355 2641 465 2693 οὐκ
498 2640 644 2694 ἔστιν
673 2643 965 2711 ἀποτυχεῖν
989 2642 1083 2697 τοῦ
1112 2642 1342 2698 σκοποῦ.
1382 2644 1586 2716 ’Ᾱγαθὴ
1637 2646 1747 2714 γάρ

172 2735 270 2786 ἐστι
293 2733 433 2787 καθ’
460 2734 650 2802 αὐτὴν,
685 2735 759 2797 ὡς
779 2735 1028 2805 εἰρηνική
1057 2752 1116 2788 τε
1147 2735 1243 2789 καὶ
1266 2738 1571 2807 πραοτάτη,
1625 2737 1652 2789 ὃ
1681 2738 1745 2810 δὴ

170 2821 287 2875 Θεοῦ
314 2824 476 2875 ἑστιν
497 2822 651 2877 ῐδιον.
689 2822 894 2893 Ἀγαθὴ
917 2824 972 2877 δὲ
994 2820 1061 2878 αὖ
1086 2826 1178 2878 καὶ
1201 2825 1377 2879 ἀλλων
1402 2825 1561 2879 ἕνεκα
1600 2824 1745 2878 πλεί-

171 2931 295 2967 στων
330 2931 346 2945 ·
385 2914 487 2966 καὶ
520 2914 609 2966 διά
653 2912 814 2968 τοῦτο
855 2913 1127 2985 θησαυρὸς
1190 2917 1407 2969 πάντων
1464 2914 1592 2983 ἑξῆς
1639 2914 1748 2969 τῶν

172 3006 340 3059 καλῶν
375 3011 477 3059 καὶ
512 3006 749 3077 εἴρηται,
778 3008 872 3062 καὶ
902 3008 1049 3062 ἔστιν
1076 3025 1091 3041 ο
1125 3009 1316 3079 ἐπειδὴ
1343 3009 1546 3080 ταύτης
1578 3010 1747 3081 χωρὶς

1773 1777 1823 1837 Β

1847 534 2165 593 damentum
2191 545 2425 601 certum,
2475 538 2718 592 innixum
2772 546 2962 608 petrae,
3025 538 3280 591 nimirum
3326 537 3427 606 ipsi

1845 624 2084 692 Christo,
2147 628 2499 699 radicemque
2534 629 2799 685 bonorum
2834 630 3428 700 omnium,pertingen-

1846 729 1954 774 tem
2031 719 2099 774 ad
2150 736 2400 789 magnam
2460 721 2909 791 profunditatem,
2968 732 3023 777 et
3076 722 3420 776 altitudinem

1844 824 2037 879 reapse
2071 824 2177 864 non
2206 811 2681 880 perscrutabilem,
2716 812 2989 880 siquidem
3020 827 3140 881 quae
3173 810 3268 865 Dei
3294 818 3427 867 sunt

1847 902 1973 956 talia
2001 910 2128 957 sunt
2155 921 2169 968 ;
2198 913 2253 958 et
2280 901 2396 972 ipsa
2443 918 2618 972 usque
2649 904 2782 958 adeo
2812 904 2866 957 in
2917 905 3024 957 Deo
3045 912 3147 966 est,
3194 902 3318 957 utis
3345 906 3428 972 lp-

1843 994 2060 1051 sissima
2092 1008 2309 1063 quoque
2347 995 2568 1051 dilectio
2599 1005 2961 1064 nuncupetur.
2998 995 3078 1051 Ad
3131 1010 3423 1059 summam,

1845 1096 2050 1141 catena
2074 1086 2377 1141 consimilis
2407 1097 2488 1142 est
2517 1088 2783 1142 virtutum
2814 1098 2989 1144 cretus
3023 1103 3040 1153 ;
3073 1098 3126 1142 et
3151 1097 3209 1139 ut
3232 1078 3427 1140 'omnes

1849 1178 2081 1235 invicem
2121 1179 2420 1245 cohaerent,
2480 1181 2756 1237 sicasola
2817 1181 3109 1237 dilectione
3168 1180 3432 1248 pendent.

1847 1270 2212 1337 Quamobrem
2240 1272 2363 1327 huic
2412 1273 2596 1328 omnia
2666 1273 3016 1344 congruerint
3070 1270 3332 1332 maxima,
3378 1277 3434 1324 et

1849 1365 2078 1433 optima,
2112 1372 2168 1420 et
2190 1364 2581 1435 pulcherrima,
2612 1374 2663 1420 et
2688 1364 3019 1429 veneranda,
3047 1372 3099 1418 et
3148 1370 3370 1431 augusta
3414 1377 3431 1424 ;

1852 1457 1896 1511 si
1932 1457 2059 1527 quis
2080 1471 2143 1512 ea
2175 1456 2427 1521 collecta,
2460 1463 2851 1526 congestaque,
2913 1454 3042 1509 huic
3098 1452 3436 1512 attribuerit.

1848 1547 2068 1603 Nullum
2086 1547 2261 1613 enim,
2323 1550 2541 1618 opinor,
2591 1547 2800 1602 nullum
2835 1548 3058 1601 omnino
3091 1546 3291 1600 bonum
3326 1552 3434 1607 est,

1849 1642 1993 1711 quod
2018 1641 2087 1697 iis
2113 1655 2140 1693 a
2160 1638 2582 1708 proprietatibus
2595 1638 3020 1707 discrepet.quac
3041 1635 3166 1690 huic
3191 1634 3431 1688 adsunt:

1850 1731 2011 1789 sicuti
2052 1745 2154 1785 nec
2173 1730 2398 1784 omnino
2431 1729 2723 1798 quidquam
2759 1735 2862 1791 est,
2908 1725 3069 1780 modo
3108 1723 3373 1779 bonorum
3402 1738 3439 1803 a

1850 1825 2111 1879 societate
2134 1837 2241 1878 non
2278 1821 2605 1887 excluditur,
2633 1820 2776 1891 quod
2828 1834 2933 1874 non
2983 1818 3265 1887 insigniter
3325 1816 3435 1870 hu-

1852 1916 2099 1972 militatis
2122 1915 2432 1969 eminentiae
2458 1928 2722 1982 supremze
2749 1911 3063 1967 conveniat.
3086 1910 3222 1966 Cum
3258 1910 3434 1981 igitur

1852 2011 1970 2080 ipsa
2007 2016 2173 2078 caput
2208 2016 2261 2062 et
2295 2016 2482 2061 vertex
2536 2007 2690 2076 quasi
2742 2005 2960 2075 quidam
3018 2005 3287 2059 bonorum
3342 2002 3434 2067 sit,

1851 2113 1961 2155 non
1999 2107 2180 2153 tamen
2213 2096 2476 2152 humilior
2493 2106 2575 2151 est
2605 2096 2881 2151 modestiae
2905 2096 3238 2165 magnitudo,
3271 2082 3433 2161 quam

1853 2188 2163 2245 dilectionis
2177 2187 2475 2242 eminentia
2508 2188 2576 2241 sit
2598 2198 2764 2256 atque
2789 2184 3047 2255 dignitas.
3078 2184 3174 2239 Est
3203 2184 3350 2238 enim
3378 2190 3435 2238 et

1854 2297 1951 2352 per
1981 2296 2038 2337 se
2066 2280 2265 2335 bonum
2292 2280 2563 2349 quoddam
2590 2280 2892 2342 humilitas,
2919 2288 2973 2333 et
3007 2291 3291 2333 ostensum
3326 2282 3433 2340 est,

1854 2374 1996 2428 hanc
2053 2388 2176 2428 esse
2217 2372 2531 2445 thesaurum
2595 2374 2861 2426 honorum
2893 2387 2920 2424 a
2970 2370 3124 2425 nobis
3153 2369 3219 2423 de
3276 2366 3440 2421 rectis

1854 2463 2164 2519 dilectionis
2203 2463 2371 2516 ramis
2397 2462 2780 2517 collectnrum.
2811 2460 3179 2527 Quamobrem
3206 2465 3441 2527 utraque

1854 2557 2063 2611 ratione
2095 2554 2548 2625 praestantissima
2580 2564 2684 2608 est.
2714 2554 2847 2608 Nam
2876 2553 2991 2607 sive
3019 2553 3166 2606 illam
3195 2558 3253 2633 ut
3278 2549 3437 2604 tinem

1855 2646 2413 2711 consideraverimus,
2433 2643 2572 2697 nihil
2605 2658 2667 2698 ea
2698 2645 2893 2699 melius
2916 2659 2930 2696 :
2954 2643 3069 2709 sive
3092 2651 3349 2711 tanquam
3372 2638 3440 2693 ad

1856 2738 2018 2793 linem
2048 2751 2110 2791 ea
2143 2735 2409 2791 fuerimus
2438 2735 2540 2800 usi,
2566 2735 2823 2789 aberrare
2847 2750 2875 2787 a
2902 2749 3068 2803 scopo
3103 2749 3210 2788 non
3244 2746 3442 2800 possu-

1854 2845 2002 2885 mus.
2038 2829 2131 2884 Est
2157 2827 2301 2882 euim
2330 2837 2384 2881 et
2413 2840 2511 2895 per
2540 2840 2599 2880 se
2621 2825 2783 2891 bona,
2820 2834 3075 2893 tanquam
3118 2822 3340 2893 paciﬁca
3386 2828 3443 2874 et

1853 2920 2167 2979 mitissima,
2191 2916 2335 2985 quod
2370 2930 2502 2970 sane
2550 2912 2661 2968 Deo
2712 2913 2990 2984 proprium
3026 2922 3152 2968 est:
3202 2922 3258 2966 et
3297 2911 3441 2965 bona

1858 3019 2067 3068 rursus,
2098 3002 2233 3056 alias
2261 3000 2527 3072 plurimas
2552 3001 2623 3056 ob
2654 3014 2851 3056 causas
2885 3018 2900 3067 ;
2937 3002 3168 3071 ideoque
3218 3000 3442 3055 thesau-

171 3099 450 3162 παντελῶς
468 3098 730 3151 ἀδύνατον
759 3099 791 3167 ἦ
819 3098 1104 3170 διαρκέσαι
1124 3100 1367 3179 χρηστόν
1394 3119 1515 3155 τινα
1537 3102 1747 3170 ἀνθρω-

1855 3112 1950 3151 rus
1971 3097 2238 3149 bonorum
2272 3094 2517 3150 omnium
2547 3104 2602 3149 et
2622 3094 2949 3164 appellatur,
2971 3102 3127 3149 etest
3156 3095 3433 3162 :quaudo—

173 3206 262 3243 πον
290 3192 455 3253 ὅντα,
483 3188 517 3257 ἢ
552 3188 647 3243 καὶ
677 3187 775 3257 τὴν
815 3188 992 3259 ἀρχὴν
1012 3189 1317 3257 γεγονέναι.
1353 3190 1540 3258 Ἴσμεν
1566 3188 1622 3241 δὲ
1658 3188 1752 3240 αὒ-

172 3281 260 3351 τὴν
285 3283 389 3337 καὶ
436 3280 600 3335 τοῦτο
625 3281 969 3352 χορηγοῦσαν
993 3282 1126 3351 ἡμῖν
1150 3282 1210 3335 τὸ
1238 3280 1420 3334 καλόν.
1454 3279 1595 3348 Πρὸς
1643 3279 1751 3346 γάρ

172 3374 254 3426 τὸν
284 3372 717 3445 είρηνικὼτατον
765 3372 857 3425 καὶ
884 3374 1189 3443 πραότατον
1236 3370 1508 3441 κηδεμόνα
1555 3388 1614 3423 τε
1656 3371 1752 3423 καὶ

172 3466 441 3533 δεσπότην
468 3464 617 3533 ἡμᾶς
674 3462 774 3534 τὴν
815 3463 1078 3530 ταχίστην
1139 3459 1476 3526 ἀναϐιϐάζει.
1537 3462 1753 3531 Ταύτην

176 3559 271 3627 γὰρ
302 3560 519 3619 ἐκεῖνος
548 3557 843 3624 ὑπερφυῶς
872 3555 1150 3618 διανύσας,
1182 3555 1241 3620 ἑξ
1271 3555 1493 3623 ἀγάπης
1529 3555 1749 3623 ἀμηχά-

176 3665 259 3701 νου
280 3647 554 3717 κινηθεὶς,
582 3648 730 3716 ἡμᾶς
760 3649 823 3699 ἐκ
843 3646 935 3699 τοῦ
963 3645 1237 3716 βαράθρου
1261 3647 1358 3715 τῆς
1398 3647 1498 3716 γῆς
1549 3646 1754 3716 ἀνήγα-

178 3759 266 3809 γεν
290 3746 373 3807 εἰς
405 3742 497 3795 τὸν
523 3742 775 3810 οὐρανὸν,
802 3740 1104 3809 ἑπομένους
1137 3739 1287 3809 αὐτῷ
1311 3740 1427 3791 κατ’
1483 3740 1646 3808 ἴχνος.
1693 3739 1753 3791 Ei

178 3834 277 3904 γάρ
304 3836 413 3903 τὴν
437 3832 611 3901 αὐτὴν
639 3830 836 3899 ἐκείνῳ
881 3831 1124 3902 χωρήσει
1169 3848 1253 3892 τις
1306 3830 1585 3899 ἀσφαλῶς,
1635 3829 1754 3893 πῶς

178 3928 233 3979 οὔ
271 3926 475 3998 ῥᾳδίως
506 3923 666 3978 αὐτὸν
694 3922 1067 3992 καταλήψεται
1101 3940 1116 3988 ;
1166 3918 1226 3975 οὗ
1257 3922 1309 3973 τί
1344 3920 1754 3992 μακαριώτερον

176 4019 364 4086 γένοιτ’
392 4018 501 4082 da;
535 4018 632 4071 καὶ
655 4016 742 4069 διὰ
770 4015 962 4079 ταῦτα,
996 4016 1091 4069 ἑάν
1126 4016 1356 4085 παραδῶ
1392 4016 1489 4078 τὰς
1545 4016 1756 4083 σάρκας

180 4128 296 4178 μου,
337 4111 431 4162 ἴνα
502 4107 892 4177 καυθήσωμαι,
946 4107 1168 4176 ἀγάπην
1230 4106 1285 4160 δὲ
1310 4106 1383 4176 μὴ
1433 4106 1561 4175 ἔχω,
1602 4106 1757 4158 οὐδὲν

175 4202 513 4271 ὠφελοῦμαι.
554 4201 663 4254 Καὶ
694 4199 981 4268 γινώσκειν
1016 4200 1168 4270 παρὰ
1194 4198 1287 4253 τοῦ
1318 4199 1570 4268 Σωτῆρος
1617 4198 1756 4251 δεδί-

175 4296 400 4362 δαγμαι,
438 4291 535 4345 τοῦ
558 4292 739 4362 ἔργοις
784 4309 850 4361 με
894 4292 954 4343 τὺ
998 4291 1218 4362 μέτριον
1258 4290 1458 4361 μᾶλλον
1499 4290 1531 4362 ἦ
1579 4291 1756 4358 λόγοις

174 4385 505 4449 διδάξαντος,
541 4382 727 4435 δοῦλον
772 4383 989 4449 ἀχρεῖον
1059 4382 1316 4452 ἐμαυτὸν,
1366 4383 1495 4435 ὅταν
1548 4382 1755 4451 εὑρεθῶ

1854 3187 2072 3259 quidem
2098 3186 2303 3255 absque
2358 3186 2462 3241 hac
2507 3185 2623 3242 ﬁeri
2670 3186 2815 3241 nulla
2872 3186 3083 3241 ratione
3130 3194 3328 3256 potest,
3384 3195 3442 3239 ut

1855 3280 2017 3336 homo
2059 3279 2140 3334 vel
2165 3280 2341 3334 bonus
2368 3293 2492 3334 esse
2516 3286 2853 3348 perseveret,
2882 3278 2966 3332 vel
3016 3279 3185 3332 bonus
3221 3275 3444 3331 omnino

1856 3372 1970 3426 ﬁat.
2011 3369 2270 3426 Eamdem
2297 3372 2502 3426 scimus
2525 3371 2632 3427 hoc
2662 3384 2881 3441 quoque
2906 3370 3035 3425 boni
3070 3369 3231 3424 nobis
3248 3384 3445 3439 suppe-

1855 3462 2053 3517 ditare.
2107 3460 2238 3515 Nam
2284 3461 2353 3515 ad
2389 3476 2603 3517 summe
2657 3461 2947 3532 pacificum
2988 3459 3445 3528 mitissimumque

1856 3563 2166 3608 curatorem
2209 3567 2274 3606 ac
2324 3554 2607 3607 dominum
2669 3563 2920 3608 nostrum
2953 3566 3115 3622 quam
3156 3551 3444 3607 celerrime

1858 3662 1956 3703 nos
1978 3644 2236 3700 sustullit.
2267 3643 2441 3713 Hujus
2465 3645 2610 3700 enim
2648 3645 2737 3700 ille
2764 3659 2988 3700 cursum
3061 3658 3186 3697 cum
3220 3642 3446 3696 miriﬁce

1856 3738 2206 3806 complesset,
2235 3750 2420 3790 amore
2450 3745 2627 3789 motus
2658 3736 2951 3800 immenso,
2984 3748 3087 3790 nos
3108 3750 3136 3787 e
3160 3742 3320 3789 terra:
3342 3734 3443 3789 ba-

1858 3829 2045 3883 rathro
2073 3827 2331 3883 subduxit
2356 3828 2421 3879 ad
2444 3828 2664 3892 caelum,
2687 3828 2926 3897 vestigiis
2948 3826 3064 3894 ejus
3091 3827 3441 3883 inhaerentes.

1856 3916 1989 3970 Nam
2014 3917 2057 3971 si
2088 3917 2209 3985 quis
2230 3917 2418 3971 eodem
2452 3931 2573 3970 cum
2637 3897 2729 3970 illo
2778 3931 2970 3971 secure
3001 3926 3190 3986 pergat
3224 3918 3440 3983 itinere,

1857 4023 1965 4078 quo
1993 4016 2152 4079 pacto
2185 4024 2294 4063 non
2327 4009 2393 4061 ad
2436 4024 2560 4064 eum
2603 4008 2764 4063 facile
2790 4012 3071 4078 perveniet
3100 4011 3123 4063 ἲ
3162 4025 3269 4078 quo
3312 4025 3444 4064 sane

1857 4099 1987 4170 quid
2027 4100 2279 4155 accidere
2326 4099 2542 4156 beatius
2600 4101 2803 4155 homini
2841 4100 3057 4170 possit?
3110 4101 3338 4168 ideoque
3398 4101 3443 4155 si

1860 4190 2065 4259 tradam
2096 4205 2291 4246 carnes
2327 4206 2497 4255 meas,
2523 4200 2581 4245 ut
2601 4192 2921 4255 comburar,
2950 4191 3292 4246 dilectionem
3316 4206 3444 4245 vero

1858 4301 1964 4340 non
1998 4286 2225 4341 habeam
2259 4301 2276 4351 ;
2312 4284 2443 4339 nihil
2472 4285 2597 4340 inde
2621 4299 2924 4354 consequor
2953 4284 3330 4339 emolumenti.
3379 4284 3447 4337 Et

1858 4381 2084 4434 eductus
2143 4394 2171 4433 a
2221 4376 2506 4433 Salvatore
2569 4394 2713 4443 sum,
2776 4379 2867 4448 qui
2930 4378 3245 4432 modestiam
3287 4376 3447 4432 factis

176 4477 400 4544 πληρῶν
441 4474 539 4528 καὶ
576 4473 752 4526 πάντα
780 4473 848 4525 τὰ
877 4472 1081 4525 ἑκείνου
1149 4474 1567 4543 προστάγματα.
1632 4475 1748 4528 ὐτι

1859 4471 2039 4540 potius
2098 4485 2261 4540 quam
2302 4470 2482 4526 verbis
2515 4484 2602 4525 me
2626 4471 2837 4533 docuit,
2875 4476 2931 4523 ut
2965 4470 3225 4539 meipsum
3275 4485 3447 4539 agno-

178 4566 270 4631 μὲν
302 4562 399 4619 οὖν
426 4563 602 4627 οὕτως
632 4562 744 4633 ἔχει
774 4563 841 4616 τὰ
861 4564 959 4631 τῆς
987 4562 1208 4633 ἀγάπης
1245 4565 1341 4616 καὶ
1374 4566 1748 4636 μετριότητος,

172 4658 346 4731 δῆλον.

244 4924 307 4977 Ei
338 4925 399 4977 δὲ
432 4924 496 4992 δὴ
521 4925 616 4977 καὶ
654 4923 813 4977 τοῦτο
839 4922 1017 4995 χρεών
1056 4924 1192 4989 ἑστι,
1233 4923 1549 4986 συνελόντας
1602 4924 1753 4993 ἡμᾶς

180 5016 352 5068 εἰπεῖν
381 5015 624 5087 ὡσπερεὶ
649 5017 1204 5087 κεφαλαιωδέστερον,
1235 5016 1499 5087 ἑκατέρας
1524 5011 1751 5086 τοῦργον

180 5107 353 5160 καὶτὸ
389 5107 520 5161 ἴδιον
546 5108 663 5160 ἐστι
698 5108 799 5178 μὲν
831 5109 864 5178 ἡ
897 5109 1114 5179 ἀγάπη,
1171 5109 1355 5179 μήτηρ
1381 5124 1439 5159 τε
1475 5106 1616 5172 ἅμα,
1658 5105 1753 5159 καὶ

179 5198 393 5265 τροφὸς,
426 5199 521 5251 καὶ
552 5199 701 5271 ῥίζα,
731 5200 825 5252 καὶ
856 5200 1066 5269 κρηπὶς
1086 5199 1348 5270 ἄντικρυς
1375 5197 1455 5269 τῷ
1485 5199 1595 5251 τῶν
1626 5199 1754 5267 ἀρε-

182 5288 283 5341 τῶν
311 5294 642 5367 συστήματι,
674 5293 818 5362 ἀρχή
849 5310 907 5345 τε
940 5294 1051 5357 τοῖς
1074 5290 1319 5345 ὁδεύουσι
1366 5290 1503 5361 πρὸς
1550 5291 1753 5359 ἀρετὴν

186 5378 375 5442 ἅπασι,
409 5382 500 5433 καὶ
528 5381 797 5454 πλάστης,
839 5384 933 5436 καὶ
957 5381 1240 5451 ἀλείπτης,
1267 5381 1340 5443 ὡς
1373 5380 1439 5435 ἀν
1474 5398 1555 5442 τις
1580 5379 1748 5444 εἴποι,

192 5468 283 5517 καὶ
315 5468 655 5535 ἁπαξαπλῶς
688 5472 797 5525 πᾶν
834 5471 1098 5535 τοιοῦτον,
1129 5464 1189 5525 οὗ
1225 5471 1391 5542 χωρὶς
1420 5471 1523 5524 οὐκ
1575 5470 1750 5523 ἔνεστι

186 5556 435 5617 γενέσθαι
460 5576 510 5611 τι
542 5559 651 5612 τῶν
686 5561 940 5632 χρηστῶν
987 5564 1107 5626 ταῖς
1166 5563 1463 5632 ἡμετέραις
1501 5560 1700 5631 ψυχαῖς
1732 5579 1747 5593 ⁸

190 5643 297 5699 ἐστι
318 5647 376 5700 δὲ
403 5648 437 5715 ἡ
465 5652 933 5723 ταπεινοφροσύνη
960 5652 1225 5716 οἱονείτις
1248 5653 1388 5717 ὁδὸς,
1433 5655 1524 5706 καὶ
1552 5654 1746 5723 πέρας,

193 5735 277 5785 καὶ
304 5737 333 5789 ὅ
354 5753 512 5811 τιπιρ
536 5742 599 5795 ἂν
623 5741 833 5813 γένοιτο
862 5742 896 5813 ἢ
946 5745 1118 5798 νοοῖτο
1166 5742 1405 5815 ἔρεισμα
1448 5743 1542 5797 καὶ
1575 5746 1745 5815 quiat-

1853 4574 2004 4615 scam
2036 4560 2284 4615 inutilem
2313 4575 2557 4624 servum,
2586 4559 2752 4614 etiam
2780 4574 2903 4614 cum
2958 4559 3211 4612 mandata
3270 4558 3444 4628 ipsius

1851 4653 2036 4708 omnia
2120 4667 2207 4707 me
2267 4652 2525 4720 implesse
2585 4652 2914 4707 constiterit.
2971 4650 3261 4705 Enimvero
3311 4652 3449 4704 hanc

1853 4753 1963 4796 tum
1984 4741 2317 4806 dilectionis,
2353 4752 2465 4796 tum
2493 4742 2775 4797 modestia:
2808 4742 3073 4796 rationem
3137 4754 3278 4806 esse,
3332 4754 3452 4792 ma-

1858 4836 2060 4891 nifesto
2098 4850 2162 4904 pa
2174 4846 2275 4888 ret.

1923 4924 2077 4991 Quod
2095 4924 2140 4979 si
2165 4934 2345 4978 autem
2367 4940 2394 4977 a
2418 4924 2572 4980 nobis
2590 4933 2643 4979 et
2664 4924 2767 4980 hoc
2794 4924 3112 4994 requiritur,
3134 4935 3193 4979 ut
3212 4925 3450 4980 breviter

1853 5019 2125 5087 quasique
2178 5019 2489 5073 summatim
2532 5018 2816 5088 utriusque
2845 5027 2953 5073 tam
2985 5018 3253 5082 ofﬁcium,
3278 5033 3445 5087 quant

1861 5110 2252 5179 proprietatem
2287 5125 2675 5179 exponamus;
2721 5112 2937 5165 dilectio
2994 5111 3214 5179 quidem
3273 5120 3447 5163 mater

1860 5212 1943 5257 est
1975 5204 2205 5272 pariter.
2234 5213 2286 5258 et
2310 5203 2515 5269 nutrix,
2573 5214 2627 5257 et
2682 5204 2859 5267 radix,
2893 5211 2947 5256 et
2995 5203 3219 5267 crepido
3281 5201 3446 5254 totius

1859 5292 2126 5346 virtutum
2159 5294 2427 5360 corporis,
2501 5301 2665 5361 atque
2716 5291 3039 5361 principiqu
3091 5290 3443 5359 pergentibus

1858 5381 1925 5433 ad
1962 5380 2218 5434 virtutem
2243 5380 2537 5445 universis,
2560 5391 2613 5435 et
2645 5380 2955 5443 formatrix,
2989 5391 3043 5434 et
3074 5381 3312 5444 uuctrix,
3362 5379 3443 5433 uti

1858 5472 1982 5542 quis
2009 5472 2232 5538 dixerit,
2265 5481 2318 5527 et
2345 5472 2666 5542 simpliciter
2698 5472 2830 5525 nihil
2860 5487 2966 5525 non
2992 5471 3284 5539 ejusmodi.
3309 5471 3442 5526 abs-

1858 5578 1965 5631 que
1997 5577 2103 5631 quo
2131 5561 2257 5617 boni
2285 5564 2562 5632 quidpiam
2602 5564 2802 5617 nostris
2830 5564 2884 5618 in
2925 5563 3123 5618 animis
3175 5562 3443 5617 exsistere

1860 5655 2067 5723 nequit.
2106 5652 2396 5709 liumilitas
2427 5668 2557 5709 vero
2588 5654 2743 5724 quasi
2792 5655 2879 5709 via
2939 5653 3188 5725 qumdzun
3242 5663 3348 5718 est,
3382 5661 3438 5707 et

1860 5746 1983 5803 linis
2006 5757 2057 5803 ct
2100 5746 2458 5819 quodcunque
2515 5746 2597 5806 vel
2638 5762 2782 5816 esse,
2842 5749 2923 5805 vel
2985 5747 3210 5820 cogitari
3266 5752 3443 5817 possit
