3848 6196
415 260 522 325 ἶόθ

1578 258 1978 320 MANUELIS
2014 259 2457 322 PALIEOLOGI

3508 276 3619 339 διι-

410 356 1103 436 fulcrum,accnratumque
1130 366 1443 438 praesidium
1498 367 1768 424 bonorum
1804 368 1980 424 omni-

2106 371 2312 442 ιτήριον
2344 372 2571 444 ἀκριϐὲς
2603 375 2823 431 πάντων
2862 378 2989 450 ἑξῆς
3015 380 3118 433 τῶν
3153 380 3351 446 καλῶν,
3372 381 3510 451 λῆξίς
3548 402 3599 437 τε

417 480 528 528 nm,
556 465 925 530 virtutumque
986 459 1273 525 terminus,
1336 468 1386 515 et
1418 460 1659 530 requies,
1697 471 1750 515 et
1794 470 1982 529 portus

412 552 688 617 Salutaris,
752 560 806 605 et
862 550 1016 606 locus
1077 560 1247 618 tutus,
1317 550 1455 606 ultra
1509 566 1669 618 quem
1727 549 1979 621 progredi

410 644 624 711 longius
677 642 904 697 minime
927 642 1009 697 fas
1056 651 1160 708 est,
1221 643 1313 697 sed
1358 644 1595 697 victores
1638 643 1723 697 hic
1758 642 1985 697 iirrniter

412 738 754 803 insiSIentes,
817 752 911 805 spe
978 730 1386 792 reconditorum
1461 736 1564 791 sibi
1643 736 1982 805 praemiorum

412 838 582 882 semet
618 826 909 882 oblectent.
941 827 1079 893 Quin
1117 827 1279 882 etiam
1330 830 1430 882 hac
1463 826 1673 881 ratione
1738 826 1884 880 velut
1930 825 1983 879 in

412 919 718 986 acquilihrio
755 933 852 983 par
886 920 1028 973 istud
1064 928 1170 973 est.
1215 919 1681 984 Quemadmodum
1742 918 1884 972 enim
1940 916 1986 970 si

416 1010 635 1063 dilectio
663 1024 765 1063 non
811 1010 978 1076 adsit,
1022 1011 1156 1063 nihil
1194 1010 1318 1064 boni
1388 1010 1504 1065 ﬁeri
1561 1017 1786 1077 potest:
1821 1008 1895 1062 ita
1937 1005 1986 1061 si

418 1102 560 1154 absit
601 1100 898 1165 hmnilitas,
938 1101 1082 1154 nulla
1104 1100 1405 1155 dilectionis
1450 1100 1589 1154 bona
1638 1098 1795 1152 nobis
1837 1096 1987 1152 salva

421 1194 736 1255 manehunt,
768 1193 861 1246 sed
909 1192 1193 1246 confeStim
1250 1191 1407 1261 quasi
1454 1190 1659 1260 dilapsa
1713 1187 1985 1257 peribunt,

420 1280 593 1333 instar
638 1282 991 1335 hibernorum
1049 1281 1267 1343 ﬂorum,
1324 1294 1555 1348 quorum
1608 1277 1860 1345 splendor
1894 1278 1989 1331 diu

423 1384 530 1421 non
569 1367 755 1434 durat,
780 1380 834 1423 et
859 1369 1155 1438 fragrantia
1191 1367 1349 1423 exilis
1396 1377 1500 1433 est,
1556 1377 1609 1422 et
1656 1366 1865 1422 fructus
1913 1366 1992 1419 in-

424 1461 797 1528 tempestivus,
828 1460 871 1516 si
927 1462 1159 1515 maxime
1215 1459 1499 1529 proveniat
1528 1473 1590 1513 ac
1635 1465 1989 1523 maturescat,

421 1552 847 1621 perexiguusest
871 1567 934 1606 ac
986 1552 1249 1620 ingratus,
1290 1566 1468 1619 neque
1520 1552 1719 1605 durare
1780 1557 1988 1620 potest.

2081 462 2190 516 τῶν
2214 463 2447 531 ἀρετῶν,
2479 466 2572 520 καὶ
2617 465 2945 534 ἀνάπαυσις,
2990 472 3083 525 καὶ
3136 472 3389 542 σωτήριος
3434 473 3599 545 λιμὴν,

2084 555 2172 605 καὶ
2196 554 2394 625 χωρίον
2427 557 2686 625 ἀσφαλὲς,
2710 551 2771 613 οὗ
2794 576 2857 625 γε
2877 561 2957 614 δεῖ
2984 562 3057 630 μὴ
3087 564 3385 633 περαιτέρῳ
3410 566 3601 635 χωρεῖν,

2082 644 2197 697 ἀλλ’
2252 646 2502 715 ἑδραίους
2546 649 2869 717 ἱσταμένους
2917 652 3145 705 ἐνταῦθα
3202 656 3326 715 τοὺς
3376 654 3607 724 ἀριστέας

2085 736 2472 804 εὐφραίνεσθαι
2504 741 2623 801 ταῖς
2653 740 2835 793 ἐλπίσι
2881 741 2990 794 τῶν
3038 744 3403 812 ἀποκειμένων
3448 746 3609 808 αὐτοῖς

2086 828 2285 898 γερῶν.
2317 829 2429 881 Καὶ
2464 830 2572 901 μὴν
2603 831 2696 883 καὶ
2726 834 2869 887 κατά
2915 834 3032 887 τόδε
3091 836 3366 906 ἰσόρροπός
3410 837 3543 889 ἐστιν
3579 839 3608 908 ἡ

2089 917 2317 989 ξυνωρὶς
2337 918 2498 989 αὕτη.
2542 921 2630 983 Ὠς
2656 923 2766 991 γὰρ
2810 922 2911 990 τῆς
2938 923 3162 993 ἀγάπης
3190 923 3442 993 ἀπούσης,
3482 926 3612 979 οὐδὲν

2087 1009 2154 1065 ἂν
2173 1010 2348 1080 δήπου
2386 1010 2493 1063 τῶν
2529 1012 2750 1079 ἀγαθῶν
2772 1013 3001 1081 γένοιτο,
3036 1013 3180 1067 οὕτω
3208 1016 3297 1066 καὶ
3324 1014 3416 1084 τῆς
3450 1030 3613 1068 ταπει-

2088 1097 2423 1168 νοφροσύνης
2460 1100 2874 1169 ἀφεστηκυίας,
2940 1100 3095 1154 οὐδὲν
3159 1101 3290 1168 ἡμῖν
3340 1100 3616 1168 παραμενεῖ

2091 1192 2199 1242 τῶν
2250 1191 2353 1258 τῆς
2407 1189 2626 1261 ἀγάπης
2678 1190 2885 1254 καλῶν,
2933 1190 3069 1243 ἀλλά
3119 1189 3316 1242 αὐτίκα
3367 1189 3615 1258 οἰχήσεται

2093 1280 2472 1351 καταρρυέντα
2522 1283 2651 1353 περὶ
2683 1282 2842 1348 αὐτὰ,
2892 1282 3032 1335 κατὰ
3089 1280 3160 1332 τά
3215 1280 3487 1350 χειμερινά
3524 1280 3616 1333 τῶν

2090 1370 2316 1434 ἀνθέων,
2340 1365 2414 1425 ὧν
2443 1373 2542 1425 οὐκ
2600 1374 2681 1435 είς
2719 1371 2927 1441 μακρὸν
2970 1372 2999 1439 ἡ
3044 1370 3379 1439 λαμπρότης,
3430 1369 3515 1421 καὶ
3566 1371 3618 1421 τδ

2093 1464 2289 1526 εὐῶδες
2317 1464 2548 1532 ἀδρανές
2573 1481 2585 1493 ·
2615 1464 2707 1517 καί
2738 1465 2767 1516 ὁ
2798 1462 2872 1532 μὴ
2903 1462 2999 1515 σὺν
3058 1461 3176 1531 ὥρᾳ
3224 1460 3424 1529 καρπὸς
3453 1459 3501 1512 εί
3533 1462 3617 1511 πού

2092 1574 2156 1626 γε
2184 1557 2279 1611 καὶ
2323 1557 2550 1624 γένοιτο,
2580 1558 2673 1608 καὶ
2718 1554 3125 1623 τελεωορὴσει,
3176 1550 3410 1620 ἐξίτηλός
3437 1567 3513 1616 τις
3541 1550 3621 1605 καὶ

423 1640 570 1708 llaec,
640 1654 697 1697 ut
739 1644 990 1713 equidem
1050 1647 1269 1712 opinor,
1324 1643 1751 1712 proprietatibus
1798 1643 1987 1695 harum

2106 1647 2288 1718 Ξιηδὴς,
2314 1646 2409 1699 καὶ
2445 1646 2687 1714 διαρκεῖν
2720 1645 2794 1714 μὴ
2817 1644 3134 1711 δυνάμενος.
3190 1641 3355 1694 Ταυτὶ
3413 1640 3502 1708 μιν
3544 1639 3620 1693 οὖν

414 1733 793 1802 congruerint.
845 1735 984 1801 Quid
1018 1746 1197 1789 autem
1236 1735 1315 1790 eis
1346 1748 1636 1789 commune
1668 1732 1759 1797 sit,
1788 1747 1990 1801 cogno-

2106 1714 2387 1808 itppdtmsv
2415 1736 2480 1790 ἂν
2506 1734 2661 1805 οἶμαι
2681 1738 2799 1798 ταῖς
2829 1734 3057 1788 ἐκείνων
3086 1732 3337 1801 ἰδιότησιν
3365 1746 3380 1761 ⁶
3410 1732 3437 1783 ὃ
3458 1732 3509 1783 δὲ
3530 1748 3622 1783 κοι-

422 1834 576 1875 scere
599 1823 644 1875 si
674 1825 859 1889 cupias
891 1841 905 1878 :
939 1824 995 1878 id
1040 1838 1157 1880 mea
1191 1839 1321 1880 sane
1370 1824 1637 1880 sententia
1675 1825 1777 1878 hoc
1819 1822 1994 1892 ipsum

428 1910 695 1981 imprimis
735 1911 920 1968 fuerit.

499 2088 633 2145 Esse
664 2088 791 2144 mihi
827 2089 1083 2161 videntur
1114 2089 1211 2146 alae
1236 2088 1388 2147 illius
1442 2090 1672 2161 egregia
1711 2084 1994 2155 columbae,

434 2180 687 2234 nimirum
726 2178 980 2251 Spiritus,
1010 2196 1145 2252 quas
1169 2192 1222 2235 et
1248 2179 1481 2236 Davides
1503 2181 1732 2249 optavit,
1771 2190 1828 2234 ut
1850 2195 1993 2234 avo-

433 2271 570 2326 larel.
612 2289 675 2327 ac
719 2275 1106 2343 requiesceret.
1154 2272 1258 2328 Sed
1321 2271 1717 2343 reprehendent
1769 2271 2000 2328 fortasse

434 2380 530 2418 nos
562 2364 801 2434 quidam,
839 2375 898 2419 ut
925 2367 1014 2434 qui
1052 2375 1251 2421 metum
1304 2364 1579 2421 dilectioni
1638 2381 1743 2419 non
1778 2379 1994 2435 μιξερο-

434 2456 726 2508 suerimus.
779 2453 948 2509 Aiunt
1000 2455 1143 2508 enim
1204 2450 1371 2517 divini
1404 2455 1674 2519 doctores,
1708 2452 1823 2522 pios
1854 2453 2000 2507 viros

434 2542 753 2612 incipientes
784 2543 850 2599 ad
886 2543 1137 2600 virtutem
1194 2547 1435 2611 tendere,
1468 2560 1498 2598 a
1550 2556 1693 2599 metu
1728 2543 1997 2615 supplicii,

436 2638 691 2702 tauquam
724 2652 751 2689 a
796 2636 1129 2704 carceribus,
1173 2632 1454 2705 progredi;
1492 2636 1680 2690 deinde
1736 2649 1829 2705 per
1868 2634 2001 2691 alias

436 2726 711 2798 pergendo
748 2729 1124 2799 cogitationes,
1184 2728 1249 2783 ad
1289 2743 1529 2783 amorem
1582 2729 1873 2797 quemdam
1907 2726 2002 2782 ad—

436 2818 737 2874 mirabilem
765 2819 1164 2875 reconditarum
1196 2816 1515 2874 fruitionum
1558 2820 1841 2890 pervenire
1861 2858 1879 2886 ,
1911 2830 2000 2873 at-

437 2924 541 2977 que
572 2911 715 2965 hunc
748 2912 799 2966 in
828 2913 1047 2966 modum
1087 2909 1331 2979 deposito
1367 2921 1537 2976 metu,
1591 2925 1831 2965 amorem
1872 2926 2001 2982 erga

2097 1830 2185 1884 νόν
2216 1831 2360 1882 ἐστιν
2407 1829 2612 1892 αὐτοῖς,
2664 1827 2781 1894 εῐγε
2842 1825 3067 1895 ζητοίης
3114 1823 3324 1894 μαθεῖν,
3367 1824 3528 1877 ἐκεῖνο
3569 1824 3622 1875 ἂν

2096 1920 2181 1987 εἴη
2231 1919 2461 1988 μάλιστα
2493 1919 2742 1985 πάντων,
2800 1918 2874 1982 ὡς
2909 1918 3103 1988 ἔμοιγε
3143 1917 3463 1987 παρίσταται
3520 1916 3624 1982 περὶ

2094 2011 2286 2067 τῶνδε.
2612 2064 2622 2075 ,

2166 2102 2394 2157 Δοκοῦσί
2451 2119 2540 2172 μοι
2588 2102 2859 2173 πτέρυγες
2917 2095 3062 2154 εἶναι
3117 2098 3436 2167 ὲκείναιτῆς
3480 2096 3624 2165 καλῆς

2098 2195 2450 2264 περιστερᾶς,
2485 2193 2686 2264 δηλαδὴ
2710 2194 2803 2247 τοῦ
2836 2194 3179 2261 Πνεύμειτος,
3209 2186 3283 2244 ὧν
3312 2193 3338 2244 ὁ
3362 2189 3511 2242 Antid
3546 2189 3627 2240 ἑπ-

2099 2283 2400 2354 εθύμησεν,
2439 2285 2515 2347 ὡς
2573 2284 2907 2354 πετασθῆναι
2960 2283 3057 2337 καὶ
3110 2281 3474 2335 καταπαῦσαι.
3511 2278 3614 2330 ’Δλλ

2101 2375 2230 2437 ἴσως
2260 2374 2321 2442 γέ
2347 2392 2488 2437 τινες
2518 2375 2672 2444 ήμῶν
2700 2374 3087 2445 ἐπιλήψονται,
3123 2372 3197 2435 ὡς
3227 2372 3300 2443 μὴ
3325 2370 3417 2439 τῆς
3442 2369 3626 2437 ἀγάπης

2101 2466 2527 2537 προτεθεικότων
2549 2466 2639 2519 τὸν
2667 2466 2849 2536 φόϐον.
2885 2464 3111 2535 Ἐπειδὴ
3139 2480 3300 2531 φασιν
3335 2465 3380 2515 ot
3409 2461 3527 2513 θεῖοι
3564 2458 3629 2509 δι-

2103 2558 2379 2623 δάσκαλοι,
2434 2557 2509 2620 ὡς
2572 2559 2633 2633 οἱ,
2669 2558 2913 2620 εὐσεϐεῖς
2962 2558 3161 2626 ἄνδρες
3190 2556 3466 2627 ἀρχόμενοι
3517 2550 3628 2621 πρδς

2105 2650 2306 2720 ἀρετὴν
2336 2649 2654 2717 ἀνάγεσθαι,
2699 2649 2809 2702 ἀπὸ
2856 2646 2954 2701 τοῦ
3008 2649 3114 2716 τῆς
3166 2648 3429 2713 κολάσεως
3467 2641 3628 2709 φόϐου.

2102 2742 2176 2807 ὡς
2207 2742 2315 2796 ἀπὸ
2340 2740 2604 2811 βαλϐῖδος,
2630 2740 2927 2811 ὁρμῶν-ται.
2962 2735 3102 2793 Εἶτα
3132 2738 3198 2791 δι’
3236 2737 3401 2790 ἄλλων
3450 2732 3629 2786 ὁδεύον-

2105 2849 2197 2895 τες
2239 2831 2535 2899 λογισμῶν,
2603 2830 2951 2884 καταντῶσιν
3023 2830 3111 2892 εἰς
3179 2826 3478 2896 θαυμαστόν
3530 2840 3631 2876 τινα

2106 2920 2283 2992 ἔρωτα
2306 2922 2413 2974 τῶν
2439 2922 2816 2991 ἀποκειμένων
2838 2917 3046 2973 ἀπολαύ
3057 2935 3218 2972 σεων.
3270 2918 3376 2970 Καὶ
3404 2916 3555 2986 ταύτῃ
3579 2928 3632 2980 γε

436 3000 602 3055 Deum
633 3004 1059 3071 apprehendere.
1086 3002 1298 3074 Quippe
1328 3010 1602 3074 nequeunt
1630 3007 1789 3057 ambo
1842 3006 1990 3073 pari-

2106 3013 2193 3065 τὸν
2215 3013 2375 3079 φόϐον
2403 3012 2746 3082 ἀποθέμενοι,
2782 3013 2880 3081 τῆς
2922 3013 3063 3078 πρὸς
3127 3010 3218 3063 τὸν
3273 3009 3402 3062 Θεὸν
3444 3007 3631 3075 ἀγάπης

436 3103 519 3146 ter
542 3094 747 3159 adesse,
790 3095 882 3149 sed
916 3111 980 3150 ex
1019 3095 1098 3150 eis
1124 3094 1358 3150 alterum
1390 3095 1509 3150 loco
1555 3095 1748 3149 cedere
1779 3108 2000 3150 necesse

437 3192 541 3247 est,
594 3185 865 3253 siquidem
898 3187 1129 3240 alterum
1186 3188 1377 3241 adesse
1428 3185 1644 3241 debeat.
1687 3187 1811 3240 Haec
1843 3187 2004 3256 igitur

439 3273 537 3337 illi,
568 3275 633 3329 de
666 3276 816 3330 hisce
837 3276 1046 3330 duobus
1074 3275 1424 3341 disserentes,
1444 3276 1859 3346 adeoquelonge
1891 3277 2009 3345 plu-

441 3382 498 3419 ra
530 3367 945 3437 pulchrioraque
978 3369 1217 3423 tradunt.
1253 3369 1366 3439 Ego
1415 3383 1544 3424 vero
1588 3369 2009 3438 reprehensuros

441 3460 561 3512 illos
600 3461 897 3514 orationem
970 3460 1203 3516 fortasse
1297 3470 1565 3527 nostram,
1617 3462 1797 3519 verbis
1826 3460 2011 3528 hujus-

442 3549 584 3603 modi
614 3550 1031 3619 compellavero.
1089 3548 1233 3604 Heus
1294 3561 1371 3616 ιιι,
1406 3553 1545 3607 bone
1595 3553 1695 3616 vir,
1727 3553 1828 3607 hoc
1845 3551 2008 3606 etiam

442 3642 890 3697 considerandum
923 3646 1086 3698 venit.
1118 3644 1243 3698 Mihi
1277 3645 1611 3713 propositum
1644 3653 1761 3697 erat
1791 3646 1858 3697 ab
1910 3642 2013 3697 ini-

443 3738 541 3797 tio,
591 3736 657 3790 de
719 3737 1028 3799 virtutibus,
1064 3746 1117 3791 et
1152 3752 1337 3813 eagum
1388 3738 1531 3791 inter
1588 3751 1647 3791 se
1684 3732 2010 3803 cognatione

443 3828 694 3897 quiddam
728 3830 878 3899 quasi
910 3826 1272 3899 perfunctorie
1302 3830 1586 3891 disserere,
1630 3842 1735 3882 non
1761 3826 1824 3881 de
1844 3825 2013 3880 allec-

445 3921 586 3975 tihns
607 3921 773 3991 loqui.
806 3921 1008 3987 thuia
1031 3930 1229 3975 metum
1250 3920 1362 3976 scio
1401 3934 1503 3973 non
1539 3917 1857 3973 laudabilem
1881 3918 2013 3972 aﬂ‘e-

443 4026 589 4066 ctum
622 4027 745 4067 esse
768 4028 864 4081 per
885 4028 963 4076 se,
995 4013 1120 4068 licet
1172 4015 1236 4065 ad
1265 4011 1468 4081 optima
1493 4024 1719 4079 quaeque
1750 4023 2011 4077 conpere-

444 4115 551 4169 tnr,
580 4105 624 4159 si
658 4107 951 4160 secundum
1007 4105 1169 4159 Deum
1218 4104 1337 4169 sit;
1390 4103 1613 4157 minime
1665 4099 2008 4154 referendum

444 4195 584 4249 inter
611 4196 837 4250 virtutes
866 4197 1078 4258 censui,
1119 4202 1453 4263 quapropter
1485 4207 1593 4245 non
1623 4191 1717 4245 abs
1753 4205 1811 4245 re
1843 4189 2013 4243 silen—

444 4288 518 4340 tio
553 4290 854 4356 prmteritns
884 4298 986 4341 est.
1018 4288 1203 4354 Itaque
1232 4287 1344 4339 Deo
1369 4294 1421 4338 te
1474 4284 1698 4349 juvante
1754 4283 1805 4335 in
1836 4283 2014 4337 susci-

2106 3103 2586 3171 ἐπιλαμϐάνονται.
2612 3102 2688 3156 Οὐ
2728 3102 2837 3171 γὰρ
2870 3101 3018 3153 ἐστιν
3045 3102 3220 3171 ἄμφω
3249 3100 3510 3168 παρεῖναι,
3538 3091 3631 3147 ἀλλ’

2106 3196 2402 3262 ἀναγκαῖον
2436 3193 2786 3262 ὑποχωρῆσαι
2818 3192 2876 3244 τὺ
2898 3192 3117 3261 ἕτερον,
3161 3193 3210 3244 εί
3274 3188 3445 3259 μέλλει
3487 3201 3633 3252 παρα-

2108 3285 2351 3354 γίνεσθαι
2386 3286 2632 3355 θάτερον.
2664 3284 2833 3335 Ταυτὶ
2881 3283 2980 3351 μὲν
3017 3281 3116 3336 οὖν
3164 3284 3379 3347 ἐκεῖνοι,
3420 3280 3482 3333 τὰ
3524 3277 3634 3346 περὶ

2107 3376 2280 3431 τοῖνδε
2317 3374 2759 3444 φιλοσοφοῦντες,
2789 3375 2884 3427 καὶ
2911 3375 3086 3427 πλείω
3124 3374 3220 3428 καὶ
3266 3372 3461 3426 καλλίω
3484 3365 3635 3435 πολλῷ

2108 3462 2186 3535 τῷ
2216 3468 2459 3534 περιόντι
2488 3466 2829 3521 διδάσκουσιν
2863 3483 2878 3498 ο
2913 3465 3025 3531 ἐγὼ
3075 3466 3122 3518 δ’
3157 3466 3224 3519 ἂν
3264 3467 3462 3531 εἴποιμι
3491 3458 3635 3513 ταῦτα

2111 3562 2247 3630 πρὸς
2274 3563 2397 3623 τοὺς
2434 3560 2865 3630 ὲπιληῲομένους
2897 3560 3027 3622 ἴσως
3058 3559 3158 3627 τοῦ
3204 3559 3379 3626 λόγου.
3440 3553 3560 3609 Ἀλλ’
3599 3544 3635 3602 ὧ

2110 3656 2229 3716 τᾶν,
2258 3655 2478 3706 σκοπεῖν
2506 3653 2722 3705 κάκεῖνο
2751 3651 2877 3720 χρή.
2926 3650 2983 3702 '0
3009 3650 3121 3720 γὰρ
3160 3650 3283 3719 ἐμοὶ
3330 3646 3513 3705 σκοπὸς
3563 3638 3635 3703 ἐξ·

2111 3743 2286 3813 αρχῆς
2321 3745 2450 3812 περὶ
2481 3741 2690 3810 ἀρετῶν
2719 3741 2813 3793 καὶ
2834 3741 2930 3808 τῆς
2965 3740 3046 3802 είς
3067 3739 3301 3809 ἀλλήλας
3324 3735 3637 3805 γνησιότητος

2112 3837 2284 3887 εἰπεῖν
2304 3851 2378 3899 τι,
2412 3835 2505 3887 καὶ
2527 3831 2936 3900 ἀφοσιώσασθαι
2968 3824 3059 3902 ἦν,
3093 3832 3158 3884 ,οὐ
3192 3831 3319 3900 περὶ
3371 3825 3540 3881 παθῶν
3571 3822 3638 3873 λέ-

2114 3944 2246 3995 γειν.
2282 3927 2389 3978 Καὶ
2420 3925 2718 3995 ἐπειδήπερ
2738 3924 2826 3976 τὸν
2856 3923 3020 3991 φόϐον
3057 3922 3233 3984 πάθος
3262 3921 3359 3973 οὐκ
3394 3912 3638 3970 ἐπαινετὸν

2112 4013 2231 4070 οἶδα
2251 4016 2309 4069 τὸ
2339 4015 2461 4069 καθ’
2481 4015 2661 4081 αὐτὸν,
2690 4016 2736 4066 εί
2761 4014 2852 4067 καὶ
2888 4015 3146 4083 συνεργεῖ
3175 4012 3309 4082 πρὸς
3338 4011 3401 4064 τά
3423 4008 3639 4076 βέλτιστα

2113 4109 2253 4163 κατὰ
2273 4108 2404 4161 Θεὸν
2426 4106 2730 4176 γινόμενος,
2767 4106 2866 4159 οὐκ
2901 4107 2958 4157 ὲν
2992 4104 3070 4174 τῷ
3100 4103 3249 4173 χορῷ
3306 4102 3409 4153 τῶν
3464 4093 3640 4165 ἀρετῶν

2113 4198 2303 4252 τοῦτον
2330 4197 2538 4266 ἠξίωσα
2596 4196 2777 4262 τάξαι.
2839 4196 3078 4258 Εἰκότως
3141 4189 3236 4247 οὖν
3268 4192 3530 4259 σεσίγηται
3573 4181 3642 4235 διὰ

2118 4287 2310 4342 ταῦτα.
2353 4286 2489 4340 Θεοῦ
2530 4305 2610 4340 σοι
2675 4287 2858 4340 τοίνυν
2918 4286 3315 4355 συναιρομένου
3373 4281 3498 4350 πρὸς
3539 4273 3641 4332 τοὺς

444 4378 652 4445 piendis
684 4394 777 4446 pro
808 4379 1002 4433 virtute
1050 4375 1446 4431 certaminibus
1477 4376 1784 4446 (uamillnm
1812 4374 2000 4428 venire

2111 4381 2252 4449 ὑπὲρ
2285 4379 2484 4448 ἀρετῆς
2513 4378 2708 4439 ἄθλους
2733 4377 2833 4447 (δεῖ
2853 4376 2961 4447 γὰρ
2991 4378 3200 4430 ἐκεῖνον
3259 4372 3479 4444 μερίτην
3526 4360 3640 4417 εἷναί

446 4482 621 4525 tecum
648 4471 697 4522 in
736 4480 938 4539 partem
972 4469 1213 4524 laborum
1243 4482 1464 4522 necesse
1490 4476 1593 4531 est,
1622 4468 1665 4521 si
1700 4466 1829 4535 quid
1858 4482 2012 4535 egre-

445 4562 531 4631 gie
586 4563 660 4615 sis
713 4559 1085 4628 praestaturus)
1133 4559 1344 4613 caeteris
1375 4558 1632 4627 prteditus
1696 4556 2011 4621 virtutibus,

446 4664 496 4706 et
528 4668 757 4708 exorsus
798 4669 826 4706 a
877 4653 1167 4706 dilectione
1192 4652 1462 4706 mordicus
1511 4651 1775 4704 inhrereto
1834 4652 2014 4705 mode-

445 4747 596 4812 stite;
629 4761 748 4814 qua:
777 4744 989 4814 quidem
1023 4744 1125 4797 hoc
1159 4743 1254 4797 tibi
1298 4743 1517 4805 tribuet,
1571 4752 1628 4794 ut
1663 4756 1788 4796 vere
1840 4741 2016 4796 bonus

446 4837 642 4901 factus,
688 4838 739 4892 in
771 4838 927 4892 bonis
970 4850 1313 4907 perseveres,
1345 4833 1579 4903 talisque
1609 4834 1685 4888 sis
1711 4848 1775 4888 ac
1828 4832 2015 4887 videa-

446 4931 539 4994 ris,
572 4928 663 4997 qui
689 4930 863 4997 capite
891 4944 987 4983 suo
1044 4929 1286 4995 recipere
1323 4925 1515 4996 dignus
1568 4926 1638 4979 sit
1665 4936 1719 4980 et
1775 4938 1995 4978 servare

450 5036 680 5075 coronas
712 5019 868 5074 bonis
912 5019 1043 5074 viris
1072 5020 1363 5089 repositas,
1406 5028 1459 5073 et
1491 5018 1711 5086 quidem
1744 5026 2001 5086 expertes

448 5113 702 5167 interitus
733 5128 1001 5181 ;quarum
1038 5111 1322 5166 materiem
1381 5109 1755 5165 laudatissima
1791 5107 2012 5161 dilectio

447 5202 774 5270 suppeditat,
805 5213 859 5256 et
892 5217 1025 5272 quas
1056 5214 1270 5255 czeterae
1299 5202 1525 5254 virtutes
1545 5207 1866 5263 contexunt,
1903 5211 2018 5251 mo-

450 5292 730 5362 destiaque
794 5293 1067 5362 capitibus
1125 5293 1257 5356 illis,
1291 5292 1493 5362 quibus
1541 5290 2018 5355 conveniunt,im-

446 5384 620 5449 ponit.
667 5384 784 5449 Quo
814 5383 895 5450 ﬁt,
935 5393 994 5437 ut
1029 5384 1198 5438 solam
1252 5384 1392 5438 inter
1423 5383 1645 5435 virtutes
1671 5396 1860 5436 omnes
1909 5395 2025 5435 mo-

443 5474 677 5527 destiam
727 5474 1156 5530 demonstratum
1200 5474 1269 5529 sit
1308 5490 1423 5529 eam
1465 5487 1607 5536 esse,
1664 5488 1783 5542 quae
1816 5488 2017 5527 corona

446 5581 550 5617 nos
582 5567 815 5620 redimit.
837 5564 1159 5621 Modestiam
1178 5582 1307 5622 vero
1330 5565 1557 5637 appello,
1580 5565 1630 5619 in
1654 5566 1885 5620 sublime
1907 5567 2025 5634 qui-

444 5656 574 5709 dem
601 5656 901 5712 attollentia
956 5660 1156 5726 facere,
1192 5660 1283 5715 scd
1322 5660 1536 5715 interim
1570 5658 1725 5713 valde
1776 5656 2020 5711 modeste

2115 4488 2197 4523 σοι
2252 4471 2415 4523 τῶνδε
2454 4469 2564 4546 τῶν
2591 4470 2791 4535 πόνων,
2843 4471 2893 4520 εί
2936 4468 3154 4537 μέλλεις
3186 4484 3239 4520 τι
3266 4452 3640 4531 κατορθώσειν),

2115 4558 2251 4627 ἔχων
2279 4559 2378 4619 τὰς
2405 4557 2569 4611 ἄλλας
2599 4558 2821 4625 ἀρετὰς,
2852 4556 2915 4607 ἐκ
2945 4556 3046 4623 τῆς
3079 4550 3299 4622 ἀγάπης
3356 4548 3640 4620 ἀρχόμενος.

2114 4650 2284 4714 ἀπρὶξ
2319 4650 2443 4719 ἔχου
2472 4651 2568 4718 τῆς
2607 4649 2978 4719 μετριότητος,
3020 4646 3088 4699 δι’
3116 4647 3182 4715 ἢν
3244 4645 3309 4698 ἂν
3364 4639 3536 4710 σχοίης
3580 4633 3643 4692 ὡς

2115 4744 2331 4815 ἀληθῶς
2358 4741 2560 4809 ἀγαθὸς
2583 4742 2873 4810 γενόμενος
2900 4738 3254 4805 έναπομεῖναι
3282 4734 3390 4795 τοῖς
3430 4725 3639 4795 ἀγαθοῖς.

2114 4831 2254 4889 εἷναί
2288 4850 2345 4886 τε
2374 4830 2614 4893 τοιοῦτος
2637 4831 2728 4882 καὶ
2754 4830 2950 4894 δοκεῖν,
2977 4824 3089 4890 οἶος
3109 4829 3174 4880 ἂν
3208 4820 3453 4887 δέξασθαι
3479 4818 3537 4885 τῇ
3572 4827 3644 4864 κε-

2118 4926 2261 4995 φαλῇ
2296 4921 2391 4976 καὶ
2420 4921 2658 4991 τηρῆσαι
2682 4920 2807 4979 τοὺς
2835 4921 2947 4981 τοῖς
2978 4916 3203 4985 ἀγαθοῖς
3228 4910 3479 4981 ἀνδράσιν
3523 4904 3641 4955 ἀπο-

2118 5014 2395 5085 κειμένους
2428 5008 2748 5080 στεφάνους,
2772 5009 3083 5077 ἀφθάρτους
3106 5008 3263 5069 δντας
3287 5021 3302 5037 θ
3326 4998 3506 5071 diem
3530 4998 3641 5063 ὕλην

2122 5109 2218 5178 μὲν
2256 5106 2483 5175 παρέχει
2512 5103 2573 5155 τὸ
2607 5100 2701 5170 τῆς
2730 5100 2951 5168 ἀγάπης
2992 5096 3419 5167 πολυθρύλλητον
3456 5088 3640 5178 χρῆμίξο

2118 5174 2175 5253 αἱ
2205 5199 2261 5251 δὲ
2284 5174 2441 5252 ἄλλαι
2472 5195 2663 5264 ἀρεταὶ
2692 5191 2914 5252 τούτους
2944 5189 3217 5252 πλέκουσι,
3249 5185 3328 5238 ’τὸ
3375 5181 3428 5235 δέ
3466 5196 3524 5247 γε
3564 5174 3643 5243 μέ·

2117 5305 2267 5359 τριον
2291 5285 2600 5352 ἐπιτίθησιν
2630 5277 2715 5346 αἷς
2764 5283 2829 5335 ἂν
2883 5282 3138 5351 ἁρμόσειε
3170 5274 3455 5359 κεφαλαῖς.
3500 5270 3640 5321 Ὥστε

2121 5356 2215 5432 καὶ
2254 5377 2391 5447 μόνη
2441 5374 2552 5429 τῶν
2599 5372 2810 5444 ἀρετῶν
2852 5356 3175 5439 στεφοθέτης
3198 5367 3455 5420 δέδεικται
3497 5359 3526 5425 ἡ
3563 5368 3640 5447 με·

2120 5465 2514 5538 τριοφροσύνη.
2554 5465 2715 5528 Λέγω
2756 5462 2813 5515 δὲ
2863 5458 3322 5532 μετριοφροσύνην
3377 5452 3433 5505 τὸ
3487 5446 3640 5538 ποιεῖν

2126 5559 2225 5628 μὲν
2254 5537 2320 5610 τὰ
2352 5554 2613 5623 ὑψοῦντα,
2643 5554 2861 5623 φρονεῖν
2888 5551 2944 5605 δὲ
2981 5552 3122 5605 πάνυ
3151 5548 3335 5618 μέτρια
3368 5558 3381 5572 ·
3428 5537 3515 5593 καὶ
3555 5548 3638 5628 μς·

2125 5623 2265 5720 γάλα
2297 5648 2626 5719 πράττοντα,
2655 5642 2916 5715 μηδαμῶς
2939 5637 3255 5714 ἐπαίρεσθαι
3295 5652 3309 5668 ο
3352 5632 3435 5687 καὶ
3464 5628 3548 5696 τὴν
3575 5623 3639 5682 εἰς
