3920 6200
215 356 319 422 545
1560 345 1755 411 ORA'I

1891 348 2027 409 VII.
3328 342 3433 409 M6

225 472 344 541 ὕψος
374 464 593 535 πορείαν
615 461 957 531 ποιούμενον,
1004 461 1186 515 δοκεῖν
1222 458 1442 515 ἑστάναι
1494 460 1629 529 μετά
1662 460 1755 514 τῶι

1872 461 1941 514 de
1971 474 2031 513 se
2060 457 2294 524 sentire;
2333 470 2640 525 magnaque
2674 462 3046 526 prrestantem,
3086 467 3430 527 nequaquam

221 565 381 619 κάτω·
403 559 461 611 οὐ
489 556 565 625 τῷ
590 554 755 623 μηδὲν
773 552 951 621 ἑαυτῴ
977 553 1271 608 συνειδέναι
1306 551 1486 613 καλῶς
1517 550 1755 605 ποιοῦντι

1869 550 2048 605 οίΐοιτί
2076 548 2255 602 animo
2296 564 2312 605 :
2342 547 2393 601 iu
2424 548 2651 601 sublime
2681 548 2910 614 denique
2946 554 3274 616 pergentem,
3310 563 3431 602 cum

223 652 348 723 (πῶς
372 650 473 720 γάρ
500 649 561 719 ;),
599 645 731 698 ἀλλὰ
787 645 865 714 τῷ
921 632 1101 707 καλῶς
1152 644 1358 698 εἰδέναι
1420 643 1755 711 ὑψηλοτέρας

1867 639 2071 697 infimis
2111 646 2260 693 stare
2298 638 2467 692 videri
2503 654 2520 693 ι
2554 653 2663 691 non
2693 638 2841 706 quod
2873 638 3072 691 nullius
3091 637 3273 706 eperis
3302 638 3431 693 boni
3498 682 3505 707 τ

221 744 368 803 οὖσας
398 741 490 800 τὰς
521 736 721 808 ἀρετὰς
752 736 861 789 τῶν
896 734 1181 803 ἡμετέρων
1208 734 1401 803 ἔργων.
1448 731 1619 785 Τοῦτο
1648 732 1755 801 γὰρ

1866 732 2021 786 nobis
2051 731 2259 785 conscii
2290 732 2481 794 simus,
2534 744 2562 783 a
2595 730 2755 783 nobis
2788 729 2990 798 peracti
3042 730 3168 797 (quo
3198 730 3341 784 enim
3378 733 3431 786 id

220 833 353 904 οἶμαι
381 830 835 898 ταπεινοφρόνων,
869 829 931 882 ού
954 829 1016 881 τὸ
1061 826 1240 896 φαῦλα
1277 826 1613 894 πράττοντας
1664 840 1755 878 και

1864 819 2055 889 pacto?
2082 819 2125 887 ),
2166 818 2261 871 sed
2300 818 2447 884 quod
2498 827 2643 871 recte
2678 818 2951 880 sciamus,
2995 820 3232 876 virtutes
3286 823 3433 890 ipsas

223 926 414 978 πολλῶν
442 922 565 985 ἀξια
589 921 824 990 θρήνων,
880 919 1032 973 κάτω
1084 934 1185 970 που
1250 915 1480 970 κύπτειν
1530 914 1755 979 ὲθέλειν,

1864 912 2065 966 nostris
2096 910 2257 965 factis
2286 909 2633 964 sublimiores
2664 923 2805 964 esse.
2866 906 2979 964 Hoc
3019 913 3163 965 enim
3195 914 3433 967 arbitror

223 1019 393 1084 καὶμὴ
416 1014 510 1084 τὴν
549 1013 719 1082 ὀφρὺν
739 1012 1010 1079 ἁνασπᾷν.
1046 1010 1117 1062 Τὸ
1140 1010 1245 1078 γὰρ
1277 1007 1343 1075 δὴ
1378 1005 1590 1076 μεγάλα
1627 1021 1755 1073 φρο-

1864 1018 1984 1059 esse
2030 1002 2340 1065 humilium,
2382 1015 2486 1055 nou
2541 1010 2597 1054 ut
2636 1002 2777 1053 mala
2816 1003 3129 1069 designans,
3165 1014 3219 1057 et
3251 1008 3432 1062 multis

224 1112 317 1161 νεῖν
342 1106 504 1166 οὕτως
527 1104 720 1172 ἔχοντα
749 1103 870 1155 οὐδὲ
904 1102 995 1154 νοῦ
1036 1101 1354 1170 μετέχοντος
1380 1100 1548 1163 ἐστιν,
1578 1094 1754 1166 οἶμαι.

1864 1095 2020 1164 digna
2058 1095 2345 1164 lacrymis,
2373 1093 2561 1148 oculos
2595 1094 2874 1162 dejiciant,
2924 1104 2979 1148 et
3008 1097 3293 1165 supercilia
3326 1113 3431 1150 non

233 1198 355 1252 Ἀλλ’
404 1197 519 1250 οὐδὲ
563 1198 738 1250 ἐκεῖνό
804 1212 866 1263 γε
918 1193 1141 1262 μέτριον
1171 1230 1188 1254 ,
1249 1192 1367 1244 οὐδὲ
1416 1189 1639 1256 ἀγαθον,
1699 1188 1755 1240 τὸ

1866 1188 2134 1261 attpllaut.
2171 1187 2304 1240 Nam
2334 1201 2481 1250 eum,
2519 1187 2712 1254 quisic
2745 1187 2967 1244 allectus
3020 1191 3111 1253 sit,
3154 1191 3435 1261 magnifice

225 1291 370 1341 ποιεῖν
385 1288 440 1339 τὸ
456 1287 658 1355 ἀγαθὸν
674 1288 706 1355 ἢ
730 1285 988 1353 μηδαμῶς
1008 1280 1435 1350 ὲπιστάμενον,ῆ
1456 1281 1530 1350 μὴ
1548 1278 1755 1347 καθαρᾷ

1867 1279 1932 1331 de
1976 1291 2034 1331 se
2091 1276 2335 1341 sentire,
2392 1291 2461 1331 ne
2513 1286 2690 1331 mente
2738 1278 2955 1345 quidem
3007 1282 3212 1347 ιιι-αξιιίιί
3245 1281 3431 1344 fuerit,

223 1378 527 1447 προαιρέσει.
591 1376 664 1428 Τὸ
698 1377 792 1444 μὲν
815 1376 923 1443 γὰρ
967 1373 1182 1434 πάντως
1216 1372 1411 1437 ἄγνοια
1447 1385 1461 1400 ·
1495 1370 1558 1422 τὸ
1590 1368 1645 1420 δέ
1678 1385 1755 1430 τις

1867 1367 2079 1434 opinor.
2124 1366 2234 1421 Nec
2278 1366 2407 1420 item
2460 1366 2591 1420 illud
2627 1367 2711 1420 vel
2766 1371 3072 1425 modestqu
3128 1373 3307 1435 fuerit,
3354 1372 3435 1425 vel

227 1471 297 1540 βία
316 1472 464 1521 ποιεῖ.
495 1467 719 1520 Τούτοιν
738 1467 795 1518 δὲ
822 1464 1101 1534 οὐδέτερόν
1128 1466 1277 1516 ἐστιν
1306 1461 1508 1529 ἀγαθόν
1529 1476 1543 1491 ⁸
1567 1458 1755 1513 οὐκοῦν

1870 1457 2091 1523 bonum,
2128 1455 2310 1511 facere
2354 1456 2563 1512 scilicet
2600 1458 2727 1512 boni
2769 1461 3050 1528 quidpiam
3084 1464 3164 1516 vel
3204 1478 3307 1517 nou
3352 1464 3435 1517 in-

225 1559 320 1611 οὐδὲ
352 1559 564 1627 μέτριον
588 1572 601 1585 ·
640 1558 759 1609 ἐπεὶ
782 1556 842 1609 τὸ
868 1557 1087 1625 μέτριον
1116 1552 1336 1620 ἀγαθόν.

1873 1550 2222 1617 telligentem,
2267 1550 2354 1604 vel
2403 1550 2652 1605 instituto
2701 1553 2864 1606 animi
2921 1568 3033 1608 non
3095 1570 3253 1621 puro,
3312 1571 3434 1609 nam

222 1656 445 1718 alterum,
480 1654 547 1705 ab
576 1652 952 1721 ignoratione,
987 1649 1217 1703 alterum
1270 1662 1297 1700 a
1335 1647 1385 1701 vi
1420 1646 1653 1715 quadam
1697 1645 2083 1714 proficiscitur.
2117 1647 2323 1702 Horum
2363 1660 2491 1702 vero
2527 1655 2775 1703 neutrum
2822 1648 3022 1703 bonum
3068 1661 3174 1715 est,
3209 1650 3435 1718 ideoque

220 1762 305 1804 nec
338 1746 655 1811 modestum,
704 1742 831 1813 quia
871 1742 1067 1797 bonum
1091 1750 1195 1807 est,
1232 1741 1373 1811 quod
1419 1739 1741 1795 modestum.

1923 1903 2174 1959 Sedenim
2224 1904 2456 1961 fortasse
2485 1920 2604 1969 nos,
2635 1906 2956 1963 charissime
3010 1907 3107 1973 fili,
3129 1909 3309 1963 verbis
3340 1910 3437 1963 hu,

1851 1988 2084 2060 jusmodi
2136 1998 2511 2065 compellabis,
2560 2010 2612 2052 et
2677 2000 2873 2051 merito
2925 1999 3182 2067 quidem:
3217 2017 3437 2067 magno-

1854 2104 1983 2160 pere
2013 2104 2109 2143 nos
2144 2089 2435 2145 admiratos
2488 2090 2694 2144 scilicet
2746 2090 3136 2154 humilitatem,
3182 2092 3233 2146 id
3258 2094 3432 2146 admi-

289 1910 409 1963 Ἀλλ’
436 1911 598 1978 ἐρεῖς,
636 1902 681 1961 ὦ
714 1910 952 1979 φίλτατε,
982 1911 1117 1979 πρὸς
1150 1911 1315 1980 ἡμᾶς,
1369 1911 1573 1964 δίκαιον
1620 1908 1749 1977 γὰρ,

222 2000 286 2063 ὡς
304 2000 388 2070 τὴν
417 2000 909 2069 ταπεινοφροσύνην
945 2000 1075 2054 πολὺ
1112 2000 1415 2071 Θαυμάσας,
1452 1999 1480 2052 ὃ
1512 2000 1591 2052 δεῖ
1624 1997 1754 2050 θαυ-

220 2092 385 2162 μάζειν
406 2092 777 2160 τεθαύμακας.
822 2090 1071 2159 ’Υψώσας
1094 2093 1149 2145 δὲ
1182 2092 1384 2161 ταύτην
1438 2090 1749 2161 ὑπερφυῶς,

219 2184 362 2235 πολὺν
396 2184 479 2236 τὸν
514 2183 724 2251 ταύτης
749 2183 923 2254 ἔρωτα
969 2183 1061 2238 καὶ
1099 2185 1226 2254 πρὶν
1271 2185 1589 2255 ἐντετηκότα
1650 2201 1751 2254 μου

1864 2188 2006 2233 ratos
2042 2194 2181 2243 esse,
2214 2181 2354 2249 quod
2408 2180 2820 2234 admirationem
2849 2190 3138 2236 mereatur.
3175 2181 3430 2238 Eamdetn

216 2278 271 2342 τῇ
297 2275 449 2344 ψυχῇ,
475 2273 660 2342 πολλῷ
690 2290 751 2340 γε
783 2273 980 2342 μᾶλλον
1025 2273 1120 2327 νῦν
1167 2273 1430 2344 ηὕξησας.
1494 2275 1615 2335 Τοῖς
1645 2273 1753 2345 γὰρ

1864 2270 2052 2325 eximie
2095 2271 2220 2324 dum
2280 2270 2654 2336 extulerimus,
2724 2287 2973 2340 magnum
3026 2271 3139 2340 ejus
3189 2288 3429 2329 amorem

218 2365 268 2434 δὴ
309 2367 449 2433 παρά
488 2364 692 2417 σαυτοῦ
731 2364 907 2429 λόγοις
966 2366 1269 2434 ἐργάσομαι.
1323 2365 1460 2436 (πῶς
1513 2366 1686 2429 δοκεῖς
1713 2368 1751 2430 ;)

1864 2364 2005 2431 prius
2039 2362 2201 2415 etiam
2235 2362 2452 2416 insitum
2496 2362 2674 2416 animo
2725 2372 2835 2425 tuo,
2861 2379 3004 2417 nunc
3042 2364 3434 2433 insignitcrau-

215 2457 390 2527 ταύτης
424 2456 800 2528 μανικώτατον
834 2456 1088 2527 ἐραστήν.
1119 2457 1192 2509 Ού
1224 2458 1328 2526 μήν
1358 2473 1419 2523 γε
1452 2456 1540 2508 διὰ
1584 2454 1755 2507 ταῦτά

1864 2454 2021 2505 xisse.
2054 2451 2372 2506 Rationibus
2401 2453 2544 2508 enim
2580 2453 2711 2507 meis
2763 2452 3035 2516 effectum,
3088 2464 3143 2509 ut
3173 2455 3313 2512 hanc
3349 2458 3435 2511 in-

220 2566 295 2616 μοι
322 2549 476 2619 φαίνῃ
501 2548 569 2601 τὸ
602 2547 715 2600 δέον
745 2546 889 2600 ἅπαν
940 2548 1070 2616 ἡμῖν
1119 2546 1420 2615 ἐκπλήσας.
1492 2544 1613 2615 Χρὴ
1650 2545 1755 2613 γὰρ

1864 2538 2144 2594 sanissimo
2179 2541 2409 2610 quodam
2459 2557 2641 2597 amore
2672 2544 2949 2612 depere'ts.
2990 2545 3105 2599 Non
3139 2555 3319 2601 tamen
3349 2547 3431 2601 id-

217 2643 532 2713 προστιθέναι
568 2641 696 2703 τοὺς
741 2641 995 2707 τρόπους,
1052 2640 1121 2695 δι’
1158 2632 1232 2695 ὧν
1269 2641 1332 2691 ἂν
1372 2639 1577 2706 γένοιτο
1639 2638 1755 2699 σαῖς

1864 2628 2003 2683 circo
2038 2645 2134 2684 nos
2171 2630 2267 2684 tibi
2300 2632 2466 2685 videri
2514 2633 2647 2687 satis
2705 2636 2926 2688 omnino
2961 2636 3175 2691 fecisse.
3227 2636 3435 2707 Quippe

220 2732 381 2800 εὐχαῖς
414 2734 502 2785 τὸν
538 2731 773 2786 πλοῦτον
802 2731 987 2784 τοῦτον
1040 2732 1183 2801 ἡμᾶς
1217 2730 1540 2799 πλουτῆσαι.
1602 2728 1755 2780 Δοκεῖ

1864 2721 2170 2775 necessario
2202 2723 2389 2777 modos
2428 2723 2589 2776 etiam
2631 2725 2988 2791 adjiciendos,
3032 2728 3229 2796 quibus
3258 2732 3433 2786 modis

219 2823 308 2891 γὰρ
372 2840 457 2889 μοι
486 2822 846 2891 δυαπόριστος
893 2820 1086 2891 κομιδῆ
1144 2822 1238 2872 xal.
1289 2822 1400 2881 τοῖς
1464 2816 1600 2887 μετά
1634 2832 1760 2882 aeo-

218 2910 324 2977 δροῦ
358 2929 495 2974 τινος
538 2912 745 2981 ἔρωτος
802 2911 989 2964 τοῦτον
1051 2912 1284 2980 θηρᾶσαι
1332 2907 1757 2979 περινοστοῦσιν.

216 3002 278 3053 Oti
304 3002 405 3073 γὰρ
447 3003 522 3071 τῷ
551 3004 684 3073 ἐρᾷ-ι
733 3019 792 3054 τε
842 3005 934 3056 καὶ
973 3001 1152 3071 ζητεῖν
1199 3000 1507 3067 ἀναγκαίως
1570 2999 1759 3051 ἕπεται

216 3094 295 3144 καὶ
322 3096 375 3145 τὸ
410 3094 700 3161 τυγχάνειν
726 3092 833 3145 τῶν
884 3093 1174 3162 ἐρωμένων
1201 3108 1214 3122 ⁸
1265 3090 1401 3144 ἀλλὰ
1431 3089 1598 3143 πολλὰ
1664 3090 1759 3158 μὲν

1861 2814 2083 2872 confieri
2120 2814 2373 2882 possitex
2432 2818 2593 2869 animi
2633 2819 2708 2873 tui
2766 2820 2924 2885 votis,
2961 2829 3018 2874 ut
3081 2834 3210 2888 opes
3273 2822 3434 2878 hasce

1861 2906 2228 2972 consequaris.
2260 2905 2392 2959 Nam
2428 2907 2593 2961 videri
2625 2909 2716 2962 tibi
2753 2910 2901 2963 valde
2938 2911 3204 2964 dillieilem
3238 2914 3427 2965 harum

1863 2994 2316 3063 adquirendarum
2352 3000 2636 3063 rationem,
2666 3000 2830 3053 etiam
2865 3000 2949 3067 iis,
2993 3000 3084 3069 qui
3119 3001 3433 3057 vehemente

1865 3100 1991 3140 cum
2047 3087 2318 3144 desiderio
2367 3089 2721 3153 circumeunt,
2768 3103 2827 3144 ut
2876 3107 2967 3145 eas
3002 3104 3421 3161 consequantur.

214 3185 308 3237 τῶν
337 3185 678 3254 πραγμάτων
706 3184 805 3236 ούκ
832 3183 1067 3253 εὐχερῶς
1089 3182 1398 3253 εὑρίσκεται
1421 3184 1533 3245 τοῖς
1569 3180 1755 3251 ζητοῦ-

1864 3175 2075 3244 Quippe
2126 3177 2449 3231 desiderium
2498 3188 2551 3232 et
2605 3180 3013 3248 inquisitionem
3078 3200 3181 3237 non
3245 3201 3429 3240 neces-

218 3291 289 3325 σιν
316 3291 330 3305 ο
357 3276 469 3328 ἔνια
501 3276 560 3327 δέ
592 3291 698 3326 τισι
726 3278 1107 3344 παραγίνεται,
1144 3262 1281 3342 μηδ’
1332 3270 1569 3325 ὁντινοῦν
1627 3271 1755 3323 ὑπο-

1864 3268 2006 3319 satio
2039 3269 2285 3322 comitari
2318 3285 2494 3323 rerum
2521 3282 2895 3341 exoptatarum
2923 3274 3261 3343 adeptionem
3291 3294 3304 3331 :
3339 3277 3432 3331 sed

218 3368 353 3420 πᾶσι
381 3367 563 3421 πόνον.
611 3366 732 3419 Ἐπὶ
764 3366 820 3417 δὲ
863 3364 953 3416 τὸν
1004 3365 1095 3417 καὶ
1153 3362 1364 3432 μάλισθ’
1410 3357 1598 3434 ὅτανῇ
1648 3361 1755 3415 τῶν

1864 3373 1948 3412 res
1994 3358 2278 3428 plerasque
2339 3360 2623 3417 ditliculter
2654 3359 2695 3416 a'
2740 3367 3105 3435 quaerentibus
3162 3368 3429 3434 inveniri,

214 3457 513 3521 καλλίστων,
568 3458 667 3526 οὐχ
697 3456 838 3508 οὕτω
868 3454 1010 3521 φιλεῖ
1035 3453 1339 3521 γίγνεσθαι,
1361 3454 1473 3507 ἀλλ’
1518 3455 1625 3523 ὅσῳ
1658 3453 1755 3524 ζη-

1864 3452 2146 3508 nonnnllas
2173 3453 2439 3518 aliquibus
2465 3456 2798 3522 contingere,
2847 3458 3054 3513 nul'um
3110 3461 3329 3515 omnino
3352 3462 3433 3514 la-

216 3547 361 3614 τητέα
386 3547 549 3610 δοκεῖ,
581 3545 818 3615 τοσούτῳ
864 3546 957 3597 καὶ
1004 3545 1360 3613 δυσπόριστα.
1394 3545 1580 3615 Χρεὼν
1620 3542 1755 3597 εἶναι

1864 3540 2047 3595 borem
2077 3541 2493 3611 perferentibus.
2524 3546 2579 3598 lu
2618 3544 2723 3601 illis
2755 3558 2954 3612 autem,
2982 3565 3099 3615 qua:
3133 3552 3431 3619 praesertim

218 3650 289 3686 σοι
310 3637 474 3688 τοίνυν
515 3633 901 3701 ὑπολαμϐάνω,
941 3634 1087 3695 ὅπως
1125 3635 1189 3685 ἂν
1209 3634 1517 3704 κτησαίμην
1532 3632 1755 3703 ταύτην,

1864 3633 2234 3701 pulcherrima:
2292 3635 2421 3700 sint,
2475 3651 2576 3689 non
2636 3638 2715 3692 sic
2782 3640 3000 3694 evenire
3058 3642 3277 3697 solere:
3340 3644 3435 3699 seel

219 3724 443 3793 φράζειν.
478 3726 643 3779 Ἃ),λὰ
680 3725 761 3776 σοὶ
788 3724 905 3792 μὲν,
930 3718 975 3777 ὦ
1011 3724 1171 3791 ’γαθὲ
1203 3723 1425 3777 τοιαῦτα
1456 3724 1665 3791 λέγοντι
1699 3723 1755 3777 τὸ

1864 3734 2063 3795 quanto
2102 3726 2272 3794 magis
2298 3728 2599 3795 quaerenda:
2628 3729 2938 3798 videantur,
2997 3740 3143 3786 tanto
3188 3748 3308 3787 esse
3340 3748 3434 3788 ac—

1861 3816 2061 3885 quisitu
2091 3816 2438 3872 dilllciliores.
2487 3818 2847 3883 Quamobrem
2904 3822 3073 3877 videri
3117 3823 3210 3879 tibi
3248 3840 3434 3881 neces-

1860 3908 2086 3971 sarium,
2115 3917 2173 3961 ut
2199 3923 2305 3977 quo
2332 3918 2488 3979 pacto
2514 3911 2650 3963 hanc
2677 3925 2990 3978 comparare
3043 3915 3240 3982 possis,
3271 3930 3437 3985 expo-

1862 4014 2005 4053 nam.
2042 3999 2373 4055 lndicabitur
2421 4001 2538 4068 tibi,
2596 4012 2812 4055 strenue
2838 4002 2933 4067 fili,
2985 4005 3076 4074 qui
3128 4006 3434 4075 hujusntodi

1859 4088 2092 4163 profers,
2120 4092 2261 4159 quod
2300 4091 2523 4145 imlieari
2565 4096 2867 4148 conveniet.
2896 4094 2972 4151 Tu
3000 4098 3140 4166 quod
3196 4100 3245 4152 iu
3281 4102 3422 4156 votis

213 4198 292 4244 νος
327 4183 566 4251 φεύγειν,
590 4182 702 4252 ὲρῶ
730 4181 961 4234 τοσόνδε.
990 4179 1122 4234 Εἷπὲ
1153 4198 1235 4245 τις
1262 4183 1428 4252 μέγας
1452 4184 1609 4253 ἀνὴρ,
1651 4184 1755 4235 ἰω-ι

1864 4192 1942 4238 est
1981 4184 2109 4237 mihi
2142 4183 2207 4238 de
2246 4193 2329 4249 te,
2366 4182 2558 4251 facies;
2605 4184 2741 4239 mihi
2777 4188 2990 4255 quidem
3044 4199 3191 4246 certe
3220 4192 3434 4249 difﬁcile

214 4272 361 4341 ἀννης
396 4273 632 4343 τοῦνομα
660 4269 747 4343 (ἦν
785 4273 841 4325 δὲ
870 4274 979 4343 τῶν
1022 4273 1238 4337 ζώντων
1263 4275 1339 4345 τῷ
1365 4274 1502 4343 Θεῷ,
1533 4275 1625 4328 καὶ
1663 4276 1755 4344 οὐχ

1864 4273 2047 4340 dictu,
2103 4274 2245 4342 quod
2306 4273 2591 4327 dicendum
2650 4274 2945 4332 veninEt
3004 4290 3244 4351 poterant
3304 4292 3435 4339 sane

214 4362 427 4433 ἑαυτοῖς)
461 4365 697 4435 τριϐόλῳη
759 4364 1103 4434 ὲοικέναιτὴν
1136 4365 1529 4434 ὑπερηφανίαν.
1562 4366 1669 4418 Καὶ
1696 4365 1755 4435 δὴ

1864 4364 2398 4428 difﬁcultatemjanc
2430 4365 2630 4434 multis,
2660 4369 2870 4435 opinor,
2899 4373 3070 4428 modis
3100 4377 3383 4430 ostendere
3409 4394 3423 4431 :

214 4454 647 4525 προσαγορεύσας
678 4453 845 4515 αὐτὴν
871 4452 1062 4523 ταύτῃ,
1085 4448 1203 4506 εἶτα
1237 4455 1329 4505 καὶ
1360 4453 1537 4515 καλῶς
1565 4452 1755 4519 εἰπὼν,

1864 4456 1956 4511 sed
2003 4444 2204 4511 vitandi
2242 4456 2385 4511 ttedii
2442 4456 2643 4522 studio,
2682 4468 2885 4513 tantum
2934 4464 3226 4531 proferam.
3252 4484 3259 4491 ’
3290 4468 3435 4522 Dixit

213 4543 414 4609 ἔδειξεν.
453 4546 598 4614 Ἔφη
622 4547 731 4612 γὰρ
784 4544 916 4611 (ἐρῶ
939 4543 993 4596 δὲ
1023 4545 1113 4597 τὸν
1166 4545 1373 4598 ἐκείνου
1417 4544 1637 4608 σκοπδν,
1697 4545 1755 4597 ού

1865 4546 2078 4615 quidam
2108 4548 2191 4600 vir
2219 4562 2465 4617 magnus,
2492 4549 2578 4604 cui
2606 4565 2801 4605 nomen
2828 4551 3068 4610 Joannes
3093 4556 3231 4627 (erat
3253 4570 3431 4614 autem

212 4636 272 4686 τὰ
302 4636 564 4705 mana)’
588 4638 685 4687 ’Λν
718 4636 911 4707 πράξω
944 4652 994 4689 τι
1040 4635 1147 4688 τῶν
1173 4636 1375 4699 καλῶν,
1408 4636 1591 4707 ἐκείνη
1621 4654 1755 4709 παρ-

1864 4652 2043 4691 eorum
2074 4651 2103 4691 e
2138 4654 2379 4702 numero,
2410 4639 2500 4709 qui
2535 4639 2651 4693 Deu
2680 4642 2886 4707 vivunt,
2919 4661 3023 4699 non
3054 4647 3202 4715 sibi),
3239 4651 3435 4705 tribulo

214 4727 425 4781 ελθοῦσα
484 4730 687 4799 κροτεῖ,
747 4728 839 4780 καὶ
904 4729 1039 4797 μετά
1103 4726 1233 4797 βοῆς
1286 4728 1492 4798 ἐξαίρει
1531 4727 1755 4797 τοῦργον

1864 4728 2093 4781 similem
2126 4743 2247 4783 esse
2292 4732 2629 4798 superbiam,
2660 4739 2715 4785 et
2744 4734 2959 4801 quidem
2988 4737 3090 4793 hac
3117 4740 3162 4792 ei
3198 4741 3430 4810 primum

213 4819 390 4873 ἐκεῖνο.
422 4821 527 4872 Ἦν
549 4821 607 4873 δὲ
642 4821 735 4872 καὶ
770 4818 878 4871 τῶν
917 4818 977 4871 ού
1020 4819 1215 4888 ῥαδίως
1247 4818 1696 4889 κατορθουμένων

1864 4819 2217 4889 appellatione
2252 4822 2439 4889 indita,
2478 4823 2670 4878 deinde
2706 4833 2850 4880 recte
2883 4828 2950 4881 ab
2986 4844 3043 4884 se
3080 4833 3302 4887 verbum
3335 4836 3436 4888 hoc

213 4910 265 4961 τὸ
294 4914 553 4981 πραχθὲν,
595 4911 733 4981 ὑπὲρ
784 4909 1099 4981 ἀνθρώπους
1150 4928 1217 4980 με
1258 4910 1466 4974 πάντας
1533 4911 1714 4981 τίθησι
1744 4929 1755 4943 ι

1864 4910 2130 4978 prolatum
2164 4915 2417 4968 ostendit.
2445 4914 2581 4968 Nam
2614 4917 2660 4970 si
2688 4918 2842 4985 quid,
2879 4920 3077 4989 inquit,
3101 4924 3227 4978 boni
3258 4927 3436 4981 fecero

215 5002 305 5053 κᾶν
340 5005 686 5072 ἁποκρουσθῇ
714 5003 812 5070 τὴν
837 5001 1078 5072 πρώτην,
1136 5003 1235 5056 οὐκ
1275 5004 1563 5070 ἀφίσταται
1599 5020 1612 5035 ’
1669 5004 1755 5057 καὶ

1864 5000 2105 5069 (scopum
2137 5010 2311 5056 autem
2348 5004 2513 5073 ipsius
2544 5007 2945 5079 indicabo,|non
2967 5013 3176 5080 verba),
3202 5032 3322 5070 mox
3348 5017 3436 5070 illa

213 5094 456 5157 πολλάκις
502 5095 825 5165 ἡττηθεῖσα.
887 5095 1241 5164 ἐπανέρχεται
1295 5097 1493 5165 χείρων
1539 5096 1755 5163 ἑαυτῆς,

1864 5093 2118 5158 prodiens
2152 5095 2447 5164 applaudit,
2474 5106 2526 5151 et
2562 5114 2682 5151 cum
2713 5102 2949 5157 clamore
2982 5103 3179 5159 factum
3203 5108 3431 5162 extollit.

213 5185 316 5247 πῶς
344 5187 485 5251 eiet;
520 5187 666 5240 ἅπαν
705 5186 905 5256 ὕφαλον
944 5187 1059 5256 μεθ’
1116 5189 1311 5258 ἑαυτῆς
1359 5190 1574 5258 ἔχουσα.
1628 5188 1755 5251 Ταῖς

1864 5185 2013 5251 Quod
2047 5201 2176 5240 sane
2234 5188 2277 5240 si
2310 5188 2550 5257 prmstitu
2592 5191 2815 5245 difficile
2859 5196 3055 5261 fuerit,
3115 5213 3303 5251 omnes
3351 5214 3436 5251 me

211 5273 308 5343 γὰρ
334 5275 535 5345 ψυχαῖς
553 5279 666 5330 τῶν
704 5278 761 5341 ἐξ
800 5278 1016 5345 ἀγαθῶν
1041 5278 1363 5347 ὑψωθέντων
1398 5280 1597 5349 ἔργων,
1639 5276 1755 5334 εἶτα

1864 5290 2021 5342 supra
2058 5278 2315 5331 mortales
2366 5279 2613 5333 collocat.
2667 5281 2745 5335 Ac
2780 5284 3047 5352 siquidem
3082 5287 3235 5349 initio
3274 5287 3439 5340 fuerit

212 5362 364 5429 μηδὲν
400 5364 600 5433 ὑψηλὸν
626 5365 774 5433 ὑπὲρ
804 5366 981 5419 αὐτῶν
1012 5366 1442 5433 φαντασθέντων,
1480 5368 1613 5421 ἀλλὰ
1644 5387 1755 5437 μει-

1864 5366 2081 5434 rejecta,
2116 5383 2224 5420 non
2250 5368 2458 5423 desistit
2487 5387 2502 5424 :
2530 5381 2583 5425 et
2623 5373 2821 5440 sacpius
2852 5389 3069 5447 quoque
3099 5378 3259 5441 victa,
3286 5378 3437 5446 pejor

1860 5461 2034 5527 seipsa
2069 5460 2249 5513 multis
2298 5463 2472 5515 modis
2519 5466 2833 5529 revertitur,
2876 5467 3007 5520 nihil
3062 5486 3169 5523 non
3224 5470 3435 5524 subdoli

1861 5565 2045 5604 secum
2095 5549 2346 5605 afl‘erens.
2383 5552 2513 5606 Nam
2555 5556 2764 5609 animos
2787 5558 3018 5623 illorum,
3048 5561 3136 5629 qui
3172 5563 3325 5615 bnnis
3370 5580 3435 5616 ex

1860 5648 2111 5714 operibus
2140 5648 2436 5701 eminentes
2468 5647 2593 5702 facti
2630 5662 2775 5713 sunt,
2813 5668 2873 5706 ac
2906 5654 3095 5711 deinde
3145 5658 3275 5710 nihil
3307 5657 3409 5710 8th

1862 5738 1986 5793 litne
2019 5739 2082 5794 de
2127 5739 2322 5809 scipsis
2370 5741 2700 5813 concipiunt,
2740 5748 2829 5800 sed
2883 5747 3018 5802 intra
3075 5750 3270 5804 limites
3318 5767 3438 5806 srsc

218 3820 510 3887 γιγνόμενον
536 3820 816 3887 εἰρήσεται
844 3833 860 3849 ο
887 3820 979 3870 καὶ
1027 3819 1169 3888 ἆπερ
1203 3819 1287 3873 ἂν.
1310 3819 1575 3890 εὐξαίμην
1628 3819 1758 3890 περὶ

216 3907 323 3971 σοῦ,
352 3909 518 3962 ταῦτα
551 3908 778 3979 πράξεις
809 3923 825 3938 ο
855 3909 1005 3960 τουτὶ
1033 3908 1089 3960 δὲ
1135 3910 1196 3961 τὸ
1233 3910 1547 3980 γιγνόμενον
1604 3912 1759 3981 χαλε-

218 4000 305 4057 πον
333 4002 451 4069 ἐμοὶ
480 4002 683 4068 λέγειν.
726 4000 832 4052 Καὶ
856 3995 999 4068 εἶχόν
1021 4017 1081 4068 γε
1110 4000 1382 4055 δεικνύναι
1414 4002 1475 4054 τὸ
1504 4002 1759 4055 δύσκολον

214 4091 408 4153 πολλοῖς
433 4110 573 4145 τισιν
594 4088 748 4161 οἶμαι
780 4090 1020 4160 τρόποις.
1073 4093 1178 4144 Τὸν
1207 4092 1364 4162 κόρον
1410 4092 1466 4145 δὲ
1507 4093 1753 4163 βουλόμε-

211 5452 402 5505 mm
443 5455 528 5521 ἐφ’
552 5449 702 5527 ᾧπερ
734 5456 862 5521 ἔδει,
905 5458 1205 5527 λεληθότως
1231 5459 1633 5529 ὑπεισέρχεται,
1664 5459 1758 5513 καὶ

208 5542 415 5613 ἡσύχως
449 5546 512 5597 τὸ
536 5547 766 5611 ζιζάνιον
788 5549 1129 5616 ὑποσπείρει,
1160 5552 1285 5612 ἴσως
1321 5569 1419 5603 που
1444 5554 1535 5604 καὶ
1559 5552 1758 5605 καθευο

209 5632 418 5697 δούσαις
448 5637 631 5701 αὐταῖς
662 5641 724 5692 ὲκ
756 5640 851 5708 τῆς
884 5641 1084 5709 πολλῆς
1111 5643 1205 5695 καὶ
1237 5643 1483 5696 συντόνου
1516 5646 1752 5713 νήψεως.

212 5725 356 5791 Λέγω
376 5725 432 5778 δὲ
464 5727 692 5792 ζιςάνιον
729 5730 821 5785 νῦν
850 5732 909 5785 τὸ
939 5732 1357 5803 ύπολογίσασθαι
1404 5737 1650 5805 τάληθὲς,
1682 5739 1756 5801 ὡς
