3920 6200
504 333 614 401 5W
1696 336 2052 398 MANUELI

2143 284 2597 400 PALEOLOGl
3604 356 3688 419 διδ

506 450 811 511 continent,
869 445 1173 501 clanculum
1241 444 1406 511 subit,
1465 444 1739 516 taciteque
1813 448 2054 504 loliumi

2143 456 2171 511 Α
2203 449 2292 521 ἀρ’
2323 451 2477 505 οὐδὲν
2514 453 2573 505 ὲν
2611 451 2800 517 αὑταῖς
2837 454 3196 525 ὑπερήφανον,
3232 461 3404 531 ἐπειδὴ
3448 465 3533 536 τὴν
3554 469 3691 543 ὑπερ.

509 542 593 597 eis
622 540 775 603 serit,
800 538 1032 593 fortasse
1055 538 1478 593 dormitantibus
1500 538 1570 593 ob
1596 538 1759 594 nimis
1809 541 2057 596 assiduar

2195 543 2438 611 ηφανίαν
2471 543 2901 611 ἀπεκρούσαντο.
2938 548 3096 601 Τουτὶ
3124 549 3179 603 δὲ
3228 552 3544 624 ὑπερήφανον
3569 538 3696 628 μάλι-

512 632 861 704 vigilantiam.
906 631 1112 684 Lolium
1147 640 1324 684 autem
1366 647 1510 685 nunc
1556 631 1793 700 appello,
1826 634 1969 701 quod
2000 648 2060 689 se

2194 636 2350 690 λιστά
2382 653 2445 704 γε
2479 638 2573 690 καὶ
2614 637 2812 708 μικρυῦ
2851 638 2964 692 δεῖν
3007 644 3247 711 κρεῖττον
3279 640 3437 714 οἶμαι,
3464 648 3493 717 ἢ
3519 650 3697 721 ἰαθῆναι

509 740 631 780 cum
665 724 767 793 ipsi
816 733 1091 792 reputant,
1130 722 1332 777 nullam
1378 723 1559 777 inesse
1592 722 1696 777 sibi
1742 724 2049 791 superbiam

2194 724 2306 781 οἷόν
2361 746 2421 781 τε
2480 722 2638 783 εῖναι.
2674 730 2781 783 Τοῦ
2826 732 2936 801 γάρ
2976 733 3349 789 ταπεινοῦσθαι
3392 741 3603 808 νομίζειν
3628 745 3698 798 τὸν

507 814 945 885 quandoquidem
1008 813 1318 882 superbiam
1349 813 1666 881 repulerint.
1729 811 1847 869 Hoc
1883 821 2055 869 autem

2195 820 2577 892 ὑπερηφανίαν
2609 820 2868 877 νοσοῦντα
2910 823 2963 875 τί
2989 826 3204 895 χεῖρονς
3234 828 3301 879 Ἦ
3355 828 3463 892 πῶς
3518 833 3698 903 ζητήσει

509 906 593 961 νει
627 906 681 960 in
734 906 927 976 primis
990 906 1281 974 superbum
1333 906 1587 975 quiddam
1636 914 1757 961 est:
1820 920 2057 976 propequ

2195 911 2293 982 τὴν
2320 912 2465 968 ῐασιν
2488 915 2517 966 ό
2544 914 2681 983 μηδὲ
2714 914 2943 983 πάσχειν
2972 915 3359 985 ὑπολαμϐάνων
3384 938 3397 985 ;
3446 922 3590 975 Ὥστε
3621 926 3698 978 κᾶν

510 999 733 1070 gravius
764 998 1023 1066 arbitror,
1054 1013 1217 1068 quam
1250 1006 1310 1052 ut
1346 1000 1528 1054 sanari
1555 1000 1743 1068 possit.
1774 999 1914 1066 Quid
1944 1000 2058 1055 enir

2194 1004 2539 1073 ταπεινωθῶ,
2570 1006 2731 1058 πάλιν
2751 1006 2976 1077 αίρομαι
3000 1023 3013 1037 ο
3037 1008 3211 1071 είδὼς,
3234 1008 3305 1069 ὡς
3319 1013 3670 1085 τεταπείνωμαι
3687 1035 3698 1049 ·

510 1094 774 1159 deterius,
805 1109 964 1162 quam
1012 1094 1055 1147 si
1081 1093 1336 1147 humilem
1364 1108 1423 1148 se
1482 1102 1654 1163 putet,
1687 1094 1777 1163 qui
1825 1093 2058 1164 superbi:

2196 1096 2290 1149 καὶ
2317 1097 2758 1168 ὑπερφρονήσας,
2792 1097 2910 1151 οὐδὲ
2949 1098 3304 1168 αίσθάνομαιο
3343 1103 3443 1156 κάν
3476 1105 3575 1172 γνῶ
3627 1110 3701 1176 τὴν

510 1187 703 1242 morbo
739 1184 993 1240 laborat?
1015 1186 1124 1240 Aut
1155 1202 1264 1255 quo
1293 1196 1455 1255 pacto
1495 1186 1826 1241 medicinam
1858 1194 2058 1256 quaret

2196 1186 2577 1257 ὑπερηφανίαν
2602 1189 2787 1253 εὐθὺς.
2816 1191 2912 1243 καὶ
2945 1192 3275 1261 ἀποσοεήσω
3332 1194 3469 1261 μάλα
3511 1199 3702 1267 μισήσας

508 1278 605 1348 qui
641 1277 767 1332 mali
803 1278 934 1331 nihil
965 1293 1025 1331 se
1062 1279 1169 1347 pati
1205 1278 1553 1345 suspicatur?
1589 1276 1705 1343 Quo
1736 1276 1791 1331 ﬁt
1818 1285 2056 1331 uttamel

2195 1278 2292 1331 καὶ
2314 1278 2416 1349 τῆς
2454 1278 2831 1350 ὑπερηφανίας
2865 1280 3101 1342 ἐμαυτὸν
3128 1284 3191 1350 μέ
3201 1282 3439 1352 μψωμαι,
3462 1285 3560 1340 οὔτ’
3580 1289 3703 1355 ἀγνο-

505 1372 555 1426 si
614 1373 716 1427 sim
772 1371 945 1425 factus
991 1371 1234 1435 humilis,
1301 1385 1514 1425 rursum
1580 1378 1758 1425 tamen
1822 1369 2053 1424 extollar

2196 1372 2312 1441 ήσω
2360 1369 2522 1423 πάλιν
2583 1372 2971 1437 ταπεινωθεὶς,
3036 1372 3130 1424 καὶ
3206 1375 3464 1429 ἐπαινέσω
3514 1380 3702 1445 ὶμαυτόν

508 1464 939 1532 quandoquidem
969 1477 1052 1517 me
1090 1463 1345 1517 humilem
1393 1461 1598 1517 factum
1637 1462 1785 1516 novi.
1833 1461 2055 1532 Adeoqu

2195 1460 2584 1531 κατορθοῦντα.
2617 1462 2684 1513 Ἀ
2713 1462 2775 1527 δὴ
2806 1461 3016 1525 παθὼν,
3050 1464 3125 1525 ὡς
3158 1464 3230 1534 μὴ
3254 1465 3470 1533 ὤφελον,
3496 1469 3600 1522 ὅθεν
3629 1474 3704 1541 ηρ-

506 1571 577 1611 ne
610 1556 786 1610 sentio
815 1556 1031 1624 quidem
1057 1556 1196 1609 elato
1226 1570 1312 1610 me
1361 1555 1544 1609 animo
1596 1569 1737 1612 esse.
1767 1551 1920 1607 Licet
1977 1552 2054 1607 ela

2197 1553 2374 1624 ξάμην
2406 1553 2595 1623 ὥσπερ
2630 1556 2685 1607 ὲν
2716 1554 2900 1624 κύκλῳ
2942 1557 3274 1625 κατήντηκα.
3331 1560 3478 1612 Ὥστε
3508 1564 3700 1631 τρίὸολὰς

505 1647 707 1700 tionem
741 1647 925 1700 statim
948 1660 1511 1715 agnoscam,eamque
1537 1645 1692 1699 valde
1718 1659 1945 1713 perosus
1982 1644 2053 1698 ab‘

2194 1644 2343 1696 ἐστιν
2374 1645 2535 1712 αὕτη,
2578 1646 2673 1696 καὶ
2701 1644 2761 1696 τὸ
2795 1646 3018 1715 κέντρον
3044 1646 3226 1714 ὄρθιον
3258 1649 3386 1718 ἔχει,
3409 1652 3498 1703 καὶ
3519 1654 3703 1721 χαλεπὸν

505 1750 649 1804 gam,
688 1750 751 1790 ac
792 1737 1058 1805 meipsum
1102 1745 1320 1805 propter
1353 1737 1491 1790 hanc
1542 1736 1977 1805 reprehendam:
2012 1743 2053 1789 ta

2151 1807 2158 1811 δ
2194 1734 2480 1802 διαφυγεῖν
2502 1734 2747 1797 καὶτοὺς
2786 1735 2919 1787 πολύ
2960 1752 3011 1787 τι
3049 1737 3211 1808 βάρος
3237 1738 3326 1792 νοῦ
3373 1744 3699 1811 κεκτημένους.

505 1845 629 1885 men
666 1846 852 1885 rursus
902 1831 1244 1885 bumiliatum
1292 1846 1379 1886 me
1413 1846 1519 1887 non
1570 1832 1851 1901 ignorabo,
1902 1847 2053 1902 mequ

2153 1808 2309 1879 IKal.
2366 1825 2594 1889 πολλοὺς
2635 1826 2699 1878 ἂν
2735 1821 2884 1895 εἶχον
2928 1806 3213 1898 μάρτυρας
3262 1806 3543 1901 ἀναστῆσαι
3589 1834 3701 1888 τοῦδε

504 1929 651 1975 recte
704 1930 950 1988 agentem
1005 1921 1345 1976 collaudabo.
1400 1923 1580 1994 Atque
1620 1923 1736 1977 haec
1783 1923 1916 1977 mihi
1968 1937 2052 1978 cut

2196 1918 2289 1972 τοῦ
2350 1919 2533 1985 λόγου,
2566 1919 2758 1982 αὑτοὺς
2786 1920 3027 1983 ἐκείνους
3069 1922 3195 1984 τοὺς
3224 1923 3564 1994 βεϐλημένους
3604 1927 3701 1994 τῷδε

508 2014 762 2067 accidunt
807 2014 1038 2079 (utinam
1078 2014 1291 2082 quidem
1331 2030 1396 2069 ne
1423 2014 1660 2083 ﬁerent),
1702 2017 1845 2069 unde
1881 2015 2056 2071 fuerat

2194 2008 2275 2079 τῷ
2304 2007 2532 2080 κέντρῳ.
2568 2010 2745 2078 Σαφὲς
2778 2010 2833 2063 δὲ
2860 2010 2921 2064 ὃν
2962 2013 3023 2065 τὸ
3055 2016 3287 2081 πρᾶγμα
3337 2015 3425 2069 καὶ
3470 2017 3702 2088 πρόδηλον,

504 2119 756 2169 exorsus,
782 2104 928 2157 velut
962 2105 1015 2157 in
1044 2104 1249 2160 circulo
1288 2115 1556 2161 revertor.
1593 2106 1955 2174 Quamobrem
1988 2109 2052 2163 tri

2192 2101 2255 2154 ού
2290 2100 2758 2155 κατασκευαστέον
2797 2098 2935 2156 εἶναι
2963 2103 3128 2168 δοκεῖ,
3150 2106 3318 2171 ἄλλως
3345 2125 3399 2161 τε
3424 2110 3507 2161 καὶ
3536 2106 3645 2179 πρᾍς
3662 2110 3704 2161 σὲ

504 2194 664 2248 bulus
703 2202 785 2248 est
823 2193 1102 2260 superbia,
1157 2194 1543 2266 stimulumque
1593 2212 1807 2252 sursum
1842 2208 2052 2254 ereclur

2192 2193 2552 2263 δυσπόριστόν
2582 2210 2703 2246 τινα
2726 2193 2952 2247 πλοῦτον
2984 2195 3083 2265 τὴν
3114 2201 3582 2269 ταπεινοφροσύνην
3609 2218 3708 2270 r99-

506 2285 693 2352 babet,
720 2300 878 2355 quem
926 2284 1218 2340 difﬁculter
1259 2288 1465 2343 evitare
1519 2300 1766 2358 possunt,
1803 2290 1967 2344 etiam
2000 2306 2052 2361 ιιι

2203 2284 2483 2354 ειρηκότα.
2534 2284 2757 2337 Ἀκτέον
2787 2285 2850 2354 δὴ
2876 2286 2968 2339 τὸν
3007 2287 3166 2355 λόγον
3204 2291 3295 2342 ἐπὶ
3329 2291 3413 2343 τὸν
3456 2293 3640 2361 τρόπον,
3676 2285 3708 2358 ᾧ

490 2392 703 2453 magno
731 2376 925 2431 mentis
953 2375 1192 2447 pondere
1240 2386 1367 2433 sunt
1400 2379 1633 2447 praediti.
1679 2380 1845 2448 Cujus
1874 2381 2033 2451 quide

2202 2379 2267 2429 ἄν
2289 2394 2372 2440 τις
2404 2375 2618 2448 πράξας
2648 2377 2705 2430 τὺ
2730 2376 2955 2445 ἀγαθὸν,
2980 2378 3237 2449 διαφύγοι
3264 2380 3321 2434 τδ
3343 2383 3462 2453 περὶ
3490 2383 3625 2435 αύτοῦ
3646 2384 3709 2435 δο-

505 2468 770 2524 orationis
804 2479 970 2525 testes
1006 2469 1306 2538 producere
1353 2471 1555 2527 multos
1580 2486 1644 2525 ex
1669 2472 1737 2526 iis
1798 2472 1929 2537 ipsis
1969 2488 2053 2541 p0!

2200 2469 2359 2536 ξασαι
2391 2486 2444 2522 τι
2488 2470 2650 2539 μέγα,
2683 2470 2777 2522 καὶ
2796 2468 2863 2523 τά
2886 2470 3085 2540 μέτρια
3113 2473 3402 2543 φρονήσας,
3436 2475 3502 2545 μὴ
3541 2476 3711 2545 gemui-

506 2573 642 2624 sem,
677 2560 767 2628 qui
810 2559 953 2614 hunc
1000 2561 1281 2635 stimulum
1306 2561 1517 2630 experti
1577 2562 1750 2617 fuere.
1812 2562 1918 2617 Sed
1966 2580 2054 2619 cur

2053 2580 2088 2618 n
2199 2578 2306 2625 ναι,
2348 2558 2376 2612 δ
2403 2560 2498 2613 καὶ
2527 2559 2904 2630 χαλεπώτερον
2932 2560 3204 2615 δέδεικται
3233 2564 3321 2616 τοῦ
3343 2566 3601 2637 προτέρου,

504 2670 595 2712 res
626 2657 740 2727 ipsa
787 2657 1071 2726 perspicua
1134 2658 1203 2711 sit
1232 2668 1287 2713 et
1335 2660 1643 2722 manifesta,
1689 2660 1887 2716 nullius
1924 2675 2083 2730 egere
2150 2656 2486 2730 probationis
2546 2656 2782 2722 videtur,
2856 2660 3163 2727 praesertim
3202 2661 3341 2730 apud
3373 2670 3460 2726 te,
3520 2661 3597 2730 qui
3640 2675 3713 2713 an-

508 2769 591 2815 tea
646 2754 885 2819 dicebas,
925 2754 1282 2810 humilitatem
1337 2770 1456 2811 esse
1506 2756 1722 2812 divitias
1776 2758 2045 2828 acquisitu
2088 2756 2351 2813 difﬁciles.
2429 2753 2619 2823 Itaque
2684 2752 3016 2809 traducenda
3052 2757 3163 2811 erit
3222 2757 3287 2812 ad
3318 2758 3520 2813 modum
3558 2756 3714 2821 oratio,

507 2862 615 2917 quo
647 2848 766 2918 quis
802 2848 1044 2927 efﬁciens
1064 2851 1219 2919 quod
1250 2849 1453 2906 bonum
1485 2861 1589 2918 est,
1645 2852 1852 2908 evitare
1892 2852 2083 2922 possit,
2115 2867 2181 2905 ne
2206 2864 2457 2919 magnam
2486 2848 2553 2903 de
2584 2862 2644 2903 se
2692 2848 2967 2917 concipiat
3009 2850 3360 2919 opinionem;
3416 2861 3467 2906 et
3509 2861 3559 2904 ut
3614 2864 3710 2903 mo-

507 2944 661 2999 deste
694 2946 760 2999 de
814 2960 873 3000 se
925 2946 1191 3014 sentiens,
1237 2962 1343 3001 non
1403 2946 1665 3003 eﬂ‘eratur
1691 2965 1706 3014 ;
1734 2955 1878 3018 quod
1933 2949 2097 3004 etiam
2126 2962 2246 3004 esse
2270 2947 2698 3002 demonstratum
2730 2953 2810 2998 est
2835 2944 2927 2997 illo
2950 2944 3139 3014 priore
3172 2945 3457 3002 diﬂicilius.

573 3042 849 3097 Arbritror
877 3041 1062 3112 igitur,
1092 3058 1250 3097 unam
1282 3045 1573 3113 quamdam
1605 3044 1746 3099 hanc
1767 3045 1908 3097 viam
1936 3058 2083 3111 esse,

2266 3042 2419 3097 Δοκῶ
2448 3042 2627 3096 τοίνυν
2662 3058 2750 3112 μοι
2774 3042 2902 3111 μίαν
2958 3042 3081 3095 τινὰ
3143 3043 3242 3113 τὴν
3304 3045 3418 3097 ὁδὸν
3467 3043 3609 3105 εἶναι,
3643 3041 3716 3111 τὴν

507 3150 629 3205 qua
661 3150 760 3189 nos
825 3135 890 3187 ad
938 3135 1299 3191 humilitatem
1357 3136 1595 3189 evehat:
1636 3144 1694 3189 ut
1754 3146 1899 3190 recte
1945 3134 2055 3190 fact

2195 3135 2285 3188 ἐπὶ
2322 3135 2420 3205 τὴν
2453 3132 2953 3204 ταπεινοφροσύνην
2991 3134 3426 3198 ἀναὸιόἀζουσαν
3460 3150 3474 3166 ·
3526 3134 3580 3186 τὸ
3612 3132 3717 3201 πρὸς

508 3223 711 3278 scilicet
733 3222 798 3275 ad
824 3220 991 3274 Deum
1022 3224 1197 3289 ipsum
1222 3222 1545 3279 referamus.
1574 3224 1770 3294 Nequit
1798 3225 1964 3289 enim,
2000 3239 2056 3279 ne

2197 3225 2290 3278 τὸν
2318 3226 2451 3278 θεὸν
2488 3223 2729 3292 δηλονότι
2766 3224 2836 3277 τὰ
2869 3223 3049 3287 καλῶς
3084 3226 3429 3296 πραττόμενα
3456 3223 3715 3290 ἀναφέρειν.

506 3314 625 3381 quit
647 3312 872 3365 omnino
903 3311 1043 3374 ﬁeri,
1072 3311 1228 3366 nobis
1256 3322 1311 3364 ut
1337 3312 1491 3381 ipsis,
1515 3328 1635 3381 quae
1657 3316 1797 3367 facta
1825 3320 1975 3379 suat,
1998 3314 2054 3368 ad

2202 3314 2276 3367 Ού
2310 3314 2419 3383 γὰρ
2437 3314 2603 3381 ἐστιν,
2636 3315 2738 3367 οὑκ
2770 3314 2916 3367 ἐστιν
2954 3315 3171 3380 ἑαυτοῖς
3213 3334 3273 3369 τε
3332 3316 3631 3385 ἀναγράφειν
3668 3314 3720 3363 2‘1

507 3404 836 3466 scribentes,
868 3401 1293 3469 cogitationibus
1322 3404 1425 3457 boc
1451 3403 1585 3458 vitio
1631 3404 1943 3473 superiores
1969 3419 2055 3460 ενι

2200 3405 2588 3475 πεπραγμένα,
2624 3405 2717 3457 καὶ
2737 3404 3015 3473 λογισμοῖς
3042 3408 3319 3476 κρατῆσαι
3360 3406 3501 3458 τοῦδε
3523 3404 3601 3456 τοῦ
3641 3403 3719 3455 mi—

508 3495 720 3548 damus.
782 3492 980 3563 Opinio
1034 3508 1269 3561 namque
1337 3494 1403 3549 de
1476 3504 1625 3550 recte
1692 3496 1852 3551 factis
1929 3496 2054 3551 dubi

2201 3495 2347 3554 θους.
2379 3494 2451 3547 Τὸ
2477 3494 2581 3565 γὰρ
2610 3494 2956 3565 κατορθῶσαι
3007 3497 3231 3567 νομίσαι
3290 3498 3520 3565 γίγνεται
3573 3491 3719 3560 σαφῶς

507 3587 696 3657 procul
728 3586 780 3640 in
835 3586 993 3640 nobis
1038 3587 1277 3640 maxima
1304 3588 1574 3656 superbia:
1601 3589 1820 3643 occasio
1879 3596 1982 3654 est,
2014 3600 2055 3641 ιιι

2202 3590 2330 3659 ἡμῖν
2378 3588 2756 3659 ὑπερηφανίας
2809 3589 3042 3657 μεγίστη
3099 3591 3393 3660 πρόφασις,
3424 3589 3495 3651 ὡς
3537 3589 3562 3640 ὁ
3601 3586 3721 3650 λόγος

500 3680 611 3749 jam
666 3690 789 3734 ante
838 3679 1158 3734 docuimus.
1214 3677 1446 3734 Tantum
1510 3695 1639 3735 vero
1702 3682 1911 3737 malum
1985 3685 2048 3740 ho

2199 3681 2298 3750 ήδη
2323 3680 2538 3743 διδάξας
2565 3679 2725 3747 ἔφθη.
2754 3678 2924 3733 Τοῦτο
2952 3678 3009 3732 δὲ
3037 3681 3280 3748 τοσούτῳ
3304 3680 3485 3744 κακδν,
3506 3678 3625 3731 ὥστε
3649 3673 3718 3726 καὶ

505 3784 609 3839 est,
668 3785 726 3827 ut
780 3772 944 3827 etiam
1009 3772 1433 3839 Cbrysostomus
1472 3773 1676 3828 alicubi
1720 3774 2053 3840 docuerit,ci

2198 3772 2289 3825 τὸν
2320 3772 2759 3843 Χρυσοῤῥήμονά
2794 3789 2897 3825 που
2938 3772 3151 3838 διδάξαι
3186 3772 3393 3843 βέλτιον
3418 3774 3585 3841 σαφῶς
3613 3764 3714 3821 εἶναι

508 3877 591 3921 tra
648 3866 1076 3920 controversiam
1138 3864 1333 3919 melius
1394 3880 1536 3932 esse,
1586 3882 1691 3920 non
1724 3865 1906 3922 facere
1967 3869 2056 3923 bor

2201 3864 2276 3934 μὴ
2302 3864 2503 3932 πρᾶξαί
2524 3880 2575 3916 τι
2606 3862 2716 3915 τῶν
2746 3863 2947 3927 καλῶν,
2975 3864 3064 3917 καὶ
3098 3864 3208 3918 ὑπὸ
3229 3866 3382 3933 δίκην
3407 3863 3580 3917 ἑαυτὸν
3602 3857 3716 3930 μεγί-

506 3951 784 4021 quidpiam
816 3966 1097 4022 poenasque
1129 3967 1188 4008 se
1221 3952 1471 4007 maximae
1502 3969 1652 4009 reum
1678 3954 1899 4024 ducere,
1930 3972 2054 4027 quat

2199 3967 2330 4021 στην
2355 3950 2781 4020 ὑπολαμόἀνειν,
2815 3951 2847 4021 ἢ
2880 3952 3255 4021 κατορθοῦντα
3306 3953 3505 4007 οἴεσθαι
3552 3950 3720 4002 πάντων

506 4057 672 4112 opera
705 4044 966 4112 praeclara
995 4042 1287 4099 facientem
1336 4052 1551 4114 putare,
1578 4060 1639 4099 se
1694 4061 1859 4115 supra
1905 4061 2054 4102 omne

2198 4038 2324 4108 ἑξῆς
2351 4040 2730 4110 ὑπερκεῖσθαι.
2774 4040 2938 4092 ’Ὥστε
2962 4034 3277 4107 λογίζεσθαι
3314 4043 3417 4114 χρὴ
3441 4043 3529 4103 τας
3552 4036 3718 4106 ἀγαθὰς

506 4150 627 4190 esse
658 4138 914 4204 positum.
951 4135 1322 4203 Quamobrem
1356 4137 1603 4192 actiones
1636 4137 1809 4193 bonas
1858 4138 2054 4207 imputc

2197 4131 2423 4203 πράξεις
2454 4131 2532 4202 τῷ
2571 4131 2711 4202 Θεῷ,
2756 4132 2852 4185 καὶ
2879 4132 2978 4203 οὐχ
3023 4134 3230 4205 ἐαυτῷ.
3270 4136 3320 4187 εί
3355 4133 3528 4204 μέλλει
3555 4146 3623 4191 τις
3652 4142 3722 4195 με·

508 4228 640 4294 Dco,
676 4244 780 4284 non
814 4229 939 4295 sibi,
972 4230 1062 4299 qui
1099 4231 1377 4284 modestus
1410 4244 1532 4285 esse
1557 4230 1784 4300 cogitat.
1822 4230 1951 4285 llaec
1971 4230 2056 4300 opi

2195 4225 2458 4296 τριάζειν.
2499 4226 2649 4296 Αὕτη
2674 4228 2707 4297 ὴ
2734 4226 2859 4292 δόξα
2890 4227 3191 4297 καθαρεύει
3240 4228 3341 4297 μὲν
3381 4226 3571 4294 πλάνης
3613 4219 3722 4274 ἀπά-

508 4322 602 4375 ιιίο
634 4322 891 4376 immnnis
922 4332 1006 4375 eet
1037 4324 1108 4375 ab
1141 4322 1290 4375 omni
1324 4335 1537 4385 errore,
1567 4335 1630 4374 ac
1664 4322 1883 4375 veritati
1943 4335 2056 4375 sum

2199 4336 2318 4388 σης.
2344 4319 2524 4388 ἔχεται
2553 4319 2611 4373 δὲ
2640 4318 2737 4389 τῆς
2762 4317 3020 4389 ἀληθείας
3071 4321 3131 4383 ὲς
3168 4321 3360 4391 ἄκρον,
3409 4317 3641 4372 κινδύνων
3684 4309 3725 4362 δὲ

510 4427 595 4467 me
623 4412 901 4487 innititur,
931 4414 1104 4481 posita
1135 4411 1343 4480 pariter
1370 4420 1527 4465 extra
1597 4412 1838 4479 pericula
1873 4423 1928 4468 et
1986 4414 2057 4469 tel

2197 4411 2355 4474 ἐκτὸς
2419 4411 2621 4480 ἔστηκε
2672 4414 2765 4464 καὶ
2801 4410 2997 4481 βελῶν,
3046 4409 3083 4466 ἀ
3139 4413 3261 4465 καθ’
3312 4411 3465 4481 ἡμῶν
3495 4401 3724 4476 ἀφίησινῆ

508 4517 629 4572 quae
659 4513 850 4558 contra
886 4517 983 4557 nos
1009 4512 1226 4556 versuta
1279 4511 1497 4570 torquet
1518 4502 1706 4560 elatio.
1764 4505 1878 4560 Nec
1942 4508 2056 4562 enir

2193 4502 2575 4573 πολυμήχανος
2604 4504 2857 4573 ἔπαρσις.
2892 4501 3030 4556 Οὔτε
3060 4504 3172 4572 γὰρ
3221 4501 3581 4572 ἀπατηθῆναι,
3632 4494 3726 4548 οὔτε

511 4595 740 4662 decipit,
779 4610 878 4648 nec
898 4594 950 4647 in
980 4594 1286 4662 periculum
1314 4596 1505 4649 venire
1526 4607 1725 4665 potest,
1750 4598 1841 4668 qui
1865 4600 2059 4655 cuicun

2191 4594 2534 4648 κινδυνεῦσαι
2567 4589 2675 4648 οἷόν
2705 4611 2789 4658 τε,
2824 4594 2914 4647 τὸν
2947 4594 3032 4663 ἐφ’
3074 4595 3281 4665 ὁτῳοῦν
3332 4594 3516 4663 ἀληθεῖ
3567 4584 3728 4657 θαῤῥή·

509 4700 616 4755 que
643 4701 768 4740 vero
805 4687 982 4741 fretus
1040 4695 1145 4741 est.
1196 4686 1337 4751 Quid
1399 4696 1580 4742 autem
1645 4690 1815 4759 magis
1875 4706 2057 4746 verum

2192 4703 2383 4741 σαντα.
2415 4687 2480 4739 Τί
2508 4686 2564 4739 δὲ
2595 4686 2963 4757 ἀληθέστερον
3016 4685 3110 4739 τοῦ
3170 4687 3418 4752 δοξάζειν
3476 4679 3601 4736 εἶναι
3651 4675 3728 4745 μὶν

508 4793 671 4844 quam
704 4779 1040 4841 existimare,
1079 4778 1244 4833 Deum
1271 4793 1395 4834 esse
1453 4779 1763 4849 largitorem
1822 4782 2056 4849 bonornt

2192 4777 2412 4831 πάντων
2451 4776 2560 4828 τῶν
2592 4776 2814 4844 ἀγαθῶν
2837 4777 3037 4846 δοτῆρα
3062 4776 3152 4830 τὸν
3188 4778 3346 4841 Θεὸν,
3382 4773 3517 4828 εῖναι
3546 4772 3597 4824 δὲ
3623 4765 3729 4819 πάν-

507 4872 777 4935 οιηιιίυηι,
809 4881 863 4925 ct
901 4872 968 4925 ab
987 4871 1175 4926 eodem
1202 4871 1486 4927 universos
1514 4876 1772 4929 mortales
1798 4875 1935 4929 bona
1960 4891 2055 4931 con

2191 4888 2288 4933 τας
2323 4869 2644 4939 ἀνθρώπους
2676 4869 2888 4923 ἐκεῖθεν
2917 4870 3238 4942 δεχομένους
3260 4870 3507 4939 τάγαθά;
3541 4862 3631 4919 Καὶ
3659 4858 3730 4923 δη·

510 4963 705 5033 sequi?
739 4963 1079 5030 Argumenta
1112 4972 1219 5025 est,
1246 4962 1391 5032 quod
1422 4979 1451 5017 a
1492 4962 1778 5021 Salvatore
1801 4967 2055 5037 discipuli

2193 4965 2277 5016 λοῖ
2327 4962 2389 5015 τὸ
2421 4961 2498 5031 τῷ
2526 4961 2741 5031 Σωτῆρι
2800 4962 2935 5032 πρὸς
2993 4964 3119 5025 τοὺς
3159 4962 3409 5031 μαθητὰς
3444 4954 3728 5028 είρημένον⁸

509 5064 594 5110 est
628 5054 832 5110 dictum
874 5072 887 5108 :
922 5051 1051 5107 Siue
1095 5070 1174 5108 me
1221 5055 1353 5108 nihil
1398 5058 1615 5121 potestis
1662 5057 1863 5126 facere.
1930 5058 2057 5125 Quo

2194 5058 2381 5126 Χωρῖς
2408 5058 2555 5127 ἐμοῦ
2588 5061 2659 5113 οὐ
2709 5059 2978 5113 δύνασθε
3010 5059 3209 5114 ποιεῖν
3263 5058 3464 5112 οὐδέν.
3530 5050 3731 5119 Ἀπᾶχίιη

510 5164 644 5205 sane
676 5147 903 5203 verbum
950 5156 1009 5201 ut
1079 5161 1203 5201 esse
1246 5148 1595 5203 verissimum
1657 5151 2058 5207 demonstretur

2195 5154 2369 5203 εἰπεῖν
2398 5153 2547 5221 ἡμᾶς
2575 5152 2636 5203 τὸ
2671 5150 2761 5204 τὸν
2797 5151 3031 5220 Σωτῆρα
3077 5150 3224 5203 τοῦτ’
3284 5148 3571 5219 εἰρηκέναι,
3624 5140 3731 5207 πρὸς

512 5242 613 5295 hoc
651 5254 817 5293 unum
888 5238 1071 5293 dicere
1114 5238 1333 5304 sufﬁcit,
1388 5254 1419 5292 a
1472 5239 1756 5295 Salvatore
1820 5242 2060 5309 prolatur

2195 5243 2255 5295 τὸ
2285 5243 2654 5311 ἀληθέστατον
2695 5242 2787 5294 τὸν
2811 5243 2967 5309 λόγον
2998 5241 3402 5295 ἀποδεικνύναι.
3449 5236 3525 5291 οὐ
3553 5232 3611 5301 δὴ
3631 5229 3730 5295 δείΓ

508 5347 651 5387 esse.
684 5332 800 5387 Non
835 5331 1138 5387 rationibus
1164 5346 1301 5399 opus
1324 5331 1428 5386 erit
1455 5330 1586 5383 mihi
1635 5345 1735 5385 nec
1765 5334 2056 5400 priscorum

2198 5352 2279 5387 σει
2315 5352 2404 5404 μοι
2434 5335 2626 5401 λόγων,
2666 5333 2791 5387 οὒτε
2822 5334 3089 5397 παλαιῶν,
3112 5333 3235 5387 οὔτε
3283 5332 3435 5395 νέων,
3489 5322 3566 5390 οἷς
3594 5325 3651 5378 ἀν
3680 5316 3731 5389 ἦν

510 5440 611 5479 nec
639 5425 977 5490 recentium;
1018 5424 1213 5494 quibus
1276 5423 1420 5477 hanc
1446 5423 1797 5488 sententiam,
1851 5440 1949 5480 ceu
2005 5441 2058 5480 vc

2198 5425 2465 5493 συστῆσαι
2499 5423 2656 5477 τοῦτο
2686 5425 2747 5477 τὸ
2777 5425 2976 5495 δόγμα,
3007 5426 3082 5488 ὡς
3115 5423 3337 5494 ἀληθές.
3373 5422 3445 5474 Οὐ
3474 5410 3730 5484 παραδείγ-

514 5533 654 5579 ram,
692 5516 926 5585 probare
950 5516 1165 5570 liceret.
1201 5513 1317 5567 Non
1346 5514 1611 5584 exemplis
1652 5524 1796 5580 utar,
1837 5532 1942 5569 non
1977 5517 2061 5586 syl

2200 5532 2327 5586 μασι
2357 5516 2658 5586 χρήσομαι,
2690 5515 2751 5567 ού
2780 5514 3160 5584 συλλογισμοῖς
3191 5530 3205 5543 ·
3260 5512 3412 5564 οὐδὲν
3458 5502 3731 5571 ἐπιζητήαω

512 5608 779 5679 lagismis.
813 5608 958 5663 Nihil
1004 5606 1228 5661 omniuo
1291 5608 1633 5676 perquirunt,
1688 5609 1835 5679 quod
1888 5610 1988 5663 huc
2040 5610 2052 5662 i

2197 5609 2306 5661 τῶν
2339 5610 2579 5676 πάντων,
2608 5607 2636 5661 ὃ
2664 5607 3039 5678 συνηγόρησεν
3070 5608 3135 5661 ἄν
3174 5624 3263 5677 μοι
3296 5604 3427 5673 πρὸς
3470 5599 3615 5653 τοῦτο
3636 5590 3733 5657 δεῆ-

513 5710 668 5768 parte
696 5702 831 5755 mihi
860 5700 1319 5771 patrocinaretur,
1346 5700 1391 5753 si
1426 5716 1516 5755 res
1546 5702 1614 5754 ita
1641 5711 1914 5770 posceret.
1954 5698 2061 5755 han

2200 5719 2319 5757 σαν.
2345 5703 2519 5756 Ὅπου
2548 5703 2658 5775 γὰρ
2688 5705 2721 5774 ἡ
2754 5701 3116 5771 αὑτοαλήθεια
3148 5700 3488 5773 χρηματίζει,
3513 5696 3736 5775 ᾶντικρνς

516 5790 606 5847 ubi
644 5793 845 5847 veritas
866 5793 982 5860 ipsa
1010 5790 1155 5844 velut
1186 5790 1412 5846 oraculo
1437 5793 1566 5861 quid
1602 5795 1874 5860 dcccruil,
1944 5809 2064 5850 Incr.

2201 5795 2545 5866 βλασφημεῖν
2580 5774 2728 5849 ἐστιν
2765 5796 3067 5865 ἐπιχειρεῖν
3096 5790 3320 5863 ἀμύνειν
3351 5790 3426 5860 τῷ
3448 5784 3641 5851 ἐκείνης
3662 5774 3734 5827 λό’
