3920 6200
220 371 321 435 549

1604 352 1892 415 ORATIO
1920 353 2049 415 VII.

3366 358 3469 419 δδο

226 499 325 552 τῳ.
365 478 620 541 Ἐκεῖνοις
669 475 778 544 γάρ
836 472 1131 544 βοηθητέον
1181 471 1313 541 ἡμῖν
1364 469 1532 532 ἔστιν,
1585 466 1678 545 οὓς
1727 465 1792 519 ἂν

1900 462 2232 531 blasphemia
2259 472 2362 526 est,
2384 466 2683 521 orationem
2711 466 2829 536 ejus
2859 467 2995 525 tueri
3028 467 3180 523 velle.
3198 468 3466 526 Nimirum

225 572 485 641 γνοίημεν
506 569 797 638 δεομένους
834 568 931 634 τῆς
958 566 1089 635 παρ’
1119 564 1279 633 ἡμῶν
1326 559 1665 630 συμμαχίας,
1705 558 1792 607 ἐλ-

223 661 392 724 λιπῶς
426 660 548 714 καθ’
568 658 746 713 ὁτιοῦν
768 658 987 729 ἔχοντας
1011 657 1145 726 πρός
1171 672 1233 723 γε
1261 653 1320 707 τὸ
1366 652 1546 720 σφίσιν
1608 650 1793 711 αὐτοῖς

225 754 503 820 ἐπαρκεῖν.
539 750 658 819 Θεῷ
690 750 746 802 δὲ
770 751 854 812 τίς
882 746 1157 811 ἀσθένεια,
1215 744 1289 807 ὼς
1315 742 1520 796 δεῖσθαί
1555 757 1658 793 που
1690 739 1790 808 τῆς

225 846 351 914 παρ’
381 844 537 913 ἡμῶν
570 841 824 912 βοηθείας
852 857 867 905 ;
925 839 1085 893 Ἀλλὰ
1113 837 1219 907 γὰρ
1250 837 1346 891 καὶ
1385 833 1542 887 τοῦτο
1590 831 1794 899 παρέλ-

225 952 317 987 κον
347 930 527 1002 οἶμαι,
549 933 609 985 τὸ
643 932 739 986 καὶ
776 933 885 993 τοῖς
920 929 1121 997 ὀλίγοις
1160 927 1368 988 τούτοις
1398 922 1631 977 ἐνταῦθα
1654 921 1791 991 χρή-

226 1020 415 1074 σασθαι
442 1021 645 1087 λόγοις.
669 1018 766 1080 Τίς
797 1018 904 1086 γὰρ
930 1017 1030 1068 ούκ
1064 1010 1227 1075 οἶδεν,
1260 1014 1336 1075 ὠς
1364 1013 1412 1065 εἰ
1439 1011 1537 1082 μὲν
1576 1009 1788 1079 ἀνθρώο

224 1129 390 1177 πινον,
420 1111 483 1163 ού
510 1110 672 1164 καλόν
702 1126 719 1176 ;
755 1110 801 1162 ei
839 1107 894 1160 δὲ
937 1105 1092 1170 Θεοῦ,
1145 1105 1237 1158 καὶ
1267 1103 1467 1168 καλόν;
1526 1100 1683 1168 Λέγω
1732 1099 1788 1151 δὲ

223 1200 557 1271 ἀνθρώπινον
587 1201 686 1272 μὲν
728 1200 788 1252 τὸ
831 1198 929 1267 τῆς
958 1196 1052 1251 τοῦ
1084 1195 1218 1250 Θεοῦ
1250 1193 1423 1265 ῥοπῆς
1474 1192 1788 1247 παντάπασι

222 1294 365 1361 ψιλὸν
394 1292 457 1347 δν
477 1293 644 1346 ’Θεοῦ
669 1293 725 1345 δὲ
758 1291 855 1359 τὴν
888 1289 1096 1343 ἐκείνου
1143 1286 1280 1356 πρὸς
1337 1286 1482 1354 ἡμᾶς
1523 1281 1789 1335 εὐδοκίαν.

223 1385 289 1437 Τὸ
309 1384 417 1453 γὰρ
446 1380 949 1451 ἐγκαταλελεῖφθαι,
987 1379 1079 1430 καὶ
1119 1379 1218 1444 τῆς
1270 1376 1437 1446 ὀργῆς
1467 1371 1633 1427 αὐτοῦ
1676 1390 1794 1425 πει-

229 1475 467 1543 ραθῆναι,
501 1475 792 1543 ἡμέτερον.
814 1472 946 1525 Οὐδὲ
979 1472 1086 1540 γὰρ
1126 1470 1287 1541 ἔργον
1322 1468 1477 1522 Θεοῦ.
1521 1467 1789 1533 Ἐκεῖνος

228 1566 321 1636 γὰρ
343 1565 713 1633 ἀπείραστός
735 1564 866 1619 ἐστι
895 1560 1118 1626 κακῶν,
1160 1558 1415 1629 πειράζει
1444 1559 1513 1612 δὲ
1550 1559 1791 1623 οὐδένα,

224 1659 356 1713 κατὰ
384 1657 479 1709 τὸν
496 1654 862 1723 ’Δδελφόθεον.
886 1655 1048 1707 Ὥστε
1077 1654 1135 1706 τὸ
1161 1653 1339 1715 καλῶς
1359 1654 1530 1706 ποιεῖν
1553 1650 1792 1720 ἀτεχνῶς

1899 552 1975 607 illi
2004 554 2162 609 nobis
2195 554 2518 611 defendendi
2550 569 2702 622 sunt,
2733 574 2867 627 quos
2921 561 3272 630 intelligimus
3334 565 3471 617 indi-

1897 662 2022 717 gere
2051 658 2237 703 nostro
2262 651 2489 716 auxilio,
2508 655 2718 708 viribus
2758 656 2935 722 aliqua
2965 665 3112 722 parte
3130 658 3467 721 deficientes,
3519 679 3538 709 ι

1896 757 2004 810 quo
2041 743 2218 798 minus
2243 758 2398 811 opem
2437 745 2536 812 ipsi
2558 746 2657 800 sibi
2694 746 2837 803 ferre
2863 742 3092 815 possint.
3146 750 3217 802 At
3256 750 3308 803 in
3354 750 3466 804 Deo

1897 849 2145 903 quaenam
2172 847 2257 891 est
2289 837 2658 903 imbecillitas,
2695 851 2891 894 nostra:
2936 852 2993 894 ut
3020 842 3136 911 opis
3192 842 3469 911 indigent?

1898 925 2196 980 Enimvero
2259 942 2719 997 supervacaneum
2750 942 2804 985 et
2836 931 2965 984 illud
3010 932 3268 997 arbitror,
3322 936 3465 1000 quod

1896 1015 2061 1069 etiam
2125 1021 2409 1086 perpaucis
2441 1020 2590 1075 hisce
2622 1020 2801 1075 verbis
2841 1023 2941 1075 hoc
2981 1002 3099 1077 loco
3125 1023 3297 1078 simus
3359 1028 3467 1079 usi.

1895 1105 2031 1173 Quis
2059 1110 2201 1162 enim
2236 1110 2472 1179 ignorat,
2510 1112 2554 1166 si
2586 1112 2714 1181 quid
2752 1112 3050 1167 humanum
3098 1117 3188 1177 sit,
3213 1130 3318 1167 nou
3347 1129 3469 1168 esse

1899 1202 2246 1256 bouunnsiu
2291 1203 2408 1267 Dei,
2465 1203 2664 1258 bonum
2718 1205 2874 1259 esse?
2926 1204 3236 1258 Humanum
3288 1217 3467 1259 autem

1897 1292 1948 1345 id
1980 1293 2210 1361 appello,
2246 1297 2388 1362 quod
2414 1295 2615 1349 auxilio
2668 1296 2762 1349 Dei
2800 1298 2958 1365 plane
2987 1296 3305 1351 destituitur
3339 1313 3355 1351 :
3394 1299 3474 1350 di-

1896 1383 2084 1436 vinum
2117 1398 2263 1446 vero,
2298 1385 2471 1453 ipsius
2502 1398 2627 1453 erga
2663 1401 2762 1439 nos
2793 1386 3238 1454 propensionem.
3264 1388 3472 1455 Quippe

1898 1474 2097 1540 deseri,
2130 1488 2287 1543 atque
2316 1479 2451 1529 iram
2514 1477 2687 1546 ipsius
2748 1479 3005 1542 experiri,
3061 1489 3303 1533 nostrum
3362 1491 3471 1535 est.

1895 1562 2257 1633 Nequitenim
2288 1565 2379 1622 Dei
2408 1567 2509 1621 hoc
2532 1582 2667 1637 Opus
2697 1582 2844 1623 esse.
2873 1568 3006 1622 Nam
3037 1571 3175 1623 Deus
3201 1570 3467 1624 malorum

1896 1672 2093 1725 expers
2148 1668 2252 1721 est,
2317 1667 2373 1713 et
2423 1660 2696 1714 neminem
2760 1667 2954 1723 tentat,
3007 1660 3464 1729 quemadmodum

222 1753 368 1821 παρὰ
406 1748 547 1803 Θεοῦ
580 1750 693 1811 τοῖς
715 1745 1043 1817 ἀνθρώποις,
1078 1745 1139 1798 τὸ
1168 1743 1224 1797 δὲ
1255 1745 1438 1803 κακῶς
1484 1743 1543 1809 ἐξ
1585 1742 1793 1813 ἀνθρὼ-

1901 1747 2068 1803 frater
2094 1749 2181 1804 ille
2217 1749 2419 1804 Christi
2468 1750 2733 1819 loquitur.
2769 1750 2922 1806 Unde
2959 1752 3250 1822 colligitur,
3302 1768 3467 1819 opera

224 1860 357 1907 πων,
397 1840 495 1893 καὶ
517 1841 613 1910 τῆς
636 1835 1010 1907 προαιρέσεως
1044 1834 1234 1904 μόνης.
1286 1834 1397 1886 Καὶ
1426 1832 1473 1885 εἰ
1505 1832 1790 1886 κάλλιστόν

1898 1839 2039 1893 bona
2064 1837 2229 1891 dubio
2262 1838 2447 1906 procul
2477 1838 2530 1891 in
2564 1839 2873 1892 hominibus
2907 1854 2936 1892 a
2968 1821 3105 1892 Deo,
3144 1839 3416 1906 proficisci
3448 1854 3462 1891 :

221 1933 413 1987 ὲστιτὺ
442 1931 536 1984 ἐπὶ
585 1931 703 1993 ταῖς
754 1928 986 1996 ἀγαθαῖς
1041 1927 1274 1997 πράξεσι
1323 1928 1790 1996 ταπεινοφρονεῖν,

222 2024 403 2091 σαφῶς
445 2023 541 2075 καὶ
562 2021 706 2074 τοῦθ’
736 2022 866 2092 ἡμῖν
897 2018 1073 2088 πολλῷ
1131 2034 1196 2086 γε
1237 2017 1457 2088 μᾶλλον,
1495 2018 1570 2082 ὡς
1622 2017 1682 2071 δν
1732 2033 1793 2085 γε

217 2114 339 2183 μεθ’
392 2113 697 2184 ὑπερϐολῆς
751 2112 977 2180 ἀγαθόν.
1032 2112 1140 2164 Καὶ
1202 2111 1324 2164 ἐπεὶ
1348 2112 1503 2164 ταυτὶ
1551 2109 1795 2175 ξυνδοκεῖ

220 2203 357 2268 (πῶς
388 2206 496 2275 γὰρ
526 2203 587 2257 οῦ
623 2204 689 2275 ς),
717 2205 777 2257 ού
805 2204 886 2257 δεῖ
912 2203 1003 2255 τὸν
1032 2202 1406 2271 κατορθοῦντα
1430 2200 1788 2272 ἐπαίρεσθαι.

220 2296 280 2348 Ei
339 2297 456 2366 γὰρ
504 2297 770 2367 ἑφ⁹ήμῶν
800 2299 905 2349 τῶν
950 2293 1250 2365 ἀνθρώπων
1295 2295 1472 2357 οὐδεὶς
1531 2293 1599 2348 ἂν
1653 2296 1795 2365 μέγα

218 2389 344 2441 ποτὲ
370 2388 699 2459 φρονήσειεν
728 2387 1150 2457 ἀριστεύσαντος
1181 2387 1368 2456 ἑτέρου
1399 2387 1623 2454 (πόθενς
1668 2387 1795 2439 πολ-

219 2478 305 2531 λοῦ
342 2496 416 2547 γε
438 2480 533 2533 καὶ
559 2479 683 2550 δεῖ),
710 2480 825 2542 πῶς
863 2478 929 2532 ἄν
975 2478 1059 2547 εἴη
1092 2478 1299 2531 δίκαιον
1331 2477 1794 2547 ύψηλοφρονῆσαι,

219 2572 305 2624 τοῦ
339 2572 485 2624 Θεοῦ
506 2570 931 2640 κατωρθωκότος
971 2569 1037 2622 δι’
1088 2568 1246 2639 ἡμῶν
1277 2568 1340 2622 τὺ
1392 2568 1534 2638 ὑπὲρ
1595 2569 1793 2637 ήμῶνς

227 2664 366 2716 Ἀλλ’
404 2665 523 2731 ἐρεῖ
550 2679 634 2727 τις
669 2662 796 2725 ἴσως
827 2662 1082 2733 αρπάσας
1115 2662 1196 2727 τὸ,
1230 2661 1305 2713 Δι’
1341 2660 1521 2730 ἡμῶν,
1560 2661 1635 2723 ὡς
1687 2661 1796 2728 ἄρα

218 2770 266 2805 τι
293 2756 393 2806 καὶ
431 2754 490 2805 τὸ
538 2753 802 2823 ἡμέτερον
850 2752 1216 2823 συνεισφέρει.
1278 2753 1628 2821 Συνεισφέρει
1674 2751 1792 2819 μὲν,

217 2841 258 2900 ὦ
282 2848 407 2911 τᾶν,
437 2845 629 2899 Οὐδὲν
658 2845 712 2896 δὲ
734 2843 916 2913 ἔχεις,
950 2844 1137 2912 φησιν,
1175 2841 1207 2895 ὃ
1254 2845 1365 2896 οὐκ
1418 2842 1653 2905 ἔλαϐες.
1719 2839 1793 2892 Τὰ

218 2941 320 3009 γὰρ
354 2938 563 2991 πάντα
594 2938 661 2991 ἐκ
694 2938 862 2992 Θεοῦ.
899 2938 1005 2991 Καὶ
1027 2937 1211 3000 αὑτός
1229 2936 1402 2990 ἐστιν
1453 2938 1486 2988 ὀ
1532 2933 1796 3003 ἐνεργῶν

217 3031 281 3083 ἐν
308 3031 465 3098 ἡμῖν
492 3028 590 3083 καὶ
620 3029 685 3082 τὸ
730 3028 931 3082 θέλειν
967 3029 1064 3081 καὶ
1099 3026 1165 3080 τὸ
1195 3028 1467 3095 ἐνεργεῖν
1504 3026 1653 3093 ὑπὲρ
1686 3024 1794 3092 τῆς

1899 1927 2040 1982 mala
2078 1942 2208 1982 vero
2286 1929 2355 1982 ab
2395 1928 2727 1994 hominibus,
2762 1940 2815 1984 et
2847 1930 3154 1984 animorum
3204 1932 3471 1983 duntaxat

1899 2019 2171 2075 instituto.
2202 2019 2280 2075 Ac
2301 2020 2346 2074 si
2380 2022 2803 2090 pulcherrimum
2829 2021 3081 2089 quiddam
3102 2030 3206 2086 esl,
3237 2022 3286 2074 iu
3316 2035 3474 2090 egre-

1896 2111 1999 2181 giis
2027 2111 2185 2167 factis
2207 2114 2487 2167 humiliter
2522 2128 2643 2169 sese
2672 2129 2864 2184 gerere
2890 2131 2905 2167 :
2934 2129 3037 2165 non
3074 2112 3298 2167 dubium
3360 2123 3466 2176 est,

1898 2203 2002 2259 hoc
2034 2205 2212 2273 ipsum
2239 2221 2451 2275 quoque
2497 2205 2653 2261 nobis
2682 2220 2710 2258 a
2736 2205 2846 2260 Deo
2873 2205 3040 2259 multo
3073 2206 3243 2275 magis
3277 2220 3473 2259 conce-

1896 2297 1972 2359 di,
2010 2312 2131 2350 cum
2168 2297 2426 2352 eximium
2469 2298 2671 2351 bonum
2702 2296 2792 2352 sit.
2824 2296 3002 2366 Atque
3031 2298 3115 2351 his
3151 2298 3466 2351 necessario

1896 2404 2018 2443 cum
2048 2389 2297 2443 assentiri
2323 2404 2605 2453 cogamur,
2631 2391 2724 2458 qui
2763 2403 2853 2443 res
2874 2388 3163 2457 praeclaras
3190 2390 3321 2458 agit,
3355 2389 3475 2441 ani-

1900 2497 1987 2535 mo
2018 2497 2122 2536 non
2152 2482 2311 2536 debet
2347 2483 2551 2538 eﬂ‘erri.
2602 2481 2736 2536 Nam
2766 2482 2813 2536 si
2860 2496 2964 2535 nos
3026 2482 3168 2535 inter
3222 2480 3471 2534 homines

1900 2573 2080 2627 nullus
2109 2588 2346 2641 unquam
2376 2584 2669 2641 prOpterea
2711 2573 2995 2642 magnifice
3026 2573 3093 2626 de
3123 2587 3183 2627 se
3219 2569 3473 2631 senserit.

1898 2666 2042 2732 quod
2070 2666 2210 2718 alius
2244 2667 2460 2735 egregie
2486 2681 2545 2721 se
2570 2666 2744 2734 gessit
2796 2666 2926 2735 (quo
2969 2667 3111 2718 enim
3141 2665 3310 2733 jure?
3350 2665 3472 2717 nul-

1896 2751 1949 2806 lo
1980 2756 2191 2820 certe);
2223 2757 2444 2823 quinam
2479 2757 2644 2810 fuerit
2694 2772 2907 2826 aequum
2937 2757 3186 2811 sublimia
3242 2771 3343 2809 nos
3404 2756 3472 2809 dc

1899 2845 2170 2899 nobismet
2195 2847 2422 2908 sentire.
2453 2863 2576 2903 cum
2634 2847 2779 2903 Deus
2826 2864 2922 2917 per
2986 2864 3086 2902 nos
3136 2850 3268 2902 utile
3318 2849 3472 2902 nobis

1897 2952 2032 3004 opus
2054 2938 2261 2992 eﬂicit?
2317 2937 2421 2993 Sed
2450 2940 2595 2994 dicet
2663 2940 2894 2994 fortasse
2950 2941 3245 3010 quispiam,
3306 2951 3467 3010 rapto

1898 3029 1994 3085 illo
2033 3031 2199 3084 verbo
2226 3042 2434 3093 nostro,
2480 3031 2583 3086 Per
2647 3047 2783 3096 nos;
2834 3032 2937 3087 hoc
2997 3034 3175 3100 ipsum
3238 3032 3468 3097 scilicet,

214 3123 523 3186 εὐδοκίας.
560 3122 687 3186 Καὶ,
734 3123 835 3175 Ἐν
863 3121 1022 3186 αὐτῷ
1048 3120 1144 3174 καὶ
1181 3117 1386 3188 ζῶμεν,
1440 3118 1540 3171 καὶ
1589 3119 1789 3171 κινού-

1899 3122 2063 3176 etiam
2102 3133 2343 3177 nostrum
2374 3124 2581 3194 aliquid
2619 3140 2806 3180 secum
2836 3126 3067 3181 inferre.
3136 3127 3281 3181 Sane
3340 3142 3471 3180 vero

209 3217 383 3282 μεθα,
441 3212 538 3265 καὶ
562 3212 773 3281 ἐσμέν.
805 3212 909 3263 Ka‘t
943 3212 1076 3272 ὅλως
1108 3211 1167 3265 αἵ
1196 3227 1254 3263 τε
1275 3209 1467 3277 ψυχαὶ,
1496 3207 1565 3259 τά
1601 3224 1659 3258 τε
1692 3208 1795 3259 σὼο

216 3323 379 3373 ματα,
419 3307 512 3357 καὶ
541 3304 599 3356 αἱ
636 3303 777 3357 κατὰ
812 3303 944 3356 Θεὸν
971 3303 1215 3372 πράξεις,
1238 3303 1332 3355 καὶ
1363 3301 1499 3369 ὅπερ
1537 3300 1602 3352 ἂν
1635 3298 1797 3368 μετέ-

214 3414 303 3464 χον
326 3395 419 3465 εἴη
445 3394 685 3465 χρηστοῦ
718 3412 880 3460 τινος,
930 3395 1228 3464 οὐδαμόθεν
1265 3393 1526 3461 ἀτεχνῶς,
1549 3392 1602 3462 ,ἢ
1647 3392 1796 3463 παρά

214 3486 345 3539 Θεοῦ
389 3489 510 3547 τοῖς
543 3486 877 3556 ἀνθρώποις.
922 3485 1087 3538 Ὥστε
1119 3486 1215 3538 καὶ
1275 3484 1337 3536 τὸ
1372 3484 1797 3553 συνεισφερόμε-

215 3596 323 3644 νον,
362 3578 466 3633 καὶ
492 3578 626 3630 αὐτὸ
649 3577 710 3629 τὸ
745 3578 1174 3645 συνεισενεγκεῖν
1206 3577 1627 3646 προθυμεῖσθαι,
1678 3574 1796 3627 θεό-

215 3669 305 3722 θεν
330 3671 493 3739 ἡμῖν.
526 3671 636 3723 Καὶ
664 3670 744 3722 δεῖ
792 3686 855 3737 γε
907 3668 1046 3739 ὑπὲρ
1105 3668 1311 3721 τούτων
1360 3668 1558 3721 εἰδέναι
1612 3667 1793 3736 χάριν,

215 3764 336 3831 οὐχὶ
361 3762 784 3832 ὑψηλοφρονεῖν.
820 3764 926 3815 Καὶ
950 3762 1001 3815 τι
1042 3760 1213 3814 ταῦτα
1270 3762 1442 3830 Myro;
1493 3762 1628 3814 ὅπου
1695 3762 1787 3814 καὶ

214 3853 308 3906 τοῦ
341 3855 435 3907 διὰ
461 3853 759 3923 μαρτυρίου
789 3853 1021 3907 θανάτου
1048 3853 1142 3906 τὸν
1166 3852 1299 3906 Θεὸν
1322 3853 1593 3907 αἰτιατέον
1652 3853 1793 3917 ἐστὶ,

214 3942 307 3995 καὶ
341 3943 449 4015 τὴν
475 3942 762 4013 μεγίστην,
787 3942 937 4012 αύτῷ
962 3942 1057 3995 καὶ
1075 3943 1216 4013 ὑπὲρ
1250 3941 1441 3995 τούτου
1468 3941 1629 4010 χάριν
1655 3940 1794 3993 εἰδέ-

213 4050 302 4087 ναι
334 4033 654 4103 ὀφείλομεν,
688 4034 848 4097 εἴτις
878 4034 1122 4103 ἀκριὸὦς
1175 4034 1493 4102 σκοπὴσειε,
1541 4036 1636 4087 καὶ
1692 4036 1799 4087 οὐκ

213 4129 430 4197 οἰητέον
458 4127 647 4181 τούτου
671 4127 833 4197 χάριν
858 4127 1021 4180 αὐτὸν
1048 4127 1327 4197 ὀφειλέτην
1369 4128 1499 4196 ἡμῖν
1529 4127 1792 4180 καθιστὰο

212 4238 323 4273 ναι.
356 4219 445 4274 Τὰ
471 4219 581 4289 γὰρ
612 4220 788 4273 πάντα
827 4220 890 4271 ἐκ
922 4218 1083 4283 Θεοῦ,
1114 4216 1297 4280 καθὼς
1323 4218 1372 4269 οἱ
1405 4216 1640 4287 πρόσθεν
1662 4218 1794 4287 ἡμῖν

215 4314 407 4381 σαφῶς
444 4311 732 4376 ἀπέδειξαν
761 4312 931 4379 λόγοι.
964 4312 1027 4363 Εἰ
1058 4311 1164 4380 γὰρ
1198 4310 1275 4381 τῷ
1303 4312 1493 4380 ῥήτορι
1530 4310 1680 4365 δοκεῖ
1716 4305 1796 4364 εἷ-

213 4423 298 4458 ναι
321 4405 435 4459 τῶν
460 4403 673 4471 φύντων
700 4404 872 4456 αῖτιον
901 4402 994 4455 τὸν
1042 4402 1391 4472 παρασχόντα
1444 4402 1509 4455 τὸ
1544 4404 1789 4472 σπέρμα,

1900 3215 1969 3268 ita
1996 3223 2100 3279 est,
2133 3230 2163 3268 ο
2198 3216 2357 3269 bone.
2422 3215 2528 3271 Sed
2589 3217 2664 3271 nil
2698 3218 2875 3281 habes,
2941 3219 3115 3287 inquit
3159 3220 3469 3289 Apostolus,

1896 3308 2034 3375 quod
2073 3323 2176 3360 non
2238 3310 2508 3376 accepisti.
2531 3308 2615 3362 Ex
2654 3310 2757 3363 Deo
2780 3327 3004 3379 namque
3057 3313 3256 3365 omnia.
3329 3311 3467 3365 Deus

1897 3406 1993 3455 est.
2020 3399 2108 3465 qui
2136 3399 2284 3466 efﬁcit
2311 3400 2364 3451 in
2394 3402 2567 3465 nobis,
2593 3412 2643 3454 et
2672 3411 2731 3454 ut
2763 3402 3001 3464 velimus,
3058 3416 3104 3455 et
3136 3412 3192 3456 ut
3233 3404 3475 3472 perﬁciu-

1897 3506 2035 3557 mus,
2072 3507 2165 3559 pro
2194 3507 2291 3544 sua
2323 3493 2375 3545 in
2418 3509 2512 3545 nos
2540 3496 2906 3562 propensione.
2946 3494 3078 3549 Item
3115 3512 3129 3548 :
3167 3494 3233 3547 In
3275 3497 3388 3564 ipso
3426 3503 3475 3546 et

1898 3584 2137 3648 vivimus,
2198 3592 2245 3637 et
2282 3600 2567 3647 movemur,
2600 3594 2649 3637 et
2677 3602 2883 3639 sumus.
2933 3584 3013 3638 Ad
3051 3599 3318 3638 summam
3342 3624 3358 3649 ,
3422 3595 3476 3637 ιιι

1898 3678 2136 3739 animos,
2172 3685 2224 3730 et
2251 3690 2505 3744 corpora,
2538 3684 2592 3731 et
2608 3677 2855 3732 actiones
2870 3675 2979 3730 Deo
3007 3686 3209 3744 gratas,
3238 3686 3289 3731 et
3310 3677 3474 3744 quid-

1897 3766 2029 3835 quid
2066 3767 2191 3821 boni
2212 3769 2485 3835 particeps
2516 3774 2621 3830 est,
2654 3782 2920 3835 nusquam
2956 3767 3177 3822 aliunde
3209 3769 3471 3823 mortales

1896 3859 2101 3913 habent
2160 3873 2321 3925 quam
2352 3874 2380 3911 a
2418 3858 2546 3911 Deo.
2587 3856 2935 3927 Quapropter
2982 3867 3036 3912 et
3067 3860 3212 3927 quod
3263 3874 3293 3913 a
3321 3860 3477 3915 nobis

1898 3951 2203 4015 confertur,
2237 3959 2293 4003 et
2328 3951 2443 4019 ipsa
2475 3948 2749 4017 cupiditas
2796 3950 3142 4017 conferendi,
3213 3953 3476 4007 divinitus

1898 4044 2055 4098 nobis
2085 4043 2424 4097 cauceditur.
2458 4042 2706 4107 Quorum
2758 4056 2893 4097 sane
2928 4058 3091 4097 causa
3122 4052 3249 4098 sunt
3273 4044 3476 4099 haben-

1898 4137 1977 4189 dae
2012 4133 2220 4203 gratim,
2260 4148 2363 4187 non
2403 4132 2855 4201 superbiendum.
2891 4134 2957 4188 El.
2992 4135 3121 4204 quid
3150 4136 3264 4190 haec
3296 4135 3477 4203 profe-

1900 4242 1961 4280 ro
2006 4228 2028 4279 ?
2054 4225 2268 4295 quando
2288 4225 2454 4277 etiam
2481 4224 2672 4278 mortis
2694 4224 2859 4279 obita:
2889 4225 2943 4279 in
2982 4226 3246 4295 martyrio
3306 4240 3472 4280 causa

1898 4320 2092 4374 referri
2116 4317 2183 4371 ad
2220 4319 2384 4371 Deum
2442 4318 2631 4381 debet,
2681 4317 3043 4386 maximaeque
3095 4317 3170 4371 illi
3213 4317 3477 4374 habendae

1901 4421 2191 4482 propterea
2231 4409 2445 4480 gratiae,
2467 4410 2512 4464 si
2541 4410 2664 4478 quis
2701 4420 2959 4465 accurate
2980 4426 3093 4465 rem
3129 4410 3475 4478 consideret;

215 4501 307 4553 καὶ
334 4502 363 4553 ό
390 4500 549 4565 λόγος
584 4493 676 4567 ἢν,
704 4497 764 4549 ού
792 4496 920 4567 περὶ
943 4496 1102 4561 Θεοῦ,
1126 4496 1261 4549 ἀλλὰ
1287 4496 1419 4583 περὶ
1446 4496 1751 4565 ἀνθρώπων
1776 4512 1793 4528 ·

1902 4480 2005 4558 nec
2033 4502 2236 4557 idcirco
2273 4501 2597 4570 putandum,
2629 4510 2822 4555 nostro
2848 4501 2903 4555 in
2937 4516 3045 4556 tere
3100 4500 3268 4555 Deum
3327 4518 3471 4559 esse.

213 4593 332 4654 πῶς
354 4591 480 4660 οὐχὶ
514 4589 623 4643 τῶν
657 4591 714 4642 ὲν
735 4591 868 4658 ἡμῖν
892 4589 1114 4657 ἀγαθῶν
1137 4589 1355 4642 πάντων
1407 4587 1499 4643 τὸν
1532 4586 1667 4642 Θεὸν
1712 4589 1794 4643 ai-

215 4681 475 4743 τιατέονς
516 4682 647 4734 θντα
682 4679 782 4750 μὲν
807 4680 1159 4749 δημιουργὸν,
1221 4680 1349 4732 ὄντα
1405 4678 1464 4731 δὲ
1500 4678 1793 4749 κηδεμόνα,

214 4774 306 4825 καὶ
346 4770 577 4841 ταμίαν,
606 4771 701 4824 καὶ
728 4769 931 4839 δοτῆρα
964 4771 1177 4822 πάντων
1209 4768 1334 4837 ἑξῆς
1371 4768 1478 4822 τῶν
1512 4770 1593 4832 εἰς
1645 4771 1795 4839 ἡμᾶς

216 4863 302 4915 ἀεὶ
330 4852 741 4932 γινομένων.ού
780 4862 887 4931 μὴν
915 4860 1030 4914 ἀλλ’
1070 4861 1128 4913 ἓν
1152 4877 1213 4928 γε
1244 4862 1324 4913 ἔτι
1364 4860 1612 4913 λείπεται
1643 4861 1797 4931 βέλος

215 4954 326 5015 τοῖς
374 4951 763 5028 ύπερηφανίαν
817 4950 1074 5004 νοσοῦσι·
1124 4952 1217 5005 καὶ
1262 4950 1419 5004 τοῦτό
1450 4969 1514 5019 γε
1564 4951 1795 5005 ὕστατον

222 5043 318 5111 μὲν
358 5043 688 5113 (κεκένωται
713 5043 821 5113 γὰρ
850 5044 1031 5105 αὐτοῖς
1063 5044 1097 5111 ἡ
1128 5042 1397 5112 φαρέτρα)
1427 5038 1540 5095 οἷον
1569 5043 1625 5096 δὲ
1654 5059 1798 5113 παρ-

218 5130 367 5198 έχειν
419 5131 680 5197 ἐλπίζειν,
714 5131 790 5195 ὡς
823 5131 933 5200 ἄρα
988 5130 1248 5200 τρώσειεν
1305 5133 1526 5201 ἀφεθὲν.
1583 5134 1794 5187 Οὐκοῦν

218 5222 319 5274 κᾶν
373 5221 531 5276 τοῦτο
590 5225 702 5285 τοῖς
750 5222 1107 5294 προλαϐοῦσιν
1177 5222 1583 5293 ἀκολουθῆσαν,
1631 5228 1794 5298 μηδὲν

223 5311 454 5382 ἰσχῦσαν
500 5315 667 5382 φανῇ,
717 5312 832 5368 ἀλλ’
880 5314 1162 5384 ἄπρακτον
1204 5313 1455 5385 ἐξενεχθῇ
1506 5320 1620 5379 τοῖς
1672 5320 1795 5372 καθ’

218 5402 382 5471 ἡμῶν
442 5403 696 5470 emam,
736 5402 823 5473 εἴη
866 5404 933 5457 ἂν
972 5405 1000 5456 6
1057 5405 1211 5472 λόγος
1260 5401 1416 5469 οὗτος
1448 5408 1630 5472 καλῶς
1660 5411 1796 5478 ἡμῖν

219 5495 777 5563 συμπεπερασμένος.
814 5494 924 5547 Καὶ
952 5494 1016 5565 δὴ
1043 5496 1104 5548 τὸ
1128 5494 1279 5564 βέλος
1325 5498 1577 5565 ἐκεινοις,
1604 5499 1664 5554 τὸ
1695 5500 1797 5567 φά-

215 5597 374 5634 σκειν
422 5576 572 5654 οἶμαι
622 5584 943 5649 τοιάδε,ηότι
994 5588 1062 5638 τὰ
1112 5588 1211 5655 μὲν
1259 5588 1567 5658 ἀνθρώποις
1619 5592 1796 5663 ἐξειρ-

214 5674 491 5742 γασμένα,
526 5678 574 5728 el
637 5676 737 5745 μὲν
784 5676 1054 5748 παραθείη
1113 5696 1197 5743 τις
1242 5682 1365 5744 ταῖς
1406 5682 1513 5734 ἀπὸ
1538 5683 1632 5737 τοῦ
1658 5685 1794 5738 Θεοῦ

220 5762 463 5847 χάρισιν,
500 5764 647 5819 οὐδὲν
701 5764 829 5820 ὄντα
866 5767 1107 5837 εὑρήσει.
1144 5767 1344 5833 Ἄλλως
1392 5769 1522 5840 γὰρ,
1571 5771 1670 5826 ούκ
1728 5772 1793 5828 ἂν

1901 4594 2037 4649 Nam
2068 4611 2099 4651 a
2142 4595 2253 4648 Deo
2283 4594 2706 4663 proficiscuntur
2755 4592 2966 4657 omnia,
3011 4594 3469 4662 quemadmodum

1906 4688 2135 4741 antehac
2162 4687 2307 4740 clare
2329 4685 2702 4755 probavimus.
2730 4684 2941 4754 Quippe
2961 4688 3007 4739 si
3035 4685 3239 4740 oratori
3260 4691 3477 4744 videtur

1903 4793 2114 4841 eorum,
2150 4794 2267 4847 quae
2290 4788 2419 4831 nata
2445 4779 2575 4837 sint,
2607 4776 2674 4831 ad
2728 4776 2877 4830 illmn
2944 4781 3232 4835 referenda
3285 4798 3475 4850 causa,

1904 4869 1994 4937 qui
2027 4884 2211 4923 semen
2242 4871 2624 4938 suppeditarit,
2658 4870 2749 4923 ubi
2805 4871 3024 4940 quidem
3060 4888 3169 4926 non
3227 4874 3296 4929 de
3345 4877 3478 4944 Deo,

1904 4962 1997 5015 sed
2033 4961 2345 5016 hominibus
2376 4962 2612 5032 loquitur
2646 4981 2659 5015 :
2694 4977 2805 5032 quo
2860 4975 3020 5032 pacto
3077 4981 3182 5019 non
3227 4968 3476 5023 omnimn

1904 5052 2170 5106 bonorum
2196 5052 2247 5105 in
2282 5055 2439 5108 nobis
2466 5054 2610 5108 Deus
2638 5066 2833 5109 auctor
2894 5054 3235 5111 habendus?
3280 5060 3371 5126 qui
3426 5068 3479 5112 et

1902 5142 2083 5213 opifex
2134 5156 2321 5198 noster
2357 5157 2470 5209 est,
2528 5156 2581 5201 et
2645 5161 2831 5199 curam
2888 5149 3070 5216 nostri,
3127 5151 3292 5216 gerit,
3350 5165 3480 5217 sup-

1902 5235 2110 5304 peditat
2136 5247 2298 5303 atque
2329 5236 2562 5302 largitur
2588 5239 2793 5327 omnia,
2831 5252 3171 5306 quaecunque
3200 5251 3471 5307 perpetuo

1904 5327 2063 5382 nobis
2101 5327 2759 5382 obveniuntJEnimvero
2783 5330 2945 5382 telum
2982 5330 3160 5384 adhuc
3190 5346 3355 5384 unum
3391 5347 3479 5385 re-

1903 5424 2011 5470 stat
2077 5418 2347 5483 superbia:
2423 5419 2617 5472 morbo
2678 5418 3079 5483 laborantibus,
3151 5428 3207 5473 et
3267 5430 3479 5489 postre-

1904 5520 2052 5560 mum
2076 5506 2132 5560 id
2164 5506 2385 5574 quidem
2422 5509 2570 5576 (nam
2605 5508 2873 5562 exhausta
2909 5508 3153 5575 ipsorum
3197 5520 3281 5565 est
3344 5513 3481 5588 pha-

1906 5586 2098 5660 retra),
2134 5600 2278 5664 quod
2305 5606 2487 5651 tamen
2522 5613 2674 5667 spem
2711 5598 2958 5667 aliquam
2998 5602 3259 5669 prmbeat,
3318 5586 3476 5674 quasi

1903 5689 2099 5743 Vulnus
2122 5688 2196 5743 sit
2223 5690 2579 5755 intlicturum,
2612 5691 2657 5745 si
2683 5692 2993 5749 emittatur.
3027 5694 3216 5765 Itaque
3268 5699 3314 5753 si
3374 5699 3477 5754 hoc

1878 5778 2068 5837 uetiam
2099 5789 2347 5839 secutum
2370 5782 2758 5853 praecedentia,
2819 5783 2993 5839 nullas
3035 5786 3291 5845 habuisse
3343 5792 3484 5845 vires
