3920 6200
508 318 617 384 551
1702 314 2102 376 MANUELIS
2144 312 2594 374 PALxEOLOGI
3604 326 3696 389 552

509 430 772 505 paruerit,
792 428 883 483 sed
919 426 1132 482 irritum
1167 426 1427 482 ceciderit
1456 427 1543 493 iis,
1574 442 1601 480 a
1638 428 1833 498 quibus
1872 428 1924 481 in
1970 441 2057 482 nos

2168 420 2328 496 ἦσαν,
2360 425 2387 479 ὅ
2417 443 2481 495 γε
2526 425 2839 491 καλοῦνται,
2871 426 3110 497 χάριτες.
3141 428 3203 481 El
3232 428 3286 482 δὲ
3313 428 3375 500 δὴ
3422 431 3561 501 τάμὰ
3580 435 3697 501 πρὸς

510 528 795 591 torquetur
824 535 838 572 :
867 525 1011 572 recte
1044 519 1257 573 scilicet
1272 518 1447 573 oratio
1479 526 1667 574 nostra
1709 519 1967 587 perducta
1999 519 2058 573 ad

2170 517 2237 569 τά
2275 516 2469 580 δεῖνος,
2505 518 2601 569 καὶ
2626 518 2874 571 τάκείνου
2926 518 3058 587 πρὸς
3099 520 3168 572 τὰ
3198 522 3286 583 σὰ,
3341 522 3431 573 καὶ
3470 522 3593 585 ὅλως
3639 527 3698 579 τὰ

509 611 667 663 tinem
695 607 821 663 erit.
855 606 1044 659 Telum
1105 617 1285 661 autem
1322 610 1421 661 hoc
1475 607 1719 676 ipsorum
1764 615 1868 672 est,
1923 606 2057 675 quod

2169 608 2417 677 ἡμέτερα
2452 608 2589 678 πρὸς
2618 610 2821 679 ἄλληλα
2857 610 3199 680 συγκριθείη,
3221 611 3351 664 πολύ
3380 630 3429 665 τι
3456 614 3512 666 τὸ
3538 613 3698 683 sum.

507 699 719 761 dicunt,
763 697 807 751 si
849 697 972 763 quis
1020 697 1086 751 ab
1131 697 1441 752 [nominibus
1496 698 1636 751 facta
1692 711 1817 751 cum
1871 696 2055 751 divini!

2172 714 2260 768 ρον
2299 702 2355 751 ἐν
2379 700 2613 752 τουτοισὶ
2648 700 3019 772 θεωρήσομεν.
3060 702 3215 754 Ἐπεὶ
3254 702 3321 755 τὰ
3352 704 3446 772 μὲν
3470 704 3543 766 είς
3565 707 3698 768 γέενυ

505 790 697 859 gratiis
726 788 1020 853 conferat;
1077 790 1562 858 deprehensurum,
1612 803 1676 844 ea
1738 787 1875 843 nihil
1926 800 2053 841 esse.

2168 804 2284 853 ναν,
2316 788 2382 843 τὰ
2418 789 2475 842 δὲ
2496 791 2830 860 χρηστότερα
2887 792 3022 862 πρὸς
3077 793 3242 845 αὐτὸν
3281 793 3579 857 ἀναϐιϐάζει
3622 796 3696 849 τὸν

506 881 639 934 Nam
687 881 1021 948 caateroquin
1075 896 1180 933 non
1228 890 1434 944 essent,
1494 880 1634 948 quod
1702 878 2054 949 appellantur,

2168 878 2366 948 χῶρον,
2393 881 2452 932 ὲν
2478 874 2521 947 ᾧ
2554 880 2843 952 φαιδρότης
2872 883 3018 934 ἐστὶν
3041 882 3296 952 ἄληκτος,
3324 885 3414 935 καὶ
3449 885 3696 954 μακαρίων

506 978 695 1045 gratia:
713 974 942 1029 scilicet.
970 976 1038 1028 At
1062 975 1107 1028 si
1139 989 1254 1027 mea
1277 990 1401 1028 cum
1431 973 1675 1036 alterius,
1731 981 1787 1025 et
1839 986 1961 1041 quae
2009 970 2054 1024 il.

2168 972 2328 1040 χορὸς
2349 972 2476 1039 περὶ
2502 972 2593 1024 τὸν
2626 972 2872 1042 Σωτῆρα.
2927 974 3002 1027 Οὐ
3035 975 3217 1026 τοίνυν
3243 974 3358 1048 τῶν.
3380 974 3694 1044 ἐνδεχομένων

430 1108 440 1120 ,
506 1067 608 1121 lius
641 1050 940 1129 sunt,*eum
978 1066 1083 1119 tuis
1107 1107 1123 1131 ,
1164 1067 1409 1133 adeoque
1447 1076 1633 1118 nostra
1671 1065 1809 1118 inter
1837 1078 1896 1117 se
1921 1077 1978 1117 co

2168 1062 2334 1127 ἐστὶν,
2374 1065 2550 1116 ὁτιοῦν
2586 1081 2652 1131 με
2688 1066 3076 1135 ἐργασάμενον,
3133 1066 3255 1135 μηδ’
3304 1065 3475 1118 ὁτιοῦν
3502 1084 3559 1135 γε
3586 1070 3696 1137 πρὸς

506 1166 690 1225 parata
724 1156 927 1210 fuerint
972 1172 1294 1226 :magnum,
1354 1155 1629 1223 inquiunt,
1679 1155 1972 1209 discrimen
2011 1154 2054 1207 in

2168 1153 2379 1206 ἐκείνου
2410 1155 2621 1208 παθεῖν.
2667 1157 2727 1208 Εί
2752 1157 2859 1225 γὰρ
2884 1158 3071 1218 κακὸν,
3116 1157 3279 1225 κύψω
3325 1159 3454 1227 πρὸς
3491 1159 3614 1227 γῆν
3659 1163 3696 1212 εἰ

507 1249 591 1302 his
633 1250 1049 1317 perspiciemus.
1086 1250 1337 1313 Quantam
1393 1249 1559 1309 enim,
1608 1247 1675 1300 ad
1715 1247 2055 1315 gehennam;

2166 1244 2222 1298 δὲ
2245 1246 2429 1312 καλὸν,
2462 1246 2848 1317 ύψωθήσομαι.
2867 1248 3087 1319 Ἐπειδὴ
3134 1251 3245 1317 γὰρ
3272 1250 3461 1309 πάντες
3484 1251 3626 1318 ἐσμὲν
3652 1252 3696 1315 ἐξ

507 1342 582 1394 uti
631 1357 750 1408 quae
788 1341 921 1393 bona
954 1350 1098 1403 sunt,
1153 1340 1216 1391 ad
1251 1354 1371 1392 eum
1404 1338 1682 1392 deducunt
1740 1338 1913 1391 locum
1950 1354 1964 1403 ;
2011 1337 2055 1390 in

2167 1338 2284 1401 ἐνὸς
2316 1339 2655 1407 φυράματος,
2698 1341 2838 1409 χειρὶ
2869 1342 2968 1409 μιᾷ
3001 1343 3066 1411 τῇ
3097 1339 3194 1393 τοῦ
3240 1339 3375 1391 Θεοῦ
3434 1341 3698 1408 πεπλασμέι

504 1448 613 1499 quo
645 1432 830 1485 laetitia
868 1431 988 1485 linis
1023 1445 1221 1498 expers
1268 1439 1371 1493 est,
1429 1439 1481 1483 et
1532 1431 1674 1484 circa
1725 1429 2052 1483 Salvatorem

2167 1446 2244 1482 νοι
2280 1430 2413 1496 πρὸς
2435 1430 2492 1481 ἓν
2518 1446 2572 1481 τι
2599 1428 2737 1492 εἶδος
2766 1446 2781 1461 ο
2838 1427 2938 1483 εἷθ’
2988 1432 3035 1483 οί
3089 1433 3189 1500 μὲν
3243 1431 3448 1484 ἐοίκασι
3489 1435 3694 1496 πτηνοῖς,

502 1522 702 1575 chorus
736 1520 825 1573 ille
854 1521 1153 1574 beatorum.
1181 1519 1371 1587 Itaque
1416 1519 1529 1573 fieri
1584 1519 1793 1587 nequit,
1830 1528 1887 1572 ut
1918 1518 2050 1586 quid

2166 1522 2261 1574 καὶ
2314 1520 2586 1574 πολιτείαν
2640 1522 2936 1591 ἀγγελικὴν
2984 1523 3409 1589 ἐπιδείκνυνται,
3435 1526 3480 1577 οἱ
3504 1524 3553 1576 δέ
3584 1526 3695 1592 μετὰ

502 1625 722 1681 cunque
775 1613 986 1666 tandem
1012 1612 1217 1679 fecero,
1248 1612 1381 1665 nihil
1413 1628 1477 1686 εξ
1509 1626 1575 1665 eo
1602 1611 1734 1665 mihi
1761 1612 2050 1679 contingat.

2164 1611 2273 1664 τῶν
2289 1614 2466 1680 δφεων
2492 1614 2743 1682 ἓρπουσι,
2796 1615 2889 1669 καὶ
2926 1615 3407 1684 ὑπερακοντίζουσι
3429 1618 3520 1686 τὴν
3546 1619 3694 1670 αὐτῶν

501 1705 713 1775 Quippe
748 1707 791 1761 si
832 1706 1029 1759 malum
1056 1721 1338 1775 peregero,
1376 1706 1580 1759 vultum
1612 1705 1677 1757 ad
1741 1714 1937 1758 terram
1970 1704 2049 1757 de

2168 1705 2305 1771 πρὸς
2341 1704 2465 1767 τοὺς
2497 1706 2816 1774 ἀνθρώπους
2841 1707 3040 1775 μανίαν
3080 1725 3096 1741 ·
3149 1709 3279 1760 ὃταν
3334 1708 3494 1760 ταίτα
3539 1708 3705 1760 τοῦτον⁴

504 1799 711 1851 mittam
746 1815 759 1850 :
794 1799 875 1852 sin
911 1799 1034 1851 boni
1075 1798 1375 1865 quidpiam,
1427 1797 1609 1850 animo
1639 1794 1856 1851 efferar.
1911 1794 2052 1859 Quo-

2160 1795 2257 1865 ἐχῃ
2280 1796 2371 1847 τὸν
2406 1798 2624 1865 τρόπον,
2661 1798 2753 1849 καὶ
2782 1798 2831 1849 οἱ
2877 1799 2974 1866 μὲν
3004 1792 3108 1867 ὦσι
3142 1803 3324 1861 κακοὶ,
3347 1800 3396 1850 οί
3424 1799 3477 1851 δὲ
3502 1801 3589 1866 τὴν
3628 1802 3691 1851 ἐν·

502 1892 645 1944 niam
672 1890 813 1943 enim
837 1904 903 1941 ex
931 1905 1033 1941 una
1083 1904 1257 1942 massa
1316 1904 1503 1942 sumus
1554 1902 1762 1955 omnes,
1814 1902 1918 1940 una
1972 1886 2044 1940 De

2166 1889 2351 1941 αντίαν
2399 1890 2626 1951 ἐκείνοις
2691 1890 2950 1958 τρέχωσι,
3026 1891 3148 1954 πῶς
3204 1893 3349 1953 εἰκὸς
3380 1891 3463 1943 is:
3516 1892 3692 1958 φρονεῖν

502 1996 667 2034 manu
708 1981 773 2034 ad
808 1996 966 2032 unam
1002 1981 1242 2047 speciem
1276 1980 1532 2045 formati;
1564 1979 1766 2034 deinde
1788 1995 1916 2035 vero
1971 1994 2050 2033 vo‘

2165 1980 2291 2041 τοὺς
2322 1980 2420 2031 οὐκ
2452 1980 2541 2033 ἶσα
2564 1981 2937 2049 πράττοντας;
2968 1976 3074 2037 *Ων
3096 1982 3206 2051 γὰρ
3240 1982 3266 2032 ὁ
3294 1982 3400 2052 βίος
3432 1962 3689 2047 διέστηκεν,

504 2070 747 2123 lucribus
784 2070 953 2138 aliqui
988 2070 1214 2133 similes,
1255 2070 1556 2139 angelicam
1590 2073 1752 2124 vitam
1778 2071 2052 2132 exhibent,

2162 2063 2273 2121 οὐδ’
2300 2070 2365 2121 ἂν
2404 2069 2460 2121 αί
2489 2067 2703 2137 γνῶμαι
2737 2070 3067 2123 συνέλθοιεν.
3103 2071 3270 2124 Ὥστε
3304 2072 3393 2123 καὶ
3423 2071 3468 2121 οί
3499 2070 3614 2139 πρὸς
3642 2068 3692 2119 τὰ

504 2163 629 2217 aliis
662 2164 802 2217 inter
827 2179 1039 2232 angues
1078 2164 1224 2217 humi
1272 2165 1605 2233 repentibus,
1629 2178 1929 2232 eorumque
1978 2163 2052 2217 fu-

2165 2157 2312 2209 κακά
2335 2158 2647 2226 κεχηνότες,
2682 2159 2775 2211 καὶ
2799 2160 2846 2211 οἱ
2879 2158 2987 2211 τῶν
3012 2159 3196 2212 καλῶν
3218 2160 3456 2229 ἐρασταὶ,
3486 2159 3607 2225 σφᾶς
3642 2174 3688 2220 γε

503 2270 680 2309 rorem
707 2255 965 2309 adversus
1016 2257 1269 2311 homines
1303 2257 1684 2326 superantibus
1722 2274 1736 2311 :
1787 2256 1899 2309 haec
1936 2270 2051 2324 εις(

2164 2248 2361 2310 αὐτοὺς
2390 2248 2799 2315 ἐπιγνώσονται,
2849 2251 2897 2301 οἱ
2944 2250 3047 2319 μὲν
3114 2251 3224 2303 τῶν
3264 2250 3474 2317 ἀγαθῶν
3524 2248 3691 2316 ἀνδρῶν

500 2359 625 2399 cum
653 2345 705 2398 in
734 2347 877 2398 hunc
911 2355 1218 2415 comparata
1254 2348 1359 2400 sint
1416 2347 1654 2411 modum,
1684 2358 1737 2399 et
1759 2347 1810 2400 hi
1845 2345 2048 2415 quidet!

2164 2339 2399 2407 χείρους,
2430 2340 2477 2392 οῖ
2507 2339 2564 2391 δέ
2599 2355 2663 2406 γε
2690 2341 2975 2407 κρείττους
3005 2343 3233 2395 ἐκείνων
3259 2345 3430 2405 ὄντας,
3462 2342 3555 2395 ἀπὸ
3609 2340 3692 2391 τῶν

502 2436 613 2489 sint
642 2436 789 2500 mali,
817 2436 1095 2489 diversum
1144 2438 1266 2491 aliis
1313 2438 1415 2491 iter
1447 2438 1801 2500 sectantibus,
1841 2438 2050 2507 quinam

2164 2430 2367 2501 ἔργων.
2403 2430 2569 2483 Τουτὶ
2593 2431 2642 2483 δ’
2669 2432 2782 2484 ἐστὶ
2808 2432 2933 2495 τοὺς
2961 2434 3061 2505 μὲν
3096 2434 3491 2497 ταπεινοῦσθαι,
3517 2434 3619 2492 τοὺς
3658 2430 3690 2480 δ’

506 2539 930 2585 consentaneum
958 2541 1065 2595 est,
1120 2532 1269 2600 paria
1299 2532 1365 2586 de
1400 2547 1458 2586 se
1495 2534 1721 2595 sentire,
1750 2546 1856 2585 non
1911 2530 2054 2597 paria

2165 2526 2437 2597 αῖρεσθαι.
2456 2526 2581 2589 Πῶς
2613 2525 2727 2594 γὰρ
2756 2527 2930 2589 ἄλλως
2956 2544 2971 2594 ;
3009 2527 3159 2599 Ἐγῲ
3194 2529 3249 2580 δέ
3279 2527 3426 2581 ταῦθ’
3455 2526 3486 2579 ἂ
3513 2526 3566 2578 σὺ
3590 2524 3687 2592 φῂς,

503 2619 808 2673 facientes?
837 2621 1076 2685 Quorum
1113 2622 1257 2675 enim
1309 2623 1524 2677 diversa
1576 2624 1685 2676 vita
1723 2630 1830 2687 est,
1870 2635 2051 2675 eorum

2163 2620 2191 2671 ὁ
2217 2616 2627 2685 διαμαχόμενός
2678 2632 2781 2685 μου
2819 2615 2894 2685 τῷ
2935 2616 3103 2687 λόγῳ,
3153 2619 3355 2685 ἀγεννῆ
3403 2617 3691 2668 παντάπασιν

504 2726 604 2765 nec
631 2712 794 2765 animi
824 2722 951 2765 sunt
975 2712 1164 2767 eodem
1195 2713 1373 2768 aﬂ'ecti
1409 2717 1595 2767 modo.
1634 2713 1974 2780 Quapropter
2011 2720 2052 2763 et

2164 2710 2263 2763 οὐκ
2300 2710 2366 2762 ἂι
2399 2711 2610 2777 εἴποιμι
2646 2722 2663 2737 °
2692 2708 2765 2778 μὴ
2798 2708 2938 2759 πάνυ
2969 2708 3023 2760 δὲ
3078 2711 3336 2779 συνᾴδειν
3380 2708 3505 2777 πρὸς
3532 2704 3579 2756 τὸ

503 2804 597 2872 qui
622 2803 767 2857 vitiis
796 2804 1028 2868 inhiant,
1062 2813 1117 2858 et
1140 2804 1228 2872 qui
1262 2813 1448 2857 amant.
1473 2803 1638 2867 bona,
1663 2804 1873 2872 seipsos
1898 2815 2051 2868 δςιιοε

2164 2800 2421 2868 τούμενον
2445 2798 2685 2851 ἅπαντα.
2726 2797 2848 2850 Ὅτι
2883 2798 2983 2866 μὲν
3022 2798 3145 2867 γὰρ
3174 2799 3413 2867 διαφέρει
3451 2795 3604 2862 πολλῷ
3634 2793 3694 2859 τῷ

503 2904 677 2959 seent,
714 2895 788 2950 illi
829 2896 1049 2965 quidem
1080 2896 1215 2949 viris
1255 2895 1412 2951 bonis
1460 2894 1767 2956 inferiores,
1820 2893 1875 2947 hi
1931 2907 2051 2948 vere

2170 2889 2318 2958 μέσῳ
2355 2889 2422 2942 τὰ
2462 2887 2540 2957 τῷ
2572 2888 2704 2941 δεῖνι
2731 2890 3098 2958 πεπραγμένα
3146 2891 3279 2960 πρὸς
3316 2890 3380 2941 τὰ
3407 2892 3506 2950 τοῖς
3532 2888 3691 2948 ἄλλοις,

503 2985 660 3039 malis
689 2999 746 3039 se
770 2985 1044 3049 meliores,
1070 2986 1231 3054 idque
1271 2986 1338 3039 de
1376 2985 1534 3039 factis
1556 2985 1703 3051 ipsis.
1749 2982 1860 3037 Hoc
1882 2992 2051 3036 autem

2165 2980 2261 3032 καὶ
2290 2979 2369 3031 ὅτι
2398 2979 2463 3032 τὰ
2491 2978 2682 3049 βελτίω
2714 2978 2880 3031 καλὸν
2915 2979 3005 3031 τόν
3042 2995 3107 3046 γε
3157 2981 3402 3033 ποιοῦντα
3431 2976 3692 3049 ἐργάζεται,

504 3075 636 3128 nihil
683 3082 767 3129 est
797 3074 963 3139 aliud,
1018 3089 1177 3143 quam
1227 3073 1345 3129 illos
1413 3075 1611 3127 animis
1674 3071 1917 3140 deiectis,
1962 3071 2052 3125 hos

2168 3070 2262 3122 xui.
2308 3069 2374 3122 αὖ
2429 3070 2632 3138 ὁμοίως
2686 3068 2860 3121 κακὸν
2883 3069 2951 3121 τὰ
3001 3072 3203 3141 χείρω,
3242 3070 3400 3124 παντί
3431 3088 3522 3123 που
3547 3068 3692 3135 δῆλον.

503 3167 660 3220 elatis
687 3181 830 3219 esse.
864 3166 999 3219 Nam
1028 3165 1297 3232 quomodo
1321 3180 1406 3220 res
1426 3166 1584 3218 aliter
1634 3163 1836 3217 habere
1869 3177 1926 3217 se
1941 3177 2051 3230 pos~

2169 3161 2279 3213 Καὶ
2305 3128 2535 3215 τοῦτο’δέ
2560 3161 2777 3232 ἀληθὲς,
2812 3163 2888 3225 ὠς
2918 3128 3352 3231 ἐπιγινώσκωσι
3383 3166 3511 3232 σφᾶς
3537 3162 3695 3219 αὐτοὺς

502 3258 620 3312 sit?
644 3258 758 3324 Ego
793 3272 924 3310 vero
953 3258 1063 3309 haec
1085 3272 1203 3324 qua:
1233 3257 1331 3310 abs
1366 3266 1416 3310 te
1472 3254 1841 3321 proferuntur,
1892 3269 2050 3324 oppu-

2169 3252 2215 3303 ol
2243 3251 2475 3303 τοιοῦτοι
2502 3267 2521 3286 ο
2578 3252 2675 3305 καὶ
2705 3252 2785 3304 ὅτι
2841 3254 2966 3315 τοὺς
3022 3255 3119 3321 μὲν
3165 3258 3198 3326 η
3227 3256 3434 3324 γέεννα,
3467 3255 3577 3315 τοὺς
3608 3249 3647 3304 δ’
3672 3251 3693 3301 ὁ

504 3355 705 3412 gnante
722 3358 897 3398 meam
922 3344 1249 3408 orationem,
1280 3358 1384 3397 non
1416 3342 1638 3396 omnino
1677 3341 1893 3411 quidem
1951 3342 2052 3396 null

2170 3343 2329 3411 χορὸς
2370 3342 2646 3410 ἐκδέχεται
2686 3343 2796 3397 τῶν
2857 3345 3160 3411 μακαρίων
3221 3347 3441 3415 ἀνδρῶν.
3475 3345 3539 3397 Τὸ
3566 3342 3613 3395 δὲ
3644 3342 3693 3393 ἐκ

504 3433 609 3488 lius
631 3447 753 3487 esse
789 3434 1043 3488 momenti
1077 3432 1307 3487 dixerim
1335 3472 1353 3496 .
1379 3434 1470 3488 sed
1528 3434 1708 3487 omnia
1741 3448 1849 3487 non
1885 3435 2052 3489 admo

2170 3432 2373 3485 τούτων
2408 3434 2802 3503 συμπέρασμα,
2836 3435 2914 3496 ὡς
2945 3434 3088 3487 τοῦτ’
3122 3437 3285 3490 ἐστὶν
3313 3432 3602 3504 ἐπαίρεσθαι
3622 3429 3694 3480 καὶ

505 3527 629 3579 dum
667 3525 732 3579 ad
757 3526 830 3589 id,
876 3524 1019 3594 quod
1052 3526 1337 3593 quaeritur,
1373 3526 1660 3595 quadrare.
1682 3526 1819 3581 Nam
1843 3541 2053 3597 magno

2170 3522 2561 3576 ταπεινοῦσθαι
2586 3524 2677 3577 τὸν
2710 3524 3019 3593 ἄνθρωπον,
3056 3525 3117 3577 τὸ
3161 3525 3355 3579 εἰδέναι
3385 3524 3557 3579 ἐαυτὶν
3594 3520 3692 3573 ὅντα

504 3631 633 3683 pere
666 3614 824 3683 hujus
867 3616 1007 3671 facta
1031 3617 1251 3671 differre
1286 3632 1316 3671 a
1348 3618 1507 3673 factis
1535 3616 1788 3681 aliorum,
1834 3627 1888 3673 et
1928 3618 2052 3673 bon:

2174 3613 2377 3681 ἀγαθὸν
2411 3614 2443 3681 ἢ
2468 3616 2660 3679 κακὸν,
2684 3617 2784 3671 οὐκ
2812 3618 3118 3683 ἀναγκαῖον
3163 3615 3305 3672 εἷναί
3330 3634 3483 3686 φημι,
3515 3614 3566 3666 ἐν
3582 3626 3690 3665 τισιν

503 3707 813 3774 facientem,
868 3712 1066 3765 bonum
1108 3709 1244 3764 eﬂici
1273 3728 1287 3775 ;
1317 3709 1674 3779 similiterque
1728 3709 1953 3771 malum,
1982 3725 2049 3777 qu

2174 3705 2514 3775 εὑρίσκηται,
2547 3710 2714 3777 συχνῇ
2746 3725 2852 3761 τινι
2899 3708 3217 3763 δουλεύουσι
3272 3709 3464 3781 πλάνῃ.
3520 3708 3573 3759 El
3606 3703 3688 3770 γὰρ

506 3800 649 3854 mala
714 3800 926 3866 faciat;
975 3802 1147 3858 cuivis
1196 3809 1281 3856 est
1330 3802 1698 3873 perspicuum.
1734 3800 1908 3856 Etiam
1942 3800 2054 3855 illut

2174 3798 2470 3864 ἀναγκαῖον
2512 3799 2686 3861 τουτὶ,
2737 3799 2834 3851 καὶ
2877 3799 3065 3862 καλῶς
3118 3800 3487 3869 συνεπεράνθη
3533 3812 3602 3847 σοι
3639 3792 3688 3842 τὰ

507 3908 692 3946 verum
735 3901 837 3958 est,
878 3893 1014 3947 tales
1052 3907 1080 3944 a
1124 3890 1318 3960 seipsis
1387 3892 1605 3959 agnosci
1638 3906 1655 3957 ;
1694 3892 1946 3960 quodque
1975 3892 2055 3946 ho:

2175 3889 2616 3958 προτεταγμένα,
2643 3889 2898 3959 οὐδαμῶς
2931 3888 3000 3962 ἦν
3015 3890 3515 3962 ταπεινοφροσύνην
3544 3885 3687 3955 εὑρεῖν

505 3985 786 4053 gehennaj,
823 3965 952 4038 illos
1007 3984 1288 4039 beatorum
1332 3983 1606 4039 hominum
1668 3984 1870 4038 chorus
1926 3986 2053 4038 excit

2172 3978 2233 4029 ἐν
2260 3977 2438 4029 οὐδενὶ
2496 3977 2608 4031 τῶν
2651 3979 2980 4048 ἀνθρώπων.
3023 3982 3238 4044 Πάντες
3280 3982 3387 4049 γὰρ
3418 3978 3690 4031 ἐπίστανται

504 4078 642 4145 piat.
673 4075 776 4130 Sed
810 4074 953 4145 quod
1016 4091 1081 4130 ει
1136 4074 1221 4129 his
1270 4074 1633 4141 concluditur,
1673 4075 1929 4129 nimirum
1976 4075 2052 4129 hor

2179 4073 2319 4140 σφᾶς
2345 4073 2548 4135 αὐτοὺς
2582 4072 2748 4126 καλὸν
2786 4092 2837 4126 τι
2868 4075 3209 4143 πράξαντας,
3241 4078 3274 4147 ἢ
3316 4075 3499 4129 κακόν.
3544 4067 3691 4124 Καὶεί

506 4169 683 4237 ipsum
716 4182 840 4224 esse
876 4167 959 4222 vel
985 4166 1166 4223 elferri
1214 4167 1509 4233 hominem,
1550 4167 1636 4222 vel
1688 4168 1869 4222 animo
1897 4165 2051 4234 dejici

2178 4162 2327 4216 τοῦτ’
2358 4159 2427 4233 ἦν
2463 4162 2794 4233 ἐπαίρεσθαι
2823 4166 2953 4227 τοὺς
2978 4167 3035 4218 ἐν
3059 4168 3231 4237 ἀρετῇ
3260 4166 3486 4231 ζῶντας,
3515 4164 3567 4215 τὸ
3583 4158 3691 4227 σφᾶς

504 4262 650 4329 quod
703 4275 823 4315 sese
849 4259 932 4314 vel
980 4259 1201 4324 bonum,
1236 4259 1315 4314 vel
1371 4259 1569 4314 malum
1635 4274 1758 4314 esse
1814 4259 1990 4324 norit;
2025 4259 2052 4312 ῖι

2180 4254 2381 4316 αὐτοὺς
2406 4255 2760 4318 ἐπίστασθαι,
2800 4250 2834 4327 ᾗ
2861 4257 2923 4309 σὺ
2958 4257 3086 4327 φῄς·
3114 4259 3315 4320 πάντες
3366 4258 3420 4311 οἴ
3440 4273 3497 4325 γε
3525 4252 3694 4322 σώφρο-

506 4351 594 4404 aio
623 4365 727 4403 non
759 4350 1126 4405 necessarium
1157 4365 1298 4412 esse,
1334 4351 1469 4407 licet.
1491 4350 1543 4405 in
1569 4348 1852 4417 aliquibus
1887 4350 2052 4418 depre

2181 4362 2272 4408 νες
2320 4346 2553 4407 ἑαυτοὺς
2585 4346 3031 4413 ἐπιγινώσκοντες
3061 4351 3279 4412 πάντως
3301 4349 3367 4401 ἂν
3407 4347 3537 4415 μέγα
3562 4340 3692 4410 ἐφρό-

508 4439 796 4503 hendatur,
856 4440 1028 4494 errori
1085 4454 1195 4493 non
1250 4439 1351 4493 levi
1403 4439 1790 4495 servientibus.
1841 4438 1975 4493 Nam
2030 4453 2056 4493 s

2148 4454 2328 4504 ινουν,
2349 4439 2446 4490 καὶ
2484 4438 2545 4490 τὸ
2595 4440 2693 4507 τῆς
2726 4440 3241 4511 ταπεινοφροσύνης
3272 4438 3564 4506 ἐξαπόλωλε
3587 4432 3696 4504 χρῆο

508 4528 872 4585 necessarium
918 4528 1021 4580 hoc
1076 4528 1235 4592 foret,
1276 4543 1339 4583 ac
1378 4537 1525 4583 recte
1585 4528 1841 4582 conclusa
1896 4542 2051 4581 essen

2184 4544 2282 4592 μα.
2331 4524 2495 4579 Ἀλλά
2528 4528 2638 4597 μὴν
2660 4529 2782 4581 οὐδὲ
2818 4529 2979 4591 αὐτὸς
3008 4531 3249 4597 ἀγνοεῖς,
3281 4531 3355 4593 ὡς
3391 4532 3449 4582 τὸ
3481 4519 3698 4580 ταπεινόν

509 4618 603 4670 abs
632 4627 703 4680 te,
735 4630 854 4684 quae
912 4632 1240 4685 prtecessere
1275 4633 1653 4687 :nequaquam
1713 4620 1939 4674 inveniri
1973 4619 2057 4673 υιι‹

2179 4617 2359 4669 τεκαὶ
2390 4618 2611 4686 μέτριον
2642 4620 2701 4671 ἐν
2725 4619 2827 4672 οὐκ
2879 4620 3085 4686 ὀλίγοις
3148 4622 3461 4691 εὑρίσκεται
3509 4616 3606 4669 τῶν
3651 4612 3697 4661 ὲν

509 4707 563 4761 in
615 4707 832 4762 homine
898 4708 1006 4762 ulla
1057 4717 1243 4777 posset
1301 4709 1599 4769 humilitas.
1655 4710 1870 4767 Norunt
1934 4712 2057 4766 enin

2183 4708 2400 4780 θνητοῖς
2455 4713 2571 4772 τοῖς
2637 4711 2857 4782 σώμασι
2917 4714 3017 4783 τὴν
3078 4715 3394 4784 ἀσωμάτοις
3426 4711 3698 4780 πρέπουσαν

507 4810 716 4859 omnes,
748 4810 777 4849 a
810 4796 1005 4865 seipsis
1046 4798 1127 4851 vel
1182 4798 1306 4854 boni
1371 4799 1497 4866 quid
1536 4799 1757 4866 factum,
1792 4800 1876 4854 vel
1929 4799 2055 4854 mali

2183 4798 2468 4854 πολιτείαν
2532 4799 2717 4868 ὀλίγου
2774 4802 2889 4855 δεῖν
2939 4803 3391 4875 ἐπιδειξαμένων.
3436 4802 3583 4853 Ὥστε
3634 4809 3697 4846 σοι

510 4889 574 4941 Et
633 4888 678 4942 si
729 4888 831 4942 hoc
864 4897 1011 4943 esset
1060 4887 1240 4943 efferri
1296 4891 1493 4945 animis
1530 4905 1644 4953 eos.
1678 4891 1769 4962 qui
1828 4892 2058 4946 virtuteu

2184 4892 2382 4960 ψευδὲς
2414 4893 2476 4944 τδ
2518 4895 2916 4964 συμπέρασμα,
2947 4897 3043 4948 καὶ
3105 4898 3335 4966 προσέτι
3398 4893 3697 4946 παντάπασιν

508 4982 713 5047 colunt,
750 4981 889 5051 quod
947 4982 1158 5051 seipsos
1209 4982 1496 5047 norint,uti
1539 4992 1593 5037 tu
1628 4984 1845 5053 quidem
1897 4984 2030 5039 dicis

2186 4985 2410 5038 ἄτοπον.
2445 4984 2506 5037 Εἰ
2540 4985 2649 5053 γὰρ
2669 4986 2796 5047 τοὺς
2826 4986 2928 5055 μὲν
2956 4989 2987 5057 ἠ
3016 4987 3241 5049 κόλασις
3271 4986 3578 5053 διαδέχεται,
3598 4976 3698 5036 τοὺς

505 5089 695 5128 omnes
722 5089 857 5129 sane
893 5074 1176 5143 prudentia
1228 5074 1437 5144 praediti
1492 5075 1699 5143 seipsos
1753 5075 2053 5145 adguoscen

2185 5078 2423 5151 ἐξοιρχῆς
2458 5095 2603 5148 φημι
2637 5080 2899 5146 φαύλους,
2932 5083 3060 5144 τοὺς
3081 5083 3128 5135 δ’
3151 5084 3318 5151 ἀρετῇ
3375 5079 3698 5145 συζήσανταςι

510 5174 611 5231 tes,
672 5165 893 5219 omnino
954 5165 1236 5236 magniﬁce
1303 5176 1477 5222 semet
1519 5166 1790 5231 eﬂ‘errent,
1842 5168 2058 5236 adeoqw

2188 5150 2290 5223 εἶτ’
2326 5172 2659 5239 ὲπιγνόντας
2706 5174 2936 5235 ἑαυτοὺς
2969 5150 3278 5242 ἐναρέτους,
3308 5150 3414 5225 οὐκ
3438 5172 3598 5222 ἐνεστι
3620 5177 3696 5214 τα-

507 5257 574 5310 de
600 5256 777 5312 medio
822 5256 1101 5312 tolleretur
1134 5258 1312 5312 omnis
1370 5258 1672 5314 humilitas.
1696 5260 1766 5313 At
1811 5276 1938 5316 vero
1984 5276 2051 5314 ne

2188 5264 2588 5331 πεινοφρονεῖν,
2623 5262 2847 5325 τούτους
2878 5263 2921 5314 δ’
2953 5261 3019 5316 αῦ
3054 5266 3213 5318 πάλιν
3266 5260 3557 5330 ἐγγράψαις
3585 5248 3695 5322 μετά

509 5354 626 5417 ipse
685 5349 921 5418 ignoras,
988 5350 1346 5405 humilitatem
1418 5360 1581 5419 atque
1654 5353 1972 5408 modestiam
2028 5355 2057 5407 ii

2187 5351 2297 5403 τῶν
2347 5350 2605 5417 φαύλων
2640 5350 2764 5403 οὔτε
2817 5351 3314 5421 τάπεινοφροσύνην
3361 5349 3501 5400 ἔστιν
3547 5339 3695 5407 εὑρεῖν

510 5452 616 5492 ιιοιι
672 5442 857 5507 paucis
893 5441 1143 5508 inveniri,
1176 5444 1267 5510 qui
1305 5442 1619 5499 mortalibus
1673 5444 1724 5499 in
1771 5444 2053 5513 corporibu

2187 5442 2246 5493 ἐν
2276 5440 2353 5510 τῷ
2389 5441 2509 5511 βίῳ,
2546 5442 2658 5494 οὒτ’
2707 5444 2765 5494 ἐν
2822 5443 3137 5513 ἀνθρώποις
3190 5443 3279 5496 τὸν
3336 5436 3690 5505 σωθησόμενον·

419 5602 425 5607 _
512 5527 675 5579 vitam
731 5530 1112 5595 propemodum
1168 5529 1500 5597 incorporeis
1542 5531 1950 5584 convenientem

2201 5534 2358 5586 Ἐπεὶ
2393 5535 2495 5603 τῆς
2527 5537 3038 5606 ταπεινοφροσύνης
3072 5537 3268 5607 μηκέτ’
3295 5534 3470 5601 οὔσης,
3499 5525 3596 5579 οὐδ’
3644 5519 3694 5571 ἂν

514 5626 857 5681 praesentum.
905 5616 1262 5683 Quamobrem
1332 5620 1466 5675 falsa
1528 5629 1615 5676 tua
1669 5624 1942 5679 conclusio
1982 5633 2062 5678 est

2190 5620 2269 5687 εἷς
2301 5624 2575 5694 δήπουθεν
2630 5628 2738 5679 τῶν
2782 5626 3090 5698 ἀνθρώπων
3141 5626 3384 5690 ἐσώζετο,
3415 5621 3482 5683 ὡς
3516 5615 3693 5698 ἔξεστιᾏΙ

513 5721 575 5759 ac
604 5719 859 5776 praeterea
896 5726 1117 5779 prorsus
1147 5714 1405 5769 absurda.
1452 5712 1589 5769 Nam
1625 5716 1669 5771 si
1695 5715 1833 5771 alios
1860 5718 2061 5784 quidcu

2193 5716 2393 5772 ειδέναι
2460 5717 2649 5787 σαφῶς
2699 5719 2807 5773 ἀπὸ
2861 5697 2971 5773 τῶν
3021 5721 3151 5793 πρὶν
3202 5717 3509 5790 εἰρημένων.
3558 5697 3694 5756 Ἀλλά
