3920 6200
244 206 371 277 .533

1640 204 1921 267 ORATIO
1959 196 2094 267 VII.

3421 200 3525 274 ait

276 326 386 395 μὴν
407 322 459 377 οῑ
485 320 829 390 σεσωσμένοι
872 320 969 372 καὶ
998 318 1089 370 τὸν
1116 318 1223 371 τῶν
1252 316 1472 387 ἄστρων
1505 315 1738 387 ἀριθμὸν
1762 315 1837 387 τῷ
1870 340 1884 377 λ

1993 314 2269 384 tpplicium
2333 325 2529 380 manet,
2571 317 2639 370 ab
2690 314 2843 373 initio
2895 318 3063 375 malos
3122 321 3351 389 scilicet,
3392 326 3525 380 alios

263 416 460 486 πλήθει
503 409 942 483 παρεληλύθασι.
1002 409 1111 463 Καὶ
1144 409 1209 462 σὺ
1269 407 1430 471 αὐτὸς
1481 405 1732 479 εἴρηκας,
1759 408 1835 471 ώς

266 506 394 568 τοὺς
433 503 537 574 μὲν
561 501 805 572 φαύλους
832 501 868 570 ἡ
891 499 1133 562 κόλασις,
1179 498 1306 560 τοὺς
1331 497 1376 550 δ’
1400 499 1428 549 ὁ
1473 497 1634 567 χορὸς
1690 496 1838 549 ὲκδέ-

269 615 424 669 χιται
450 596 563 649 τῶν
604 592 894 665 μακαρίων
940 590 1177 661 ἀνδρῶν.
1240 590 1403 642 Ὥστε
1448 606 1544 642 σου
1585 589 1681 641 καὶ
1717 590 1839 651 ταῖς

269 672 453 744 θέσεσι
480 688 832 757 διαμάχεται,
858 678 942 748 οἷς
964 700 1029 751 γε
1063 684 1238 744 δοκεῖς
1274 681 1466 744 αύτατς
1497 679 1838 751 ἐπαμύνειν,

270 783 365 838 καὶ
408 783 668 851 γίγνεται
726 777 1002 834 πάντοθεν
1057 775 1252 844 σαφὲς,
1310 774 1387 836 ώς
1439 773 1587 826 ἔστιν
1638 773 1843 843 ἀγαθὸν

270 873 469 936 ποιεῖν,
498 871 596 924 καὶ
629 870 704 939 μὴ
764 866 1189 937 ὑψηλοφρονεῖν.
1234 863 1473 917 ’Ἄτοπον
1507 863 1617 932 ἄρα
1651 873 1734 916 σοι
1782 862 1844 917 τὸ

272 962 659 1033 συμπέρασμα
699 958 967 1012 καὶκατὰ
990 956 1141 1008 τόνδε
1167 954 1261 1007 τὸν
1302 953 1482 1022 λόγον.
1514 955 1576 1007 El
1636 953 1695 1008 δὲ
1751 953 1847 1008 καὶ

276 1044 505 1119 πολλοὺς
532 1052 601 1107 ἂν
630 1052 775 1124 ἔχοις
806 1052 935 1116 τοὺς
967 1048 1387 1119 συναιροῦντας,
1436 1046 1557 1101 ἀλλ’
1581 1047 1736 1101 οὐδέν
1762 1064 1846 1101 σοι

273 1147 417 1217 πρὸς
443 1144 702 1215 βοήθειαν
723 1145 756 1213 ἡ
782 1140 996 1196 τούτων
1023 1138 1337 1211 συμμαχία.
1374 1134 1544 1193 Αὐτοὶ
1565 1139 1674 1209 γὰρ
1698 1132 1848 1193 οὗτοι

273 1237 645 1307 τυγχάνουσιν
674 1235 725 1288 οἱ
773 1229 1172 1302 ιγκεκλημένοι
1200 1228 1280 1300 τῷ
1328 1230 1450 1283 νυνὶ
1495 1229 1662 1300 λόγῳ.
1694 1229 1848 1282 Ὠστ⁴

273 1330 377 1383 οὐκ
411 1328 623 1393 ἔξεστιν
680 1327 927 1389 ἐκείνους
971 1323 1359 1394 συλλήπτοράς
1398 1339 1481 1375 σοι
1519 1323 1628 1374 τῶν
1672 1321 1850 1389 λόγων

279 1416 442 1475 εἶναι.
467 1420 544 1472 Τὸ
576 1418 751 1480 πάθος
780 1419 988 1487 μέντοι,
1033 1403 1265 1468 τοιαῦτα
1310 1413 1508 1482 λέγων,
1555 1413 1851 1484 κράτιστον

285 1511 581 1581 ἀπέφηνας
604 1525 619 1540 °
656 1510 791 1579 πρὸς
814 1508 842 1561 ὃ
864 1524 926 1577 γε
960 1507 1059 1560 καὶ
1091 1506 1255 1569 αὑτός
1315 1521 1399 1558 σοι
1429 1504 1606 1577 ταῦτα
1634 1505 1847 1576 φρονῶ·

287 1603 347 1655 ού
381 1603 489 1672 μὴν
516 1602 788 1671 ἀήττητον
819 1599 1104 1661 παντελῶς
1131 1596 1276 1651 τοῦτ’
1306 1596 1371 1650 ἂν
1420 1596 1600 1664 ἔγωγε
1660 1597 1850 1666 φαίην,

289 1694 383 1747 ὅτε
437 1693 563 1765 μηδ’
621 1693 785 1755 αὐτὸς
813 1690 1100 1754 άπέδειξάς
1125 1707 1186 1757 γε
1219 1690 1349 1742 αὐτὸ
1382 1688 1589 1759 εὐλόγῳ
1632 1689 1868 1758 κρατοῦν

290 1785 522 1854 δυνάμει
543 1799 557 1813 ο
583 1783 684 1836 ούκ
707 1782 796 1851 ἄρ’
819 1781 942 1834 οὐδὲ
972 1780 1101 1843 τοὺς
1136 1779 1229 1832 ὑπ’
1247 1778 1410 1834 αύτοῦ
1425 1780 1858 1850 κρατουμένους,

293 1876 504 1939 ἁθώους
537 1891 603 1943 γε
641 1874 801 1939 ὄντας
835 1873 934 1927 σὺν
964 1872 1110 1944 δίκῃ.
1134 1866 1213 1925 Ἦ
1239 1871 1348 1942 γὰρ
1373 1870 1439 1926 ἂν
1469 1872 1696 1943 ἐκράτει
1721 1871 1857 1925 πάν-

290 1984 400 2020 των
421 1966 575 2036 ἑξῆς.

1942 415 2118 459 autem
2154 406 2397 460 addictos
2453 406 2661 471 virtuti,
2691 410 2781 478 qtti
2820 410 3011 467 deinde
3070 427 3128 468 sc
3160 414 3357 470 virtute
3388 432 3527 485 prte-

1942 498 2087 551 ditos
2129 508 2486 565 agnoverunt,
2517 500 2793 556 humiliter
2833 503 2900 557 de
2936 518 2992 557 se
3023 507 3227 561 sentire
3285 523 3392 561 non
3445 521 3531 563 ρει

1922 588 2219 656 'possibile,
2248 598 2411 659 atque
2470 595 2567 644 hos
2601 607 2789 648 rursus
2872 596 3013 650 inter
3066 598 3239 653 malos
3305 601 3525 658 refers:

1945 694 2043 734 nec
2078 680 2305 734 inveniri
2332 682 2606 738 humilitas
2636 684 2687 737 in
2727 686 2831 740 vita
2892 691 3107 755 potrrit,
3134 707 3229 746 uec
3257 693 3397 747 inter
3428 694 3532 748 hu-

1944 771 2121 827 mines
2150 771 2241 840 qui
2294 772 2475 827 salvus
2507 774 2617 829 fiat.
2653 774 2968 832 llumilitate
3017 796 3251 851 namque
3297 785 3528 847 sublata.

1946 876 2047 916 nec
2082 877 2220 917 unus
2272 864 2488 932 quidem
2550 866 2855 921 mortalium
2919 881 3251 936 servari-tur,
3280 875 3355 927 uti
3413 888 3536 943 pars

1947 955 2135 1022 splene
2162 958 2229 1010 de
2258 959 2409 1024 prius
2458 957 2710 1013 iudicatis
2776 975 3027 1028 cegnosct
3047 978 3103 1016 re
3131 964 3279 1018 lict-t.
3313 967 3378 1017 At
3409 982 3537 1020 vero

1949 1048 2042 1118 qui
2074 1056 2383 1112 servantur,
2408 1048 2573 1101 etiam
2604 1049 2841 1105 siderum
2870 1068 3155 1107 numerum
3193 1054 3540 1109 multitudine

1951 1153 2048 1195 sua
2084 1148 2363 1206 superant.
2411 1137 2476 1192 Et
2505 1140 2733 1208 ipsemet
2765 1143 2971 1206 dixisti,
2997 1146 3165 1199 utalus
3194 1142 3537 1213 supplicium,
3574 1212 3587 1215 Α

1951 1230 2111 1285 saluti
2154 1231 2451 1309 destinatos
2482 1231 2764 1286 beatorum
2818 1233 3095 1288 hominum
3134 1246 3335 1291 emtum
3394 1240 3542 1293 exci-

1953 1338 2102 1394 pere.
2130 1320 2248 1388 Quo
2274 1321 2352 1384 tit,
2389 1333 2447 1376 ut
2487 1323 2704 1377 tuismet
2738 1339 2860 1378 cum
2903 1326 3147 1381 thesibus
3185 1343 3244 1382 ea
3276 1343 3538 1399 pugnent,

1954 1416 2155 1486 quibus
2200 1413 2318 1468 illas
2356 1414 2491 1467 tueri
2535 1424 2586 1468 te
2618 1424 2769 1482 putas
2813 1410 2907 1470 :et
2940 1419 3299 1488 uudequaque
3334 1435 3543 1489 parcat,

1956 1521 2115 1577 posse
2157 1505 2393 1576 aliquem
2433 1504 2633 1571 facere,
2684 1508 2827 1576 quod
2870 1492 3066 1563 bonum
3109 1512 3204 1577 sit,
3254 1522 3307 1566 et
3363 1524 3542 1567 tamen
3560 1568 3571 1571 γε

1967 1612 2073 1653 non
2134 1611 2258 1652 esse
2312 1596 2491 1651 animo
2532 1598 2694 1653 elato.
2751 1599 3114 1664 Quamobrem
3176 1604 3276 1656 hac
3329 1620 3546 1673 quoque

1971 1689 2184 1743 ratione
2214 1688 2446 1743 absurda
2485 1698 2568 1743 est
2625 1698 2714 1744 tua
2756 1693 3056 1746 conclusio.
3085 1692 3239 1759 Quod
3267 1697 3309 1748 si
3343 1697 3544 1751 multos

1968 1780 2158 1843 habes,
2195 1780 2285 1848 qui
2329 1791 2504 1834 tecum
2543 1781 2788 1836 iaciunt:
2850 1799 2954 1838 non
2990 1794 3170 1840 tamen
3226 1802 3418 1842 eorum
3450 1804 3534 1843 so-

1965 1874 2136 1926 cietas
2165 1872 2259 1927 tibi
2292 1871 2545 1941 praesidio
2569 1880 2673 1927 est.
2711 1873 2843 1927 Nam
2883 1875 2957 1929 illi
2996 1877 3094 1944 ipsi
3142 1891 3291 1943 sunt,
3320 1882 3414 1948 qui
3444 1881 3547 1933 huc

1964 1965 2212 2018 oratione
2248 1972 2602 2029 accusantur;
2652 1976 2822 2033 quare
2854 1967 2971 2020 ﬁeri
3018 1970 3229 2039 nequit,
3269 1980 3329 2025 ut
3381 1971 3547 2025 dictis

292 2063 400 2120 tuis
421 2063 623 2134 aliquid
648 2061 771 2134 epis
808 2060 1056 2117 all'erant.
1096 2058 1361 2115 Caeterum
1394 2058 1701 2129 huiusmodi
1736 2056 2042 2129 proferens,
2075 2059 2249 2128 ipsius
2319 2074 2451 2113 sane
2498 2060 2612 2112 vitii
2662 2061 2929 2115 maximas
2994 2061 3138 2118 vires
3206 2066 3550 2118 demonstra-
3656 2112 3657 2115 η

289 2158 358 2214 sti
383 2175 399 2213 :
424 2172 531 2227 qua
566 2156 621 2212 itt
648 2166 804 2228 parte
843 2155 940 2210 tibi
974 2164 1029 2210 et
1063 2154 1296 2224 ipsemet
1330 2155 1621 2209 assentior.
1654 2151 1773 2207 Non
1808 2161 1986 2206 tamen
2020 2152 2281 2207 invictum
2320 2167 2542 2221 prorsus
2601 2151 2653 2207 id
2716 2154 2963 2223 equidem
3035 2155 3261 2208 dixerim
3334 2158 3551 2225 quando

292 2264 392 2305 nec
420 2250 535 2319 ipse
561 2250 827 2319 probasti,
854 2245 1085 2317 quod'vi
1115 2246 1264 2317 justa
1303 2247 1521 2313 vincat;
1576 2262 1675 2301 nec
1719 2244 1862 2316 quod
1921 2244 1991 2300 ab
2047 2258 2112 2300 eo
2169 2242 2322 2310 victi,
2389 2244 2582 2298 merito
2636 2244 2807 2314 culpae
2864 2245 2972 2301 sint
3011 2255 3284 2318 expertes.
3318 2248 3451 2303 Nam
3507 2250 3551 2304 si

291 2362 383 2402 res
416 2344 490 2399 ita
532 2353 863 2412 .comparata
922 2342 1083 2409 foret,
1150 2356 1344 2397 onmes
1406 2340 1629 2397 omnino
1695 2339 1958 2395 vinceret.

364 2434 513 2505 Εἶεν.
546 2435 619 2489 Σὺ
654 2436 713 2489 δέ
740 2452 827 2504 γε,
847 2434 1069 2488 πάντων
1106 2434 1233 2503 ἐμοὶ
1279 2433 1527 2502 φίλτατε,
1556 2433 1605 2486 εί
1656 2432 1755 2504 μέν
1786 2431 1871 2496 τίς

297 2529 393 2585 σού
430 2540 561 2583 ποτε
605 2527 716 2581 τῶν
747 2527 998 2596 πλησίον,
1032 2526 1092 2579 τὸ
1120 2525 1199 2593 τῷ
1230 2525 1350 2595 Θεῷ
1391 2526 1546 2594 φίλον
1584 2523 1749 2592 ποιεί,
1786 2526 1870 2578 σοὶ

294 2623 353 2675 δὶ
386 2621 461 2691 μὴ
488 2617 648 2673 τοῦτο
688 2618 1005 2688 πράττοιτο,
1054 2615 1477 2686 ταπεινοφρόνει
1509 2617 1607 2669 καὶ
1647 2615 1868 2668 πένθει’

299 2714 380 2766 δεῖ
403 2714 515 2782 γάρ
549 2710 749 2765 εἰδέναι
778 2706 906 2780 τῇδε
943 2708 1141 2762 σαυτὸν
1169 2707 1272 2762 ούκ
1306 2708 1560 2761 ἐθέλοντα
1591 2706 1755 2759 καλὸν
1790 2704 1870 2759 ei-

304 2824 393 2859 ναι
411 2822 426 2837 ·
452 2797 518 2876 ἣν
544 2803 601 2858 δὲ
626 2803 939 2858 τούναντίον
964 2802 1084 2873 δρᾷ,
1117 2802 1379 2873 ῥαθύμως
1413 2800 1640 2872 ζῶνκαὶ
1667 2800 1875 2870 ἠμελη-

311 2897 510 2965 μένως.
547 2894 641 2948 σοῦ
667 2912 732 2964 γε
761 2893 977 2961 τάγαθᾶ
1008 2893 1186 2947 πάντα
1220 2892 1574 2963 πράττοντος,
1620 2891 1697 2961 μὴ
1739 2891 1878 2960 ὑψη-

2048 2431 2226 2497 Atque
2259 2429 2524 2484 hactenus
2559 2428 2696 2485 haec.
2750 2429 2832 2485 Tu
2872 2444 3001 2485 vero
3052 2429 3209 2502 longe
3250 2432 3383 2487 mihi
3422 2436 3559 2491 cha-L

1976 2520 2200 2577 rissime
2239 2522 2335 2588 illi,
2377 2522 2421 2577 si
2460 2522 2582 2589 quis
2618 2522 2912 2592 aliquando
2962 2512 3247 2592 proximus
3282 2536 3406 2581 tuus
3443 2545 3556 2584 rem

1976 2612 2092 2675 Deo
2119 2620 2327 2683 gratam
2371 2611 2519 2677 facit,
2556 2623 2606 2667 te
2636 2630 2743 2668 non
2798 2614 3047 2681 faciente,
3085 2617 3340 2672 humilem
3382 2628 3433 2675 te
3466 2636 3560 2688 ge-

1981 2718 2094 2763 ras.
2137 2720 2199 2758 ac
2222 2704 2431 2760 doleas.
2510 2703 2645 2759 Nam
2698 2708 2825 2761 hinc
2858 2722 3152 2777 agnoscere
3188 2711 3378 2776 debes,
3416 2714 3562 2768 nolle

1982 2805 2035 2850 te
2068 2796 2266 2849 bonum
2300 2810 2440 2850 esse.
2479 2794 2571 2849 Sin
2606 2798 2697 2851 ille
2719 2798 3052 2853 contrarium
3076 2798 3229 2866 facit,
3259 2804 3563 2859 soi-orditur

1984 2903 2048 2941 ac
2078 2887 2407 2957 negligenter
2453 2888 2664 2952 vivens,
2720 2896 2774 2943 te
2827 2893 3009 2945 omnia
3066 2892 3203 2946 bona
3244 2903 3561 2963 peragente,

314 2986 591 3055 λοφρόνει.
623 2987 700 3039 Οὐ
728 2986 838 3055 γὰρ
864 2984 955 3038 διὰ
981 2984 1080 3054 τὴν
1115 2984 1326 3038 ἐκείνου
1362 2984 1562 3037 κακίαν
1599 2984 1883 3045 σπουδαῖος

1991 2995 2117 3034 cave
2166 2982 2347 3034 animo
2391 2979 2658 3035 cﬂ‘eraris.
2697 2981 2812 3036 Non
2849 2983 2992 3036 cnim
3047 2994 3268 3053 propter
3301 2986 3446 3041 illius
3479 2989 3563 3040 vi-

314 3078 477 3141 αύτδς
527 3078 779 3146 γέγονας,
816 3076 931 3129 ἀλλ’
962 3077 1150 3140 άπλῶς
1201 3075 1291 3129 διὰ
1323 3076 1423 3139 τὰς
1471 3076 1726 3145 πράξεις.
1775 3075 1887 3126 Καὶ

314 3170 472 3224 τοῦτο
502 3170 663 3240 δῆλον
695 3169 946 3223 ἐντεῦθεν
969 3184 986 3203 ⁸
1029 3170 1089 3223 ού
1120 3169 1229 3240 γὰρ
1260 3169 1662 3238 στεφανοῦσθαι
1699 3167 1888 3236 γίγνε-

314 3279 405 3314 ται
435 3263 562 3325 τοὺς
601 3259 924 3332 ἀνθρώπους
955 3261 1063 3314 άπὸ
1102 3261 1202 3330 τῆς
1236 3261 1348 3314 τῶν
1388 3260 1558 3324 πέλας
1597 3258 1889 3314 καταπτώ-

319 3360 481 3413 σεως,
510 3345 628 3403 ἀλλ’
676 3350 741 3402 ὲκ
784 3349 891 3402 τῶν
929 3350 1082 3404 ἰδίων
1124 3341 1596 3421 κατορθωμάτων.
1632 3350 1893 3404 Φαίνεται

318 3443 499 3494 τοίνυν
536 3443 611 3510 μὴ
641 3435 755 3495 οἷόν
783 3442 833 3493 τ’
866 3437 1007 3496 εἶναι
1038 3442 1261 3505 τούτους
1290 3442 1427 3513 πρὸς
1457 3440 1723 3510 ἀλλήλους
1754 3458 1895 3512 παρ-

319 3530 697 3598 εξετάζεσθαι,
725 3533 1005 3607 ὅσοινπρὸς
1036 3534 1135 3604 τὴν
1171 3533 1550 3604 ὑπερηφανίαν
1583 3532 1896 3588 άπεὸύσαν-

321 3634 405 3682 το.
437 3624 577 3689 Τοὺς
607 3625 719 3697 γάρ
757 3608 995 3694 ἀθλητὰς
1025 3624 1290 3691 ἐκείνους,
1337 3620 1420 3689 οἷς
1451 3622 1511 3677 τὸ
1540 3624 1711 3693 γέρας
1748 3626 1896 3680 κότι-

323 3735 437 3782 νος,
468 3717 563 3772 καὶ
590 3711 664 3770 ὧν
702 3718 737 3787 ἡ
762 3716 910 3785 πάλη
942 3716 1080 3787 πρὸς
1109 3712 1250 3785 αἷμα
1279 3715 1375 3770 καὶ
1412 3716 1616 3787 σάρκα,
1656 3710 1810 3770 εἶπεν
1832 3710 1899 3771 ἂν

324 3811 353 3859 6
375 3813 519 3874 θεῖος
555 3810 897 3873 ’Δπὸστολος,
925 3809 1071 3872 εἰκός
1102 3810 1218 3862 ἐστι
1242 3808 1337 3861 καὶ
1355 3808 1778 3879 παραϐληθῆναι
1795 3825 1898 3862 κα-

325 3900 433 3961 λῶς
460 3899 730 3969 ἀλλήλοις.
762 3899 1017 3952 Δείκνυσι
1056 3897 1167 3968 γὰρ
1205 3897 1298 3950 τὸν
1328 3897 1733 3969 εύδοκιμηκότα
1761 3899 1902 3968 ὑπὲρ

324 3994 456 4054 iob;
511 3991 711 4055 ἄλλους
761 3987 1220 4058 πλεονεκτήματα
1274 4004 1432 4053 τινα,
1485 3982 1904 4059 ἐπιδεδειγμὲνα

326 4084 445 4146 τοῖς
479 4080 785 4150 ὀφθαλμοῖς
811 4080 919 4133 τῶν
950 4076 1200 4147 ὁρώντων
1219 4095 1235 4112 °
1273 4080 1430 4151 ῥώμη
1460 4079 1713 4149 σώματος
1741 4081 1905 4151 φημὶ,

329 4173 425 4224 καὶ
462 4170 766 4239 γυμνάσια,
800 4168 894 4223 καὶ
937 4169 1100 4237 πείρα
1145 4166 1257 4219 τῶν
1304 4178 1368 4234 γε
1416 4166 1675 4219 τοιούτων
1708 4167 1907 4233 ἀγωνι-

333 4260 587 4333 σμάτων.
630 4260 737 4312 Ἢν
767 4258 825 4312 δὲ
873 4258 1060 4311 καὶτὸ
1106 4256 1337 4328 ἀκριϐὲς
1379 4257 1454 4327 μὴ
1488 4256 1800 4309 παντάπασι
1838 4258 1906 4325 τῇ

1991 3072 2284 3126 tiositatetn
2324 3073 2573 3143 egregius
2605 3073 2721 3142 ipse
2758 3074 2839 3127 vir
2884 3074 3062 3130 factus
3098 3091 3176 3141 es,
3231 3078 3323 3132 sed
3358 3078 3568 3147 simpli-

1990 3156 2129 3216 citcr
2162 3162 2231 3216 ob
2266 3163 2407 3216 facta
2443 3172 2554 3217 tua.
2596 3164 2770 3233 Atque
2808 3165 2908 3217 hoc
2935 3165 3017 3218 vel
3054 3166 3180 3220 inde
3217 3170 3563 3239 perSpicuum

1991 3262 2093 3309 est.
2135 3252 2269 3306 Nam
2303 3268 2506 3309 corona
2536 3270 2640 3309 non
2683 3256 2966 3325 potiuntur
3022 3258 3269 3314 homines
3316 3276 3381 3316 ex
3417 3262 3570 3332 lapsu

1990 3343 2249 3413 proximi,
2302 3344 2395 3399 sed
2434 3360 2498 3400 ex
2535 3345 2647 3399 suis
2700 3345 2933 3415 egregiis
2973 3345 3147 3402 fartis.
3205 3349 3441 3418 Apparet
3475 3352 3572 3427 igi-

1994 3445 2102 3499 tur,
2138 3449 2243 3488 nou
2282 3449 2440 3504 posse
2475 3436 2610 3499 lieri,
2650 3443 2712 3489 ut
2743 3436 2907 3513 inter_
2930 3452 2989 3492 se
3023 3452 3432 3507 comparentur,
3476 3444 3570 3509 qui

1995 3535 2270 3582 certamen
2337 3528 2598 3583 adversus
2655 3531 2966 3599 superbiam
3049 3534 3387 3603 suscipiunt.
3447 3534 3575 3590 lllos

1996 3620 2138 3674 enim
2190 3620 2443 3686 athletas,
2485 3621 2680 3690 quibus
2738 3622 2856 3677 olea
2895 3626 3196 3693 praemium,
3235 3637 3289 3682 et
3321 3630 3413 3697 qui
3450 3644 3573 3683 cum

1999 3711 2273 3779 sanguine
2304 3718 2582 3781 caraeque
2617 3711 3001 3778 colluctautur,
3033 3725 3093 3770 ut
3126 3714 3419 3786 Apostolus
3447 3734 3579 3777 sane

1999 3801 2331 3871 loqueretur,
2365 3800 2640 3856 verismile
2655 3809 2737 3855 est
2758 3811 2901 3857 recte
2920 3804 3060 3859 inter
3075 3820 3137 3862 se
3154 3808 3414 3863 conferrh
3432 3810 3581 3878 Qua:-

2001 3894 2124 3947 dam
2160 3893 2304 3947 enim
2338 3896 2489 3948 doles
2528 3892 2849 3962 singulares,
2887 3898 3151 3965 expositae
3208 3913 3579 3973 spectatorum

2003 3983 2200 4048 oculis,
2261 3992 2383 4038 eum
2426 3982 2822 4054 demonstrant,
2862 3990 2954 4055 qui
3008 4003 3173 4057 supra
3225 4000 3452 4047 cancros
3493 4010 3584 4048 ex-

2007 4075 2192 4130 cellit:
2237 4082 2295 4128 ut
2322 4075 2568 4143 corporis
2598 4074 2786 4140 robur,
2817 4087 2871 4133 et
2921 4079 3368 4145 exercitationes,
3413 4092 3468 4138 et
3527 4086 3582 4140 iu

2007 4164 2316 4236 hujusmodi
2349 4165 2740 4221 certaminibus
2765 4170 3127 4238 experientia.
3154 4170 3308 4237 Quod
3339 4174 3385 4228 si
3416 4176 3583 4230 etiam

2010 4276 2116 4313 non
2181 4260 2405 4315 omnino
2441 4268 2697 4315 accurate
2757 4260 2865 4315 lata
2928 4264 3201 4317 sententia
3237 4264 3419 4330 fuerit,
3476 4280 3584 4326 non

330 4353 503 4423 ψήφῳ
537 4352 713 4422 παρῇ,
744 4350 807 4403 ού
847 4348 968 4401 λίαν
996 4348 1341 4402 ἐπικίνδυνον
1374 4348 1435 4400 τδ
1466 4348 1803 4417 ἁμάρτημα·
1845 4363 1884 4399 οι

2019 4351 2308 4407 admodum
2342 4351 2686 4423 periculosus
2715 4354 2806 4408 hic
2830 4364 2985 4408 error
3016 4365 3119 4411 est.
3149 4353 3267 4413 Non
3297 4359 3439 4414 enim
3471 4362 3589 4415 ani-

333 4445 446 4513 γὰρ
485 4440 810 4512 λυμαίνεται
856 4440 978 4501 ταῖς
1023 4437 1249 4507 ψυχαῖς,
1278 4437 1467 4506 ὀλίγην
1498 4437 1555 4489 δέ
1582 4446 1705 4490 τινα.
1747 4435 1908 4502 δόξαν

336 4538 437 4587 καὶ
467 4532 839 4602 σϐεννυμένην
864 4530 1065 4585 αὐτίκα
1094 4530 1129 4601 ἢ
1160 4530 1446 4601 χαρίζεται
1474 4531 1586 4591 τοῖς
1616 4528 1716 4583 οὐκ
1740 4528 1911 4593 ἀξίοις

340 4626 475 4686 ἴσως
503 4623 717 4685 λαϐεῖν,
753 4622 787 4691 ἢ
820 4610 1113 4691 ύποστερεῖ
1136 4622 1320 4690 τυχὸν,
1349 4613 1428 4682 οἷς
1462 4619 1753 4673 ἀποδοῦναι
1782 4618 1913 4672 ταύ-

337 4721 445 4781 την
478 4711 784 4781 προσῆκεν.
819 4710 1006 4773 Ὄσοις
1053 4708 1099 4763 δ’
1145 4704 1213 4762 αὖ
1255 4708 1318 4762 τὸ
1349 4709 1611 4777 πολεμεῖν
1653 4708 1790 4778 πρὸς
1816 4707 1915 4770 τάς

341 4802 522 4874 ἀρχάς
548 4803 690 4866 ἔστι,
720 4800 818 4854 καὶ
845 4801 943 4863 τάς
973 4800 1247 4867 ἐξουσίας,
1269 4798 1493 4862 τούτους
1513 4798 1571 4852 δὲ
1601 4799 1717 4863 πῶς
1748 4799 1813 4853 άν
1838 4808 1918 4863 τις

346 4896 486 4966 ἔχοι,
510 4894 607 4946 καὶ
636 4893 772 4963 πρὸς
796 4893 949 4955 τινας
970 4891 1106 4956 ὅλως
1129 4892 1503 4965 παραϐαλεῖν;
1530 4893 1761 4963 πότερον
1784 4892 1922 4962 πρδς

344 4988 478 5053 τοὺς
507 4984 957 5055 άποδυσαμένους
986 4986 1068 5047 εἰς
1117 4983 1208 5037 τὸν
1250 4984 1416 5038 αὐτὸν
1440 4985 1629 5044 αὐτοῖς
1666 4981 1852 5047 ἆθλον,
1886 4985 1920 5056 ἢ

350 5077 491 5147 πρὸς
521 5078 755 5130 ταυτασὶ
802 5079 905 5138 τὰς
948 5074 1072 5129 καθ’
1107 5076 1267 5146 ἡμῶν
1314 5076 1810 5147 παραταττομένας
1834 5076 1924 5129 δυ-

353 5170 594 5239 νάμειςς
643 5168 787 5222 Ἀλλ’
835 5169 1028 5238 ἔμοιγε
1072 5168 1220 5221 δοκεῖ
1268 5169 1393 5238 μηδ’
1438 5167 1744 5223 ὁπωστιοῦν
1785 5165 1924 5237 εἶναι

352 5261 467 5315 τῶν
497 5261 863 5331 γιγνομένων,
898 5260 1143 5328 ,δοξάσαι
1187 5260 1415 5330 θάτερον
1446 5261 1619 5315 τοῖνδε
1672 5260 1928 5329 γενέσθαι

356 5345 472 5402 οἷόν
494 5366 556 5403 τε
605 5347 765 5404 εἶναι.
800 5349 1113 5416 Ἐχθίστους
1146 5348 1247 5419 μὲν
1276 5350 1386 5422 γὰρ
1415 5351 1631 5414 ὲκείνας
1662 5351 1813 5422 ἡμῖν,
1834 5351 1933 5413 τάς

362 5441 611 5512 πονηρὰς
630 5440 778 5508 λέγω
806 5441 1085 5511 δυνάμεις,
1117 5439 1337 5510 εὔλογον
1367 5445 1508 5497 νοεῖν
1526 5459 1585 5495 τε
1615 5444 1709 5497 καὶ
1731 5436 1930 5511 λέγειν’

360 5527 784 5602 ἀνταγωνιστῶν
809 5530 866 5587 δὲ
886 5532 1048 5585 τόπον
1068 5532 1289 5602 ἐπέχειν
1317 5534 1491 5598 αὐτὰς
1514 5534 1650 5603 πρὸς
1665 5536 1812 5605 ἡμᾶς
1843 5536 1937 5589 ού-

364 5621 581 5694 8αμῶς.
615 5623 753 5680 οὕτε
784 5623 893 5693 γὰρ
919 5623 1077 5690 δόξης
1124 5623 1343 5691 ἐρῶσιν,
1392 5625 1517 5681 οὕτε
1557 5627 1638 5690 είς
1674 5627 1737 5679 τὺ
1763 5626 1932 5697 γέρας

684 5718 956 5782 Ριτιιοι..
990 5718 1111 5780 Gn.
1157 5715 1342 5777 CLVI

2021 4447 2124 4501 mis
2149 4446 2371 4500 exitium
2397 4442 2577 4509 all'ert,
2637 4446 2733 4500 sed
2765 4445 3013 4515 exiguam
3045 4448 3334 4514 quamdam
3362 4449 3588 4525 gloriam

2021 4545 2076 4591 οι
2093 4551 2210 4610 qua:
2238 4538 2422 4592 statim
2443 4536 2830 4607 exstinguitur,
2864 4537 2946 4592 vel
2975 4527 3207 4607 indignis
3234 4539 3463 4613 fortasse
3496 4543 3593 4601 tri-

2024 4627 2201 4694 buit,’
2240 4622 2322 4683 vel
2385 4627 2452 4681 iis
2519 4627 2730 4690 adimit,
2786 4627 2985 4695 quibus
3040 4637 3161 4681 erat
3219 4629 3592 4685 attribuenda.

2026 4718 2126 4786 Qui
2164 4734 2290 4773 vero
2347 4714 2544 4772 bellum
2576 4726 2767 4785 gerunt
2822 4718 3084 4774 adversus
3144 4720 3483 4791 principatus
3540 4734 3599 4778 et

2028 4819 2348 4883 potestates,
2384 4825 2483 4866 eos
2507 4824 2749 4879 quonam
2780 4819 2940 4880 pacto
2972 4811 3116 4876 quis,
3160 4822 3213 4866 et
3247 4825 3371 4867 cum
3401 4814 3600 4883 quibus

2031 4904 2258 4959 omnino
2282 4900 2667 4970 compararet?
2699 4910 2879 4956 utrum
2925 4916 3045 4955 cum
3080 4891 3338 4971 illis,'qui
3370 4917 3494 4958 cum
3520 4903 3603 4957 eis

2035 4996 2176 5051 idem
2218 4996 2271 5049 in
2321 5003 2594 5051 certamen
2631 4993 2988 5067 descendunt,
3037 5009 3106 5046 an
3142 5010 3265 5049 cum
3315 4994 3604 5064 pugnanti-

2033 5088 2135 5142 bus
2156 5086 2413 5141 adversns
2432 5100 2530 5140 nos
2561 5084 2969 5154 potestatibus?
3028 5084 3157 5137 Mihi
3208 5099 3339 5139 sane
3371 5084 3602 5147 videtur,

2037 5164 2387 5248 nequaquam
2449 5177 2763 5240 convenire,
2826 5186 2883 5229 ιιι
2943 5170 3335 5238 existimemus,
3398 5175 3605 5228 alteru-

2040 5277 2183 5324 trum
2213 5269 2408 5322 horum
2439 5266 2615 5321 locum
2642 5264 2844 5321 habere
2870 5280 3048 5335 posse.
3104 5263 3238 5319 Nam
3269 5264 3439 5320 malas
3480 5264 3606 5318 illas

2041 5365 2342 5428 potestates
2381 5370 2484 5410 non
2516 5355 2615 5410 abs
2644 5370 2702 5409 re
2747 5351 2901 5411 nobis
2956 5355 3171 5424 quidem
3223 5355 3610 5409 infestissimas

2043 5457 2097 5503 et
2119 5447 2359 5517 cogitare
2402 5459 2708 5517 possumus,
2734 5456 2788 5500 et
2819 5447 3038 5501 dicere:
3084 5447 3177 5501 sed
3226 5446 3404 5501 amuli
3436 5446 3608 5502 uosui

2047 5538 2193 5593 nullo
2220 5550 2341 5592 esse
2378 5536 2539 5592 modo
2591 5545 2836 5605 possunt.
2874 5535 2985 5593 Nec
3011 5537 3156 5593 enim
3193 5538 3416 5609 gloriam
3446 5553 3612 5609 expe‘

2049 5635 2190 5697 lunt,
2221 5641 2319 5684 nec
2379 5628 2662 5699 prtemium
2718 5638 2966 5700 spectant
3000 5650 3012 5685 :
3064 5629 3159 5685 sed
3199 5630 3479 5686 interitum
3510 5646 3611 5686 non

3112 5725 3185 5784 18
