3920 6200
317 328 417 400 δςπ

1737 325 2011 394 EPILOG
2024 325 2147 394 US.

3405 285 3410 292 ’
3461 329 3568 396 558

315 449 554 518 ἀγαθοὺς
591 447 764 502 εἶναι·
835 445 900 505 '0
948 451 1058 520 γὰρ
1100 445 1438 520 ἀνακρίνων
1466 465 1565 519 με,
1625 449 1808 518 φησιν,
1859 451 1891 504 d

2005 450 2156 505 linem
2193 449 2284 505 hic
2310 446 2519 504 dicendi
2556 446 2718 512 facio,
2748 447 2848 503 hcc
2882 463 2989 502 uno
3020 451 3278 505 duntaxat
3307 451 3522 522 adjecto
3553 471 3567 506 :

317 543 464 607 Θεός
507 542 716 595 ἐστιν·
753 542 811 604 ὃς
851 539 959 596 οἶδε
1002 544 1100 611 μὲν
1144 542 1213 595 τὰ
1246 543 1466 598 πάντων
1513 542 1775 612 ἀκριϐῶς,
1821 541 1886 593 οὐ

314 633 498 687 δίδωσι
528 632 584 685 δὲ
613 633 681 685 τὰ
714 633 871 702 γέρα,
920 637 969 687 εἰ
1007 634 1350 704 παρελήλυθε
1396 651 1482 696 τις
1527 635 1654 696 τοὺς
1694 633 1888 696 ἄλλους

313 726 561 795 τρέχων·
598 725 716 778 ἀλλ’
750 721 830 790 οἷς
875 744 938 794 γε
992 727 1272 795 ἐξεγένετο
1305 727 1638 780 καταλαὸεῖν
1679 729 1889 779 ἐκεῖνον

311 815 406 870 τδν
447 817 646 888 χῶρον,
757 820 824 870 τὰ
860 818 1093 887 βραδεῖα
1127 819 1348 889 ἕστηκε,
1385 821 1480 872 καὶ
1533 819 1625 871 ἐπὶ
1658 816 1751 871 τοῦ
1789 817 1890 888 βα-

318 908 517 962 σιλείου
544 909 735 979 θρόνου
765 911 1074 979 καθήμενος
1103 912 1130 964 ὁ
1165 911 1359 980 Σωτὴρ
1388 913 1522 980 ἡμῖν
1555 909 1888 978 στεφοθὲτην

319 1001 512 1053 ἑαυτὸν
545 1003 658 1064 τοῖς
683 1001 970 1071 ἀριστεῦσι
993 1004 1246 1072 παρέχει.
1280 1003 1450 1064 Αὐτός
1485 1019 1578 1054 σου
1601 1001 1699 1070 τὴν
1731 1000 1891 1068 φίλην

315 1093 579 1162 κεφαλὴν,
615 1086 660 1147 ὦ
697 1093 1040 1164 συμϐασιλεῦ
1093 1111 1154 1147 τε
1201 1095 1296 1148 καὶ
1338 1096 1460 1157 παῖ,
1503 1094 1564 1146 οὐ
1613 1093 1773 1161 μόνον
1804 1091 1891 1143 ὲν-

315 1183 507 1237 ταυθοῖ
551 1187 925 1255 στεφανῶσαι,
955 1185 1093 1238 ἀλλὰ
1124 1186 1311 1250 κάκεῖ,
1355 1184 1430 1256 τῷ
1458 1183 1608 1254 καλῷ
1637 1183 1892 1252 στεφάνῳ

317 1273 423 1327 τῶν
461 1276 748 1346 μακαρίων
772 1293 787 1308 ο
814 1277 956 1346 ὑπὲρ
990 1269 1052 1332 οὗ
1087 1277 1180 1331 καὶ
1207 1277 1331 1341 τοὺς
1361 1277 1616 1343 πολλοὺς,
1646 1275 1748 1330 οὐκ
1772 1271 1891 1328 οἶδα

316 1366 362 1420 δ’
388 1369 438 1422 εί
468 1371 561 1424 καὶ
596 1369 819 1436 καλοὺς,
847 1369 1065 1437 ἀγῶνας
1093 1369 1315 1432 τούτους
1351 1368 1752 1438 ἐνεστησάμην.
1809 1363 1814 1368 ’

1990 539 2228 596 Tametsi
2259 554 2450 606 magna
2487 537 2694 608 prtediti
2730 539 2922 594 virtute
2963 541 3076 596 sint
3102 542 3348 597 homines
3377 544 3567 614 aliqui.

1994 641 2303 687 nontamen
2339 629 2419 684 vel
2459 630 2593 683 alios
2622 630 2921 696 derideant,
2961 633 3041 687 vel
3089 635 3296 702 seEpsos
3323 637 3569 705 egregios

1996 731 2208 794 putent.
2235 721 2396 788 Nam,
2424 733 2478 776 ut
2507 723 2594 776 ille
2627 724 2721 788 ait,
2763 725 2852 792 qui
2891 726 3186 794 mejndicat
3213 736 3263 782 et
3291 728 3570 783 examinat

2000 815 2140 869 Deus
2166 824 2284 879 est;
2316 816 2407 884 qui
2445 825 2694 869 accurate
2726 817 2870 870 novit
2897 819 3137 872 omnium
3178 818 3336 884 facta,
3376 835 3476 873 nec
3502 823 3570 876 iis

2001 909 2221 977 praemia
2261 909 2471 971 tribuit,
2503 911 2591 980 qui
2623 911 2757 964 alios
2793 926 2954 965 cursu
2991 915 3354 981 praetergressi
3397 926 3524 970 sum
3556 933 3571 969 :

1997 999 2090 1053 sed
2125 1001 2318 1068 quibus
2356 999 2422 1052 ad
2454 1015 2576 1054 eum
2626 1001 2905 1069 pervenire
2951 1001 3127 1056 locum
3168 1003 3414 1068 contigit,
3455 1003 3573 1072 ipsa

1999 1089 2087 1143 ubi
2119 1090 2337 1157 przentia
2392 1091 2720 1154 consistunt,
2753 1099 2806 1144 et
2841 1091 2929 1145 ubi
2961 1090 3217 1145 Servator
3263 1093 3350 1146 ille
3393 1103 3576 1147 noster

2000 1182 2053 1235 iu
2090 1182 2238 1250 regio
2265 1183 2557 1238 considens
2591 1182 2749 1246 solio,
2785 1185 3020 1250 seipsum
3057 1193 3432 1238 eoronatorezn
3495 1185 3580 1236 vi-

2001 1274 2244 1328 ctorihns
2265 1274 2510 1330 exhibet.
2535 1272 2583 1327 ls
2605 1274 2828 1328 charum
2849 1285 3008 1343 caput
3039 1286 3208 1342 tuum,
3229 1291 3262 1330 0
3280 1277 3424 1346 regni
3451 1291 3582 1332 con-

2000 1378 2122 1420 sors
2151 1375 2203 1420 et
2231 1363 2328 1432 liii,
2361 1382 2465 1420 non
2489 1366 2578 1420 hic
2631 1371 3000 1421 tantummodo
3027 1376 3269 1432 coronet,
3297 1371 3391 1422 sed
3414 1367 3578 1422 etiam

320 1461 374 1516 in
404 1462 572 1516 altera
607 1462 740 1529 vita,
787 1473 939 1520 serto
987 1464 1081 1519 illo
1113 1463 1400 1520 beatorum
1448 1460 1668 1533 egregio
1703 1477 1718 1516 :
1757 1457 1908 1529 cujus
1947 1471 2078 1528 ergo
2099 1459 2404 1529 complures
2426 1458 2594 1516 hosce
2613 1460 2827 1531 quidem
2850 1462 3084 1528 labores,
3140 1464 3235 1519 sed
3272 1463 3413 1518 haud
3462 1462 3576 1520 scio

319 1571 382 1612 an
413 1557 597 1628 aliquo
623 1575 745 1614 cum
776 1573 954 1628 Opera:
982 1560 1179 1630 pretio,
1206 1559 1444 1628 suscepi.

645 1701 978 1757 ΕΠΙΛΟῙὊΣ
1006 1703 1571 1761 ΕΙῙΙΣΤΟᾹΙΜᾹῘΟΣ.

2341 1699 2690 1758 EPlLOGUS
2741 1699 3215 1757 EPISTOLARIS.

389 1837 555 1892 Ταῦθ’
593 1840 746 1909 ἡμῖν,
791 1833 836 1894 ὧ
889 1839 1136 1908 φίλτατε,
1170 1841 1268 1912 σὴν
1311 1841 1474 1914 χάριν
1509 1842 1728 1913 εἴρηται
1771 1840 1886 1908 νῦν,

2068 1837 2190 1893 llaec
2219 1852 2249 1891 a
2268 1837 2448 1901 nobis,
2469 1836 2796 1892 charissime
2822 1836 2918 1898 liii,
2941 1845 3030 1890 tua
3059 1851 3202 1890 nunc
3233 1851 3392 1891 causa
3430 1835 3574 1892 dicta

322 1932 413 1984 καὶ
439 1930 498 1981 τὸ
525 1931 720 1982 πεῖσαν
751 1930 1035 2000 εἰρηκέναι
1087 1932 1314 2002 φίλτρον
1361 1933 1643 2003 ὑπερφυές
1668 1969 1685 1986 .
1724 1933 1788 1986 Ei
1822 1933 1899 2006 μὴ

323 2022 428 2092 γὰρ
460 2020 717 2075 τοσοῦτον
748 2017 838 2091 ἦν,
860 2024 959 2075 οὐκ
977 2023 1046 2077 ἂν
1074 2024 1214 2094 ὑπὲρ
1245 2024 1344 2095 τῆς
1374 2025 1639 2094 ὠφελείας
1671 2029 1768 2097 τῆς
1801 2027 1900 2097 σῆς

327 2111 459 2180 πρὸς
488 2114 699 2166 τουτονὶ
725 2112 816 2164 τὸν
856 2113 1046 2180 ἀγῶνα
1074 2114 1460 2184 ἁπεδυσάμην,
1505 2116 1616 2170 οὐδ’
1651 2117 1718 2170 ἂν
1741 2116 1900 2187 διήρ-

327 2202 453 2256 κεσὲ
485 2219 581 2273 μοι
631 2203 694 2256 τὸ
743 2204 1152 2274 προθυμεῖσθαι
1211 2206 1354 2275 μετὰ
1397 2206 1668 2277 τοσαύτης
1714 2209 1901 2278 ἀκμῆς

317 2297 444 2376 ᾇχρι
471 2295 660 2358 τέλους
681 2311 697 2328 ·
749 2296 865 2350 ἀλλ’
898 2296 932 2366 ἢ
982 2297 1082 2367 τὴν
1111 2297 1341 2368 πρώτην
1387 2298 1454 2352 ἂν
1491 2299 1653 2364 εὐθὺς
1684 2300 1905 2366 ἀπεπή-

317 2387 443 2450 δων,
463 2386 676 2458 συχνῶν
702 2405 792 2459 μοι
821 2388 930 2442 τῶν
967 2393 1414 2460 προσισταμένων
1445 2393 1836 2463 ἐπικειμένων,
1866 2393 1898 2465 ἢ

316 2485 445 2552 περὶ
473 2482 545 2536 τὰ
580 2481 720 2552 μέσα
770 2499 896 2550 που,
931 2484 1056 2539 ἀλλε
1073 2485 1352 2555 παλλήλων
1396 2488 1505 2539 τῶν
1543 2487 1737 2541 δεινῶν
1765 2503 1901 2558 φυο-

309 2575 536 2648 μίνωνο
571 2577 659 2646 εἴη
683 2575 738 2630 δέ
772 2593 863 2647 μοι
893 2577 983 2632 τὸν
1027 2573 1192 2652 ἆθλον
1227 2579 1418 2633 τοῦτον
1452 2579 1585 2649 ἡδὺν
1617 2580 1897 2648 γενέσθαι,

263 2721 270 2732 κ
319 2670 419 2724 καὶ
464 2669 575 2721 τῶν
622 2671 802 2724 πόνων
855 2662 1036 2734 ἅξιὸνο
1087 2669 1117 2723 δ
1151 2671 1330 2734 καλῶς
1362 2671 1675 2740 ἐκϐήσεται,
1714 2673 1808 2726 σοῦ
1848 2668 1900 2740 γ’

317 2761 626 2826 ἐθέλοντος.
663 2761 723 2814 Εἰ
763 2761 873 2833 γὰρ
903 2762 1064 2826 αὐτὸς
1112 2764 1212 2828 τὰς
1263 2764 1618 2834 παραινέσεις
1661 2766 1898 2828 ὲκείνας,

321 2852 419 2907 καί
451 2851 557 2906 ὅσα
585 2853 649 2923 δὴ
683 2855 797 2915 τοῖς
827 2853 1007 2920 λόγοις
1030 2853 1239 2917 τούτοις
1268 2855 1732 2924 ὲμπεριεί).ηπται
1763 2857 1899 2926 πρὸς

321 2944 422 3012 τὴν
453 2943 563 2995 τῶν
595 2941 742 3012 ὴθῶν
771 2959 866 2995 σου
910 2943 1294 3014 διακόσμησιν,
1326 2945 1426 2997 οὐκ
1469 2945 1740 3015 ἀτιμάσαι
1771 2944 1898 3015 βουο

323 3033 568 3100 ὶεύσαιο,
604 3035 740 3090 ἀλλὰ
780 3037 1041 3107 τιμήσαις
1065 3037 1188 3106 ξμὲν
1219 3038 1368 3107 ἡμᾶς
1413 3036 1542 3100 τοὺς
1573 3037 1899 3108 γεγεννηκό-

322 3144 446 3192 τας,
479 3127 576 3180 καὶ
601 3127 726 3192 τοὺς
753 3127 812 3192 ἐξ
839 3123 1094 3198 ὄιν-ἡμεῖς
1125 3131 1354 3199 ἔφυμεν,
1386 3129 1648 3199 τιμήσκις
1675 3131 1730 3182 δὲ
1758 3146 1894 3183 σαυ-

2001 1940 2131 1986 sunt
2170 1946 2186 1997 ;
2216 1930 2468 1998 quodque
2498 1944 2597 1983 nos
2625 1929 2691 1982 ad
2752 1929 3041 1982 dicendum
3075 1927 3316 1996 impulit,
3343 1928 3578 1982 eximius

2001 2025 2058 2080 in
2093 2032 2146 2079 te
2177 2032 2359 2078 noster
2381 2037 2534 2076 arnor
2559 2031 2663 2076 est.
2698 2020 2911 2090 Quippe
2939 2021 2990 2074 ui
3037 2031 3222 2076 tantus
3249 2032 3422 2087 esset,
3461 2036 3570 2076 non

2006 2131 2092 2171 me
2117 2125 2336 2186 prapter
2368 2113 2663 2168 utilitatem
2714 2121 2861 2166 tuam
2909 2113 2977 2167 ad
3020 2113 3123 2167 hoc
3173 2122 3448 2167 certamen
3480 2128 3578 2167 sco

2006 2208 2320 2272 cinxissem,
2342 2221 2440 2261 nec
2466 2207 2532 2260 ad
2554 2206 2715 2261 linem
2744 2221 2912 2275 usque
2934 2207 3285 2276 perdurasset
3304 2207 3452 2262 istam
3468 2205 3580 2261 alao

2004 2300 2189 2365 crilas,
2224 2309 2375 2354 tanto
2401 2315 2524 2354 cum
2562 2301 2748 2368 vigore
2779 2298 3071 2366 conjuncta
3109 2315 3123 2352 :
3158 2301 3253 2354 sed
3289 2298 3375 2354 vel
3419 2299 3575 2353 initio

2005 2393 2212 2458 statim,
2244 2392 2492 2461 pluribus
2517 2391 2814 2447 obstaculis
2842 2406 2931 2446 me
2975 2391 3295 2460 urgentibus
3319 2441 3336 2465 ,
3383 2390 3464 2452 vel
3497 2390 3578 2459 ip-

2007 2501 2070 2542 so
2100 2485 2354 2542 fortassis
2392 2485 2446 2540 in
2482 2485 2684 2551 medio,
2717 2483 3124 2542 diﬂicultatibus
3145 2500 3278 2540 sane
3299 2485 3580 2540 continuis

2005 2578 2437 2649 emergentibus,
2459 2578 2801 2633 resiliissem.
2834 2575 2975 2646 Opto
2998 2587 3203 2641 autem,
3231 2587 3286 2631 ut
3315 2561 3418 2634 hoc
3447 2579 3578 2633 Inibi

2003 2679 2280 2723 certamen
2316 2667 2789 2738 etjucundum,et
2817 2669 3106 2724 exautlatis
3156 2670 3379 2738 dignum
3425 2669 3578 2724 labo-
3674 2701 3678 2706 -

2009 2761 2156 2816 ribus
2184 2763 2477 2829 experiar;
2504 2762 2578 2814 uti
2607 2760 2824 2830 quidem
2856 2772 3083 2816 eventus
3116 2772 3262 2816 recte
3285 2765 3580 2832 responde-

2005 2850 2104 2916 bit,
2133 2851 2374 2906 modotu
2397 2851 2560 2906 velis.
2587 2849 2800 2920 Quippe
2833 2850 2877 2907 si
2901 2861 2957 2906 tu
2988 2853 3226 2906 monitus
3256 2863 3492 2916 nostros,
3525 2863 3582 2907 et

2006 2956 2344 3012 quaecunque
2372 2943 2763 3008 eortiprehensa
2789 2951 2920 2996 sunt
2947 2941 3092 3000 ,istis
3121 2944 3479 3008 orationibus,
3514 2944 3582 2996 ad

2004 3036 2309 3090 ornandum
2328 3049 2506 3090 mores
2527 3034 2965 3105 tuos,aspernari
2989 3050 3090 3092 non
3117 3036 3427 3091 decreveris
3449 3078 3463 3102 ,
3485 3035 3581 3092 sed

2007 3127 2294 3182 honestam
2324 3136 2380 3182 et
2433 3128 2626 3190 nostri,
2664 3131 2754 3197 qui
2787 3136 2839 3182 te
2865 3129 3174 3194 genuintus,
3237 3139 3510 3182 eteorum
3551 3143 3582 3182 a

325 3220 418 3272 τὸν
461 3219 556 3272 καὶ
583 3221 705 3282 τοὺς
734 3221 1027 3285 παιδευτὰς
1061 3221 1326 3286 ἅπαντας,
1376 3221 1457 3275 ἐνί
1487 3239 1563 3292 τῳ
1597 3222 1772 3293 τούτῳ
1804 3223 1898 3277 καὶ

2007 3219 2204 3303 quibus
2233 3219 2330 3289 ipsi
2354 3219 2598 3290 prognati
2627 3195 2838 3284 sumus,
2859 3229 2915 3272 et
2948 3220 3136 3272 tuimct
3163 3219 3434 3287 ipsius,ct
3461 3235 3582 3272 om-

330 3312 503 3384 μόνῳ,
554 3312 635 3383 τῷ
679 3313 754 3385 μὴ
809 3314 977 3385 χείρω
1021 3315 1131 3368 τῶν
1161 3314 1393 3368 ἐλπίδων
1438 3315 1693 3385 φανῆναι,
1725 3314 1791 3379 ἃς
1833 3315 1898 3387 δὴ

325 3406 531 3466 πάντες
565 3405 796 3474 ἔτρεφον
831 3407 956 3474 περὶ
985 3407 1079 3458 σοῦ
1116 3422 1180 3474 γε
1227 3407 1296 3459 τὰ
1335 3406 1527 3477 βελτίω
1563 3407 1902 3478 μαντευόμε-

327 3513 433 3560 νοι,
461 3495 542 3549 ἔτι
577 3496 644 3549 τὰ
672 3498 780 3550 τῶν
814 3497 1022 3551 παίδων
1069 3497 1364 3568 ἀθύροντος
1390 3511 1404 3526 °
1437 3499 1488 3550 εί
1516 3499 1696 3552 τοίνυν
1725 3498 1902 3554 ταῦτα

329 3596 544 3659 γένοιτο
575 3591 999 3662 ζσυναιρομένου
1036 3593 1193 3659 Θεοῦ,
1228 3592 1288 3646 τό
1315 3611 1374 3646 τε
1418 3593 1606 3648 λοιπὸν
1632 3594 1730 3664 τῆς
1763 3594 1902 3664 ἐμῆς

331 3685 480 3752 ζωῆς
508 3683 608 3754 ἡδὺ
644 3684 785 3754 (πῶς
814 3684 915 3737 οίει
935 3685 978 3752 ς)
1009 3686 1462 3751 κατασκευάσεις,
1489 3686 1584 3738 καὶ
1613 3685 1904 3756 λαμπρούς

335 3793 427 3846 μοι
459 3778 585 3838 τοὺς
612 3775 840 3845 μισθοὺς
866 3778 1208 3845 annosam“
1235 3778 1334 3850 οὐχ
1366 3779 1514 3842 ὅπως
1544 3781 1772 3832 τουτωνὶ
1795 3777 1903 3832 τῶν

333 3866 601 3937 ἱδρώτων,
630 3866 767 3920 ἀλλὰ
805 3867 900 3920 καὶ
942 3867 1038 3920 τοῦ
1070 3869 1202 3939 παρ’
1247 3871 1404 3940 ἡμῶν
1451 3869 1638 3938 φῦναι,
1675 3871 1771 3925 καὶ
1806 3867 1904 3922 τοῦ

333 3958 612 4028 τραφῆναι
644 3958 961 4026 βασιλικῶς,
1014 3961 1109 4013 καὶ
1154 3960 1576 4027 πεπαιδεῦσθαι,
1624 3963 1724 4015 καὶ
1764 3977 1907 4015 τιτι-

337 4051 564 4120 μῆσθαι,
598 4051 694 4104 καὶ
718 4051 902 4113 ἁπλῶς
927 4050 1036 4104 τῶν
1065 4051 1208 4122 ὑπὲρ
1239 4054 1334 4106 σοῦ
1371 4070 1464 4124 μοι
1494 4053 1907 4124 πεπραγμένων

335 4143 465 4211 ἑξῆς
497 4143 774 4208 ἁπάντων,
805 4143 905 4196 οὐκ
956 4143 1154 4212 ὀλίγων
1195 4145 1325 4208 ἴσως
1370 4145 1562 4208 ὅντων,
1605 4145 1728 4198 οὐδὲ
1782 4162 1908 4216 σμι-

334 4238 504 4306 κρῶν.
530 4236 702 4290 Ταυτὶ
729 4237 828 4306 μὲν
863 4236 959 4290 οὖν
985 4231 1128 4312 ᾗπερ
1161 4237 1300 4307 ἔφην
1330 4238 1650 4309 ἐκϐήσεται,
1682 4239 1732 4292 si
1767 4237 1908 4291 κατὰ

333 4326 433 4388 τὰς
462 4325 686 4390 ἐλπίδας
729 4328 862 4397 ἡμῖν
889 4326 1125 4400 sseae“.
1171 4328 1416 4402 Ὀσρθήσῃ
1449 4329 1504 4382 δὲ
1560 4329 1802 4394 πάντως,
1851 4329 1906 4382 εί

334 4423 450 4482 τοῖς
501 4419 643 4490 ὑπὲρ
697 4419 793 4472 σοῦ
827 4419 1143 4490 λεγομένοις
1173 4422 1386 4484 τούτοις
1417 4422 1788 4492 ὑποτετάχθαι
1819 4421 1909 4475 θε-

2003 3311 2150 3366 nium
2181 3311 2560 3380 magistrorum
2590 3311 2854 3366 rationem
2873 3312 3126 3366 habueris
3146 3313 3197 3366 in
3224 3311 3326 3366 hoc
3357 3327 3484 3386 uno,
3513 3325 3583 3365 ne

2003 3403 2202 3473 spebus
2224 3402 2327 3457 illis
2350 3403 2587 3458 deterior
2608 3404 2829 3469 evadas,
2851 3417 2985 3472 quas
3006 3407 3068 3460 de
3094 3417 3143 3460 te
3161 3404 3464 3479 puerilibus
3483 3405 3583 3459 ad-

2004 3496 2112 3550 huc
2137 3495 2355 3549 ludicris
2376 3498 2584 3550 intento
2601 3494 2856 3551 fovebant
2885 3511 3097 3564 omnes,
3123 3497 3324 3566 Optima
3355 3512 3582 3567 quasque

2003 3586 2110 3642 sibi
2150 3589 2497 3642 vaticinando
2528 3589 2886 3658 pollicentes:
2921 3589 3241 3659 hmcigitur,
3291 3590 3584 3660 adjuvante

2003 3681 2140 3746 Deo,
2165 3681 2208 3736 si
2242 3683 2571 3753 contigerint
2596 3697 2612 3748 ;
2651 3692 2707 3738 et
2733 3683 2878 3752 quod
2905 3683 3037 3738 mihi
3067 3683 3332 3753 reliquum
3355 3692 3437 3738 est
3459 3683 3583 3738 vitae

2007 3789 2140 3831 sane
2155 3789 2319 3844 quam
2337 3774 2640 3844 jucundum
2652 3773 2871 3839 ellicies,
2887 3784 2942 3830 et
2957 3775 3234 3830 mercedes
3258 3775 3387 3830 mihi
3406 3775 3583 3845 splen;

2007 3866 2168 3922 didas
2197 3867 2496 3933 persolves,
2527 3881 2635 3921 non
2660 3880 2758 3934 pro
2803 3866 2952 3922 hisce
2977 3867 3100 3921 dico
3126 3865 3412 3921 sudoribus
3433 3904 3451 3932 ,
3483 3868 3580 3922 sed

2009 3959 2174 4014 etiam
2223 3973 2322 4027 pro
2348 3974 2436 4023 eo,
2474 3959 2614 4027 quod
2641 3967 2802 4014 natus
2821 3972 2888 4013 ex
2919 3958 3076 4014 nobis
3105 3959 3198 4024 sis,
3231 3968 3284 4014 et
3301 3959 3507 4028 regium
3530 3959 3586 4012 in

2014 4069 2218 4110 morem
2235 4054 2520 4116 educatus,
2541 4063 2596 4108 et
2619 4052 2924 4117 institutus,
2945 4063 3000 4108 et
3023 4053 3076 4106 in
3114 4051 3320 4106 honore
3343 4051 3581 4113 habitus,

1973 4153 2063 4200 ..οι
2085 4143 2410 4214 simpliciter
2428 4142 2587 4207 adeo,
2606 4157 2705 4210 pro
2725 4142 2992 4196 universis
3019 4155 3049 4195 a
3091 4157 3176 4196 me
3203 4151 3290 4194 tua
3313 4155 3476 4195 causa
3502 4139 3550 4193 fa
3569 4170 3588 4182 ο

2015 4241 2140 4303 etis,
2162 4254 2281 4307 quae
2303 4239 2544 4317 fortasse
2566 4253 2668 4294 nec
2685 4253 2858 4308 pauca
2889 4249 3034 4303 sunt,
3053 4253 3151 4293 nec
3177 4237 3311 4293 levis
3331 4252 3583 4292 momen-

2013 4334 2074 4386 ti.
2106 4331 2173 4385 Et
2193 4330 2410 4401 quidem
2435 4342 2562 4386 sunt
2591 4332 2736 4386 istaec
2766 4330 2944 4396 illum,
2969 4344 3134 4397 quem
3164 4329 3308 4393 disi,
3329 4338 3582 4384 eventura

2015 4423 2288 4487 habitura,
2339 4424 2384 4478 si
2418 4423 2814 4491 exspectationi
2858 4433 3060 4477 nostrae
3091 4421 3448 4477 satisfeceris.
3484 4420 3587 4476 Sa-

319 4510 534 4581 ἱλήσειις
589 4510 687 4565 καὶ
715 4509 917 4576 δείξαις
967 4509 1151 4586 ἔργοις
1188 4511 1370 4574 αὐτοῖς
1425 4511 1516 4564 τὸν
1568 4513 1645 4575 ὡς
1687 4512 1901 4582 ἀληθῶς

2012 4515 2254 4571 tisl'acies
2277 4524 2456 4570 autem
2478 4516 2726 4581 Omnino,
2754 4515 3018 4584 siquidem
3045 4515 3128 4569 his
3157 4525 3245 4568 tua
3270 4528 3434 4569 causa
3457 4529 3586 4583 pro-

337 4603 756 4658 ὑπακούσαντα.
803 4603 918 4656 Κᾶν
957 4602 1116 4656 τοῦτο
1167 4604 1381 4669 γένοιτο
1409 4602 1670 4672 τάγαθὸν,
1715 4605 1810 4658 καὶ
1837 4605 1906 4674 τῇ

323 4696 452 4772 ’τῶν
479 4695 700 4764 τρόπων
727 4695 897 4764 ἀρετῇ
945 4695 1023 4763 μὴ
1055 4682 1427 4766 καταισχύνῃς
1462 4711 1566 4763 μου
1595 4693 1696 4757 τὰς
1744 4693 1910 4764 εὐχὰς

337 4790 438 4844 καὶ
467 4790 566 4850 τὰς
597 4785 972 4858 παραινέσεις,
1013 4782 1070 4840 εὖ
1116 4781 1213 4838 οἷδ’
1245 4788 1328 4840 ὅτι
1377 4787 1472 4840 καὶ
1502 4786 1622 4856 Θεῷ
1669 4790 1766 4842 καὶ
1799 4789 1913 4851 τοῖς

338 4879 655 4950 ἀνθρώποις
684 4876 985 4948 προσφιλὴς
1012 4877 1130 4949 ἔσῃ,
1167 4878 1260 4929 καὶ
1289 4877 1348 4930 τὸ
1377 4876 1682 4946 βασιλεύειν
1704 4876 1914 4948 ἀνθρὼ-

339 4989 461 5024 πων
484 4969 758 5040 ἁνθρὼπῳ
782 4968 919 5034 ὄντι,
953 4969 980 5022 ὃ
1007 4967 1070 5039 δὴ
1099 4967 1361 5038 δυσχερὲς
1391 4970 1536 5021 ποιεῖ
1563 4966 1622 5020 τὸ
1651 4969 1912 5037 δμοφυὶς,

342 5064 519 5136 ῥᾷστα
551 5062 620 5115 ἂν
651 5079 732 5115 σοι
758 5061 972 5129 γίνοιτο
997 5059 1256 5130 ,πάντως,
1298 5062 1392 5113 καὶ
1439 5061 1577 5130 πρὸς
1622 5060 1782 5114 καλὸν
1819 5061 1914 5113 καὶ

341 5153 597 5206 εὔκλειαν
643 5151 1008 5221 ἁποδήσεται.
1065 5150 1122 5204 '0
1155 5150 1264 5219 γὰρ
1293 5149 1537 5226 ⁴γονεῦσι
1589 5150 1916 5220 πειθόμενος

343 5244 591 5312 δηλονότι
622 5243 714 5296 καὶ
751 5242 890 5314 Θεῷ.
923 5241 1016 5313 Τῷ
1043 5243 1101 5296 δὲ
1138 5242 1368 5312 τοιούτῳ
1415 5243 1640 5312 ἄρχοντι
1665 5242 1913 5306 δικαίως,

347 5335 416 5389 ἂν
443 5335 493 5388 oi
527 5335 618 5390 ὑπ’
645 5334 811 5388 αὐτὸν
861 5333 1154 5388 πείθοιντο.
1201 5334 1275 5386 Τὸ
1327 5334 1384 5387 δὲ
1433 5335 1658 5393 τούτους
1685 5335 1917 5402 ἄγεσθαι

351 5426 496 5479 κατὰ
526 5426 621 5480 τὸν
670 5425 884 5480 ἐκείνου
918 5427 1121 5480 σκοπὸν
1174 5427 1286 5479 πᾶν
1335 5425 1542 5493 ἀγαθὸν
1592 5425 1914 5495 ὲργάζεταιυ

351 5515 540 5589 ὥσπερ
599 5514 694 5573 οὖν
721 5519 818 5572 καὶ
850 5517 1164 5571 τούναντίον
1197 5519 1258 5589 τὸ
1291 5517 1364 5588 μὴ
1398 5517 1702 5572 πείθεσθαι.
1733 5517 1824 5586 Μὴ
1853 5517 1918 5586 δὴ

351 5588 633 5676 τηνάλλως
687 5610 834 5682 ἡμᾶς
887 5609 1197 5678 ἀποφήναις
1222 5588 1371 5671 ’τοὺς
1425 5609 1564 5680 ὑπὲρ
1593 5609 1688 5662 σοῦ
1725 5608 1919 5677 λόγους

351 5698 575 5764 τούτους
590 5701 957 5767 ἀναλωκότας,
982 5701 1114 5772 μηδι
1140 5701 1295 5770 ζήτει
1319 5700 1466 5754 τοῦθ’
1486 5700 1667 5772 εὑρεῖν
1692 5704 1748 5753 ὲν
1772 5701 1916 5769 ἐμοὶ,

340 5790 660 5868 ιτοίπυιῆσαί
690 5792 748 5844 τέ
799 5809 943 5862 φημι
977 5793 1070 5846 καὶ
1113 5791 1342 5856 διδάξαι.
1393 5789 1581 5862 Ἰσμεν
1616 5791 1724 5860 γὰρ
1770 5790 1919 5862 ἡμᾶς

2014 4609 2140 4664 latis
2167 4608 2548 4678 obtemperare
2575 4607 2837 4672 volueris,
2867 4619 2922 4661 et
2954 4607 3115 4662 factis
3152 4607 3284 4677 ipsis
3315 4621 3504 4676 reapse
3529 4617 3585 4660 te

2014 4715 2205 4772 parere
2231 4700 2570 4770 probaveris.
2598 4700 2752 4766 Quod
2784 4713 2915 4754 sane
2947 4700 3144 4754 bonum
3201 4699 3247 4754 si
3284 4697 3415 4753 mihi
3445 4712 3584 4754 con-
3653 4762 3660 4772 ο

2015 4793 2220 4862 tigerit,
2267 4807 2331 4846 ac
2365 4806 2576 4846 morum
2626 4792 2824 4846 virtute
2870 4801 2992 4845 vota
3042 4792 3392 4859 monitusque
3434 4805 3585 4846 meos

1975 4931 1982 4936 .
2015 4901 2120 4938 non
2147 4883 2462 4938 confuderis
2493 4900 2508 4937 :
2535 4893 2643 4937 tam
2670 4882 2770 4954 ipsi
2795 4881 2921 4947 Deo,
2950 4893 3035 4937 sat
3060 4883 3195 4944 seio,
3223 4881 3588 4967 quamhaud-

2017 4979 2177 5032 nibus
2206 4976 2460 5032 amabilis
2479 4976 2589 5031 eris
2619 4995 2631 5040 ;
2660 4987 2716 5028 et
2749 4989 2923 5038 tuum,
2957 4976 3048 5043 qui
3079 4976 3239 5028 homo
3267 4989 3330 5028 es
3356 5016 3371 5038 ,
3405 4971 3458 5026 in
3483 4975 3584 5050 ho-

2017 5071 2194 5123 mines
2217 5066 2524 5135 imperium,
2547 5067 2690 5133 quod
2713 5066 2930 5132 generis
2953 5063 3204 5131 cognatio
3225 5062 3447 5118 diliicile
3463 5061 3584 5125 red-

2018 5159 2118 5220 dit,
2173 5157 2396 5211 omnino
2451 5154 2771 5210 facillimum
2832 5153 3172 5222 experieris,
3225 5159 3583 5218 praeterquam

1979 5249 2159 5320 .qnod
2218 5249 2400 5304 exitus
2447 5248 2612 5302 etiam
2663 5248 2837 5316 ipsius
2883 5245 3179 5310 praxlarus
3222 5254 3278 5298 et
3321 5241 3586 5311 gloriosus

2019 5341 2145 5394 erit.
2176 5338 2310 5392 Nam
2353 5340 2446 5407 qui
2481 5337 2823 5408 parentibus.
2861 5337 3008 5390 idem
3039 5344 3091 5391 et
3121 5334 3231 5388 Deo
3259 5342 3434 5402 paret.
3462 5331 3583 5384 Tali

2019 5445 2150 5484 vero
2188 5431 2418 5498 principi
2451 5446 2555 5484 non
2588 5431 2686 5482 abs
2728 5443 2790 5481 re
2819 5426 3023 5481 subditi
3052 5441 3268 5494 quoque
3297 5424 3584 5494 parebunt.

2023 5519 2088 5573 Et
2129 5520 2450 5587 obsequium
2483 5520 2847 5581 subditorum,
2895 5516 3068 5586 ipsius
3098 5518 3346 5570 instituto
3391 5531 3588 5583 paren-

2023 5612 2179 5674 tium,
2208 5612 2409 5665 nnllius
2456 5598 2746 5677 nouorigd
2771 5611 2897 5665 boni
2931 5617 3017 5664 est
3048 5627 3062 5672 ;
3100 5609 3242 5664 sicut
3286 5618 3341 5662 ct
3370 5617 3589 5664 contra-

2024 5701 2163 5754 rium
2188 5697 2407 5758 accidit.
2437 5698 2482 5752 si
2511 5713 2616 5751 non
2638 5696 3033 5766 obtemperent.
3059 5698 3201 5757 Cave
3229 5712 3414 5764 quaso
3438 5711 3588 5751 com-

2024 5788 2256 5860 miseris,
2281 5797 2340 5844 ut
2363 5787 2568 5858 absqne
2600 5786 2778 5844 fructu
2841 5789 3116 5844 orationes
3146 5789 3310 5846 hasce
3338 5789 3604 5858 confece-_
