3908 6196
438 248 548 330 559

1561 251 1963 316 MANUELIS
2003 253 2451 318 PALIEOLOGI

3520 272 3608 331 ibi)

424 357 600 419 rimus
636 378 651 415 :
680 377 781 418 nec
818 361 869 419 in
901 374 985 416 me
1009 359 1406 430 prmstationem
1436 374 1650 427 eorum,
1680 378 1802 433 quas
1838 364 1980 418 tradc

2090 364 2291 427 ἀὖτοὺς
2325 365 2425 418 οὐκ
2455 365 2615 430 ὄντας
2644 382 2708 435 γε
2744 365 3004 439 τοιαύτης
3032 366 3319 439 δυνάμεως.
3352 373 3545 440 Ἔξεστι
3562 381 3609 435 δέ

427 470 553 510 cunt
578 454 799 509 docendi
850 454 1061 509 ratione
1089 452 1469 523 conjunctam,‘
1498 454 1739 523 reperire
1767 456 1994 521 cogites.

430 545 564 600 Nam
592 545 797 600 scimus
828 545 956 614 ipsi,
992 561 1092 600 nos
1126 561 1188 599 ea
1228 544 1487 602 facultate
1519 546 1760 601 destitui.
1786 544 2000 600 Nihilo-

427 638 608 692 minus
641 638 952 692 auctoritati
1006 652 1132 707 erga
1178 646 1231 692 te
1274 652 1407 692 mea:
1432 651 1754 715 concessum
1781 648 1882 703 est,
1919 637 1996 703 uti

428 730 497 783 de
532 730 694 785 rebus
725 728 829 784 illis
862 730 1149 795 disseram,
1183 729 1425 798 adeoque
1448 729 1802 796 persuadeam
1829 745 1845 795 ;
1877 728 1999 800 qni-

425 823 528 893 bus
558 837 586 874 a
619 822 779 876 rebus
831 820 1078 889 equidem
1128 820 1285 888 longe
1317 818 1531 874 absum.
1577 816 1691 874 Nec
1722 820 1863 874 enim
1899 819 1994 873 tibi

422 914 509 969 ias
535 922 642 975 est,
677 914 757 975 ,iis
791 914 932 967 haud
963 913 1358 980 obtemperare,
1386 927 1506 980 qua:
1548 926 1578 966 a
1613 912 1768 967 nobis
1798 911 1991 966 tradita

420 1012 576 1057 sunt.
629 1001 760 1055 Nam
795 1003 837 1056 si
877 1012 1144 1070 prmcepta
1197 1001 1499 1070 priscorum
1547 1004 1889 1056 sacerdotum
1931 1016 1995 1057 ac

419 1087 827 1147 Pharisaeorum
863 1093 1146 1160 aspernari
1183 1108 1287 1147 non
1329 1092 1549 1157 licebat,
1587 1093 1668 1147 uti
1707 1094 1796 1163 qui
1832 1093 1994 1148 Mosis

415 1185 477 1239 'in
506 1184 759 1239 cathedra
787 1186 1069 1249 sedebant,
1102 1199 1431 1254 quamquam
1466 1184 1597 1239 nihil
1628 1200 1840 1247 eorum,
1874 1200 1992 1253 qua:

422 1272 711 1340 docebant,
750 1276 992 1331 iacerent
1022 1293 1036 1329 :
1072 1275 1245 1331 multo
1291 1277 1462 1345 magis
1499 1274 1677 1339 decet,
1712 1276 1994 1346 obtempe-

421 1384 543 1422 rare
576 1377 629 1424 te
658 1368 810 1431 mihi,
846 1368 937 1437 qui
993 1368 1135 1436 quod
1191 1368 1534 1449 profuturum
1572 1376 1655 1423 est
1688 1368 1780 1422 tibi
1815 1371 1991 1432 trado,

409 1450 547 1515 licet
594 1460 739 1515 idem
775 1460 892 1530 ipse
932 1476 1037 1515 non
1076 1468 1224 1515 recte
1264 1457 1482 1513 faciam.
1522 1457 1655 1513 Nam
1691 1470 1747 1513 et
1792 1459 1909 1529 ipse
1936 1460 1989 1514 in

419 1554 622 1607 throno
651 1553 837 1616 sedeo,
864 1560 1128 1622 praecepta
1166 1551 1263 1605 tibi
1292 1557 1451 1606 modo
1480 1565 1809 1619 proponens.
1840 1560 1990 1606 tanto

416 1643 612 1710 priscis
633 1643 737 1696 illis
765 1643 1162 1712 praestantiora,
1195 1641 1379 1711 quanti
1410 1639 1555 1694 venit
1583 1640 1988 1704 aestimandum,

418 1732 561 1802 quod
592 1731 681 1786 illa
724 1732 942 1797 veteris,
976 1737 1090 1787 haec
1114 1746 1267 1785 novae
1294 1732 1402 1787 sint
1444 1724 1800 1800 legisiatioais
1829 1738 1994 1799 atque

419 1825 627 1894 gratia.
642 1821 738 1877 Vel
757 1824 802 1878 si
820 1824 919 1876 hoc
940 1823 1133 1886 mavis,
1154 1820 1243 1875 illa
1262 1820 1484 1889 legalem
1504 1821 1571 1874 ad
1591 1820 1858 1883 umbram,
1879 1819 1992 1874 haec

418 1928 603 1973 nostra
634 1916 883 1971 veritatis
917 1915 983 1968 ad
1019 1913 1461 1982 praedicationem
1477 1913 1777 1982 pertinent.
1798 1910 1989 1966 Itidem

414 2007 529 2061 hoc
545 2004 740 2061 solium
771 2004 824 2059 in
854 2018 961 2073 qno
977 2017 1121 2059 nunc
1168 2004 1285 2075 ipse
1316 2004 1504 2070 sedeo,
1529 2004 1880 2073 praestantius
1907 2012 1993 2058 est

415 2097 514 2154 illo
562 2096 743 2168 prisco
779 2095 1049 2166 longoque
1082 2094 1369 2150 intervallo
1387 2095 1437 2149 id
1456 2103 1700 2165 superat,
1724 2110 1846 2150 cum
1868 2093 1989 2150 solii

416 2194 585 2251 divini
612 2193 682 2265 (si
715 2193 933 2265 quidem
963 2193 1068 2247 hoc
1101 2206 1207 2247 non
1251 2192 1417 2247 nimis
1466 2190 1724 2246 audacter
1764 2189 1986 2261 dicitur)

415 2289 769 2346 simulacrum
791 2287 884 2344 sit.
928 2286 1067 2342 Nam
1087 2295 1144 2340 nt
1165 2286 1231 2341 de
1254 2286 1356 2340 alia
1380 2286 1614 2356 quadam
1634 2285 1983 2352 auctoritate,

413 2396 534 2450 qua
559 2379 761 2448 aliquid
791 2378 1103 2434 eminentiae
1132 2377 1349 2445 habeat,
1411 2376 1550 2432 nihil
1584 2375 1790 2441 dicam,
1829 2385 1986 2447 pater

414 2473 530 2528 lilio
551 2473 804 2544 princeps
836 2478 923 2526 est
988 2479 1151 2541 atque
1187 2471 1461 2532 dominus.
1484 2484 1551 2525 ex
1587 2470 1702 2539 ipsa
1766 2478 1981 2525 natura.

414 2565 537 2622 Pari
571 2564 781 2621 ratione
810 2565 953 2620 Dens
989 2577 1209 2635 quaque
1266 2563 1427 2617 nobis
1473 2574 1527 2617 et
1597 2561 1854 2633 princeps
1925 2569 1983 2615 et

413 2657 677 2715 Dominus
704 2666 812 2713 est.
840 2656 908 2711 At
940 2656 1248 2709 declaretur
1270 2668 1398 2709 sane
1419 2670 1505 2709 res
1551 2653 1829 2723 aliquanto
1864 2667 1983 2706 ma-

417 2752 687 2807 nifestius.
712 2749 853 2817 Quid
883 2749 1045 2818 igitur
1075 2762 1203 2817 erga
1241 2763 1337 2803 nos
1373 2747 1511 2802 Dens
1536 2747 1559 2801 ἲ
1587 2763 1693 2800 non
1751 2747 1931 2815 Opifes
1958 2745 1982 2800 τ

352 2860 372 2905 ᾔ
415 2857 518 2898 non
547 2840 738 2913 pater?
762 2855 866 2896 non
908 2842 1049 2897 rex?
1080 2854 1190 2895 non
1242 2838 1540 2906 provisor?
1593 2852 1698 2892 non
1751 2838 1982 2893 doctor?

417 2933 542 2988 Haec
569 2932 777 2997 omnia,
829 2941 882 2987 te
917 2945 1049 2987 sane
1106 2929 1247 3001 quod
1296 2930 1515 2995 attinet,
1577 2930 1709 2985 mihi
1765 2942 1980 2999 quoque

2108 469 2211 523 μου
2241 457 2317 525 τῷ
2349 457 2486 525 πρδς
2519 459 2578 511 σὲ
2631 458 2877 529 σχήματι
2928 458 3102 531 τούτῳ
3141 464 3378 536 καὶπερὶ
3418 456 3614 525 ἐκείνων

2103 536 2306 613 λέγειν,
2354 550 2446 601 καὶ
2484 552 2629 618 μάλα
2658 550 2889 617 πείθειν,
2924 546 3000 606 ὧν
3035 570 3094 621 γε
3126 556 3215 608 καὶ
3253 559 3449 627 μακρὰν
3482 562 3615 631 apst-

2104 638 2511 709 στήκειν.,ούὁὲ
2545 642 2653 711 γὰρ
2683 641 2841 712 Θέμις
2871 644 3114 697 ἀπειθεῖν
3157 661 3212 697 σε
3244 648 3350 710 τοῖς
3393 648 3617 720 δεδογμέο

2101 745 2231 789 νοις.
2269 729 2329 783 Ei
2358 731 2467 800 γὰρ
2510 734 2621 795 τοῖς
2652 732 2821 787 πάλαι
2849 735 3056 806 ἱερεῦσι
3092 737 3186 790 καὶ
3214 739 3507 807 Φαρισαίοις
3531 744 3617 795 οὐκ

2100 818 2347 873 ἀπειθεῖν
2377 813 2503 884 ἔδει,
2550 823 2624 886 ὡς
2652 824 3000 878 καθεσθεῖσιν
3030 828 3121 879 ἐπὶ
3149 827 3243 898 τῆς
3270 830 3499 896 Μωσέως
3536 851 3619 887 κα-

2100 911 2315 979 θέδρας,
2364 914 2543 969 καίτοι
2574 918 2766 997 ,μηδὲν
2820 920 3209 989 ἐργαζομένοις
3272 916 3444 995 ὦνπερ
3472 926 3619 979 ὲδίδαυ

2100 1020 2250 1068 σκον,
2304 1006 2480 1075 πολλῷ
2518 1024 2582 1075 γε
2626 1008 2827 1079 μᾶλλον
2858 1012 3063 1081 πρέπον
3096 1012 3258 1078 ἐστὶν,
3289 1016 3426 1085 ipsi,
3460 1034 3533 1071 σοι
3568 1019 3619 1070 τὺ

2099 1098 2347 1149 συνοῖσον
2381 1097 2621 1165 λέγοντι,
2654 1100 2959 1165 πείθεσθαι,
2994 1104 3040 1156 εί
3068 1103 3132 1173 δη
3161 1104 3251 1158 καὶ
3283 1106 3356 1177 μὴ
3380 1108 3517 1161 τοῦτο
3539 1128 3621 1162 και

2096 1186 2203 1249 λῶς
2239 1188 2561 1273 πράττοιμι.
2620 1191 2884 1263 Κάθημαι
2915 1193 3025 1266 γὰρ
3070 1196 3133 1267 δὴ
3182 1197 3275 1249 καὶ
3321 1198 3489 1261 αὐτὸς,
3522 1201 3619 1251 νυνί

2097 1298 2179 1334 σοι
2209 1283 2565 1350 παραινέσεις
2615 1285 2940 1355 προτείνων,
2993 1287 3250 1340 τοσοῦτόν
3302 1305 3363 1355 γε
3400 1290 3619 1358 ἀμείνους

2093 1375 2203 1431 τῶν
2230 1376 2373 1439 τότε,
2413 1378 2540 1430 ὅσον
2581 1378 2637 1431 αἱ
2672 1378 2772 1449 μὲν
2800 1379 2899 1449 τῆς
2930 1380 3189 1444 παλαιᾶς.
3220 1383 3273 1434 αἱ
3314 1382 3367 1435 δὲ
3395 1383 3491 1447 τῆς
3515 1384 3620 1446 νέας

2095 1468 2203 1520 εἰσὶ
2237 1467 2563 1538 νομοθεσίας
2587 1471 2681 1522 καὶ
2716 1471 2941 1540 χάριτος
2960 1488 2975 1502 ·
3026 1476 3073 1526 εί
3099 1473 3154 1526 δὲ
3181 1472 3355 1543 βούλει
3380 1493 3458 1543 γε,
3491 1480 3625 1537 σκιᾶς

2093 1560 2302 1613 ἐκεῖναι
2335 1560 2434 1629 τῆς
2460 1562 2715 1631 νομικῆς,
2764 1563 2821 1618 ai
2842 1563 2898 1615 δὲ
2926 1565 3054 1634 παρ’
3082 1566 3237 1633 ἡμῶν
3260 1563 3409 1620 αὗται
3435 1567 3520 1621 τοῦ
3542 1569 3624 1639 τῆς

2094 1648 2356 1718 ἀληθείας
2400 1641 2764 1721 κηρύγματος
2815 1652 3051 1723 ἔχονται.
3096 1656 3159 1709 Ἦ
3190 1656 3245 1710 δὲ
3288 1657 3351 1728 δὴ
3396 1659 3623 1727 καθέδρα,

2102 1744 2187 1813 ἔφ’
2209 1732 2278 1818 ἧς
2307 1746 2485 1815 ἔγωγε
2521 1746 2636 1813 νῦν,
2667 1749 2934 1819 κρείττων
2976 1750 3193 1820 ἐκείνης
3235 1751 3331 1821 τῆς
3358 1751 3623 1820 πρεσϐυτέ-

2097 1853 2220 1907 ρας,
2249 1836 2344 1889 καὶ
2381 1837 2565 1911 πολλῷ
2598 1839 2677 1910 τῷ
2721 1842 2967 1910 περιόντι
3016 1842 3228 1896 νικῶσα
3250 1883 3264 1907 ,
3322 1844 3413 1898 ἅτε
3450 1845 3508 1912 δὴ
3545 1844 3627 1913 τὴν

2095 1930 2191 1981 τοῦ
2217 1925 2352 1981 Θεοῦ
2383 1929 2451 2000 (εί
2486 1931 2560 2000 μὴ
2592 1930 2867 2002 τολμηρὸν
2907 1934 3110 2005 εἰπεῖν)
3138 1934 3491 1998 εἰκονίζουσα.
3534 1933 3627 1986 Καὶ

2094 2019 2204 2089 γὰρ
2233 2019 2401 2089 χωρίς
2430 2036 2575 2082 τινος
2607 2020 2770 2075 ἄλλου
2822 2022 3104 2093 σχήματος
3148 2025 3417 2098 ὑπεροχὴν
3443 2024 3627 2094 ἔχοντος

2094 2111 2280 2184 ἄρχων
2301 2114 2329 2165 ὀ
2353 2112 2537 2184 πατήρ
2570 2114 2689 2167 ἐστι
2716 2114 2795 2186 τῷ
2822 2116 2995 2181 παιδὶ,
3033 2118 3133 2173 καὶ
3152 2118 3432 2188 δεσπότης,
3470 2115 3523 2180 ἐξ
3546 2115 3627 2169 ati-

2093 2205 2192 2276 τῆς
2221 2205 2323 2269 τῆς
2359 2204 2592 2275 φύσεως.
2618 2204 2803 2261 Ταῦτα
2827 2207 2884 2262 δὶ
2904 2209 3036 2279 ἡμῖν
3071 2213 3101 2264 ό
3134 2210 3288 2274 Θεός.
3324 2204 3557 2281 Εἰρήσθω
3579 2208 3626 2261 δέ

2092 2312 2213 2359 πως
2238 2295 2334 2351 καὶ
2367 2296 2772 2369 φανερώτερον.
2803 2298 2869 2351 Τί
2908 2299 3001 2354 οῦν
3034 2300 3104 2372 δὴ
3133 2302 3201 2356 τὰ
3230 2300 3322 2355 τοῦ
3358 2298 3484 2353 Θεοῦ
3512 2298 3625 2367 πρδς

2092 2388 2278 2458 huic;
2322 2386 2384 2440 οὗ
2414 2387 2783 2457 δημιουργόςς
2812 2388 2875 2442 οὐ
2903 2390 3130 2460 πατήρς
3175 2391 3236 2444 ού
3273 2388 3542 2460 βασιλεύςς
3574 2388 3625 2439 ού

2092 2477 2433 2549 προνοητήςς
2488 2478 2548 2532 ού
2583 2477 2936 2557 διδάσκαλος;
2974 2480 3154 2535 Ταυτὶ
3187 2482 3243 2535 δὲ
3285 2483 3456 2536 πάντα
3484 2479 3628 2549 κάμοὶ

2092 2564 2403 2641 πρόσεστιν,
2437 2570 2539 2624 ὅσα
2572 2569 2639 2623 τὰ
2660 2571 2799 2641 πρὸς
2821 2571 2906 2625 σέ.
2938 2568 3094 2627 Ὠστ⁹
3123 2573 3234 2643 ἐγὼ
3270 2573 3390 2644 μὲν,
3417 2574 3539 2641 ὅπερ
3561 2566 3625 2625 εί-

2089 2676 2213 2726 πον,
2244 2661 2338 2715 ἰπὶ
2366 2660 2462 2715 τοῦ
2494 2661 2686 2733 θρόνου
2716 2662 2987 2734 κάθημαι,
3032 2665 3143 2739 τοῦ
3170 2665 3263 2720 τὸν
3298 2665 3427 2718 Θεὸν
3459 2662 3627 2717 είκονίυ
3654 2718 3675 2743 λ

2089 2752 2296 2818 ζοντος,
2344 2753 2479 2823 nidi
2513 2752 2682 2824 ἱερεῖς
2722 2770 2782 2807 τε
2816 2755 2911 2809 καὶ
2942 2757 3237 2827 Φαρισαῖοι
3279 2758 3368 2811 ἐπὶ
3401 2757 3491 2825 τῆς
3514 2755 3619 2808 Μωο

2089 2843 2228 2905 σέως
2249 2842 2539 2914 καθέδρας.
2570 2844 2719 2914 Αῦτη
2750 2845 2805 2899 δὲ
2829 2844 2929 2916 τῆς
2958 2848 3238 2920 ἡμετέρας
3266 2848 3506 2901 ἐλάττων.
3535 2845 3625 2899 Καί

2090 2948 2191 3003 μου
2224 2934 2412 3003 μηδεὶς
2451 2935 2787 3003 καταγνώτω
2815 2937 3045 3010 τόλμης,
3078 2942 3213 3012 μηδ’
3246 2941 3535 3000 αὐθαδείας.
3563 2937 3624 2992 Oti

410 3032 745 3093 competunt.
779 3021 1145 3089 Quamobrem
1176 3035 1277 3089 ego
1336 3020 1557 3090 quidem
1607 3034 1704 3074 ceu
1768 3019 1973 3073 dictum

2084 3021 2194 3094 γὰρ
2222 3024 2458 3091 ἐμαυτὸν
2510 3026 2648 3093 πρὸς
2690 3027 2783 3082 τὸν
2833 3027 3070 3101 θεόπτην
3104 3032 3398 3102 έσυγκρίνω
3432 3029 3624 3100 (πόθενζ

409 3128 517 3182 est,
551 3117 604 3171 in
628 3130 693 3172 eo
727 3116 924 3169 throno
971 3114 1158 3177 sedeo,
1202 3114 1291 3183 qui
1326 3174 1329 3181 λ
1358 3112 1535 3166 throni
1599 3110 1765 3165 divini
1805 3111 1978 3166 simu-

410 3208 619 3262 iacrum
648 3216 732 3262 est
762 3222 779 3261 :
815 3214 873 3261 at
903 3204 992 3260 isti
1019 3203 1332 3258 sacerdotes
1360 3212 1525 3271 atque
1558 3200 1837 3264 Pharisaei,
1866 3198 1981 3255 Mo-

408 3298 487 3355 sis
521 3298 576 3353 in
619 3298 878 3353 cathedra
922 3295 1203 3351 sedebant.
1257 3294 1333 3349 Ea
1378 3308 1513 3348 vero
1565 3294 1725 3362 longe
1788 3300 1978 3347 nostra

412 3392 639 3449 inferior
674 3399 778 3446 est.
810 3388 982 3445 Nolim
1009 3397 1188 3444 autem
1221 3402 1309 3441 me
1341 3386 1625 3455 quisquam
1658 3386 1980 3441 temeritatis

423 3486 670 3549 damnet,
696 3482 780 3537 vel
810 3480 1154 3551 arrogantiae.
1198 3478 1311 3533 Non
1336 3478 1479 3534 enim
1529 3479 1794 3547 meipsum
1854 3491 1978 3531 cum

408 3574 577 3640 Mose,
604 3575 697 3646 qui
724 3575 895 3630 Deum
957 3570 1230 3643 adspexit,
1292 3585 1600 3639 cmnparo:
1662 3570 1783 3640 (cur
1839 3568 1979 3623 istuc

354 3738 363 3747 θ
411 3666 692 3726 facerem?
733 3667 877 3722 absit
907 3682 923 3721 :
951 3665 972 3737 )
1004 3666 1101 3721 sed
1136 3660 1456 3735 simpliciter
1491 3665 1637 3734 ipsas
1664 3662 1975 3718 cathedras.

410 3762 479 3817 Et
497 3760 912 3816 consideremus
942 3773 1056 3814 rem
1106 3756 1387 3821 subtilius,
1419 3757 1465 3810 si
1519 3755 1719 3827 placet.
1769 3754 1979 3825 Quippe

405 3852 626 3908 tame‘si
658 3850 923 3906 divinitus
950 3850 1168 3921 utrique
1220 3847 1481 3904 traditum
1540 3848 1615 3903 sit
1665 3847 1974 3917 imperium,

403 3942 540 3997 mihi
570 3941 717 4006 dico,
749 3949 805 3998 et
834 3939 968 3995 Mosi
998 3956 1015 3997 :
1048 3938 1198 4011 (nam
1229 3948 1282 3995 et
1338 3938 1427 3994 ille
1478 3937 1585 3992 dus
1643 3937 1770 4001 fuit,
1813 3946 1976 4008 atque

406 4031 619 4088 doctor.
651 4028 721 4087 At
751 4030 903 4085 istaec
919 4030 1147 4085 omnino
1175 4029 1503 4099 proveniunt
1534 4042 1563 4082 a
1620 4026 1752 4092 Deo,
1784 4043 1979 4097 .quan-

403 4120 695 4190 doquidem
721 4117 905 4173 abillo
934 4125 1175 4188 potestas
1201 4117 1400 4183 Omnis,
1422 4116 1719 4171 secundum
1742 4116 1976 4183 Aposto-

408 4212 574 4281 Inm:)
598 4227 821 4281 regnum
847 4220 1029 4265 tamen
1059 4209 1214 4265 ducis
1248 4209 1474 4278 imperio
1496 4208 1839 4277 praestantius
1865 4217 1971 4272 est,

403 4312 460 4357 et
479 4302 653 4371 hujus
681 4300 942 4370 temporis
968 4300 1229 4354 doctrinae
1252 4296 1450 4366 priscis
1475 4297 1583 4351 illis
1637 4297 1796 4366 longe
1845 4305 1973 4351 sunt

408 4392 785 4464 periectiores,
811 4391 890 4445 ttti
923 4404 1044 4460 qua:
1071 4389 1307 4458 pendent
1329 4403 1357 4441 a
1385 4402 1527 4441 novo
1569 4387 1794 4449 laedere,
1825 4387 1969 4455 quod

403 4485 575 4555 legem
595 4483 825 4553 perlicit.
847 4480 1034 4549 anue
1051 4490 1274 4550 propter
1292 4480 1343 4532 in
1365 4488 1418 4533 te
1434 4477 1565 4531 mihi
1587 4493 1704 4547 qua:
1724 4478 1972 4532 auctori-

403 4585 492 4628 tas
512 4581 619 4639 est,
636 4586 743 4626 non
768 4572 946 4626 solum
972 4570 1358 4625 auctoritatem
1378 4570 1725 4625 sacerdotum
1744 4582 1809 4624 ac
1832 4569 1973 4624 Pha-

405 4665 691 4718 risaeorum
730 4677 859 4733 erga
905 4661 1157 4732 p0pulum
1188 4659 1471 4716 Judaicum
1501 4669 1747 4730 superat,
1779 4674 1969 4715 verum

404 4754 579 4824 ipsius
604 4753 768 4809 etiam
787 4752 953 4809 Hosis
971 4767 1099 4823 erga
1126 4751 1250 4807 illos
1278 4751 1564 4807 universos
1592 4750 1967 4807 eminentiam.

400 4844 556 4911 Quod
577 4845 626 4899 si
648 4845 883 4901 maxime
902 4844 1171 4908 dicamus,
1193 4841 1396 4899 Hosem
1426 4841 1596 4898 fuisse
1620 4843 1970 4912 prophetam,

401 4951 507 4997 nos
530 4950 665 4993 vero
685 4935 1046 4993 multitudine
1062 4933 1382 4993 delictorum
1403 4931 1610 4989 obsitos
1636 4947 1651 4986 :
1674 4941 1852 4989 tamen
1875 4947 1969 5000 pa-

400 5026 635 5087 multas
650 5025 856 5082 certius
873 5023 1127 5094 quiddam
1147 5033 1230 5083 est.
1247 5024 1317 5079 iis
1332 5023 1426 5093 qui
1446 5032 1571 5078 sunt
1579 5032 1785 5093 patres,
1802 5037 1966 5091 quam

396 5116 729 5175 vaticinandi
750 5116 951 5171 donum
976 5114 1104 5177 illis,
1121 5113 1212 5184 qui
1236 5128 1302 5168 eo
1320 5123 1448 5168 sunt
1464 5113 1695 5183 praediti.
1716 5113 1846 5167 Nam
1866 5114 1968 5168 hoc

353 5258 355 5262 Α
390 5208 619 5281 quidem
648 5222 677 5261 s
704 5206 892 5262 multis
925 5205 1073 5262 velut
1104 5205 1362 5268 avolavit.
1419 5204 1510 5260 illa
1549 5219 1677 5261 vero
1709 5203 1826 5259 ﬁeri
1873 5220 1968 5261 ne-

393 5298 1021 5370 quit'utesstingustur,
1056 5298 1285 5365 ideoque
1312 5294 1511 5362 Moses,
1534 5296 1610 5350 uti
1642 5297 1732 5368 qui
1767 5311 1874 5352 non
1896 5296 1964 5352 ad

398 5391 545 5447 ﬁlios
574 5389 895 5455 dissereret,
925 5388 1259 5459 persuadere
1294 5387 1429 5442 nihil
1466 5389 1663 5457 potuit.
1692 5403 1815 5443 cum
1839 5389 1964 5459 quia

393 5481 520 5536 dem
553 5489 608 5535 et
637 5481 1051 5545 vaticinaretur,
1078 5488 1132 5534 et
1163 5479 1408 5549 prodigia
1453 5480 1696 5548 quasdam
1736 5479 1958 5535 iaceret.

388 5572 615 5640 Merga
638 5582 831 5639 patres
880 5570 1249 5625 inobedientia
1285 5570 1554 5639 reperitur
1578 5572 1667 5625 illa
1717 5572 1960 5640 quidem,

397 5663 495 5719 sed
517 5662 720 5728 rarius,
753 5671 807 5721 et
837 5663 889 5717 in
921 5662 1230 5720 hominibus
1263 5662 1510 5735 famosis,
1542 5679 1645 5718 non
1676 5666 1767 5734 qui
1812 5679 1961 5719 tuen-

2082 3112 2307 3182 ἄπαγε),
2325 3116 2424 3180 τὰς
2445 3117 2501 3170 δὲ
2523 3118 2790 3188 καθέδρας
2811 3120 3017 3185 ἁπλῶς.
3044 3123 3162 3177 Καὶ
3189 3124 3473 3192 σκοπῶμεν
3492 3121 3627 3192 ἀκριο

2081 3204 2357 3276 σέστερον,
2392 3206 2439 3261 ὲί
2469 3208 2635 3262 δοκεῖ.
2667 3210 2729 3263 Ei
2762 3211 2870 3281 γὰρ
2902 3212 2995 3265 καὶ
3020 3213 3210 3268 θεόθεν
3234 3214 3548 3283 ἀμφοτέροις
3569 3211 3625 3263 τὰ
3691 3234 3705 3251 ι

2080 3295 2181 3365 τῆς
2216 3298 2411 3369 ἀρχῆς,
2465 3301 2589 3369 ἐμοί
2622 3317 2683 3354 τε
2716 3302 2859 3371 λέγω
2892 3304 2986 3356 καὶ
3033 3305 3119 3373 τῷ
3172 3306 3339 3376 Μωσῇ
3385 3307 3493 3376 (καὶ
3533 3303 3625 3371 γὰρ

2078 3389 2331 3452 κάκεῖνος
2365 3391 2593 3460 ἡγεμὼν
2628 3389 2720 3445 καὶ
2764 3393 3086 3458 διδάσκαλος
3107 3410 3121 3426 °
3154 3397 3319 3450 ταυτὶ
3357 3398 3409 3450 δὲ
3437 3397 3624 3455 πάντως

2079 3482 2143 3532 ὲκ
2173 3481 2265 3532 τοῦ
2296 3482 2455 3548 Θεοῦ,
2486 3484 2609 3537 ἐπεὶ
2634 3484 2727 3536 καὶ
2752 3487 2900 3537 πᾶσα
2930 3486 3175 3551 ἐξουσία,
3209 3487 3348 3540 κατὰ
3370 3487 3457 3539 τὸν
3487 3482 3623 3537 Ἀπό-

2081 3571 2291 3638 στολον)
2313 3587 2329 3603 ο
2361 3572 2478 3625 ἀλλ’
2509 3576 2541 3643 ὴ
2573 3574 2824 3643 βασιλεία
2856 3576 3101 3642 ἀμείνων
3133 3579 3450 3648 ἡγεμονίας,
3485 3575 3540 3631 ατ
3575 3593 3624 3628 τι

2077 3660 2195 3712 νυνὶ
2218 3660 2429 3730 διδαχαὶ
2457 3663 2566 3714 τῶν
2597 3664 2943 3734 παλαιτέρων
2972 3668 3158 3738 πολλῷ
3189 3669 3525 3739 τελεώτεραι,
3546 3668 3625 3720 ἅτε

2078 3750 2144 3822 δὴ
2172 3750 2276 3820 τῆς
2315 3752 2443 3815 νέας
2471 3752 2747 3824 Διαθήκης
2781 3754 3180 3825 ὲξηρτημέναι,
3212 3759 3312 3829 τῆς
3338 3760 3628 3826 τελειούσης

2078 3840 2170 3896 τδν
2200 3842 2389 3913 νόμον.
2427 3842 2586 3895 Ὥστε
2614 3842 2675 3897 τὸ
2706 3844 2839 3910 πρὸς
2863 3844 2922 3899 σέ
2952 3863 3055 3916 μου
3087 3848 3281 3919 σχῆμα
3306 3849 3478 3919 πολλῷ
3509 3865 3624 3917 προ-

2077 3933 2190 4002 έχει
2216 3933 2278 3987 οὐ
2314 3934 2475 4004 μόνον
2500 3935 2593 3989 τοῦ
2618 3935 2729 3988 τῶν
2766 3938 2959 4008 ἱερέων
2997 3940 3096 3992 καὶ
3137 3942 3473 4011 Φαρισαίων,
3506 3940 3623 4010 πρὸς

2076 4025 2167 4077 τὸν
2193 4025 2300 4078 τῶν
2339 4026 2618 4081 Ἰουδαίων
2658 4028 2805 4091 λαὸν,
2834 4029 2971 4084 ἀλλὰ
3010 4032 3110 4084 καὶ
3149 4033 3252 4102 τῆς
3282 4033 3375 4087 τοῦ
3408 4032 3624 4091 Μωτέως

2077 4116 2354 4189 ὑπεροχῆς
2403 4118 2502 4188 τῆς
2548 4120 2688 4191 πρὸς
2715 4120 2960 4183 ἐκείνους
3007 4124 3285 4189 ἅπαντας.
3336 4125 3399 4178 Ei
3447 4123 3501 4177 δὲ
3542 4122 3625 4176 καὶ

2076 4208 2363 4277 προφήτης
2389 4204 2459 4279 ἦν
2478 4210 2505 4262 ὁ
2530 4209 2757 4279 Μωσῆς,
2789 4212 2949 4281 ἡμεῖς
2968 4211 3015 4266 δ’
3040 4214 3100 4265 ἐν
3124 4214 3322 4286 πλήθει
3351 4231 3625 4286 παραπτω-
3676 4218 3679 4219 ⁷

2080 4296 2266 4366 μάτων
2286 4313 2300 4328 ·
2324 4297 2441 4353 ἀλλ’
2468 4301 2502 4370 η
2535 4300 2812 4371 πατρότης
2843 4302 3094 4372 βεόαιότε
3105 4305 3201 4373 ρόν
3228 4323 3283 4361 τι
3313 4305 3500 4379 χρῆμα
3529 4304 3626 4366 τοῖς

2004 4397 2047 4452 ι)
2075 4388 2436 4457 κεκτημένοις
2467 4390 2503 4462 ἢ
2539 4392 3018 4464 τοο-προφητεύειν
3069 4398 3193 4458 τοῖς
3236 4397 3443 4468 ἔχουσι.
3476 4393 3626 4449 Τοῦτο

2074 4477 2184 4548 γὰρ
2215 4479 2428 4532 πολλῶν
2475 4481 2719 4555 ἁπέπτη,
2754 4484 2970 4554 εκείνην
3008 4485 3065 4539 δὲ
3097 4488 3201 4558 οὐχ
3246 4483 3361 4543 οἶόν
3385 4504 3444 4541 τε
3480 4499 3627 4556 μετα-

2073 4573 2446 4628 πεπτωκέναι.
2502 4574 2601 4628 Διά
2651 4575 2716 4646 δὴ
2761 4572 2956 4642 ταῦτα,
3008 4577 3085 4641 ὡς
3120 4579 3199 4650 μὴ
3239 4579 3378 4648 πρὸς
3411 4578 3569 4639 γυίέας
3600 4575 3626 4627 δ

2072 4664 2281 4734 Μωσῆς
2310 4666 2715 4736 διαλεγόμενος,
2751 4667 2904 4722 οὐδὲν
2934 4668 3143 4736 ἔπειθε,
3185 4671 3284 4725 καὶ
3311 4668 3481 4725 ταῦτα
3508 4681 3628 4737 προ·

2071 4755 2324 4827 φητεύων
2354 4758 2452 4812 καὶ
2495 4758 2961 4830 θαυματουργῶν.
3015 4760 3269 4832 Πατράσι
3300 4761 3358 4815 δὲ
3400 4757 3639 4813 ἀπειθεῖν

2069 4846 2148 4899 ενι
2183 4847 2307 4917 μὲν,
2340 4849 2567 4903 σπάνιον
2594 4849 2673 4914 δὲ,
2701 4850 2797 4903 καὶ
2835 4849 3187 4921 βεϐοημένων
3216 4849 3543 4923 ἀνθρώπων,
3569 4845 3624 4900 οὗ

2069 4937 2199 4992 νοῦν
2228 4939 2324 4993 καὶ
2352 4940 2592 5010 τρόπους
2615 4941 2860 5013 ἀγαθοὺς
2889 4941 3271 5012 κεκτημένων.
3319 4942 3479 4997 Ἀλλὰ
3503 4954 3625 4994 ταυ-

2067 5033 2190 5101 τηνὶ
2220 5032 2321 5103 τὴν
2369 5033 2671 5105 ὑπεροχὴν)
2689 5034 2786 5089 καὶ
2832 5035 2928 5090 τὸν
2975 5035 3165 5105 θρόνον
3209 5033 3373 5090 οἶσθα
3426 5034 3540 5106 μιν,
3568 5029 3625 5084 sit

2066 5118 2205 5185 οἶδα,
2251 5124 2453 5188 καλῶς.
2488 5125 2772 5198 Νουνεχής
2812 5143 2873 5179 τε
2912 5127 3021 5198 γὰρ
3062 5126 3238 5197 ἀνὴρ,
3276 5127 3371 5181 καὶ
3402 5126 3508 5180 ἀπὸ
3535 5124 3626 5192 τῆς

2065 5211 2353 5277 εὐλαϐείας
2376 5215 2467 5267 καὶ
2503 5218 2738 5286 στοργῆς
2771 5216 2871 5285 τῆς
2907 5218 3044 5289 πρὸς
3074 5220 3201 5291 τοὺς
3234 5217 3624 5289 γεγεννηκότας

2064 5305 2232 5375 ἡμᾶς,
2270 5304 2591 5372 λογίσασθαί
2619 5324 2679 5362 σε
2712 5308 2772 5362 τὸ
2802 5310 2974 5373 είκδς,
3005 5311 3234 5381 εὐχερές
3257 5313 3429 5375 ἐστιν,
3455 5307 3623 5379 οῐμαι.

2075 5396 2387 5466 Ἀμήχανον
2411 5396 2456 5451 δ’
2484 5397 2575 5451 οῦν
2607 5400 2855 5469 ἀκριϐῶς
2883 5401 3104 5465 εἰδέναι,
3137 5402 3263 5455 ὅσον
3295 5403 3328 5473 ὴ
3359 5400 3624 5472 πατρότης

2062 5487 2209 5539 ἐστὶν
2239 5489 2404 5554 υἱέσι,
2449 5488 2541 5542 τὸν
2586 5490 2811 5560 μηδέπω
2840 5492 3101 5559 γεγονότα
3134 5493 3371 5561 πατέρα.
3405 5492 3492 5559 Τῷ
3521 5490 3623 5558 γὰρ

2060 5578 2169 5630 τῶν
2204 5580 2548 5649 πραγμάτων
2580 5582 2877 5650 γεγεῦσθαι
2908 5584 3117 5654 βέλτιον
3153 5585 3340 5637 ἐκεῖνα
3366 5582 3621 5649 γινώσκοι

2065 5686 2167 5739 μεν
2196 5670 2648 5744 ἢτῷμλογισμοίς
2681 5675 2980 5741 ἐξετάζειν.
3021 5674 3149 5748 Δοίη
3178 5691 3260 5739 σοι
3290 5672 3348 5729 δὲ
3377 5673 3506 5735 Θεὸς
3531 5669 3617 5722 καὶ
