3908 6196
321 354 415 417 εδι
1460 355 1749 417 ORATIO
1790 322 1864 417 Ai

2019 354 2332 416 lBDlTOS.
3456 351 3562 414 ί,ὓῖ

321 465 494 526 αὐτοῖς
528 464 640 525 τοῖς
678 462 1003 533 πράγμασιν
1048 462 1124 524 ὡς
1180 461 1411 531 τάχιστα
1456 463 1780 530 ἐπιγνῶναι,
1828 483 1857 517 τ

2013 465 2332 531 ειιοιιίείιιιο
2358 462 2602 517 moribus
2628 460 2853 531 praediti
2899 470 3045 520 sunt.
3114 459 3217 514 Sed
3274 462 3420 515 enim
3471 475 3556 516 sit

323 572 447 608 ποτε
478 556 660 625 πατὴρ
677 556 793 608 ἐστι
824 554 960 623 πρὸς
974 554 1101 617 τοὺς
1118 554 1318 617 παῖδας
1339 569 1353 584 ⁶
1370 553 1398 607 δ
1418 555 1512 607 καὶ
1530 554 1766 617 ἐλπίζω,
1792 572 1865 607 κα

2017 556 2130 619 ;cio,
2165 555 2302 608 bene
2330 553 2425 607 tibi
2460 561 2645 607 notam
2672 565 2795 605 esse
2821 551 3088 605 rationem
3121 548 3286 618 hujus
3316 549 3560 603 eminen-

322 647 566 718 εὔχομαι,
612 645 710 700 καὶ
734 648 852 710 ταῖς
881 646 1100 700 ἐλπίσιν
1138 646 1534 716 εὐφραίνομαι,
1563 646 1658 699 καὶ
1686 646 1781 700 σοῦ
1824 664 1865 715 γι

2022 645 2086 701 ire
2111 653 2272 713 atque
2297 644 2499 699 throni.
2561 642 2772 712 Quippe
2821 641 2905 695 vir
2962 640 3204 710 prudens
3254 654 3336 705 es,
3384 642 3561 709 deque

320 738 634 807 μᾶλλον,ὠς
667 733 846 808 οἶμαι.
883 738 982 800 Δὸς
1017 738 1082 807 δὴ
1110 738 1340 802 πάντας,
1364 731 1410 792 ὦ
1443 738 1690 808 φίλτατε,
1716 737 1863 792 εὐδαί

2018 737 2197 791 pietate
2218 749 2281 791 ac
2316 748 2501 789 amore
2533 743 2626 788 tuo
2650 749 2777 803 erga
2832 748 2958 797 nos,
3002 734 3095 802 qui
3138 742 3187 787 te
3243 733 3561 802 genuimus.

319 831 453 899 μονα
469 847 537 899 με
565 830 831 900 νομίζειν,
860 827 1049 900 ὥσπερ
1071 830 1151 900 τῷ
1165 830 1523 899 καλδνζφῦσαι
1549 830 1645 884 καὶ
1664 830 1862 898 ἀγαθὸν

2017 826 2157 882 'acile
2188 833 2241 879 te
2268 823 2411 895 quod
2442 838 2653 894 a’quum
2688 830 2793 886 est,
2816 821 3087 877 aestimare
3135 820 3391 875 arbitror.
3416 818 3560 875 Fieri

316 916 453 974 οὕτω
498 920 554 974 δὲ
594 923 690 974 καὶ
721 921 799 989 τῷ
838 920 1158 985 παιδεῦσαι,
1196 923 1292 975 καὶ⁸
1341 921 1584 975 τοιοῦτον
1615 921 1859 991 ἁποφῆνο

2024 930 2182 971 amen
2212 915 2421 986 nequit,
2453 914 2529 968 uti
2577 920 2779 979 quanta
2832 927 2919 967 res
2949 913 3023 967 sit
3082 912 3382 981 paternitas
3433 923 3560 978 erga

317 1009 548 1077 βασιλέα
579 1006 673 1063 τὸν
695 1011 836 1075 υιὺν,
861 1004 972 1064 οἷον
1000 1012 1068 1066 ἂν
1099 1012 1152 1066 al
1180 1014 1459 1083 νουνεχεῖς
1478 1011 1587 1066 τῶν
1614 1012 1706 1066 ὑπ’
1734 1011 1860 1067 αύτζ

2025 1009 2227 1075 iberos,
2256 1020 2510 1063 accurate
2541 1005 2706 1069 norit,
2725 1005 2815 1075 qui
2846 1004 3076 1059 necdum
3098 1002 3272 1057 factus
3290 1010 3374 1056 est
3390 1010 3564 1071 pater.

317 1098 597 1164 Ιῐ(νεαιντο.
2000 1099 2133 1154 Nam
2152 1098 2220 1153 de
2242 1110 2422 1153 rerum
2447 1104 2607 1168 gustu
2642 1095 2845 1151 rectius
2867 1107 2962 1149 eas
2979 1090 3384 1163 cognoscimus,
3404 1103 3563 1157 quam

317 1189 662 1261 indagatioue
684 1190 1105 1261 cogitationum.
1138 1190 1370 1248 'l‘ribuat
1395 1200 1578 1247 autem
1617 1190 1713 1247 tibi
1738 1189 1882 1246 Deus
1922 1197 1982 1244 ut
2011 1204 2129 1259 ipsa
2160 1203 2221 1245 re
2250 1187 2652 1259 quamprimum
2718 1183 3009 1253 intelligas,
3062 1180 3198 1251 quid
3260 1181 3334 1234 sit
3426 1190 3557 1245 erga

317 1284 515 1340 liberos
542 1300 665 1341 esse
693 1285 1122 1356 patrem:quod
1173 1293 1229 1341 et
1271 1284 1514 1339 futurum
1564 1298 1751 1355 spero,
1809 1293 1861 1339 et
1893 1290 2044 1353 opto,
2106 1290 2165 1339 et
2232 1281 2348 1353 ipsa
2402 1281 2471 1337 de
2502 1279 2978 1351 spevoluptatem,
3005 1273 3267 1345 majorem
3296 1270 3378 1340 (ut
3437 1269 3554 1336 api-

317 1387 433 1452 nor)
467 1396 631 1450 quam
684 1391 764 1445 tu,
829 1382 1090 1453 percipio.
1144 1380 1275 1449 Fin,
1320 1380 1773 1445 charissimetili,
1825 1387 1887 1434 ut
1917 1392 2110 1435 omnes
2130 1392 2215 1434 me
2238 1377 2458 1434 beatum
2524 1375 2859 1439 existiment,
2898 1386 3021 1427 cum
3075 1368 3221 1440 quod
3290 1363 3567 1436 egregium

319 1478 824 1548 teprocreaverim,
872 1488 987 1533 tum
1012 1479 1203 1546 etiam,
1232 1478 1377 1549 quod
1445 1475 1821 1543 educaveritn,
1888 1468 2169 1548 filiumque
2214 1474 2371 1532 talem
2424 1472 2811 1544 imperatorem
2876 1466 3123 1533 fecerim,
3171 1463 3391 1535 qualem
3439 1474 3563 1515 cor-

316 1570 422 1625 dati
454 1570 666 1627 subditi
712 1572 1040 1642 optaverint.

347 1769 3543 1823 W
3592 1814 3599 1821 ἢ

1081 1967 1220 2055 ΩΣ
1279 1958 1426 2055 ΕΞ
1505 1961 2112 2054 ΕΥΜΕΝΟΥΣ
2170 1959 2760 2048 ΑΡΧΟΝΤΟΣ

1106 2186 1111 2191 μ
1198 2144 1375 2201 ΠΡΟΣ
1411 2144 1686 2205 ΕΥΝΟΥΣ
1706 2141 2088 2201 ΥΠΙΙΚΟΟΥΣ
2118 2140 2299 2199 ΤΟΥΣ
2332 2140 2419 2195 EN
2460 2141 2685 2197 ΔΚΜΗ.

1017 2432 1501 2573 animo
1601 2477 2153 2571 PROPlTll
2262 2482 2545 2571 PRIN

1349 2432 1501 2573 10‘
1601 2477 2153 2571 PROPlTll
2262 2482 2878 2573 PRINCIPIS

796 2677 899 2738 AD
946 2675 1421 2739 BENEVOLOS
1464 2672 1848 2737 SUBDITOS
1886 2671 2025 2747 QUI
2072 2675 2380 2738 ZETATIS
2406 2677 2482 2738 ΙΝ
2548 2676 2813 2739 FLORE
2863 2677 3085 2738 SUNT.

375 3002 467 3057 Τδ
496 3000 629 3071 ὺμῖν
677 2998 922 3051 συνοῖσον
969 2996 1269 3066 εὐχόμενός
1318 3012 1379 3050 τε
1435 2997 1725 3066 διατελῶν,
1787 3002 1918 3058 καὶῖ

2062 2997 2164 3067 Qui
2217 3015 2430 3073 semper
2461 3015 2492 3055 e
2520 3012 2705 3057 vestro
2750 3001 2894 3071 quod
2933 3000 3218 3057 commodo
3257 3003 3347 3069 sit,
3378 3015 3573 3075 aptare

311 3096 502 3166 ζητῶν
561 3093 735 3147 artant
794 3089 1043 3158 τρόποις.
1096 3090 1210 3141 δεῖν
1264 3087 1455 3160 ᾠήθην
1503 3090 1593 3143 διὰ
1647 3091 1854 3166 βραχέα

2040 3107 2108 3147 nn
2137 3092 2343 3157 desino,
2372 3104 2423 3148 et
2450 3093 2703 3148 omnibus
2746 3092 2888 3149 idem
2940 3091 3116 3147 modis
3142 3108 3406 3163 qumrere,
3452 3110 3578 3163 pro-

314 3188 517 3257 ὦσπερ
549 3202 605 3237 τι
638 3183 813 3255 δῶρον
838 3181 1075 3236 ταυτασὶ¹
1118 3181 1223 3245 τὰς
1288 3182 1644 3252 παραινέσεις
1694 3189 1857 3240 εἰπεῖπ

2035 3185 2251 3241 areudas
2283 3185 2475 3254 paucis
2522 3183 2917 3240 admonitiones
2968 3182 3157 3245 hasce.
3186 3182 3467 3254 cujusdam
3494 3186 3578 3239 in-

325 3276 563 3344 Ἐπειδὴ
592 3274 782 3328 τοίνυν
820 3271 1013 3342 ὥσπερ
1048 3271 1340 3341 ἐμπέφυκε
1365 3276 1479 3336 τοῖς
1506 3274 1818 3345 ἀνθρώποις
1840 3297 1868 3333 τ

2036 3282 2117 3329 tar
2166 3275 2430 3341 muneris,
2462 3274 2676 3345 putavi.
2710 3273 2846 3329 Cum
2878 3288 3006 3344 ergo
3030 3314 3033 3317 -
3058 3274 3217 3343 quasi
3261 3277 3579 3334 mortalibus

316 3368 563 3428 καὶτοῖς
599 3364 837 3433 θύραθεν
871 3361 1171 3417 ἐπιδιδόναι
1202 3363 1407 3433 ζητεῖν·
1439 3364 1538 3428 τὰς
1580 3364 1730 3420 ἔνδον
1776 3367 1859 3421 ἐπι

2038 3375 2248 3422 rnatum
2280 3367 2373 3432 sit,
2408 3375 2463 3423 ut
2511 3368 2679 3423 etiam
2708 3368 2972 3424 bonorum
3001 3376 3352 3424 externorum
3404 3370 3581 3425 incre-

313 3461 503 3522 δόσεις
537 3454 820 3528 προύργου
846 3453 1099 3508 τίθεσθαι
1125 3455 1259 3526 χρή.
1285 3454 1530 3519 Ταύταις
1561 3456 1670 3526 γὰρ
1694 3460 1856 3513 ἑκεῖνι

2037 3470 2183 3515 tenta
2211 3460 2552 3516 desiderent:
2585 3473 2691 3529 quo
2720 3469 3024 3531 augeantur
3053 3459 3286 3525 interna,
3315 3463 3580 3532 prmeipua

316 3552 696 3621 παρέπονται.
734 3547 798 3600 El
835 3545 961 3614 γοῦν
1000 3543 1208 3612 ἀγαθός
1238 3561 1323 3609 τις
1348 3542 1426 3613 εἴ,
1457 3548 1552 3600 καὶ
1604 3548 1859 3619 παρελθεῑ

2041 3552 2177 3606 anda
2206 3558 2288 3607 est
2321 3565 2516 3621 opera;
2552 3566 2676 3605 nam
2714 3550 2831 3606 haec
2874 3551 2965 3605 illa
2999 3552 3351 3609 comitantur.
3394 3552 3582 3624 Itaque

316 3645 534 3707 ἐθέλεις
570 3643 697 3703 τοὺς
735 3639 929 3710 ἥλικας
971 3637 1029 3693 ιν
1055 3655 1117 3692 τε
1166 3637 1459 3709 δημοσίαις
1496 3642 1711 3709 τιμαῖς,
1748 3640 1808 3695 ἐν
1841 3657 1859 3693 1

2039 3645 2047 3699 ἱ
2080 3644 2251 3700 bonus
2281 3659 2361 3709 es,
2395 3653 2451 3699 et
2480 3645 2719 3715 aequales
2752 3658 3011 3712 superare
3076 3645 3255 3716 cupis,
3312 3658 3434 3700 cum
3482 3661 3582 3714 pu-

316 3736 517 3799 πᾶσιν,
550 3730 633 3793 οἷς
664 3731 905 3803 ζηλωτὸς
940 3729 1007 3784 ἂν
1029 3730 1213 3798 γένοιο
1244 3745 1259 3760 ·
1303 3728 1503 3801 θήρευε
1534 3731 1704 3785 ταῦτα
1732 3749 1859 3787 σποι

2039 3735 2161 3790 licis
2190 3736 2242 3788 in
2296 3732 2614 3797 honoribus,
2664 3733 2857 3786 tumin
2892 3732 3165 3796 omnibus,
3200 3731 3398 3801 quibus
3438 3732 3579 3788 allici

314 3823 492 3886 δαίοις
530 3821 743 3893 ἔργοις,
770 3821 828 3897 εν
861 3817 1553 3889 ᾇπασιπαρέχων’σαυτδν
1604 3820 1703 3890 οὐχ
1735 3814 1857 3891 ἦττε

2037 3828 2223 3891 oterit,
2259 3835 2318 3881 ut
2353 3826 2536 3896 aliqua
2588 3824 2666 3879 sis
2700 3823 2752 3878 in
2785 3825 2960 3891 pretio
2989 3824 3286 3879 :studiosis
3324 3824 3437 3878 haec
3489 3821 3579 3876 fa-

316 3918 617 3988 πρόθυμον
643 3914 678 3983 ἢ
703 3911 917 3967 πιστόν.
943 3910 1117 3979 Φεῦγε
1163 3911 1266 3981 μὲν
1298 3911 1556 3977 νωθείαν,
1588 3914 1684 3967 καὶ
1734 3912 1859 3985 ρᾳθι

2036 3917 2073 3972 is
2104 3916 2332 3979 enitere,
2357 3925 2513 3985 teque
2544 3929 2650 3970 non
2698 3914 2877 3969 minus
2908 3913 3164 3978 alacrem,
3213 3928 3378 3983 quam
3411 3913 3579 3971 litium

321 4010 484 4079 μίαν,
517 4005 615 4061 καὶ
640 4004 704 4059 τδ
727 4003 1014 4060 καθεύδειν
1061 4003 1256 4067 ὕπτιος
1295 4004 1387 4057 ἐπὶ
1437 4003 1700 4074 μαλακῶν
1727 4020 1864 4076 στρα

2038 4023 2059 4063 ι
2120 4005 2372 4065 omnibus
2414 4005 2606 4077 gerito.
2636 4005 2744 4060 Fac
2777 4004 3062 4075 segnitiem
3102 4005 3472 4075 desidiamque
3494 4006 3581 4058 fu.

320 4099 541 4167 μάτων,
578 4096 751 4149 θέλων
784 4094 1151 4164 εὐδαιμονεῖν.
1177 4093 1254 4147 Ob
1284 4094 1393 4164 γὰρ
1424 4094 1595 4159 ἔστιν,
1620 4096 1720 4150 οὐκ
1754 4096 1863 4149 ἐστι

2032 4098 2142 4162 :ias,
2172 4105 2227 4151 et
2259 4096 2508 4152 mollibus
2542 4095 2594 4150 in
2624 4094 2884 4167 stragulis
2910 4094 3162 4166 supinam
3208 4094 3575 4163 cubationem,

316 4186 381 4244 εὗ
437 4188 713 4256 πρίττειν
773 4185 1063 4263 ἄνθρωπον
1122 4184 1492 4257 ῥᾳθυμοῦντα,
1560 4186 1655 4240 καὶ
1697 4186 1859 4241 tivam

2034 4190 2050 4246 l
2084 4190 2394 4246 beatitatem
2444 4187 2670 4258 adipisci
2702 4188 2931 4258 cogitas.
2995 4185 3193 4256 Nequit
3225 4187 3370 4257 enim
3402 4197 3574 4259 certe,

206 4350 215 4359 ο
319 4279 621 4344 membra,
650 4278 746 4329 καὶ
775 4276 1173 4345 θρυπτόμενον.
1204 4275 1377 4330 Δίωκε
1403 4276 1460 4330 δὲ
1484 4278 1686 4341 ἐκεῖνα,
1709 4277 1745 4332 ἃ

2043 4282 2195 4354 equit
2242 4282 2382 4345 ﬁeri,
2408 4281 2664 4337 secundis
2694 4289 2753 4335 ut
2788 4279 2949 4335 rebus
2982 4286 3164 4333 utatur
3192 4268 3352 4334 homo
3382 4279 3584 4336 desidis

1928 4328 1973 4390 (Ξ

318 4366 455 4431 Iob;
484 4370 551 4421 lx
586 4366 802 4435 φαύλης
832 4365 1004 4436 τύχης
1028 4359 1171 4419 οἶδεν
1196 4366 1422 4434 ἀνάγειν
1474 4369 1568 4420 ἰπὶ
1615 4366 1861 4437 λαμπράι

2043 4375 2231 4447 rgenii,
2286 4373 2536 4443 supinus,
2573 4372 2804 4429 delicate
2849 4371 3058 4427 vivens.
3100 4370 3193 4425 Illa
3227 4384 3356 4426 vero
3403 4385 3586 4440 proso-

314 4459 497 4515 Μίσει
534 4459 633 4511 καὶ
664 4457 725 4511 τδ
750 4456 927 4511 θέλειν
950 4456 1150 4513 ἐσθίειν
1173 4458 1344 4526 ἀργός
1374 4475 1439 4526 γε
1494 4458 1590 4525 ὢν,
1621 4459 1778 4523 εἰδὼς
1828 4459 1857 4513 d

2047 4482 2194 4533 uere,
2228 4482 2346 4537 qua:
2372 4466 2436 4522 de
2467 4464 2681 4523 fortuna
2716 4464 2862 4521 tenui
2913 4464 3112 4521 multos
3146 4464 3212 4520 ad
3249 4464 3582 4536 Splendidam

314 4554 492 4621 ἔργον
519 4549 684 4604 τοῦτο
717 4550 1005 4619 κηφήνων,
1027 4550 1121 4612 οὓς
1149 4548 1248 4619 οὐχ
1270 4549 1420 4611 ὅπως
1444 4544 1503 4604 εὖ
1528 4552 1727 4617 ποιεῖν,
1763 4551 1857 4604 ἀλλ

2041 4559 2304 4615 erducere
2356 4558 2554 4616 solent.
2592 4558 2676 4613 Sit
2707 4558 2868 4614 etiam
2904 4558 3027 4612 odio
3074 4556 3198 4624 tibi,
3253 4557 3584 4613 manducare

312 4646 416 4699 καὶ
446 4643 692 4697 κτείνειν
721 4641 939 4711 φύσεως
971 4641 1137 4710 νόμος
1173 4644 1287 4704 τοῖς
1313 4641 1425 4694 τῶν
1455 4641 1733 4711 μελισσῶν
1764 4646 1855 4711 api

2036 4652 2287 4715 diosum;
2325 4651 2471 4724 quod
2527 4652 2700 4721 ipsum
2760 4663 2893 4704 sane
2942 4648 3192 4704 fucorum
3249 4663 3370 4704 esse
3408 4650 3579 4716 noris,

312 4750 495 4789 νεσιν.
530 4730 749 4787 Οὔκουν
779 4747 843 4799 γε
858 4731 925 4783 λα
935 4730 1163 4800 μσάνειν
1178 4731 1443 4802 ἁρμόττει
1473 4733 1586 4795 τοῖς
1610 4733 1763 4803 παρὰ
1782 4750 1855 4802 asp

2036 4761 2144 4819 [uos
2173 4761 2278 4800 non
2319 4744 2538 4799 afﬁcere
2590 4743 2901 4809 beneficiis,
2938 4742 3031 4798 sed
3093 4742 3367 4809 occidere,
3415 4743 3579 4799 ductu

316 4844 413 4880 σιν
451 4826 641 4886 αὐτοῖς
676 4823 787 4876 aisi
815 4822 917 4885 τὰς
960 4825 1152 4893 χεῖρας
1210 4824 1529 4893 κατέχουσι.
1571 4824 1745 4878 Τοῦτο
1796 4827 1859 4895 γὸ

2048 4847 2217 4889 alma)
2248 4833 2508 4903 qundam,
2537 4847 2697 4903 apum
2738 4832 2989 4888 examina
3014 4843 3439 4888 consueverunt.
3477 4834 3586 4885 Ac.

312 4914 743 4983 λελωόημένοις
777 4914 1093 4984 ἀνθρώποις
1161 4914 1256 4967 καὶ
1304 4914 1661 4985 παρειμένοις
1693 4927 1855 4984 προσι

2044 4931 2189 4993 ipere
2217 4924 2435 4994 quidem
2495 4933 2642 4979 certe
2678 4937 2783 4977 non
2833 4932 2917 4977 est
2948 4938 3045 4993 par
3074 4924 3215 4983 illos.
3254 4924 3343 4994 qui
3394 4938 3587 4976 manus

313 5025 445 5062 κειν
472 5005 685 5059 ἔοικεν’
712 4999 799 5068 οἷς
836 5005 891 5058 δὲ
925 5005 1021 5059 καὶ
1052 5005 1212 5076 ῥώμη
1248 5005 1525 5074 σώματος,
1566 5008 1664 5059 καὶ
1692 5008 1856 5075 νεότη

2049 5012 2211 5066 tsinu
2270 5025 2488 5080 semper
2535 5011 2791 5065 retinent.
2832 5011 2945 5067 Hoc
2982 5013 3126 5067 enim
3188 5012 3451 5066 mutilatis
3489 5013 3587 5064 ho-

314 5100 420 5152 καὶ
457 5097 666 5165 ὑγίεια,
726 5098 821 5150 καὶ
872 5096 935 5151 τδ
984 5096 1170 5161 ἀξιοῦν
1222 5096 1458 5149 κτᾶσθαι
1513 5098 1752 5166 μεγάλα,
1810 5116 1857 5152 κ<

2037 5104 2243 5158 niuibus
2299 5113 2355 5157 et
2402 5101 2724 5157 effeminatis
2781 5103 3072 5156 convenire
3098 5102 3330 5155 videtur.
3361 5103 3427 5154 At
3457 5101 3580 5169 qui—

317 5190 518 5243 σοόεῖν
546 5188 1103 5260 παραπεμπομένους
1139 5189 1245 5242 ὑπὸ
1296 5188 1530 5251 πολλῶν,
1577 5190 1798 5253 τούτους
1850 5192 1860 5242 i

2049 5213 2110 5251 us
2156 5206 2210 5251 et
2250 5194 2493 5262 corporis
2535 5194 2699 5247 robur
2740 5193 2912 5257 adest,
2942 5202 2994 5247 et
3034 5192 3287 5259 juvenilis
3344 5203 3476 5245 mtas
3532 5201 3586 5246 et

316 5280 625 5348 γενναίους
655 5280 859 5350 ἄνδρας
903 5280 1127 5343 αὐτοὺς.
1160 5280 1436 5333 δεικνύναι
1495 5281 1638 5351 ὑπὲρ
1689 5284 1859 5349 γένου⁴

2038 5286 2288 5349 'aietndo,
2339 5292 2394 5339 et
2448 5297 2768 5353 magnorum
2842 5282 3315 5348 acquirendarum,
3346 5295 3581 5348 cumque

314 5371 475 5441 ὑπὲρ
508 5370 796 5441 πατρίδος,
844 5370 983 5445 ὑπὲρ
1019 5370 1111 5423 τοῦ
1151 5371 1487 5441 κρατοῦντος
1526 5373 1717 5428 αὐτοῦ.
1751 5374 1857 5427 Ob:

2047 5375 2246 5429 lurium
2275 5374 2533 5427 comitatu
2571 5370 2850 5427 incedendi
2880 5369 3147 5439 cupiditas
3196 5385 3210 5422 :
3243 5383 3337 5424 eos
3379 5386 3474 5439 par
3501 5379 3585 5425 est

316 5479 388 5531 γε
414 5463 684 5533 δρῶντες,
712 5457 757 5518 ὦ
783 5464 1044 5533 φίλτατον
1069 5467 1193 5535 ἐμοὶ
1242 5468 1457 5537 χρῆμα,
1493 5465 1588 5519 τοῦ
1631 5466 1859 5535 ζητουμέ

2046 5468 2237 5519 robare
2257 5478 2317 5518 se
2364 5465 2510 5519 viros
2541 5474 2795 5519 strenuos
2836 5472 2998 5530 atque
3029 5460 3217 5524 fortes,
3244 5475 3339 5529 pro
3366 5462 3583 5516 natione

319 5570 424 5605 νου
485 5552 681 5622 ῥαδίως
739 5556 1024 5624 ἐπιτυχεῖς
1085 5554 1295 5621 ἔσεσθε,
1339 5554 1477 5608 Θεοῦ
1532 5556 1862 5626 συλλήπτορι

2041 5571 2129 5620 ua,
2163 5570 2259 5624 pro
2285 5557 2478 5623 patria,
2519 5571 2616 5625 pro
2650 5556 2766 5624 ipso
2806 5554 3153 5623 imperatore.
3187 5551 3243 5607 Si
3276 5556 3378 5608 hoc
3413 5553 3579 5609 facie—

320 5642 641 5711 γεγονότος.
677 5644 797 5700 Κᾶν
851 5644 927 5716 μὴ
978 5645 1150 5717 λάϐῃς
1206 5647 1391 5711 εὐθὺς,
1457 5648 1713 5716 αἰτήσας,
1777 5649 1863 5715 μή·

2043 5647 2103 5709 is.
2129 5645 2431 5700 charissimi
2463 5645 2687 5710 subditi,
2718 5643 2875 5699 facile
2926 5642 3278 5713 Deojuvante
3302 5644 3408 5698 voti
3436 5657 3586 5699 com—

327 5736 683 5803 ἀγανακτεῖν
719 5736 1088 5808 (μικρόψυχον
1119 5739 1271 5809 γὰρ),
1294 5739 1429 5808 μήτε
1464 5738 1865 5807 καθυφεῖναιτο

2034 5750 2164 5794 totes
2202 5738 2375 5794 eritis.
2406 5737 2557 5809 Quod
2594 5737 2638 5795 si
2676 5752 2780 5793 non
2810 5735 2991 5793 statim
3019 5736 3293 5806 acceperis
3328 5736 3402 5805 id,
3434 5738 3577 5808 quod
