3908 6196
238 402 343 465 ίθ9

1437 402 1728 464 caecas
1760 405 2193 471 mamma.
2330 374 2337 375 ί
3373 403 3438 465 57

246 518 427 585 πάσης
453 512 681 581 λογικῆς
720 515 980 586 φύσεως),
1034 516 1142 570 τῶν
1202 521 1587 588 χρηστοτὲρων
1651 522 1843 583 ἐλπίς,

1951 536 2099 579 atura
2132 526 2356 581 rationis
2388 526 2659 596 particeps
2688 524 2900 595 assequi
2924 524 3131 594 nequit.
3156 523 3336 577 animo
3358 539 3482 590 spes

241 614 353 666 διον
382 613 479 682 τὴν
513 613 693 683 ψυχὴν
731 610 1118 683 ἐμπεπλῆσθαι
1151 611 1246 664 καὶ
1301 612 1388 665 διά
1441 614 1539 683 μὲν
1582 614 1810 686 θάτερον

1952 618 2167 673 teliores
2198 617 2501 689 concipiam
2543 627 2767 686 :utque,
2828 614 3212 685 propteriilud
3247 613 3480 668 alterum

243 705 560 769 ὀδυνᾶσθαι,
592 703 807 775 θατέρῳ
829 703 885 757 δὲ
915 703 1181 768 ἐλπίζειν,
1210 704 1305 758 καὶ
1339 705 1458 768 ταῖς
1487 705 1700 760 ἐλπίσιν
1724 707 1811 760 εύ-

242 797 597 865 φραίνεσθαι.

316 889 389 942 Σὺ
416 888 525 958 γὰρ
547 891 574 941 ό
602 888 809 958 ποιμὴν
838 888 867 941 ό
899 888 1082 951 καλὸς,
1115 888 1144 941 δ
1171 886 1272 959 τὴν
1329 886 1512 959 ψυχήν
1567 905 1661 944 σου
1680 888 1813 968 ’θεὶς

1915 707 2151 773 doleam,
2214 708 2378 777 hujus
2403 722 2534 763 vero
2591 720 2755 765 causa
2800 720 3039 776 sperem,
3096 705 3326 773 ipsaque
3385 717 3527 772 spe.

1916 799 2178 867 meipsum
2214 800 2390 855 exhila
2402 815 2538 855 rem.

1992 890 2076 948 Tu
2111 891 2253 946 enim
2288 900 2475 962 pastor
2506 890 2595 945 ille
2621 889 2797 944 bonus
2819 903 2901 953 es,
2934 887 3025 957 qui
3053 886 3288 941 animam
3336 892 3483 937 tuam

246 980 394 1050 ὑπὲρ
417 979 525 1032 τῶν
558 981 919 1050 προδάτων,ὁ
947 981 1023 1051 μὴ
1067 980 1236 1033 θέλων
1287 979 1378 1032 τὸν
1434 980 1666 1033 θάνατον
1715 980 1812 1033 τοῦ

1958 1002 2017 1041 ro
2046 988 2237 1041 ovibus
2270 985 2450 1055 ponis,
2486 983 2578 1053 qui
2611 996 2714 1035 non
2741 982 2821 1036 vis
2878 993 3106 1034 mortem
3162 975 3484 1046 peccatoris.

248 1071 597 1140 ἀςλαρτωλόὖ,
663 1072 692 1124 δ
752 1071 942 1132 εἰπὼν,
1000 1071 1248 1134 Αἰτεῖτε,
1331 1071 1431 1125 καὶ
1483 1071 1806 1138 δοθήσεται

247 1163 417 1230 ὑμῖν.
456 1164 567 1218 Καὶ
606 1166 680 1233 μή
717 1180 828 1233 μοι,
860 1164 988 1235 μόνε
1016 1164 1390 1233 φιλάνθρωπε,
1420 1164 1566 1234 μόνῳ
1594 1181 1660 1233 γε
1707 1164 1819 1217 τῶν

254 1253 479 1311 πάντων
503 1254 831 1325 ἀνθρώπων,
868 1256 925 1309 ὲν
976 1256 1043 1326 τῇ
1076 1256 1215 1325 ὀργῇ
1270 1272 1366 1309 σου
1414 1256 1641 1327 συνέξῃς
1691 1256 1819 1321 τοὺς

252 1345 579 1415 οίκτιρμούς
638 1362 758 1412 σου,
814 1345 875 1410 δς
930 1345 995 1416 δὴ
1044 1345 1298 1416 φανερῶς
1379 1345 1662 1417 ἰσχυρίζου
1729 1346 1821 1402 διά

265 1436 495 1491 Ἡσαΐου
527 1437 622 1492 τοῦ
652 1436 969 1508 θαυμαστοῦ
996 1455 1092 1491 σου
1124 1437 1407 1508 προφήτου
1467 1440 1561 1493 καὶ
1599 1439 1731 1493 αὐτὸ
1760 1439 1823 1493 τὸ

261 1526 533 1598 μητρικδν
550 1527 876 1598 ἀποκρύψαι
902 1527 1221 1598 σπλάγχνον
1254 1528 1322 1599 τῇ
1373 1527 1515 1597 πρὸς
1555 1528 1685 1592 τοὺς
1734 1528 1823 1581 ἀεὶ

257 1618 536 1687 σκληροὺς
563 1618 659 1673 καὶ
682 1618 1052 1681 ἀπειθοῦντας
1085 1616 1313 1690 ἀγάπῃ·
1341 1616 1458 1671 ἀλλ’
1491 1618 1572 1681 είς
1603 1616 1826 1671 σεαυτδν

258 1709 409 1775 ιδὼν,
440 1712 537 1764 καὶ
592 1710 686 1763 τὸν
732 1710 1043 1782 ἀπόρρητον
1090 1708 1273 1777 κρωτά
1302 1725 1396 1762 σου
1446 1708 1540 1763 τὸν
1564 1708 1648 1772 είς
1699 1708 1825 1779 εμὲ,

260 1802 435 1871 αὒτὴν
466 1800 690 1870 ἐκείνην
738 1802 846 1856 τῶν
885 1801 1329 1871 ἀνεξερευνήτων
1384 1798 1675 1870 χριμάτων
1731 1816 1826 1852 σου

258 1893 362 1962 τὴν
387 1894 756 1963 χρηστότητα,
786 1892 823 1963 ἦ
856 1908 915 1945 σε
952 1891 1279 1960 κατήγαγεν
1310 1893 1375 1945 ὲκ
1422 1888 1532 1945 τῶν
1587 1889 1833 1961 οὐρανῶν

260 1981 630 2049 ἀμεταδάτως
664 1982 757 2035 ἐπὶ
799 1982 901 2052 τὴν
952 1981 1058 2051 γῆν
1092 1981 1234 2053 ὑπὲρ
1286 1981 1561 2053 σωτηρίας
1611 1980 1834 2034 πάντων

264 2070 578 2141 ἀνθρώπων
640 2072 926 2144 μονονουχί
985 2089 1046 2127 σε
1121 2072 1469 2143 μισούντων,
1528 2071 1680 2136 δόξαι
1734 2071 1836 2142 τὴν

264 2166 464 2219 ἀθλίαν
509 2166 686 2238 ψυχήν
727 2182 854 2235 μου,
897 2163 1227 2235 αὐχμῶσαν,
1273 2163 1558 2235 ρυπῶσαν,
1602 2164 1838 2218 ἐσπιλω-

265 2258 467 2339 μένην,
533 2257 972 2330 μεμολυσμένην,
1029 2259 1110 2319 είς
1158 2257 1220 2310 τὸ
1276 2257 1513 2325 πέλαγος
1558 2255 1669 2309 τῶν
1725 2255 1837 2309 σῶν

261 2351 572 2421 οίκτιρμῶν
664 2348 865 2421 ἑαυτὴν
957 2347 1101 2421 ὑπὲρ
1156 2424 1165 2431 .
1212 2348 1541 2420 καθάρσεως
1627 2347 1841 2422 ἃπιρρί-

262 2447 537 2507 τὲουσαν.
560 2499 571 2505 _

332 2539 434 2608 Μὴ
463 2537 594 2605 γοῦν
634 2534 993 2607 άποστρέψῃς
1024 2534 1088 2588 τὸ
1136 2532 1435 2604 πρόσωπόν
1468 2551 1563 2587 σου
1599 2533 1710 2589 ἀπὸ
1742 2531 1838 2586 τοῦ

264 2629 460 2690 παιδός
486 2644 609 2694 σου,
642 2626 775 2697 μηδὲ
808 2628 1005 2698 ἀπώσῃ
1044 2626 1103 2679 τὸ
1139 2625 1231 2679 σὸν
1282 2624 1530 2694 πλάσμα,
1574 2625 1711 2695 μηδὲ
1741 2644 1841 2678 κα-

263 2720 471 2792 ταδὲξῃ
500 2718 757 2789 γενέσθαι
787 2718 889 2789 τὴν
921 2720 1022 2789 σὴν
1049 2717 1239 2773 εἰκόνα
1270 2716 1525 2785 παίγνιον
1584 2716 1666 2769 ἔτι
1722 2717 1841 2770 δαι-

267 2813 477 2881 μόνων,
520 2811 645 2881 εἰκῆ
698 2808 1065 2880 φθονούντων,
1098 2809 1237 2879 ἔχων
1289 2824 1352 2876 γε
1400 2808 1845 2879 παραιτουμένην

265 2900 421 2970 ὑπὲρ
475 2897 613 2966 ἐμοῦ
672 2900 772 2968 τὴν
824 2895 1226 2967 ἀνεξιχνίαστόν
1282 2914 1374 2951 σου
1435 2898 1843 2969 μακροθυμίαν,

265 2993 555 3062 ὑπερφυεῖ
602 2990 899 3060 ἀγαθότητι
951 2990 1318 3062 ἑκτεταμένην
1350 2991 1431 3051 είς
1483 2991 1743 3059 ἄπειρον·
1776 2990 1845 3044 δι’

265 3085 336 3153 ἢν
368 3083 437 3135 ού
468 3083 679 3152 διιστᾷς
722 3099 811 3151 μοι
839 3082 940 3151 τὴν
970 3081 1099 3151 γῆν,
1161 3082 1283 3134 οὐδὲ
1319 3082 1623 3152 κεραυνοὺς
1677 3100 1850 3137 κατα·

264 3175 547 3243 πέμπεις,
570 3174 780 3228 δίκαιον
800 3174 879 3238 ὃν,
910 3173 986 3236 ὡς
1019 3172 1233 3237 πάντας
1272 3174 1398 3238 τοὺς
1452 3174 1510 3227 ὲν
1542 3174 1845 3245 ἁμαρτίαις
1871 3170 1915 3228 C

265 3268 646 3339 βεδοημένους
675 3265 1105 3337 ύπερελάσαντι.

338 3451 571 3516 Ταύτης
645 3448 708 3519 δή
771 3464 830 3501 σε
907 3447 1284 3517 δυσωπούσης,
1349 3446 1661 3517 οίκτίρμον,
1745 3446 1847 3515 τῆς

262 3543 683 3611 ἀνεξαγγέλτου
743 3540 1153 3611 μακροθυμίας,
1211 3539 1436 3607 ἐλέησόν
1494 3555 1585 3609 με,
1633 3540 1668 3593 ὁ·
1709 3539 1848 3607 μάλ..

260 3641 363 3694 λον
434 3638 645 3709 χαίρων
714 3634 876 3689 τοῦτο
950 3633 1123 3689 ποιῶν
1186 3632 1297 3686 τῶν
1364 3632 1677 3704 δεχομένων
1755 3633 1851 3685 τὸν

268 3729 458 3784 ἔλεον.

345 3819 465 3876 Καί
492 3836 584 3890 μοι
610 3818 829 3873 κάκεῖνο
861 3816 1192 3886 χορήγησον,
1215 3815 1276 3868 τὸ
1301 3815 1385 3869 σοὶ
1417 3812 1517 3885 μὲν
1549 3814 1851 3885 βουλεύσα-

270 3910 509 3975 σασθαιξ
541 3915 665 3983 εμοὶ
698 3912 753 3966 δὲ
802 3910 1015 3982 πρέπον
1058 3908 1423 3982 ἐργάσασθαι,
1478 3909 1723 3973 δυνατῶς
1754 3910 1853 3962 οὐκ

266 4010 465 4079 ἔχοντι
497 4007 633 4077 πρὸς
660 4005 941 4073 οὐδέτερον
961 4019 975 4034 ⁸
1010 4004 1091 4057 ὅτι
1126 4019 1217 4071 μοι
1251 4002 1347 4053 καὶ⁵
1376 3998 1502 4063 νοῦς
1561 3999 1853 4054 ἑκλέλυται

266 4099 597 4162 adiuuant
617 4096 871 4150 διόλωλεν
928 4093 1084 4162 ίσχὺς
1128 4091 1462 4161 πνεύματος,
1519 4089 1855 4158 εὐεκτούσης

264 4194 377 4262 τῆς
416 4189 647 4260 σαρκὸς,
688 4188 781 4241 καὶ
811 4184 1157 4255 βαρυνούσης
1188 4183 1494 4252 ἀμφότερα.
1535 4181 1633 4243 Δὸς
1652 4179 1716 4250 δὴ
1737 4180 1855 4233 διά..

268 4304 439 4342 νοιαν
469 4281 669 4351 ἀληθῆ,
698 4280 785 4342 δὸς
807 4278 871 4347 δὴ
899 4276 1174 4346 βούλησιν,
1203 4274 1291 4337 δὸς
1343 4274 1454 4325 πᾶν
1498 4270 1527 4324 ὅ
1568 4286 1622 4324 τι
1670 4270 1855 4340 μέλλει

267 4378 395 4447 φῶς
433 4373 661 4427 ῑσεσθαι
694 4368 996 4437 λογισμοῖς,
1022 4363 1403 4432 τυφλώττουσι
1422 4360 1654 4415 πάθεσιν
1675 4374 1690 4390 ο
1713 4358 1855 4412 ὥστε

266 4471 417 4539 πρὶν
456 4466 539 4528 εἰς
567 4464 672 4533 γῆν
703 4458 1050 4527 ἀποστρέψαι
1079 4454 1314 4524 θανάτῳ,
1347 4452 1407 4516 ὃς
1428 4452 1598 4519 εγγύς
1631 4468 1734 4503 που
1761 4448 1855 4503 νῦν

266 4563 434 4613 ἔστιν
466 4556 620 4615 ἴσως,
645 4551 866 4621 ἀλήκτῳ
897 4547 1077 4618 δρόμῳ
1109 4544 1581 4614 παραγινόμενος,
1622 4540 1760 4612 πρὸς
1794 4539 1855 4596 at

265 4652 376 4718 τὴν
412 4647 565 4716 ζωὴν
613 4640 942 4710 ιωστρέψαι
976 4642 1034 4693 ὲν
1096 4636 1403 4704 ἐπιγνώσει
1431 4632 1527 4688 τοῦ
1569 4632 1857 4707 βελτίονος.

278 4740 549 4809 Ἀγγέλῳ
593 4734 795 4806 πιστῷ,
834 4730 1061 4802 φύλακι,
1122 4728 1225 4798 τὴν
1274 4726 1416 4798 ἐμὴν
1465 4721 1865 4795 παρακατάθου

263 4835 489 4905 ψυχήν.

346 4919 603 4988 Χάρισαί
636 4934 749 4988 μοι,
781 4912 1007 4985 βασιλεῦ
1051 4928 1154 4981 μου
1171 4911 1265 4965 καὶ
1294 4908 1487 4980 Κύριε,
1521 4906 1704 4961 πᾶσαν
1722 4903 1860 4959 ταύ-

265 5006 381 5084 την
406 5011 509 5080 τὴν
545 5010 785 5080 ἡμέραν,
811 5005 905 5059 κοιλ⁸
938 5004 1000 5055 τὸ
1037 5002 1232 5055 λοιπὸν
1260 5000 1362 5067 τῆς
1414 4998 1565 5067 ζωῆς
1612 5014 1738 5068 μου,
1787 4997 1860 5057 ,ἐν

269 5100 745 5174 ἀνραιφνεστάτῃ
768 5096 972 5159 πίστει,
1015 5094 1109 5145 καὶ
1150 5091 1369 5160 γνώσει,
1424 5092 1521 5143 καὶ
1572 5091 1856 5161 μετανοξᾳ,

270 5196 481 5265 εἰρήνῃ
505 5209 566 5244 τε
605 5193 671 5259 τῇ
706 5190 795 5257 σῇ,
832 5185 927 5239 καὶ
966 5183 1294 5253 εὐχαριστία
1326 5180 1581 5245 διελθεῖν,
1616 5178 1859 5249 χρῆσθαι

266 5304 336 5342 τε
393 5281 719 5354 δικαιοσύνῃ
774 5279 868 5334 καὶ
925 5275 1157 5345 ἀληθείᾳ
1206 5273 1507 5342 λογισμῶν,
1582 5272 1854 5341 πράξεων,

268 5379 557 5448 γλώττης,
591 5373 690 5436 σὺν
745 5368 1101 5438 αύτομεμψίᾳ
1136 5366 1235 5418 καὶ
1293 5362 1634 5433 μετριότητι.
1672 5364 1856 5429 ’Λνες,

267 5471 446 5538 ἄφες,
488 5464 870 5533 συγχώρησον,
918 5462 945 5512 ό
984 5463 1145 5528 μόνος
1186 5455 1347 5509 τοῦτο
1393 5454 1713 5523 δυνάμενος,
1758 5454 1859 5506 ὃσα

270 5578 342 5615 σε
406 5553 854 5626 παρώργισακαὶ
918 5550 1323 5621 παρεπίκρανα,
1386 5544 1583 5616 Κύριε,
1640 5547 1739 5597 ὅσα
1777 5559 1859 5596 σοι

268 5648 697 5723 προσέκρουσα,
725 5647 814 5698 καὶ
844 5643 985 5723 ἑκὼν
1018 5642 1050 5712 ἢ
1081 5642 1229 5695 ἇκων
1252 5641 1561 5710 ἐξήμαρτον
1593 5638 1699 5689 ἀπὸ
1725 5653 1857 5689 παι.

269 5746 375 5806 δὶς
401 5743 535 5810 ἄχρι
563 5739 661 5792 νῦν
702 5741 761 5791 ὲν
823 5738 993 5805 ἔργῳ,
1039 5738 1099 5787 ὲν
1152 5734 1315 5803 λόγῳ,
1362 5736 1419 5785 ἐν
1475 5733 1707 5800 διανοῖᾳ,
1764 5730 1859 5781 καὶ

274 5838 445 5916 πάθη
473 5850 580 5904 μου
620 5834 685 5903 τῇ
721 5831 992 5901 αἰσθήσει,
1027 5829 1183 5881 παντὶ
1228 5827 1403 5896 καιρῷ
1465 5842 1519 5878 τε
1578 5823 1669 5877 καὶ
1701 5820 1850 5891 πάσῃ

1887 4491 1932 4546 1)

1921 1077 2011 1146 qui
2069 1076 2251 1129 dixisti
2280 1093 2295 1131 :
2326 1074 2519 1138 Petita,
2554 1088 2616 1126 ac
2649 1071 2863 1124 dabitur
2896 1068 3058 1123 vobis.
3111 1065 3252 1127 Noli,
3284 1078 3488 1133 quaeso,

1921 1164 2010 1233 qui
2048 1162 2195 1219 solus
2243 1161 2484 1217 clemens
2512 1174 2597 1225 es,
2633 1172 2761 1228 erga
2806 1171 2892 1210 me
2938 1153 3110 1209 solum
3153 1152 3312 1207 ‘inter
3375 1164 3493 1203 om-

1921 1269 2019 1311 nes
2068 1252 2338 1318 hemines,
2392 1251 2446 1307 in
2476 1251 2555 1305 ira
2608 1258 2714 1309 tua;
2741 1248 3123 1304 miserationes
3171 1254 3296 1298 tuas
3343 1241 3495 1295 clau-

1922 1344 2053 1400 dere
2090 1362 2105 1400 :
2138 1359 2261 1399 cum
2311 1358 2410 1413 per
2450 1340 2827 1397 admirabilem
2879 1339 3026 1392 illum
3086 1346 3268 1390 vatem
3341 1343 3493 1388 tuum

1924 1434 2118 1492 Isaiam
2151 1433 2439 1489 manifesto
2476 1432 2740 1495 alllrmes,
2766 1436 3010 1484 materna
3044 1440 3259 1496 quoque
3282 1423 3495 1477 viscera

1925 1526 2087 1595 longe
2116 1523 2359 1593 superari
2392 1521 2459 1577 ab
2489 1514 2675 1575 amore
2705 1529 2799 1574 tuo
2839 1518 2967 1588 erga
3020 1524 3281 1586 perpetuo
3335 1514 3502 1566 duros

1926 1626 1983 1672 et
2016 1614 2428 1671 iuobedientes:
2457 1612 2551 1667 sed
2596 1610 2772 1666 oculis
2826 1610 2880 1664 in
2929 1608 3161 1678 teipsqu
3204 1603 3419 1669 delixis,
3446 1612 3503 1658 et

1931 1711 1985 1768 in
2046 1722 2285 1763 amorem
2339 1721 2470 1777 erga
2502 1719 2588 1761 me
2634 1712 2786 1760 tuum
2837 1697 3187 1765 ineffabilem,
3222 1697 3505 1767 ipsamque

1928 1801 2264 1874 iudiciorum
2335 1806 2550 1852 tuorum
2587 1812 2692 1849 non
2738 1791 3214 1863 perscrutabilium
3253 1788 3502 1857 benigni-

1936 1904 2123 1956 tatem,
2163 1907 2284 1962 qua:
2313 1899 2362 1945 te
2389 1890 2457 1945 de
2507 1888 2663 1944 cmlis
2695 1887 2747 1940 in
2782 1897 2985 1940 terram
3028 1883 3166 1962 citra
3200 1886 3504 1935 commuta-

1936 1984 2140 2037 tionem
2183 1949 2365 2032 'ullam
2427 1975 2678 2031 iocorum
2733 1971 2980 2034 deduxit,
3013 1949 3237 2039 propter
3273 1964 3503 2020 salutem

1934 2073 2179 2130 omnium
2207 2064 2714 2135 hominum,jmodo
2758 2078 2864 2118 non
2906 2061 3029 2116 odio
3069 2070 3122 2114 te
3169 2070 3507 2127 proscquen-
3612 2100 3617 2101 γ

1936 2171 2094 2234 tium,
2128 2166 2307 2235 recipe
2334 2163 2589 2217 miseram
2618 2156 2857 2211 animam
2899 2165 3097 2214 meam,
3122 2146 3506 2218 squallentem,

1911 2260 2295 2322 sordidatam,
2332 2253 2682 2314 maculatam,
2732 2244 3095 2314 inquinatam,
3138 2240 3371 2308 seipsam
3421 2235 3509 2289 lu-

1936 2352 2219 2411 strationis
2244 2344 2646 2415 conscquenda:
2690 2353 2853 2395 causa
2884 2332 3361 2391 inmiserationnm
3388 2336 3509 2383 tua-

1940 2463 2058 2504 rum
2085 2444 2303 2515 pelagus
2342 2437 2706 2509 albjicientem.

2014 2512 2096 2590 Ne
2130 2512 2323 2587 faciem
2389 2532 2532 2582 tua’m
2587 2530 2801 2578 avertas
2858 2533 2888 2573 a
2947 2512 3150 2570 famulo
3206 2519 3319 2575 tuo,
3374 2522 3510 2562 neve

1940 2624 2252 2694 ﬁgmentum
2288 2630 2440 2674 tuum
2473 2611 2748 2683 rejeceris,
2812 2622 2913 2662 nec
2968 2602 3282 2674 permiseris
3316 2598 3510 2666 imagi.

1942 2731 2063 2773 nem
2096 2724 2239 2768 luam
2276 2709 2390 2764 ﬁeri
2413 2706 2647 2776 amplius
2675 2700 2968 2756 ludibrium
3029 2694 3291 2749 malorum
3324 2689 3511 2759 genio-

1942 2824 2086 2871 rum,
2117 2805 2322 2873 absque
2372 2811 2539 2855 cansa
2574 2792 2930 2850 invidentium
2965 2804 2981 2855 ;
3023 2801 3143 2840 cum
3179 2784 3382 2838 habeas
3410 2780 3508 2835 de~

1942 2907 2254 2969 precantem
2282 2907 2381 2962 pro
2414 2903 2501 2943 me
2532 2881 3004 2955 longanimitatem
3046 2886 3189 2930 tuam
3238 2889 3344 2928 non
3386 2886 3513 2941 pcr-

1943 2984 2612 3061 vestigabilem,immensa
2638 2974 2888 3030 bonitate
2935 2975 3242 3042 porrectam
3277 2966 3329 3020 in
3387 2963 3514 3019 inﬁ-

1944 3055 2117 3139 nilum
2145 3099 2158 3135 :
2191 3087 2414 3150 propter
2477 3084 2641 3141 quam
2664 3066 2796 3122 mihi
2847 3073 3046 3119 terram
3080 3075 3185 3115 non
3239 3059 3323 3113 vis
3361 3055 3515 3111 delii-

1948 3189 2125 3236 scere,
2157 3144 2255 3225 nec
2284 3144 2340 3223 in
2376 3180 2463 3221 me
2491 3159 2720 3217 fulmina
2767 3167 3006 3225 torques,
3059 3150 3135 3204 uti
3178 3149 3356 3203 facere
3386 3144 3511 3213 jure

1947 3274 2187 3336 poteras,
2223 3272 2346 3314 cum
2374 3265 2564 3311 omnes
2585 3250 2669 3331 ‘in
2716 3244 2957 3317 peccatis
3002 3240 3245 3295 famosos
3292 3244 3520 3306 praetcr-

1984 3368 2165 3411 ressus
2198 3365 2324 3408 Slm.

1984 3373 2165 3411 ressus
2198 3373 2324 3408 sun.

1947 3373 1989 3509 Βζ
2018 3448 2130 3503 Hac
2153 3447 2317 3517 igitur
2343 3444 2606 3498 exorante
2637 3443 2711 3502 te,
2738 3446 2772 3488 ο
2802 3426 3139 3489 misericors,
3159 3406 3514 3476 inenarrabili

1949 3538 2378 3610 longaminitate,
2423 3530 2686 3587 miserere
2738 3523 2869 3587 mei,
2904 3519 2996 3591 qui
3029 3515 3285 3587 gaudium
3348 3506 3525 3577 malus

1949 3599 2312 3700 impertiendo
2340 3619 2776 3679 misericordiam
2813 3609 3072 3685 percipis,
3110 3621 3273 3679 quam
3299 3602 3374 3657 illi
3398 3599 3525 3670 ipsi,

1951 3721 2047 3791 qui
2076 3715 2500 3773 miscricordiam
2535 3715 2965 3777 consequuntur.

2022 3810 2139 3866 lloc
2160 3796 2329 3863 ctiam
2360 3803 2492 3860 mihi
2526 3802 2775 3871 largitor,
2793 3807 2851 3854 ut
2883 3794 2979 3851 tibi
3013 3801 3164 3863 grata
3191 3785 3514 3850 deliberem,

1952 3912 2009 3959 et
2030 3916 2117 3956 me
2130 3897 2369 3955 decentia
2399 3906 2683 3965 peragam,
2703 3904 2827 3946 cum
2855 3888 2971 3958 ipse
2992 3893 3242 3940 neutrum
3270 3885 3531 3949 praestare

1954 3993 2180 4067 possim.
2241 3988 2377 4043 Nam
2426 3995 2483 4042 et
2535 3997 2691 4038 mens
2726 3994 2845 4035 mea
2897 3974 3214 4047 jamdudum
3264 3967 3526 4037 elanguit,

1954 4059 2010 4143 et
2035 4086 2118 4141 vis
2142 4082 2364 4152 spiritus
2394 4077 2578 4149 periit,
2619 4074 2748 4130 dum
2775 4085 2904 4127 caro
2933 4066 3102 4123 nitide
3139 4070 3334 4119 curata
3365 4059 3525 4112 luxu-

1957 4178 2083 4243 riat,
2127 4149 2385 4244 et;ambo
2415 4167 2691 4239 deprimit.
2748 4163 2821 4217 Da
2855 4174 3041 4215 veram
3092 4149 3529 4222 intelligentiam,

1957 4270 2025 4324 da
2057 4239 2408 4327 voluntatem,
2437 4260 2505 4317 da
2532 4254 2796 4329 quidquid
2845 4252 3138 4308 allaturum
3174 4252 3256 4299 est
3310 4239 3528 4308 aliquod

1958 4360 2142 4417 lumen
2173 4348 2614 4425 cogitationibus,
2644 4358 2765 4415 qua:
2796 4348 3022 4409 propter
3076 4333 3304 4389 allectus
3355 4341 3532 4383 οπως

1962 4450 2100 4504 tiunt
2129 4462 2144 4500 ε
2173 4453 2230 4499 ιιι
2260 4445 2431 4514 prius,
2454 4453 2617 4509 quam
2646 4436 2702 4490 in
2766 4445 2966 4489 terram
3024 4436 3200 4483 morte
3262 4426 3530 4482 revertar,

1962 4553 2081 4609 quae
2111 4511 2369 4606 perpetuo
2407 4546 2568 4587 cursu
2591 4526 2857 4583 accedens
2890 4534 3059 4592 prope
3117 4530 3260 4573 nunc
3288 4511 3536 4568 fortassis

1963 4603 2139 4692 abest,
2173 4603 2227 4681 in
2258 4624 2377 4694 ejus
2406 4621 2707 4692 agnitione,
2750 4614 2897 4687 quod
2946 4610 3146 4667 melius
3192 4614 3320 4694 est,
3348 4603 3415 4656 ad
3459 4610 3569 4664 te,«

1960 4716 2054 4786 qui
2085 4689 2143 4770 es
2180 4689 2557 4783 ipsa-vita,—me
2581 4715 2915 4760 convertam.
2940 4696 3150 4768 Angelo
3180 4689 3325 4749 (idoli
3359 4698 3542 4745 custo-

1959 4810 2125 4874 dique
2153 4804 2434 4861 committe
2467 4802 2704 4856 animam
2731 4809 2932 4850 meam.

2031 4900 2257 4970 Largire
2309 4896 2462 4958 mibi,
2502 4893 2574 4947 uti
2604 4906 2695 4945 rex
2738 4900 2904 4958 atque
2950 4884 3196 4951 Domine,
3258 4890 3433 4938 totum
3484 4888 3544 4935 ut

1965 4992 2113 5048 hunc
2162 4990 2328 5052 diem,
2381 4986 2636 5055 quodque
2685 4978 2820 5036 mihi
2865 4977 2989 5033 vita:
3015 4976 3284 5045 reliquum
3326 4981 3431 5037 est,
3485 4969 3542 5023 in
3628 5020 3645 5025 ,

1962 5081 2337 5141 sincerissima
2378 5076 2507 5143 fide,
2568 5083 2624 5129 et
2676 5070 2978 5142 agnitione,
3040 5076 3097 5123 et
3145 5061 3539 5134 resipiscentia.

1963 5187 2207 5246 paceque
2236 5182 2350 5237 tua,
2384 5176 2438 5224 et
2461 5165 2759 5238 gratiarum
2792 5160 3010 5216 actione
3062 5155 3275 5223 exigam
3309 5167 3323 5204 :
3380 5160 3549 5215 utque

1964 5240 2178 5340 iustitia
2210 5275 2263 5321 et
2296 5263 2526 5317 veritate
2578 5266 2704 5312 utar
2757 5253 2810 5307 in
2861 5246 3310 5318 cogitationibus,
3361 5240 3545 5302 factis,

1968 5363 2168 5429 lingua,
2210 5371 2334 5411 cum
2369 5348 2791 5419 reprehensione
2820 5342 2925 5396 mei
2969 5338 3136 5407 ipsius
3174 5344 3226 5389 et
3251 5330 3543 5391 modestia,

1970 5422 2219 5511 Dimitte,
2252 5446 2491 5507 remitte,
2525 5440 2795 5499 ιιοηιιοιιο,
2851 5431 2944 5501 qui
3011 5427 3160 5483 solus
3210 5426 3312 5479 boc
3365 5422 3548 5478 faccre

1970 5554 2145 5613 petes,
2177 5534 2437 5609 quidquid
2465 5549 2493 5584 a
2525 5545 2611 5584 me
2641 5524 2974 5594 profectum,
3024 5527 3076 5572 te
3107 5513 3419 5586 provocavit
3477 5513 3547 5568 ad

1970 5603 2109 5689 iram
2134 5603 2210 5685 et-
2227 5603 2595 5683 exacerbavit,
2619 5615 2842 5671 Domine
2869 5630 2883 5667 :
2907 5620 3234 5681 quocunque
3258 5603 3547 5671 teoll’endi,

1959 5723 2219 5796 quidquid
2252 5738 2280 5773 τι
2315 5732 2399 5771 me
2423 5721 2636 5780 sponte,
2669 5708 2754 5762 vcl
2783 5721 2889 5760 non
2933 5711 3125 5771 sponte
3150 5706 3429 5770 peccatum
3465 5705 3551 5749 cst

1961 5789 1992 5874 2'
2010 5789 2175 5892 punio
2195 5816 2247 5869 in
2268 5813 2406 5877 hunc
2426 5808 2588 5873 diem,
2608 5805 2773 5867 iacto,
2795 5800 2962 5863 dicto,
2982 5790 3333 5863 cogitatione,
3354 5789 3554 5861 quatis
