3848 6196
543 229 3658 278 -κ--ῌ--ῚΜΜη

1769 434 1939 478 ANNO
1983 431 2208 476 DOMINI
2256 431 2550 474 MCDXXX.

914 627 1878 813 JOANNES
2021 612 3368 799 ANAGNOSTA.

1804 1135 1824 1157 ‘
1878 1113 2434 1205 NOTITIA.

1524 1315 1786 1381 (Hankius,
1813 1315 1880 1365 De
1920 1312 2033 1362 Her.
2060 1308 2311 1375 Byzantia.
2344 1308 2533 1370 script.,
2567 1298 2777 1370 p.636.)

631 1665 675 1730 ἰ.
698 1673 960 1742 Tempus,
985 1684 1092 1740 quo
1113 1674 1391 1737 superstes
1423 1663 1732 1732 Anagnosta
1763 1658 1886 1724 fuit,
1914 1655 2288 1725 cognoscimus
2312 1667 2378 1706 ex
2400 1647 2800 1706 Thessalonica:
2830 1647 3179 1704 Macedonum
3210 1645 3357 1700 urbis
3374 1642 3506 1715 [quin
3525 1642 3709 1711 scripto-

556 1763 713 1817 ribus
740 1729 958 1817 Graecis,
981 1729 1377 1813 recentioribus
1414 1729 1579 1808 etiam
1630 1749 1865 1803 Therma
1898 1741 2117 1814 dicitur]
2149 1740 2412 1796 extremis
2429 1736 2850 1793 calamitatibus.
2894 1735 3046 1797 Eam,
3085 1735 3152 1788 ab
3185 1733 3493 1802 imperatore
3519 1729 3712 1782 Manuele

557 1815 863 1918 Paluaologo
891 1856 1050 1916 patre
1077 1855 1384 1914 acceptam,
1438 1838 1787 1906 imperatoris
1824 1834 2053 1890 Joannis
2085 1828 2374 1895 Palmologi
2409 1825 2599 1880 fratris
2631 1823 2746 1896 [qui
2771 1824 2837 1878 ab
2864 1822 2930 1878 A.
2955 1822 3017 1878 C.
3045 1821 3184 1877 1419
3209 1823 3272 1914 ad
3306 1819 3432 1903 “4:8
3460 1815 3711 1886 imperat-ill

557 1947 718 1990 aztate
751 1890 1063 2003 pgssiilebat
1094 1890 1436 1984 Andionicus
1459 1925 1792 1993 Palmologus
1824 1922 2070 1989 despota.
2095 1919 2274 1971 Ducas
2298 1913 2577 1968 Michaelis
2611 1890 2778 1980 nepos
2810 1911 2864 1965 in
2900 1910 3144 1965 Historia
3169 1890 3470 1978 Byzantina,
3509 1921 3611 1973 cap.
3651 1903 3715 1967 ἓξ),

559 1996 858 2090 interprete
881 2018 1108 2074 lsmaele
1137 2017 1436 2070 Bullialdo:
1500 2013 1828 2066 Andronicus
1891 2010 2104 2075 despota
2137 2003 2394 2058 Manuelis
2423 1999 2755 2067 imperatoris
2793 1999 2936 2066 ﬁlius
2983 2008 3102 2067 post
3131 1996 3388 2051 Joannem
3413 1997 3716 2059 imperatorem

559 2123 609 2167 et
639 2079 968 2165 Theodorum
994 2107 1146 2162 tertio
1165 2107 1387 2175 genitus,
1410 2103 1601 2173 quique
1621 2114 1771 2152 sacro
1798 2094 1977 2149 morbo
2001 2101 2336 2160 consumptus
2360 2099 2457 2152 est,
2490 2087 2877 2141 Thessalonica
2907 2084 3303 2140 dominabatur.
3341 2082 3584 2137 Laonicus
3604 2079 3723 2133 Chal-

560 2199 890 2269 cocondylas
917 2197 989 2250 De
1023 2169 1185 2248 rebus'
1203 2169 1462 2253 Turcicis,
1491 2169 1630 2242 libro
1661 2202 1735 2250 tv,
1767 2185 2062 2251 interprete
2089 2178 2337 2233 Conrado
2352 2177 2651 2232 Clausero:
2683 2175 2984 2230 Andronico
3005 2184 3183 2228 autem
3214 2169 3724 2244 [Manuell‘alaaologus

563 2255 884 2356 imperaior]
912 2283 1132 2352 imperio
1185 2279 1466 2350 regendam
1523 2274 1778 2331 concessit
1810 2271 2088 2325 Thermum
2112 2308 2127 2335 ,
2152 2268 2242 2338 qui
2295 2267 2632 2336 virtutepost
2683 2264 2944 2320 Joannem
2971 2263 3231 2319 secundus
3257 2261 3389 2315 inter
3418 2258 3552 2327 ﬁlios
3594 2255 3726 2323 regios

562 2382 698 2428 erat.

537 2494 539 2496 -
637 2458 704 2513 ll.
738 2458 994 2518 Eamtlem
1023 2455 1214 2509 urbem
1249 2469 1278 2507 a
1300 2447 1520 2514 Turcis,
1554 2449 1857 2518 Bajazetem
1883 2442 2180 2514 principem
2212 2439 2566 2503 habentibus,
2587 2439 2830 2524 graviter
2853 2447 3252 2509 oppugnatam,
3283 2450 3402 2492 cum
3434 2430 3731 2514 Andronicus

565 2562 761 2616 parum
791 2545 1086 2601 defendere
1140 2543 1368 2604 valeret,
1402 2539 1628 2608 imperio
1675 2549 1777 2591 suo
1809 2532 1996 2588 Veneti
2037 2529 2426 2610 subdiderunt.
2483 2525 2577 2580 His
2597 2526 2666 2580 ab
2709 2526 3022 2580 Andronico
3059 2525 3342 2580 venditam
3365 2524 3733 2576 commemorant

567 2608 840 2691 isnonicus
861 2630 1343 2701 Ghalcocondylas.
1369 2627 1488 2682 loco
1523 2627 1669 2680 dicto
1700 2643 1714 2679 :
1746 2623 2022 2678 Ther-mam
2062 2608 2284 2687 quoque,
2352 2624 2408 2667 ut
2441 2630 2558 2684 qua'
2589 2614 2956 2698 nonamplius
3013 2613 3234 2668 retineri
3266 2616 3650 2680 posset,propter
3671 2618 3735 2655 res

568 2722 800 2777 civitatis
843 2720 1128 2774 admodum
1186 2690 1669 2785 a'rcisas,IVenetis
1704 2710 1960 2765 uendidit.
2019 2705 2149 2760 Cum
2179 2704 2341 2770 igitur
2367 2703 2638 2770 judicaret
2673 2692 2792 2754 eam
2831 2701 3192 2754 venditionem
3229 2708 3336 2752 lum
3367 2697 3484 2759 tibi.
3518 2704 3614 2746 lum
3644 2690 3735 2742 “rbi

568 2809 835 2875 expedire,
864 2823 1024 2874 parvo
1073 2805 1240 2873 pretio
1291 2781 1500 2871 accepto
1538 2817 1652 2853 eam
1689 2797 1898 2853 Venetis
1937 2793 2186 2851 tradidit.
2233 2793 2496 2862 Georgius
2533 2793 2781 2846 Phranza
2810 2792 2902 2846 lib.
2933 2791 3255 2874 IlI/ironia,
3297 2804 3411 2858 cap.
3468 2785 3563 2838 2|:
3599 2781 3736 2835 Etiam

576 2896 805 2964 Despota
834 2894 1170 2947 Andronicus
1206 2889 1635 2943 Thessalonicam
1676 2885 1984 2938 Venetorum
2020 2880 2638 2950 Senatuiquinquagenis
2671 2895 2948 2933 aureorum
2971 2864 3552 2946 millibns'ovenundedit.
3579 2873 3738 2924 Contra

572 2985 850 3037 deditione
886 2979 1393 3043 voluntariaﬁnvito
1428 2976 1762 3037 Andronico,
1808 2972 2065 3025 traditam
2126 2971 2298 3024 Ducas
2328 2969 2380 3021 in
2407 2968 2642 3021 Historia
2676 2967 2978 3036 Byzantina
3011 2968 3177 3022 refert
3197 2981 3318 3034 cap.
3367 2963 3475 3018 29..
3517 2954 3742 3026 Indigna“

576 3069 1062 3124 Thessalonicenses
1097 3061 1388 3120 Turcorum
1425 3063 1754 3116 incursiones
1786 3059 2163 3128 quoditlianas,
2201 3072 2294 3110 nec
2324 3056 2387 3108 ab
2417 3056 2526 3107 ullo
2547 3072 2763 3108 suorum
2792 3056 3067 3109 liberatum
3096 3055 3166 3108 iri
3194 3065 3476 3123 sperantes,
3508 3049 3627 3117 quod
3651 3043 3744 3096 urbs

570 3157 966 3210 calamitatibus
1037 3152 1300 3207 intestinis
1352 3158 1702 3219 premeretur,
1754 3164 1844 3200 nec
1899 3147 2122 3198 tolerare
2175 3155 2342 3214 posset
2413 3144 2606 3212 famem
2657 3154 2947 3213 urgentem,
3008 3146 3348 3207 omniumque
3395 3135 3746 3192 necessariorum

570 3246 875 3313 penuriam,
926 3258 984 3294 co
999 3241 1152 3294 nsilio
1182 3239 1384 3302 habito,
1439 3236 1667 3304 Despota
1701 3235 1892 3287 volente
1927 3233 2158 3297 nolente,
2207 3231 2493 3300 primarios
2525 3231 2666 3285 urbis
2693 3233 2823 3284 cires
2858 3233 2925 3284 ad
2962 3229 3184 3284 Venetos
3226 3230 3433 3293 misere,
3458 3225 3540 3295 qui
3563 3221 3748 3276 Thessa-

575 3326 800 3382 lonicam
835 3329 909 3380 eis
941 3327 1207 3380 dederent.
1518 3325 1520 3328 ’
3031 3367 3036 3374 .

653 3413 743 3469 ΠΙ·
777 3413 1245 3485 Τιιεθεειῖυηῖείιιιιν
1280 3409 1521 3473 vellens.
1570 3419 1664 3462 seu
1692 3406 2023 3466 venditione,
2083 3421 2180 3462 seu
2208 3409 2481 3463 deditione
2528 3410 2784 3464 traditam
2811 3409 3048 3466 Murates
3075 3409 3143 3474 ll,
3179 3408 3480 3464 Turcarum
3511 3403 3744 3472 princeps.

579 3501 926 3572 espugnabat
950 3501 1037 3554 die
1065 3484 1245 3554 Martii
1276 3513 1426 3561 ms,
1458 3509 1602 3552 anno
1637 3495 1985 3563 imperatoris
2012 3491 2244 3549 Joannis
2266 3496 2549 3566 Palmologi
2575 3497 2812 3564 ,unioris
2837 3496 2922 3562 12,
2949 3498 3136 3551 mundi
3201 3497 3388 3551 Greco
3417 3491 3566 3555 6938,
3590 3478 3755 3540 Christi

584 3592 746 3645 H50-
775 3587 1042 3660 Georgius
1090 3587 1334 3641 Phraltla
1366 3586 1460 3640 lib.
1492 3601 1529 3639 Il
1589 3582 1862 3647 Cﬁronic‘i,
1897 3597 2017 3651 cap.
2059 3582 2091 3637 9
2119 3600 2134 3637 :
2189 3582 2302 3647 Quo
2335 3596 2558 3649 tempore
2591 3587 2750 3638 etiam
2783 3585 3012 3637 Anturas
3048 3588 3339 3638 Amnrates
3380 3577 3756 3636 Thessalonicam

583 3677 805 3739 obsedit,
835 3687 997 3745 quant
1030 3687 1140 3728 tum
1205 3672 1385 3726 Veneti
1417 3670 1685 3735 tenebant.
1746 3669 1946 3723 Ibidem
1981 3669 2140 3738 paulo
2167 3680 2288 3738 post
2317 3686 2332 3724 :
2367 3672 2536 3741 Atque
2564 3672 2638 3724 ita
2665 3687 2838 3724 mense
2868 3671 3042 3738 Aprili
3081 3669 3217 3742 [non
3241 3669 3435 3740 Aprili,
3465 3667 3552 3720 sed
3589 3661 3755 3721 Martio,

591 3765 637 3818 si
669 3775 858 3819 n05tro
881 3762 1155 3818 credimus
1205 3761 1552 3826 Anagnostze,
1607 3757 1699 3826 qui
1730 3758 1996 3826 potiorem
2033 3757 2138 3812 hac
2193 3757 2247 3810 in
2282 3774 2338 3811 re
2377 3759 2535 3812 tidem
2589 3757 2850 3830 meretur]
2885 3759 3118 3824 eiusdem
3149 3762 3284 3813 anni
3317 3755 3500 3831 [6938]
3545 3754 3756 3822 inclytam

584 3847 1018 3906 Thessalonicam
1049 3850 1214 3902 armis
1248 3847 1576 3917 subjugavit.
1614 3846 1734 3913 Ipse
1818 3853 2005 3899 noster
2025 3845 2338 3914 Anagnosta
2373 3847 2425 3899 in
2456 3846 2595 3900 libro
2625 3845 2705 3900 De
2746 3848 2924 3901 excisa
2955 3846 3344 3902 Thessalonica
3381 3861 3497 3913 cap.
3525 3845 3606 3908 l3,
3633 3847 3754 3894 inter-

583 3951 741 4011 prete
773 3940 954 3994 Leone
993 3939 1194 3992 Allatio
1225 3953 1240 3989 :
1273 3934 1328 3989 Is
1359 3934 1414 4006 [e
1438 3933 1656 3998 Turcis,
1683 3935 1773 4004 qui
1803 3933 2015 4002 primus
2045 3929 2618 3989 Thcssalouiccnsimn
2653 3949 2835 3989 muros
2855 3933 3207 4005 ascenderat]
3247 3934 3429 3988 Latini
3451 3934 3580 3986 inter
3609 3940 3758 3997 propu-

580 4026 809 4098 gnacula
838 4025 1071 4096 confossi
1124 4023 1425 4078 vulneribus
1470 4032 1519 4076 et
1555 4033 1848 4076 extremum
1879 4021 2135 4089 spirantis
2192 4029 2348 4086 caput
2379 4019 2644 4073 abcissum
2677 4021 2816 4073 inter
2838 4019 3182 4090 conﬁigentes
3211 4021 3460 4090 profecit,
3484 4021 3698 4077 innitens,
3725 4024 3764 4061 ει

585 4116 755 4182 partis
785 4115 929 4168 illius
950 4115 1191 4181 potitum,
1221 4121 1270 4165 et
1291 4111 1512 4165 desertis
1540 4111 1703 4164 muris
1730 4109 1884 4177 plane
1913 4125 2088 4162 omnes
2119 4107 2173 4159 in
2203 4107 2381 4176 fugam
2409 4123 2544 4170 sese,
2574 4099 2771 4161 reditus
2794 4109 3147 4174 immemores,
3179 4109 3496 4178 conjecisse.
3533 4105 3663 4159 Diem
3685 4112 3768 4152 tum

587 4202 853 4270 aperiebat
887 4202 1077 4254 mensis
1112 4196 1345 4252 Martius
1376 4210 1570 4251 nonum
1604 4205 1654 4251 et
1683 4197 1985 4250 vicesimum
2013 4194 2141 4246 anni
2171 4199 2264 4247 ses
2294 4190 2566 4246 millesimi
2612 4194 2988 4262 nongentesimi
3016 4195 3500 4251 vicesimi-octavi.
3535 4193 3686 4259 Quart
3706 4183 3773 4236 ίίίε

584 4291 783 4359 pedites
807 4305 984 4342 ontnes
1009 4287 1299 4340 adhortans
1331 4294 1378 4337 et
1408 4284 1721 4338 destitutum
1754 4300 1784 4335 a
1815 4281 2180 4349 defensoribus
2208 4279 2382 4333 locum
2413 4282 2744 4351 signiﬁcans,
2776 4291 2834 4335 ut
2868 4281 3012 4336 illico
3039 4287 3416 4348 ascenderent,
3447 4285 3676 4338 clamare.
3704 4274 3774 4329 liii

587 4389 645 4430 ut
670 4386 910 4444 poterant
935 4373 1108 4428 subito
1133 4371 1293 4426 scalis
1317 4372 1570 4426 universis
1590 4371 1838 4434 admotis,
1865 4370 2162 4440 frequentes
2188 4367 2498 4434 ascendere,
2519 4369 2747 4423 clamore
2778 4377 2825 4423 et
2850 4372 3092 4441 strepitu,
3116 4374 3215 4444 qui
3251 4374 3516 4444 tympanis
3539 4371 3665 4423 corio
3681 4380 3776 4417 cou—

588 4463 742 4531 fectis
763 4460 996 4515 elicitur.
2451 4450 2455 4454 ’

665 4549 755 4606 ιν.
779 4551 1086 4617 Ariagnosta
1113 4557 1314 4611 noster,
1348 4559 1473 4602 cum
1494 4543 1727 4600 Murates
1759 4545 1986 4614 imperio
2021 4536 2464 4599 Thessalonicam
2498 4542 2731 4598 Turcico
2760 4545 3077 4614 subiiceret,
3117 4547 3177 4601 in
3207 4560 3273 4602 ea
3304 4548 3541 4612 virebat,
3584 4555 3773 4600 commu-

593 4638 743 4691 nium
764 4637 1051 4701 malorum,
1071 4635 1266 4704 quibus
1289 4634 1484 4688 incolae
1517 4644 1626 4688 tum
1651 4633 1871 4686 fuerunt
1900 4633 2145 4698 obnoxii,
2166 4644 2421 4686 consors.
2459 4627 2640 4684 Testis
2666 4640 2751 4684 est
2788 4632 3026 4701 ipsemet
3048 4637 3100 4689 in
3128 4635 3408 4703 libro,jam
3439 4634 3664 4694 laudato,
3684 4644 3775 4694 cup.

591 4723 652 4785 2,
691 4722 780 4776 ubi
813 4721 1106 4791 compellat
1131 4722 1213 4776 his
1251 4721 1439 4776 verbis
1465 4721 1699 4774 amicum
1729 4735 1744 4774 :
1773 4719 1887 4785 Ipse
1935 4734 2053 4774 vero
2081 4730 2145 4774 ea
2176 4709 2501 4773 solummodo
2530 4721 2867 4801 complectar,
2894 4739 3011 4793 qua
3036 4725 3146 4779 htcc
3171 4727 3369 4780 ciuitas
3402 4727 3501 4781 hoc
3527 4729 3604 4778 sui
3628 4718 3784 4778 excidii

594 4819 820 4879 tempore
842 4823 1004 4877 passa
1029 4818 1123 4873 est,
1173 4819 1330 4878 tuque
1361 4807 1508 4861 nobis
1541 4806 1704 4876 paulo
1734 4820 1855 4862 ante
1883 4823 2041 4877 quam
2070 4821 2135 4860 ea:
2156 4824 2216 4862 ea
2245 4813 2541 4874 excederes,
2587 4811 2919 4886 insin‘uaras,
2944 4827 3340 4888 proptereaque
3364 4815 3656 4886 infortunii,
3678 4809 3786 4880 quod

593 4912 709 4950 eam
732 4895 1012 4965 oppressit,
1037 4910 1141 4949 non
1172 4895 1453 4948 admodum
1486 4911 1704 4963 gnarus.
1741 4894 1835 4948 Res
1868 4895 2129 4964 siquidem
2158 4895 2468 4950 Latinorum
2493 4907 2548 4951 tu
2569 4900 2751 4966 etiam,
2785 4879 2912 4954 cum
2930 4879 2983 4956 in
3008 4879 3133 4957 urbe
3155 4879 3566 4974 quotidiefqua’
3588 4879 3792 4973 gereren-

597 4999 705 5049 tur,
749 4987 1095 5052 conspiceres,
1149 4986 1340 5054 optime
1367 4983 1485 5055 [nec
1518 4983 1707 5055 fallor]
1767 4995 1931 5037 tenes.
2002 4982 2203 5040 Ibidem
2242 4987 2403 5056 paulo
2434 4999 2592 5058 post:
2653 4989 2835 5059 Neque
2858 4993 2996 5045 enim
3034 4992 3228 5048 Turctz
3263 5011 3388 5049 cum
3414 4995 3613 5049 Latinis
3650 4988 3790 5059 {adut

595 5077 780 5139 iniere,
815 5073 936 5127 licet
971 5075 1164 5141 stcpius
1211 5074 1468 5140 legatione
1520 5074 1682 5125 missa
1732 5074 1784 5125 id
1816 5083 2220 5140 pertentassent,
2275 5077 2636 5142 supplicesque
2667 5077 2830 5130 etiam
2863 5090 3182 5148 rogassent:
3219 5099 3396 5151 neque
3427 5094 3541 5137 erat
3573 5084 3621 5135 in
3646 5094 3795 5132 nasua

599 5172 879 5230 νοιεειοιεν
913 5163 1076 5231 copiis
1112 5164 1308 5214 nostris
1344 5162 1397 5213 in
1429 5169 1714 5228 angustum
1742 5161 1935 5227 oppido
1977 5163 2194 5225 coactis,
2223 5171 2271 5217 et
2291 5165 2725 5218 discordantibus
2742 5168 2877 5220 votis
2901 5171 2965 5220 ab
2997 5172 3245 5224 unanimi
3277 5177 3535 5226 sententia
3553 5169 3793 5226 conmisit.

598 5251 802 5319 aliquid
828 5267 1003 5318 agere,
1029 5260 1084 5301 ut
1121 5258 1228 5302 tute
1259 5250 1420 5302 etiam
1450 5249 1607 5313 nosti,
1646 5248 1736 5316 qui
1789 5263 1892 5300 una
1927 5249 2196 5301 nobiscum
2220 5267 2360 5316 eras,
2400 5252 2666 5305 malorum
2697 5254 2934 5320 perinde,
2968 5266 3122 5323 atque
3146 5258 3270 5318 alii,
3300 5271 3566 5327 expertus.
3595 5258 3712 5326 Cap.
3741 5259 3792 5306 δε

603 5337 856 5392 Omnibus
879 5353 1003 5406 ergo
1029 5341 1096 5389 ad
1125 5338 1467 5407 pugnandum
1495 5347 1542 5388 et
1571 5337 1821 5388 adversus
1857 5335 2139 5400 irruentes,
2174 5337 2350 5390 animo
2383 5340 2527 5392 virili
2557 5342 2905 5411 prwsentiquc
2931 5346 3160 5410 paratis,
3187 5347 3345 5400 aliud
3375 5361 3568 5415 prwter
3600 5356 3795 5400 nostram

601 5426 1040 5489 exspectationem
1061 5424 1298 5478 Murates
1323 5424 1644 5493 exsequitur.
1669 5423 1784 5477 Nos
1817 5425 1956 5477 enim
1986 5439 2160 5477 omnes
2183 5428 2605 5494 suspicabamur,
2637 5439 2833 5479 tantam
2854 5429 3126 5497 copiarum
3156 5435 3348 5487 molem
3373 5445 3422 5488 et
3453 5435 3798 5488 machinarum.

597 5528 731 5581 quas
765 5512 1052 5564 multitudo
1087 5515 1403 5568 camelorum
1439 5522 1486 5566 et
1519 5527 1770 5564 curruum
1829 5512 2062 5580 quotidie
2091 5515 2392 5578 adpellebat,
2439 5517 2745 5584 conspicati,
2776 5495 2945 5583 primo
2981 5520 3064 5572 sui
3101 5495 3337 5589 appulsu.
3377 5524 3612 5590 furenter
3637 5524 3801 5573 iratum

604 5615 786 5652 ηιανοε
820 5606 1195 5668 αΡΡειὶηινυηι,
1247 5618 1436 5670 eosque
1458 5602 1689 5670 lapidum
1721 5601 2024 5666 ntanufarto
2050 5605 2248 5654 tonitru
2280 5605 2750 5669 dit'erbcratnrunt,
2799 5623 2891 5661 nce
2924 5623 3024 5661 mn
3053 5619 3100 5662 ct
3128 5626 3290 5677 supra
3315 5629 3497 5669 ηηηοδ
3528 5622 3714 5668 "gum
3741 5625 3808 5662 εα-
