3908 6196
206 284 335 344 sas
988 264 1004 280 '
1176 283 1512 342 JOANNES
1564 281 2037 341 ANAGNOSTA.
2087 303 2153 316 ——
2185 275 2548 340 NOTI'I'IAi
3368 273 3467 337 586

244 397 379 465 gulis
410 393 650 461 impulsis
678 394 1029 460 dimoturnm,
1055 397 1424 464 machinasque
1454 412 1630 449 omnes
1662 396 1730 447 ad
1754 396 1932 449 urbem
1960 395 2301 447 excidendam
2334 403 2743 459 usui-poturum.
2777 391 2907 461 Cap.
2953 391 3032 456 l3,
3056 408 3172 444 cum
3214 407 3243 444 a
3280 387 3468 443 Turcis

249 483 430 535 urbem
469 492 781 548 superatam
813 483 1225 537 memoravisset
1245 501 1258 536 :
1281 483 1360 538 0n
1387 500 1474 536 nes
1501 485 1680 550 itaque
1716 500 1830 546 nos,
1859 482 2306 550 utcuiquelicnit,
2340 486 2521 550 fugam
2551 492 2901 544 maturantes,
2944 482 3038 533 alii
3063 481 3115 532 in
3135 482 3330 534 aedibus
3358 494 3468 531 sese

246 569 449 628 abdere,
498 570 594 620 alii
627 570 679 621 in
715 571 982 623 cuniculos
1014 582 1061 624 et
1101 572 1343 639 sepulcra
1374 613 1388 631 .
1437 581 1487 623 et
1532 573 1576 624 si
1606 569 1731 640 quid
1776 569 1923 624 aliud
1950 573 2113 623 soluti
2144 568 2530 623 conducibilius
2578 569 2870 634 ridebatur,
2902 585 3004 620 non
3030 569 3219 635 absque
3241 578 3467 619 tremore

244 654 540 721 subrepere.
572 655 706 727 Cap.
737 656 824 719 l8,
859 659 946 709 ubi
972 658 1038 711 de
1072 656 1298 712 Muralis
1328 672 1357 709 a
1395 657 1980 711 Tltessalnnicensibus
2019 655 2169 709 abitu
2203 656 2480 722 loquitur:
2514 654 2836 707 Primntibus
2873 658 2982 707 suis
3010 653 3321 725 [Moralem]
3355 656 3470 720 qri-
3528 659 3531 661 ’

243 745 358 795 dant
379 743 537 796 etiam
567 754 894 796 sacramento
917 744 1092 811 ferunt
1112 745 1309 809 dixisse
1336 764 1347 798 :
1380 743 1646 813 Injusmtn
1670 753 1769 806 est,
1814 758 1930 796 cum
1987 745 2137 796 rebus
2171 742 2558 794 debellaturum
2590 739 3202 811 [Thessalontemisimn]
3238 740 3468 792 debella-

245 842 316 882 tos
351 846 561 899 quoque
589 831 642 883 in
671 832 882 884 vincula
914 832 1126 900 conjici,
1167 842 1217 886 et
1246 834 1423 899 patria
1449 833 1555 885 alio
1587 832 1841 883 abductos
1871 831 2130 899 spoliari:
2163 829 2457 881 libertatem
2490 831 2666 896 itaque
2696 829 2801 879 illis
2834 828 3187 881 stabiliattttts.
3220 828 3354 879 siita
3390 829 3462 878 vi-

236 921 412 977 detur.
443 927 537 969 aut
568 917 678 969 sine
706 920 874 985 pretio
899 918 1022 971 illos
1052 919 1387 985 accipien'es,
1422 930 1510 970 aut
1541 918 1676 972 illud
1722 935 1813 971 nos
1849 926 2120 985 crogantcs
2142 931 2161 968 :
2197 917 2500 968 auditorum
2536 915 2666 967 alios
2727 917 3035 966 sententiam
3065 915 3333 971 laudasse,
3367 914 3435 963 ad
3455 942 3467 950 -

244 1003 504 1066 hortulos,
529 1014 593 1062 ut.
613 1004 851 1069 faceret;
881 1005 970 1056 sed
999 1020 1160 1057 unum
1186 1019 1253 1057 ea:
1277 1006 1521 1067 ducibus,
1574 1005 1664 1070 qui
1701 1004 1960 1073 dignitate
1989 1012 2205 1055 ceteros
2238 1000 2580 1055 antecellebat
2606 1043 2618 1058 .
2658 1018 2754 1052 non
2782 1009 2985 1052 tantum
3016 1017 3118 1052 non
3152 1001 3472 1067 (ιιψνοὺιιδςε

242 1090 394 1141 verba
428 1088 495 1140 de
522 1090 784 1152 libertate,
817 1092 908 1141 sed
935 1099 983 1142 et
1003 1091 1191 1159 quibus
1217 1101 1419 1160 poterat
1459 1090 1787 1152 rationibus,
1811 1090 2087 1142 consilium
2120 1088 2371 1155 principis
2419 1088 2752 1155 impedivisse
2775 1104 2793 1139 :
2828 1097 2877 1140 et
2911 1104 3027 1139 vero
3055 1088 3250 1139 similia
3276 1088 3472 1148 dieare,

242 1177 380 1243 quod
400 1176 539 1227 alios
561 1179 803 1242 anteiret,
830 1179 966 1229 visus
990 1188 1090 1230 est.
1125 1176 1257 1229 Erat
1295 1178 1452 1245 plane
1478 1179 1531 1232 id
1555 1192 1757 1246 quoque
1783 1190 2017 1229 meorum
2048 1175 2298 1228 scelerum
2331 1174 2558 1243 fructus,
2601 1187 2653 1225 ιιι
2692 1176 2801 1235 ipse
2832 1175 2959 1227 tui/ti
2983 1175 3200 1234 suadeo,
3230 1176 3477 1240 quemad-

247 1262 458 1315 modu’m
483 1272 532 1316 et
552 1277 668 1331 qua:
696 1279 903 1317 evenere
929 1265 1129 1331 reliqua
1152 1281 1172 1329 ;
1199 1264 1317 1318 licet
1348 1265 1586 1318 nonnulli
1638 1279 1927 1317 sermonem
1983 1262 2123 1314 hunc
2154 1279 2253 1315 non
2280 1250 2575 1326 patentibus
2615 1262 2832 1314 auribus
2855 1262 3183 1330 arripientes,
3214 1278 3375 1329 neque
3401 1278 3471 1314 se.

251 1352 499 1419 utetipsos
524 1368 738 1404 causam
764 1352 927 1416 fuisse
943 1353 1277 1420 judicantes,
1339 1352 1530 1406 divinis
1554 1353 1829 1420 praceptis
1858 1349 2127 1419 neglectis.
2175 1350 2473 1402 hominibus
2506 1361 2781 1402 eventuum
2806 1366 2999 1403 causas
3040 1350 3331 1403 ascribunt.
3368 1349 3479 1417 Ego

257 1455 387 1500 vero,
406 1440 665 1507 quidquid
692 1441 745 1491 id
766 1440 947 1508 fuerit,
974 1441 1168 1494 divina:
1196 1441 1460 1509 punitioni
1491 1451 1702 1509 propter
1731 1455 1899 1493 meam
1926 1442 2297 1495 correctionem
2322 1442 2518 1493 tribuo.

319 1526 382 1582 V.
415 1527 547 1581 Post
580 1528 711 1592 haec,
747 1528 945 1581 nudam
994 1529 1204 1582 civibus
1232 1526 1677 1582 Thessalonicam
1725 1525 1963 1580 Murates
1990 1528 2180 1583 incolis
2212 1529 2532 1580 instructam
2586 1525 2862 1591 cupit-hat,
2914 1525 3145 1595 ideoque
3169 1526 3399 1580 diversis
3426 1527 3479 1578 in

252 1615 379 1667 locis
417 1627 825 1669 commorantcs
884 1614 1404 1670 Thessalonicenses
1452 1616 1503 1668 in
1555 1614 1802 1669 eamdem
1835 1606 2142 1669 revocabat.
2185 1613 2331 1666 Inter
2389 1614 2511 1678 hos,
2541 1614 2631 1680 qui
2660 1612 3478 1685 Thessalonicamrepeticraut,

253 1716 437 1768 postea
465 1717 594 1755 vero
619 1718 775 1754 suum
799 1704 850 1754 iu
881 1718 1002 1756 eam
1027 1702 1257 1756 reditum
1291 1702 1647 1764 damnabunt,
1683 1716 1807 1755 cum
1829 1700 2067 1755 Murales
2086 1702 2293 1771 aliquot
2309 1703 2467 1755 annis
2492 1701 2688 1769 elapsis
2722 1711 2843 1769 post
2871 1700 3170 1761 excidium,
3191 1700 3474 1770 ingressus

254 1790 468 1853 urbem,
501 1789 763 1855 promissa
798 1786 1382 1844 Thessalonicensibus
1433 1805 1537 1843 non
1577 1797 1840 1850 servaret,
1876 1799 2061 1841 noster
2092 1788 2403 1858 Anagnosta
2448 1788 2570 1841 fuit.
2602 1787 2790 1841 Tradit
2822 1788 2935 1841 haec
2974 1803 3094 1856 cap.
3148 1787 3253 1841 l9:
3304 1786 3476 1840 Porro

254 1875 433 1928 abiere
448 1891 738 1943 pra'cones,
775 1876 1058 1945 inquiens,
1083 1878 1151 1929 ad
1177 1877 1345 1930 multa
1375 1876 1521 1929 illius
1545 1876 1765 1929 ditionis
1787 1874 1904 1929 loca
1927 1918 1941 1942 ,
1971 1885 2028 1928 ut
2058 1877 2260 1929 dictum
2293 1885 2369 1929 est
2394 1916 2410 1940 ,
2436 1891 2563 1945 quos
2592 1891 2824 1943 reperere
2854 1873 3358 1939 Tltessalonicenses,
3388 1876 3482 1943 qui

255 1976 371 2014 ante
435 1961 715 2016 nonnullos
747 1979 916 2016 annos
954 1980 1129 2016 rerum
1159 1963 1419 2031 angustiis
1453 1965 1615 2029 pressi
1645 1978 1709 2015 ea:
1736 1978 1798 2015 ea
1829 1975 2168 2028 secesserant,
2210 1965 2370 2017 etiam
2397 1965 2441 2016 vi
2472 1962 2685 2015 reduces
2715 1962 2904 2032 fecere,
2939 1964 3169 2030 captivos
3201 1963 3319 2014 item
3349 1978 3481 2029 quo-

254 2066 349 2111 quo
380 2051 543 2101 modo
572 2050 624 2104 in
646 2050 944 2104 libertatem
974 2051 1283 2104 vindicatos.
1315 2049 1523 2105 Ibidem
1556 2052 1715 2117 paulo
1736 2058 1860 2115 post
1888 2067 1901 2104 :
1937 2031 2299 2118 Opinabantu;
2338 2063 2482 2110 vero,
2518 2049 2697 2101 urbem
2730 2063 2912 2101 rursus
2934 2049 3215 2115 pristintt'm
3240 2049 3482 2100 decorem

258 2146 611 2204 recepturum,
648 2145 698 2190 et
730 2139 976 2201 pietatem
1024 2139 1172 2191 novis
1207 2138 1426 2207 ﬂoribus
1457 2154 1800 2198 emersurum,
1832 2146 1902 2200 et,
1936 2149 1990 2189 ut
2035 2147 2211 2201 antea,
2242 2132 2395 2206 longe
2428 2137 2631 2205 lateque
2664 2137 3063 2205 divagaluram.
3101 2137 3164 2189 Et
3190 2136 3328 2205 forte
3360 2136 3439 2204 c/f
3463 2163 3483 2173 -

253 2214 391 2277 ctuiu
430 2224 723 2289 habuisset,
755 2226 808 2278 ni
839 2240 1024 2278 rursus
1055 2240 1291 2279 meorum
1342 2225 1653 2279 delictorum
1704 2226 1854 2291 capia
1877 2226 2186 2288 obstitisset,
2225 2226 2483 2293 datusque
2509 2232 2641 2279 esset
2676 2224 2822 2277 locus
2858 2225 3207 2292 improbitati.
3258 2224 3343 2277 Ea:
3382 2241 3485 2287 quo

252 2314 383 2365 enim
423 2313 615 2364 civitas
672 2313 975 2379 captivitate
1001 2328 1183 2381 pressa
1236 2313 1434 2380 fuerat,
1463 2322 1511 2365 et
1546 2312 1789 2366 Mttrates
1821 2314 2023 2377 omnia,
2056 2323 2103 2367 et
2137 2311 2360 2381 a'dt'ﬂcia
2388 2353 2403 2378 ,
2440 2323 2486 2365 et
2512 2315 2882 2379 possessiones,
2911 2324 2959 2366 et
2983 2328 3139 2365 sacra
3176 2314 3393 2378 templa.
3436 2331 3467 2363 t-

249 2397 603 2464 monasteria,
639 2410 690 2452 et
722 2415 902 2453 eorum
926 2401 1146 2470 reditus,
1188 2399 1336 2453 nobis
1378 2402 1746 2453 revertentibus
1779 2415 1983 2469 quoquo
2016 2401 2168 2453 modo
2205 2398 2383 2452 liberis
2406 2401 2561 2471 factis
2589 2399 2861 2470 magniﬁce
2886 2408 2936 2452 et
2968 2401 3186 2468 scripto,
3210 2409 3259 2453 et
3282 2417 3485 2453 sermo-

251 2503 309 2539 ne
333 2488 601 2552 elargitus
631 2496 732 2550 est,
785 2496 835 2540 et
869 2487 1000 2540 locis
1032 2502 1096 2541 ea:
1147 2488 1385 2542 omnibus
1437 2489 1838 2541 advenienibus
1881 2486 2176 2539 libertatem
2206 2488 2385 2556 palam
2408 2486 2596 2551 edixit,
2631 2499 2676 2540 et
2700 2504 2825 2541 suas
2860 2487 3064 2552 domus,
3098 2497 3147 2541 et
3166 2504 3486 2557 quwcunque

253 2575 552 2628 immobilia
577 2592 750 2629 omnes
786 2587 1185 2639 recuperarunt,
1231 2585 1279 2629 ct
1305 2577 1433 2629 ordo
1487 2580 1676 2637 omnis,
1703 2584 1751 2630 et
1779 2590 1902 2642 gens
1940 2576 2189 2628 universa
2209 2576 2435 2628 civitatis
2486 2575 2712 2628 secundo
2759 2576 2940 2645 augeri
2971 2577 3310 2643 renovarique
3342 2578 3485 2631 haud

254 2662 585 2730 improspere
617 2677 837 2731 erepere,
868 2673 917 2714 et
944 2672 1129 2728 pastor
1188 2663 1332 2715 urbis
1378 2673 1605 2722 creatus,
1660 2671 1708 2715 et
1768 2663 2002 2715 lt‘crlesia
2061 2664 2290 2715 constitit
2350 2665 2461 2716 suis
2531 2664 2785 2717 institutis
2834 2666 3135 2731 conspicua,
3193 2677 3242 2719 et
3298 2683 3489 2719 mona-

254 2751 335 2802 chi
354 2751 696 2803 monasteria
726 2761 1024 2812 tenuerunt,
1056 2762 1103 2803 et
1134 2750 1364 2803 studiose
1388 2751 1671 2802 admodum
1696 2764 1872 2803 eorum
1906 2751 2199 2818 unguentis
2227 2749 2523 2814 inhiabant,
2564 2766 2839 2816 omnesque
2873 2768 2958 2817 spe
2978 2749 3315 2804 lactubamur
3345 2754 3481 2806 bona

250 2849 319 2903 et,
354 2851 416 2894 ut
459 2839 686 2892 breviter
719 2855 799 2894 me
832 2840 1130 2908 expediam,
1164 2849 1382 2907 propter
1406 2839 1670 2892 excidium
1698 2840 1843 2891 nobis
1868 2837 2125 2890 malorum
2160 2827 2434 2890 iilato’rum
2468 2839 2724 2891 memoria
2749 2840 2972 2902 amissa,
3004 2840 3365 2906 gaudebamus
3389 2840 3515 2905 pro"

256 2927 342 2993 iis,
372 2942 504 2997 qua:
537 2926 686 2979 nobis
723 2928 990 2995 insperato
1015 2928 1333 2996 obtigerant,
1356 2937 1403 2980 et
1428 2926 1706 2993 pristinam
1735 2926 2041 2994 felicitatem
2095 2920 2642 2994 tranquillitatemque
2673 2936 3072 2980 consecuturum
3105 2925 3281 2979 urbem
3301 2943 3487 2993 spera-
3576 2936 3595 2949 "

250 3015 489 3074 bamus:
519 3023 630 3066 tum
653 3030 718 3067 ea:
740 3016 911 3081 nobis,
952 3026 1007 3067 ut
1039 3014 1314 3083 proverbio
1360 3016 1551 3083 fertur,
1575 3016 1741 3065 lorum
1772 3005 2036 3080 sunfptnm
2073 3022 2171 3083 est,
2202 3023 2273 3074 et,
2297 3028 2412 3081 qute
2438 3016 2849 3081 expectabantur
2887 3016 3043 3078 bona,
3076 3015 3129 3067 in
3158 3016 3486 3070 contrarium

254 3102 588 3155 reciderunt.
615 3099 748 3168 Cap.
776 3100 849 3155 20
875 3118 889 3153 :
930 3099 1071 3155 Nam
1130 3099 1557 3155 Thessalonicam
1608 3111 1839 3168 repetens
1877 3100 2118 3154 Murates
2150 3099 2433 3173 [secundus
2461 3111 2570 3154 tum
2604 3103 2845 3157 currebat
2874 3102 2949 3156 vel
2979 3104 3163 3156 tertius
3194 3115 3308 3173 post
3347 3108 3492 3160 exci-

244 3188 408 3243 dium
439 3186 641 3260 anuus]
670 3198 725 3241 ut
746 3205 862 3243 eam
885 3184 1150 3253 inviseret.
1178 3191 1585 3258 accuratiusque
1615 3204 1695 3243 res
1717 3188 1861 3241 illius
1892 3187 2283 3249 addisceret,-et
2308 3188 2455 3242 bonis
2481 3189 2624 3242 illius
2656 3190 2942 3260 frueretur,
2972 3201 3016 3242 et
3045 3192 3341 3244 muneribus
3372 3210 3491 3244 ntu-

247 3278 432 3346 aiﬁcis
472 3277 810 3330 contenderet
832 3293 947 3331 cum
974 3295 1070 3332 suo
1095 3280 1448 3349 progenitore,
1473 3280 1716 3343 illiusque
1756 3278 1985 3348 vestigiis
2018 3277 2281 3331 insisteret
2314 3294 2332 3332 :
2368 3278 2456 3346 qui
2483 3276 2856 3331 Thessalonica
2883 3278 3077 3345 potitus
3105 3280 3307 3347 gratias
3335 3281 3461 3332 iunu
3481 3311 3497 3322 -

242 3379 431 3418 meras
493 3363 901 3433 largitionesque
954 3368 1213 3419 maximas
1261 3365 1425 3433 fecit:
1480 3369 1599 3426 hac.
1619 3366 1853 3434 inquam,
1905 3364 2071 3435 fretus
2116 3374 2304 3428 mente,
2346 3364 2586 3435 illiusque
2638 3365 2978 3435 exsequenda:
3031 3383 3198 3420 causa
3257 3369 3491 3428 veniens.

242 3452 597 3514 postmodum
621 3450 779 3505 malis
806 3450 1040 3505 aliorum
1068 3452 1454 3507 monitionibus
1490 3454 1801 3513 distractus,
1838 3453 2120 3507 consilium
2154 3456 2535 3523 pristinamque
2569 3448 2879 3509 sententiam
2908 3466 3074 3510 mutat
3102 3473 3120 3509 :
3152 3468 3199 3510 et
3229 3473 3366 3522 quw,
3392 3475 3494 3527 quo

246 3537 401 3603 σαριῖ
432 3550 623 3588 “mm
660 3544 912 3603 tempore.
938 3552 1042 3589 ηοη
1068 3538 1289 3605 Parca“.
1318 3551 1377 3590 ϐο
1429 3537 1675 3603 “mittitis
1706 3536 1957 3604 Per/icere
1987 3545 2277 3597 constituit.
2314 3543 2506 3613 Igitur,
2545 3545 2664 3598 licet
2695 3546 2786 3598 ille
2824 3545 3040 3607 diceret,
3068 3547 3184 3600 ideo
3216 3564 3272 3601 se
3299 3550 3496 3600 venisse

250 3632 309 3674 ut
341 3624 538 3675 urbem
569 3634 616 3674 et
638 3622 849 3691 singula
880 3623 1028 3677 illius
1055 3624 1506 3690 circumspiceret.
1540 3625 1749 3691 otioque
1774 3633 1822 3675 et
1854 3624 2052 3683 laboris
2082 3630 2384 3684 remissione
2413 3641 2670 3693 uteretur,
2711 3632 2965 3702 bonisque
3004 3633 3148 3686 illius
3187 3635 3256 3685 ad
3286 3639 3463 3687 saturi
3473 3664 3493 3673 ο

258 3717 431 3764 tatem
460 3711 855 3777 luxuriaretur,
879 3713 1055 3780 sicque
1083 3728 1187 3766 non
1226 3712 1400 3766 minus
1428 3713 1482 3765 in
1513 3728 1626 3787 eam
1663 3711 1901 3765 benevole
1952 3716 2173 3781 a/l'ectus
2196 3755 2212 3778 ,
2240 3716 2457 3769 meliora
2483 3722 2743 3785 speranda
2779 3718 2927 3771 nobis
2958 3719 3011 3771 in
3042 3730 3307 3787 posterum
3336 3721 3496 3774 relin-

249 3806 443 3865 queret
464 3815 489 3863 ;
523 3798 867 3852 nihilominus
896 3800 1123 3864 primum
1154 3801 1463 3852 mandatum
1493 3798 1659 3861 dedit,
1685 3801 1821 3864 quod
1863 3813 1956 3851 nec
1986 3815 2081 3866 per
2110 3803 2376 3854 somnium
2401 3804 2612 3871 quidem
2629 3803 2888 3870 quispiam
2912 3817 3261 3871 expectasset.
3297 3806 3359 3859 Id
3393 3825 3495 3860 nu-

247 3895 357 3938 tem
389 3893 539 3949 erat,
575 3888 899 3939 monasteria
928 3888 1108 3939 omnia
1134 3884 1432 3954 templaque
1473 3878 1808 3952 occupanda,
1854 3878 2038 3939 eorum
2067 3888 2268 3939 reditus
2297 3904 2474 3941 omnes
2521 3892 2976 3958 possessionesque
3001 3894 3338 3959 auferendus,
3366 3905 3413 3946 et
3442 3897 3497 3947 in

243 3984 557 4043 angustum
582 3975 769 4041 Oppido
801 3990 882 4028 res
915 3984 1122 4029 nostras
1151 3977 1428 4041 cogendas.
1483 3973 1632 4038 Quod
1664 3989 1765 4025 non
1789 3973 1954 4025 multo
1985 3984 2098 4039 post
2128 3974 2330 4042 factum
2373 3984 2449 4028 est
2474 3976 2538 4028 ab
2568 3976 2678 4028 illis
2696 3976 2989 4046 insigniter.
3023 3977 3155 4046 Cap.
3195 3980 3257 4032 2!
3292 3999 3305 4034 :
3340 3980 3391 4032 Ν
3397 3998 3498 4033 unc

242 4075 444 4125 porro,
489 4061 584 4127 qui
609 4078 639 4113 a
670 4061 992 4129 longioribus
1023 4062 1129 4115 oris
1163 4060 1338 4125 illius,
1380 4073 1638 4128 compotes
1662 4060 2105 4127 [tendi‘desiderio
2140 4061 2486 4123 eaardebant,
2516 4078 2602 4117 eos
2631 4064 2714 4117 sui
2743 4064 3010 4127 desiderii,
3044 4068 3134 4117 sed
3170 4078 3217 4120 et
3247 4083 3342 4119 nos
3368 4066 3498 4133 qu‘o-

160 4207 164 4211 η
239 4164 349 4215 que
391 4149 453 4200 in
477 4162 598 4201 eam
626 4148 904 4201 reditionis
928 4148 1141 4216 panitet
1168 4165 1190 4213 ;
1221 4165 1342 4202 cum
1370 4164 1485 4216 spes
1520 4148 1753 4202 melioris
1775 4155 1950 4201 status
1975 4149 2185 4216 penitus
2227 4153 2435 4203 sublata
2465 4152 2552 4203 sit.
2581 4149 2682 4205 Ubi
2718 4161 2897 4216 notes,
2937 4160 3209 4206 auctorem
3245 4166 3495 4207 nostrum

240 4246 442 4302 capite
478 4234 573 4300 20,
608 4249 729 4288 cum
748 4235 820 4291 sit
848 4234 1068 4300 dubius,
1104 4236 1278 4290 altero
1307 4251 1377 4290 an
1427 4236 1590 4289 tertio
1621 4249 1788 4298 anno,
1830 4244 1957 4303 post.
1985 4236 2136 4290 urbis
2175 4236 2675 4294 TheSSalotticettsis
2697 4239 2997 4303 excidium,
3042 4240 3093 4292 id
3149 4249 3234 4294 est
3282 4256 3487 4295 annum

237 4320 469 4375 Christi
514 4321 677 4386 M50,
710 4337 818 4387 res,
852 4338 990 4392 quas
1030 4324 1130 4377 hoc
1170 4325 1286 4377 loco
1320 4332 1528 4387 narrat,
1559 4322 1894 4387 acciderint;
1926 4320 2106 4376 latuere
2137 4325 2293 4378 nouis
2329 4324 2544 4393 aliquod
2586 4325 2870 4389 indicium,
2900 4340 2992 4379 eas
3026 4343 3083 4379 se
3117 4327 3314 4382 litteris
3346 4343 3465 4381 com
3488 4359 3502 4368 -

240 4410 487 4487 misisse
523 4418 647 4479 post
666 4424 840 4465 annos
867 4411 935 4466 ab
954 4420 1258 4489 expugnata
1288 4409 1677 4466 Thessalonica
1702 4408 1902 4478 plures,
1926 4424 2085 4489 quam
2132 4421 2240 4465 tres
2280 4421 2358 4476 ut,
2389 4424 2556 4482 quoto
2581 4429 2725 4468 anno
2741 4426 2907 4486 gesta:
2928 4416 3150 4481 fuerint,
3177 4426 3366 4471 exacte
3394 4432 3500 4471 non

236 4499 503 4567 amplius
535 4498 815 4554 recordari
846 4500 1100 4568 potuerit.
1124 4497 1300 4563 Unde,
1336 4514 1444 4554 non
1476 4509 1682 4552 tantum
1715 4511 1858 4551 anno
1898 4495 2100 4551 Christi
2156 4498 2312 4562 1455,
2347 4502 2439 4554 sed
2475 4501 2641 4555 etiam
2669 4501 2876 4571 aliquot
2912 4503 3071 4556 annis
3100 4514 3221 4571 post
3248 4505 3302 4558 in
3364 4506 3502 4559 vivis

237 4588 640 4656 Anaguostam
664 4596 909 4641 nostrum
935 4587 1210 4643 exstitisse
1227 4588 1469 4658 colligas.

755 4722 984 4780 Joannis
1015 4729 1326 4798 Anagnosta:
1347 4729 1565 4797 scripta.
1601 4728 1674 4784 De
1697 4731 1846 4783 rebus
1870 4727 2566 4795 Constantinopolitanorutn
2596 4722 2971 4779 Macedonicis.

314 4838 416 4895 VI.
458 4836 546 4890 Ad
578 4836 866 4905 quemdam
921 4837 1096 4889 virum
1167 4839 1515 4902 laudabilem,
1567 4840 1721 4908 cujus
1770 4852 1963 4891 nomen
2023 4835 2241 4891 silentio
2290 4833 2440 4903 tegit,
2500 4836 2864 4887 narrationem
2915 4836 2981 4888 de
3015 4846 3255 4891 extremo
3290 4837 3507 4892 excidio

236 4926 684 4983 Thessalonicae
714 4925 959 4991 scripsit.
1005 4923 1115 4978 lloc
1152 4925 1331 4980 libello
1362 4936 1569 4988 narrat,
1596 4936 1649 4978 ct
1679 4925 2038 4987 obsidionem,
2065 4932 2120 4975 et
2161 4920 2615 4989 expugnationem
2649 4920 2975 4974 istiusurbis
3008 4919 3359 4976 Macedonum
3396 4925 3504 4988 pri-

238 5014 475 5075 mariae,
502 5025 669 5078 quam
694 5012 921 5079 imperio
942 5009 1236 5065 (IPolitano
1292 5011 1613 5079 subjectum,
1649 5029 1770 5066 cum
1812 5013 2070 5065 adversus
2107 5007 2315 5062 Turcas
2354 5007 2622 5077 Cpolitani
2650 5007 2940 5062 defendere
2966 5011 3101 5062 satis
3128 5026 3229 5061 non
3260 5023 3504 5076 possent.
3576 5032 3581 5036 -

243 5099 615 5154 Venetorum
650 5098 902 5166 potestati
944 5097 1240 5161 subditam,
1270 5114 1414 5152 anno
1454 5099 1800 5166 imperatoris
1826 5096 2052 5153 Joannis
2086 5095 2368 5162 Palaelogi
2402 5094 2643 5150 Junioris
2664 5093 2750 5159 19.,
2785 5095 2986 5150 Christi
3012 5095 3169 5157 1450,
3202 5095 3439 5148 Mor-ales
3463 5095 3503 5147 ll

237 5184 579 5240 Turcarum
601 5183 855 5258 princeps
882 5186 1129 5238 dominio
1156 5183 1389 5238 Turrico
1423 5185 1675 5249 subjecit.
1719 5185 1925 5246 Prodiit
1950 5183 2135 5237 Grmce
2157 5194 2210 5236 et
2241 5181 2448 5245 Latine,
2484 5184 2781 5251 interprete
2801 5181 2980 5236 Leone
3008 5182 3233 5245 Allatio,
3266 5184 3319 5236 in
3356 5180 3505 5249 ejus-

234 5271 375 5329 dem
441 5270 810 5340 Symmictis,
843 5270 1078 5326 Colonia:
1096 5270 1406 5341 Agrippinae
1436 5287 1531 5341 per
1566 5269 1829 5326 Jodocum
1862 5273 2202 5338 tsalcovium,
2231 5271 2514 5338 MDCLlll,
2537 5275 2592 5326 in
2628 5273 2680 5329 8.
2790 5273 2795 5277 ’

598 5723 870 5784 Panos.
904 5724 1021 5787 Gn.
1060 5720 1258 5782 CLVI.
2116 5700 2127 5706 ’

2116 5700 2127 5706 -
3011 5723 3086 5818 ψ
