3908 6196
3308 351 3409 415 594

1913 482 1967 535 ί.
1998 484 2185 550 Itaque
2211 491 2319 534 tam
2348 481 2464 533 diro
2494 479 2656 541 malo,
2684 478 2831 532 obitu
2868 490 3059 545 nempe
3096 472 3263 537 illius,
3318 489 3414 526 eam

1835 575 1965 628 teris
1990 576 2289 638 adnexo,et
2310 570 2627 625 omnibusin
2651 570 2868 624 civitate
2894 568 3044 631 viris,
3067 564 3412 625 mulieribus,

1834 664 2038 732 pueris,
2066 659 2545 725 Latiuis,.|udaeis
2593 673 2806 727 quoque
2837 657 2992 724 ipsis,
3044 654 3410 709 miserandum

1836 756 1889 810 iu
1922 753 2136 808 modum
2164 768 2468 806 sermonem
2493 749 2923 809 conferentibus,
2953 760 3005 801 et
3036 746 3235 814 reliqua
3286 759 3406 797 om-

1836 846 1923 900 nia
1950 862 2068 915 qua:
2121 844 2353 901 eos'tum
2385 842 2690 910 aﬂligebaut
2723 855 2752 893 e
2781 837 3041 893 memoria
3085 835 3408 907 deponenti-

1838 939 1959 1003 bus,
1994 938 2226 1008 pastoris
2253 936 2383 991 tanti
2414 935 2767 1004 privationem
2796 932 2850 985 in
2877 939 3108 985 mentem
3160 942 3422 983 rex-oeau-
3472 982 3479 989 η
3506 982 3509 985 η

1844 1031 1986 1085 tibus
2015 1042 2070 1085 et
2115 1032 2316 1099 saepius
2358 1024 2760 1097 prolereutibus
2815 1018 3319 1086 asserentiliusque,
3358 1025 3423 1068 ut

1839 1124 1950 1195 jam
1975 1123 2144 1187 iuutti,
2176 1132 2229 1177 et
2254 1137 2359 1175 non
2386 1131 2588 1175 temere
2605 1114 2959 1173 credentibus
2984 1111 3244 1166 iudicium
3282 1107 3417 1161 illud

1844 1232 1965 1273 esse
1996 1225 2050 1270 et
2078 1208 2271 1269 divime
2302 1211 2597 1283 punitiouis
2627 1220 2680 1264 et
2706 1204 2982 1263 subsecuti
3032 1199 3228 1256 excidii
3254 1217 3268 1264 ;
3291 1198 3421 1261 hoc,

1847 1309 2092 1378 inquam,
2113 1315 2253 1362 statu
2288 1319 2494 1366 rerum,
2517 1316 2638 1356 eum
2669 1299 2937 1354 modicum
2972 1305 3185 1363 tempus
3209 1290 3431 1346 interim

1847 1398 2231 1471 processisset,
2263 1396 2315 1449 in
2337 1393 2489 1465 pejus
2512 1408 2674 1461 quam
2700 1399 2858 1445 antea
2885 1401 3044 1443 ruere
3069 1382 3276 1446 omnia,
3309 1395 3394 1433 ma
3411 1410 3428 1421 -

1851 1506 1954 1562 gna
1977 1488 2224 1545 confusio
2247 1486 2461 1540 animos
2485 1495 2778 1551 occupare,
2811 1492 2933 1530 cum
2966 1474 3071 1529 alia
3098 1473 3188 1528 alii
3233 1472 3431 1526 decer-

209 365 299 428 593
1030 402 1035 409 ι
1190 366 1287 424 DE
1334 361 1646 423 EXCIDIO
1682 361 1970 423 TIIESSA
1987 361 2413 423 LONICENSI.

261 483 326 538 δ’,
350 480 538 536 Τούτου
573 478 666 534 οὖν
695 479 789 533 τοῦ
821 480 1013 545 δεινοῦ,
1054 482 1150 549 τῆς
1200 481 1461 547 τελευτῆς
1517 482 1729 534 ἐκείνου
1768 484 1809 538 Α

203 582 343 648 φημὶ,
375 576 816 646 προστεθειμένον
845 578 957 638 τοῖς
992 574 1190 636 ἄλλοις,
1226 579 1319 628 καὶ
1367 574 1584 627 πάντων
1622 574 1730 627 τῶν

204 673 253 724 ἐν
276 672 334 740 τῇ
367 667 527 728 πόλει,
577 667 789 737 ἀνδρῶν
820 665 1100 733 γυναικῶν
1132 664 1339 717 παίδων
1391 662 1637 716 Λατίνων
1672 678 1729 712 τε

203 764 281 816 καὶ
324 761 489 813 αὐτῶν
530 759 822 819 Ἰουδαίων,
862 758 1113 822 ἐλεεινῶς
1159 758 1295 828 πρὸς
1329 757 1593 825 ἀλλήλους
1620 754 1733 807 διο-

206 854 485 922 μιλούντων,
516 851 614 905 καὶ
635 851 703 902 τὰ
727 850 827 919 μὲν
851 849 964 904 ἀλλ’
987 850 1086 902 ὅσα
1112 848 1336 910 τούτους
1369 844 1552 909 ἐπίεζε
1582 842 1734 914 δηλο-

203 949 296 997 νότι
322 947 379 1013 τῇ
413 942 544 1013 λήθῃ
575 942 1085 1010 παραπεμπόντων,
1137 941 1238 1009 τὴν
1272 938 1365 991 τοῦ
1400 934 1658 1006 ποιμένος
1682 935 1737 988 δὲ

207 1036 428 1103 στέρησιν
466 1034 559 1085 ἐπὶ
602 1032 732 1084 νοῦν
762 1032 1153 1103 λαμϐανόντων
1199 1032 1295 1084 καὶ
1326 1029 1569 1099 συνεχῶς
1604 1046 1738 1099 πρυ-

205 1127 466 1197 φερόντων,
493 1125 595 1193 τῆς
629 1124 727 1178 τοῦ
770 1124 907 1178 Θεοῦ
934 1142 993 1177 τε
1034 1123 1309 1185 παιδείας,
1357 1123 1432 1188 ῶς
1464 1120 1737 1189 προύφην,

206 1221 401 1288 καὶτῆς
449 1217 828 1286 γεγενημένης
886 1216 1138 1279 ἁλώσεως
1189 1214 1285 1269 καὶ
1315 1214 1589 1282 λεγόντων
1648 1228 1744 1281 ση-

211 1313 335 1380 μεῖον
380 1307 534 1361 τοῦτο
584 1308 677 1360 καὶ
709 1305 1099 1370 πιστευόντων,
1132 1336 1197 1345 -—
1233 1303 1405 1366 οὕτως
1438 1298 1530 1357 οὖν
1563 1302 1744 1354 διατε-

213 1402 402 1462 θέντων,
444 1400 540 1451 καὶ
568 1399 752 1464 ὀλίγου
780 1398 844 1467 δή
882 1412 1028 1458 τινος
1058 1397 1115 1449 ὲν
1141 1394 1217 1463 τῷ
1250 1392 1459 1464 μεταξὺ
1502 1389 1745 1462 παρεληοη

214 1493 397 1554 Mero;
418 1489 514 1543 τοῦ
548 1488 769 1561 χρόνου,
800 1491 982 1558 χεῖρον
1010 1487 1042 1555 ἢ
1074 1487 1344 1556 πρότερον
1370 1484 1494 1554 ἔσχε
1523 1483 1592 1537 τὰ
1614 1484 1752 1552 πρά-

216 1603 386 1653 γματα,
434 1584 531 1635 καὶ
578 1582 841 1651 σύγχυσις
877 1577 1181 1649 πανταχοῦ,
1214 1578 1410 1632 ’ἄλλων
1465 1576 1597 1629 ἀλλα
1630 1576 1751 1645 βου-

211 1677 476 1746 λευομένων
509 1675 606 1730 καὶ
631 1676 797 1744 μηδὲν
826 1678 885 1727 ὲν
901 1672 1085 1743 ταυτῶ
1114 1668 1391 1724 συνελθεῖν
1416 1668 1749 1738 δυναμένων’

212 1772 291 1822 καὶ
322 1768 698 1839 παραπλήσιόν
758 1785 810 1820 τι
863 1767 977 1828 τοῖς
1033 1762 1129 1817 ἐπὶ
1165 1762 1292 1831 νηὸς
1345 1760 1753 1831 χειμαζομένης

212 1863 515 1931 ἐπάσχομεν,
540 1860 669 1914 ὅταν
693 1861 723 1912 ό
754 1856 1099 1928 κυϐερνήτης
1122 1856 1235 1925 ἀπῇ
1259 1868 1274 1885 ’
1308 1852 1485 1906 πάντα
1510 1852 1616 1919 γὰρ
1645 1850 1760 1902 ἐκεῖ

213 1956 423 2024 ταράχου
458 1954 657 2024 μεστὰ,
684 1953 834 2021 καὶὴ
866 1950 999 2014 ναῦς
1031 1949 1131 2002 ούκ
1164 1948 1360 2018 ἔχουσα
1390 1945 1482 1999 τὸν
1510 1943 1758 1997 ίθύνοντα

213 2051 312 2111 ταῖς
338 2046 436 2098 τῶν
458 2046 683 2115 ἀνέμων
721 2043 862 2115 βίαις
887 2042 984 2095 τοῦ
1025 2041 1213 2109 πρόσω
1236 2038 1437 2108 χωρεῖν
1465 2033 1760 2095 ἀκινδύνως

214 2140 265 2191 ού
293 2140 664 2207 συγχωρεῖται.
687 2136 809 2189 Τῶν
838 2132 937 2204 μὲν
967 2131 1058 2186 οὖν
1081 2130 1147 2201 δὴ
1173 2129 1437 2184 πλειόνων
1476 2127 1763 2195 δυσχεραι-

213 2232 387 2284 νόντων
419 2232 499 2283 ὅτι
535 2230 612 2300 μὴ
644 2228 826 2295 σφίσιν
855 2225 981 2295 ὲξῆν
1012 2220 1306 2290 προδοῦναι
1342 2219 1441 2289 τὴν
1464 2218 1622 2272 πόλιν
1652 2218 1762 2279 τοῖς

213 2324 471 2393 Τούρκοις,
489 2321 744 2375 δεδιότων
777 2319 908 2381 ῖσως
936 2317 965 2369 ὃ
990 2316 1216 2384 γέγονεν
1251 2314 1505 2383 ὕστερον,
1530 2307 1761 2379 ἄγγελος

210 2411 296 2488 ἧκε
324 2417 407 2469 τὸν
457 2413 759 2484 Μουράτην
806 2410 894 2480 ἐφ’
940 2408 1089 2478 ἡμᾶς
1142 2404 1464 2474 κεκινῆσθαι
1516 2400 1760 2471 μηνύων,

214 2509 438 2560 πλεῖττον
470 2507 602 2560 ὅσον
635 2501 869 2573 στρατὸν
909 2497 1336 2567 συναγείραντα,
1385 2494 1479 2546 καὶ
1506 2491 1593 2545 διὰ
1625 2492 1759 2543 πάν-

214 2616 305 2653 των
350 2598 530 2661 καλῶς
564 2591 1106 2666 παρεσκευασμένον.
1141 2589 1268 2647 Τοῖς
1303 2588 1404 2656 μὲν
1435 2582 1527 2639 οὖν
1573 2582 1765 2638 δεκτέα

216 2707 313 2752 πως
343 2689 520 2755 ἔδοξεν
571 2688 604 2758 ἡ
640 2684 867 2754 ἀγγελία
898 2681 995 2736 καὶ
1030 2678 1268 2749 πιθανὴ,
1298 2679 1412 2738 τοῖς
1437 2674 1494 2728 δὲ
1530 2675 1626 2745 μὴ,
1675 2674 1767 2726 καὶ

217 2783 430 2852 μάλιστα
474 2781 753 2841 Λατίνοις,
782 2780 891 2832 εἴτε
926 2773 1327 2846 μεγαλοῲυχείν
1364 2766 1769 2840 προσποιουμέ-

215 2893 327 2937 νοις.
349 2877 455 2928 εἴτε
498 2875 700 2942 πεῖραν
725 2870 825 2943 ob):
858 2867 1116 2939 ἐσχηκόσι
1155 2864 1266 2917 τῶν
1293 2861 1574 2931 Τούρκων,
1676 2858 1771 2911 καὶ

216 2967 398 3037 μᾶλλον
427 2966 614 3033 ἔγωγε
646 2961 927 3029 πείθομαι.
961 2957 1132 3011 Πόθεν
1163 2955 1276 3025 γὰρ
1318 2951 1526 3020 εῐδησις
1556 2949 1769 3010 τούτοις

215 3064 264 3113 ἐν
291 3059 533 3126 θαλάττῃ
564 3055 660 3108 καὶ
688 3051 1051 3120 γεννωμένοις
1083 3048 1181 3101 καὶ
1231 3045 1309 3108 είς
1340 3044 1522 3113 γῆρας
1552 3044 1773 3096 διαιτω-

1855 1592 2055 1638 nerent
2091 1595 2189 1635 uec
2225 1582 2459 1649 possent“
2476 1575 2527 1629 in
2563 1588 2722 1628 unam
2754 1575 3077 1627 scntenltam
3097 1562 3390 1620 convenire
3420 1601 3435 1626 ,

1856 1690 2063 1744 nosque
2089 1672 2198 1727 illis
2215 1669 2303 1740 qui
2334 1669 2391 1744 in
2411 1667 2533 1722 navi
2556 1662 2799 1721 adversis
2825 1658 3244 1727 tempestatibus
3269 1664 3435 1708 utun-

1861 1777 1948 1823 tur
1976 1779 2099 1820 cum
2130 1740 2459 1833 gubernaior
2486 1759 2663 1823 abest,
2694 1770 2802 1809 non
2835 1749 3135 1813 absimiles,
3166 1745 3328 1799 variis
3350 1758 3439 1797 re-

1863 1874 1981 1914 rum
2010 1851 2504 1924 ﬂuctibusjactari.
2535 1850 2789 1917 Namque
2816 1846 2889 1898 ibi
2920 1842 3100 1898 omnia
3148 1849 3275 1895 sunt
3326 1847 3379 1889 tu
3394 1851 3443 1888 re

1861 1952 2054 2008 barum
2082 1949 2265 2019 plena,
2294 1955 2350 2003 et
2377 1944 2556 2009 navis,
2589 1942 2823 2013 spoliata
2855 1947 3069 2011 rectore
3095 1948 3159 1988 ac
3187 1934 3235 1986 vi
3256 1941 3444 1986 vento-

1862 2058 1983 2098 rum
2009 2052 2272 2095 concussa
2300 2037 2407 2092 iter
2431 2048 2590 2089 suum
2624 2030 2944 2085 continuare
2997 2023 3201 2093 absque
3252 2019 3445 2075 discri-

1864 2135 2010 2190 mine
2037 2147 2145 2187 non
2183 2126 2533 2201 permittitur.
2568 2123 2704 2179 Cum
2736 2135 2866 2192 ergo
2888 2117 3134 2188 plerique
3151 2128 3295 2183 :egre
3325 2111 3440 2164 fcr-

1867 2235 1988 2283 rent
2012 2240 2115 2278 non
2138 2219 2367 2277 concedi
2387 2217 2490 2275 sibi
2516 2216 2711 2272 Turcis
2737 2214 2926 2269 urbem
2950 2209 3164 2270 dedere,
3194 2212 3447 2261 eventum

1866 2312 2211 2389 postmodum
2240 2320 2489 2367 secutum
2509 2307 3014 2378 perhorrescentes,
3038 2296 3260 2354 nuntius
3286 2294 3451 2347 adve-

1870 2410 1950 2464 nit
1976 2407 2237 2462 Muratem
2268 2403 2531 2459 adversus
2562 2413 2662 2455 nos
2686 2397 2789 2452 iter
2815 2406 3123 2464 capessere,
3150 2387 3445 2458 quamplu-

1869 2502 2025 2557 rimis
2052 2498 2225 2570 copiis
2248 2506 2301 2552 et
2333 2498 2496 2551 rebus
2512 2493 2635 2549 aliis
2658 2490 2909 2547 omnibus
2941 2481 3447 2541 instructissimum.

1868 2593 2099 2662 Quidam
2130 2590 2320 2646 nuntio
2347 2589 2505 2644 [idem
2540 2601 2660 2641 esse
2697 2580 3059 2637 adhibendam
3104 2576 3294 2631 dicunt
3320 2589 3336 2633 ;
3363 2586 3455 2626 ne-

1871 2697 2003 2757 gant
2037 2685 2151 2748 alii,
2187 2692 2241 2737 et
2271 2680 2445 2736 Lazini
2500 2677 2867 2748 potissimum,
2922 2673 3037 2728 sive
3095 2664 3455 2736 magnanimi-

1872 2788 2039 2835 tatem
2077 2774 2424 2838 simulantes,
2454 2772 2569 2826 sive
2598 2768 2921 2827 Turcarum,
2951 2760 3096 2834 quod
3136 2755 3454 2813 credibilius

1870 2870 2106 2929 videtur,
2141 2864 2433 2933 inexperti.
2459 2859 2707 2929 Namque
2739 2856 2881 2911 unde
2906 2854 3037 2917 illis,
3070 2852 3124 2906 in
3187 2850 3323 2903 mari
3364 2863 3456 2916 ge-

1874 2960 2005 3013 nitis
2055 2967 2111 3012 et
2136 2956 2333 3011 ultimo
2361 2953 2523 3009 etiam
2559 2950 2735 3006 aetatis
2766 2956 3009 3014 tempore
3033 2944 3197 2996 vitam
3243 2939 3454 3009 agenti-

1874 3048 1998 3113 bus,
2030 3062 2131 3103 nec
2167 3046 2364 3101 nonad
2392 3042 2678 3098 conﬂictus
2709 3047 2763 3095 et
2788 3050 3018 3109 pugnas,
3069 3033 3270 3103 quibus
3316 3027 3458 3082 Tm-

216 3153 404 3220 μένοις,
454 3122 597 3218 πρὸς
637 3142 953 3213 συμπλοκάς
1005 3157 1063 3192 τε
1092 3139 1186 3192 καί
1225 3138 1428 3205 μάχας,
1460 3128 1546 3195 αἶς
1572 3134 1629 3185 τὸ
1656 3130 1765 3183 τῶν

1879 3157 2052 3200 carum
2069 3156 2198 3210 gens
2216 3138 2406 3201 utitur,
2432 3133 2654 3204 ineptis,
2680 3144 2779 3187 nec
2797 3126 3104 3184 valentibus
3123 3139 3249 3179 cum
3297 3122 3455 3177 trire-

213 3245 458 3313 Τούρχων
492 3239 759 3309 κέχρηται
802 3234 977 3302 γένος,
1026 3230 1243 3299 ἔχουσιν
1279 3228 1382 3279 οὐκ
1426 3221 1770 3292 ἐπιτηδείως,

214 3338 299 3389 καὶ
319 3312 465 3405 μηδὲ
516 3329 830 3397 δυναμένοις
878 3326 912 3395 ἢ
967 3323 1054 3376 διὰ
1102 3319 1347 3391 τριηρῶν
1398 3314 1652 3370 ἀπελθεῖν
1700 3312 1780 3374 είς

176 3424 181 3429 ’
215 3404 529 3499 ὑπερορίαν,
572 3423 714 3495 ἡνίκ’
738 3423 804 3475 ἂν
840 3420 935 3473 καὶ
960 3417 1092 3471 ἔνθα
1125 3413 1402 3485 βούλοιντο
1430 3426 1444 3474 ;
1485 3406 1679 3478 μικρὸν
1722 3404 1783 3456 τδ

220 3497 435 3592 μεταξὺ,
474 3519 572 3572 καὶ
620 3514 784 3568 πάλιν
827 3512 1014 3579 ἕτερος
1048 3505 1300 3573 ἄγγελος,
1334 3499 1511 3554 ταυτά
1540 3497 1616 3566 τῷ
1649 3512 1784 3566 προ-

218 3591 350 3684 τέρῳ
379 3614 475 3666 καὶ
508 3609 669 3671 αὐτὸς
703 3602 1063 3672 διαγγέλλων,
1087 3598 1182 3684 καὶ
1205 3596 1329 3658 τοὺς
1376 3593 1567 3661 λόγους
1601 3591 1784 3659 ὅρκοις

225 3704 577 3772 πιστούμενος
631 3696 959 3765 ἀσφαλέσιν,
1011 3692 1097 3760 ἐφ’
1137 3683 1220 3752 οἷς
1274 3684 1614 3755 ἐπείσθημεν
1684 3684 1781 3752 μὲν

225 3797 397 3864 ἡμεῖς,
448 3792 619 3863 μηδὲν
667 3788 793 3843 ἄλλο
831 3783 964 3855 παρ’
989 3783 1121 3836 αύτδ
1154 3778 1564 3852 προσδοκῶντες
1611 3773 1788 3846 (τοῦτο

223 3889 322 3954 γὰρ
352 3889 378 3939 ὁ
406 3883 675 3953 πολυετὴς
715 3879 862 3950 ἡμᾶς
892 3877 1140 3930 ἐδίδασκε
1183 3870 1550 3940 συγκλεισμὸς
1579 3867 1671 3920 καὶ
1719 3864 1789 3917 τὰ

222 3976 567 4049 πράγματα),
606 3971 937 4038 ἐπείσθησαν
984 3968 1041 4019 δὲ
1072 3966 1168 4019 καὶ
1214 3964 1456 4020 Λατῖνοι.
1506 3960 1600 4012 καὶ
1652 3955 1789 4027 πρδς

222 4069 576 4141 παρασκευὴν
609 4066 721 4119 δεῖν
746 4060 891 4125 ἔδοξε
918 4058 1131 4120 τούτοις
1160 4050 1544 4122 διεγηγέρθαι.

289 4140 350 4214 ε’.
384 4162 495 4215 Καὶ
521 4158 585 4228 δὴ
607 4154 823 4227 πρῶτον
861 4152 984 4222 μὲν,
1006 4144 1178 4218 οὗπερ
1225 4144 1461 4215 ἤρξαντο
1527 4140 1794 4210 πρότερον

224 4252 404 4318 ἔργου,
438 4251 573 4321 πρὸς
602 4246 881 4299 τελείωσιν
901 4241 1325 4308 σπουδαιότερον
1354 4235 1694 4302 διετέθησαν.
1722 4230 1794 4282 Τὸ

221 4341 265 4394 δ’
289 4339 353 4411 ἦν
386 4343 420 4411 ἡ
452 4320 581 4409 περὶ
607 4339 705 4400 τὰς
735 4334 994 4399 ἐπάλξεις
1045 4331 1225 4385 αὐτῶν
1245 4327 1555 4398 ἐπιμέλεια.
1586 4320 1796 4391 Μικρὸν

223 4435 329 4504 γὰρ
364 4431 604 4502 πρόσθεν
632 4429 720 4504 δια
751 4425 1030 4496 φροντίδος
1064 4422 1263 4489 πολλῆς
1288 4417 1663 4487 πεποιήκεσαν
1699 4412 1795 4474 τὰς

226 4526 480 4590 ἐπάλξεις
508 4522 602 4576 τοῦ
627 4522 837 4588 τείχους
877 4516 1077 4579 παντὸς
1126 4509 1425 4583 διαφράξαι
1460 4508 1689 4567 σανίσιν,
1721 4504 1796 4567 ὡς

226 4622 279 4670 ὲν
320 4619 518 4671 ἀσπίσι
544 4657 558 4681 ,
599 4617 726 4678 τοὺς
767 4615 864 4683 μὲν
913 4610 1018 4677 ἔξω
1053 4607 1351 4676 πολεμίους
1398 4597 1797 4671 ἀπειργούσαις

225 4712 313 4764 τοῦ
353 4711 538 4779 βέλεσι
564 4706 889 4777 τιτρώσκειν
915 4704 1038 4763 τοὺς
1067 4700 1210 4752 ἔνδον
1240 4698 1442 4765 δεῆσαν
1491 4690 1795 4762 προκῦψαι,

224 4808 331 4863 τοῖς
370 4802 415 4854 δ’
445 4804 533 4853 ἐπὶ
555 4800 664 4851 τῶν
690 4795 885 4865 τειχῶν
916 4793 1222 4861 ἱσταμένοις
1258 4783 1588 4855 πολλὴνκτὴν
1617 4783 1800 4836 ἄδειαν

230 4894 603 4968 πιρεχούσαις
653 4890 877 4958 ἀφανῶς
919 4887 1088 4949 λίθοις
1136 4881 1345 4939 ἄνωθεν
1405 4876 1625 4947 βάλλειν
1675 4875 1802 4933 τοὺς

229 4989 487 5045 ἐπιόντας
535 4984 628 5035 καὶ
677 4981 752 5049 τῷ
789 4975 1147 5049 προστυχόντι
1196 4971 1361 5025 παντὶ
1422 4965 1800 5037 προσπελάσαι

228 5083 337 5141 τοῖς
383 5078 592 5146 τείχεσι
629 5071 1015 5144 βουληθέντας.
1054 5067 1288 5119 Ἔπειτα
1324 5061 1381 5115 δὲ
1421 5062 1531 5113 δεῖν
1565 5050 1804 5127 ἀριθμῆ-

232 5170 473 5228 ost-.105;
520 5167 723 5233 ἄνδρας
763 5162 1025 5233 ᾠήθησαν
1077 5158 1170 5212 καὶ
1202 5154 1547 5225 καταμαθεῖν
1575 5152 1622 5203 εί
1665 5148 1806 5217 πρδς

231 5262 326 5319 τὰς
363 5260 461 5311 τοῦ
485 5260 604 5312 ὅλου
632 5257 844 5327 τείχους
868 5253 1125 5318 ὲπάλξεις
1156 5251 1252 5303 καὶ
1280 5250 1375 5307 τὸν
1398 5244 1687 5315 περίβολον
1714 5241 1804 5294 τὸν

233 5352 368 5420 πρὸς
395 5354 623 5422 ἤπειρον
652 5350 967 5420 ἐξαρκοῦσι.
1011 5346 1119 5399 Καὶ
1151 5344 1216 5412 δὴ
1248 5345 1440 5413 στῆναι
1471 5341 1678 5400 πάντας
1717 5339 1806 5390 ἐπὶ

232 5445 345 5494 τῶν
396 5445 590 5513 τειχῶν
632 5442 750 5513 μεθ’
799 5438 874 5495 ὧν
926 5436 1073 5512 εἶχεν
1125 5437 1357 5497 ἕκαστος
1419 5430 1807 5498 ἐπιτρέπουσιν

233 5536 325 5587 ὂπῖ
341 5552 445 5595 ων,
460 5535 538 5598 ’ὡς
558 5534 623 5589 ἄν
641 5536 735 5590 καὶ
761 5535 1042 5606 μάρτυρας
1062 5530 1187 5590 τοὺς
1215 5528 1376 5588 ἰδίους
1395 5525 1592 5594 ἔχωσιν
1611 5518 1809 5589 ὀφθαλ-

241 5625 405 5695 μούς.
443 5620 514 5679 Οἵ)
544 5627 606 5698 δὴ
639 5628 925 5697 γεγονότος
973 5621 1041 5695 ἦν
1075 5624 1202 5676 ίδεϊν
1259 5618 1353 5672 ἐπὶ
1380 5616 1475 5669 δύο
1523 5614 1616 5668 καὶ
1660 5614 1806 5682 τρεῖς

238 5717 498 5781 ἐπάλξεις
549 5719 645 5773 ἕνα
705 5719 872 5789 ἄνδρα
925 5717 1238 5783 ἱστάμενον,
1289 5710 1382 5763 καὶ
1436 5704 1642 5759 τούτων
1683 5702 1810 5764 τοὺς

243 5809 470 5872 πλείους
523 5812 650 5881 μήθ’
680 5811 819 5865 ὅπλα
855 5808 1222 5879 κεκτημένους
1278 5797 1664 5875 (προανάλωσε
1707 5795 1816 5866 γὰρ

1886 3235 2063 3290 miltus
2091 3231 2196 3286 alio
2218 3236 2372 3285 extra
2405 3242 2535 3281 suos
2572 3225 2727 3287 lines,
2753 3234 2812 3277 ut
2839 3219 2946 3275 illis
2969 3215 3278 3277 allubescit,
3299 3214 3454 3270 diva-

1884 3326 2024 3397 gari,
2055 3322 2297 3392 cognitio
2350 3315 2881 3387 veneritiexiguum
2923 3312 3059 3367 abiit
3121 3319 3343 3379 tempus
3367 3347 3381 3369 ,
3409 3315 3463 3360 et

1886 3428 2076 3470 rursus
2104 3413 2238 3466 allus
2264 3409 2483 3465 nuntius
2508 3408 2695 3463 eadem
2727 3419 2848 3473 quae
2911 3401 3119 3472 primus
3150 3398 3459 3460 denuntiat,

1885 3517 1938 3563 et
1963 3503 2319 3575 jurejurando
2341 3502 2497 3557 lidem
2517 3499 2701 3569 alligat
2725 3511 2879 3552 suam
2909 3510 2927 3557 ;
2958 3508 3067 3563 quo
3087 3506 3185 3546 nos
3205 3488 3454 3560 persuasi

1888 3611 2098 3659 sumus,
2118 3593 2252 3649 nihil
2273 3590 2417 3646 aliud
2436 3596 2819 3660 exspectantes
2846 3602 2861 3640 :
2889 3587 2991 3640 hoc
3008 3583 3150 3640 enim
3174 3580 3343 3635 nostri
3369 3593 3466 3647 per

1890 3678 2088 3743 multos
2117 3699 2290 3739 annos
2322 3685 2373 3738 iu
2413 3691 2699 3752 angustum
2755 3677 3060 3735 contractio
3093 3662 3287 3743 resque
3332 3671 3467 3740 ipsa:

1889 3778 2212 3835 clamabant.
2245 3775 2540 3830 Credidere
2563 3782 2618 3826 et
2644 3771 2822 3826 Latini
2852 3787 2866 3836 ;
2904 3770 3188 3837 visumque
3221 3776 3303 3819 est
3326 3763 3458 3828 illis,

1891 3867 2122 3925 sollicite
2150 3863 2457 3920 necessaria
2513 3871 2841 3931 praeparare.

1965 4137 2019 4191 5.
2055 4135 2115 4190 Et
2149 4132 2386 4204 primum
2420 4128 2663 4198 quidem,
2703 4125 2847 4195 quod
2875 4132 3030 4177 antea
3077 4120 3468 4175 inclinaverunt

1894 4244 2051 4300 Opus,
2080 4222 2603 4297 propugnaculorum
2654 4220 2916 4273 duntaxat
2962 4228 3148 4270 curam
3205 4210 3469 4280 perlicere

1897 4320 2222 4377 concitatius
2252 4316 2582 4370 animantur.
2611 4311 2779 4366 Paulo
2800 4310 2944 4363 enim
2973 4315 3326 4361 antesummo
3345 4318 3464 4353 cum

1856 4387 2081 4476 Tlaltore
2116 4428 2178 4465 ac
2216 4408 2384 4464 nimio
2408 4419 2571 4476 opere
2588 4410 2918 4460 accurarunt
2945 4408 3002 4453 ut
3033 4410 3315 4451 murorum
3344 4409 3471 4464 pr..-

1903 4503 2224 4575 pugnaeula,
2254 4499 2498 4553 adinstar
2530 4503 2833 4553 scutorum,
2884 4488 3081 4542 tabulis
3125 4486 3467 4558 obserareut,

1900 4611 2019 4666 qua:
2053 4593 2286 4647 advenas
2307 4591 2491 4644 hostes
2512 4583 2838 4654 impedirent
2866 4594 2931 4634 ne
2959 4577 3171 4647 sagittis
3227 4576 3394 4638 cives,
3427 4574 3471 4626 si

1903 4686 2120 4755 quando
2149 4699 2285 4753 opus
2314 4687 2461 4736 esset
2480 4678 2659 4745 capite
2684 4687 2987 4743 emergere,
3013 4671 3387 4727 vulnerarent.
3408 4666 3476 4718 iis

1903 4791 2079 4833 autem
2111 4779 2203 4845 qui
2229 4773 2400 4828 muris
2426 4772 2743 4825 insisterent
2763 4764 3071 4820 facultatem
3092 4760 3313 4814 uberem
3333 4757 3479 4812 facc—

1908 4882 2025 4925 rem
2055 4869 2198 4922 elatn'
2220 4882 2250 4922 e
2283 4862 2549 4933 superiori
2579 4870 2728 4930 parte
2758 4857 2903 4913 saxis
2928 4854 3279 4911 advenientes
3303 4853 3484 4920 impe-

1910 4974 2045 5025 tere,
2084 4959 2437 5026 admotosque
2462 4956 2526 5009 ad
2549 4968 2735 5008 muros
2752 4949 2914 5006 obvio
2944 4961 3156 5017 quoque
3193 4945 3474 5015 repellere.

1905 5054 2110 5109 Deinde
2133 5048 2497 5105 numerandos
2514 5059 2636 5100 esse
2654 5046 2799 5095 viros
2826 5040 3147 5098 decernunt,
3174 5046 3232 5089 ut
3263 5035 3477 5088 discant

1908 5166 1976 5203 an
2005 5146 2066 5198 ad
2085 5144 2263 5200 omnia
2284 5155 2562 5195 murorum
2583 5130 2983 5207 propugnacula
3014 5138 3067 5182 et
3095 5128 3384 5181 circuitum
3408 5124 3473 5177 ad

1913 5240 2301 5296 mediterranea
2338 5240 2643 5301 vergentem
2678 5225 2941 5281 sulliciant
2968 5236 2983 5284 ;
3017 5230 3070 5272 ct
3102 5219 3182 5271 sic
3214 5215 3474 5269 omnesin

1913 5334 2105 5394 muris,
2135 5327 2248 5385 suis
2274 5336 2542 5395 quemque
2578 5318 2747 5372 armis
2777 5316 3132 5372 instructum,
3166 5320 3313 5363 stare
3368 5304 3479 5357 iut-

1912 5430 2127 5492 perant,
2161 5428 2213 5471 ut
2243 5414 2383 5470 adid
2417 5409 2644 5465 testibus
2675 5405 2909 5476 propriis
2946 5400 3118 5457 oculis
3172 5406 3481 5452 uterentur.

1913 5512 2033 5578 Quo
2064 5510 2208 5563 facto
2227 5502 2663 5572 conspiciebatur
2686 5498 2736 5550 itt
2757 5494 2966 5549 duobus
2996 5504 3051 5548 et
3076 5493 3249 5547 tribus
3281 5502 3484 5560 propu-

1914 5600 2160 5674 gnaculis
2183 5612 2321 5651 unus
2347 5601 2590 5654 tantum;
2633 5599 2935 5656 eorumque
2962 5586 3138 5656 potior
3168 5600 3291 5653 pars
3305 5595 3485 5648 neque

1917 5713 2063 5751 arma
2098 5696 2449 5763 gerere,'qu:e
2466 5691 2754 5753 paupertas
2766 5680 3164 5750 absumpserat,
3188 5692 3361 5745 neque
3381 5690 3483 5742 pu-

1916 5804 2031 5860 gua:
2056 5798 2149 5841 aut
2179 5770 2452 5842 conﬂictui
2483 5788 2603 5849 apta
2631 5795 2647 5844 ;
2682 5774 2896 5832 assidua
2918 5790 3151 5843 namque
3171 5772 3308 5827 mala
3329 5768 3486 5824 etvi-
