3908 6196
288 295 388 360 597

1307 301 1406 361 DE
1445 303 1757 372 EXEIDIO
1786 308 2533 376 .TIIESSALONICEN'SI.

3425 325 3531 387 593

196 426 200 430 ·
289 428 447 480 μήτοι
475 408 740 474 γίνονται,
774 410 994 482 μηδὲνῆ
1029 410 1185 480 ὀλίγα
1225 413 1362 483 πρὸς
1390 414 1445 466 ἓν
1481 433 1514 484 ιο
1551 434 1646 485 ρος
1678 418 1847 488 ante.

1977 438 2090 491 ipus
2110 434 2254 478 esset
2273 425 2467 492 saepius
2486 435 2536 477 et
2557 425 2753 478 multas
2775 441 3050 482 murorum
3087 439 3268 498 partes
3293 432 3498 487 circum
3516 456 3538 469 -

288 521 500 567 σαντες,
533 496 576 571 ᾦ
603 521 680 557 π.
723 542 738 557 .
783 543 798 558 .
841 543 857 558 .
903 543 918 557 .
963 541 978 557 .
1022 542 1038 559 .
1081 542 1096 557 .
1141 544 1156 558 .
1199 543 1214 560 .
1261 544 1274 557 .
1323 545 1336 559 .
1365 505 1708 577 δεδύνηνται.
1739 511 1855 580 Ἐφ’

287 589 329 662 ᾧ
360 599 448 647 καὶ
492 599 792 665 μεμπταῖοι
830 637 843 650 .
892 637 906 652 .
951 635 965 649 .
1010 637 1025 650 .
1069 636 1086 651 .
1131 638 1146 652 .
1191 599 1376 664 ἔδοξάν
1409 618 1555 656 τισιν
1591 603 1858 673 ὑποστρέ-

287 689 490 755 ψαντες
509 705 522 716 ⁸
553 689 670 740 δέον
701 691 808 759 γὰρ
832 688 1092 752 πολλάκις
1122 693 1214 743 καὶ
1251 693 1391 745 κατὰ
1415 695 1586 746 πολλᾶ
1608 695 1717 747 τῶν
1748 713 1859 748 τει-

292 780 401 847 χῶν
453 780 594 849 μέρη
625 783 920 850 περιιέναι,
954 783 1048 834 καὶ
1100 784 1167 836 τὰ
1212 784 1571 854 ὑπεσχημένα
1604 787 1682 857 τῷ
1712 788 1860 841 Μου-

291 874 426 941 ρίιτη
455 873 666 942 φανερὰ
693 873 1059 941 καταστῆσαι,
1101 874 1282 942 λόγοις
1308 893 1365 928 τε
1392 878 1701 947 χρήσασθαι
1719 896 1858 949 συμ-

287 965 529 1026 ϐουλίας,
563 965 638 1028 ὡς
660 964 728 1018 ἄν
759 966 1076 1035 προθύμους
1105 971 1579 1036 παρασκευάσουσι
1608 971 1771 1041 ,πρὸς
1799 971 1858 1024 τὸ

288 1058 442 1125 κοινῇ
475 1057 828 1122 συνελθόντας
863 1059 1164 1127 σκέψασθαι
1195 1061 1255 1112 τὸ
1286 1063 1554 1126 συνοῖσον,
1583 1063 1644 1116 ού
1675 1061 1854 1125 καλῶς

1960 515 2057 577 ire,
2091 527 2144 570 et
2179 531 2298 585 qua:
2333 517 2788 585 promittebantur
2837 534 2866 572 a
2923 519 3133 577 Murate
3189 524 3368 592 palam
3418 527 3534 579 edi-

1960 621 2106 668 cere,
2143 608 2588 678 sermonibusque
2620 609 2696 663 uti
2729 612 3146 669 consultationis
3182 617 3248 669 ad
3280 631 3373 671 eos
3417 616 3529 670 dis-

1961 700 2266 766 ponendqu
2300 709 2360 752 ut
2385 700 2704 754 alacriteriu
2733 716 2896 756 unum
2914 706 3302 760 convenientes
3349 706 3531 774 publi-

1961 805 2080 843 cam
2109 789 2396 844 utilitatem
2415 791 2815 860 dignoscerent,
2843 794 2944 862 ipsi
2975 811 3088 850 non
3115 797 3252 851 bene
3290 813 3414 866 erga
3437 813 3535 851 nos

1965 881 2142 936 alfecti
2179 883 2431 936 mandata
2470 883 2846 952 neglexerunt.
2885 883 3086 940 Verum
3117 887 3194 953 bl,
3221 902 3326 956 quo
3381 887 3528 940 diti-

1967 990 2086 1027 mus
2121 976 2301 1040 modo,
2336 975 2449 1030 sive
2475 985 2668 1045 sponte
2696 992 2790 1031 sua
2823 978 2936 1032 sive
2967 979 3017 1032 vi
3051 981 3250 1044 coacti,
3311 993 3422 1032 rem
3456 980 3528 1031 ita
3573 959 3613 992 ’·

1966 1077 2316 1134 peregerunt.

287 1149 426 1211 πρὶς
467 1150 612 1217 ἡμᾶς
639 1150 997 1218 διετέθησαν,
1027 1149 1202 1214 εἷπον,
1237 1155 1578 1223 ἠμεληκότες
1632 1153 1731 1206 τού
1802 1154 2196 1224 ἐπιτάγματος.
2249 1157 2392 1227 Πλὴν
2483 1159 2598 1214 ἀλλ’
2649 1158 2793 1213 οὕτω
2841 1161 2941 1230 μὲν
3011 1152 3156 1212 οὗτοι
3233 1159 3536 1229 πράξαντες

285 1235 573 1302 ὤφθησαν,
604 1238 704 1290 εἴτ’
737 1238 1009 1293 ἐθελονταὶ
1033 1242 1144 1294 είτε
1177 1246 1272 1296 καὶ
1307 1243 1550 1306 ἄκοντες.

356 1331 428 1392 ζ’.
474 1333 534 1380 ’0
562 1331 618 1384 δὲ
652 1333 946 1403 Μουράτης
976 1335 1266 1404 ἀνηνύτοις
1301 1338 1446 1391 ἰδὼν.
1466 1341 1768 1409 ἐπιχειρεῖν
1796 1341 1876 1390 ὲν.

292 1422 460 1488 τούτῳ
488 1422 567 1488 τῷ
596 1423 752 1491 μέρει
781 1423 863 1492 (οὐ
887 1423 994 1492 γὰρ
1025 1421 1105 1486 οἷς
1132 1425 1329 1489 ἔξωθεν
1360 1426 1523 1494 μόνον
1554 1427 1856 1496 ἐκήρυττον

291 1515 572 1566 ἐπείθοντό
615 1531 786 1579 τινες,
837 1516 974 1568 ἀλλὰ
1022 1517 1118 1570 καὶ
1149 1519 1370 1571 πλύνειν
1404 1518 1594 1572 τοῦτον
1633 1518 1857 1588 ὓὸρεσιν

291 1607 382 1660 ὑπ’
416 1607 746 1677 ἁδελτηρίας
791 1609 884 1660 καὶ
925 1609 1124 1676 ἀλόγου
1155 1610 1495 1681 θρασύτητος
1533 1611 1634 1664 οὐκ
1663 1609 1856 1664 ἀπὼκο

291 1698 464 1764 νουν),
495 1700 590 1751 τοῦ
623 1700 795 1768 θυμοῦ
827 1716 886 1752 τε
917 1702 1143 1768 γέγονεν
1170 1700 1311 1765 ὅλος,
1352 1703 1448 1755 καὶ
1492 1702 1584 1754 τὸν
1631 1702 1862 1771 στρατὸν

294 1789 598 1856 προσέταξε
637 1791 972 1858 μεταστῆναι
1005 1793 1100 1844 καὶ
1142 1793 1274 1860 περὶ
1314 1791 1415 1860 τὴν
1447 1791 1604 1844 πόλιν
1639 1808 1863 1860 στρατο-

293 1880 681 1934 πεδεύσασθαι.
717 1882 780 1933 Οί
809 1881 865 1934 δὲ
909 1881 1316 1953 προσεχώρουν,
1349 1881 1558 1936 ἄκη...
1594 1881 1864 1951 μελισσῶν

294 1972 502 2040 σμήνη,
547 1971 642 2024 τού
693 1974 964 2043 ἡμετέρου
1014 1973 1140 2026 λίαν
1187 1972 1451 2042 διψῶντες
1493 1972 1726 2042 αἵματος
1770 1973 1868 2026 καὶ

295 2064 510 2125 πάντας
565 2063 734 2133 ἄρδην
789 2067 1082 2118 καταπιεῖν
1132 2064 1464 2134 γλιχόμενοι.
1503 2065 1582 2134 Τῇ
1624 2063 1775 2117 πόλει
1808 2063 1866 2117 δὲ

295 2156 789 2225 προσεγγίσαντες,
824 2157 919 2210 καὶ
949 2157 1048 2220 τὰς
1080 2158 1287 2226 σκηνὰς
1320 2157 1508 2227 ὥσπερ
1538 2157 1656 2219 ἔθος
1686 2157 1865 2228 πηξάο

294 2264 478 2314 μενοι,
518 2249 672 2315 δίκην
708 2249 972 2319 φρουρίου
1029 2251 1214 2303 πᾶσαν
1264 2249 1595 2320 περιέλαϐον
1639 2249 1866 2319 ταύτην,

292 2336 367 2396 ὡς
416 2335 674 2404 μηδαμοῦ
707 2337 892 2406 σχεδὸν
929 2337 1086 2390 κενὸν
1125 2335 1429 2406 ἀνθρώπων
1456 2335 1746 2405 φαίνεσθαι
1777 2335 1870 2388 τό-

291 2443 418 2481 πον.
455 2424 589 2482 Είτα
640 2429 767 2492 τοὺς
820 2430 1161 2498 στρατηγοὺς
1205 2429 1436 2482 ἕκαστον
1475 2429 1532 2481 ὲν
1575 2427 1870 2498 ὡρισμένῳ

288 2521 391 2588 τῆς
418 2522 627 2583 πόλεως
659 2522 817 2591 μέρει
847 2521 983 2590 πρὸς
1011 2521 1074 2573 τδ
1098 2522 1362 2590 πολεμεῖν
1383 2521 1684 2586 ἀποτάξας,
1710 2519 1872 2580 αὐτὸς

287 2614 392 2676 τὰς
431 2613 567 2674 ἰδίας
593 2615 796 2681 σκηνὰς
821 2613 1049 2681 ἀντικρὺ
1080 2612 1178 2681 τῆς
1206 2613 1550 2680 ἀκροπόλεως
1575 2612 1868 2680 πήγνυσιν,

290 2705 363 2766 ὡς
405 2705 474 2757 ἂν
524 2705 730 2765 πάντας
776 2707 840 2757 ὲκ
892 2702 1164 2772 μετεώρου
1216 2701 1397 2764 καλῶς
1445 2703 1581 2772 όρᾷν
1632 2702 1746 2770 ιχοι
1780 2701 1874 2754 καὶ

292 2800 484 2851 πᾶσαν
511 2799 610 2867 τὴν
638 2798 794 2850 πόλιν
837 2797 1008 2859 ἐντός.
1059 2795 1253 2862 Ἡμεῖς
1290 2795 1346 2848 δὲ
1373 2793 1527 2848 ταῦθ’
1565 2793 1874 2863 ἑωρακότες

290 2896 388 2946 καὶ
419 2896 521 2962 τῆς
543 2891 700 2961 ήμῶν
731 2891 1001 2960 σωτηρίας
1025 2889 1126 2942 ύπε
1137 2887 1542 2958 ραγωνίσασθαι
1564 2885 1875 2956 προθυμού-

2033 1332 2339 1388 7.Murates
2370 1347 2492 1386 cum
2520 1332 2746 1388 vidisset
2773 1347 2832 1389 se
2869 1335 2970 1389 bac
2997 1337 3204 1390 ratione
3244 1350 3464 1406 operam
3483 1351 3538 1394 et

1963 1427 2150 1482 oleum
2167 1425 2425 1496 perdere(
2451 1440 2624 1493 neque
2639 1426 2784 1480 ettim
2805 1427 2873 1482 iis
2896 1441 3015 1496 qua:
3032 1428 3232 1484 deforis
3257 1430 3346 1484 ille
3365 1445 3538 1486 eunu-

1963 1515 2132 1570 tiabat
2158 1515 2376 1571 suaderi
2414 1516 2684 1578 nonnulli,
2742 1517 2985 1585 quinimo
3034 1531 3156 1571 eum
3205 1517 3418 1586 injuriis
3479 1530 3534 1574 et

1963 1607 2267 1677 opprobriis
2283 1607 2563 1661 dementer
2579 1607 2960 1677 jactnterqne
2978 1609 3240 1665 continuo
3250 1613 3502 1679 onerare)
3515 1654 3528 1673 ,

1967 1696 2300 1765 intemperiis
2331 1696 2672 1765 insaniisque
2700 1696 2936 1766 agitatus
2963 1697 3084 1752 loco
3123 1699 3326 1754 moveri
3372 1714 3530 1754 exer-

1964 1787 2132 1843 citum
2157 1788 2393 1842 mandat.
2424 1787 2502 1841 Illi
2528 1787 2787 1842 secedunt
2806 1803 2960 1857 teque
2990 1804 3051 1842 ac
3073 1803 3232 1856 apqu
3257 1789 3532 1850 examina,

1967 1879 2138 1935 nostri
2166 1879 2447 1951 sanguinis
2477 1881 2635 1934 avide
2670 1881 2934 1935 sitieutcs-
2965 1894 3265 1948 omnesque
3308 1881 3529 1948 penitus

1966 1988 2072 2028 uno
2099 1973 2297 2027 haustu
2323 1973 2588 2043 dcglutire
2609 1972 3004 2028 desiderantes.
3031 1970 3133 2026 Ubi
3163 1972 3280 2027 urbi
3305 1973 3535 2041 proximi

1966 2065 2095 2120 facti
2117 2073 2263 2129 sunt,
2295 2064 2544 2120 tentoriis
2574 2079 2674 2134 pro
2699 2079 2848 2119 more
2876 2065 2998 2119 lixis
3023 2065 3196 2118 instar
3233 2079 3539 2133 prapugna-

1967 2156 2072 2211 culi
2099 2171 2217 2210 eam
2240 2157 2312 2210 ita
2340 2155 2754 2212 circumvallant
2779 2164 2837 2210 ut
2879 2155 3045 2211 nullis
3061 2155 3375 2210 hominibus
3393 2165 3542 2210 esset

1970 2262 2174 2304 vacuus
2203 2247 2375 2303 locus.
2405 2247 2540 2302 Tum
2556 2248 2721 2304 duces
2742 2247 2986 2318 singulos
3017 2249 3068 2300 in
3095 2247 3408 2318 praescripta
3446 2261 3540 2299 ur-

1968 2340 2052 2396 bis
2072 2349 2226 2410 parte
2255 2340 2554 2404 destinans,
2588 2339 2701 2409 ipse
2716 2354 2815 2394 sua
2866 2338 3100 2394 tentoria
3144 2339 3258 2392 arci
3310 2338 3539 2392 adversa

1971 2433 2142 2502 ponit,
2178 2440 2234 2504 ut
2263 2445 2452 2486 omnes
2473 2440 2729 2501 tanquam
2765 2431 2932 2486 eloco
2960 2430 3303 2496 sublimiore,
3330 2431 3543 2484 etintc-

1972 2525 2148 2579 riores
2178 2533 2360 2593 partes
2387 2524 2562 2588 urbis,
2579 2524 3042 2592 circumspiceret.
3068 2521 3176 2577 Nos
3198 2522 3311 2576 haec
3331 2521 3541 2584 intuiti,

1972 2631 2072 2688 pro
2093 2615 2269 2671 salute
2309 2625 2491 2670 nostra
2523 2616 2747 2669 tutanda
2778 2615 3078 2671 alacriores
3135 2613 3271 2670 facti
3320 2616 3543 2684 (neque

1972 2707 2116 2763 enim
2138 2707 2252 2762 ﬁeri
2276 2716 2488 2775 poterat
2510 2708 2666 2761 aliter
2691 2709 2742 2776 ),
2763 2709 2934 2762 armis
2953 2716 3226 2775 utrunque
3246 2717 3544 2775 suppeten-

1976 2799 2122 2854 tibus
2151 2799 2219 2853 ad
2244 2814 2464 2853 murum
2497 2813 2812 2865 accurrere,
2847 2799 2986 2854 alius
3049 2799 3216 2853 alium
3237 2800 3548 2854 ‘celeritate

1975 2889 2348 2958 praetergredi,
2383 2888 2649 2944 adversus
2669 2898 2926 2944 externas
2940 2890 3126 2958 copias
3145 2905 3306 2959 quem
3331 2891 3546 2945 tandem

293 3002 454 3053 μενοι
488 2984 607 3052 (καὶ
634 2983 743 3052 γὰρ
766 2983 884 3034 οὐδὲ
908 2977 976 3050 ἦν
1001 2980 1173 3042 ἄλλως
1199 2978 1370 3048 εἰκὸς)
1407 2977 1527 3045 μεθ’
1551 2969 1626 3030 ὧν
1656 2978 1869 3045 είχομεν

1979 2979 2139 3032 linem
2156 2977 2406 3033 habitura
2422 2987 2603 3032 essent
2619 2987 2781 3033 tautae
2805 2979 3185 3034 sollicitudinis
3199 2978 3402 3044 studia,
3427 2981 3551 3033 ani-

287 3075 479 3128 ὃπλων
514 3075 608 3126 ἐπὶ
635 3061 701 3124 ’τὸ
738 3074 914 3140 τεῖχος
958 3069 1184 3138 ὲθέομεν
1221 3067 1475 3133 ἕκαστος,
1508 3064 1666 3129 ἄλλος
1708 3064 1868 3118 ἄλλον

1982 3085 2099 3125 mos
2118 3069 2338 3124 addere.
2369 3069 2441 3126 Ut
2466 3071 2835 3138 ascendimus,
2871 3072 2961 3126 diu
2984 3079 3258 3140 noctuque
3282 3071 3356 3126 ibi
3390 3071 3548 3126 nobis

289 3167 596 3237 παρελθεῖν
628 3165 706 3234 τῷ
746 3164 904 3232 τάχει
940 3160 1377 3229 φιλονεικοῦντες
1424 3159 1517 3212 καὶ
1545 3154 1656 3210 οἷον
1691 3159 1869 3227 ἀνδρι-

1977 3159 2375 3214 immorandum
2406 3173 2530 3214 esse
2558 3160 2984 3225 constituentes,
3019 3162 3112 3230 qui
3171 3161 3289 3215 urbi
3354 3160 3546 3214 mode-
3597 3197 3608 3207 .

286 3259 634 3325 Copam”...
661 3256 767 3308 τῶν
795 3256 971 3320 ἐκτὸς,
997 3251 1320 3318 ἀγνοοῦντες
1347 3252 1457 3320 ὅπη
1481 3251 1549 3303 τὰ
1579 3249 1680 3320 τῆς
1707 3265 1869 3302 σπου-

1980 3252 2261 3318 rabantur,
2287 3253 2506 3308 Graecos
2531 3262 2696 3322 atque
2725 3253 2949 3309 Latinos
2981 3255 3052 3308 ita
3076 3254 3448 3308 distinxerunt
3490 3263 3548 3306 ut

284 3351 388 3416 δῆς
426 3350 646 3417 ἐκείνης
688 3349 950 3417 χωρήσει.
1004 3345 1091 3407 Ὠς
1121 3345 1164 3396 δ’
1213 3343 1490 3412 ἀνέὸημεν
1523 3340 1869 3411 διημερεύειν

1977 3348 2212 3403 medium
2243 3365 2406 3404 unum
2427 3365 2490 3404 ex
2521 3351 2588 3406 iis
2603 3350 2694 3419 qui
2718 3350 2924 3418 praedas
2939 3357 3261 3404 convectant
3304 3349 3548 3416 interpo-

287 3444 477 3494 ἐκεῖσε
512 3444 606 3493 καὶ
636 3437 1074 3508 διανυκτερεύειν
1103 3435 1446 3504 συνθέμενοι,
1475 3435 1568 3490 καὶ
1597 3434 1869 3504 διέκριναν

1977 3449 2166 3494 nerent
2193 3455 2208 3504 ;
2235 3439 2517 3496 Taetarios
2550 3440 2738 3510 vulgus
2763 3450 2938 3506 vocat,
2979 3449 3036 3494 ut
3067 3449 3200 3494 sunt
3231 3439 3545 3509 praedonum

289 3535 448 3604 ἡμᾶς
478 3536 529 3586 οῖ
555 3532 883 3603 κρατοῦντες
924 3532 1023 3600 τῆς
1054 3530 1286 3592 πόλεως,
1312 3527 1576 3590 Λατίνους
1606 3527 1698 3580 καὶ
1741 3528 1874 3580 Ῥω-

296 3628 520 3695 patio-4;,
556 3627 650 3678 καὶ
687 3627 814 3686 τοὺς
846 3624 943 3693 τὴν
972 3621 1229 3692 λῃστείαν
1274 3618 1708 3690 μετερχομένους
1747 3619 1877 3671 ἀνα-

297 3720 398 3788 μὶξ
430 3721 732 3790 στήσαντες
764 3717 844 3788 (ού
873 3717 982 3785 γὰρ
1028 3714 1305 3768 πιστεύειν
1338 3715 1470 3782 ήμῖν
1513 3710 1767 3782 καθαρῶς
1797 3706 1877 3762 εἷ-

1977 3545 2170 3600 agmeu
2207 3547 2272 3587 ex
2303 3533 2469 3587 variis
2503 3533 2817 3602 regionibus
2839 3533 3096 3588 coalitum
3125 3551 3141 3599 ;
3173 3543 3226 3588 et
3260 3533 3344 3587 bis
3362 3539 3550 3587 custoo

1976 3626 2118 3680 diam
2159 3627 2422 3682 deniauda
2437 3637 2578 3692 ruut,
2612 3629 2950 3698 planelnobis
2977 3644 3082 3682 non
3115 3627 3340 3683 tideutes
3363 3645 3378 3694 ;
3402 3642 3550 3680 mor-

1981 3725 2088 3770 tem
2111 3718 2275 3771 ctiam
2307 3719 2668 3798 proditiopem
2700 3719 3041 3776 meditaturis
3075 3720 3266 3775 minati
3306 3727 3454 3775 sunt.

292 3820 438 3890 χον),
466 3820 562 3868 καὶ
587 3814 816 3867 θάνατον
844 3815 958 3876 τοῖς
1003 3815 1333 3882 φρονήσουσι
1367 3807 1664 3876 προδοσίαν
1707 3807 2042 3877 ἠπείλησαν,
2077 3813 2203 3876 τοὺς
2237 3814 2594 3884 Τζεταρίους,
2663 3815 2739 3878 ὡς
2799 3815 2832 3886 ή
2883 3815 3032 3882 κοινὴ
3104 3815 3256 3885 φωνὴ
3323 3815 3550 3872 τούτους

293 3915 488 3969 ἒιιόιλει
522 3911 757 3983 (λῃστῶν
795 3909 839 3964 δ’
867 3905 1006 3980 ἦσαν
1056 3901 1204 3960 οὗτοι
1244 3903 1531 3974 σύνταγμα
1581 3905 1660 3956 ικη
1690 3904 1966 3976 διαφόρων
1992 3909 2174 3962 τόπων
2205 3911 2716 3982 συναθροισθέντες)
2779 3911 3026 3980 φύλακας
3083 3913 3165 3975 είς
3230 3911 3373 3964 τοῦτ’
3426 3914 3549 3964 ἑπι-

294 4012 624 4077 σιῖήσαντες.
1957 4005 1966 4020 ⁸

365 4102 445 4166 η’.
487 4102 576 4161 Ὠς
609 4094 702 4152 οὖν
735 4099 831 4151 τοῦ
865 4097 1124 4165 πολεμεῖν
1164 4093 1511 4162 γεγενήμεθα
1551 4094 1754 4157 πάντες
1779 4096 1875 4147 καὶ

293 4195 443 4247 κατὰ
472 4193 583 4244 τῶν
606 4190 868 4242 ἐπιόντων
899 4186 1268 4258 ἀνδρίζεσθαι,
1296 4185 1425 4240 ἄλλο
1447 4201 1500 4236 τι
1533 4185 1698 4238 πάλιν
1723 4185 1869 4256 παρὰ

1981 4193 2059 4239 tes
2090 4183 2272 4237 animo
2315 4182 2457 4236 virili
2499 4182 2866 4251 praesentique
2913 4183 3142 4251 paratis,
3178 4183 3320 4238 aliud
3351 4197 3548 4254 praeter

292 4288 396 4355 τὴν
435 4285 714 4354 ἡμετέραν
749 4283 921 4351 ἐφάνη
965 4282 1174 4350 πράξας
1205 4280 1466 4333 ὑπόνοιαν
1499 4279 1528 4330 ὁ
1555 4278 1869 4349 Μουράτης.

1978 4285 2223 4330 nosuam
2264 4272 2732 4342 exspectationem
2767 4272 3008 4327 Murates
3067 4273 3402 4343 exsequitur.
3438 4273 3546 4331 Nos

295 4382 514 4438 Πάντες
561 4379 670 4448 γὰρ
717 4379 878 4446 ἡμεῖς
930 4375 1289 4439 ὑπενοοῦμεν,
1333 4375 1587 4429 τοσοῦτον
1646 4371 1869 4442 στρατὸν

1979 4365 2122 4421 enim
2159 4359 2824 4431 omnes'suspicabamur,
2877 4372 3090 4416 tantam
3125 4363 3402 4434 copiarum
3438 4381 3550 4420 mo-

297 4473 480 4540 βαρὺν
515 4469 844 4538 θεασάμενοι
893 4469 990 4520 καὶ
1021 4464 1291 4525 τοσαύτας
1335 4465 1432 4528 τὰς
1480 4461 1776 4526 ἑλεπόλεις,
1810 4459 1869 4524 ἃς

1979 4454 2086 4509 lem
2127 4462 2182 4508 et
2227 4452 2630 4518 machinarum,
2697 4457 2830 4519 Quae
2874 4451 3170 4507 multitudo
3217 4454 3546 4509 camelorum

293 4567 358 4616 τὸ
383 4564 498 4616 τῶν
530 4561 792 4630 καμήλων
819 4558 1022 4627 πλῆθος
1057 4558 1152 4610 καὶ
1187 4555 1298 4609 τῶν
1340 4554 1573 4625 ἁμαξῶν
1619 4552 1869 4622 ὲπεκόμι-

1979 4557 2299 4603 etcurruum
2321 4545 2563 4618 quotidie
2579 4544 2904 4606 advehebat,
2927 4545 3249 4615 conspicati,
3269 4548 3444 4616 primo
3466 4549 3549 4604 sui

293 4658 394 4718 ζον
427 4654 553 4707 καθ’
582 4653 842 4722 ἑκάστην,
875 4651 949 4712 ὡς
977 4650 1078 4702 ούκ
1115 4649 1180 4702 ἂν
1225 4649 1454 4717 φθάσειε
1497 4647 1593 4700 καὶ
1633 4643 1869 4715 μανικῶς

1979 4641 2205 4710 appulsu
2239 4640 2486 4693 furenter
2517 4637 2716 4691 iratqu
2774 4653 2962 4692 muros
2991 4639 3385 4708 appetituntm,
3421 4656 3550 4695 cos-

293 4748 506 4801 αὐτίκα
541 4745 804 4798 κατὰλτοῦ
842 4744 1056 4812 τείχους
1088 4741 1348 4812 ὁρμήσει,
1385 4739 1569 4792 παίειν
1621 4738 1720 4807 μὲν
1752 4734 1869 4789 αύτί

1981 4748 2086 4802 que
2134 4731 2368 4800 lapidum
2419 4728 2731 4784 manufacto
2789 4731 2990 4785 tonitru
3053 4731 3551 4797 diverberaturum,

2053 4096 2107 4150 8.
2145 4094 2408 4150 Omnibus
2430 4106 2562 4161 ergo
2587 4092 2653 4147 ad
2680 4092 3025 4161 pugnandum
3057 4093 3316 4148 adversus
3339 4093 3548 4148 irruen-

295 4838 622 4908 προσταξας
655 4838 719 4904 τῇ
766 4833 1138 4904 χειροποιήτῳ
1187 4829 1280 4882 τοῦ
1316 4829 1466 4882 λίθου
1500 4827 1724 4898 βροντῇ,
1756 4825 1885 4886 τοὺς

292 4931 346 4983 δ’
379 4928 592 4982 ἄνωθεν
623 4926 856 4979 κωλύειν
899 4926 998 4992 τῆς
1032 4924 1125 4976 ἐπὶ
1157 4921 1262 4974 τῶν
1293 4920 1493 4990 τειχῶν
1529 4919 1770 4981 στάσεως
1799 4917 1887 4969 διὰ

295 5022 413 5073 τῶν
445 5020 758 5086 ἀφιεμένων
796 5015 990 5085 βελῶν,
1025 5015 1120 5067 καὶ
1154 5014 1318 5066 παντὶ
1359 5013 1712 5081 μηχανήματι
1750 5008 1885 5076 πρὸς

296 5113 367 5164 τὸ
396 5111 680 5178 κρατῆσαι
720 5107 1026 5176 κεχρῆσθαι
1071 5106 1171 5171 τῆς
1210 5105 1436 5165 πόλεως.
1479 5104 1538 5154 Ὀ
1572 5102 1627 5154 δὲ
1678 5099 1885 5152 τούτων

303 5205 409 5272 μὲν
437 5202 640 5265 ἔδειξεν
673 5201 848 5262 οὐδὲν,
880 5197 1073 5268 μικρὸν
1102 5197 1147 5250 δ’
1173 5199 1456 5267 ἡσυχάσας
1487 5195 1582 5246 καὶ
1604 5194 1703 5262 τὴν
1727 5192 1882 5244 πόλιν

301 5296 501 5363 κύκλῳ
537 5291 1011 5361 περιῦλεψάμενος
1044 5290 1298 5360 κήρυκας
1339 5289 1432 5340 καὶ
1471 5281 1628 5348 αὖθις
1653 5284 1884 5353 ἐξέπεμ-

298 5387 428 5451 ψεν,
463 5383 786 5454 ἐλευθερίαν
817 5383 950 5453 ήμῖν
979 5382 1412 5448 ὑπισχνούμενος
1444 5380 1539 5430 καὶ
1569 5376 1879 5446 φιλοτιμίας

308 5480 528 5546 ἑτέρας.
560 5479 672 5539 τοῖς
701 5476 835 5546 παρ’
861 5476 1045 5538 αὐτοῖς
1094 5473 1254 5525 ταυτὶ
1286 5470 1643 5540 πιστούμενος
1675 5471 1879 5538 ὅρκοις,

305 5571 364 5621 εί
394 5571 492 5642 τήν
530 5570 685 5622 πόλιν
719 5567 1029 5638 προοίμεθα
1057 5569 1168 5630 τοῖς
1202 5564 1395 5618 τούτου
1425 5563 1605 5630 λόγοις
1635 5560 1885 5615 πεισθέν-

1987 4840 2086 4878 nec
2129 4838 2237 4878 non
2288 4833 2343 4876 et
2387 4837 2551 4892 supra
2587 4837 2775 4877 muros
2813 4833 3026 4878 stantes
3061 4825 3271 4894 sagittis
3304 4826 3556 4893 impulsis

1987 4919 2340 4982 dimoturum,
2389 4915 2787 4985 machinasque
2819 4930 3012 4971 omnes
3059 4917 3128 4970 ad
3165 4917 3353 4972 urbem
3407 4923 3557 4974 exci-

1989 5009 2222 5063 deudam
2256 5017 2667 5078 usurpaturum.
2699 5007 2898 5063 Verum
2939 5009 3027 5063 hic
3067 5011 3143 5063 nil
3191 5011 3296 5066 tale
3326 5020 3558 5067 conatus

1987 5113 2090 5165 est,
2131 5100 2228 5156 sed
2262 5116 2453 5169 parum
2500 5110 2890 5172 percunctatus
2931 5112 3210 5170 praecones
3243 5119 3429 5159 rursus
3464 5105 3558 5158 de-

1989 5194 2188 5257 cernit,
2225 5193 2315 5262 qui
2343 5193 2502 5248 nobis
2531 5191 2840 5246 libertatem
2873 5194 3283 5261 paciscerentur
3313 5193 3558 5262 aliosque

1988 5286 2223 5340 honores
2247 5284 2624 5354 jurejurando,
2658 5293 2714 5336 ut
2747 5284 2886 5350 apud
2913 5283 3061 5352 ipsos
3089 5285 3204 5338 ﬁeri
3241 5295 3409 5349 amat,
3444 5286 3551 5355 polo

1989 5377 2303 5439 licerentur,
2339 5377 2383 5429 si
2415 5376 2761 5430 sermonibus
2795 5374 2941 5428 illius
2980 5376 3128 5430 suasi
3167 5376 3355 5430 urbem
3393 5379 3554 5432 dede-

1992 5483 2216 5522 remus:
2263 5467 2346 5522 bis
2401 5466 2674 5520 contraria
2707 5465 2996 5530 sul-debat,
3041 5469 3317 5536 multaque
3355 5467 3538 5538 pejora

1993 5561 2035 5613 si
2072 5560 2207 5612 \otis
2238 5559 2355 5613 suis
2383 5573 2492 5612 non
2523 5559 3038 5612 obsecundaremus.

307 5679 430 5726 τες,
479 5663 576 5716 καὶ
625 5662 885 5716 τάναντία
944 5661 1110 5714 πάλιν
1165 5658 1348 5713 αὐτῶν
1402 5657 1733 5730 προσετίθει,
1793 5656 1888 5708 καὶ
1928 5652 2288 5722 χαλεπιὶιτερα
2365 5651 2591 5715 τούτων,
2652 5651 2699 5702 εί
2744 5651 2818 5719 μὴ
2863 5652 3217 5717 καταπειθεῖς
3293 5657 3348 5708 iv
3391 5656 3554 5716 satist.

314 5773 528 5826 γιν.....
