  <div class='ocr_page' id='page_1' title='image "/cluster/home/n/w/nwhite01/storage/ocr_20150623/156/hvd.32044073502650/305.png"; bbox 0 0 3848 6196; ppageno 0'>
   <div class='ocr_carea' id='block_1_1' title="bbox 390 266 485 327">
    <p class='ocr_par' dir='ltr' id='par_1_1' title="bbox 390 266 485 327">
     <span class='ocr_line' id='line_1_1' title="bbox 390 266 485 327; baseline 0.011 -2"><span class='ocrx_word' id='word_1_1' title='bbox 390 266 485 327; x_wconf 73' lang='lat'><strong>539</strong></span> 
     </span>
    </p>
   </div>
   <div class='ocr_carea' id='block_1_2' title="bbox 387 475 1947 562">
    <p class='ocr_par' dir='ltr' id='par_1_2' title="bbox 387 475 1947 562">
     <span class='ocr_line' id='line_1_2' title="bbox 387 475 1947 562; baseline 0.022 -44"><span class='ocrx_word' id='word_1_2' title='bbox 387 491 465 538; x_wconf 66' lang='grc' dir='ltr'><strong>,ηδ</strong></span> <span class='ocrx_word' id='word_1_3' title='bbox 517 475 816 530; x_wconf 88' lang='lat' dir='ltr'><strong>alteriusve</strong></span> <span class='ocrx_word' id='word_1_4' title='bbox 866 480 1296 539; x_wconf 86' lang='lat' dir='ltr'><strong>insimulatorcs.</strong></span> <span class='ocrx_word' id='word_1_5' title='bbox 1347 486 1579 544; x_wconf 84' lang='lat' dir='ltr'><strong>Ubinam</strong></span> <span class='ocrx_word' id='word_1_6' title='bbox 1629 497 1798 549; x_wconf 89' lang='lat' dir='ltr'><strong>eratis</strong></span> <span class='ocrx_word' id='word_1_7' title='bbox 1828 513 1947 562; x_wconf 83' lang='lat' dir='ltr'><strong>vos.</strong></span> 
     </span>
    </p>
   </div>
   <div class='ocr_carea' id='block_1_3' title="bbox 388 565 1951 648">
    <p class='ocr_par' dir='ltr' id='par_1_3' title="bbox 388 565 1951 648">
     <span class='ocr_line' id='line_1_3' title="bbox 388 565 1951 648; baseline 0.018 -34"><span class='ocrx_word' id='word_1_8' title='bbox 388 579 506 617; x_wconf 87' lang='lat' dir='ltr'><strong>cum</strong></span> <span class='ocrx_word' id='word_1_9' title='bbox 535 573 645 620; x_wconf 72' lang='lat' dir='ltr'><strong>tunc</strong></span> <span class='ocrx_word' id='word_1_10' title='bbox 675 565 914 624; x_wconf 83' lang='lat' dir='ltr'><strong>Murates</strong></span> <span class='ocrx_word' id='word_1_11' title='bbox 937 572 1198 628; x_wconf 72' lang='lat' dir='ltr'><strong>oﬂ‘erebat</strong></span> <span class='ocrx_word' id='word_1_12' title='bbox 1219 576 1242 629; x_wconf 85' lang='lat'><strong>?</strong></span> <span class='ocrx_word' id='word_1_13' title='bbox 1265 575 1454 634; x_wconf 83' lang='lat' dir='ltr'><strong>Nonne</strong></span> <span class='ocrx_word' id='word_1_14' title='bbox 1480 580 1532 634; x_wconf 92' lang='lat' dir='ltr'><strong>in</strong></span> <span class='ocrx_word' id='word_1_15' title='bbox 1565 583 1719 648; x_wconf 83' lang='lat' dir='ltr'><strong>urbe,</strong></span> <span class='ocrx_word' id='word_1_16' title='bbox 1754 593 1806 639; x_wconf 85' lang='lat' dir='ltr'><strong>ct</strong></span> <span class='ocrx_word' id='word_1_17' title='bbox 1853 603 1951 642; x_wconf 84' lang='lat' dir='ltr'><strong>vc-</strong></span> 
     </span>
    </p>
   </div>
   <div class='ocr_carea' id='block_1_4' title="bbox 382 657 1948 738">
    <p class='ocr_par' dir='ltr' id='par_1_4' title="bbox 382 657 1948 738">
     <span class='ocr_line' id='line_1_4' title="bbox 382 657 1948 738; baseline 0.014 -30"><span class='ocrx_word' id='word_1_18' title='bbox 382 657 511 708; x_wconf 67' lang='lat' dir='ltr'><strong>s*nis</strong></span> <span class='ocrx_word' id='word_1_19' title='bbox 547 671 608 708; x_wconf 81' lang='lat' dir='ltr'><strong>ea</strong></span> <span class='ocrx_word' id='word_1_20' title='bbox 650 659 873 715; x_wconf 85' lang='lat' dir='ltr'><strong>auribus</strong></span> <span class='ocrx_word' id='word_1_21' title='bbox 891 665 1236 729; x_wconf 77' lang='lat' dir='ltr'><strong>usurpaStis?</strong></span> <span class='ocrx_word' id='word_1_22' title='bbox 1266 668 1379 732; x_wconf 79' lang='lat' dir='ltr'><strong>Qua</strong></span> <span class='ocrx_word' id='word_1_23' title='bbox 1417 669 1581 738; x_wconf 77' lang='lat' dir='ltr'><strong>igitur</strong></span> <span class='ocrx_word' id='word_1_24' title='bbox 1615 675 1824 728; x_wconf 92' lang='lat' dir='ltr'><strong>ratione</strong></span> <span class='ocrx_word' id='word_1_25' title='bbox 1857 691 1948 729; x_wconf 86' lang='lat' dir='ltr'><strong>co-</strong></span> 
     </span>
    </p>
   </div>
   <div class='ocr_carea' id='block_1_5' title="bbox 385 744 1947 827">
    <p class='ocr_par' dir='ltr' id='par_1_5' title="bbox 385 744 1947 827">
     <span class='ocr_line' id='line_1_5' title="bbox 385 744 1947 827; baseline 0.016 -31"><span class='ocrx_word' id='word_1_26' title='bbox 385 744 569 810; x_wconf 72' lang='lat' dir='ltr'><strong>gitatis</strong></span> <span class='ocrx_word' id='word_1_27' title='bbox 603 752 684 827; x_wconf 86' lang='lat' dir='ltr'><strong>usi</strong></span> <span class='ocrx_word' id='word_1_28' title='bbox 723 764 826 803; x_wconf 90' lang='lat' dir='ltr'><strong>non</strong></span> <span class='ocrx_word' id='word_1_29' title='bbox 856 752 1037 807; x_wconf 81' lang='lat' dir='ltr'><strong>estis?</strong></span> <span class='ocrx_word' id='word_1_30' title='bbox 1069 753 1268 820; x_wconf 84' lang='lat' dir='ltr'><strong>Quare,</strong></span> <span class='ocrx_word' id='word_1_31' title='bbox 1300 757 1369 812; x_wconf 89' lang='lat' dir='ltr'><strong>de</strong></span> <span class='ocrx_word' id='word_1_32' title='bbox 1399 761 1594 827; x_wconf 80' lang='lat' dir='ltr'><strong>quibus</strong></span> <span class='ocrx_word' id='word_1_33' title='bbox 1627 762 1762 820; x_wconf 88' lang='lat' dir='ltr'><strong>alios</strong></span> <span class='ocrx_word' id='word_1_34' title='bbox 1791 765 1947 820; x_wconf 89' lang='lat' dir='ltr'><strong>iucu-</strong></span> 
     </span>
    </p>
   </div>
   <div class='ocr_carea' id='block_1_6' title="bbox 384 837 1946 925">
    <p class='ocr_par' dir='ltr' id='par_1_6' title="bbox 384 837 1946 925">
     <span class='ocr_line' id='line_1_6' title="bbox 384 837 1946 925; baseline 0.015 -37"><span class='ocrx_word' id='word_1_35' title='bbox 384 837 520 890; x_wconf 90' lang='lat' dir='ltr'><strong>satis</strong></span> <span class='ocrx_word' id='word_1_36' title='bbox 567 840 707 905; x_wconf 88' lang='lat' dir='ltr'><strong>quod</strong></span> <span class='ocrx_word' id='word_1_37' title='bbox 740 856 847 896; x_wconf 92' lang='lat' dir='ltr'><strong>non</strong></span> <span class='ocrx_word' id='word_1_38' title='bbox 897 844 1146 912; x_wconf 77' lang='lat' dir='ltr'><strong>fecerint,</strong></span> <span class='ocrx_word' id='word_1_39' title='bbox 1183 862 1278 902; x_wconf 87' lang='lat' dir='ltr'><strong>vos</strong></span> <span class='ocrx_word' id='word_1_40' title='bbox 1325 851 1456 919; x_wconf 87' lang='lat' dir='ltr'><strong>ipsi,</strong></span> <span class='ocrx_word' id='word_1_41' title='bbox 1489 856 1776 908; x_wconf 83' lang='lat' dir='ltr'><strong>occasione</strong></span> <span class='ocrx_word' id='word_1_42' title='bbox 1817 872 1946 925; x_wconf 81' lang='lat' dir='ltr'><strong>pre-</strong></span> 
     </span>
    </p>
   </div>
   <div class='ocr_carea' id='block_1_7' title="bbox 383 925 1944 1020">
    <p class='ocr_par' dir='ltr' id='par_1_7' title="bbox 383 925 1944 1020">
     <span class='ocr_line' id='line_1_7' title="bbox 383 925 1944 1020; baseline 0.015 -38"><span class='ocrx_word' id='word_1_43' title='bbox 383 941 564 986; x_wconf 87' lang='lat' dir='ltr'><strong>mente</strong></span> <span class='ocrx_word' id='word_1_44' title='bbox 612 942 665 986; x_wconf 91' lang='lat' dir='ltr'><strong>et</strong></span> <span class='ocrx_word' id='word_1_45' title='bbox 714 935 861 990; x_wconf 89' lang='lat' dir='ltr'><strong>nullo</strong></span> <span class='ocrx_word' id='word_1_46' title='bbox 908 925 1258 1006; x_wconf 73' lang='lat' dir='ltr'><strong>impediente,</strong></span> <span class='ocrx_word' id='word_1_47' title='bbox 1299 958 1407 997; x_wconf 90' lang='lat' dir='ltr'><strong>non</strong></span> <span class='ocrx_word' id='word_1_48' title='bbox 1458 945 1944 1020; x_wconf 53' lang='lat' dir='ltr'><strong>perfecistisltum</strong></span> 
     </span>
    </p>
   </div>
   <div class='ocr_carea' id='block_1_8' title="bbox 385 1025 1946 1104">
    <p class='ocr_par' dir='ltr' id='par_1_8' title="bbox 385 1025 1946 1104">
     <span class='ocr_line' id='line_1_8' title="bbox 385 1025 1946 1104; baseline 0.013 -27"><span class='ocrx_word' id='word_1_49' title='bbox 385 1025 528 1077; x_wconf 90' lang='lat' dir='ltr'><strong>enim</strong></span> <span class='ocrx_word' id='word_1_50' title='bbox 571 1026 748 1080; x_wconf 90' lang='lat' dir='ltr'><strong>nullus</strong></span> <span class='ocrx_word' id='word_1_51' title='bbox 783 1041 970 1096; x_wconf 86' lang='lat' dir='ltr'><strong>pastor</strong></span> <span class='ocrx_word' id='word_1_52' title='bbox 1009 1041 1123 1086; x_wconf 88' lang='lat' dir='ltr'><strong>erat</strong></span> <span class='ocrx_word' id='word_1_53' title='bbox 1155 1033 1415 1104; x_wconf 85' lang='lat' dir='ltr'><strong>(namque</strong></span> <span class='ocrx_word' id='word_1_54' title='bbox 1445 1047 1572 1093; x_wconf 89' lang='lat' dir='ltr'><strong>ante</strong></span> <span class='ocrx_word' id='word_1_55' title='bbox 1602 1055 1695 1095; x_wconf 82' lang='lat' dir='ltr'><strong>sex</strong></span> <span class='ocrx_word' id='word_1_56' title='bbox 1731 1057 1946 1097; x_wconf 87' lang='lat' dir='ltr'><strong>menses</strong></span> 
     </span>
    </p>
   </div>
   <div class='ocr_carea' id='block_1_9' title="bbox 382 1116 1947 1203">
    <p class='ocr_par' dir='ltr' id='par_1_9' title="bbox 382 1116 1947 1203">
     <span class='ocr_line' id='line_1_9' title="bbox 382 1116 1947 1203; baseline 0.014 -37"><span class='ocrx_word' id='word_1_57' title='bbox 382 1116 525 1168; x_wconf 81' lang='lat' dir='ltr'><strong>inter</strong></span> <span class='ocrx_word' id='word_1_58' title='bbox 562 1118 712 1174; x_wconf 79' lang='lat' dir='ltr'><strong>vivos</strong></span> <span class='ocrx_word' id='word_1_59' title='bbox 735 1135 855 1175; x_wconf 86' lang='lat' dir='ltr'><strong>esse</strong></span> <span class='ocrx_word' id='word_1_60' title='bbox 877 1122 1160 1196; x_wconf 74' lang='lat' dir='ltr'><strong>desierat),</strong></span> <span class='ocrx_word' id='word_1_61' title='bbox 1193 1143 1290 1183; x_wconf 83' lang='lat' dir='ltr'><strong>nec</strong></span> <span class='ocrx_word' id='word_1_62' title='bbox 1319 1129 1451 1184; x_wconf 73' lang='lat' dir='ltr'><strong>dirae</strong></span> <span class='ocrx_word' id='word_1_63' title='bbox 1481 1148 1653 1201; x_wconf 88' lang='lat' dir='ltr'><strong>neque</strong></span> <span class='ocrx_word' id='word_1_64' title='bbox 1679 1135 1804 1202; x_wconf 87' lang='lat' dir='ltr'><strong>alia,</strong></span> <span class='ocrx_word' id='word_1_65' title='bbox 1828 1150 1947 1203; x_wconf 66' lang='lat' dir='ltr'><strong>qua!</strong></span> 
     </span>
    </p>
   </div>
   <div class='ocr_carea' id='block_1_10' title="bbox 382 1213 1946 1292">
    <p class='ocr_par' dir='ltr' id='par_1_10' title="bbox 382 1213 1946 1292">
     <span class='ocr_line' id='line_1_10' title="bbox 382 1213 1946 1292; baseline 0.015 -32"><span class='ocrx_word' id='word_1_66' title='bbox 382 1225 476 1261; x_wconf 76' lang='lat' dir='ltr'><strong>vos</strong></span> <span class='ocrx_word' id='word_1_67' title='bbox 501 1213 794 1266; x_wconf 81' lang='lat' dir='ltr'><strong>recensetis</strong></span> <span class='ocrx_word' id='word_1_68' title='bbox 826 1225 878 1268; x_wconf 90' lang='lat' dir='ltr'><strong>et</strong></span> <span class='ocrx_word' id='word_1_69' title='bbox 910 1230 1004 1279; x_wconf 90' lang='lat' dir='ltr'><strong>per</strong></span> <span class='ocrx_word' id='word_1_70' title='bbox 1023 1218 1219 1286; x_wconf 74' lang='lat' dir='ltr'><strong>digitos</strong></span> <span class='ocrx_word' id='word_1_71' title='bbox 1245 1232 1434 1276; x_wconf 76' lang='lat' dir='ltr'><strong>exacte</strong></span> <span class='ocrx_word' id='word_1_72' title='bbox 1454 1227 1774 1280; x_wconf 87' lang='lat' dir='ltr'><strong>numeratis.</strong></span> <span class='ocrx_word' id='word_1_73' title='bbox 1807 1229 1946 1292; x_wconf 78' lang='lat' dir='ltr'><strong>Quid</strong></span> 
     </span>
    </p>
   </div>
   <div class='ocr_carea' id='block_1_11' title="bbox 382 1305 1946 1387">
    <p class='ocr_par' dir='ltr' id='par_1_11' title="bbox 382 1305 1946 1387">
     <span class='ocr_line' id='line_1_11' title="bbox 382 1305 1946 1387; baseline 0.012 -31"><span class='ocrx_word' id='word_1_74' title='bbox 382 1305 548 1371; x_wconf 77' lang='lat' dir='ltr'><strong>igitur</strong></span> <span class='ocrx_word' id='word_1_75' title='bbox 573 1306 724 1360; x_wconf 84' lang='lat' dir='ltr'><strong>vobis</strong></span> <span class='ocrx_word' id='word_1_76' title='bbox 751 1307 1135 1374; x_wconf 88' lang='lat' dir='ltr'><strong>impedimento</strong></span> <span class='ocrx_word' id='word_1_77' title='bbox 1165 1313 1284 1377; x_wconf 77' lang='lat' dir='ltr'><strong>fuit,</strong></span> <span class='ocrx_word' id='word_1_78' title='bbox 1309 1325 1402 1368; x_wconf 86' lang='lat' dir='ltr'><strong>aut</strong></span> <span class='ocrx_word' id='word_1_79' title='bbox 1433 1316 1586 1383; x_wconf 89' lang='lat' dir='ltr'><strong>cujus</strong></span> <span class='ocrx_word' id='word_1_80' title='bbox 1616 1333 1751 1387; x_wconf 86' lang='lat' dir='ltr'><strong>opus</strong></span> <span class='ocrx_word' id='word_1_81' title='bbox 1779 1337 1946 1375; x_wconf 82' lang='lat' dir='ltr'><strong>even-</strong></span> 
     </span>
    </p>
   </div>
   <div class='ocr_carea' id='block_1_12' title="bbox 384 1396 1945 1482">
    <p class='ocr_par' dir='ltr' id='par_1_12' title="bbox 384 1396 1945 1482">
     <span class='ocr_line' id='line_1_12' title="bbox 384 1396 1945 1482; baseline 0.013 -37"><span class='ocrx_word' id='word_1_82' title='bbox 384 1397 509 1448; x_wconf 79' lang='lat' dir='ltr'><strong>tus?</strong></span> <span class='ocrx_word' id='word_1_83' title='bbox 538 1396 768 1464; x_wconf 85' lang='lat' dir='ltr'><strong>Nullius,</strong></span> <span class='ocrx_word' id='word_1_84' title='bbox 799 1401 1024 1469; x_wconf 84' lang='lat' dir='ltr'><strong>quilibet</strong></span> <span class='ocrx_word' id='word_1_85' title='bbox 1071 1407 1420 1472; x_wconf 75' lang='lat' dir='ltr'><strong>respondebit</strong></span> <span class='ocrx_word' id='word_1_86' title='bbox 1451 1409 1535 1476; x_wconf 90' lang='lat' dir='ltr'><strong>pie</strong></span> <span class='ocrx_word' id='word_1_87' title='bbox 1571 1426 1681 1464; x_wconf 85' lang='lat' dir='ltr'><strong>rem</strong></span> <span class='ocrx_word' id='word_1_88' title='bbox 1720 1427 1945 1482; x_wconf 86' lang='lat' dir='ltr'><strong>compu-</strong></span> 
     </span>
    </p>
   </div>
   <div class='ocr_carea' id='block_1_13' title="bbox 383 1495 1944 1567">
    <p class='ocr_par' dir='ltr' id='par_1_13' title="bbox 383 1495 1944 1567">
     <span class='ocr_line' id='line_1_13' title="bbox 383 1495 1944 1567; baseline 0.011 -26"><span class='ocrx_word' id='word_1_89' title='bbox 383 1501 526 1550; x_wconf 87' lang='lat' dir='ltr'><strong>tans,</strong></span> <span class='ocrx_word' id='word_1_90' title='bbox 560 1506 722 1558; x_wconf 81' lang='lat' dir='ltr'><strong>quant</strong></span> <span class='ocrx_word' id='word_1_91' title='bbox 765 1504 967 1547; x_wconf 59' lang='lat' dir='ltr'><strong>nostra;</strong></span> <span class='ocrx_word' id='word_1_92' title='bbox 1007 1495 1398 1563; x_wconf 85' lang='lat' dir='ltr'><strong>improbitatis,</strong></span> <span class='ocrx_word' id='word_1_93' title='bbox 1427 1515 1545 1567; x_wconf 71' lang='lat' dir='ltr'><strong>quae</strong></span> <span class='ocrx_word' id='word_1_94' title='bbox 1571 1503 1637 1555; x_wconf 94' lang='lat' dir='ltr'><strong>ab</strong></span> <span class='ocrx_word' id='word_1_95' title='bbox 1666 1503 1944 1559; x_wconf 83' lang='lat' dir='ltr'><strong>iracundia</strong></span> 
     </span>
    </p>
   </div>
   <div class='ocr_carea' id='block_1_14' title="bbox 384 1580 1945 1656">
    <p class='ocr_par' dir='ltr' id='par_1_14' title="bbox 384 1580 1945 1656">
     <span class='ocr_line' id='line_1_14' title="bbox 384 1580 1945 1656; baseline 0.013 -26"><span class='ocrx_word' id='word_1_96' title='bbox 384 1580 616 1634; x_wconf 88' lang='lat' dir='ltr'><strong>liberum</strong></span> <span class='ocrx_word' id='word_1_97' title='bbox 650 1581 817 1636; x_wconf 88' lang='lat' dir='ltr'><strong>Deum</strong></span> <span class='ocrx_word' id='word_1_98' title='bbox 853 1585 905 1637; x_wconf 94' lang='lat' dir='ltr'><strong>in</strong></span> <span class='ocrx_word' id='word_1_99' title='bbox 958 1587 1291 1641; x_wconf 82' lang='lat' dir='ltr'><strong>iracundiam</strong></span> <span class='ocrx_word' id='word_1_100' title='bbox 1331 1592 1519 1656; x_wconf 82' lang='lat' dir='ltr'><strong>movit,</strong></span> <span class='ocrx_word' id='word_1_101' title='bbox 1569 1601 1622 1647; x_wconf 92' lang='lat' dir='ltr'><strong>et</strong></span> <span class='ocrx_word' id='word_1_102' title='bbox 1665 1596 1731 1649; x_wconf 89' lang='lat' dir='ltr'><strong>ad</strong></span> <span class='ocrx_word' id='word_1_103' title='bbox 1775 1582 1945 1650; x_wconf 74' lang='lat' dir='ltr'><strong>nostri</strong></span> 
     </span>
    </p>
   </div>
   <div class='ocr_carea' id='block_1_15' title="bbox 381 1673 1945 1753">
    <p class='ocr_par' dir='ltr' id='par_1_15' title="bbox 381 1673 1945 1753">
     <span class='ocr_line' id='line_1_15' title="bbox 381 1673 1945 1753; baseline 0.012 -30"><span class='ocrx_word' id='word_1_104' title='bbox 381 1673 743 1739; x_wconf 90' lang='lat' dir='ltr'><strong>punitionem,</strong></span> <span class='ocrx_word' id='word_1_105' title='bbox 791 1677 882 1744; x_wconf 89' lang='lat' dir='ltr'><strong>qui</strong></span> <span class='ocrx_word' id='word_1_106' title='bbox 917 1678 1224 1735; x_wconf 87' lang='lat' dir='ltr'><strong>incorrecte</strong></span> <span class='ocrx_word' id='word_1_107' title='bbox 1259 1682 1511 1750; x_wconf 80' lang='lat' dir='ltr'><strong>labimur,</strong></span> <span class='ocrx_word' id='word_1_108' title='bbox 1554 1689 1834 1753; x_wconf 84' lang='lat' dir='ltr'><strong>excitavit,</strong></span> <span class='ocrx_word' id='word_1_109' title='bbox 1886 1701 1945 1744; x_wconf 81' lang='grc' dir='ltr'><strong>ιιι</strong></span> 
     </span>
    </p>
   </div>
   <div class='ocr_carea' id='block_1_16' title="bbox 379 1765 1944 1850">
    <p class='ocr_par' dir='ltr' id='par_1_16' title="bbox 379 1765 1944 1850">
     <span class='ocr_line' id='line_1_16' title="bbox 379 1765 1944 1850; baseline 0.015 -36"><span class='ocrx_word' id='word_1_110' title='bbox 379 1765 446 1815; x_wconf 84' lang='lat' dir='ltr'><strong>ad</strong></span> <span class='ocrx_word' id='word_1_111' title='bbox 483 1768 844 1836; x_wconf 76' lang='lat' dir='ltr'><strong>nosmetipsos</strong></span> <span class='ocrx_word' id='word_1_112' title='bbox 884 1773 1171 1828; x_wconf 86' lang='lat' dir='ltr'><strong>redeuntes</strong></span> <span class='ocrx_word' id='word_1_113' title='bbox 1226 1778 1279 1830; x_wconf 94' lang='lat' dir='ltr'><strong>in</strong></span> <span class='ocrx_word' id='word_1_114' title='bbox 1327 1789 1606 1846; x_wconf 89' lang='lat' dir='ltr'><strong>posterum</strong></span> <span class='ocrx_word' id='word_1_115' title='bbox 1647 1781 1944 1850; x_wconf 75' lang='lat' dir='ltr'><strong>sapiamus.</strong></span> 
     </span>
    </p>
   </div>
   <div class='ocr_carea' id='block_1_17' title="bbox 379 1857 1952 1935">
    <p class='ocr_par' dir='ltr' id='par_1_17' title="bbox 379 1857 1952 1935">
     <span class='ocr_line' id='line_1_17' title="bbox 379 1857 1952 1935; baseline 0.014 -29"><span class='ocrx_word' id='word_1_116' title='bbox 379 1857 539 1919; x_wconf 82' lang='lat' dir='ltr'><strong>Quod</strong></span> <span class='ocrx_word' id='word_1_117' title='bbox 573 1857 616 1910; x_wconf 93' lang='lat' dir='ltr'><strong>si</strong></span> <span class='ocrx_word' id='word_1_118' title='bbox 651 1859 773 1926; x_wconf 87' lang='lat' dir='ltr'><strong>quis</strong></span> <span class='ocrx_word' id='word_1_119' title='bbox 802 1870 1054 1917; x_wconf 83' lang='lat' dir='ltr'><strong>anteacta</strong></span> <span class='ocrx_word' id='word_1_120' title='bbox 1107 1873 1349 1935; x_wconf 89' lang='lat' dir='ltr'><strong>tempora</strong></span> <span class='ocrx_word' id='word_1_121' title='bbox 1386 1884 1821 1927; x_wconf 87' lang='lat' dir='ltr'><strong>commemorans</strong></span> <span class='ocrx_word' id='word_1_122' title='bbox 1851 1875 1952 1928; x_wconf 87' lang='lat' dir='ltr'><strong>ite-</strong></span> 
     </span>
    </p>
   </div>
   <div class='ocr_carea' id='block_1_18' title="bbox 381 1953 1943 2038">
    <p class='ocr_par' dir='ltr' id='par_1_18' title="bbox 381 1953 1943 2038">
     <span class='ocr_line' id='line_1_18' title="bbox 381 1953 1943 2038; baseline 0.015 -38"><span class='ocrx_word' id='word_1_123' title='bbox 381 1966 498 2003; x_wconf 87' lang='lat' dir='ltr'><strong>rum</strong></span> <span class='ocrx_word' id='word_1_124' title='bbox 540 1953 696 2008; x_wconf 89' lang='lat' dir='ltr'><strong>nobis</strong></span> <span class='ocrx_word' id='word_1_125' title='bbox 743 1967 999 2024; x_wconf 82' lang='lat' dir='ltr'><strong>Opponat,</strong></span> <span class='ocrx_word' id='word_1_126' title='bbox 1041 1967 1094 2011; x_wconf 91' lang='lat' dir='ltr'><strong>et</strong></span> <span class='ocrx_word' id='word_1_127' title='bbox 1137 1963 1350 2028; x_wconf 81' lang='lat' dir='ltr'><strong>pastori</strong></span> <span class='ocrx_word' id='word_1_128' title='bbox 1400 1978 1617 2019; x_wconf 87' lang='lat' dir='ltr'><strong>causam</strong></span> <span class='ocrx_word' id='word_1_129' title='bbox 1667 1967 1943 2038; x_wconf 80' lang='lat' dir='ltr'><strong>appingat,</strong></span> 
     </span>
    </p>
   </div>
   <div class='ocr_carea' id='block_1_19' title="bbox 379 2046 1945 2125">
    <p class='ocr_par' dir='ltr' id='par_1_19' title="bbox 379 2046 1945 2125">
     <span class='ocr_line' id='line_1_19' title="bbox 379 2046 1945 2125; baseline 0.011 -32"><span class='ocrx_word' id='word_1_130' title='bbox 379 2047 470 2110; x_wconf 89' lang='lat' dir='ltr'><strong>qui</strong></span> <span class='ocrx_word' id='word_1_131' title='bbox 519 2046 717 2099; x_wconf 86' lang='lat' dir='ltr'><strong>dedere</strong></span> <span class='ocrx_word' id='word_1_132' title='bbox 771 2062 831 2100; x_wconf 83' lang='lat' dir='ltr'><strong>se</strong></span> <span class='ocrx_word' id='word_1_133' title='bbox 881 2050 1211 2117; x_wconf 86' lang='lat' dir='ltr'><strong>volentibus,</strong></span> <span class='ocrx_word' id='word_1_134' title='bbox 1268 2058 1538 2109; x_wconf 87' lang='lat' dir='ltr'><strong>sententia</strong></span> <span class='ocrx_word' id='word_1_135' title='bbox 1586 2058 1749 2111; x_wconf 88' lang='lat' dir='ltr'><strong>etiam</strong></span> <span class='ocrx_word' id='word_1_136' title='bbox 1798 2060 1945 2125; x_wconf 88' lang='lat' dir='ltr'><strong>data,</strong></span> 
     </span>
    </p>
   </div>
   <div class='ocr_carea' id='block_1_20' title="bbox 382 2140 1949 2219">
    <p class='ocr_par' dir='ltr' id='par_1_20' title="bbox 382 2140 1949 2219">
     <span class='ocr_line' id='line_1_20' title="bbox 382 2140 1949 2219; baseline 0.012 -33"><span class='ocrx_word' id='word_1_137' title='bbox 382 2140 734 2205; x_wconf 69' lang='lat' dir='ltr'><strong>contradixit,</strong></span> <span class='ocrx_word' id='word_1_138' title='bbox 778 2143 1099 2198; x_wconf 79' lang='lat' dir='ltr'><strong>insanientis</strong></span> <span class='ocrx_word' id='word_1_139' title='bbox 1136 2145 1490 2214; x_wconf 78' lang='lat' dir='ltr'><strong>cogitationes</strong></span> <span class='ocrx_word' id='word_1_140' title='bbox 1538 2151 1784 2219; x_wconf 88' lang='lat' dir='ltr'><strong>suscipit.</strong></span> <span class='ocrx_word' id='word_1_141' title='bbox 1832 2152 1949 2205; x_wconf 84' lang='lat' dir='ltr'><strong>Pri-</strong></span> 
     </span>
    </p>
   </div>
   <div class='ocr_carea' id='block_1_21' title="bbox 385 2231 1949 2307">
    <p class='ocr_par' dir='ltr' id='par_1_21' title="bbox 385 2231 1949 2307">
     <span class='ocr_line' id='line_1_21' title="bbox 385 2231 1949 2307; baseline 0.01 -24"><span class='ocrx_word' id='word_1_142' title='bbox 385 2245 532 2283; x_wconf 87' lang='lat' dir='ltr'><strong>mqu</strong></span> <span class='ocrx_word' id='word_1_143' title='bbox 581 2231 722 2286; x_wconf 88' lang='lat' dir='ltr'><strong>enim</strong></span> <span class='ocrx_word' id='word_1_144' title='bbox 773 2248 876 2287; x_wconf 91' lang='lat' dir='ltr'><strong>non</strong></span> <span class='ocrx_word' id='word_1_145' title='bbox 911 2234 1138 2290; x_wconf 82' lang='lat' dir='ltr'><strong>addecet</strong></span> <span class='ocrx_word' id='word_1_146' title='bbox 1176 2238 1489 2307; x_wconf 80' lang='lat' dir='ltr'><strong>pontiﬁcem</strong></span> <span class='ocrx_word' id='word_1_147' title='bbox 1531 2256 1710 2296; x_wconf 91' lang='lat' dir='ltr'><strong>rerum</strong></span> <span class='ocrx_word' id='word_1_148' title='bbox 1753 2243 1949 2298; x_wconf 86' lang='lat' dir='ltr'><strong>milita-</strong></span> 
     </span>
    </p>
   </div>
   <div class='ocr_carea' id='block_1_22' title="bbox 385 2325 1950 2402">
    <p class='ocr_par' dir='ltr' id='par_1_22' title="bbox 385 2325 1950 2402">
     <span class='ocr_line' id='line_1_22' title="bbox 385 2325 1950 2402; baseline 0.009 -28"><span class='ocrx_word' id='word_1_149' title='bbox 385 2325 526 2398; x_wconf 83' lang='lat' dir='ltr'><strong>rium</strong></span> <span class='ocrx_word' id='word_1_150' title='bbox 563 2338 714 2388; x_wconf 87' lang='lat' dir='ltr'><strong>cura,</strong></span> <span class='ocrx_word' id='word_1_151' title='bbox 743 2333 797 2379; x_wconf 90' lang='lat' dir='ltr'><strong>et</strong></span> <span class='ocrx_word' id='word_1_152' title='bbox 821 2327 962 2380; x_wconf 86' lang='lat' dir='ltr'><strong>hunc</strong></span> <span class='ocrx_word' id='word_1_153' title='bbox 990 2328 1206 2397; x_wconf 87' lang='lat' dir='ltr'><strong>quidem</strong></span> <span class='ocrx_word' id='word_1_154' title='bbox 1235 2337 1589 2398; x_wconf 83' lang='lat' dir='ltr'><strong>tyrannorum</strong></span> <span class='ocrx_word' id='word_1_155' title='bbox 1626 2347 1777 2388; x_wconf 90' lang='lat' dir='ltr'><strong>more</strong></span> <span class='ocrx_word' id='word_1_156' title='bbox 1799 2335 1950 2402; x_wconf 91' lang='lat' dir='ltr'><strong>priu-</strong></span> 
     </span>
    </p>
   </div>
   <div class='ocr_carea' id='block_1_23' title="bbox 388 2414 1950 2491">
    <p class='ocr_par' dir='ltr' id='par_1_23' title="bbox 388 2414 1950 2491">
     <span class='ocr_line' id='line_1_23' title="bbox 388 2414 1950 2491; baseline 0.01 -27"><span class='ocrx_word' id='word_1_157' title='bbox 388 2415 568 2482; x_wconf 65' lang='lat' dir='ltr'><strong>c‘puu</strong></span> <span class='ocrx_word' id='word_1_158' title='bbox 597 2414 817 2483; x_wconf 82' lang='lat' dir='ltr'><strong>pellere,</strong></span> <span class='ocrx_word' id='word_1_159' title='bbox 853 2417 999 2470; x_wconf 92' lang='lat' dir='ltr'><strong>illum</strong></span> <span class='ocrx_word' id='word_1_160' title='bbox 1027 2428 1212 2473; x_wconf 88' lang='lat' dir='ltr'><strong>contra</strong></span> <span class='ocrx_word' id='word_1_161' title='bbox 1247 2421 1298 2474; x_wconf 91' lang='lat' dir='ltr'><strong>in</strong></span> <span class='ocrx_word' id='word_1_162' title='bbox 1321 2423 1719 2491; x_wconf 86' lang='lat' dir='ltr'><strong>possessionem</strong></span> <span class='ocrx_word' id='word_1_163' title='bbox 1747 2424 1950 2480; x_wconf 90' lang='lat' dir='ltr'><strong>immit-</strong></span> 
     </span>
    </p>
   </div>
   <div class='ocr_carea' id='block_1_24' title="bbox 333 2509 1942 2582">
    <p class='ocr_par' dir='ltr' id='par_1_24' title="bbox 333 2509 1942 2582">
     <span class='ocr_line' id='line_1_24' title="bbox 333 2509 1942 2582; baseline 0.011 -27"><span class='ocrx_word' id='word_1_164' title='bbox 333 2525 337 2530; x_wconf 84' lang='lat'><em>-</em></span> <span class='ocrx_word' id='word_1_165' title='bbox 389 2515 525 2568; x_wconf 68' lang='lat' dir='ltr'><strong>lere,</strong></span> <span class='ocrx_word' id='word_1_166' title='bbox 544 2517 592 2560; x_wconf 88' lang='lat' dir='ltr'><strong>et</strong></span> <span class='ocrx_word' id='word_1_167' title='bbox 621 2509 978 2563; x_wconf 86' lang='lat' dir='ltr'><strong>mutationum</strong></span> <span class='ocrx_word' id='word_1_168' title='bbox 1002 2525 1064 2566; x_wconf 91' lang='lat' dir='ltr'><strong>ac</strong></span> <span class='ocrx_word' id='word_1_169' title='bbox 1092 2513 1317 2568; x_wconf 63' lang='lat' dir='ltr'><strong>caedium</strong></span> <span class='ocrx_word' id='word_1_170' title='bbox 1344 2529 1445 2569; x_wconf 91' lang='lat' dir='ltr'><strong>nec</strong></span> <span class='ocrx_word' id='word_1_171' title='bbox 1466 2531 1572 2568; x_wconf 90' lang='lat' dir='ltr'><strong>non</strong></span> <span class='ocrx_word' id='word_1_172' title='bbox 1598 2516 1942 2582; x_wconf 88' lang='lat' dir='ltr'><strong>damnorum,</strong></span> 
     </span>
    </p>
   </div>
   <div class='ocr_carea' id='block_1_25' title="bbox 344 2601 1946 2673">
    <p class='ocr_par' dir='ltr' id='par_1_25' title="bbox 344 2601 1946 2673">
     <span class='ocr_line' id='line_1_25' title="bbox 344 2601 1946 2673; baseline 0.007 -22"><span class='ocrx_word' id='word_1_173' title='bbox 344 2629 346 2631; x_wconf 52' lang='grc' dir='ltr'><strong>ν</strong></span> <span class='ocrx_word' id='word_1_174' title='bbox 382 2615 524 2666; x_wconf 70' lang='lat' dir='ltr'><strong>quae,</strong></span> <span class='ocrx_word' id='word_1_175' title='bbox 566 2601 691 2653; x_wconf 88' lang='lat' dir='ltr'><strong>dum</strong></span> <span class='ocrx_word' id='word_1_176' title='bbox 724 2616 904 2656; x_wconf 88' lang='lat' dir='ltr'><strong>rermn</strong></span> <span class='ocrx_word' id='word_1_177' title='bbox 942 2611 1118 2659; x_wconf 90' lang='lat' dir='ltr'><strong>status</strong></span> <span class='ocrx_word' id='word_1_178' title='bbox 1149 2607 1493 2672; x_wconf 89' lang='lat' dir='ltr'><strong>immutatur,</strong></span> <span class='ocrx_word' id='word_1_179' title='bbox 1529 2610 1804 2673; x_wconf 83' lang='lat' dir='ltr'><strong>eveniunt,</strong></span> <span class='ocrx_word' id='word_1_180' title='bbox 1844 2624 1946 2663; x_wconf 83' lang='lat' dir='ltr'><strong>au-</strong></span> 
     </span>
    </p>
   </div>
   <div class='ocr_carea' id='block_1_26' title="bbox 383 2697 1943 2769">
    <p class='ocr_par' dir='ltr' id='par_1_26' title="bbox 383 2697 1943 2769">
     <span class='ocr_line' id='line_1_26' title="bbox 383 2697 1943 2769; baseline 0.009 -28"><span class='ocrx_word' id='word_1_181' title='bbox 383 2703 590 2743; x_wconf 74' lang='lat' dir='ltr'><strong>cmrem</strong></span> <span class='ocrx_word' id='word_1_182' title='bbox 626 2705 748 2745; x_wconf 89' lang='lat' dir='ltr'><strong>esse</strong></span> <span class='ocrx_word' id='word_1_183' title='bbox 783 2708 797 2744; x_wconf 90' lang='lat'><strong>:</strong></span> <span class='ocrx_word' id='word_1_184' title='bbox 845 2709 1018 2764; x_wconf 83' lang='lat' dir='ltr'><strong>neque</strong></span> <span class='ocrx_word' id='word_1_185' title='bbox 1045 2697 1187 2748; x_wconf 88' lang='lat' dir='ltr'><strong>enim</strong></span> <span class='ocrx_word' id='word_1_186' title='bbox 1227 2698 1339 2764; x_wconf 91' lang='lat' dir='ltr'><strong>ipse</strong></span> <span class='ocrx_word' id='word_1_187' title='bbox 1375 2699 1424 2750; x_wconf 91' lang='lat' dir='ltr'><strong>in</strong></span> <span class='ocrx_word' id='word_1_188' title='bbox 1461 2702 1824 2769; x_wconf 85' lang='lat' dir='ltr'><strong>tyrannicum,</strong></span> <span class='ocrx_word' id='word_1_189' title='bbox 1850 2702 1943 2755; x_wconf 87' lang='lat' dir='ltr'><strong>sed</strong></span> 
     </span>
    </p>
   </div>
   <div class='ocr_carea' id='block_1_27' title="bbox 383 2775 1945 2862">
    <p class='ocr_par' dir='ltr' id='par_1_27' title="bbox 383 2775 1945 2862">
     <span class='ocr_line' id='line_1_27' title="bbox 383 2775 1945 2862; baseline 0.01 -28"><span class='ocrx_word' id='word_1_190' title='bbox 383 2784 434 2835; x_wconf 89' lang='lat' dir='ltr'><strong>in</strong></span> <span class='ocrx_word' id='word_1_191' title='bbox 466 2775 820 2849; x_wconf 76' lang='lat' dir='ltr'><strong>sacerdoiale,</strong></span> <span class='ocrx_word' id='word_1_192' title='bbox 853 2795 905 2839; x_wconf 90' lang='lat' dir='ltr'><strong>et</strong></span> <span class='ocrx_word' id='word_1_193' title='bbox 956 2788 1099 2840; x_wconf 80' lang='lat' dir='ltr'><strong>ruitis</strong></span> <span class='ocrx_word' id='word_1_194' title='bbox 1151 2789 1385 2854; x_wconf 88' lang='lat' dir='ltr'><strong>Domini,</strong></span> <span class='ocrx_word' id='word_1_195' title='bbox 1421 2800 1474 2845; x_wconf 89' lang='lat' dir='ltr'><strong>et</strong></span> <span class='ocrx_word' id='word_1_196' title='bbox 1503 2793 1593 2860; x_wconf 92' lang='lat' dir='ltr'><strong>qui</strong></span> <span class='ocrx_word' id='word_1_197' title='bbox 1626 2808 1809 2862; x_wconf 85' lang='lat' dir='ltr'><strong>pacem</strong></span> <span class='ocrx_word' id='word_1_198' title='bbox 1849 2795 1945 2856; x_wconf 82' lang='lat' dir='ltr'><strong>de-</strong></span> 
     </span>
    </p>
   </div>
   <div class='ocr_carea' id='block_1_28' title="bbox 381 2876 1944 2947">
    <p class='ocr_par' dir='ltr' id='par_1_28' title="bbox 381 2876 1944 2947">
     <span class='ocr_line' id='line_1_28' title="bbox 381 2876 1944 2947; baseline 0.01 -22"><span class='ocrx_word' id='word_1_199' title='bbox 381 2876 719 2944; x_wconf 78' lang='lat' dir='ltr'><strong>praedicavit,</strong></span> <span class='ocrx_word' id='word_1_200' title='bbox 753 2877 910 2947; x_wconf 90' lang='lat' dir='ltr'><strong>cujus</strong></span> <span class='ocrx_word' id='word_1_201' title='bbox 933 2880 1176 2947; x_wconf 79' lang='lat' dir='ltr'><strong>vestigiis</strong></span> <span class='ocrx_word' id='word_1_202' title='bbox 1206 2881 1454 2936; x_wconf 77' lang='lat' dir='ltr'><strong>insistere</strong></span> <span class='ocrx_word' id='word_1_203' title='bbox 1487 2884 1664 2938; x_wconf 76' lang='lat' dir='ltr'><strong>modis</strong></span> <span class='ocrx_word' id='word_1_204' title='bbox 1690 2887 1944 2940; x_wconf 77' lang='lat' dir='ltr'><strong>Omnibus</strong></span> 
     </span>
    </p>
   </div>
   <div class='ocr_carea' id='block_1_29' title="bbox 380 2969 1938 3046">
    <p class='ocr_par' dir='ltr' id='par_1_29' title="bbox 380 2969 1938 3046">
     <span class='ocr_line' id='line_1_29' title="bbox 380 2969 1938 3046; baseline 0.009 -28"><span class='ocrx_word' id='word_1_205' title='bbox 380 2980 433 3019; x_wconf 77' lang='lat' dir='ltr'><strong>ct</strong></span> <span class='ocrx_word' id='word_1_206' title='bbox 469 2970 616 3023; x_wconf 83' lang='lat' dir='ltr'><strong>dicta</strong></span> <span class='ocrx_word' id='word_1_207' title='bbox 655 2969 902 3040; x_wconf 76' lang='lat' dir='ltr'><strong>factaque</strong></span> <span class='ocrx_word' id='word_1_208' title='bbox 931 2974 1081 3041; x_wconf 90' lang='lat' dir='ltr'><strong>sequi</strong></span> <span class='ocrx_word' id='word_1_209' title='bbox 1118 2974 1298 3041; x_wconf 88' lang='lat' dir='ltr'><strong>debet,</strong></span> <span class='ocrx_word' id='word_1_210' title='bbox 1331 2978 1522 3031; x_wconf 90' lang='lat' dir='ltr'><strong>solium</strong></span> <span class='ocrx_word' id='word_1_211' title='bbox 1566 2989 1938 3046; x_wconf 79' lang='lat' dir='ltr'><strong>promovetur.</strong></span> 
     </span>
    </p>
   </div>
   <div class='ocr_carea' id='block_1_30' title="bbox 1467 289 3556 381">
    <p class='ocr_par' dir='ltr' id='par_1_30' title="bbox 1467 289 3556 381">
     <span class='ocr_line' id='line_1_30' title="bbox 1467 289 3556 381; baseline 0.018 -38"><span class='ocrx_word' id='word_1_212' title='bbox 1467 368 1470 370; x_wconf 77' lang='lat'><em>_</em></span> <span class='ocrx_word' id='word_1_213' title='bbox 1572 289 1894 349; x_wconf 59' lang='lat' dir='ltr'><strong>JJANNIS</strong></span> <span class='ocrx_word' id='word_1_214' title='bbox 1939 296 2408 359; x_wconf 59' lang='lat' dir='ltr'><strong>ANAGNOSI‘AE</strong></span> <span class='ocrx_word' id='word_1_215' title='bbox 3469 322 3556 381; x_wconf 65' lang='grc' dir='ltr'><strong>6οο</strong></span> 
     </span>
    </p>
   </div>
   <div class='ocr_carea' id='block_1_31' title="bbox 454 381 2019 468">
    <p class='ocr_par' dir='ltr' id='par_1_31' title="bbox 454 381 2019 468">
     <span class='ocr_line' id='line_1_31' title="bbox 454 381 2019 468; baseline 0.02 -36"><span class='ocrx_word' id='word_1_216' title='bbox 454 381 557 433; x_wconf 86' lang='lat' dir='ltr'><strong>Sed</strong></span> <span class='ocrx_word' id='word_1_217' title='bbox 590 398 710 434; x_wconf 89' lang='lat' dir='ltr'><strong>cum</strong></span> <span class='ocrx_word' id='word_1_218' title='bbox 742 383 842 436; x_wconf 91' lang='lat' dir='ltr'><strong>buc</strong></span> <span class='ocrx_word' id='word_1_219' title='bbox 870 390 1232 457; x_wconf 87' lang='lat' dir='ltr'><strong>pervenerim,</strong></span> <span class='ocrx_word' id='word_1_220' title='bbox 1266 394 1451 460; x_wconf 81' lang='lat' dir='ltr'><strong>paucis</strong></span> <span class='ocrx_word' id='word_1_221' title='bbox 1484 402 1816 468; x_wconf 86' lang='lat' dir='ltr'><strong>compellabo</strong></span> <span class='ocrx_word' id='word_1_222' title='bbox 1849 406 1946 459; x_wconf 85' lang='lat' dir='ltr'><strong>bu-</strong></span> <span class='ocrx_word' id='word_1_223' title='bbox 1974 411 2019 465; x_wconf 78' lang='grc' dir='ltr'><strong>Α</strong></span> 
     </span>
    </p>
   </div>
   <div class='ocr_carea' id='block_1_32' title="bbox 2135 410 3574 495">
    <p class='ocr_par' dir='ltr' id='par_1_32' title="bbox 2135 410 3574 495">
     <span class='ocr_line' id='line_1_32' title="bbox 2135 410 3574 495; baseline 0.017 -38"><span class='ocrx_word' id='word_1_224' title='bbox 2135 410 2271 460; x_wconf 74' lang='grc' dir='ltr'>Ἀλλ’</span> <span class='ocrx_word' id='word_1_225' title='bbox 2303 413 2532 465; x_wconf 69' lang='grc' dir='ltr'>ἐνταῦθα</span> <span class='ocrx_word' id='word_1_226' title='bbox 2569 416 2764 482; x_wconf 63' lang='grc' dir='ltr'>μικρὸν</span> <span class='ocrx_word' id='word_1_227' title='bbox 2795 415 3063 486; x_wconf 81' lang='grc' dir='ltr'>ἐρήσομαι</span> <span class='ocrx_word' id='word_1_228' title='bbox 3099 420 3216 482; x_wconf 78' lang='grc' dir='ltr'>τοὺς</span> <span class='ocrx_word' id='word_1_229' title='bbox 3243 430 3574 495; x_wconf 78' lang='grc' dir='ltr'>κατηγοροῦνο</span> 
     </span>
    </p>
   </div>
   <div class='ocr_carea' id='block_1_33' title="bbox 2052 503 3576 589">
    <p class='ocr_par' dir='ltr' id='par_1_33' title="bbox 2052 503 3576 589">
     <span class='ocr_line' id='line_1_33' title="bbox 2052 503 3576 589; baseline 0.021 -48"><span class='ocrx_word' id='word_1_230' title='bbox 2052 518 2148 560; x_wconf 63' lang='grc' dir='ltr'>τας</span> <span class='ocrx_word' id='word_1_231' title='bbox 2195 503 2286 554; x_wconf 76' lang='grc' dir='ltr'><strong>τοῦ</strong></span> <span class='ocrx_word' id='word_1_232' title='bbox 2329 503 2494 568; x_wconf 86' lang='grc' dir='ltr'>δεῖνος</span> <span class='ocrx_word' id='word_1_233' title='bbox 2536 506 2630 560; x_wconf 78' lang='grc' dir='ltr'>καὶ</span> <span class='ocrx_word' id='word_1_234' title='bbox 2668 507 2767 575; x_wconf 78' lang='grc' dir='ltr'><strong>τῆς</strong></span> <span class='ocrx_word' id='word_1_235' title='bbox 2806 507 2997 571; x_wconf 87' lang='grc' dir='ltr'>δεῖνος.</span> <span class='ocrx_word' id='word_1_236' title='bbox 3033 511 3140 564; x_wconf 88' lang='grc' dir='ltr'>Ποῦ</span> <span class='ocrx_word' id='word_1_237' title='bbox 3181 513 3295 565; x_wconf 78' lang='grc' dir='ltr'>ποθ’</span> <span class='ocrx_word' id='word_1_238' title='bbox 3328 516 3470 582; x_wconf 79' lang='grc' dir='ltr'>ὑμεῖς</span> <span class='ocrx_word' id='word_1_239' title='bbox 3493 516 3576 589; x_wconf 74' lang='grc' dir='ltr'>ἦτε</span> 
     </span>
    </p>
   </div>
   <div class='ocr_carea' id='block_1_34' title="bbox 2049 589 3578 681">
    <p class='ocr_par' dir='ltr' id='par_1_34' title="bbox 2049 589 3578 681">
     <span class='ocr_line' id='line_1_34' title="bbox 2049 589 3578 681; baseline 0.013 -39"><span class='ocrx_word' id='word_1_240' title='bbox 2049 589 2130 643; x_wconf 77' lang='grc' dir='ltr'><strong>ὅθ’</strong></span> <span class='ocrx_word' id='word_1_241' title='bbox 2175 596 2202 644; x_wconf 80' lang='grc' dir='ltr'>ὁ</span> <span class='ocrx_word' id='word_1_242' title='bbox 2250 593 2549 665; x_wconf 85' lang='grc' dir='ltr'>Μουράτης</span> <span class='ocrx_word' id='word_1_243' title='bbox 2597 596 2664 649; x_wconf 81' lang='grc' dir='ltr'>τὰ</span> <span class='ocrx_word' id='word_1_244' title='bbox 2712 598 2937 651; x_wconf 87' lang='grc' dir='ltr'>τοιαῦτα</span> <span class='ocrx_word' id='word_1_245' title='bbox 2972 602 3272 670; x_wconf 79' lang='grc' dir='ltr'>ὑπέσχετος</span> <span class='ocrx_word' id='word_1_246' title='bbox 3318 607 3410 660; x_wconf 82' lang='grc' dir='ltr'><strong>οὐκ</strong></span> <span class='ocrx_word' id='word_1_247' title='bbox 3439 610 3489 660; x_wconf 80' lang='grc' dir='ltr'>ὲν</span> <span class='ocrx_word' id='word_1_248' title='bbox 3523 615 3578 681; x_wconf 78' lang='grc' dir='ltr'>τῇ</span> 
     </span>
    </p>
   </div>
   <div class='ocr_carea' id='block_1_35' title="bbox 2050 685 3578 774">
    <p class='ocr_par' dir='ltr' id='par_1_35' title="bbox 2050 685 3578 774">
     <span class='ocr_line' id='line_1_35' title="bbox 2050 685 3578 774; baseline 0.012 -40"><span class='ocrx_word' id='word_1_249' title='bbox 2050 685 2227 749; x_wconf 60' lang='grc' dir='ltr'>πόλει,</span> <span class='ocrx_word' id='word_1_250' title='bbox 2252 687 2340 737; x_wconf 72' lang='grc' dir='ltr'>καὶ</span> <span class='ocrx_word' id='word_1_251' title='bbox 2375 687 2638 755; x_wconf 82' lang='grc' dir='ltr'><strong>αὐτήκοοι</strong></span> <span class='ocrx_word' id='word_1_252' title='bbox 2665 689 2774 740; x_wconf 83' lang='grc' dir='ltr'><strong>τῶν</strong></span> <span class='ocrx_word' id='word_1_253' title='bbox 2803 695 3257 774; x_wconf 79' lang='grc' dir='ltr'>κηρυττομένωνς</span> <span class='ocrx_word' id='word_1_254' title='bbox 3289 697 3398 759; x_wconf 87' lang='grc' dir='ltr'>πῶς</span> <span class='ocrx_word' id='word_1_255' title='bbox 3423 699 3454 751; x_wconf 73' lang='grc' dir='ltr'><strong>ἃ.</strong></span> <span class='ocrx_word' id='word_1_256' title='bbox 3482 701 3578 753; x_wconf 86' lang='grc' dir='ltr'>διε-</span> 
     </span>
    </p>
   </div>
   <div class='ocr_carea' id='block_1_36' title="bbox 2050 773 3581 857">
    <p class='ocr_par' dir='ltr' id='par_1_36' title="bbox 2050 773 3581 857">
     <span class='ocr_line' id='line_1_36' title="bbox 2050 773 3581 857; baseline 0.008 -32"><span class='ocrx_word' id='word_1_257' title='bbox 2050 773 2285 837; x_wconf 66' lang='grc' dir='ltr'>νοτῖσοε,</span> <span class='ocrx_word' id='word_1_258' title='bbox 2309 775 2409 828; x_wconf 88' lang='grc' dir='ltr'><strong>οὐκ</strong></span> <span class='ocrx_word' id='word_1_259' title='bbox 2441 777 2522 838; x_wconf 72' lang='grc' dir='ltr'><strong>εἰς</strong></span> <span class='ocrx_word' id='word_1_260' title='bbox 2547 777 2722 846; x_wconf 86' lang='grc' dir='ltr'>πέρας</span> <span class='ocrx_word' id='word_1_261' title='bbox 2754 778 2992 846; x_wconf 79' lang='grc' dir='ltr'><strong>ἠγάγετε</strong></span> <span class='ocrx_word' id='word_1_262' title='bbox 3015 796 3029 842; x_wconf 86' lang='lat'><strong>;</strong></span> <span class='ocrx_word' id='word_1_263' title='bbox 3060 773 3175 843; x_wconf 79' lang='grc' dir='ltr'><strong>πῶς</strong></span> <span class='ocrx_word' id='word_1_264' title='bbox 3195 781 3285 834; x_wconf 84' lang='grc' dir='ltr'><strong>οῦν</strong></span> <span class='ocrx_word' id='word_1_265' title='bbox 3313 784 3405 837; x_wconf 76' lang='grc' dir='ltr'><strong>οὐκ</strong></span> <span class='ocrx_word' id='word_1_266' title='bbox 3433 788 3581 857; x_wconf 76' lang='grc' dir='ltr'><strong>ἐχρή-</strong></span> 
     </span>
    </p>
   </div>
   <div class='ocr_carea' id='block_1_37' title="bbox 2053 864 3580 943">
    <p class='ocr_par' dir='ltr' id='par_1_37' title="bbox 2053 864 3580 943">
     <span class='ocr_line' id='line_1_37' title="bbox 2053 864 3580 943; baseline 0.01 -30"><span class='ocrx_word' id='word_1_267' title='bbox 2053 866 2214 916; x_wconf 81' lang='grc' dir='ltr'>σασθε</span> <span class='ocrx_word' id='word_1_268' title='bbox 2245 864 2322 927; x_wconf 82' lang='grc' dir='ltr'>τῷ</span> <span class='ocrx_word' id='word_1_269' title='bbox 2357 865 2645 936; x_wconf 74' lang='grc' dir='ltr'>λογισμῷς</span> <span class='ocrx_word' id='word_1_270' title='bbox 2681 867 2796 929; x_wconf 86' lang='grc' dir='ltr'><strong>πῶς</strong></span> <span class='ocrx_word' id='word_1_271' title='bbox 2823 869 2858 922; x_wconf 78' lang='grc' dir='ltr'>ἃ</span> <span class='ocrx_word' id='word_1_272' title='bbox 2893 867 3001 923; x_wconf 85' lang='grc' dir='ltr'>τῶν</span> <span class='ocrx_word' id='word_1_273' title='bbox 3031 869 3204 924; x_wconf 76' lang='grc' dir='ltr'>ἄλλων</span> <span class='ocrx_word' id='word_1_274' title='bbox 3257 879 3580 943; x_wconf 79' lang='grc' dir='ltr'><strong>κατηγορεῖτε</strong></span> 
     </span>
    </p>
   </div>
   <div class='ocr_carea' id='block_1_38' title="bbox 2053 955 3579 1031">
    <p class='ocr_par' dir='ltr' id='par_1_38' title="bbox 2053 955 3579 1031">
     <span class='ocr_line' id='line_1_38' title="bbox 2053 955 3579 1031; baseline 0.007 -26"><span class='ocrx_word' id='word_1_275' title='bbox 2053 955 2127 1022; x_wconf 79' lang='grc' dir='ltr'><strong>μὴ</strong></span> <span class='ocrx_word' id='word_1_276' title='bbox 2163 957 2544 1024; x_wconf 77' lang='grc' dir='ltr'><strong>πεπραχότων,</strong></span> <span class='ocrx_word' id='word_1_277' title='bbox 2581 959 2738 1026; x_wconf 80' lang='grc' dir='ltr'><strong>ὑμεῖς</strong></span> <span class='ocrx_word' id='word_1_278' title='bbox 2794 960 2894 1011; x_wconf 80' lang='grc' dir='ltr'><strong>οὐκ</strong></span> <span class='ocrx_word' id='word_1_279' title='bbox 2941 960 3452 1031; x_wconf 82' lang='grc' dir='ltr'>ὲπράξατε,καιροῦ</span> <span class='ocrx_word' id='word_1_280' title='bbox 3495 983 3579 1016; x_wconf 83' lang='grc' dir='ltr'>κα-</span> 
     </span>
    </p>
   </div>
   <div class='ocr_carea' id='block_1_39' title="bbox 2048 1041 3582 1122">
    <p class='ocr_par' dir='ltr' id='par_1_39' title="bbox 2048 1041 3582 1122">
     <span class='ocr_line' id='line_1_39' title="bbox 2048 1041 3582 1122; baseline 0.008 -28"><span class='ocrx_word' id='word_1_281' title='bbox 2048 1041 2272 1106; x_wconf 86' lang='grc' dir='ltr'>λοῦντος</span> <span class='ocrx_word' id='word_1_282' title='bbox 2312 1047 2407 1098; x_wconf 71' lang='grc' dir='ltr'><strong>καὶ</strong></span> <span class='ocrx_word' id='word_1_283' title='bbox 2445 1047 2556 1098; x_wconf 85' lang='grc' dir='ltr'><strong>τῶν</strong></span> <span class='ocrx_word' id='word_1_284' title='bbox 2589 1049 2969 1116; x_wconf 84' lang='grc' dir='ltr'>ἀπειργόντων</span> <span class='ocrx_word' id='word_1_285' title='bbox 3000 1052 3102 1103; x_wconf 79' lang='grc' dir='ltr'>οὐκ</span> <span class='ocrx_word' id='word_1_286' title='bbox 3129 1050 3324 1115; x_wconf 79' lang='grc' dir='ltr'>δντων;</span> <span class='ocrx_word' id='word_1_287' title='bbox 3354 1055 3462 1105; x_wconf 85' lang='grc' dir='ltr'>τότε</span> <span class='ocrx_word' id='word_1_288' title='bbox 3490 1057 3582 1122; x_wconf 78' lang='grc' dir='ltr'><strong>γὰρ</strong></span> 
     </span>
    </p>
   </div>
   <div class='ocr_carea' id='block_1_40' title="bbox 2048 1135 3585 1211">
    <p class='ocr_par' dir='ltr' id='par_1_40' title="bbox 2048 1135 3585 1211">
     <span class='ocr_line' id='line_1_40' title="bbox 2048 1135 3585 1211; baseline 0.006 -24"><span class='ocrx_word' id='word_1_289' title='bbox 2048 1138 2255 1204; x_wconf 77' lang='grc' dir='ltr'>ποιμὴν</span> <span class='ocrx_word' id='word_1_290' title='bbox 2287 1139 2383 1190; x_wconf 75' lang='grc' dir='ltr'>οὐκ</span> <span class='ocrx_word' id='word_1_291' title='bbox 2422 1135 2488 1208; x_wconf 81' lang='grc' dir='ltr'>ἦν</span> <span class='ocrx_word' id='word_1_292' title='bbox 2529 1140 2726 1206; x_wconf 74' lang='grc' dir='ltr'>(μῆνας</span> <span class='ocrx_word' id='word_1_293' title='bbox 2779 1143 2888 1207; x_wconf 72' lang='grc' dir='ltr'>γὰρ</span> <span class='ocrx_word' id='word_1_294' title='bbox 2940 1137 3088 1210; x_wconf 74' lang='grc' dir='ltr'>εἶχεν</span> <span class='ocrx_word' id='word_1_295' title='bbox 3139 1143 3196 1206; x_wconf 80' lang='grc' dir='ltr'><strong>ἒξ</strong></span> <span class='ocrx_word' id='word_1_296' title='bbox 3236 1147 3506 1211; x_wconf 85' lang='grc' dir='ltr'>γενόμενος</span> <span class='ocrx_word' id='word_1_297' title='bbox 3535 1147 3585 1210; x_wconf 77' lang='grc' dir='ltr'><strong>ἐξ</strong></span> 
     </span>
    </p>
   </div>
   <div class='ocr_carea' id='block_1_41' title="bbox 2049 1228 3582 1308">
    <p class='ocr_par' dir='ltr' id='par_1_41' title="bbox 2049 1228 3582 1308">
     <span class='ocr_line' id='line_1_41' title="bbox 2049 1228 3582 1308; baseline 0.006 -28"><span class='ocrx_word' id='word_1_298' title='bbox 2049 1228 2375 1308; x_wconf 77' lang='grc' dir='ltr'>ἀνθρώπων)</span> <span class='ocrx_word' id='word_1_299' title='bbox 2424 1231 2545 1282; x_wconf 78' lang='grc' dir='ltr'>οὐδὲ</span> <span class='ocrx_word' id='word_1_300' title='bbox 2579 1232 2732 1299; x_wconf 84' lang='grc' dir='ltr'>ἀραὶ,</span> <span class='ocrx_word' id='word_1_301' title='bbox 2780 1232 2891 1283; x_wconf 73' lang='grc' dir='ltr'>οὐδ’</span> <span class='ocrx_word' id='word_1_302' title='bbox 2923 1234 3001 1284; x_wconf 73' lang='grc' dir='ltr'><strong>ὅσ⁵</strong></span> <span class='ocrx_word' id='word_1_303' title='bbox 3050 1233 3194 1300; x_wconf 71' lang='grc' dir='ltr'>ἕτερ’</span> <span class='ocrx_word' id='word_1_304' title='bbox 3227 1235 3582 1302; x_wconf 72' lang='grc' dir='ltr'>ἀπαριθμεῖτε.</span> 
     </span>
    </p>
   </div>
   <div class='ocr_carea' id='block_1_42' title="bbox 2050 1319 3584 1393">
    <p class='ocr_par' dir='ltr' id='par_1_42' title="bbox 2050 1319 3584 1393">
     <span class='ocr_line' id='line_1_42' title="bbox 2050 1319 3584 1393; baseline 0.007 -23"><span class='ocrx_word' id='word_1_305' title='bbox 2050 1320 2117 1372; x_wconf 85' lang='grc' dir='ltr'><strong>Τί</strong></span> <span class='ocrx_word' id='word_1_306' title='bbox 2143 1320 2322 1370; x_wconf 59' lang='grc' dir='ltr'>λοιπὸν</span> <span class='ocrx_word' id='word_1_307' title='bbox 2355 1321 2416 1372; x_wconf 86' lang='grc' dir='ltr'><strong>τὸ</strong></span> <span class='ocrx_word' id='word_1_308' title='bbox 2465 1321 2717 1373; x_wconf 83' lang='grc' dir='ltr'>κωλῦσαν</span> <span class='ocrx_word' id='word_1_309' title='bbox 2747 1324 2887 1390; x_wconf 79' lang='grc' dir='ltr'>ὑμᾶς</span> <span class='ocrx_word' id='word_1_310' title='bbox 2918 1319 2984 1392; x_wconf 79' lang='grc' dir='ltr'>ἦν</span> <span class='ocrx_word' id='word_1_311' title='bbox 3011 1341 3023 1388; x_wconf 91' lang='grc'><strong>;</strong></span> <span class='ocrx_word' id='word_1_312' title='bbox 3060 1325 3091 1393; x_wconf 78' lang='grc' dir='ltr'>ἢ</span> <span class='ocrx_word' id='word_1_313' title='bbox 3127 1325 3270 1385; x_wconf 80' lang='grc' dir='ltr'>τίνος</span> <span class='ocrx_word' id='word_1_314' title='bbox 3318 1327 3584 1392; x_wconf 57' lang='grc' dir='ltr'>ἑργονῇσα</span> 
     </span>
    </p>
   </div>
   <div class='ocr_carea' id='block_1_43' title="bbox 2054 1411 3586 1484">
    <p class='ocr_par' dir='ltr' id='par_1_43' title="bbox 2054 1411 3586 1484">
     <span class='ocr_line' id='line_1_43' title="bbox 2054 1411 3586 1484; baseline 0.005 -24"><span class='ocrx_word' id='word_1_315' title='bbox 2054 1411 2403 1478; x_wconf 73' lang='grc' dir='ltr'>συμϐέϐηκεν</span> <span class='ocrx_word' id='word_1_316' title='bbox 2433 1427 2446 1474; x_wconf 86' lang='lat'><strong>;</strong></span> <span class='ocrx_word' id='word_1_317' title='bbox 2483 1413 2730 1476; x_wconf 76' lang='grc' dir='ltr'>Οὐδενὸς,</span> <span class='ocrx_word' id='word_1_318' title='bbox 2753 1416 2859 1474; x_wconf 82' lang='grc' dir='ltr'>πᾶς</span> <span class='ocrx_word' id='word_1_319' title='bbox 2885 1431 2967 1476; x_wconf 86' lang='grc' dir='ltr'><strong>τις</strong></span> <span class='ocrx_word' id='word_1_320' title='bbox 3009 1415 3073 1468; x_wconf 85' lang='grc' dir='ltr'><strong>ἂν</strong></span> <span class='ocrx_word' id='word_1_321' title='bbox 3101 1417 3242 1467; x_wconf 69' lang='grc' dir='ltr'>εἴποι</span> <span class='ocrx_word' id='word_1_322' title='bbox 3276 1417 3586 1484; x_wconf 78' lang='grc' dir='ltr'>λογιζόμενος</span> 
     </span>
    </p>
   </div>
   <div class='ocr_carea' id='block_1_44' title="bbox 2050 1501 3584 1575">
    <p class='ocr_par' dir='ltr' id='par_1_44' title="bbox 2050 1501 3584 1575">
     <span class='ocr_line' id='line_1_44' title="bbox 2050 1501 3584 1575; baseline 0.006 -25"><span class='ocrx_word' id='word_1_323' title='bbox 2050 1501 2311 1563; x_wconf 75' lang='grc' dir='ltr'>εὐσεϐῶς.</span> <span class='ocrx_word' id='word_1_324' title='bbox 2341 1503 2371 1570; x_wconf 85' lang='grc' dir='ltr'><strong>ἢ</strong></span> <span class='ocrx_word' id='word_1_325' title='bbox 2399 1505 2497 1569; x_wconf 84' lang='grc' dir='ltr'><strong>τῆς</strong></span> <span class='ocrx_word' id='word_1_326' title='bbox 2525 1503 2685 1570; x_wconf 77' lang='grc' dir='ltr'>ἡμῶν</span> <span class='ocrx_word' id='word_1_327' title='bbox 2717 1505 2993 1572; x_wconf 77' lang='grc' dir='ltr'>ἁμαρτίας</span> <span class='ocrx_word' id='word_1_328' title='bbox 3029 1506 3264 1558; x_wconf 81' lang='grc' dir='ltr'><strong>ἑκάστου</strong></span> <span class='ocrx_word' id='word_1_329' title='bbox 3289 1508 3375 1558; x_wconf 68' lang='grc' dir='ltr'>τὸν</span> <span class='ocrx_word' id='word_1_330' title='bbox 3408 1505 3584 1575; x_wconf 79' lang='grc' dir='ltr'>ἀόργη-</span> 
     </span>
    </p>
   </div>
   <div class='ocr_carea' id='block_1_45' title="bbox 2049 1593 3585 1667">
    <p class='ocr_par' dir='ltr' id='par_1_45' title="bbox 2049 1593 3585 1667">
     <span class='ocr_line' id='line_1_45' title="bbox 2049 1593 3585 1667; baseline 0.005 -24"><span class='ocrx_word' id='word_1_331' title='bbox 2049 1607 2142 1643; x_wconf 87' lang='grc' dir='ltr'><strong>τον</strong></span> <span class='ocrx_word' id='word_1_332' title='bbox 2181 1593 2260 1653; x_wconf 89' lang='grc' dir='ltr'><strong>εἰς</strong></span> <span class='ocrx_word' id='word_1_333' title='bbox 2290 1593 2462 1660; x_wconf 76' lang='grc' dir='ltr'>ὀργὴν</span> <span class='ocrx_word' id='word_1_334' title='bbox 2504 1593 2629 1646; x_wconf 74' lang='grc' dir='ltr'>καθ’</span> <span class='ocrx_word' id='word_1_335' title='bbox 2657 1594 2815 1663; x_wconf 76' lang='grc' dir='ltr'>ἡμῶν</span> <span class='ocrx_word' id='word_1_336' title='bbox 2853 1597 3175 1664; x_wconf 82' lang='grc' dir='ltr'><strong>κινησάσης,</strong></span> <span class='ocrx_word' id='word_1_337' title='bbox 3207 1599 3444 1650; x_wconf 73' lang='grc' dir='ltr'><strong>παιδείαν</strong></span> <span class='ocrx_word' id='word_1_338' title='bbox 3473 1602 3585 1667; x_wconf 80' lang='grc' dir='ltr'>ἡμῖν</span> 
     </span>
    </p>
   </div>
   <div class='ocr_carea' id='block_1_46' title="bbox 2050 1684 3589 1758">
    <p class='ocr_par' dir='ltr' id='par_1_46' title="bbox 2050 1684 3589 1758">
     <span class='ocr_line' id='line_1_46' title="bbox 2050 1684 3589 1758; baseline 0.005 -25"><span class='ocrx_word' id='word_1_339' title='bbox 2050 1684 2371 1750; x_wconf 75' lang='grc' dir='ltr'><strong>ἐπενεγκεῖν</strong></span> <span class='ocrx_word' id='word_1_340' title='bbox 2411 1686 2693 1736; x_wconf 72' lang='grc' dir='ltr'>πταίουσιν</span> <span class='ocrx_word' id='word_1_341' title='bbox 2741 1686 3069 1754; x_wconf 76' lang='grc' dir='ltr'><strong>ἀδιόρθωτα,</strong></span> <span class='ocrx_word' id='word_1_342' title='bbox 3106 1689 3192 1742; x_wconf 73' lang='grc' dir='ltr'><strong>ἵνα</strong></span> <span class='ocrx_word' id='word_1_343' title='bbox 3243 1690 3369 1758; x_wconf 89' lang='grc' dir='ltr'>γοῦν</span> <span class='ocrx_word' id='word_1_344' title='bbox 3407 1691 3589 1742; x_wconf 79' lang='grc' dir='ltr'>ἑαυτῶν</span> 
     </span>
    </p>
   </div>
   <div class='ocr_carea' id='block_1_47' title="bbox 2050 1775 3591 1850">
    <p class='ocr_par' dir='ltr' id='par_1_47' title="bbox 2050 1775 3591 1850">
     <span class='ocr_line' id='line_1_47' title="bbox 2050 1775 3591 1850; baseline 0.005 -25"><span class='ocrx_word' id='word_1_345' title='bbox 2050 1775 2336 1842; x_wconf 85' lang='grc' dir='ltr'>γενόμενοι</span> <span class='ocrx_word' id='word_1_346' title='bbox 2367 1776 2456 1826; x_wconf 70' lang='grc' dir='ltr'>καὶ</span> <span class='ocrx_word' id='word_1_347' title='bbox 2485 1777 2578 1826; x_wconf 88' lang='grc' dir='ltr'><strong>τοῦ</strong></span> <span class='ocrx_word' id='word_1_348' title='bbox 2611 1776 2801 1829; x_wconf 81' lang='grc' dir='ltr'><strong>λοιποῦ</strong></span> <span class='ocrx_word' id='word_1_349' title='bbox 2837 1781 3302 1850; x_wconf 81' lang='grc' dir='ltr'>σωφρονήσωμεν.</span> <span class='ocrx_word' id='word_1_350' title='bbox 3347 1783 3404 1834; x_wconf 87' lang='grc' dir='ltr'>Εἰ</span> <span class='ocrx_word' id='word_1_351' title='bbox 3443 1783 3494 1835; x_wconf 80' lang='grc' dir='ltr'>δέ</span> <span class='ocrx_word' id='word_1_352' title='bbox 3522 1798 3591 1843; x_wconf 88' lang='grc' dir='ltr'><strong>τις</strong></span> 
     </span>
    </p>
   </div>
   <div class='ocr_carea' id='block_1_48' title="bbox 2048 1867 3590 1941">
    <p class='ocr_par' dir='ltr' id='par_1_48' title="bbox 2048 1867 3590 1941">
     <span class='ocr_line' id='line_1_48' title="bbox 2048 1867 3590 1941; baseline 0.002 -22"><span class='ocrx_word' id='word_1_353' title='bbox 2048 1867 2159 1919; x_wconf 81' lang='grc' dir='ltr'>τῶν</span> <span class='ocrx_word' id='word_1_354' title='bbox 2202 1873 2331 1935; x_wconf 72' lang='grc' dir='ltr'>πρὶν</span> <span class='ocrx_word' id='word_1_355' title='bbox 2387 1868 2860 1936; x_wconf 79' lang='grc' dir='ltr'>ἀπομνημονεύων</span> <span class='ocrx_word' id='word_1_356' title='bbox 2910 1873 3119 1938; x_wconf 74' lang='grc' dir='ltr'>χρόνων</span> <span class='ocrx_word' id='word_1_357' title='bbox 3155 1873 3248 1923; x_wconf 77' lang='grc' dir='ltr'>καὶ</span> <span class='ocrx_word' id='word_1_358' title='bbox 3298 1873 3451 1925; x_wconf 79' lang='grc' dir='ltr'>πάλιν</span> <span class='ocrx_word' id='word_1_359' title='bbox 3480 1875 3590 1941; x_wconf 77' lang='grc' dir='ltr'>ἡμῖν</span> 
     </span>
    </p>
   </div>
   <div class='ocr_carea' id='block_1_49' title="bbox 2049 1952 3592 2030">
    <p class='ocr_par' dir='ltr' id='par_1_49' title="bbox 2049 1952 3592 2030">
     <span class='ocr_line' id='line_1_49' title="bbox 2049 1952 3592 2030; baseline 0.004 -24"><span class='ocrx_word' id='word_1_360' title='bbox 2049 1952 2327 2024; x_wconf 76' lang='grc' dir='ltr'>ἀντιλέγῃ,</span> <span class='ocrx_word' id='word_1_361' title='bbox 2374 1957 2468 2006; x_wconf 68' lang='grc' dir='ltr'><strong>καὶ</strong></span> <span class='ocrx_word' id='word_1_362' title='bbox 2513 1957 2588 2024; x_wconf 84' lang='grc' dir='ltr'><strong>τῷ</strong></span> <span class='ocrx_word' id='word_1_363' title='bbox 2625 1959 2844 2025; x_wconf 79' lang='grc' dir='ltr'>ποιμένι</span> <span class='ocrx_word' id='word_1_364' title='bbox 2896 1958 2993 2026; x_wconf 85' lang='grc' dir='ltr'><strong>τὴν</strong></span> <span class='ocrx_word' id='word_1_365' title='bbox 3049 1960 3234 2012; x_wconf 81' lang='grc' dir='ltr'>αἰτίαν</span> <span class='ocrx_word' id='word_1_366' title='bbox 3278 1962 3592 2030; x_wconf 79' lang='grc' dir='ltr'>ὲπάγῃ,τοῖς</span> 
     </span>
    </p>
   </div>
   <div class='ocr_carea' id='block_1_50' title="bbox 2050 2046 3588 2122">
    <p class='ocr_par' dir='ltr' id='par_1_50' title="bbox 2050 2046 3588 2122">
     <span class='ocr_line' id='line_1_50' title="bbox 2050 2046 3588 2122; baseline 0.005 -25"><span class='ocrx_word' id='word_1_367' title='bbox 2050 2046 2403 2115; x_wconf 73' lang='grc' dir='ltr'>προδεδόσθαι</span> <span class='ocrx_word' id='word_1_368' title='bbox 2427 2046 2675 2099; x_wconf 77' lang='grc' dir='ltr'>ἐθέλουσι</span> <span class='ocrx_word' id='word_1_369' title='bbox 2703 2048 2778 2117; x_wconf 80' lang='grc' dir='ltr'>μὴ</span> <span class='ocrx_word' id='word_1_370' title='bbox 2805 2048 2871 2100; x_wconf 82' lang='grc' dir='ltr'>τὰ</span> <span class='ocrx_word' id='word_1_371' title='bbox 2899 2051 2990 2103; x_wconf 76' lang='grc' dir='ltr'>ἴσα</span> <span class='ocrx_word' id='word_1_372' title='bbox 3015 2053 3348 2119; x_wconf 80' lang='grc' dir='ltr'>φρονήσαντι</span> <span class='ocrx_word' id='word_1_373' title='bbox 3376 2053 3464 2105; x_wconf 76' lang='grc' dir='ltr'>καὶ</span> <span class='ocrx_word' id='word_1_374' title='bbox 3487 2053 3588 2122; x_wconf 80' lang='grc' dir='ltr'>βου-</span> 
     </span>
    </p>
   </div>
   <div class='ocr_carea' id='block_1_51' title="bbox 2048 2137 3588 2214">
    <p class='ocr_par' dir='ltr' id='par_1_51' title="bbox 2048 2137 3588 2214">
     <span class='ocr_line' id='line_1_51' title="bbox 2048 2137 3588 2214; baseline 0.006 -25"><span class='ocrx_word' id='word_1_375' title='bbox 2048 2138 2388 2208; x_wconf 76' lang='grc' dir='ltr'>λευσαμένῳ,</span> <span class='ocrx_word' id='word_1_376' title='bbox 2427 2141 2754 2207; x_wconf 78' lang='grc' dir='ltr'>μεμηνότος,</span> <span class='ocrx_word' id='word_1_377' title='bbox 2792 2137 2969 2210; x_wconf 78' lang='grc' dir='ltr'>οἶμαι,</span> <span class='ocrx_word' id='word_1_378' title='bbox 3006 2143 3269 2213; x_wconf 80' lang='grc' dir='ltr'>κέκτηται</span> <span class='ocrx_word' id='word_1_379' title='bbox 3299 2145 3588 2214; x_wconf 77' lang='grc' dir='ltr'>λογισμούς.</span> 
     </span>
    </p>
   </div>
   <div class='ocr_carea' id='block_1_52' title="bbox 2050 2230 3592 2308">
    <p class='ocr_par' dir='ltr' id='par_1_52' title="bbox 2050 2230 3592 2308">
     <span class='ocr_line' id='line_1_52' title="bbox 2050 2230 3592 2308; baseline 0.006 -28"><span class='ocrx_word' id='word_1_380' title='bbox 2050 2230 2274 2299; x_wconf 85' lang='grc' dir='ltr'>Πρῶτον</span> <span class='ocrx_word' id='word_1_381' title='bbox 2316 2231 2414 2297; x_wconf 83' lang='grc' dir='ltr'>μὲν</span> <span class='ocrx_word' id='word_1_382' title='bbox 2465 2231 2574 2299; x_wconf 64' lang='grc' dir='ltr'><strong>γὰρ</strong></span> <span class='ocrx_word' id='word_1_383' title='bbox 2623 2233 2681 2283; x_wconf 80' lang='grc' dir='ltr'>οὐ</span> <span class='ocrx_word' id='word_1_384' title='bbox 2719 2233 2811 2285; x_wconf 89' lang='grc' dir='ltr'><strong>τοῦ</strong></span> <span class='ocrx_word' id='word_1_385' title='bbox 2861 2235 3148 2303; x_wconf 82' lang='grc' dir='ltr'>σχήματος</span> <span class='ocrx_word' id='word_1_386' title='bbox 3187 2237 3281 2289; x_wconf 82' lang='grc' dir='ltr'><strong>τοῦ</strong></span> <span class='ocrx_word' id='word_1_387' title='bbox 3322 2239 3592 2308; x_wconf 78' lang='grc' dir='ltr'>ἀρχιερέως</span> 
     </span>
    </p>
   </div>
   <div class='ocr_carea' id='block_1_53' title="bbox 2051 2321 3592 2404">
    <p class='ocr_par' dir='ltr' id='par_1_53' title="bbox 2051 2321 3592 2404">
     <span class='ocr_line' id='line_1_53' title="bbox 2051 2321 3592 2404; baseline 0.006 -33"><span class='ocrx_word' id='word_1_388' title='bbox 2051 2321 2435 2390; x_wconf 82' lang='grc' dir='ltr'>στρατηγικῶν</span> <span class='ocrx_word' id='word_1_389' title='bbox 2470 2324 2814 2391; x_wconf 76' lang='grc' dir='ltr'>πραγμάτων</span> <span class='ocrx_word' id='word_1_390' title='bbox 2843 2325 3371 2395; x_wconf 79' lang='grc' dir='ltr'>ἀντιλαμϐάνεσθαι,</span> <span class='ocrx_word' id='word_1_391' title='bbox 3408 2332 3493 2382; x_wconf 79' lang='grc' dir='ltr'>καὶ</span> <span class='ocrx_word' id='word_1_392' title='bbox 3518 2332 3592 2404; x_wconf 68' lang='grc' dir='ltr'><strong>τὸν</strong></span> 
     </span>
    </p>
   </div>
   <div class='ocr_carea' id='block_1_54' title="bbox 2051 2411 3593 2487">
    <p class='ocr_par' dir='ltr' id='par_1_54' title="bbox 2051 2411 3593 2487">
     <span class='ocr_line' id='line_1_54' title="bbox 2051 2411 3593 2487; baseline 0.009 -27"><span class='ocrx_word' id='word_1_393' title='bbox 2051 2411 2148 2478; x_wconf 75' lang='grc' dir='ltr'><strong>μὲν</strong></span> <span class='ocrx_word' id='word_1_394' title='bbox 2175 2411 2512 2481; x_wconf 81' lang='grc' dir='ltr'>τυραννικῶς</span> <span class='ocrx_word' id='word_1_395' title='bbox 2541 2414 2762 2477; x_wconf 77' lang='grc' dir='ltr'>ἐξωθεῖν</span> <span class='ocrx_word' id='word_1_396' title='bbox 2792 2414 2892 2481; x_wconf 80' lang='grc' dir='ltr'><strong>τῆς</strong></span> <span class='ocrx_word' id='word_1_397' title='bbox 2926 2418 3131 2487; x_wconf 80' lang='grc' dir='ltr'>ἀρχῆς,</span> <span class='ocrx_word' id='word_1_398' title='bbox 3159 2419 3251 2472; x_wconf 76' lang='grc' dir='ltr'>τὸν</span> <span class='ocrx_word' id='word_1_399' title='bbox 3281 2421 3336 2473; x_wconf 73' lang='grc' dir='ltr'>δὲ</span> <span class='ocrx_word' id='word_1_400' title='bbox 3367 2422 3593 2474; x_wconf 77' lang='grc' dir='ltr'>ἀντεισά-</span> 
     </span>
    </p>
   </div>
   <div class='ocr_carea' id='block_1_55' title="bbox 2048 2504 3594 2580">
    <p class='ocr_par' dir='ltr' id='par_1_55' title="bbox 2048 2504 3594 2580">
     <span class='ocr_line' id='line_1_55' title="bbox 2048 2504 3594 2580; baseline 0.006 -28"><span class='ocrx_word' id='word_1_401' title='bbox 2048 2515 2188 2565; x_wconf 70' lang='grc' dir='ltr'>γειν,</span> <span class='ocrx_word' id='word_1_402' title='bbox 2218 2504 2311 2555; x_wconf 76' lang='grc' dir='ltr'><strong>καὶ</strong></span> <span class='ocrx_word' id='word_1_403' title='bbox 2338 2506 2684 2573; x_wconf 70' lang='grc' dir='ltr'>πραγμάτων</span> <span class='ocrx_word' id='word_1_404' title='bbox 2713 2507 2809 2557; x_wconf 79' lang='grc' dir='ltr'>καὶ</span> <span class='ocrx_word' id='word_1_405' title='bbox 2839 2508 3002 2574; x_wconf 85' lang='grc' dir='ltr'>φόνου</span> <span class='ocrx_word' id='word_1_406' title='bbox 3023 2511 3121 2562; x_wconf 71' lang='grc' dir='ltr'><strong>καὶ</strong></span> <span class='ocrx_word' id='word_1_407' title='bbox 3154 2510 3594 2580; x_wconf 76' lang='grc' dir='ltr'>ζημιῶν,ιτούτων</span> 
     </span>
    </p>
   </div>
   <div class='ocr_carea' id='block_1_56' title="bbox 2046 2596 3590 2670">
    <p class='ocr_par' dir='ltr' id='par_1_56' title="bbox 2046 2596 3590 2670">
     <span class='ocr_line' id='line_1_56' title="bbox 2046 2596 3590 2670; baseline 0.007 -24"><span class='ocrx_word' id='word_1_408' title='bbox 2046 2596 2108 2663; x_wconf 78' lang='grc' dir='ltr'>δὴ</span> <span class='ocrx_word' id='word_1_409' title='bbox 2132 2597 2243 2649; x_wconf 85' lang='grc' dir='ltr'>τῶν</span> <span class='ocrx_word' id='word_1_410' title='bbox 2274 2597 2332 2647; x_wconf 83' lang='grc' dir='ltr'>ὲν</span> <span class='ocrx_word' id='word_1_411' title='bbox 2353 2599 2474 2656; x_wconf 81' lang='grc' dir='ltr'>ταῖς</span> <span class='ocrx_word' id='word_1_412' title='bbox 2500 2596 2822 2665; x_wconf 78' lang='grc' dir='ltr'>ἐναλλαγαῖς</span> <span class='ocrx_word' id='word_1_413' title='bbox 2844 2600 2954 2651; x_wconf 85' lang='grc' dir='ltr'>τῶν</span> <span class='ocrx_word' id='word_1_414' title='bbox 2978 2601 3166 2670; x_wconf 79' lang='grc' dir='ltr'>ἀρχῶν</span> <span class='ocrx_word' id='word_1_415' title='bbox 3193 2604 3590 2670; x_wconf 77' lang='grc' dir='ltr'>συμϐαινόντων,</span> 
     </span>
    </p>
   </div>
   <div class='ocr_carea' id='block_1_57' title="bbox 2049 2686 3595 2764">
    <p class='ocr_par' dir='ltr' id='par_1_57' title="bbox 2049 2686 3595 2764">
     <span class='ocr_line' id='line_1_57' title="bbox 2049 2686 3595 2764; baseline 0.005 -27"><span class='ocrx_word' id='word_1_416' title='bbox 2049 2688 2222 2739; x_wconf 77' lang='grc' dir='ltr'>αἴτιον</span> <span class='ocrx_word' id='word_1_417' title='bbox 2250 2686 2584 2743; x_wconf 75' lang='grc' dir='ltr'>δείκνυσθαι.</span> <span class='ocrx_word' id='word_1_418' title='bbox 2620 2689 2694 2741; x_wconf 84' lang='grc' dir='ltr'><strong>Οὐ</strong></span> <span class='ocrx_word' id='word_1_419' title='bbox 2728 2690 2835 2758; x_wconf 79' lang='grc' dir='ltr'>γὰρ</span> <span class='ocrx_word' id='word_1_420' title='bbox 2881 2693 2973 2744; x_wconf 81' lang='grc' dir='ltr'>ἐπὶ</span> <span class='ocrx_word' id='word_1_421' title='bbox 3027 2691 3220 2764; x_wconf 78' lang='grc' dir='ltr'>θρόνον</span> <span class='ocrx_word' id='word_1_422' title='bbox 3262 2697 3418 2748; x_wconf 72' lang='grc' dir='ltr'>αὐτὸν</span> <span class='ocrx_word' id='word_1_423' title='bbox 3460 2697 3595 2749; x_wconf 79' lang='grc' dir='ltr'>καθί-</span> 
     </span>
    </p>
   </div>
   <div class='ocr_carea' id='block_1_58' title="bbox 2048 2779 3592 2858">
    <p class='ocr_par' dir='ltr' id='par_1_58' title="bbox 2048 2779 3592 2858">
     <span class='ocr_line' id='line_1_58' title="bbox 2048 2779 3592 2858; baseline 0.008 -30"><span class='ocrx_word' id='word_1_424' title='bbox 2048 2779 2203 2838; x_wconf 78' lang='grc' dir='ltr'>ζουσι</span> <span class='ocrx_word' id='word_1_425' title='bbox 2254 2779 2602 2847; x_wconf 78' lang='grc' dir='ltr'>τυραννικὸν,</span> <span class='ocrx_word' id='word_1_426' title='bbox 2651 2781 2767 2834; x_wconf 85' lang='grc' dir='ltr'>ἀλλ’</span> <span class='ocrx_word' id='word_1_427' title='bbox 2809 2784 2902 2836; x_wconf 73' lang='grc' dir='ltr'>ἐπὶ</span> <span class='ocrx_word' id='word_1_428' title='bbox 2943 2784 3136 2854; x_wconf 84' lang='grc' dir='ltr'>Θρόνον</span> <span class='ocrx_word' id='word_1_429' title='bbox 3188 2790 3469 2858; x_wconf 70' lang='grc' dir='ltr'>ἰερατικδν,</span> <span class='ocrx_word' id='word_1_430' title='bbox 3513 2790 3592 2842; x_wconf 72' lang='grc' dir='ltr'><strong>καὶ</strong></span> 
     </span>
    </p>
   </div>
   <div class='ocr_carea' id='block_1_59' title="bbox 2047 2871 3594 2947">
    <p class='ocr_par' dir='ltr' id='par_1_59' title="bbox 2047 2871 3594 2947">
     <span class='ocr_line' id='line_1_59' title="bbox 2047 2871 3594 2947; baseline 0.008 -27"><span class='ocrx_word' id='word_1_431' title='bbox 2047 2871 2328 2922; x_wconf 86' lang='grc' dir='ltr'>Δεσπότου</span> <span class='ocrx_word' id='word_1_432' title='bbox 2365 2873 2569 2938; x_wconf 86' lang='grc' dir='ltr'>πραέος</span> <span class='ocrx_word' id='word_1_433' title='bbox 2606 2874 2701 2927; x_wconf 75' lang='grc' dir='ltr'><strong>καὶ</strong></span> <span class='ocrx_word' id='word_1_434' title='bbox 2751 2877 2973 2947; x_wconf 76' lang='grc' dir='ltr'>εἰρήνην</span> <span class='ocrx_word' id='word_1_435' title='bbox 3001 2879 3335 2946; x_wconf 83' lang='grc' dir='ltr'>διδάξαντος.</span> <span class='ocrx_word' id='word_1_436' title='bbox 3387 2884 3483 2935; x_wconf 74' lang='grc' dir='ltr'>Καὶ</span> <span class='ocrx_word' id='word_1_437' title='bbox 3527 2882 3594 2933; x_wconf 83' lang='grc' dir='ltr'><strong>δεῖ</strong></span> 
     </span>
    </p>
   </div>
   <div class='ocr_carea' id='block_1_60' title="bbox 2049 2961 3592 3047">
    <p class='ocr_par' dir='ltr' id='par_1_60' title="bbox 2049 2961 3592 3047">
     <span class='ocr_line' id='line_1_60' title="bbox 2049 2961 3592 3047; baseline 0.006 -33"><span class='ocrx_word' id='word_1_438' title='bbox 2049 2961 2240 3015; x_wconf 88' lang='grc' dir='ltr'>τοῦτον</span> <span class='ocrx_word' id='word_1_439' title='bbox 2272 2966 2338 3016; x_wconf 85' lang='grc' dir='ltr'>ὲκ</span> <span class='ocrx_word' id='word_1_440' title='bbox 2364 2966 2565 3029; x_wconf 85' lang='grc' dir='ltr'>παντὸς</span> <span class='ocrx_word' id='word_1_441' title='bbox 2596 2967 2801 3037; x_wconf 87' lang='grc' dir='ltr'>τρόπου</span> <span class='ocrx_word' id='word_1_442' title='bbox 2835 2972 3151 3038; x_wconf 80' lang='grc' dir='ltr'>μιμεῖσθαι,</span> <span class='ocrx_word' id='word_1_443' title='bbox 3187 2974 3483 3047; x_wconf 38' lang='grc' dir='ltr'>καγλόγοις</span> <span class='ocrx_word' id='word_1_444' title='bbox 3512 2975 3592 3027; x_wconf 82' lang='grc' dir='ltr'>ὲ...</span> 
     </span>
    </p>
   </div>
   <div class='ocr_carea' id='block_1_61' title="bbox 375 3055 1947 3139">
    <p class='ocr_par' dir='ltr' id='par_1_61' title="bbox 375 3060 1938 3139">
     <span class='ocr_line' id='line_1_61' title="bbox 375 3060 1938 3139; baseline 0.008 -27"><span class='ocrx_word' id='word_1_445' title='bbox 375 3060 640 3130; x_wconf 72' lang='lat' dir='ltr'><strong>Deinceps</strong></span> <span class='ocrx_word' id='word_1_446' title='bbox 672 3063 797 3131; x_wconf 88' lang='lat' dir='ltr'><strong>quid</strong></span> <span class='ocrx_word' id='word_1_447' title='bbox 831 3064 917 3118; x_wconf 88' lang='lat' dir='ltr'><strong>ille</strong></span> <span class='ocrx_word' id='word_1_448' title='bbox 948 3065 1165 3118; x_wconf 87' lang='lat' dir='ltr'><strong>molitus</strong></span> <span class='ocrx_word' id='word_1_449' title='bbox 1198 3068 1322 3120; x_wconf 82' lang='lat' dir='ltr'><strong>est?</strong></span> <span class='ocrx_word' id='word_1_450' title='bbox 1352 3071 1431 3122; x_wconf 82' lang='lat' dir='ltr'><strong>Au</strong></span> <span class='ocrx_word' id='word_1_451' title='bbox 1466 3068 1608 3137; x_wconf 83' lang='lat' dir='ltr'><strong>quod</strong></span> <span class='ocrx_word' id='word_1_452' title='bbox 1642 3071 1693 3122; x_wconf 90' lang='lat' dir='ltr'><strong>in</strong></span> <span class='ocrx_word' id='word_1_453' title='bbox 1733 3071 1938 3139; x_wconf 80' lang='lat' dir='ltr'><strong>legibus</strong></span> 
     </span>
    </p>
   </div>
   <div class='ocr_carea' id='block_1_62' title="bbox 2052 3055 3595 3139">
    <p class='ocr_par' dir='ltr' id='par_1_62' title="bbox 2053 3055 3595 3136">
     <span class='ocr_line' id='line_1_62' title="bbox 2053 3055 3595 3136; baseline 0.008 -31"><span class='ocrx_word' id='word_1_454' title='bbox 2053 3056 2146 3106; x_wconf 76' lang='grc' dir='ltr'><strong>καὶ</strong></span> <span class='ocrx_word' id='word_1_455' title='bbox 2180 3055 2518 3124; x_wconf 81' lang='grc' dir='ltr'>πράγμασιν.</span> <span class='ocrx_word' id='word_1_456' title='bbox 2548 3058 2847 3114; x_wconf 85' lang='grc' dir='ltr'>Ἔπειτα...</span> <span class='ocrx_word' id='word_1_457' title='bbox 2881 3063 3021 3133; x_wconf 79' lang='grc' dir='ltr'>ὅπερ</span> <span class='ocrx_word' id='word_1_458' title='bbox 3055 3065 3355 3136; x_wconf 77' lang='grc' dir='ltr'>εἴργαστος</span> <span class='ocrx_word' id='word_1_459' title='bbox 3395 3069 3468 3120; x_wconf 79' lang='grc' dir='ltr'>ὅτι</span> <span class='ocrx_word' id='word_1_460' title='bbox 3498 3070 3595 3126; x_wconf 79' lang='grc' dir='ltr'>τοῖς</span> 
     </span>
    </p>
   </div>
   <div class='ocr_carea' id='block_1_63' title="bbox 327 3155 1943 3230">
    <p class='ocr_par' dir='ltr' id='par_1_63' title="bbox 327 3155 1943 3230">
     <span class='ocr_line' id='line_1_63' title="bbox 327 3155 1943 3230; baseline 0.007 -25"><span class='ocrx_word' id='word_1_461' title='bbox 327 3167 345 3183; x_wconf 86' lang='grc'><strong>·</strong></span> <span class='ocrx_word' id='word_1_462' title='bbox 376 3155 579 3209; x_wconf 88' lang='lat' dir='ltr'><strong>divinis</strong></span> <span class='ocrx_word' id='word_1_463' title='bbox 610 3156 906 3222; x_wconf 80' lang='lat' dir='ltr'><strong>perdurare</strong></span> <span class='ocrx_word' id='word_1_464' title='bbox 939 3160 1350 3223; x_wconf 82' lang='lat' dir='ltr'><strong>adbOrtabatur,</strong></span> <span class='ocrx_word' id='word_1_465' title='bbox 1391 3175 1496 3213; x_wconf 89' lang='lat' dir='ltr'><strong>non</strong></span> <span class='ocrx_word' id='word_1_466' title='bbox 1532 3177 1559 3213; x_wconf 92' lang='lat' dir='ltr'><strong>a</strong></span> <span class='ocrx_word' id='word_1_467' title='bbox 1609 3162 1943 3230; x_wconf 84' lang='lat' dir='ltr'><strong>principibus</strong></span> 
     </span>
    </p>
   </div>
   <div class='ocr_carea' id='block_1_64' title="bbox 375 3244 1938 3317">
    <p class='ocr_par' dir='ltr' id='par_1_64' title="bbox 375 3244 1938 3317">
     <span class='ocr_line' id='line_1_64' title="bbox 375 3244 1938 3317; baseline 0.004 -21"><span class='ocrx_word' id='word_1_468' title='bbox 375 3244 810 3306; x_wconf 72' lang='lat' dir='ltr'><strong>tlcSa-iscendum,</strong></span> <span class='ocrx_word' id='word_1_469' title='bbox 843 3261 978 3312; x_wconf 90' lang='lat' dir='ltr'><strong>quos</strong></span> <span class='ocrx_word' id='word_1_470' title='bbox 998 3247 1159 3299; x_wconf 83' lang='lat' dir='ltr'><strong>veluti</strong></span> <span class='ocrx_word' id='word_1_471' title='bbox 1197 3263 1222 3298; x_wconf 85' lang='lat' dir='ltr'><strong>a</strong></span> <span class='ocrx_word' id='word_1_472' title='bbox 1258 3249 1367 3301; x_wconf 87' lang='lat' dir='ltr'><strong>Deo</strong></span> <span class='ocrx_word' id='word_1_473' title='bbox 1401 3259 1676 3317; x_wconf 80' lang='lat' dir='ltr'><strong>promotos</strong></span> <span class='ocrx_word' id='word_1_474' title='bbox 1704 3263 1938 3302; x_wconf 76' lang='lat' dir='ltr'><strong>exoscu-</strong></span> 
     </span>
    </p>
   </div>
   <div class='ocr_carea' id='block_1_65' title="bbox 375 3337 1944 3410">
    <p class='ocr_par' dir='ltr' id='par_1_65' title="bbox 375 3337 1944 3410">
     <span class='ocr_line' id='line_1_65' title="bbox 375 3337 1944 3410; baseline 0.004 -23"><span class='ocrx_word' id='word_1_475' title='bbox 375 3337 590 3388; x_wconf 84' lang='lat' dir='ltr'><strong>lamlum</strong></span> <span class='ocrx_word' id='word_1_476' title='bbox 614 3352 733 3390; x_wconf 85' lang='lat' dir='ltr'><strong>esse</strong></span> <span class='ocrx_word' id='word_1_477' title='bbox 764 3337 1033 3391; x_wconf 86' lang='lat' dir='ltr'><strong>docebat?</strong></span> <span class='ocrx_word' id='word_1_478' title='bbox 1063 3339 1123 3392; x_wconf 81' lang='lat' dir='ltr'><strong>Et</strong></span> <span class='ocrx_word' id='word_1_479' title='bbox 1148 3348 1324 3392; x_wconf 86' lang='lat' dir='ltr'><strong>tamen</strong></span> <span class='ocrx_word' id='word_1_480' title='bbox 1349 3341 1399 3393; x_wconf 91' lang='lat' dir='ltr'><strong>in</strong></span> <span class='ocrx_word' id='word_1_481' title='bbox 1428 3341 1554 3410; x_wconf 87' lang='lat' dir='ltr'><strong>quid</strong></span> <span class='ocrx_word' id='word_1_482' title='bbox 1586 3340 1729 3394; x_wconf 86' lang='lat' dir='ltr'><strong>aliud</strong></span> <span class='ocrx_word' id='word_1_483' title='bbox 1763 3340 1835 3394; x_wconf 89' lang='lat' dir='ltr'><strong>illi</strong></span> <span class='ocrx_word' id='word_1_484' title='bbox 1865 3341 1944 3394; x_wconf 88' lang='lat' dir='ltr'><strong>iu-</strong></span> 
     </span>
    </p>
   </div>
   <div class='ocr_carea' id='block_1_66' title="bbox 373 3427 1944 3500">
    <p class='ocr_par' dir='ltr' id='par_1_66' title="bbox 373 3427 1944 3500">
     <span class='ocr_line' id='line_1_66' title="bbox 373 3427 1944 3500; baseline 0.003 -19"><span class='ocrx_word' id='word_1_485' title='bbox 373 3427 730 3481; x_wconf 88' lang='lat' dir='ltr'><strong>cumbendum</strong></span> <span class='ocrx_word' id='word_1_486' title='bbox 786 3439 923 3490; x_wconf 88' lang='lat' dir='ltr'><strong>erat,</strong></span> <span class='ocrx_word' id='word_1_487' title='bbox 947 3430 1032 3482; x_wconf 89' lang='lat' dir='ltr'><strong>cui</strong></span> <span class='ocrx_word' id='word_1_488' title='bbox 1088 3430 1390 3483; x_wconf 88' lang='lat' dir='ltr'><strong>mortalium</strong></span> <span class='ocrx_word' id='word_1_489' title='bbox 1439 3431 1631 3484; x_wconf 72' lang='lat' dir='ltr'><strong>animae</strong></span> <span class='ocrx_word' id='word_1_490' title='bbox 1654 3446 1747 3500; x_wconf 91' lang='lat' dir='ltr'><strong>per</strong></span> <span class='ocrx_word' id='word_1_491' title='bbox 1778 3431 1944 3486; x_wconf 86' lang='lat' dir='ltr'><strong>Deum</strong></span> 
     </span>
    </p>
   </div>
   <div class='ocr_carea' id='block_1_67' title="bbox 373 3519 1948 3591">
    <p class='ocr_par' dir='ltr' id='par_1_67' title="bbox 373 3519 1948 3591">
     <span class='ocr_line' id='line_1_67' title="bbox 373 3519 1948 3591; baseline 0.005 -22"><span class='ocrx_word' id='word_1_492' title='bbox 373 3529 529 3571; x_wconf 78' lang='lat' dir='ltr'><strong>crant</strong></span> <span class='ocrx_word' id='word_1_493' title='bbox 554 3519 920 3573; x_wconf 84' lang='lat' dir='ltr'><strong>concreditae?</strong></span> <span class='ocrx_word' id='word_1_494' title='bbox 942 3521 1293 3575; x_wconf 82' lang='lat' dir='ltr'><strong>Nihilominus</strong></span> <span class='ocrx_word' id='word_1_495' title='bbox 1329 3522 1434 3588; x_wconf 79' lang='lat' dir='ltr'><strong>ille,</strong></span> <span class='ocrx_word' id='word_1_496' title='bbox 1453 3524 1553 3577; x_wconf 92' lang='lat' dir='ltr'><strong>boc</strong></span> <span class='ocrx_word' id='word_1_497' title='bbox 1578 3522 1738 3576; x_wconf 91' lang='lat' dir='ltr'><strong>modo</strong></span> <span class='ocrx_word' id='word_1_498' title='bbox 1768 3523 1948 3591; x_wconf 83' lang='lat' dir='ltr'><strong>dispo-</strong></span> 
     </span>
    </p>
   </div>
   <div class='ocr_carea' id='block_1_68' title="bbox 375 3607 1947 3679">
    <p class='ocr_par' dir='ltr' id='par_1_68' title="bbox 375 3607 1947 3679">
     <span class='ocr_line' id='line_1_68' title="bbox 375 3607 1947 3679; baseline 0.004 -19"><span class='ocrx_word' id='word_1_499' title='bbox 375 3607 660 3671; x_wconf 59' lang='lat' dir='ltr'><strong>si‘us,lere</strong></span> <span class='ocrx_word' id='word_1_500' title='bbox 686 3610 910 3679; x_wconf 60' lang='lat' dir='ltr'><strong>singuli:</strong></span> <span class='ocrx_word' id='word_1_501' title='bbox 936 3611 1090 3663; x_wconf 88' lang='lat' dir='ltr'><strong>annis</strong></span> <span class='ocrx_word' id='word_1_502' title='bbox 1122 3612 1190 3664; x_wconf 86' lang='lat' dir='ltr'><strong>ab</strong></span> <span class='ocrx_word' id='word_1_503' title='bbox 1211 3612 1343 3667; x_wconf 74' lang='lat' dir='ltr'><strong>urbe</strong></span> <span class='ocrx_word' id='word_1_504' title='bbox 1373 3616 1628 3667; x_wconf 91' lang='lat' dir='ltr'><strong>recedere</strong></span> <span class='ocrx_word' id='word_1_505' title='bbox 1663 3616 1868 3669; x_wconf 88' lang='lat' dir='ltr'><strong>volebat</strong></span> <span class='ocrx_word' id='word_1_506' title='bbox 1894 3626 1947 3668; x_wconf 89' lang='lat' dir='ltr'><strong>et</strong></span> 
     </span>
    </p>
   </div>
   <div class='ocr_carea' id='block_1_69' title="bbox 376 3699 1941 3765">
    <p class='ocr_par' dir='ltr' id='par_1_69' title="bbox 376 3699 1941 3765">
     <span class='ocr_line' id='line_1_69' title="bbox 376 3699 1941 3765; baseline 0.008 -15"><span class='ocrx_word' id='word_1_507' title='bbox 376 3699 427 3751; x_wconf 89' lang='lat' dir='ltr'><strong>in</strong></span> <span class='ocrx_word' id='word_1_508' title='bbox 467 3700 696 3764; x_wconf 76' lang='lat' dir='ltr'><strong>palt&#39;iztltt</strong></span> <span class='ocrx_word' id='word_1_509' title='bbox 730 3703 1101 3765; x_wconf 83' lang='lat' dir='ltr'><strong>reverti,l&#39;orte</strong></span> <span class='ocrx_word' id='word_1_510' title='bbox 1133 3713 1190 3756; x_wconf 89' lang='lat' dir='ltr'><strong>ut</strong></span> <span class='ocrx_word' id='word_1_511' title='bbox 1222 3716 1515 3760; x_wconf 84' lang='lat' dir='ltr'><strong>nosnestra</strong></span> <span class='ocrx_word' id='word_1_512' title='bbox 1543 3720 1941 3762; x_wconf 86' lang='lat' dir='ltr'><strong>accuraremus.</strong></span> 
     </span>
    </p>
   </div>
   <div class='ocr_carea' id='block_1_70' title="bbox 379 3789 1937 3862">
    <p class='ocr_par' dir='ltr' id='par_1_70' title="bbox 379 3789 1937 3862">
     <span class='ocr_line' id='line_1_70' title="bbox 379 3789 1937 3862; baseline 0.005 -20"><span class='ocrx_word' id='word_1_513' title='bbox 379 3789 485 3843; x_wconf 86' lang='lat' dir='ltr'><strong>Sed</strong></span> <span class='ocrx_word' id='word_1_514' title='bbox 524 3807 697 3860; x_wconf 86' lang='lat' dir='ltr'><strong>neque</strong></span> <span class='ocrx_word' id='word_1_515' title='bbox 731 3793 829 3846; x_wconf 90' lang='lat' dir='ltr'><strong>bac</strong></span> <span class='ocrx_word' id='word_1_516' title='bbox 866 3795 1074 3847; x_wconf 85' lang='lat' dir='ltr'><strong>ratione</strong></span> <span class='ocrx_word' id='word_1_517' title='bbox 1120 3793 1260 3862; x_wconf 89' lang='lat' dir='ltr'><strong>passi</strong></span> <span class='ocrx_word' id='word_1_518' title='bbox 1291 3797 1446 3851; x_wconf 81' lang='lat' dir='ltr'><strong>estis.</strong></span> <span class='ocrx_word' id='word_1_519' title='bbox 1491 3795 1567 3850; x_wconf 82' lang='lat' dir='ltr'><strong>lta</strong></span> <span class='ocrx_word' id='word_1_520' title='bbox 1597 3806 1777 3851; x_wconf 86' lang='lat' dir='ltr'><strong>mente</strong></span> <span class='ocrx_word' id='word_1_521' title='bbox 1805 3812 1937 3852; x_wconf 82' lang='lat' dir='ltr'><strong>non-</strong></span> 
     </span>
    </p>
   </div>
   <div class='ocr_carea' id='block_1_71' title="bbox 376 3886 1938 3955">
    <p class='ocr_par' dir='ltr' id='par_1_71' title="bbox 376 3886 1938 3955">
     <span class='ocr_line' id='line_1_71' title="bbox 376 3886 1938 3955; baseline 0.003 -19"><span class='ocrx_word' id='word_1_522' title='bbox 376 3887 509 3936; x_wconf 86' lang='lat' dir='ltr'><strong>nulli</strong></span> <span class='ocrx_word' id='word_1_523' title='bbox 543 3886 746 3951; x_wconf 59' lang='lat' dir='ltr'><strong>praediti</strong></span> <span class='ocrx_word' id='word_1_524' title='bbox 783 3898 943 3951; x_wconf 79' lang='lat' dir='ltr'><strong>sunt,</strong></span> <span class='ocrx_word' id='word_1_525' title='bbox 992 3902 1110 3955; x_wconf 70' lang='lat' dir='ltr'><strong>qua:</strong></span> <span class='ocrx_word' id='word_1_526' title='bbox 1156 3904 1278 3942; x_wconf 90' lang='lat' dir='ltr'><strong>cum</strong></span> <span class='ocrx_word' id='word_1_527' title='bbox 1313 3890 1555 3954; x_wconf 87' lang='lat' dir='ltr'><strong>quolibet</strong></span> <span class='ocrx_word' id='word_1_528' title='bbox 1586 3891 1938 3943; x_wconf 78' lang='lat' dir='ltr'><strong>mutationem</strong></span> 
     </span>
    </p>
   </div>
   <div class='ocr_carea' id='block_1_72' title="bbox 375 3978 1934 4050">
    <p class='ocr_par' dir='ltr' id='par_1_72' title="bbox 375 3978 1934 4050">
     <span class='ocr_line' id='line_1_72' title="bbox 375 3978 1934 4050; baseline 0.003 -21"><span class='ocrx_word' id='word_1_529' title='bbox 375 3978 642 4030; x_wconf 65' lang='lat' dir='ltr'><strong>subeunte</strong></span> <span class='ocrx_word' id='word_1_530' title='bbox 693 3993 813 4032; x_wconf 86' lang='lat' dir='ltr'><strong>sese</strong></span> <span class='ocrx_word' id='word_1_531' title='bbox 850 3981 1097 4033; x_wconf 86' lang='lat' dir='ltr'><strong>immutat</strong></span> <span class='ocrx_word' id='word_1_532' title='bbox 1144 3991 1196 4034; x_wconf 88' lang='lat' dir='ltr'><strong>ct</strong></span> <span class='ocrx_word' id='word_1_533' title='bbox 1233 3985 1420 4039; x_wconf 83' lang='lat' dir='ltr'><strong>variat.</strong></span> <span class='ocrx_word' id='word_1_534' title='bbox 1463 3982 1566 4034; x_wconf 86' lang='lat' dir='ltr'><strong>Sed</strong></span> <span class='ocrx_word' id='word_1_535' title='bbox 1618 3982 1708 4050; x_wconf 90' lang='lat' dir='ltr'><strong>qui</strong></span> <span class='ocrx_word' id='word_1_536' title='bbox 1738 3981 1934 4036; x_wconf 83' lang='lat' dir='ltr'><strong>similia</strong></span> 
     </span>
    </p>
   </div>
   <div class='ocr_carea' id='block_1_73' title="bbox 375 4067 1939 4142">
    <p class='ocr_par' dir='ltr' id='par_1_73' title="bbox 375 4067 1939 4142">
     <span class='ocr_line' id='line_1_73' title="bbox 375 4067 1939 4142; baseline 0.003 -23"><span class='ocrx_word' id='word_1_537' title='bbox 375 4067 676 4134; x_wconf 64' lang='lat' dir='ltr'><strong>proferunt,</strong></span> <span class='ocrx_word' id='word_1_538' title='bbox 731 4071 992 4124; x_wconf 84' lang='lat' dir='ltr'><strong>rationem</strong></span> <span class='ocrx_word' id='word_1_539' title='bbox 1031 4073 1215 4125; x_wconf 90' lang='lat' dir='ltr'><strong>animo</strong></span> <span class='ocrx_word' id='word_1_540' title='bbox 1245 4075 1467 4140; x_wconf 70' lang='lat' dir='ltr'><strong>agitent,</strong></span> <span class='ocrx_word' id='word_1_541' title='bbox 1521 4087 1626 4142; x_wconf 90' lang='lat' dir='ltr'><strong>qua</strong></span> <span class='ocrx_word' id='word_1_542' title='bbox 1661 4087 1724 4127; x_wconf 85' lang='lat' dir='ltr'><strong>ea</strong></span> <span class='ocrx_word' id='word_1_543' title='bbox 1769 4088 1939 4126; x_wconf 91' lang='lat' dir='ltr'><strong>enun-</strong></span> 
     </span>
    </p>
   </div>
   <div class='ocr_carea' id='block_1_74' title="bbox 374 4164 1725 4235">
    <p class='ocr_par' dir='ltr' id='par_1_74' title="bbox 374 4164 1725 4235">
     <span class='ocr_line' id='line_1_74' title="bbox 374 4164 1725 4235; baseline 0.005 -22"><span class='ocrx_word' id='word_1_544' title='bbox 374 4164 551 4228; x_wconf 85' lang='lat' dir='ltr'><strong>ti-mt;</strong></span> <span class='ocrx_word' id='word_1_545' title='bbox 583 4178 682 4216; x_wconf 89' lang='lat' dir='ltr'><strong>nos</strong></span> <span class='ocrx_word' id='word_1_546' title='bbox 718 4179 843 4218; x_wconf 86' lang='lat' dir='ltr'><strong>vero</strong></span> <span class='ocrx_word' id='word_1_547' title='bbox 891 4166 955 4217; x_wconf 87' lang='lat' dir='ltr'><strong>ad</strong></span> <span class='ocrx_word' id='word_1_548' title='bbox 991 4166 1326 4235; x_wconf 87' lang='lat' dir='ltr'><strong>propositum</strong></span> <span class='ocrx_word' id='word_1_549' title='bbox 1369 4173 1725 4220; x_wconf 82' lang='lat' dir='ltr'><strong>revertamur.</strong></span> 
     </span>
    </p>
   </div>
   <div class='ocr_carea' id='block_1_75' title="bbox 448 4430 2018 4502">
    <p class='ocr_par' dir='ltr' id='par_1_75' title="bbox 448 4430 2018 4502">
     <span class='ocr_line' id='line_1_75' title="bbox 448 4430 2018 4502; baseline 0.005 -23"><span class='ocrx_word' id='word_1_550' title='bbox 448 4433 500 4482; x_wconf 73' lang='grc' dir='ltr'><strong>ς).</strong></span> <span class='ocrx_word' id='word_1_551' title='bbox 551 4430 686 4483; x_wconf 91' lang='lat' dir='ltr'><strong>Cum</strong></span> <span class='ocrx_word' id='word_1_552' title='bbox 738 4447 866 4483; x_wconf 83' lang='lat' dir='ltr'><strong>vero</strong></span> <span class='ocrx_word' id='word_1_553' title='bbox 917 4432 1020 4486; x_wconf 88' lang='lat' dir='ltr'><strong>alia</strong></span> <span class='ocrx_word' id='word_1_554' title='bbox 1057 4446 1220 4500; x_wconf 86' lang='lat' dir='ltr'><strong>atque</strong></span> <span class='ocrx_word' id='word_1_555' title='bbox 1250 4434 1366 4486; x_wconf 89' lang='lat' dir='ltr'><strong>alia‘</strong></span> <span class='ocrx_word' id='word_1_556' title='bbox 1407 4437 1544 4497; x_wconf 75' lang='lat' dir='ltr'><strong>vice,</strong></span> <span class='ocrx_word' id='word_1_557' title='bbox 1599 4433 1741 4502; x_wconf 90' lang='lat' dir='ltr'><strong>quod</strong></span> <span class='ocrx_word' id='word_1_558' title='bbox 1775 4448 1937 4502; x_wconf 86' lang='lat' dir='ltr'><strong>supra</strong></span> <span class='ocrx_word' id='word_1_559' title='bbox 1973 4439 2018 4498; x_wconf 80' lang='grc' dir='ltr'><strong>υ</strong></span> 
     </span>
    </p>
   </div>
   <div class='ocr_carea' id='block_1_76' title="bbox 377 4527 1942 4600">
    <p class='ocr_par' dir='ltr' id='par_1_76' title="bbox 377 4527 1942 4600">
     <span class='ocr_line' id='line_1_76' title="bbox 377 4527 1942 4600; baseline 0.004 -25"><span class='ocrx_word' id='word_1_560' title='bbox 377 4528 950 4588; x_wconf 64' lang='grc' dir='ltr'>ι·σιιιιιιιοηιοῐονίιιιιιε,</span> <span class='ocrx_word' id='word_1_561' title='bbox 989 4529 1228 4580; x_wconf 85' lang='lat' dir='ltr'><strong>Murates</strong></span> <span class='ocrx_word' id='word_1_562' title='bbox 1283 4527 1605 4600; x_wconf 80' lang='lat' dir='ltr'><strong>peregisset,</strong></span> <span class='ocrx_word' id='word_1_563' title='bbox 1651 4528 1942 4596; x_wconf 89' lang='lat' dir='ltr'><strong>missisque</strong></span> 
     </span>
    </p>
   </div>
   <div class='ocr_carea' id='block_1_77' title="bbox 381 4619 1946 4688">
    <p class='ocr_par' dir='ltr' id='par_1_77' title="bbox 381 4619 1946 4688">
     <span class='ocr_line' id='line_1_77' title="bbox 381 4619 1946 4688; baseline 0.003 -20"><span class='ocrx_word' id='word_1_564' title='bbox 381 4638 503 4672; x_wconf 82' lang='lat' dir='ltr'><strong>tum</strong></span> <span class='ocrx_word' id='word_1_565' title='bbox 534 4620 748 4687; x_wconf 75' lang='lat' dir='ltr'><strong>sagittis</strong></span> <span class='ocrx_word' id='word_1_566' title='bbox 787 4623 839 4671; x_wconf 83' lang='lat' dir='ltr'><strong>in</strong></span> <span class='ocrx_word' id='word_1_567' title='bbox 877 4620 1064 4673; x_wconf 87' lang='lat' dir='ltr'><strong>urbem</strong></span> <span class='ocrx_word' id='word_1_568' title='bbox 1098 4619 1343 4688; x_wconf 89' lang='lat' dir='ltr'><strong>plurimis</strong></span> <span class='ocrx_word' id='word_1_569' title='bbox 1381 4619 1598 4681; x_wconf 84' lang='lat' dir='ltr'><strong>litteris,</strong></span> <span class='ocrx_word' id='word_1_570' title='bbox 1637 4621 1848 4682; x_wconf 88' lang='lat' dir='ltr'><strong>eadem,</strong></span> <span class='ocrx_word' id='word_1_571' title='bbox 1889 4628 1946 4673; x_wconf 89' lang='lat' dir='ltr'><strong>et</strong></span> 
     </span>
    </p>
   </div>
   <div class='ocr_carea' id='block_1_78' title="bbox 385 4696 1942 4783">
    <p class='ocr_par' dir='ltr' id='par_1_78' title="bbox 385 4696 1942 4783">
     <span class='ocr_line' id='line_1_78' title="bbox 385 4696 1942 4783; baseline 0.001 -20"><span class='ocrx_word' id='word_1_572' title='bbox 385 4714 545 4766; x_wconf 69' lang='lat' dir='ltr'><strong>simili</strong></span> <span class='ocrx_word' id='word_1_573' title='bbox 573 4713 950 4783; x_wconf 84' lang='lat' dir='ltr'><strong>jurejurando,</strong></span> <span class='ocrx_word' id='word_1_574' title='bbox 976 4714 1416 4767; x_wconf 76' lang='lat' dir='ltr'><strong>denuntiautibus</strong></span> <span class='ocrx_word' id='word_1_575' title='bbox 1439 4729 1501 4768; x_wconf 85' lang='lat' dir='ltr'><strong>ac</strong></span> <span class='ocrx_word' id='word_1_576' title='bbox 1524 4696 1942 4774; x_wconf 50' lang='lat' dir='ltr'><strong>stabilientibus,</strong></span> 
     </span>
    </p>
   </div>
   <div class='ocr_carea' id='block_1_79' title="bbox 380 4805 1946 4877">
    <p class='ocr_par' dir='ltr' id='par_1_79' title="bbox 380 4805 1946 4877">
     <span class='ocr_line' id='line_1_79' title="bbox 380 4805 1946 4877; baseline -0.003 -19"><span class='ocrx_word' id='word_1_577' title='bbox 380 4809 512 4858; x_wconf 85' lang='lat' dir='ltr'><strong>nihil</strong></span> <span class='ocrx_word' id='word_1_578' title='bbox 567 4809 856 4873; x_wconf 88' lang='lat' dir='ltr'><strong>proliceret</strong></span> <span class='ocrx_word' id='word_1_579' title='bbox 887 4805 1083 4877; x_wconf 83' lang='lat' dir='ltr'><strong>(neque</strong></span> <span class='ocrx_word' id='word_1_580' title='bbox 1117 4808 1260 4860; x_wconf 89' lang='lat' dir='ltr'><strong>enim</strong></span> <span class='ocrx_word' id='word_1_581' title='bbox 1297 4805 1522 4860; x_wconf 77' lang='lat' dir='ltr'><strong>facultas</strong></span> <span class='ocrx_word' id='word_1_582' title='bbox 1557 4815 1672 4858; x_wconf 86' lang='lat' dir='ltr'><strong>erat</strong></span> <span class='ocrx_word' id='word_1_583' title='bbox 1712 4805 1946 4868; x_wconf 83' lang='lat' dir='ltr'><strong>civibus,</strong></span> 
     </span>
    </p>
   </div>
   <div class='ocr_carea' id='block_1_80' title="bbox 377 4896 1944 4967">
    <p class='ocr_par' dir='ltr' id='par_1_80' title="bbox 377 4896 1944 4967">
     <span class='ocr_line' id='line_1_80' title="bbox 377 4896 1944 4967; baseline -0.001 -18"><span class='ocrx_word' id='word_1_584' title='bbox 377 4901 595 4955; x_wconf 72' lang='lat' dir='ltr'><strong>t&#39;lizttttsi</strong></span> <span class='ocrx_word' id='word_1_585' title='bbox 629 4899 955 4965; x_wconf 85' lang='lat' dir='ltr'><strong>voluissent,</strong></span> <span class='ocrx_word' id='word_1_586' title='bbox 988 4899 1326 4960; x_wconf 83' lang='lat' dir='ltr'><strong>Latinorum,</strong></span> <span class='ocrx_word' id='word_1_587' title='bbox 1363 4907 1417 4951; x_wconf 87' lang='lat' dir='ltr'><strong>et</strong></span> <span class='ocrx_word' id='word_1_588' title='bbox 1440 4901 1752 4967; x_wconf 64' lang='lat' dir='ltr'><strong>praedonum</strong></span> <span class='ocrx_word' id='word_1_589' title='bbox 1775 4896 1944 4966; x_wconf 88' lang='lat' dir='ltr'><strong>potis—</strong></span> 
     </span>
    </p>
   </div>
   <div class='ocr_carea' id='block_1_81' title="bbox 374 4991 1948 5058">
    <p class='ocr_par' dir='ltr' id='par_1_81' title="bbox 374 4991 1948 5058">
     <span class='ocr_line' id='line_1_81' title="bbox 374 4991 1948 5058; baseline -0.004 -12"><span class='ocrx_word' id='word_1_590' title='bbox 374 4996 574 5046; x_wconf 78' lang='lat' dir='ltr'><strong>simum</strong></span> <span class='ocrx_word' id='word_1_591' title='bbox 609 4991 931 5045; x_wconf 87' lang='lat' dir='ltr'><strong>adstantium</strong></span> <span class='ocrx_word' id='word_1_592' title='bbox 957 4991 1482 5058; x_wconf 88' lang='lat' dir='ltr'><strong>custodientiumque</strong></span> <span class='ocrx_word' id='word_1_593' title='bbox 1513 4999 1680 5052; x_wconf 88' lang='lat' dir='ltr'><strong>metu,</strong></span> <span class='ocrx_word' id='word_1_594' title='bbox 1707 5003 1799 5042; x_wconf 88' lang='lat' dir='ltr'><strong>sua</strong></span> <span class='ocrx_word' id='word_1_595' title='bbox 1823 5003 1948 5041; x_wconf 87' lang='lat' dir='ltr'><strong>scn-</strong></span> 
     </span>
    </p>
   </div>
   <div class='ocr_carea' id='block_1_82' title="bbox 384 5083 1942 5154">
    <p class='ocr_par' dir='ltr' id='par_1_82' title="bbox 384 5083 1942 5154">
     <span class='ocr_line' id='line_1_82' title="bbox 384 5083 1942 5154; baseline -0.004 -16"><span class='ocrx_word' id='word_1_596' title='bbox 384 5088 555 5140; x_wconf 81' lang='lat' dir='ltr'><strong>teutia</strong></span> <span class='ocrx_word' id='word_1_597' title='bbox 591 5086 857 5154; x_wconf 81' lang='lat' dir='ltr'><strong>intrepide</strong></span> <span class='ocrx_word' id='word_1_598' title='bbox 884 5087 1006 5151; x_wconf 89' lang='lat' dir='ltr'><strong>uti),</strong></span> <span class='ocrx_word' id='word_1_599' title='bbox 1044 5086 1107 5137; x_wconf 80' lang='lat' dir='ltr'><strong>ad</strong></span> <span class='ocrx_word' id='word_1_600' title='bbox 1146 5085 1342 5137; x_wconf 80' lang='lat' dir='ltr'><strong>bellum</strong></span> <span class='ocrx_word' id='word_1_601' title='bbox 1389 5084 1588 5136; x_wconf 85' lang='lat' dir='ltr'><strong>invitus</strong></span> <span class='ocrx_word' id='word_1_602' title='bbox 1616 5083 1942 5149; x_wconf 76' lang='lat' dir='ltr'><strong>accingitur,</strong></span> 
     </span>
    </p>
   </div>
   <div class='ocr_carea' id='block_1_83' title="bbox 387 5173 1946 5244">
    <p class='ocr_par' dir='ltr' id='par_1_83' title="bbox 387 5173 1946 5244">
     <span class='ocr_line' id='line_1_83' title="bbox 387 5173 1946 5244; baseline -0.005 -13"><span class='ocrx_word' id='word_1_603' title='bbox 387 5198 490 5232; x_wconf 87' lang='lat' dir='ltr'><strong>non</strong></span> <span class='ocrx_word' id='word_1_604' title='bbox 537 5188 744 5232; x_wconf 88' lang='lat' dir='ltr'><strong>tantum</strong></span> <span class='ocrx_word' id='word_1_605' title='bbox 778 5178 1118 5230; x_wconf 75' lang='lat' dir='ltr'><strong>contumacia</strong></span> <span class='ocrx_word' id='word_1_606' title='bbox 1148 5187 1310 5244; x_wconf 86' lang='lat' dir='ltr'><strong>atque</strong></span> <span class='ocrx_word' id='word_1_607' title='bbox 1337 5175 1684 5228; x_wconf 85' lang='lat' dir='ltr'><strong>contentione</strong></span> <span class='ocrx_word' id='word_1_608' title='bbox 1730 5173 1946 5227; x_wconf 85' lang='lat' dir='ltr'><strong>inhabi-</strong></span> 
     </span>
    </p>
   </div>
   <div class='ocr_carea' id='block_1_84' title="bbox 366 5263 1946 5339">
    <p class='ocr_par' dir='ltr' id='par_1_84' title="bbox 366 5263 1946 5339">
     <span class='ocr_line' id='line_1_84' title="bbox 366 5263 1946 5339; baseline -0.006 -14"><span class='ocrx_word' id='word_1_609' title='bbox 366 5269 621 5326; x_wconf 65' lang='lat' dir='ltr'><strong>tantium</strong></span> <span class='ocrx_word' id='word_1_610' title='bbox 651 5281 830 5326; x_wconf 87' lang='lat' dir='ltr'><strong>tnotus</strong></span> <span class='ocrx_word' id='word_1_611' title='bbox 852 5279 1110 5339; x_wconf 82' lang='lat' dir='ltr'><strong>quantum</strong></span> <span class='ocrx_word' id='word_1_612' title='bbox 1138 5267 1442 5322; x_wconf 85' lang='lat' dir='ltr'><strong>istiusmodi</strong></span> <span class='ocrx_word' id='word_1_613' title='bbox 1475 5280 1753 5319; x_wconf 87' lang='lat' dir='ltr'><strong>successu.</strong></span> <span class='ocrx_word' id='word_1_614' title='bbox 1780 5263 1946 5317; x_wconf 85' lang='lat' dir='ltr'><strong>Navis</strong></span> 
     </span>
    </p>
   </div>
   <div class='ocr_carea' id='block_1_85' title="bbox 381 5357 1945 5433">
    <p class='ocr_par' dir='ltr' id='par_1_85' title="bbox 381 5357 1945 5433">
     <span class='ocr_line' id='line_1_85' title="bbox 381 5357 1945 5433; baseline -0.008 -15"><span class='ocrx_word' id='word_1_615' title='bbox 381 5376 602 5433; x_wconf 79' lang='lat' dir='ltr'><strong>repente</strong></span> <span class='ocrx_word' id='word_1_616' title='bbox 633 5362 943 5430; x_wconf 75' lang='lat' dir='ltr'><strong>cortrparuit</strong></span> <span class='ocrx_word' id='word_1_617' title='bbox 966 5361 1178 5423; x_wconf 85' lang='lat' dir='ltr'><strong>Latina,</strong></span> <span class='ocrx_word' id='word_1_618' title='bbox 1218 5358 1486 5412; x_wconf 78' lang='lat' dir='ltr'><strong>frumento</strong></span> <span class='ocrx_word' id='word_1_619' title='bbox 1505 5365 1722 5420; x_wconf 76' lang='lat' dir='ltr'><strong>“onusta,</strong></span> <span class='ocrx_word' id='word_1_620' title='bbox 1754 5357 1820 5408; x_wconf 89' lang='lat' dir='ltr'><strong>ad</strong></span> <span class='ocrx_word' id='word_1_621' title='bbox 1853 5370 1945 5406; x_wconf 83' lang='lat' dir='ltr'><strong>ur-</strong></span> 
     </span>
    </p>
   </div>
   <div class='ocr_carea' id='block_1_86' title="bbox 377 5449 1940 5523">
    <p class='ocr_par' dir='ltr' id='par_1_86' title="bbox 377 5449 1940 5523">
     <span class='ocr_line' id='line_1_86' title="bbox 377 5449 1940 5523; baseline -0.005 -18"><span class='ocrx_word' id='word_1_622' title='bbox 377 5458 498 5507; x_wconf 84' lang='lat' dir='ltr'><strong>ln-m</strong></span> <span class='ocrx_word' id='word_1_623' title='bbox 560 5457 794 5523; x_wconf 76' lang='lat' dir='ltr'><strong>indigam</strong></span> <span class='ocrx_word' id='word_1_624' title='bbox 829 5454 1184 5521; x_wconf 70' lang='lat' dir='ltr'><strong>adnavigans.</strong></span> <span class='ocrx_word' id='word_1_625' title='bbox 1222 5451 1413 5503; x_wconf 87' lang='lat' dir='ltr'><strong>Statim</strong></span> <span class='ocrx_word' id='word_1_626' title='bbox 1446 5461 1607 5517; x_wconf 89' lang='lat' dir='ltr'><strong>atque</strong></span> <span class='ocrx_word' id='word_1_627' title='bbox 1639 5465 1756 5502; x_wconf 86' lang='lat' dir='ltr'><strong>eam</strong></span> <span class='ocrx_word' id='word_1_628' title='bbox 1787 5449 1940 5514; x_wconf 86' lang='lat' dir='ltr'><strong>vidit,</strong></span> 
     </span>
    </p>
   </div>
   <div class='ocr_carea' id='block_1_87' title="bbox 380 5538 1945 5614">
    <p class='ocr_par' dir='ltr' id='par_1_87' title="bbox 380 5538 1945 5614">
     <span class='ocr_line' id='line_1_87' title="bbox 380 5538 1945 5614; baseline -0.006 -12"><span class='ocrx_word' id='word_1_629' title='bbox 380 5547 693 5614; x_wconf 63' lang='lat' dir='ltr'><strong>suspicatur</strong></span> <span class='ocrx_word' id='word_1_630' title='bbox 738 5547 922 5614; x_wconf 84' lang='lat' dir='ltr'><strong>copias</strong></span> <span class='ocrx_word' id='word_1_631' title='bbox 952 5546 1245 5598; x_wconf 65' lang='lat' dir='ltr'><strong>auxiliares</strong></span> <span class='ocrx_word' id='word_1_632' title='bbox 1275 5552 1328 5596; x_wconf 92' lang='lat' dir='ltr'><strong>et</strong></span> <span class='ocrx_word' id='word_1_633' title='bbox 1357 5559 1510 5595; x_wconf 80' lang='lat' dir='ltr'><strong>arma</strong></span> <span class='ocrx_word' id='word_1_634' title='bbox 1538 5557 1634 5610; x_wconf 86' lang='lat' dir='ltr'><strong>pro</strong></span> <span class='ocrx_word' id='word_1_635' title='bbox 1666 5538 1945 5595; x_wconf 80' lang='lat' dir='ltr'><strong>bellatori-</strong></span> 
     </span>
    </p>
   </div>
   <div class='ocr_carea' id='block_1_88' title="bbox 381 5632 1945 5704">
    <p class='ocr_par' dir='ltr' id='par_1_88' title="bbox 381 5632 1945 5704">
     <span class='ocr_line' id='line_1_88' title="bbox 381 5632 1945 5704; baseline -0.001 -17"><span class='ocrx_word' id='word_1_636' title='bbox 381 5636 484 5689; x_wconf 83' lang='lat' dir='ltr'><strong>bus</strong></span> <span class='ocrx_word' id='word_1_637' title='bbox 533 5636 651 5688; x_wconf 82' lang='lat' dir='ltr'><strong>vebi</strong></span> <span class='ocrx_word' id='word_1_638' title='bbox 681 5651 695 5698; x_wconf 90' lang='lat'><strong>;</strong></span> <span class='ocrx_word' id='word_1_639' title='bbox 732 5636 903 5704; x_wconf 86' lang='lat' dir='ltr'><strong>deque</strong></span> <span class='ocrx_word' id='word_1_640' title='bbox 935 5635 1160 5688; x_wconf 74' lang='lat' dir='ltr'><strong>victoria</strong></span> <span class='ocrx_word' id='word_1_641' title='bbox 1210 5633 1421 5696; x_wconf 85' lang='lat' dir='ltr'><strong>dubius,</strong></span> <span class='ocrx_word' id='word_1_642' title='bbox 1471 5634 1513 5685; x_wconf 85' lang='lat' dir='ltr'><strong>si</strong></span> <span class='ocrx_word' id='word_1_643' title='bbox 1545 5632 1945 5686; x_wconf 76' lang='lat' dir='ltr'><strong>commilitones</strong></span> 
     </span>
    </p>
   </div>
   <div class='ocr_carea' id='block_1_89' title="bbox 385 5724 1943 5788">
    <p class='ocr_par' dir='ltr' id='par_1_89' title="bbox 385 5724 1943 5788">
     <span class='ocr_line' id='line_1_89' title="bbox 385 5724 1943 5788; baseline -0.002 -8"><span class='ocrx_word' id='word_1_644' title='bbox 385 5734 883 5788; x_wconf 65' lang='lat' dir='ltr'><strong>ttztzuducct‘enttu&#39;,</strong></span> <span class='ocrx_word' id='word_1_645' title='bbox 942 5726 1064 5778; x_wconf 64' lang='lat' dir='ltr'><strong>totis</strong></span> <span class='ocrx_word' id='word_1_646' title='bbox 1109 5725 1409 5779; x_wconf 72' lang='lat' dir='ltr'><strong>cenandum</strong></span> <span class='ocrx_word' id='word_1_647' title='bbox 1463 5738 1579 5777; x_wconf 69' lang='lat' dir='ltr'><strong>esse</strong></span> <span class='ocrx_word' id='word_1_648' title='bbox 1633 5724 1836 5777; x_wconf 76' lang='lat' dir='ltr'><strong>viribus</strong></span> <span class='ocrx_word' id='word_1_649' title='bbox 1893 5735 1943 5777; x_wconf 85' lang='lat' dir='ltr'><strong>et</strong></span> 
     </span>
    </p>
   </div>
   <div class='ocr_carea' id='block_1_90' title="bbox 2054 3145 3596 3227">
    <p class='ocr_par' dir='ltr' id='par_1_90' title="bbox 2054 3145 3596 3227">
     <span class='ocr_line' id='line_1_90' title="bbox 2054 3145 3596 3227; baseline 0.006 -31"><span class='ocrx_word' id='word_1_650' title='bbox 2054 3145 2148 3197; x_wconf 76' lang='grc' dir='ltr'><strong>τοῦ</strong></span> <span class='ocrx_word' id='word_1_651' title='bbox 2188 3147 2323 3199; x_wconf 78' lang='grc' dir='ltr'>Θεοῦ</span> <span class='ocrx_word' id='word_1_652' title='bbox 2375 3148 2560 3216; x_wconf 88' lang='grc' dir='ltr'>νόμοις</span> <span class='ocrx_word' id='word_1_653' title='bbox 2607 3151 2870 3220; x_wconf 81' lang='grc' dir='ltr'>ἐμμένειν</span> <span class='ocrx_word' id='word_1_654' title='bbox 2918 3157 3176 3226; x_wconf 84' lang='grc' dir='ltr'>παρῄνει.</span> <span class='ocrx_word' id='word_1_655' title='bbox 3222 3162 3312 3212; x_wconf 60' lang='grc' dir='ltr'><strong>καῖ</strong></span> <span class='ocrx_word' id='word_1_656' title='bbox 3343 3159 3433 3227; x_wconf 74' lang='grc' dir='ltr'><strong>τὴν</strong></span> <span class='ocrx_word' id='word_1_657' title='bbox 3463 3159 3596 3210; x_wconf 74' lang='grc' dir='ltr'>εὐσέ-</span> 
     </span>
    </p>
   </div>
   <div class='ocr_carea' id='block_1_91' title="bbox 2054 3240 3596 3322">
    <p class='ocr_par' dir='ltr' id='par_1_91' title="bbox 2054 3240 3596 3322">
     <span class='ocr_line' id='line_1_91' title="bbox 2054 3240 3596 3322; baseline 0.012 -33"><span class='ocrx_word' id='word_1_658' title='bbox 2054 3240 2210 3292; x_wconf 73' lang='grc' dir='ltr'>ϐειαν</span> <span class='ocrx_word' id='word_1_659' title='bbox 2246 3241 2594 3296; x_wconf 78' lang='grc' dir='ltr'>συνεϐούλευε</span> <span class='ocrx_word' id='word_1_660' title='bbox 2647 3246 2722 3314; x_wconf 82' lang='grc' dir='ltr'>μὴ</span> <span class='ocrx_word' id='word_1_661' title='bbox 2774 3247 3080 3316; x_wconf 71' lang='grc' dir='ltr'>προέσθαις</span> <span class='ocrx_word' id='word_1_662' title='bbox 3139 3252 3222 3305; x_wconf 81' lang='grc' dir='ltr'>ὅτι</span> <span class='ocrx_word' id='word_1_663' title='bbox 3271 3253 3343 3322; x_wconf 81' lang='grc' dir='ltr'>μὴ</span> <span class='ocrx_word' id='word_1_664' title='bbox 3391 3252 3596 3314; x_wconf 73' lang='grc' dir='ltr'>κατεξιο</span> 
     </span>
    </p>
   </div>
   <div class='ocr_carea' id='block_1_92' title="bbox 2056 3331 3594 3404">
    <p class='ocr_par' dir='ltr' id='par_1_92' title="bbox 2056 3331 3594 3404">
     <span class='ocr_line' id='line_1_92' title="bbox 2056 3331 3594 3404; baseline 0.006 -23"><span class='ocrx_word' id='word_1_665' title='bbox 2056 3331 2338 3383; x_wconf 78' lang='grc' dir='ltr'>νῐστασοαι</span> <span class='ocrx_word' id='word_1_666' title='bbox 2369 3331 2477 3385; x_wconf 88' lang='grc' dir='ltr'>τῶν</span> <span class='ocrx_word' id='word_1_667' title='bbox 2509 3335 2807 3402; x_wconf 81' lang='grc' dir='ltr'>ἀρχόντων,</span> <span class='ocrx_word' id='word_1_668' title='bbox 2851 3336 2986 3390; x_wconf 80' lang='grc' dir='ltr'>ἀλλὰ</span> <span class='ocrx_word' id='word_1_669' title='bbox 3028 3341 3258 3403; x_wconf 77' lang='grc' dir='ltr'>τούτους</span> <span class='ocrx_word' id='word_1_670' title='bbox 3286 3344 3356 3404; x_wconf 79' lang='grc' dir='ltr'>ὡς</span> <span class='ocrx_word' id='word_1_671' title='bbox 3399 3344 3455 3393; x_wconf 85' lang='grc' dir='ltr'>ἐκ</span> <span class='ocrx_word' id='word_1_672' title='bbox 3479 3340 3594 3392; x_wconf 75' lang='grc' dir='ltr'>θεοῦ</span> 
     </span>
    </p>
   </div>
   <div class='ocr_carea' id='block_1_93' title="bbox 2056 3422 3595 3498">
    <p class='ocr_par' dir='ltr' id='par_1_93' title="bbox 2056 3422 3595 3498">
     <span class='ocr_line' id='line_1_93' title="bbox 2056 3422 3595 3498; baseline 0.006 -26"><span class='ocrx_word' id='word_1_673' title='bbox 2056 3422 2462 3492; x_wconf 80' lang='grc' dir='ltr'>πρ.6ληθέντας</span> <span class='ocrx_word' id='word_1_674' title='bbox 2513 3426 2763 3479; x_wconf 74' lang='grc' dir='ltr'>ἐδίδασκε</span> <span class='ocrx_word' id='word_1_675' title='bbox 2801 3429 3086 3498; x_wconf 82' lang='grc' dir='ltr'>ατέργειν;</span> <span class='ocrx_word' id='word_1_676' title='bbox 3138 3434 3233 3485; x_wconf 71' lang='grc' dir='ltr'><strong>καὶ</strong></span> <span class='ocrx_word' id='word_1_677' title='bbox 3285 3435 3336 3486; x_wconf 86' lang='grc' dir='ltr'><strong>τί</strong></span> <span class='ocrx_word' id='word_1_678' title='bbox 3385 3450 3442 3498; x_wconf 91' lang='grc' dir='ltr'><strong>γε</strong></span> <span class='ocrx_word' id='word_1_679' title='bbox 3485 3431 3595 3483; x_wconf 79' lang='grc' dir='ltr'>ἄλλο</span> 
     </span>
    </p>
   </div>
   <div class='ocr_carea' id='block_1_94' title="bbox 2056 3515 3594 3596">
    <p class='ocr_par' dir='ltr' id='par_1_94' title="bbox 2056 3515 3594 3596">
     <span class='ocr_line' id='line_1_94' title="bbox 2056 3515 3594 3596; baseline 0.005 -31"><span class='ocrx_word' id='word_1_680' title='bbox 2056 3515 2334 3584; x_wconf 73' lang='grc' dir='ltr'>προσῆκεν</span> <span class='ocrx_word' id='word_1_681' title='bbox 2364 3519 2574 3588; x_wconf 78' lang='grc' dir='ltr'>ἐκείνῳ,</span> <span class='ocrx_word' id='word_1_682' title='bbox 2609 3521 2786 3589; x_wconf 73' lang='grc' dir='ltr'>ψυχὰς</span> <span class='ocrx_word' id='word_1_683' title='bbox 2816 3523 3125 3592; x_wconf 81' lang='grc' dir='ltr'>ἀνθρώπων</span> <span class='ocrx_word' id='word_1_684' title='bbox 3163 3527 3298 3596; x_wconf 78' lang='grc' dir='ltr'>πρὸς</span> <span class='ocrx_word' id='word_1_685' title='bbox 3333 3525 3460 3577; x_wconf 76' lang='grc' dir='ltr'>Θεοῦ</span> <span class='ocrx_word' id='word_1_686' title='bbox 3488 3539 3594 3575; x_wconf 88' lang='grc' dir='ltr'>πισ-</span> 
     </span>
    </p>
   </div>
   <div class='ocr_carea' id='block_1_95' title="bbox 2053 3607 3592 3685">
    <p class='ocr_par' dir='ltr' id='par_1_95' title="bbox 2053 3607 3592 3685">
     <span class='ocr_line' id='line_1_95' title="bbox 2053 3607 3592 3685; baseline 0.004 -27"><span class='ocrx_word' id='word_1_687' title='bbox 2053 3607 2297 3661; x_wconf 81' lang='grc' dir='ltr'>τευθέντι</span> <span class='ocrx_word' id='word_1_688' title='bbox 2319 3626 2332 3670; x_wconf 75' lang='grc' dir='ltr'><strong>ς</strong></span> <span class='ocrx_word' id='word_1_689' title='bbox 2355 3609 2552 3680; x_wconf 86' lang='grc' dir='ltr'>Ὅμως</span> <span class='ocrx_word' id='word_1_690' title='bbox 2572 3612 2778 3674; x_wconf 83' lang='grc' dir='ltr'>ἐκεῖνος</span> <span class='ocrx_word' id='word_1_691' title='bbox 2808 3614 2901 3665; x_wconf 73' lang='grc' dir='ltr'><strong>καὶ</strong></span> <span class='ocrx_word' id='word_1_692' title='bbox 2924 3613 3097 3677; x_wconf 80' lang='grc' dir='ltr'>οὕτως</span> <span class='ocrx_word' id='word_1_693' title='bbox 3127 3616 3266 3685; x_wconf 73' lang='grc' dir='ltr'>ἔχων</span> <span class='ocrx_word' id='word_1_694' title='bbox 3285 3619 3365 3682; x_wconf 63' lang='grc' dir='ltr'><strong>ἐφ’</strong></span> <span class='ocrx_word' id='word_1_695' title='bbox 3389 3617 3592 3668; x_wconf 79' lang='grc' dir='ltr'>ἑκάστου</span> 
     </span>
    </p>
   </div>
   <div class='ocr_carea' id='block_1_96' title="bbox 2054 3698 3594 3772">
    <p class='ocr_par' dir='ltr' id='par_1_96' title="bbox 2054 3698 3594 3772">
     <span class='ocr_line' id='line_1_96' title="bbox 2054 3698 3594 3772; baseline 0.011 -24"><span class='ocrx_word' id='word_1_696' title='bbox 2054 3698 2239 3766; x_wconf 80' lang='grc' dir='ltr'>σχεδὸν</span> <span class='ocrx_word' id='word_1_697' title='bbox 2275 3698 2432 3762; x_wconf 79' lang='grc' dir='ltr'>ἔτους</span> <span class='ocrx_word' id='word_1_698' title='bbox 2476 3702 2628 3769; x_wconf 79' lang='grc' dir='ltr'><strong>ἡξὶου</strong></span> <span class='ocrx_word' id='word_1_699' title='bbox 2688 3704 2786 3772; x_wconf 83' lang='grc' dir='ltr'><strong>τὴν</strong></span> <span class='ocrx_word' id='word_1_700' title='bbox 2831 3703 2986 3756; x_wconf 90' lang='grc' dir='ltr'>πόλιν</span> <span class='ocrx_word' id='word_1_701' title='bbox 3027 3707 3319 3759; x_wconf 71' lang='grc' dir='ltr'>ἀπολιπεῖν</span> <span class='ocrx_word' id='word_1_702' title='bbox 3351 3708 3439 3758; x_wconf 76' lang='grc' dir='ltr'>καὶ</span> <span class='ocrx_word' id='word_1_703' title='bbox 3476 3707 3594 3772; x_wconf 69' lang='grc' dir='ltr'>πρδς</span> 
     </span>
    </p>
   </div>
   <div class='ocr_carea' id='block_1_97' title="bbox 2050 3791 3592 3867">
    <p class='ocr_par' dir='ltr' id='par_1_97' title="bbox 2050 3791 3592 3867">
     <span class='ocr_line' id='line_1_97' title="bbox 2050 3791 3592 3867; baseline 0.005 -26"><span class='ocrx_word' id='word_1_704' title='bbox 2050 3791 2148 3859; x_wconf 78' lang='grc' dir='ltr'>τὴν</span> <span class='ocrx_word' id='word_1_705' title='bbox 2172 3791 2545 3862; x_wconf 76' lang='grc' dir='ltr'>ἐνεγκαμένην</span> <span class='ocrx_word' id='word_1_706' title='bbox 2569 3793 2848 3860; x_wconf 77' lang='grc' dir='ltr'>γενέσθαι,</span> <span class='ocrx_word' id='word_1_707' title='bbox 2885 3796 3014 3859; x_wconf 82' lang='grc' dir='ltr'>ἴσως</span> <span class='ocrx_word' id='word_1_708' title='bbox 3041 3797 3110 3849; x_wconf 77' lang='grc' dir='ltr'>ἵν’</span> <span class='ocrx_word' id='word_1_709' title='bbox 3141 3800 3302 3866; x_wconf 73' lang='grc' dir='ltr'>ἡμεῖς</span> <span class='ocrx_word' id='word_1_710' title='bbox 3328 3799 3460 3867; x_wconf 79' lang='grc' dir='ltr'>ὑπὲρ</span> <span class='ocrx_word' id='word_1_711' title='bbox 3483 3800 3592 3849; x_wconf 76' lang='grc' dir='ltr'>ἑαυ-</span> 
     </span>
    </p>
   </div>
   <div class='ocr_carea' id='block_1_98' title="bbox 2050 3882 3592 3958">
    <p class='ocr_par' dir='ltr' id='par_1_98' title="bbox 2050 3882 3592 3958">
     <span class='ocr_line' id='line_1_98' title="bbox 2050 3882 3592 3958; baseline 0.005 -27"><span class='ocrx_word' id='word_1_712' title='bbox 2050 3882 2157 3932; x_wconf 81' lang='grc' dir='ltr'>τῶν</span> <span class='ocrx_word' id='word_1_713' title='bbox 2191 3883 2582 3957; x_wconf 70' lang='grc' dir='ltr'>φροντίσωμεν.</span> <span class='ocrx_word' id='word_1_714' title='bbox 2622 3884 2762 3935; x_wconf 74' lang='grc' dir='ltr'>Ἀλλ’</span> <span class='ocrx_word' id='word_1_715' title='bbox 2789 3885 2897 3938; x_wconf 76' lang='grc' dir='ltr'>οὐδ’</span> <span class='ocrx_word' id='word_1_716' title='bbox 2928 3886 3098 3949; x_wconf 78' lang='grc' dir='ltr'>οὓτως</span> <span class='ocrx_word' id='word_1_717' title='bbox 3129 3889 3430 3958; x_wconf 73' lang='grc' dir='ltr'>ἠνεέχεσῡε.</span> <span class='ocrx_word' id='word_1_718' title='bbox 3457 3887 3592 3941; x_wconf 80' lang='grc' dir='ltr'>οὕτω</span> 
     </span>
    </p>
   </div>
   <div class='ocr_carea' id='block_1_99' title="bbox 2049 3973 3592 4048">
    <p class='ocr_par' dir='ltr' id='par_1_99' title="bbox 2049 3973 3592 4048">
     <span class='ocr_line' id='line_1_99' title="bbox 2049 3973 3592 4048; baseline 0.004 -25"><span class='ocrx_word' id='word_1_719' title='bbox 2049 3973 2276 4041; x_wconf 79' lang='grc' dir='ltr'>γνώμης</span> <span class='ocrx_word' id='word_1_720' title='bbox 2331 3974 2476 4037; x_wconf 74' lang='grc' dir='ltr'>τινὲς</span> <span class='ocrx_word' id='word_1_721' title='bbox 2529 3977 2900 4046; x_wconf 68' lang='grc' dir='ltr'><strong>⁴τετυχήκεσαν</strong></span> <span class='ocrx_word' id='word_1_722' title='bbox 2958 3980 3095 4048; x_wconf 71' lang='grc' dir='ltr'>πρὸς</span> <span class='ocrx_word' id='word_1_723' title='bbox 3159 3984 3271 4038; x_wconf 84' lang='grc' dir='ltr'>πᾶν</span> <span class='ocrx_word' id='word_1_724' title='bbox 3302 3981 3492 4034; x_wconf 75' lang='grc' dir='ltr'>-ότιοῦν</span> <span class='ocrx_word' id='word_1_725' title='bbox 3539 3979 3592 4030; x_wconf 82' lang='grc' dir='ltr'>τὸ</span> 
     </span>
    </p>
   </div>
   <div class='ocr_carea' id='block_1_100' title="bbox 2051 4063 3594 4139">
    <p class='ocr_par' dir='ltr' id='par_1_100' title="bbox 2051 4063 3594 4139">
     <span class='ocr_line' id='line_1_100' title="bbox 2051 4063 3594 4139; baseline 0.001 -23"><span class='ocrx_word' id='word_1_726' title='bbox 2051 4063 2281 4135; x_wconf 76' lang='grc' dir='ltr'>τρεπτὸν</span> <span class='ocrx_word' id='word_1_727' title='bbox 2324 4066 2665 4134; x_wconf 76' lang='grc' dir='ltr'>κεκτημένης</span> <span class='ocrx_word' id='word_1_728' title='bbox 2712 4069 2804 4120; x_wconf 68' lang='grc' dir='ltr'>καὶ</span> <span class='ocrx_word' id='word_1_729' title='bbox 2859 4071 3452 4139; x_wconf 76' lang='grc' dir='ltr'>συμμεταϐαλλομένης</span> <span class='ocrx_word' id='word_1_730' title='bbox 3497 4068 3594 4127; x_wconf 83' lang='grc' dir='ltr'>τοῖς</span> 
     </span>
    </p>
   </div>
   <div class='ocr_carea' id='block_1_101' title="bbox 2051 4157 3596 4231">
    <p class='ocr_par' dir='ltr' id='par_1_101' title="bbox 2051 4157 3596 4231">
     <span class='ocr_line' id='line_1_101' title="bbox 2051 4157 3596 4231; baseline 0.004 -27"><span class='ocrx_word' id='word_1_731' title='bbox 2051 4157 2262 4223; x_wconf 81' lang='grc' dir='ltr'>καιροῖς</span> <span class='ocrx_word' id='word_1_732' title='bbox 2290 4157 2376 4206; x_wconf 74' lang='grc' dir='ltr'><strong>καὶ</strong></span> <span class='ocrx_word' id='word_1_733' title='bbox 2403 4160 2510 4217; x_wconf 86' lang='grc' dir='ltr'>τοῖς</span> <span class='ocrx_word' id='word_1_734' title='bbox 2542 4159 2885 4226; x_wconf 62' lang='grc' dir='ltr'>πράγμασιν.</span> <span class='ocrx_word' id='word_1_735' title='bbox 2927 4160 3070 4219; x_wconf 82' lang='grc' dir='ltr'>Ἀλλ’</span> <span class='ocrx_word' id='word_1_736' title='bbox 3095 4164 3144 4213; x_wconf 85' lang='grc' dir='ltr'><strong>οἰ</strong></span> <span class='ocrx_word' id='word_1_737' title='bbox 3179 4159 3278 4231; x_wconf 77' lang='grc' dir='ltr'>μὲν</span> <span class='ocrx_word' id='word_1_738' title='bbox 3301 4163 3365 4213; x_wconf 81' lang='grc' dir='ltr'><strong>τὰ</strong></span> <span class='ocrx_word' id='word_1_739' title='bbox 3396 4157 3596 4213; x_wconf 79' lang='grc' dir='ltr'>τοιαῦτα</span> 
     </span>
    </p>
   </div>
   <div class='ocr_carea' id='block_1_102' title="bbox 2053 4248 3594 4324">
    <p class='ocr_par' dir='ltr' id='par_1_102' title="bbox 2053 4248 3594 4324">
     <span class='ocr_line' id='line_1_102' title="bbox 2053 4248 3594 4324; baseline 0.002 -27"><span class='ocrx_word' id='word_1_740' title='bbox 2053 4248 2228 4312; x_wconf 77' lang='grc' dir='ltr'>λέγειν</span> <span class='ocrx_word' id='word_1_741' title='bbox 2271 4248 2586 4317; x_wconf 79' lang='grc' dir='ltr'>ὁρμώμενοι</span> <span class='ocrx_word' id='word_1_742' title='bbox 2625 4250 2937 4318; x_wconf 80' lang='grc' dir='ltr'>λογίσαιντό</span> <span class='ocrx_word' id='word_1_743' title='bbox 2979 4269 3182 4307; x_wconf 79' lang='grc' dir='ltr'>ποτε...</span> <span class='ocrx_word' id='word_1_744' title='bbox 3225 4255 3384 4324; x_wconf 74' lang='grc' dir='ltr'>ἡμεῖς</span> <span class='ocrx_word' id='word_1_745' title='bbox 3419 4252 3472 4304; x_wconf 87' lang='grc' dir='ltr'>δὲ</span> <span class='ocrx_word' id='word_1_746' title='bbox 3501 4249 3594 4302; x_wconf 80' lang='grc' dir='ltr'>τῶν</span> 
     </span>
    </p>
   </div>
   <div class='ocr_carea' id='block_1_103' title="bbox 2055 4339 2705 4409">
    <p class='ocr_par' dir='ltr' id='par_1_103' title="bbox 2055 4339 2705 4409">
     <span class='ocr_line' id='line_1_103' title="bbox 2055 4339 2705 4409; baseline 0.006 -19"><span class='ocrx_word' id='word_1_747' title='bbox 2055 4339 2430 4408; x_wconf 71' lang='grc' dir='ltr'>προκειμένων</span> <span class='ocrx_word' id='word_1_748' title='bbox 2450 4340 2705 4409; x_wconf 78' lang='grc' dir='ltr'>ἐχόμεθα.</span> 
     </span>
    </p>
   </div>
   <div class='ocr_carea' id='block_1_104' title="bbox 2125 4431 3591 4505">
    <p class='ocr_par' dir='ltr' id='par_1_104' title="bbox 2125 4431 3591 4505">
     <span class='ocr_line' id='line_1_104' title="bbox 2125 4431 3591 4505; baseline 0.009 -24"><span class='ocrx_word' id='word_1_749' title='bbox 2125 4431 2190 4484; x_wconf 80' lang='lat' dir='ltr'><strong>b&#39;.</strong></span> <span class='ocrx_word' id='word_1_750' title='bbox 2229 4431 2449 4498; x_wconf 78' lang='grc' dir='ltr'>Πρῶτον</span> <span class='ocrx_word' id='word_1_751' title='bbox 2483 4433 2576 4483; x_wconf 75' lang='grc' dir='ltr'>καὶ</span> <span class='ocrx_word' id='word_1_752' title='bbox 2621 4431 2939 4503; x_wconf 83' lang='grc' dir='ltr'>δεύτερον-ὀ</span> <span class='ocrx_word' id='word_1_753' title='bbox 2978 4435 3276 4505; x_wconf 62' lang='grc' dir='ltr'>Μιυιυράτης</span> <span class='ocrx_word' id='word_1_754' title='bbox 3319 4431 3591 4504; x_wconf 77' lang='grc' dir='ltr'>πεπραχὼς</span> 
     </span>
    </p>
   </div>
   <div class='ocr_carea' id='block_1_105' title="bbox 2053 4524 3589 4598">
    <p class='ocr_par' dir='ltr' id='par_1_105' title="bbox 2053 4524 3589 4598">
     <span class='ocr_line' id='line_1_105' title="bbox 2053 4524 3589 4598; baseline 0.003 -26"><span class='ocrx_word' id='word_1_755' title='bbox 2053 4525 2190 4589; x_wconf 78' lang='grc' dir='ltr'>ὅπερ</span> <span class='ocrx_word' id='word_1_756' title='bbox 2224 4524 2566 4592; x_wconf 79' lang='grc' dir='ltr'>εἰρήκειμεν,</span> <span class='ocrx_word' id='word_1_757' title='bbox 2599 4527 2689 4578; x_wconf 74' lang='grc' dir='ltr'>καὶ</span> <span class='ocrx_word' id='word_1_758' title='bbox 2721 4527 3026 4596; x_wconf 81' lang='grc' dir='ltr'>γράμματα</span> <span class='ocrx_word' id='word_1_759' title='bbox 3055 4533 3166 4591; x_wconf 90' lang='grc' dir='ltr'>τοῖς</span> <span class='ocrx_word' id='word_1_760' title='bbox 3196 4529 3374 4598; x_wconf 82' lang='grc' dir='ltr'>βέλεσι</span> <span class='ocrx_word' id='word_1_761' title='bbox 3401 4543 3589 4592; x_wconf 82' lang='grc' dir='ltr'>πεπομ-</span> 
     </span>
    </p>
   </div>
   <div class='ocr_carea' id='block_1_106' title="bbox 2055 4613 3591 4689">
    <p class='ocr_par' dir='ltr' id='par_1_106' title="bbox 2055 4613 3591 4689">
     <span class='ocr_line' id='line_1_106' title="bbox 2055 4613 3591 4689; baseline 0.001 -26"><span class='ocrx_word' id='word_1_762' title='bbox 2055 4613 2168 4682; x_wconf 81' lang='grc' dir='ltr'>φὼς</span> <span class='ocrx_word' id='word_1_763' title='bbox 2200 4614 2348 4676; x_wconf 77' lang='grc' dir='ltr'>ἐντὸς</span> <span class='ocrx_word' id='word_1_764' title='bbox 2395 4614 2642 4679; x_wconf 84' lang='grc' dir='ltr'>πλεῖστα,</span> <span class='ocrx_word' id='word_1_765' title='bbox 2686 4619 2799 4677; x_wconf 88' lang='grc' dir='ltr'>τοῖς</span> <span class='ocrx_word' id='word_1_766' title='bbox 2847 4618 3030 4680; x_wconf 79' lang='grc' dir='ltr'>αὐτοῖς</span> <span class='ocrx_word' id='word_1_767' title='bbox 3073 4619 3257 4689; x_wconf 81' lang='grc' dir='ltr'>ὅρκοις</span> <span class='ocrx_word' id='word_1_768' title='bbox 3305 4619 3394 4671; x_wconf 75' lang='grc' dir='ltr'>καὶ</span> <span class='ocrx_word' id='word_1_769' title='bbox 3437 4616 3591 4668; x_wconf 74' lang='grc' dir='ltr'>ταῦτα</span> 
     </span>
    </p>
   </div>
   <div class='ocr_carea' id='block_1_107' title="bbox 2055 4706 3589 4776">
    <p class='ocr_par' dir='ltr' id='par_1_107' title="bbox 2055 4706 3589 4776">
     <span class='ocr_line' id='line_1_107' title="bbox 2055 4706 3589 4776; baseline 0.005 -20"><span class='ocrx_word' id='word_1_770' title='bbox 2055 4706 2387 4773; x_wconf 71' lang='grc' dir='ltr'>συνδίιύμενα</span> <span class='ocrx_word' id='word_1_771' title='bbox 2437 4708 2531 4758; x_wconf 75' lang='grc' dir='ltr'><strong>καὶ</strong></span> <span class='ocrx_word' id='word_1_772' title='bbox 2588 4711 2653 4760; x_wconf 72' lang='grc' dir='ltr'><strong>τὰ</strong></span> <span class='ocrx_word' id='word_1_773' title='bbox 2701 4710 2843 4761; x_wconf 82' lang='grc' dir='ltr'><strong>αὺτᾶ</strong></span> <span class='ocrx_word' id='word_1_774' title='bbox 2887 4709 3312 4776; x_wconf 77' lang='grc' dir='ltr'>διαγγέλλοντα,</span> <span class='ocrx_word' id='word_1_775' title='bbox 3362 4711 3429 4771; x_wconf 79' lang='grc' dir='ltr'><strong>ὡς</strong></span> <span class='ocrx_word' id='word_1_776' title='bbox 3479 4711 3589 4776; x_wconf 74' lang='grc' dir='ltr'>ἤνυε</span> 
     </span>
    </p>
   </div>
   <div class='ocr_carea' id='block_1_108' title="bbox 2052 4799 3589 4872">
    <p class='ocr_par' dir='ltr' id='par_1_108' title="bbox 2052 4799 3589 4872">
     <span class='ocr_line' id='line_1_108' title="bbox 2052 4799 3589 4872; baseline 0 -22"><span class='ocrx_word' id='word_1_777' title='bbox 2052 4800 2210 4851; x_wconf 63' lang='grc' dir='ltr'>πλέον</span> <span class='ocrx_word' id='word_1_778' title='bbox 2241 4803 2392 4852; x_wconf 55' lang='grc' dir='ltr'>οὐδὲν</span> <span class='ocrx_word' id='word_1_779' title='bbox 2424 4800 2508 4868; x_wconf 85' lang='grc' dir='ltr'>(οὐ</span> <span class='ocrx_word' id='word_1_780' title='bbox 2559 4802 2668 4870; x_wconf 76' lang='grc' dir='ltr'>γὰρ</span> <span class='ocrx_word' id='word_1_781' title='bbox 2717 4801 2845 4870; x_wconf 76' lang='grc' dir='ltr'>ἐξῆν</span> <span class='ocrx_word' id='word_1_782' title='bbox 2901 4802 3250 4872; x_wconf 76' lang='grc' dir='ltr'>βουλομένοις</span> <span class='ocrx_word' id='word_1_783' title='bbox 3294 4805 3400 4864; x_wconf 68' lang='grc' dir='ltr'>τοῖς</span> <span class='ocrx_word' id='word_1_784' title='bbox 3441 4805 3493 4852; x_wconf 79' lang='grc' dir='ltr'>ἐν</span> <span class='ocrx_word' id='word_1_785' title='bbox 3532 4799 3589 4864; x_wconf 80' lang='grc' dir='ltr'>τῇ</span> 
     </span>
    </p>
   </div>
   <div class='ocr_carea' id='block_1_109' title="bbox 2054 4893 3590 4962">
    <p class='ocr_par' dir='ltr' id='par_1_109' title="bbox 2054 4893 3590 4962">
     <span class='ocr_line' id='line_1_109' title="bbox 2054 4893 3590 4962; baseline -0.001 -18"><span class='ocrx_word' id='word_1_786' title='bbox 2054 4895 2205 4944; x_wconf 65' lang='grc' dir='ltr'>πόλει</span> <span class='ocrx_word' id='word_1_787' title='bbox 2233 4894 2309 4962; x_wconf 76' lang='grc' dir='ltr'>τῷ</span> <span class='ocrx_word' id='word_1_788' title='bbox 2347 4894 2450 4945; x_wconf 83' lang='grc' dir='ltr'><strong>τῶν</strong></span> <span class='ocrx_word' id='word_1_789' title='bbox 2489 4893 2736 4946; x_wconf 76' lang='grc' dir='ltr'>Λατίνων</span> <span class='ocrx_word' id='word_1_790' title='bbox 2783 4894 2911 4954; x_wconf 83' lang='grc' dir='ltr'>δέει.</span> <span class='ocrx_word' id='word_1_791' title='bbox 2945 4897 3039 4947; x_wconf 80' lang='grc' dir='ltr'>καὶ</span> <span class='ocrx_word' id='word_1_792' title='bbox 3082 4896 3315 4961; x_wconf 79' lang='grc' dir='ltr'>μάλιστα</span> <span class='ocrx_word' id='word_1_793' title='bbox 3343 4896 3440 4944; x_wconf 86' lang='grc' dir='ltr'>τῶν</span> <span class='ocrx_word' id='word_1_794' title='bbox 3471 4909 3590 4955; x_wconf 78' lang='grc' dir='ltr'>συμ-</span> 
     </span>
    </p>
   </div>
   <div class='ocr_carea' id='block_1_110' title="bbox 2053 4981 3588 5058">
    <p class='ocr_par' dir='ltr' id='par_1_110' title="bbox 2053 4981 3588 5058">
     <span class='ocr_line' id='line_1_110' title="bbox 2053 4981 3588 5058; baseline 0.007 -23"><span class='ocrx_word' id='word_1_795' title='bbox 2053 4989 2480 5053; x_wconf 68' lang='grc' dir='ltr'>παριστ;ιί.ιένων</span> <span class='ocrx_word' id='word_1_796' title='bbox 2517 4987 2700 5046; x_wconf 84' lang='grc' dir='ltr'>αὐτοῖς</span> <span class='ocrx_word' id='word_1_797' title='bbox 2727 4986 2820 5037; x_wconf 69' lang='grc' dir='ltr'><strong>ἐπὶ</strong></span> <span class='ocrx_word' id='word_1_798' title='bbox 2849 4987 3063 5057; x_wconf 68' lang='grc' dir='ltr'>φυλακῇ</span> <span class='ocrx_word' id='word_1_799' title='bbox 3103 4987 3333 5058; x_wconf 74' lang='grc' dir='ltr'>λῃστῶν,</span> <span class='ocrx_word' id='word_1_800' title='bbox 3366 4987 3427 5053; x_wconf 77' lang='grc' dir='ltr'>τῇ</span> <span class='ocrx_word' id='word_1_801' title='bbox 3459 4981 3588 5045; x_wconf 70' lang='grc' dir='ltr'><strong>σεὲὡν</strong></span> 
     </span>
    </p>
   </div>
   <div class='ocr_carea' id='block_1_111' title="bbox 2053 5077 3589 5147">
    <p class='ocr_par' dir='ltr' id='par_1_111' title="bbox 2053 5077 3589 5147">
     <span class='ocr_line' id='line_1_111' title="bbox 2053 5077 3589 5147; baseline 0.001 -18"><span class='ocrx_word' id='word_1_802' title='bbox 2053 5078 2222 5140; x_wconf 72' lang='grc' dir='ltr'>ἀδεῶς</span> <span class='ocrx_word' id='word_1_803' title='bbox 2249 5079 2557 5145; x_wconf 77' lang='grc' dir='ltr'>χρήσασϋαι</span> <span class='ocrx_word' id='word_1_804' title='bbox 2584 5083 2821 5147; x_wconf 75' lang='grc' dir='ltr'>γνώμῃ),</span> <span class='ocrx_word' id='word_1_805' title='bbox 2849 5080 3109 5147; x_wconf 77' lang='grc' dir='ltr'>τρέπεται</span> <span class='ocrx_word' id='word_1_806' title='bbox 3149 5079 3256 5130; x_wconf 84' lang='grc' dir='ltr'>τότ’</span> <span class='ocrx_word' id='word_1_807' title='bbox 3282 5079 3336 5141; x_wconf 72' lang='grc' dir='ltr'><strong>ἐξ</strong></span> <span class='ocrx_word' id='word_1_808' title='bbox 3374 5077 3487 5137; x_wconf 71' lang='lat' dir='ltr'><strong>sivi;</strong></span> <span class='ocrx_word' id='word_1_809' title='bbox 3505 5087 3589 5138; x_wconf 68' lang='grc' dir='ltr'>κης</span> 
     </span>
    </p>
   </div>
   <div class='ocr_carea' id='block_1_112' title="bbox 2052 5171 3588 5239">
    <p class='ocr_par' dir='ltr' id='par_1_112' title="bbox 2052 5171 3588 5239">
     <span class='ocr_line' id='line_1_112' title="bbox 2052 5171 3588 5239; baseline -0.003 -19"><span class='ocrx_word' id='word_1_810' title='bbox 2052 5172 2143 5222; x_wconf 77' lang='grc' dir='ltr'>ἐπὶ</span> <span class='ocrx_word' id='word_1_811' title='bbox 2173 5172 2230 5222; x_wconf 76' lang='grc' dir='ltr'>τὸ</span> <span class='ocrx_word' id='word_1_812' title='bbox 2267 5173 2542 5239; x_wconf 84' lang='grc' dir='ltr'>πολεμεῖν,</span> <span class='ocrx_word' id='word_1_813' title='bbox 2570 5171 2691 5223; x_wconf 79' lang='grc' dir='ltr'>οὐδὲ</span> <span class='ocrx_word' id='word_1_814' title='bbox 2721 5173 2842 5224; x_wconf 83' lang='grc' dir='ltr'>τότε</span> <span class='ocrx_word' id='word_1_815' title='bbox 2881 5173 3131 5226; x_wconf 78' lang='grc' dir='ltr'>τοσοῦτον</span> <span class='ocrx_word' id='word_1_816' title='bbox 3181 5173 3287 5224; x_wconf 78' lang='grc' dir='ltr'>ἀπὸ</span> <span class='ocrx_word' id='word_1_817' title='bbox 3318 5171 3410 5236; x_wconf 72' lang='grc' dir='ltr'><strong>τῆς</strong></span> <span class='ocrx_word' id='word_1_818' title='bbox 3452 5171 3588 5220; x_wconf 66' lang='lat'><strong>(1:5:-</strong></span> 
     </span>
    </p>
   </div>
   <div class='ocr_carea' id='block_1_113' title="bbox 2053 5260 3584 5330">
    <p class='ocr_par' dir='ltr' id='par_1_113' title="bbox 2053 5260 3584 5330">
     <span class='ocr_line' id='line_1_113' title="bbox 2053 5260 3584 5330; baseline -0.005 -18"><span class='ocrx_word' id='word_1_819' title='bbox 2053 5261 2202 5322; x_wconf 66' lang='lat' dir='ltr'><strong>(rez&#39;ac</strong></span> <span class='ocrx_word' id='word_1_820' title='bbox 2234 5261 2342 5313; x_wconf 84' lang='grc' dir='ltr'>τῶν</span> <span class='ocrx_word' id='word_1_821' title='bbox 2378 5261 2526 5314; x_wconf 75' lang='grc' dir='ltr'>ἔνδον</span> <span class='ocrx_word' id='word_1_822' title='bbox 2568 5264 2660 5313; x_wconf 69' lang='grc' dir='ltr'><strong>καὶ</strong></span> <span class='ocrx_word' id='word_1_823' title='bbox 2687 5262 2784 5330; x_wconf 85' lang='grc' dir='ltr'>τῆς</span> <span class='ocrx_word' id='word_1_824' title='bbox 2825 5263 3128 5325; x_wconf 77' lang='grc' dir='ltr'>ἐνστάσεως</span> <span class='ocrx_word' id='word_1_825' title='bbox 3159 5264 3280 5314; x_wconf 74' lang='grc' dir='ltr'>ὅσον</span> <span class='ocrx_word' id='word_1_826' title='bbox 3307 5263 3368 5313; x_wconf 80' lang='grc' dir='ltr'>ἐκ</span> <span class='ocrx_word' id='word_1_827' title='bbox 3394 5260 3584 5310; x_wconf 75' lang='grc' dir='ltr'>τούτου.</span> 
     </span>
    </p>
   </div>
   <div class='ocr_carea' id='block_1_114' title="bbox 2061 5351 3587 5426">
    <p class='ocr_par' dir='ltr' id='par_1_114' title="bbox 2061 5351 3587 5426">
     <span class='ocr_line' id='line_1_114' title="bbox 2061 5351 3587 5426; baseline -0.004 -22"><span class='ocrx_word' id='word_1_828' title='bbox 2061 5352 2258 5426; x_wconf 75' lang='grc' dir='ltr'>Ὀλκὰς</span> <span class='ocrx_word' id='word_1_829' title='bbox 2289 5353 2462 5420; x_wconf 80' lang='grc' dir='ltr'>ἐφάνη</span> <span class='ocrx_word' id='word_1_830' title='bbox 2504 5370 2585 5414; x_wconf 84' lang='grc' dir='ltr'><strong>τις</strong></span> <span class='ocrx_word' id='word_1_831' title='bbox 2617 5353 2876 5421; x_wconf 79' lang='grc' dir='ltr'>ἐξαπίνης</span> <span class='ocrx_word' id='word_1_832' title='bbox 2920 5352 3183 5420; x_wconf 76' lang='grc' dir='ltr'>Λατινικὴ</span> <span class='ocrx_word' id='word_1_833' title='bbox 3235 5355 3374 5404; x_wconf 83' lang='grc' dir='ltr'>σῖτον</span> <span class='ocrx_word' id='word_1_834' title='bbox 3411 5351 3587 5416; x_wconf 76' lang='grc' dir='ltr'>ἔχουσα</span> 
     </span>
    </p>
   </div>
   <div class='ocr_carea' id='block_1_115' title="bbox 2051 5440 3582 5518">
    <p class='ocr_par' dir='ltr' id='par_1_115' title="bbox 2051 5440 3582 5518">
     <span class='ocr_line' id='line_1_115' title="bbox 2051 5440 3582 5518; baseline -0.005 -22"><span class='ocrx_word' id='word_1_835' title='bbox 2051 5447 2247 5514; x_wconf 83' lang='grc' dir='ltr'>φόρτον</span> <span class='ocrx_word' id='word_1_836' title='bbox 2269 5446 2361 5498; x_wconf 80' lang='grc' dir='ltr'><strong>καί</strong></span> <span class='ocrx_word' id='word_1_837' title='bbox 2393 5447 2694 5514; x_wconf 75' lang='grc' dir='ltr'>κομίζουσα</span> <span class='ocrx_word' id='word_1_838' title='bbox 2713 5447 2902 5498; x_wconf 84' lang='grc' dir='ltr'>τοῦτον</span> <span class='ocrx_word' id='word_1_839' title='bbox 2927 5447 3033 5518; x_wconf 62' lang='lat' dir='ltr'><strong>[sv]</strong></span> <span class='ocrx_word' id='word_1_840' title='bbox 3054 5451 3118 5516; x_wconf 75' lang='grc' dir='ltr'>τῇ</span> <span class='ocrx_word' id='word_1_841' title='bbox 3143 5447 3290 5500; x_wconf 79' lang='grc' dir='ltr'>πόλει</span> <span class='ocrx_word' id='word_1_842' title='bbox 3309 5440 3582 5514; x_wconf 73' lang='grc' dir='ltr'>χρηζοὺσῃ.</span> 
     </span>
    </p>
   </div>
   <div class='ocr_carea' id='block_1_116' title="bbox 2049 5532 3584 5609">
    <p class='ocr_par' dir='ltr' id='par_1_116' title="bbox 2049 5532 3584 5609">
     <span class='ocr_line' id='line_1_116' title="bbox 2049 5532 3584 5609; baseline 0.005 -19"><span class='ocrx_word' id='word_1_843' title='bbox 2049 5542 2112 5590; x_wconf 79' lang='grc' dir='ltr'><strong>ΟΞ</strong></span> <span class='ocrx_word' id='word_1_844' title='bbox 2140 5537 2184 5589; x_wconf 84' lang='grc' dir='ltr'>δ’</span> <span class='ocrx_word' id='word_1_845' title='bbox 2214 5540 2565 5592; x_wconf 83' lang='grc' dir='ltr'>ὑπετόπασαν</span> <span class='ocrx_word' id='word_1_846' title='bbox 2614 5541 2818 5609; x_wconf 80' lang='grc' dir='ltr'>ταύτην</span> <span class='ocrx_word' id='word_1_847' title='bbox 2864 5541 3062 5602; x_wconf 72' lang='grc' dir='ltr'>ἰδόντες</span> <span class='ocrx_word' id='word_1_848' title='bbox 3109 5541 3419 5608; x_wconf 74' lang='grc' dir='ltr'>συμμάχους</span> <span class='ocrx_word' id='word_1_849' title='bbox 3456 5532 3584 5600; x_wconf 72' lang='grc' dir='ltr'>ἔχειν</span> 
     </span>
    </p>
   </div>
   <div class='ocr_carea' id='block_1_117' title="bbox 2052 5618 3583 5699">
    <p class='ocr_par' dir='ltr' id='par_1_117' title="bbox 2052 5618 3583 5699">
     <span class='ocr_line' id='line_1_117' title="bbox 2052 5618 3583 5699; baseline 0 -17"><span class='ocrx_word' id='word_1_850' title='bbox 2052 5631 2144 5682; x_wconf 75' lang='grc' dir='ltr'><strong>καὶ</strong></span> <span class='ocrx_word' id='word_1_851' title='bbox 2171 5629 2309 5683; x_wconf 78' lang='grc' dir='ltr'>ὅπλα</span> <span class='ocrx_word' id='word_1_852' title='bbox 2340 5631 2426 5683; x_wconf 80' lang='grc' dir='ltr'><strong>διὰ</strong></span> <span class='ocrx_word' id='word_1_853' title='bbox 2464 5631 2554 5684; x_wconf 79' lang='grc' dir='ltr'><strong>τὸν</strong></span> <span class='ocrx_word' id='word_1_854' title='bbox 2603 5633 2861 5699; x_wconf 74' lang='grc' dir='ltr'>πόλεμον,</span> <span class='ocrx_word' id='word_1_855' title='bbox 2905 5633 3000 5684; x_wconf 68' lang='grc' dir='ltr'><strong>καὶ</strong></span> <span class='ocrx_word' id='word_1_856' title='bbox 3047 5630 3272 5689; x_wconf 79' lang='grc' dir='ltr'>δεδιότες</span> <span class='ocrx_word' id='word_1_857' title='bbox 3304 5626 3396 5694; x_wconf 79' lang='grc' dir='ltr'>τὴν</span> <span class='ocrx_word' id='word_1_858' title='bbox 3429 5618 3583 5692; x_wconf 76' lang='grc' dir='ltr'><strong>ἧτταν</strong></span> 
     </span>
    </p>
   </div>
   <div class='ocr_carea' id='block_1_118' title="bbox 2055 5715 3578 5792">
    <p class='ocr_par' dir='ltr' id='par_1_118' title="bbox 2055 5715 3578 5792">
     <span class='ocr_line' id='line_1_118' title="bbox 2055 5715 3578 5792; baseline 0.005 -20"><span class='ocrx_word' id='word_1_859' title='bbox 2055 5725 2372 5792; x_wconf 67' lang='grc' dir='ltr'>συμμαχίας</span> <span class='ocrx_word' id='word_1_860' title='bbox 2409 5725 2497 5776; x_wconf 69' lang='grc' dir='ltr'><strong>ἐπὶ</strong></span> <span class='ocrx_word' id='word_1_861' title='bbox 2544 5725 2643 5790; x_wconf 77' lang='grc' dir='ltr'>τὴν</span> <span class='ocrx_word' id='word_1_862' title='bbox 2682 5725 2834 5776; x_wconf 60' lang='lat' dir='ltr'><strong>ndica</strong></span> <span class='ocrx_word' id='word_1_863' title='bbox 2868 5724 3144 5787; x_wconf 66' lang='grc' dir='ltr'>ἐλθούσης,</span> <span class='ocrx_word' id='word_1_864' title='bbox 3177 5721 3266 5782; x_wconf 70' lang='grc' dir='ltr'>ὅλη</span> <span class='ocrx_word' id='word_1_865' title='bbox 3297 5718 3397 5770; x_wconf 60' lang='grc' dir='ltr'>διῖν</span> <span class='ocrx_word' id='word_1_866' title='bbox 3430 5715 3578 5778; x_wconf 61' lang='grc' dir='ltr'><strong>Φιντο</strong></span> 
     </span>
    </p>
   </div>
  </div>
