3848 6196
329 155 436 216 69⁸1

1523 149 1846 212 JOANNIS
1875 150 2348 212 ANAGNOSTE.
3206 189 3228 210 ο
3401 161 3484 222 fit

328 270 598 330 ferendas,
640 279 691 321 et
716 268 767 322 iu
802 277 1084 337 angustum
1117 267 1310 336 oppido
1336 282 1420 321 res
1456 277 1672 322 nostras
1697 284 1887 336 cogen-

1999 269 2092 330 νὰς
2123 269 2213 320 καὶ
2262 267 2417 330 νεὼς,
2472 265 2651 327 πάσας
2703 265 2757 318 δὲ
2816 265 3105 334 προσόδους
3147 268 3305 320 altrim
3333 279 3412 324 καὶ
3445 277 3500 326 τὰ

323 360 439 413 das.
490 359 640 424 Quod
687 374 789 411 non
840 360 1011 412 multo
1056 366 1237 426 postea
1283 356 1482 411 factum
1533 359 1599 411 ab
1631 359 1733 411 illis
1765 358 1897 411 insi-

324 454 518 518 gniter.
573 452 994 504 Postea'omucs
1036 453 1246 513 domus,
1302 462 1353 502 et
1427 451 1678 517 quidquid
1757 451 1894 502 aliud

325 553 580 608 praeterea
607 541 659 594 in
693 541 912 591 civitate
937 549 1074 601 erat,
1101 542 1277 592 sanin
1308 541 1558 602 describi,
1585 550 1635 592 et
1669 556 1892 604 separa-

325 633 416 681 tim
455 630 796 698 praesentium
832 631 1124 694 separatim
1177 630 1477 682 absentium
1511 629 1744 684 censeri.
1793 627 1896 680 No-

328 737 449 772 vum
477 719 620 772 enim
655 719 867 773 consilii
891 733 1064 784 genus
1095 719 1523 786 excogitaverat,
1548 727 1644 771 aut
1672 719 1739 769 ab
1771 718 1892 768 aliis

320 812 688 878 excogitatum
725 809 837 877 ipse
865 809 1207 876 probaverat,
1241 811 1583 876 praesentium
1612 809 1896 862 facultates

322 905 707 972 relinquendas
736 904 802 958 iis
844 905 895 956 in
921 919 1147 970 quorum
1173 903 1408 956 dominio
1435 913 1612 966 erant,
1641 903 1768 956 licet
1795 917 1894 956 ne-

322 1011 426 1060 que
473 995 571 1047 hoc
625 995 832 1060 integre
868 992 1214 1046 observatum
1249 1003 1372 1056 est;
1411 991 1736 1053 absentimn,
1784 991 1895 1044 sive

325 1086 398 1138 illi
428 1086 478 1136 in
519 1083 656 1137 vivis
677 1092 898 1150 agerent
926 1085 1036 1134 sive.
1056 1096 1120 1134 ev
1147 1095 1331 1134 eormn
1365 1095 1592 1133 numero
1617 1081 1892 1132 exturbati

325 1186 548 1229 mortem
590 1175 963 1242 oppetiisseut,
1008 1172 1200 1238 partim
1241 1163 1592 1225 reservandas
1651 1179 1894 1237 postmo-

325 1270 450 1321 dum
482 1267 703 1327 futuris.
741 1265 935 1334 partim
968 1265 1160 1318 Turcis
1197 1265 1279 1317 vel
1317 1279 1434 1316 eam
1471 1261 1773 1316 inhabitare
1807 1279 1893 1314 co-

324 1361 459 1413 actis
489 1360 779 1412 dedendas.
814 1355 970 1420 Quod
1021 1356 1144 1408 item
1200 1355 1399 1407 factum
1455 1363 1557 1408 est.
1603 1351 1894 1420 Postquam

325 1467 449 1502 Vero
477 1448 727 1502 universa
778 1448 927 1499 urbis
981 1448 1265 1512 diligenter
1303 1431 1588 1496 admodum
1625 1443 1892 1509 descripta

325 1550 468 1601 sunt,
504 1539 776 1592 nonnullis
808 1554 873 1591 ex
915 1539 1114 1590 nostris
1146 1553 1310 1600 suam
1341 1550 1560 1600 Operam
1593 1533 1896 1600 pra-stanti-

323 1633 443 1694 bus,
483 1631 572 1697 qui
603 1640 780 1683 tuente
817 1627 1217 1695 iniprobissima
1257 1633 1307 1679 et
1346 1626 1508 1694 plane
1547 1623 1724 1677 invida
1758 1638 1892 1678 con-

322 1730 534 1789 ceptum
586 1720 864 1781 fovebant,
916 1728 1195 1770 munerato
1245 1727 1371 1769 sunt
1428 1723 1680 1768 accorate
1734 1715 1893 1767 nimis

321 1824 485 1879 atque
515 1811 874 1873 considerate,
907 1821 959 1862 et
1000 1809 1130 1861 (luas
1163 1809 1212 1859 in
1248 1817 1450 1874 partes,
1500 1817 1558 1860 ιιι
1582 1807 1889 1860 mandatum

324 1901 518 1963 fuerat,
539 1901 734 1960 divisa,
758 1909 867 1950 tum
893 1897 1211 1949 inonaSteria
1240 1895 1606 1960 magnitudine
1626 1906 1678 1948 et
1695 1895 1891 1948 decore

325 1993 640 2057 illustriora,
670 1990 916 2042 similiter
943 1997 995 2040 et
1019 1987 1160 2040 aedes
1187 2001 1304 2054 qua:
1333 1986 1466 2039 alias
1491 1985 1890 2052 pulchritudine

323 2093 628 2150 ornatuque
660 2080 1008 2149 superabant,
1047 2077 1159 2130 suis
1183 2076 1541 2130 fatiiiliarih‘us
1563 2085 1615 2129 et
1635 2075 1687 2129 in
1715 2075 1893 2144 digni-

327 2160 435 2228 tate
470 2169 781 2226 constitutis
810 2169 1074 2230 :lill‘lbllil,
1108 2177 1313 2219 tantum
1337 2167 1487 2219 nobis
1508 2173 1738 2232 quatuor
1758 2174 1891 2219 tem-

325 2266 447 2333 ptis,
482 2262 763 2316 catholicis
791 2261 969 2322 dietis,
1006 2259 1056 2311 id
1088 2259 1404 2312 enixissime
1447 2267 1659 2324 pastore
1693 2271 1890 2324 procu-

326 2369 500 2424 rante,
529 2354 822 2409 concessis.
846 2354 1102 2419 Reliquas
1126 2365 1252 2404 vero
1282 2364 1468 2404 omnes
1494 2350 1632 2403 aedes
1663 2349 1889 2416 templa-

325 2467 429 2521 que
457 2451 567 2502 fere
603 2449 810 2510 omnia,
845 2447 935 2515 qtti
979 2447 1044 2497 ah
1076 2443 1199 2496 aliis
1235 2443 1367 2495 locis
1399 2442 1578 2493 sedem
1609 2441 1711 2492 sibi
1744 2440 1793 2491 in
1825 2452 1886 2492 ea

325 2543 677 2596 collocassent
711 2553 928 2605 suaeque
979 2537 1162 2602 patria:
1201 2533 1639 2601 praeposuissent.
1671 2540 1723 2583 et
1751 2528 1890 2581 Tur-

324 2637 424 2694 eis,
466 2632 553 2698 qui
610 2646 638 2681 a
683 2626 926 2682 Genitz'ts
972 2624 1101 2677 moti
1150 2622 1382 2681 fuerant,
1439 2619 1575 2670 tradi
1627 2617 1884 2670 dcerevit.

323 2727 560 2780 Geuitza'.
593 2723 742 2775 locus
773 2732 854 2772 est
879 2726 1086 2785 teqoata
1117 2713 1230 2784 agri
1263 2712 1484 2783 planitie
1518 2723 1729 2779 quaqua
1766 2723 1887 2761 ver-

325 2834 443 2870 sum
481 2828 750 2884 expansos
785 2811 888 2863 diei
922 2809 1115 2862 itinere
1147 2806 1213 2858 ab
1249 2801 1566 2857 occidentali
1597 2801 1744 2854 urbis
1776 2800 1887 2867 pla-

325 2927 388 2977 ga
416 2909 646 2970 distans,
671 2905 783 2958 sive
809 2900 1212 2980 suihabili’tatc,
1231 2897 1343 2950 sive.
1371 2895 1512 2947 illius
1536 2892 1626 2961 qui
1654 2890 1883 2960 primum
1910 2927 1956 2988 C

327 3002 377 3054 in
406 2998 790 3052 habitationem
827 2992 929 3047 sibi
959 2991 1132 3045 locum
1157 2988 1396 3056 elegerat
1433 2985 1724 3047 industria,
1755 2981 1888 3034 Tur-

323 3105 508 3144 i-arutn
545 3087 850 3141 accolarum
888 3081 1183 3151 frequentia
1221 3080 1520 3132 instructus
1546 3090 1560 3138 ;
1591 3089 1884 3142 quem,ne-

325 3182 438 3236 seio
468 3194 571 3248 qua
606 3179 671 3232 de
721 3191 906 3237 causa,
970 3172 1134 3225 animi
1197 3169 1476 3222 recreandi
1539 3166 1889 3234 ferarumque

328 3277 805 3324 immansuetarum
847 3261 1231 3330 capiendarum
1266 3259 1436 3328 gratia
1471 3257 1729 3316 Murates,
1765 3269 1886 3308 cum

328 3366 376 3412 in
410 3360 680 3413 civitatem
718 3354 1153 3422 progrederetur,
1205 3349 1386 3402 visens
1417 3347 1526 3401 fere
1572 3344 1890 3400 habitatori-

328 3455 428 3506 bus
465 3450 736 3518 spoliavit,
775 3445 944 3500 solum
984 3458 1078 3498 eos
1113 3447 1324 3494 vertere
1359 3455 1462 3509 qua
1498 3447 1712 3508 possent
1747 3437 1889 3492 cele-

327 3543 486 3594 ritate
506 3539 722 3608 jub.~ns.
741 3547 792 3588 et
812 3536 992 3588 sedem
1016 3529 1412 3585 Thessalonica:
1435 3544 1653 3598 ponere.
1673 3527 1886 3582 Jussum

325 3635 604 3700 Migeutet
647 3637 945 3690 curatores,
981 3623 1121 3678 nulla
1157 3621 1474 3690 interposita
1510 3636 1681 3682 mora,
1729 3635 1888 3672 exse-

326 3727 434 3780 cuti
490 3732 634 3784 sunt,
689 3725 970 3788 postquam
1033 3716 1118 3768 ille
1174 3714 1532 3773 abscesserat,
1591 3723 1887 3777 amnesque

326 3819 534 3868 't‘urcas
581 3813 650 3866 ibi
694 3811 998 3864 habitantes
1034 3820 1130 3860 suo
1162 3806 1395 3858 adventu
1441 3815 1657 3857 coaetos
1709 3801 1884 3868 potius

325 3921 487 3976 quant
533 3917 722 3957 suasos
767 3896 1211 3953 TheSsalonicatn
1253 3896 1541 3957 advexere,
1590 3893 1655 3946 et
1693 3893 1886 3944 domus

326 3999 483 4061 alias,
520 3998 635 4049 loco
666 4008 854 4046 earum
886 4005 1022 4060 quas
1051 3988 1124 4041 illi
1160 3986 1530 4053 possederant,
1564 3993 1622 4037 ut
1667 3985 1886 4035 manda-

328 4104 437 4144 tum
458 4089 652 4150 fuerat,
677 4086 1020 4138 dediderunt.
1039 4081 1210 4134 Ambo
1235 4080 1344 4131 haec
1369 4079 1573 4144 itaque,
1597 4084 1655 4129 ut
1673 4077 1883 4144 Opinor,

328 4185 562 4238 Muratcs
602 4171 895 4235 meditatus
924 4187 1005 4229 est
1055 4184 1108 4228 et
1150 4174 1219 4226 ita
1259 4171 1372 4224 fieri
1418 4171 1606 4240 jussit,
1663 4178 1774 4222 tum
1831 4177 1884 4218 ut

1999 357 2233 426 κτήματ’
2291 356 2682 426 ἀφαιρεθῆναι,
2736 358 2829 408 καὶ
2873 359 2952 418 είς
3009 360 3178 410 στενὸν
3219 361 3395 430 κομιδῆ
3444 367 3502 418 τὰ

1997 449 2240 514 ἡμέτερα
2271 446 2634 512 καταντῆσαι,
2661 445 2688 496 ὃ
2719 446 2813 497 καὶ
2845 447 2925 507 είς
2963 447 3128 515 πέρας
3161 448 3426 516 ἐκδέὅηγεν
3452 453 3502 506 οὗ

2001 539 2120 607 μετ’
2149 539 2207 589 ού
2236 537 2393 590 πολύ.
2439 537 2675 589 Ἔπειτα
2707 536 2762 587 δὲ
2805 536 2898 587 καὶ
2924 537 3317 604 καταγραφῆναι
3359 542 3505 603 πάσας

1998 629 2176 692 οἰκίας
2223 632 2313 682 καὶ
2345 631 2396 680 εἷ
2431 647 2481 680 τι
2532 623 2740 697 προσῆν
2774 628 2964 696 ἓτερον
2999 632 3062 696 τῇ
3100 629 3239 680 πόλει
3270 632 3505 698 προστάτ-
3541 687 3545 692 ,

1997 739 2100 779 τει.
2129 721 2220 772 καὶ
2253 721 2418 790 χωρὶς
2466 722 2563 788 μὲν
2600 720 2665 770 τά
2703 719 2812 770 τῶν
2848 719 3125 789 παρόντων
3169 726 3316 789 χωρὶς
3358 721 3406 773 δὲ
3453 723 3512 775 τὰ

1997 812 2103 864 τῶν
2147 813 2398 863 ἀπόντων
2443 811 2854 880 ἀριθμηθῆναι·
2901 810 3088 879 βουλὴν
3127 811 3227 878 γάρ
3273 814 3513 878 ἐνενόησεν

1996 905 2028 974 ἢ
2061 903 2278 969 ἐδέξατο
2312 905 2408 965 τάς
2446 904 2546 970 μὲν
2591 903 2702 955 τῶν
2752 902 3034 972 παρόντων
3070 903 3364 954 καταλιπεῖν
3393 904 3515 969 ἔχειν

1995 995 2120 1054 τοὺς
2149 992 2353 1045 τούτων
2407 993 2804 1056 δεσπόσαντας,
2847 995 2896 1042 ει
2948 991 3039 1043 καὶ
3077 989 3149 1058 μὴ
3189 991 3418 1057 καθαρῶς
3446 990 3521 1042 οὖ-

1995 1105 2102 1143 τωε
2153 1088 2333 1156 ἐξέϐη,
2391 1089 2456 1140 τὰ
2513 1088 2571 1139 δέ
2630 1104 2690 1153 γε
2742 1087 2849 1138 τῶν
2887 1087 3154 1147 ἀπόντων,
3200 1085 3396 1147 ζώντων
3443 1089 3520 1140 καὶ

1998 1179 2362 1246 τεθνηκότων,
2391 1181 2459 1231 τά
2515 1180 2610 1247 μέν
2642 1176 2930 1246 τηρεῖσθαι
2977 1181 3085 1237 τοῖς
3118 1178 3361 1229 εἰσέπειέ
3388 1179 3520 1229 ἐλευο

2000 1273 2273 1338 σομένοις,
2305 1269 2374 1320 τὰ
2403 1269 2457 1322 δὲ
2493 1269 2756 1339 Τούρκοις
2791 1269 3013 1336 δοθῆναι
3043 1273 3152 1332 τοῖς
3183 1270 3456 1339 ᾑρημένοις
3493 1270 3520 1336 ἦ

2000 1360 2298 1430 βιασθεῖσιν
2321 1360 2599 1428 ἐνοικῆσαι
2628 1363 2690 1430 τῇ
2717 1359 2891 1423 πόλει,
2916 1361 3164 1429 καθάπερ
3193 1362 3282 1411 καὶ
3306 1362 3524 1426 γέγονεν.

2011 1454 2159 1506 Ἐπεὶ
2193 1453 2251 1506 δὲ
2282 1453 2714 1522 κατεγράφησαν
2743 1453 2840 1523 μὲν
2872 1454 3010 1521 μετά
3057 1454 3254 1515 πολλῆς
3294 1455 3388 1520 τῆς
3425 1456 3528 1506 ἐπι-

2000 1543 2217 1612 μελείας
2241 1544 2454 1596 ἅπαντα
2493 1543 2560 1594 τά
2605 1544 2703 1610 τῆς
2741 1543 2977 1605 πόλεως,
3017 1544 3168 1595 ἐνίων
3203 1545 3259 1594 ἐκ
3289 1543 3386 1594 τῶν
3412 1544 3529 1610 ἡμε-

1999 1634 2171 1704 τέρων
2201 1633 2332 1701 πρὸς
2357 1633 2504 1684 τοῦτ’
2532 1632 2853 1700 ἐπιτηδείων
2874 1632 3172 1700 ὀφθέντων.
3209 1633 3255 1684 οἳ
3285 1637 3370 1684 καὶ
3399 1631 3525 1685 τοῦτ’

1995 1723 2185 1774 ὣδινον
2211 1723 2272 1775 ἐκ
2302 1723 2654 1789 σκαιοτάτης,
2688 1717 2867 1788 οἶμαι,
2905 1724 3127 1790 γνώμης
3159 1723 3242 1775 καὶ
3271 1723 3531 1790 φθονερά,

1995 1815 2301 1884 ὴρίθμηντο
2351 1813 2407 1864 δὲ
2463 1814 2600 1880 μετά
2646 1813 2846 1881 πολλῆς
2889 1813 3173 1879 ἀκριϐείας
3224 1815 3312 1865 καὶ
3342 1814 3534 1865 διασκέ-

1992 1909 2160 1976 ψεως,
2193 1908 2289 1959 καὶ
2319 1906 2438 1976 διχῆ
2469 1907 2607 1958 κατά
2650 1905 3000 1972 τούπῐταγμα
3045 1906 3389 1974 διῃρέθησαν,
3427 1907 3533 1955 τότε

1993 1997 2055 2068 δη
2088 1999 2184 2058 τάς
2219 1997 2316 2064 μὲν
2343 1995 2648 2064 τῶνξμονῶν
2679 1997 2800 2048 ὅσαι
2820 1997 2882 2064 δὴ
2907 1995 3125 2064 μείζους
3154 1998 3246 2048 καὶ
3270 1997 3395 2063 προς
3421 1996 3535 2049 κάλ-

1996 2086 2080 2150 λος
2135 2087 2488 2156 φαιδρότεραι
2544 2089 2652 2148 τ-,ἰς
2707 2084 2927 2147 οἰκείοις
2975 2086 3127 2154 αύτῷ
3166 2087 3258 2138 καὶ
3305 2081 3448 2139 οὖσιν
3487 2087 3537 2139 ὲν

1992 2177 2299 2246 ἀξιώμασιν
2359 2176 2692 2245 ἐδωρήσατο,
2729 2176 2929 2244 ὁμοίιος
2980 2176 3038 2227 δὲ
3076 2179 3169 2229 καί
3219 2175 3326 2226 τῶν
3361 2175 3530 2226 οἰκιῶν

1991 2272 2113 2322 ὅσαι
2149 2267 2211 2336 δὴ
2243 2267 2493 2329 καλλίους
2522 2265 2657 2336 ἦσαν
2706 2267 2812 2317 τῶν
2845 2266 3020 2319 ἄλλων
3053 2267 3130 2328 εἷς
3159 2283 3214 2318 τε
3247 2265 3431 2327 κάλλος
3457 2268 3538 2318 καὶ

1997 2359 2252 2429 μέγεθος,
2299 2359 2492 2428 μόνους
2526 2359 2655 2426 ἡμῖν
2697 2357 2820 2418 τοὺς
2867 2359 3137 2425 τέσσαρας
3171 2358 3324 2419 νεὼς.
3371 2357 3416 2409 οἳ
3457 2359 3540 2409 καὶ

1993 2451 2268 2503 καθολικο“ι
2291 2451 2567 2516 λέγονται,
2597 2448 3024 2511 καταλελοιπὼς,
3057 2449 3371 2520 πολλὴντὴν
3397 2467 3540 2502 cmu-

1991 2545 2080 2612 δὴν
2117 2544 2254 2612 ὑπὲρ
2289 2543 2492 2594 τούτων
2539 2541 2630 2593 τοῦ
2684 2541 2942 2605 ποιμένος
2984 2543 3403 2609 εἰσενεγκόντος.
3444 2541 3541 2601 Τὰς

1992 2634 2044 2684 δέ
2077 2650 2136 2700 γε
2169 2631 2365 2693 λοιπὰς
2396 2632 2614 2691 ἁπάσας
2661 2631 2837 2691 οἰκίας
2886 2631 2981 2682 καὶ
3037 2632 3164 2694 τοὺς
3211 2630 3345 2691 νεὼς
3376 2631 3541 2698 σχεδον

1992 2727 2200 2784 πάντας
2234 2723 2528 2793 διωρίσατο
2561 2725 2672 2784 τοῖς
2712 2720 2760 2774 τ’
2797 2721 2892 2774 ἀπ’
2928 2723 3108 2775 ἄλλων
3158 2724 3340 2775 τόπων
3378 2723 3542 2789 ἐθελή-

1993 2833 2150 2870 σασιν
2201 2816 2331 2876 ἴσως
2387 2813 2486 2884 τὴν
2549 2812 2703 2864 πόλιν
2761 2812 2883 2865 ἀνθ’
2933 2809 3000 2883 ἦς
3059 2815 3306 2867 οἰκοῦσιν
3348 2814 3544 2868 ἑλέσθι

1994 2905 2425 2976 παρασχεθῆναι,
2473 2905 2564 2956 καὶ
2596 2905 2707 2964 τοῖς
2753 2903 2865 2955 ἀπὸ
2897 2903 3005 2956 τῶν
3038 2905 3328 2974 Γενητζῶν
3357 2907 3544 2957 ἀπανα-

1992 2999 2149 3050 στᾶσι
2199 2996 2486 3064 Τούρκοις.
2524 2995 2703 3056 Τόπος
2751 2995 2796 3048 δ’
2823 2995 2978 3056 οὗτός
3025 2998 3146 3050 ἐστι
3193 2998 3379 3060 πεδιὰς
3418 2997 3542 3059 ὅλος,

1989 3089 2200 3158 ἡμέρας
2227 3087 2346 3141 ὁδὸν
2376 3087 2482 3139 ἀπὸ
2511 3086 2604 3138 τοῦ
2635 3088 2782 3144 κατά
2809 3087 2964 3140 δύσιν
2993 3089 3203 3158 μέρους
3225 3089 3438 3158 ἀπέχων
3459 3088 3546 3152 τῆς

1990 3182 2217 3243 πόλεως,
2265 3180 2373 3232 εἴτε
2417 3182 2482 3248 τῇ
2517 3178 2708 3232 τούτου
2757 3179 3162 3249 ἐπιτηδειότητι
3213 3181 3322 3234 εἴτε
3359 3179 3546 3246 σπουδῇ

1989 3271 2082 3324 τοῦ
2122 3270 2310 3323 τοῦτον
2347 3270 2587 3340 ἀρχῆθεν
2623 3271 2993 3340 ἐκλεξαμένου
3027 3273 3170 3342 πρὶς
3200 3272 3409 3339 οἴκησιν
3435 3269 3547 3322 πο).⁶

1989 3361 2112 3422 λοὺς
2143 3361 2392 3428 ἐσχηκὼς
2443 3361 2738 3428 οἰκήτορας
2790 3360 3092 3428 Τούρκους.
3142 3363 3240 3412 ’ον
3276 3360 3339 3429 δὴ
3370 3361 3548 3419 τόπον.

1989 3454 2086 3505 οὐκ
2116 3447 2213 3504 οἶδ’
2258 3453 2404 3512 ὅπως
2447 3451 2546 3514 ,ἐπὶ
2592 3450 2717 3502 θέαν
2767 3451 2864 3503 καὶ
2900 3451 3056 3514 ζώων
3091 3452 3307 3521 ἀγρίων
3338 3449 3548 3520 θήρανδ

1990 3544 2284 3612 Μουράτης
2313 3542 2513 3602 ἐκεῖσε.
2551 3540 2672 3593 καθ’
2707 3540 2768 3595 δν
2795 3539 2989 3610 καιρὸν
3012 3544 3170 3612 ἐνεδὴ
3183 3560 3276 3611 μει
3298 3544 3364 3612 τῇ
3387 3540 3549 3604 πόλει,

1988 3635 2304 3703 γενόμενος,
2343 3633 2532 3702 σχεδὸν
2555 3632 2664 3684 τῶν
2694 3634 3051 3686 ἐνοικούντων
3079 3635 3406 3702 καθίστησιν
3432 3633 3550 3700 ἐρη-

1993 3743 2112 3792 μον,
2148 3723 2552 3776 ἀπανίστασθαι
2602 3723 2828 3786 τούτους
2859 3724 2919 3775 τὸ
2961 3725 3130 3793 τάχος
3182 3725 3442 3788 κελεύσας
3467 3723 3554 3776 καὶ

1993 3815 2266 3881 μετοικεῖν
2295 3816 2370 3873 εἰς
2417 3813 2837 3880 Θεσσαλονίκην.
2881 3814 2946 3863 Ὃ
2977 3814 3042 3880 δὴ
3093 3814 3425 3882 πρόσταγμα
3473 3815 3554 3883 καὶ

1993 3906 2128 3972 μετά
2157 3905 2388 3971 σπουδῆς
2412 3905 2461 3954 oi.
2496 3903 2634 3970 πρὸς
2665 3903 2799 3955 αὐτὸ
2827 3907 3157 3972 τεταγμένοι
3196 3904 3553 3976 πεπληρωκόο

1988 4015 2077 4058 τες
2113 3997 2395 4063 ἐφάνησαν
2428 3995 2594 4064 μηδὲν
2639 3995 3009 4062 μελλήσαντες
3066 3998 3210 4064 μετά
3243 4000 3343 4065 τὴν
3371 3995 3552 4049 τούτου
3627 4024 3638 4029 -

1989 4088 2319 4156 ἀποδημίαν,
2359 4087 2570 4148 πάντας
2615 4087 2670 4138 δὲ
2703 4088 2830 4149 τοὺς
2861 4087 3050 4139 αὐτόθι
3077 4087 3364 4158 Τούρκους
3390 4089 3554 4141 ἐκεῖσε

1990 4179 2271 4246 γενόμενοι
2301 4180 2393 4229 καὶ
2429 4178 2518 4248 βίᾳ
2549 4177 2747 4245 μᾶλὶον
2776 4178 2807 4248 ἣ
2838 4178 3016 4229 πειθοῖ
3049 4181 3130 4239 είς
3160 4180 3554 4246 Θεσσαλονίκην

325 4276 619 4331 securitate
652 4284 704 4325 et
733 4269 978 4325 custodia
1015 4267 1185 4336 magis
1227 4266 1328 4317 lida
1363 4263 1548 4316 urbem
1580 4260 1879 4314 communi-

1994 4270 2311 4338 ἀγηοχὸτες,
2343 4268 2439 4320 καὶ
2468 4270 2649 4330 οἰκίας
2683 4269 2877 4336 ἐτέρας
2923 4268 3042 4320 ἀνθ’
3068 4261 3145 4321 ὧν
3195 4267 3346 4338 εἶχον
3393 4285 3552 4338 παρεο

324 4381 406 4422 rel
435 4366 757 4420 maritimam
798 4363 1027 4428 ideoque
1062 4358 1240 4410 tuuLis
1285 4365 1528 4423 egentem
1560 4352 1884 4404 habitatori-

321 4462 446 4522 bus,
486 4465 598 4508 tum
647 4460 704 4506 ut
736 4453 850 4504 foro
886 4450 1125 4503 omnimu
1180 4461 1357 4500 rerum
1399 4442 1724 4498 abundantia
1774 4442 1882 4494 eir-

321 4545 660 4606 cumﬂuenti,
686 4542 966 4596 venalilms
992 4539 1347 4609 uudequaque
1369 4535 1663 4593 convectis.
1690 4547 1880 4586 omnes

322 4639 450 4690 urbs
482 4638 547 4689 ad
583 4650 641 4688 se
677 4635 933 4695 traheret,
967 4639 1018 4681 et
1065 4629 1386 4682 mercaturis
1431 4625 1880 4691 commerciisque

319 4731 560 4783 diverSaS
611 4725 855 4779 nationes
892 4723 1193 4790 indigentes
1243 4720 1598 4772 commisccns
1629 4730 1696 4771 ex
1736 4716 1877 4805 facili

319 4821 434 4889 ipsa
468 4815 883 4885 eollocuplelata
926 4813 1236 4867 ditesceret.

1993 4363 2254 4431 σχηκότες
2279 4361 2417 4412 κατὰ
2463 4361 2521 4411 τὸ
2556 4359 2905 4428 πρόσταγμα.
2942 4361 3148 4427 Ἀμφω
3190 4361 3347 4427 γοῦν,
3388 4355 3551 4427 οἶμαι,

1989 4453 2140 4505 ταῦτ’
2170 4455 2195 4504 ὁ
2229 4453 2520 4522 Μουράτης
2575 4451 2862 4519 ἐσκέψατο,
2905 4451 2998 4503 καὶ
3040 4452 3190 4502 τοῦθ’
3227 4452 3374 4504 οὕτω
3412 4449 3555 4518 γενέ-

1991 4545 2114 4596 σθαι
2163 4542 2523 4612 προσέταξεν.
2577 4541 2644 4592 ἶν’
2698 4541 3000 4609 ἀσφά)διαν
3047 4543 3079 4609 ἡ
3121 4544 3286 4603 πόλις
3337 4545 3434 4612 ἔχῃ
3471 4542 3556 4592 καὶ

1989 4634 2233 4702 φυλακὴν
2281 4633 2680 4702 ἀκριϐεστέραν
2729 4633 2794 4684 ἐκ
2842 4631 3058 4692 τούτου,
3097 4633 3376 4702 παράλιος
3429 4628 3557 4685 οὖσα

1986 4723 2079 4774 καὶ
2105 4720 2376 4802 διαίτοῦτο
2407 4721 2634 4791 δεομένη
2667 4721 2879 4774 πολλῶν
2917 4725 3305 4789 ἐνοικούντων,
3349 4726 3440 4776 καὶ
3477 4723 3555 4774 ῐνα

1987 4813 2083 4883 τὴν
2122 4814 2324 4882 ἀγοράν
2358 4811 2666 4881 πλήθουσαν
2699 4812 2893 4881 ἔχουσα
2924 4811 3033 4864 τῶν
3067 4813 3253 4866 ὠνίων
3295 4814 3548 4866 ἁπάντων

1993 4904 2071 4962 είς
2100 4903 2268 4970 αὐτὴν
2297 4901 2766 4971 εἰσκομιζομένων
2795 4901 3000 4960 πάντας
3028 4901 3162 4971 ἕλκῃ
3197 4903 3334 4972 παρ’
3372 4904 3554 4970 ἑαυτῇ,

315 4999 712 5072 πραγματειῶν
752 4999 843 5049 καὶ
891 4996 1354 5064 συναλλαγμάτων
1406 4996 1662 5050 ἁπάντων
1705 4997 2056 5064 μεταδιδοῦσα
2080 5001 2191 5061 τοῖς
2242 4997 2504 5067 χρῄζουσι
2550 4995 2644 5046 καὶ
2683 4996 2883 5064 ἑαυτὴν
2929 4994 3126 5065 ῥαδίως
3162 4996 3554 5059 πλουτίζουσα.

383 5098 473 5152 21.
511 5095 606 5150 His
663 5096 841 5164 itaque
893 5097 994 5148 hoc
1031 5095 1188 5148 modo
1217 5095 1459 5163 digestis,
1519 5108 1638 5146 cum
1693 5093 1880 5148 Turca:

315 5191 457 5245 mille
505 5203 733 5244 numero
789 5188 1061 5241 civitatem
1128 5198 1483 5252 occupassent
1537 5192 1589 5242 et
1640 5185 1876 5238 omnium

311 5292 502 5339 domos
533 5299 598 5337 ac
646 5280 839 5351 templa
875 5296 970 5350 pro
999 5279 1328 5333 habitatione
1381 5279 1740 5347 accepissent,
1779 5292 1878 5331 nec

313 5390 418 5428 non
457 5372 759 5444 promiscue
801 5385 894 5440 per
923 5371 1232 5425 universam
1275 5369 1461 5422 urbem
1493 5367 1672 5420 sedem
1715 5365 1882 5420 locas-

312 5476 452 5531 sent,
483 5465 696 5526 civilas,
735 5463 897 5516 veluti
947 5462 1158 5532 lugubri
1191 5447 1415 5524 amictu,
1453 5457 1768 5512 c0ofusi0ne
1800 5467 1875 5509 at-

311 5571 418 5625 que
479 5552 819 5610 immunditia
882 5553 1287 5610 circumvestita
1336 5562 1457 5618 est,
1518 5565 1620 5605 suo
1660 5552 1875 5616 decore,

2056 5101 2164 5148 κα’.
2199 5095 2417 5148 Τούτων
2447 5091 2544 5146 οἷν
2575 5093 2718 5146 οὕτω
2747 5092 3093 5163 προσάντων,
3123 5093 3219 5145 καὶ
3242 5095 3356 5148 τῶν
3387 5091 3556 5159 Τούρ-

1989 5207 2097 5239 κων
2129 5189 2206 5248 είς
2249 5187 2451 5255 χιλίους
2501 5185 2923 5254 ἀριθμουμένων
2955 5185 3053 5255 τὴν
3094 5185 3256 5238 πόλιν
3299 5184 3557 5250 κατειλη-

1987 5280 2183 5344 φότων,
2235 5279 2329 5330 καὶ
2377 5279 2597 5330 πάντων
2632 5276 2810 5339 οἰκίας
2868 5278 2958 5329 καί⁸
2993 5277 3152 5338 ναοὺς
3194 5279 3320 5329 ἀντὶ
3369 5273 3558 5328 οίκιῶν

1986 5371 2303 5440 είληφότων,
2352 5370 2443 5421 καὶ
2473 5368 2676 5438 ἀναμὶξ
2711 5368 2850 5420 κατά
2908 5370 3088 5420 πᾶσαν
3126 5368 3230 5436 τὴν
3263 5368 3423 5420 πόλιν
3459 5367 3556 5418 λα-

1985 5460 2187 5529 χόντων
2228 5463 2324 5530 τὴν
2371 5460 2609 5530 οἴκησιν,
2641 5461 2673 5529 ἡ
2708 5460 2863 5521 πόλις
2891 5458 3080 5528 ὥσπερ
3129 5459 3259 5511 τινὰ
3308 5459 3558 5527 πενθήρη

1986 5551 2182 5621 χιτῶνα
2218 5550 2316 5622 τὴν
2341 5551 2619 5622 ἀκοσμίαν
2649 5550 3023 5621 περιεϐάλετο,
3057 5551 3152 5620 τῆς
3187 5551 3557 5618 εὐπρεπείας,
