3908 6196
266 424 275 431 ’
365 452 465 512 bas

1372 456 1469 517 DE
1516 458 1831 517 EXCIDIO
1873 458 2606 519 THESSALONICENSI.

3488 458 3593 521 6‘26

365 558 433 633 ἦς
487 562 553 616 ἂν
589 563 746 631 ἔτυχε
780 540 881 631 ἑῆς
916 565 1094 636 κακῆς
1132 567 1448 637 συμϐουλῆς
1487 571 1563 641 μὴ
1613 570 1798 641 χώραν
1849 571 1934 623 εὑ-

2046 586 2198 640 quem
2244 572 2429 638 utique
2459 582 2744 627 consecuta
2780 573 2964 629 fuisset
3008 575 3051 629 si
3087 573 3281 629 malum
3315 573 3606 630 consilium

367 650 591 722 ρούσης,
622 653 976 723 ἀφῃρημένη,
1024 657 1237 709 καὶτὸν
1275 658 1584 726 στολισμὸν,
1624 660 1683 712 ὃν
1715 661 1815 712 οὐκ
1851 662 1930 722 είς

369 738 586 807 μακρὰν
620 738 777 807 ἔσχεν
808 741 894 799 ἂν,
933 742 1216 813 δυστυχῶς
1260 745 1398 811 ἄγαν
1429 747 1803 811 ἀποϐαλοῦσα,
1835 750 1931 802 καὶ

367 827 628 883 στένουσα
649 825 762 884 οἷον
793 832 913 900 μετ’
945 834 1195 903 οἰμωγῆς
1229 838 1312 889 ὅτι
1347 837 1422 907 μὴ
1468 836 1929 910 σεισμδςταύτην

367 923 676 992 συνέχωσεν
721 923 754 994 ἢ
788 925 900 996 πῦρ
934 928 1325 993 παρανάλωσεν
1353 931 1384 999 ἦ
1420 930 1563 1001 ὕδωρ
1608 932 1865 986 ἀναδοθὲν
1896 934 1929 1002 ἢ

364 1012 653 1082 νεφελόθεν
682 1018 849 1087 ραγὲν
883 1020 1220 1087 συνεκάλυψε
1267 1025 1360 1075 καὶ
1394 1024 1693 1077 κατέκλυσε
1718 1042 1730 1055 ·
1773 1025 1931 1077 τοῦτο

365 1104 478 1173 γὰρ
505 1106 883 1177 ἀνεκτότερον,
923 1108 1044 1161 ὲπεί
1073 1110 1153 1162 τοί
1203 1127 1266 1178 γε
1297 1111 1506 1180 βέλτιον
1538 1104 1631 1166 τόῦ
1673 1111 1931 1181 τοιαύτην

363 1197 601 1266 δρᾶσθαι
629 1199 688 1251 τὸ
729 1200 852 1268 μηδ’
897 1200 1147 1255 ὁπωσοῦν
1183 1203 1277 1255 ἐπὶ
1324 1204 1426 1273 γῆς
1463 1205 1706 1259 ἑστάναι.
1739 1207 1801 1258 Ol
1833 1205 1931 1274 μὲν

362 1286 462 1345 οὖν
481 1291 588 1344 τῶν
618 1291 780 1359 ἱερῶν
814 1292 978 1345 οῐκων
1003 1294 1082 1354 είς
1115 1293 1269 1346 κοινά
1312 1296 1633 1365 καταγώγια
1667 1296 1931 1367 μετημεί-

361 1383 618 1451 φθεισαν,
650 1383 841 1452 ῶσπερ
870 1386 1215 1454 είρῆκειμεν,
1257 1387 1352 1440 καὶ
1393 1388 1452 1441 τὸ
1486 1391 1829 1466 προφητικὸν
1859 1391 1934 1442 εί-

359 1474 507 1535 πεῖν,
557 1472 615 1523 ἑν
666 1473 886 1526 πελέκει
936 1474 1028 1526 καὶ
1071 1473 1416 1545 λαξευτηρίῳ
1455 1477 1525 1530 τά
1570 1478 1934 1549 θυσιαστήρια

358 1563 457 1633 τοῦ
502 1564 643 1616 Θεοῦ
678 1565 1121 1636 καταϐέϐληντοζο
1159 1570 1207 1620 οί
1256 1569 1312 1621 δὲ
1362 1568 1594 1639 λείψανα
1646 1570 1806 1639 μόνον
1839 1570 1931 1624 τοῦ

359 1652 589 1723 πρώτου
617 1656 851 1720 κάλλους
880 1658 1061 1711 αὐτῶν
1092 1660 1186 1711 καὶ
1229 1660 1328 1728 τῆς
1370 1660 1578 1723 θέσεως
1612 1660 1932 1724 ἀποσώζον-

364 1765 474 1802 σιν.
504 1749 681 1803 Ἔνιοι
719 1751 798 1816 δι,
833 1752 927 1804 καὶ
961 1752 1165 1821 μᾶλλον
1194 1755 1242 1805 οί
1291 1754 1534 1817 πλείους,
1568 1752 1935 1807 καταπεπτὼ-

360 1855 533 1892 κεσαν
562 1839 764 1905 τέλεον,
798 1840 874 1904 ὡς
903 1841 1037 1910 μηδέ
1076 1840 1180 1895 ποῦ
1212 1842 1332 1896 ποτ’
1369 1838 1511 1926 ἦσαν
1539 1842 1930 1912 γνωρίζεσθαι.

2038 658 2213 712 locum
2241 674 2346 712 non
2380 659 2676 724 habuisset,
2701 662 2948 729 spoliata,
2979 672 3031 716 et
3064 674 3281 722 ornatu.
3313 678 3471 732 quem
3496 679 3605 718 non

2041 750 2206 803 multo
2233 760 2354 819 post
2386 752 2740 820 possedisset,
2785 755 2995 815 orbata,
3031 765 3085 808 et
3119 771 3220 808 non
3251 756 3369 808 sine
3402 757 3603 821 gemitur

2039 843 2319 910 suspirans
2368 841 2511 909 quod
2537 853 2630 895 aut
2667 852 2823 897 terra:
2846 854 3050 909 ,motus
3097 859 3205 899 non
3240 846 3607 908 ahsm-buerit,

2038 942 2129 987 aut
2163 932 2299 1002 ignis
2328 947 2432 1003 non
2458 933 2843 1002 absumpserit,
2872 946 2963 988 aut
2986 949 3119 1004 aqua
3161 937 3408 991 alicunde
3432 952 3612 992 erum-

2041 1040 2172 1093 pens
2207 1024 2288 1076 vel
2329 1040 2358 1077 e
2396 1024 2628 1079 nubibus
2668 1025 2923 1080 decidens
2958 1042 3061 1080 non
3092 1029 3499 1094 coopercruerit
3557 1039 3613 1081 et

2042 1116 2419 1169 inundaverit:
2453 1118 2557 1170 hoc
2580 1117 2721 1170 enim
2752 1117 3084 1171 tolerabilius
3135 1116 3345 1180 fuisset,
3393 1121 3610 1186 quando

2042 1204 2210 1258 multo
2256 1204 2447 1259 melius
2479 1215 2561 1259 est
2596 1221 2714 1259 eam
2751 1222 3013 1275 nusquam
3064 1216 3278 1261 exstare
3308 1223 3467 1274 quam
3512 1208 3612 1261 hoc

2040 1296 2201 1350 modo
2234 1296 2369 1350 visui
2403 1298 2680 1351 hominum
2714 1298 2894 1365 obiici.
2930 1299 3098 1351 Sacra
3129 1298 3290 1367 igitur
3321 1300 3513 1367 templa
3560 1302 3610 1351 in

2042 1387 2253 1455 publica
2284 1387 2582 1443 diversoria
2639 1389 2919 1443 immutata
2954 1400 3103 1454 sunt,
3138 1399 3189 1441 ut
3224 1394 3610 1456 praenarratum

2039 1488 2142 1543 est,
2174 1486 2228 1531 et
2260 1485 2317 1531 ut
2368 1492 2491 1532 cum
2525 1479 2786 1548 propheta
2825 1480 3038 1549 loquar,
3079 1480 3131 1534 in
3162 1481 3338 1534 securi
3385 1490 3438 1534 et
3470 1483 3614 1535 ascia

2042 1567 2133 1622 Dei
2165 1568 2540 1638 prepitiatoria
2592 1569 2811 1640 disjecta
2846 1580 2972 1627 sunt
3010 1587 3025 1624 :
3067 1585 3303 1638 namque
3339 1570 3444 1624 alia
3471 1573 3615 1638 prio-

2046 1659 2118 1711 ris
2144 1659 2226 1713 sui
2263 1660 2476 1715 decoris
2506 1671 2561 1714 et
2588 1660 2724 1716 situs
2751 1662 3124 1717 tantummodo
3155 1662 3411 1731 reliquias
3439 1662 3615 1729 profc-

2042 1760 2189 1813 rnnt,
2243 1750 2369 1814 alia,
2421 1753 2550 1821 quin
2599 1752 2708 1807 imo
2757 1753 2928 1822 major
2965 1769 3153 1807 eorum
3204 1768 3347 1820 pars,
3390 1767 3615 1821 prorsus

2042 1842 2420 1906 conciderunt,
2460 1850 2518 1896 ut
2557 1858 2656 1897 nec
2703 1843 2792 1897 ubi
2840 1844 3130 1912 aliquando
3160 1844 3415 1899 steterint
3453 1860 3616 1911 agno-

362 1931 762 2000 Διηρπάγησαν
800 1932 910 2001 γάρ
959 1933 1013 1986 αἱ
1063 1931 1271 2009 τούτων
1310 1917 1435 1985 ὗλαι
1488 1934 1583 1987 καὶ
1633 1933 1936 2001 κτίσμασιν

2052 1924 2263 1986 scatur:
2298 1931 2520 2001 Direpta
2549 1933 2812 2002 siquidem
2848 1948 3035 1989 eorum
3065 1936 3290 1988 materia
3326 1935 3615 1989 structuris

362 2020 551 2083 ἄλλοις
609 2021 1018 2093 προσετέθησαν
1070 2022 1433 2092 καινοτέροις,
1472 2024 1567 2076 καὶ
1600 2022 1839 2093 μάλιστά
1869 2039 1933 2091 γε

360 2111 442 2182 τῷ
479 2111 575 2166 νῦν
616 2115 711 2166 ἐπὶ
756 2115 928 2184 μέσης
953 2113 1053 2183 τῆς
1099 2113 1307 2179 πόλεως
1341 2114 1606 2184 ὁρωμένῳ
1639 2115 1734 2168 καὶ
1768 2112 1935 2184 κοινῷ

363 2204 659 2275 βαλανείῳ.
704 2204 816 2257 Καὶ
862 2207 1149 2275 μονονουχὶ
1175 2204 1287 2259 τῶν
1318 2206 1700 2276 γηραιοτέρων
1728 2204 1936 2271 ἔξεστιν

361 2294 593 2348 ἀκούειν
624 2294 838 2364 ἀνδρῶν
866 2295 946 2373 εἶις
978 2292 1079 2353 ὧδε
1112 2299 1210 2368 μὲν
1233 2294 1302 2369 ἦν
1328 2299 1357 2350 ὁ
1386 2296 1523 2361 νεὼς
1556 2298 1584 2351 ό
1611 2298 1782 2364 δεῖνα,
1821 2298 1937 2351 ἐκεῖ

356 2385 414 2438 δὲ
446 2387 669 2452 όδεῖνα,
699 2387 800 2464 καὶ
824 2389 926 2443 ὅσα
972 2390 1186 2460 προσῆν
1237 2390 1452 2460 ἑκάστῳ
1486 2389 1580 2444 καὶ
1614 2389 1790 2460 κάλλη
1838 2389 1935 2443 καὶ

355 2478 615 2548 χάριτες.
670 2479 778 2532 Καί
823 2479 980 2533 τοῦτο
1015 2480 1116 2549 μὲν
1144 2481 1365 2535 οἱκατὰ.
1406 2482 1589 2534 πᾶσαν
1633 2480 1729 2548 τὴν
1777 2480 1937 2534 πόλιν

356 2571 495 2641 νεῴ.
527 2572 708 2625 Μοναὶ
734 2570 802 2634 δ’,
833 2572 899 2635 ἀς
934 2572 1199 2642 πρότερον
1230 2571 1446 2639 φθάσας
1486 2573 1513 2625 ὁ
1550 2572 1708 2639 λόγος
1739 2572 1937 2641 ἐδήλω-

360 2681 489 2726 σεν,
516 2662 747 2733 ἀφορμὴ
780 2664 891 2724 τοῖς
919 2664 1120 2731 ὁρῶσιν
1167 2662 1417 2716 ῖστανται
1449 2662 1700 2726 πένθους,
1751 2662 1827 2733 μὴ
1856 2664 1937 2716 ὅτι

357 2770 422 2819 γε
476 2754 728 2822 μοναχῶν
757 2754 954 2822 ἔρημοι
989 2755 1335 2806 καταστᾶσαι
1366 2742 1938 2818 κακῶςίὲξελαοέντων

357 2845 458 2897 καὶ
494 2845 632 2915 πρὸς
670 2845 862 2913 ἑτέροις
916 2846 1099 2908 πόλεις
1139 2844 1584 2914 μετοικησάντων
1608 2885 1623 2911 ,
1675 2843 1814 2897 ἀλλὰ
1844 2843 1939 2896 καὶ

361 2936 874 3006 προσαφῃρημέναι
905 2937 1003 3006 τὴν
1049 2935 1137 2991 διὰ
1168 2936 1388 3020 πάντων
1427 2934 1822 3005 λαμπρότητα’
1878 2934 1940 2987 αῖ

358 3046 418 3081 τε
453 3028 570 3099 γὰρ
615 3030 897 3098 μάρμα’ροι
928 3028 1134 3082 τούτων
1162 3026 1633 3097 ἐξηδαφίσθησαν,
1665 3028 1700 3096 ἥ
1731 3026 1778 3080 τ’
1802 3026 1937 3095 ἄλλη

358 3121 562 3174 ἆπασα
591 3119 690 3190 ’ύλη
725 3121 757 3190 ἠ
792 3121 925 3189 πρὸς
958 3120 1310 3189 ἀπαρτισμὸν
1336 3118 1513 3172 αὐτῶν
1538 3118 1782 3189 ἀρχῆθεν
1810 3135 1939 3171 συνο

354 3213 658 3282 τεθειμὲνη
704 3215 797 3265 καὶ
834 3213 1029 3276 κάλλος
1059 3215 1138 3276 είς
1166 3213 1482 3281 διαρπαγὴν
1521 3214 1634 3275 τοῖς
1680 3212 1940 3282 βουλομέ-

359 3322 479 3369 νοις
506 3305 711 3363 ἀνεῖτο.
739 3307 832 3358 καὶ
861 3306 955 3360 νῦν
988 3307 1231 3376 ἄκοσμόν
1269 3324 1322 3359 τι
1355 3307 1538 3374 θέαμα
1571 3306 1741 3358 πᾶσιν
1773 3306 1945 3374 ὀρῶν-

357 3415 454 3452 ται
502 3398 601 3450 καὶ
641 3397 740 3460 τὰς
771 3398 1026 3452 ἀπάντων
1058 3397 1236 3467 ψυχὰς
1268 3397 1481 3449 κινοῦσι
1527 3396 1663 3466 πρὸς
1711 3396 1947 3467 δάκρυα.

360 3490 569 3542 Πολλοὶ
604 3491 705 3559 μὲν
733 3486 825 3544 οὖν
853 3489 1044 3542 εἵλοντ’
1074 3490 1139 3541 ἂν
1166 3488 1287 3542 ἀντὶ
1314 3489 1413 3558 τῆς
1452 3488 1826 3558 ἐνεγκαμένης
1849 3488 1950 3557 τὴν

362 3584 552 3643 πόλιν,
594 3583 688 3635 καὶ
720 3582 935 3651 πλήρης
969 3582 1069 3652 μὲν
1104 3582 1169 3635 ἂν
1200 3577 1267 3649 ἦν
1298 3580 1540 3634 εὐσεϐῶν
1570 3581 1695 3650 ἤδη.
1730 3582 1949 3651 πλήρης

357 3674 415 3725 δὲ
458 3674 740 3743 μοναχῶν,
777 3676 1031 3743 γέμουσα
1059 3673 1116 3726 δὲ
1148 3672 1447 3743 θυμηδείας
1472 3673 1565 3727 καὶ
1597 3672 1844 3743 τέρψεως
1871 3673 1948 3742 τῷ

358 3766 754 3836 Χριστωνύμῳ
791 3766 1118 3836 πρεπούσης
1146 3764 1500 3835 πληρώματι,
1534 3766 1585 3818 εί
1617 3764 1692 3837 μὴ
1722 3765 1944 3834 τοιαύτη

358 3860 488 3912 κατ’
520 3858 693 3928 αὐτῆς
738 3858 1023 3926 ἀπόφασις
1071 3856 1387 3910 ἀπευκταία
1433 3856 1693 3928 ἐξήνεκτο
1741 3857 1833 3908 καὶ
1876 3858 1945 3911 τὰ

357 3952 487 4004 κατ’
528 3951 705 4021 αὐτὴν
742 3947 887 4004 οὕτω
926 3948 1315 4022 προύχώρησε.
1357 3948 1496 4003 Νυνὶ
1529 3948 1586 4000 δὲ
1637 3948 1714 4019 μὴ
1749 3949 1830 4002 ὄτι
1880 3964 1944 4016 γε

354 4044 534 4097 πόθον
567 4043 617 4097 οἶ
649 4042 852 4109 ταύτην
876 4046 940 4096 ἐκ
972 4042 1189 4112 μακροῦ
1217 4041 1549 4112 καταλαϐεῖν
1570 4038 1738 4111 εἶχον,
1774 4043 1941 4109 μετά-

357 4136 536 4203 μελον
568 4135 730 4206 ἔσχον
758 4136 861 4204 τῆς
891 4135 1223 4206 προθυμίας,
1254 4134 1390 4187 ἀλλὰ
1423 4134 1519 4186 καὶ
1555 4134 1687 4203 ἡμῖν
1716 4134 1817 4204 τῆς
1861 4135 1942 4197 είς

355 4226 462 4297 τὴν
495 4228 656 4280 πόλιν
702 4227 968 4292 ἐλεύσεως
1006 4226 1330 4297 μεταμέλει,
1362 4226 1461 4295 τῆς
1489 4224 1707 4289 ἐλπίδος
1752 4225 1943 4294 σαφῶς

349 4318 797 4388 διημαρτηκόσι.
828 4318 1013 4372 Πάντα
1043 4317 1149 4387 γὰρ
1181 4320 1295 4372 ἀνω
1324 4317 1421 4371 acati.
1456 4317 1608 4370 κάτω
1654 4316 1938 4385 γεγόνασι,

349 4412 415 4462 τὸ
450 4408 556 4463 τοῦ
581 4409 764 4478 λόγου.
796 4410 906 4463 Καὶ
934 4410 966 4479 ὴ
1001 4408 1154 4471 πόλις
1181 4407 1373 4478 ὥσπερ
1403 4425 1489 4471 τις
1516 4407 1647 4471 ναῦς
1673 4409 1732 4462 ἐν
1772 4408 1945 4470 πελά-ε

350 4519 444 4569 γει
473 4503 875 4571 περισχεθεῖσα
902 4499 1092 4553 κακῶν
1119 4500 1504 4569 περιφέρεται,
1534 4498 1692 4567 δίκην
1719 4498 1939 4568 ἀνέμων

2042 2022 2165 2076 aliis
2190 2022 2585 2079 recentioribus
2613 2023 2877 2093 applicata
2906 2034 3009 2090 est,
3040 2034 3095 2081 et
3130 2012 3464 2094 potissimum
3497 2027 3615 2081 bal-

2043 2130 2164 2181 neo,
2201 2115 2342 2185 quod
2374 2133 2515 2173 nunc
2542 2118 2718 2174 media
2751 2118 2806 2173 in
2833 2119 2963 2175 urbe
2990 2121 3354 2175 commoditati
3387 2122 3616 2191 publica!

2042 2214 2278 2263 erectum
2309 2209 2677 2279 conspicitur;
2712 2220 3029 2281 tantumque
3060 2214 3126 2268 ab
3186 2223 3343 2269 aetate
3386 2229 3616 2283 provec-

2044 2298 2275 2354 tioribus
2310 2300 2392 2354 fas
2420 2313 2504 2354 est
2534 2302 2721 2357 audire
2754 2317 2769 2356 :
2808 2304 2907 2357 hac
2957 2303 3008 2357 in
3042 2315 3191 2371 parte
3223 2304 3477 2374 templum
3510 2305 3617 2359 tale

2043 2397 2182 2454 erat,
2207 2389 2281 2444 ibi
2310 2392 2436 2456 tale,
2461 2400 2515 2445 et
2532 2406 2868 2462 quaecunque
2892 2409 2953 2449 ea
2983 2395 3340 2459 exornabant,
3363 2405 3618 2450 venuslav

2046 2487 2126 2532 tes
2154 2488 2207 2532 et
2236 2480 2441 2546 gratiae.
2482 2478 2548 2534 Et
2594 2481 2694 2537 hoc
2737 2482 2975 2551 quidem,
3009 2500 3103 2549 per
3156 2485 3335 2538 omnia
3380 2485 3617 2541 civrtatis

2044 2568 2184 2633 loca,
2219 2570 2412 2638 templa
2449 2586 2602 2640 passa
2636 2583 2779 2637 sunt.
2819 2573 3167 2640 Monasteria,
3201 2577 3267 2631 de
3303 2579 3499 2646 quibus
3524 2594 3616 2633 au-

2046 2668 2132 2715 tea
2166 2671 2348 2717 nostra
2379 2664 2554 2718 oratio
2586 2666 2933 2731 disseruerat,
2976 2668 3037 2721 in
3075 2670 3367 2723 maximum
3418 2684 3618 2725 mmm-

2047 2767 2158 2804 rem
2188 2752 2457 2808 intuentes
2490 2756 2834 2821 abstrahunt,
2871 2772 2973 2811 non
3005 2767 3214 2811 tantum
3247 2760 3460 2814 viduata
3499 2776 3617 2815 mo-

2045 2847 2233 2901 nachis
2265 2848 2495 2917 turpiter
2537 2849 2730 2918 ejectis
2761 2860 2816 2905 et
2861 2866 2927 2905 ex
2982 2853 3169 2921 patriis
3219 2856 3534 2924 peregrinas
3568 2858 3618 2908 in

2047 2939 2203 2993 sedes
2254 2940 2465 3009 pulsis,
2495 2942 2589 2995 sed
2635 2957 2735 2997 suo
2781 2943 3064 3011 splendore
3111 2960 3175 3000 ac
3224 2947 3621 3015 pulchritudine

2047 3029 2295 3099 spoliata,
2318 3047 2584 3086 marmora
2611 3033 2876 3101 siquidem
2901 3050 3086 3091 eorum
3117 3040 3169 3092 in
3193 3040 3363 3093 solum
3393 3040 3618 3107 disjet-ta

2046 3132 2100 3176 et
2138 3123 2360 3177 materia
2395 3124 2620 3194 reliqua,
2652 3127 2718 3181 ad
2756 3126 3141 3196 perfectionem
3172 3126 3335 3199 atque
3366 3140 3616 3185 ornatum

2048 3215 2344 3285 antiquitus
2387 3226 2746 3285 exaggerata,
2797 3220 2997 3287 rapina:
3045 3220 3336 3277 volentium
3377 3238 3618 3287 cessere.

2052 3317 2104 3359 et
2135 3322 2274 3360 nunc
2301 3310 2670 3373 spectaculum
2712 3312 2829 3384 sine
2861 3312 2969 3366 ullo
3015 3312 3165 3367 cultu
3203 3313 3406 3367 foedum
3440 3329 3503 3368 ac
3528 3315 3623 3369 de-

2053 3395 2365 3463 formatum,
2397 3400 2969 3471 circumspectantium
3000 3404 3200 3459 animis
3232 3405 3499 3476 lacrymas
3522 3421 3621 3461 ex-

2054 3497 2323 3557 torquent.
2349 3487 2413 3543 Et
2442 3491 2595 3545 auriti
2629 3494 2762 3550 sane
2792 3496 2928 3549 hanc
2974 3497 3244 3551 civitatem
3277 3499 3465 3565 patriae
3491 3514 3623 3566 prae-

2052 3582 2358 3648 posuissent
2384 3599 2399 3648 ;
2431 3583 2676 3652 adeoque
2705 3587 2807 3653 piis
2837 3587 3146 3643 hominibus
3171 3590 3398 3659 repleta,
3420 3591 3620 3657 rrplrta

2050 3672 2357 3737 monachis,
2388 3674 2573 3728 laetitia
2600 3674 2881 3745 jubiloque
2921 3676 3235 3733 Christiano
3291 3678 3457 3734 coetui
3511 3696 3618 3735 non

2049 3761 2437 3818 dedecentibns
2467 3775 2685 3832 onusta,
2711 3767 2763 3820 in
2785 3768 3114 3824 hilaritatem
3156 3784 3416 3849 conversa
3443 3771 3620 3824 maxi-

2050 3868 2137 3907 nto
2168 3856 2365 3923 gaudio
2396 3856 2690 3924 frueretur,
2717 3859 2819 3912 nisi
2848 3861 2985 3913 adeo
3017 3860 3350 3915 exsecranda
3378 3870 3610 3917 senten-

2052 3946 2123 3999 tia
2156 3947 2262 3999 lata
2296 3945 2511 4002 fuisset.
2549 3949 2614 4003 Et
2642 3965 2727 4005 res
2745 3951 2964 4018 quidem
2998 3952 3151 4004 urbis
3180 3952 3250 4004 ita
3270 3967 3329 4006 se
3356 3952 3615 4005 habuere.

2047 4038 2200 4095 Nunc
2232 4055 2414 4109 porro,
2448 4042 2540 4109 qui
2592 4058 2620 4094 ιι
2658 4043 2987 4112 longioribus
3014 4043 3127 4097 oris
3163 4044 3311 4098 illius
3352 4046 3622 4109 [intimidae

2047 4131 2315 4186 desiderio
2342 4134 2696 4197 cxardebant,
2721 4149 2816 4188 eos
2841 4135 2921 4189 sui
2951 4135 3226 4195 desiderii,
3252 4136 3344 4189 sed
3366 4148 3466 4189 nos
3482 4152 3620 4203 quo-

2046 4238 2153 4290 que
2182 4223 2234 4276 in
2266 4239 2383 4277 eam
2420 4224 2705 4278 reditionis
2733 4210 2980 4292 panitet,
3018 4240 3140 4280 cum
3195 4242 3319 4292 spes
3381 4229 3621 4285 melioris

2045 4324 2226 4370 status
2256 4317 2471 4385 penitus
2500 4317 2711 4372 sublata
2738 4319 2830 4374 sit.
2863 4317 3076 4388 Susque
3095 4320 3272 4389 deque
3317 4324 3460 4375 enim
3497 4336 3618 4376 om-

2046 4407 2134 4461 nia
2162 4407 2303 4462 facta
2327 4417 2480 4468 sunt.
2506 4418 2564 4464 ut
2592 4410 2877 4479 proverbio
2903 4411 3289 4467 circumfertur
3325 4419 3419 4499 ;.et
3465 4412 3616 4474 urbs.

2045 4500 2212 4554 veluti
2244 4501 2398 4556 navis
2428 4500 2537 4556 alto
2567 4503 2837 4558 malorum
2869 4503 3007 4557 mari
3025 4517 3308 4573 oppressa,
3339 4505 3618 4558 circuma-

348 4596 465 4648 τῶν
498 4592 626 4646 καθ’
678 4592 920 4660 ἑκάστην
953 4592 1131 4644 εἰπεῖν
1166 4591 1591 4659 συμπιπτόντων
1633 4589 1933 4658 ταραττόν-

2046 4589 2190 4659 gitur
2217 4607 2232 4642 :
2271 4599 2554 4646 ventorum
2586 4593 2732 4667 enim
2764 4594 2959 4659 instar,
2991 4609 3111 4663 quae
3145 4595 3375 4663 singulis
3425 4594 3618 4650 diebus

345 4696 466 4740 των
502 4684 680 4755 αὐτὴν
714 4686 810 4737 καὶ
856 4683 1081 4747 ναυτίας
1134 4684 1336 4754 πολλῆς
1382 4684 1499 4759 καὶι
1533 4682 1747 4750 ίλίγγου
1804 4682 1943 4750 πλη-

351 4780 633 4850 ρούντων,
668 4778 761 4849 καὶ
791 4777 1039 4848 καθαρᾶς
1069 4776 1251 4840 εὐδίας
1276 4776 1559 4844 ἐπιτυχεῖν
1591 4775 1791 4829 οὔκουν
1816 4776 1946 4829 ἐών-

346 4889 493 4929 των.
561 4869 687 4920 οὐδὲ
741 4867 801 4921 τὸ
862 4868 961 4935 τῆς
1021 4868 1250 4937 εἰρήνης
1306 4868 1403 4919 καὶ
1452 4867 1717 4936 νηνεμίας
1773 4868 1943 4921 ίστίον

348 4962 689 5016 πετάσασαν
718 4959 853 5027 πρὸς
874 4957 1076 5027 λιμένα
1105 4957 1289 5011 καλῶν
1320 4956 1623 5025 ἐφθακέναι
1653 4956 1849 5027 στῆναί
1884 4974 1941 5011 τε

348 5056 445 5107 ἐπ’
480 5051 748 5120 ἀγκυρῶν
770 5050 1076 5117 ἀσφαλείας
1101 5050 1199 5103 καὶ
1239 5050 1424 5119 μένειν
1451 5049 1774 5105 ἀσάλευτον.
1804 5048 1940 5102 Θεοῦ

349 5145 413 5198 δὲ
451 5144 573 5213 ἄρα
602 5142 762 5194 τοῦτο
798 5142 863 5196 ἂν
896 5144 982 5211 είη
1030 5143 1126 5196 καὶ
1156 5141 1254 5210 τῆς
1278 5132 1506 5195 ’Ἐκεῐνου
1542 5139 1731 5209 σαφῶς
1776 5139 1946 5209 πηδα-

350 5235 638 5305 λιουχίας,
685 5234 1074 5306 καταπραῧναι
1130 5234 1230 5302 μὲν
1279 5233 1344 5286 τά
1394 5232 1504 5284 τῶν
1552 5232 1946 5301 ἐπερχομένων

353 5326 765 5398 κορυφούμενα
796 5326 1042 5393 κύματα,
1077 5325 1255 5379 ίθῦναι
1290 5324 1350 5377 δὲ
1386 5323 1522 5393 πρὸς
1548 5323 1816 5392 γαλήνην,
1849 5323 1945 5375 καὶ

356 5416 656 5487 σωτηρίαν
711 5416 1066 5487 χαρίσασθαι,
1115 5417 1208 5469 καὶ
1261 5413 1447 5467 δοῦναι
1483 5411 1742 5482 πρύμναν
1780 5413 1944 5481 κρού-

356 5511 576 5566 σασθαι
611 5510 707 5564 τοῦ
754 5510 945 5565 λοιποῦ
1001 5510 1097 5563 καὶ
1146 5508 1376 5562 πλεῦσαι
1409 5508 1684 5577 δεύτερον,
1722 5508 1750 5559 ὃ
1785 5523 1941 5575 φασι,

355 5601 567 5663 πλοῦν,
625 5602 1124 5672 μεταϐεϐλημένων
1175 5601 1436 5655 ἁπάντων
1481 5599 1573 5652 ἐπὶ
1622 5600 1683 5651 τὸ
1737 5598 1946 5668 βέλτιον

355 5691 463 5742 καὶ
490 5688 524 5740 ὃ
561 5690 801 5745 συνοίσει
829 5692 896 5761 τῇ
927 5690 1107 5754 πόλει,
1155 5689 1583 5759 μεσιτεύσαντος
1617 5689 1712 5742 τοῦ
1744 5687 1948 5757 ἡμεδα-

359 5781 474 5833 ποῦ
532 5782 901 5852 τροπαιοῦχον
936 5786 1030 5836 καὶ
1085 5783 1381 5854 μάρτυρος,
1420 5784 1515 5835 καὶ
1554 5781 1662 5837 τῶν
1708 5780 1810 5852 τῆς
1841 5797 1947 5834 πα-

357 5872 559 5944 τρίδος
590 5876 789 5928 οἰάκων
824 5870 977 5939 αὖθις
1007 5877 1182 5930 είπεῖν
1216 5874 1637 5946 ἐπιλαϐομένου,
1675 5875 1770 5928 καὶ
1810 5872 1945 5942 πρὸς

2051 4693 2365 4747 occurrunt,
2398 4697 2518 4736 eam
2548 4683 2914 4738 interturbant
2935 4693 2990 4739 et
3015 4699 3214 4739 nausea
3247 4686 3623 4754 vertigiueque

2050 4776 2346 4845 complent,
2375 4784 2430 4830 et
2453 4791 2580 4830 vera
2603 4776 2765 4845 potiri
2795 4777 2975 4846 quiete
2995 4791 3101 4835 non
3134 4779 3478 4843 permittunt,
3505 4777 3618 4829 vela

2051 4865 2176 4921 licet
2202 4866 2349 4933 pacis
2380 4875 2434 4919 et
2466 4861 2884 4943 tranquillitatis
2914 4866 3255 4934 expauderit,
3289 4874 3346 4918 ut
3392 4865 3459 4919 ad
3492 4880 3623 4932 por-

2051 4966 2163 5010 tum
2193 4957 2458 5011 bonorum
2488 4957 2747 5027 appellat,
2774 4967 2830 5012 et
2853 4972 3178 5013 ancorarum
3204 4956 3499 5012 securitate
3524 4956 3617 5009 tir-

2053 5054 2248 5110 metur,
2278 5056 2602 5117 maneatque
2636 5049 2982 5103 inconcussa.
3018 5049 3109 5101 Dei
3135 5048 3301 5117 igitur
3331 5047 3514 5113 laetu,
3537 5056 3614 5106 et.

2050 5138 2197 5194 illius
2229 5138 2388 5210 plane
2404 5122 2836 5210 gubernationis:
2872 5155 3054 5193 rerum
3083 5139 3491 5193 advenientium
3536 5146 3620 5189 tu-

2053 5230 2229 5285 midos
2260 5229 2454 5285 ﬂuctus
2508 5232 2720 5292 sedare,
2771 5229 2836 5282 ad
2894 5227 3341 5296 tranquillitatem
3372 5226 3621 5292 dirigere

2050 5321 2279 5374 salutem
2308 5320 2550 5391 elargiri,
2576 5319 2983 5387 cencedereque
3007 5326 3063 5372 ut
3094 5319 3143 5371 in
3166 5328 3444 5387 posterum
3476 5332 3619 5385 pup-

2049 5411 2159 5480 pim
2196 5409 2536 5463 inltibeamus
2562 5417 2616 5462 et
2644 5408 2878 5462 secunda
2910 5408 3273 5477 navigatione,
3307 5406 3453 5476 quod
3491 5408 3623 5462 dici-

2053 5510 2158 5563 tur,
2188 5509 2423 5562 utamur,
2442 5499 2695 5554 omnibus
2717 5500 2770 5551 in
2792 5497 2985 5553 melius
3010 5499 3329 5562 immutatis,
3364 5501 3618 5569 ut,quid-

2050 5591 2177 5660 quid
2208 5589 2390 5654 fuerit,
2436 5589 2641 5645 civitati
2672 5591 2967 5656 conducat,
2995 5592 3353 5661 deprecatore
3401 5606 3463 5646 se
3520 5607 3623 5661 pro

2049 5683 2205 5738 nobis
2230 5684 2504 5752 praebente
2535 5690 2723 5737 nostro
2756 5685 2996 5750 tropmali
3024 5696 3076 5739 et
3111 5695 3370 5749 martyre,
3403 5700 3623 5739 rursus-

2050 5790 2155 5846 que
2178 5776 2365 5844 patriae
2389 5774 2754 5844 gubernacula
2776 5778 3127 5846 suscipiente,
3151 5786 3203 5831 et
3232 5777 3495 5832 adversus
3541 5786 3632 5831 LL

2051 5869 2419 5924 calamitatum
2457 5868 2778 5925 immodicos
2840 5883 3051 5926 montes
3111 5888 3262 5927 suam
3319 5870 3617 5943 potentiam
