3848 6196
322 407 424 472 6‘27

1500 399 1826 462 JOANNIS
1866 396 2341 460 ANAGNOST/E

3415 395 3508 460 628

319 527 656 590 usurpante;
690 532 857 586 neque
887 515 972 570 diu
1008 516 1204 570 bonum
1242 515 1543 576 differatur,
1575 515 1682 566 Deo
1735 525 1876 580 pro-

2010 508 2080 579 ipa
2130 503 2400 578 τοσαύτην
2448 504 2558 559 τῶν
2595 503 2894 576 συμφορῶν
2929 502 3200 558 θάλασσαν
3235 505 3299 576 τῇ
3335 504 3508 559 ἑαυτοῦ

319 613 453 680 pilio
485 610 640 663 oculo
673 610 1031 675 inspectante,
1057 619 1121 670 ,et
1153 624 1250 661 suo
1285 621 1433 662 more
1450 603 1760 666 nobiscum,
1783 603 1876 671 qui

319 704 374 757 in
405 719 527 757 eum
567 700 951 772 delinquimus,
1000 701 1308 755 humaniter
1358 704 1570 770 agente.

387 962 479 1015 22.
513 963 580 1016 Et
611 963 725 1016 haec
761 965 1039 1032 hucusque
1078 974 1398 1029 processere
1431 975 1445 1012 :
1487 958 1612 1012 licet
1667 971 1761 1010 nos
1817 971 1879 1010 ex

321 1055 428 1108 illis
457 1054 702 1122 quaedam
739 1063 949 1124 spOnte,
985 1064 1226 1121 tempore
1261 1052 1314 1106 id
1334 1060 1517 1104 nostra
1552 1049 1887 1103 dicendiim-

321 1145 637 1208 hecillitate,
657 1146 872 1198 silentio
890 1145 1317 1206 involverinms;
1353 1155 1582 1209 eiunque
1613 1149 1762 1193 tuum
1788 1151 1888 1190 nos

322 1233 569 1305 rogatum
606 1237 902 1304 refringere
930 1250 1039 1289 non
1103 1248 1383 1304 possemus
1418 1241 1470 1286 et
1509 1229 1887 1283 inohcdicntize

326 1340 506 1384 notam
537 1330 833 1394 incurrere,
864 1337 921 1381 ut
955 1327 1108 1381 nobis
1141 1327 1310 1389 licuit,
1333 1324 1580 1394 praesenti
1612 1336 1710 1376 nos
1765 1335 1889 1374 nar-

328 1420 521 1474 rationi
550 1420 857 1473 dedidimus
886 1437 900 1474 :
937 1419 1214 1484 hoc-enim
1248 1427 1296 1469 et
1331 1418 1382 1468 in
1431 1414 1653 1468 exordio
1689 1411 1904 1482 promi-~

325 1511 516 1575 simus,
557 1511 690 1564 nihil
717 1526 814 1562 nos
845 1511 981 1563 ultra
1025 1509 1294 1576 propriam
1355 1505 1666 1558 facultatem
1727 1516 1892 1555 cona-

327 1611 500 1655 tnros.
522 1604 720 1666 Quare,
746 1602 932 1670 siquid
960 1608 1050 1652 tuo
1079 1598 1348 1651 desiderio
1371 1598 1588 1663 dignum
1623 1603 1710 1652 aut
1734 1609 1893 1662 argn-

327 1703 508 1742 mento
540 1705 782 1759 compar,
807 1690 1082 1758 peregisse
1114 1688 1444 1750 videbimur,
1477 1695 1628 1738 tuum
1656 1684 1708 1737 id
1728 1681 1894 1736 fuerit

327 1794 380 1834 et
403 1791 610 1834 tuarum
637 1797 733 1849 pro
758 1781 913 1835 nobis
943 1780 1396 1848 supplicationum
1425 1795 1438 1831 :
1473 1778 1556 1831 sin
1587 1789 1675 1828 res
1700 1777 1752 1827 in
1775 1789 1891 1826 om-

1982 599 2330 671 χρησαμένου
2370 596 2624 663 δυνάμει.
2673 594 2894 647 Γένοιτο
2930 593 2989 646 δὲ
3042 592 3116 660 μὴ
3168 593 3262 645 οὐκ
3305 594 3376 658 είς
3421 611 3512 664 μα-

1985 693 2145 759 κρὰν,
2206 689 2329 757 ἱλέῳ
2379 686 2474 739 τοῦ
2533 685 2670 738 θεοῦ
2735 683 3126 753 ἐπιϐλέψαντος
3173 683 3389 754 ὄμματι,
3432 689 3516 744 καὶ

1984 781 2618 852 φιλανθρωπευσαμένου
2646 777 2896 850 συνήθως
2924 779 3014 848 ἐφ’
3042 772 3120 841 οἷς
3145 779 3300 838 αὑτὸν
3329 795 3518 854 παρορ-

1985 873 2233 941 γίζομεν.
3547 883 3560 938 3

2038 965 2158 1034 -κβ’.
2183 965 2366 1016 Ταῦτα
2392 965 2447 1028 ὲς
2482 963 2642 1032 δεῦρο
2671 960 3183 1031 παρηκολούθηκεν,
3217 960 3264 1011 εί
3304 959 3392 1014 καί
3416 976 3523 1020 τινα

1984 1057 2192 1109 τούτοιν
2225 1059 2388 1126 ἡμεῖς
2423 1057 2639 1119 ἑκόντες
2674 1056 2760 1110 διὰ
2791 1056 2884 1110 τὸν
2919 1053 3112 1123 καιρὸν
3155 1051 3246 1109 καὶ
3277 1051 3372 1121 τὴν
3403 1053 3524 1124 ἠμε-

1986 1150 2149 1219 τέραν
2194 1148 2322 1216 περὶ
2377 1148 2436 1198 τὸ
2491 1147 2675 1216 λέγειν
2720 1145 3008 1200 ἀσθένειαν
3066 1143 3385 1212 παραλιπεῖν
3422 1142 3526 1195 δέον

1989 1238 2356 1309 κεκρίκαμεν.
2382 1238 2746 1308 Κάπειδήπερ
2771 1238 2874 1290 οὐκ
2899 1237 3122 1307 εἴχομεν
3143 1235 3241 1305 τὴν
3267 1235 3362 1304 σὴν
3387 1232 3530 1302 ἀξίω-

1989 1345 2074 1380 σιν
2126 1327 2564 1398 διακρούσασθαι
2613 1331 2706 1380 καὶ
2761 1329 3018 1397 ἀνηκοΐας
3055 1326 3272 1397 γραφὴν
3319 1327 3530 1393 ἀπενέγ-

1988 1419 2214 1485 κασθαι,
2243 1418 2428 1482 καθὼς
2457 1422 2590 1490 ἡμῖν
2619 1420 2764 1488 ἐξῆν,
2817 1419 3044 1479 ἑαυτοὺς
3080 1422 3145 1486 τῇ
3183 1417 3424 1494 παρούσῃ
3458 1417 3534 1470 δε-

1987 1511 2240 1579 δώκαμεν
2268 1511 2541 1580 διηγήσει.
2575 1511 2748 1563 Τοῦτο
2774 1510 2881 1581 γάρ
2904 1512 3007 1563 κάν
3035 1512 3154 1570 ταῖς
3179 1511 3364 1579 ἀρχαῖς
3390 1509 3534 1560 ὑπισ-

1990 1603 2305 1678 χνούμεθα,
2375 1603 2540 1676 μηδὲν
2588 1603 2753 1656 πλέον
2803 1604 2900 1676 τῆς
2953 1603 3229 1674 ἡμετέρας
3274 1601 3538 1668 δυνάμεως

1991 1693 2386 1760 ἐπιδείξασθαι.
2418 1695 2577 1748 Ὅθεν
2609 1696 2657 1748 εί
2687 1695 2786 1764 μὲν
2815 1695 2966 1758 ἄξιόν
2999 1711 3054 1746 τι
3082 1695 3181 1764 τῆς
3221 1710 3279 1750 τε
3315 1695 3406 1763 σῆς
3431 1695 3538 1746 ἑπι-

1994 1785 2196 1850 θυμίας
2245 1784 2479 1852 καὶτῆς
2531 1782 2842 1849 ὑποθέσεως
2887 1778 3152 1854 φανῶμεν
3204 1781 3539 1850 ἐργάσασθαι,

329 1875 486 1926 nibus
514 1874 801 1926 infeliciter
830 1871 1022 1926 cecidit
1045 1911 1060 1932 ,
1088 1873 1137 1925 id
1158 1871 1296 1939 quod
1320 1868 1628 1923 necessario
1655 1865 1892 1918 futurum

2010 1877 2090 1927 τὸν
2121 1877 2185 1928 ἂν
2218 1875 2303 1945 εἴη
2330 1879 2488 1930 τοῦτο
2522 1879 2616 1928 κα)⁵
2666 1877 2776 1929 τῶν
2821 1876 2930 1928 σῶν
2961 1877 3101 1944 ὑπὲρ
3144 1877 3174 1946 ἠ
3185 1875 3299 1942 μῶν
3329 1887 3542 1941 προσψ-

328 1973 467 2025 erat,
505 1956 760 2031 quidquid
789 1965 946 2017 nobis
980 1963 1215 2016 delatum
1251 1961 1414 2014 fuerit
1444 1956 1771 2018 tnunusculi,
1802 1955 1892 2022 ju-

331 2064 470 2105 stum
493 2055 596 2106 erit
627 2061 676 2104 te
706 2066 921 2120 quoque
950 2046 1265 2119 participem
1295 2050 1434 2112 fieri,
1463 2048 1556 2116 qui
1592 2061 1690 2101 nos
1715 2045 1890 2099 infan-

333 2153 412 2196 tes
445 2151 604 2209 atque
627 2141 995 2207 imprudentes
1026 2141 1092 2193 ad
1125 2153 1260 2208 Opus
1283 2139 1387 2193 hoc
1436 2136 1710 2199 excitasti,
1769 2134 1896 2204 quia

331 2234 535 2302 aliquid
571 2249 691 2288 esse
721 2249 838 2298 nos,
878 2233 968 2301 qui
1003 2232 1132 2287 nihil
1170 2247 1358 2287 sumus
1412 2239 1466 2285 et
1489 2231 1539 2284 id
1590 2228 1897 2298 ubicunque

333 2327 494 2379 etiam
531 2327 868 2381 cuntentiose
895 2327 1237 2393 profitemur,
1271 2323 1618 2378 existimasti.
1648 2321 1760 2390 Ego
1813 2334 1898 2374 ve-

333 2430 396 2468 ro
423 2417 650 2482 gratiam
685 2417 760 2470 rei
795 2417 984 2469 referri
1023 2417 1150 2468 mihi
1199 2429 1389 2484 preces
1421 2423 1542 2469 tuas
1585 2413 1899 2468 enixissime

333 2519 526 2572 exoro,
562 2521 721 2574 quam
756 2507 988 2559 maxime
1019 2507 1324 2560 venerande
1351 2515 1502 2574 pater
1536 2522 1550 2558 :
1582 2504 1710 2556 mihi
1745 2503 1891 2557 enim

339 2596 632 2651 multorum
667 2599 933 2652 Scelerum
969 2601 1224 2653 conscius
1249 2607 1458 2656 tuarum
1490 2611 1710 2667 precum
1740 2609 1896 2665 Opem

336 2687 586 2757 imploro,
619 2697 676 2742 ut
709 2689 799 2744 illa
830 2690 1139 2745 abluantur.
1555 2709 1557 2712 ·

335 2931 560 2990 Joannis
595 2936 916 3004 Auagnosttz
965 2956 1060 3003 pro
1100 2941 1295 2995 viribus
1349 2952 1469 2995 acta
1529 2937 1782 2997 Monodia
1838 2941 1902 2992 de

655 3009 856 3061 excidio
886 3010 1029 3066 urbis
1072 3008 1570 3068 Thessalonicensis.

410 3142 565 3207 Quis,
606 3145 784 3198 sciens
815 3145 1034 3199 casibus
1079 3147 1466 3216 eventibusque
1495 3163 1673 3203 rerum
1724 3149 1903 3203 fatali-

340 3234 438 3288 bus
473 3235 722 3300 planctus
769 3225 1073 3306 exaequare,
1131 3240 1292 3309 digne
1342 3239 1904 3295 Thessalonicensium

341 3325 528 3379 urbem
568 3327 931 3394 deploraverit
957 3331 980 3382 ?
1003 3328 1144 3384 Urbs
1191 3331 1334 3384 enim
1374 3331 1507 3396 haec,
1542 3342 1798 3400 quantum
1829 3346 1914 3386 re-

340 3419 517 3483 liquas
565 3419 700 3472 alias
757 3419 1341 3483 felicitate,-mensura
1379 3438 1482 3475 non
1541 3437 1728 3490 parva,
1755 3439 1914 3492 supe-

345 3511 508 3570 ravit.
560 3510 814 3565 rebusin
854 3512 1103 3566 omnibus
1162 3513 1510 3584 semetipsam
1568 3517 1914 3581 conspicuam

345 3617 409 3656 ac
448 3601 968 3655 desideratissimam
1036 3614 1497 3666 commonstrans,
1549 3613 1755 3658 tantum
1813 3605 1917 3658 hoc

345 3694 442 3746 aevi
483 3693 860 3748 infelicissimo
883 3695 1176 3748 infortunio
1209 3706 1456 3761 mactata,
1497 3695 1673 3749 omnis
1700 3694 1916 3765 generis

349 3784 706 3852 lacrymarum
767 3797 1142 3853 argumentum
1177 3789 1516 3854 proponitur.
1543 3785 1747 3852 Quibus
1772 3785 1914 3838 enim

347 3873 430 3927 vel
466 3873 687 3925 minimo
712 3883 950 3942 tempore
985 3875 1138 3929 bonis
1173 3876 1316 3929 illius
1360 3874 1560 3943 perfrui
1595 3887 1914 3928 concessum
1979 3875 1990 3886 ‘

347 3974 452 4027 est,
488 3965 618 4019 nihil
648 3968 712 4019 de
739 3980 799 4020 ea
829 3966 972 4020 aliud
997 3968 1234 4022 occurrit
1260 3982 1418 4036 quam
1445 3982 1565 4035 qua:
1585 3964 1918 4034 desperatio-

347 4071 474 4109 nem
522 4052 703 4110 a‘nimo
758 4058 1050 4112 conciliant
1098 4067 1153 4112 et
1210 4058 1389 4113 fontes
1439 4059 1802 4128 lacrymarum
1849 4073 1915 4111 ex

347 4146 523 4201 oculis
556 4156 897 4216 extorquent.
930 4145 1171 4224 Namque
1197 4148 1376 4201 etsitu
1432 4156 1485 4200 et
1519 4145 1918 4215 pulchritudine

353 4235 575 4299 multas,
621 4236 993 4304 magnitudine
1047 4247 1104 4290 et
1156 4252 1335 4290 rerum
1394 4236 1721 4290 abundantia
1751 4235 1918 4288 multo

350 4328 534 4392 plures
579 4327 828 4380 civitates
881 4328 1247 4395 exsuperavit.
1290 4327 1357 4380 Et
1385 4343 1509 4395 qua;
1561 4329 1712 4396 prius
1764 4325 1919 4381 bonis

352 4418 606 4473 omnibus
655 4419 920 4481 adluebat,
999 4430 1160 4487 atque
1199 4419 1266 4479 ab
1312 4421 1567 4474 omnibus
1618 4419 1918 4475 decantatis

350 4508 575 4570 divitiis.
600 4524 741 4562 nunc
775 4511 937 4578 (quod
970 4511 1173 4564 utinam
1220 4510 1505 4564 avertisset
1534 4511 1673 4564 Deus
1718 4509 1918 4578 )omni-

353 4603 456 4656 bus
493 4603 606 4656 suis
638 4604 881 4669 partibus
925 4600 1070 4670 jacet
1120 4601 1405 4655 demortua
1435 4610 1489 4655 et
1523 4601 1756 4671 pessime
1798 4616 1924 4668 per-

353 4701 605 4748 tractata.
644 4692 688 4747 Ο
715 4693 984 4762 quomodo
1018 4693 1127 4759 illa,
1173 4694 1394 4762 perinde
1448 4705 1609 4763 atque
1683 4706 1921 4763 magnes,

349 4799 538 4839 omnes
571 4791 634 4841 ad
672 4803 731 4841 se
766 4788 1013 4842 trahebat
1063 4788 1331 4852 avellique
1373 4788 1440 4859 ab
1466 4801 1523 4842 se
1575 4785 1718 4838 nullo
1765 4782 1924 4838 modo

352 4878 729 4939 permittebat?
763 4881 841 4934 sic
872 4881 1013 4934 enim
1047 4895 1142 4935 eos
1172 4879 1468 4944 detinebat,
1499 4894 1633 4948 quos
1663 4893 1903 4947 quacun-

355 4985 458 5036 que
483 4984 515 5024 e
546 4972 764 5040 regione
785 4972 1131 5026 advenientes
1171 4973 1324 5025 donis
1373 4971 1703 5038 excipiebat,
1732 4972 1924 5023 vincu-

355 5061 528 5130 lisque
563 5061 816 5116 amicitize
877 5061 1340 5116 indissolubilibus
1391 5062 1815 5132 constringebat,
1865 5071 1924 5117 ut

350 5168 462 5223 prae
493 5167 556 5208 ea
589 5156 821 5217 patriam
863 5163 1250 5224 postpnnerent
1293 5154 1445 5209 etde
1488 5154 1662 5210 reditu
1703 5169 1924 5220 prorsus

351 5247 665 5301 memoriam
708 5249 1036 5302 amitterent.
1058 5246 1197 5310 Heu,
1226 5250 1327 5301 heu
1353 5247 1367 5302 ί
1390 5257 1759 5315 verumtamen
1780 5260 1922 5299 nunc

351 5352 456 5391 non
482 5349 685 5394 tantum
713 5338 969 5402 advenas,
998 5355 1153 5408 quos,
1186 5350 1242 5393 ut
1288 5339 1419 5400 dixi.
1451 5339 1595 5392 illius
1625 5337 1920 5408 gratiarum

351 5429 640 5497 participes
673 5429 787 5485 fieri
814 5431 1061 5501 contigit,
1087 5431 1179 5486 sed
1204 5431 1365 5485 etiam
1393 5445 1530 5499 quos
1561 5431 1670 5499 ipsa
1696 5430 1920 5493 cxtulit“,

351 5517 499 5569 omni
533 5518 711 5572 studio
742 5519 917 5588 fugam
948 5522 1189 5589 arripere
1217 5536 1444 5590 eamque
1469 5522 1628 5575 veluti
1669 5519 1923 5589 Charyb-

339 5607 462 5680 ﬂdim
512 5609 737 5663 alteram
779 5610 1196 5678 perhorrescere
1223 5622 1277 5666 et
1339 5611 1598 5666 detestari
1653 5611 1847 5679 coegit.
1879 5608 1924 5664 Ο

351 5705 590 5768 tempus,
653 5714 899 5767 quanam
972 5711 1194 5768 repente
1250 5701 1510 5769 par-turis.
1561 5709 1617 5753 ct
1660 5715 1921 5769 quasnam

354 5786 516 5843 rebus
569 5787 975 5847 immutationes
1013 5791 1260 5874 inducis!
1291 5795 1492 5863 optimc
1542 5802 1613 5858 te,
1642 5793 1730 5862 qui
1780 5803 1925 5846 retin

2000 1963 2111 2033 χῶν
2133 1978 2144 1991 ·
2203 1966 2251 2015 εί
2285 1964 2329 2016 δ’
2364 1959 2520 2028 αὖθις
2565 1966 2785 2034 ἀτυχεῖς
2819 1963 2962 2016 κατὰ
3019 1965 3200 2016 πάντα
3229 1962 3489 2030 δόξαιμεν,
3519 1959 3545 2010 ὃ

2001 2054 2152 2105 πᾶσα
2187 2053 2382 2106 παθεῖν
2417 2054 2656 2121 ἀνάγκη,
2694 2054 2859 2106 ὁποία
2898 2071 2980 2116 τις
3007 2053 3074 2106 ἂν
3106 2051 3310 2122 ἀμοιϐὴ
3335 2051 3422 2103 καὶ
3451 2049 3544 2101 πά-

2001 2145 2084 2197 λιν
2115 2146 2249 2214 ἡμῖν
2283 2147 2606 2222 ἀντιδοθείη,
2643 2144 2854 2198 δίκαιον
2899 2145 2964 2198 ἂν
3005 2147 3094 2214 εἴη
3129 2147 3223 2198 καὶ
3271 2146 3332 2196 σὲ
3360 2142 3544 2210 ταύτης

2005 2236 2424 2306 μετεσχηκέναι,
2460 2239 2610 2306 ἡμᾶς
2641 2236 2876 2306 ἀμαθεῖς
2914 2237 3074 2298 ὂντας
3106 2235 3548 2304 παρακαλέσαντα

2002 2329 2140 2397 πρὸς
2173 2329 2334 2398 ἔργον
2364 2329 2619 2382 τοσοῦτον
2665 2329 2752 2382 διὰ
2790 2329 2854 2382 τδ
2905 2330 3053 2397 ἡμᾶς
3085 2325 3229 2382 εἷναί
3257 2345 3310 2380 τι
3343 2325 3550 2396 νομίσαι

2006 2416 2169 2486 μηδὲν
2214 2416 2373 2478 ὄντας
2425 2419 2518 2470 καὶ
2569 2417 2729 2470 τοῦτο
2779 2419 3056 2488 πανταχοῦ
3109 2414 3543 2483 διατεινομένους.

2017 2507 2154 2575 Ἐγὼ
2177 2507 2221 2559 δ’
2256 2509 2337 2570 είς
2368 2507 2604 2577 ἀμοιϐὴν
2632 2508 2730 2571 τὰς
2761 2510 2858 2573 σὰς
2894 2508 3049 2572 λιτὰς
3097 2503 3436 2572 ἀντιδοθῆναί
3465 2521 3556 2572 μοι,

2005 2597 2222 2667 θερμῶς
2271 2597 2617 2667 ὲξαιτοῦμαι,
2669 2596 2968 2668 τιμιώτατε
3011 2599 3222 2668 πάτερ’
3256 2598 3419 2651 πολλὰ
3451 2596 3548 2664 γὰρ

2005 2689 2227 2757 ἐμαυτῷ
2259 2688 2620 2754 συνεγνωκὼς
2661 2689 3004 2760 πταίσματα,
3042 2693 3145 2759 τῆς
3173 2688 3281 2744 ἀπὸ
3318 2689 3422 2742 τῶν
3453 2687 3549 2741 σῶν

1959 2810 1964 2815 -
2005 2778 2168 2832 λιτῶν
2200 2781 2387 2849 δέομαι
2413 2780 2686 2851 βοηθείαις,
2714 2781 2796 2846 είς
2814 2783 2914 2853 τὴν
2948 2783 3159 2835 τούτων
3189 2781 3456 2851 ἀπόνιψιν.

2019 2936 2299 3006 Ἰωάννου
2341 2937 2756 3001 Ἀναγνώστον
2789 2937 2936 2990 κατὰ
2985 2936 3247 3006 δύναμιν
3301 2933 3557 3001 Marcum:

2103 3007 2201 3060 ἐπὶ
2232 3005 2307 3074 τῇ
2337 3007 2555 3061 ἁλώσει
2587 3007 2700 3075 τῆς
2741 3007 2973 3074 πόλεως
3001 3005 3472 3074 Θεσσαλονίκης.

2018 3214 2020 3216 _
2081 3143 2177 3206 Τίς
2207 3141 2272 3195 ἂν
2308 3140 2465 3204 εἰδὼς
2487 3141 2686 3194 πάθεσι
2721 3139 2954 3216 θρήνους
2983 3141 3201 3206 ἑξισοῦν
3238 3141 3334 3211 τὴν
3357 3139 3547 3193 Θεσσα-

2010 3234 2269 3287 λονικέων
2289 3233 2454 3298 ἀξίως
2481 3233 2638 3286 πόλιν
2662 3215 2938 3304 scapha;
2982 3234 3147 3296 Πόλις
3182 3233 3290 3307 γὰρ
3324 3233 3455 3304 αὕτη
3469 3233 3559 3294 τὰς

2011 3328 2178 3390 ἄλλας
2210 3327 2332 3379 ὅσον
2356 3329 2414 3379 ὲν
2434 3327 2666 3396 εὐτυχία
2688 3325 2868 3396 πολλῷ
2900 3325 2979 3396 τῷ
3011 3325 3206 3398 μέτρῳ
3238 3327 3555 3396 παρήνεγκε,

2011 3417 2343 3488 πανταχόθεν
2382 3419 2482 3470 αὑτ
2498 3418 2561 3490 ὴν
2596 3418 2857 3487 λαμπρὰν
2889 3419 2981 3470 καὶ
3009 3418 3270 3487 ποθεινὴν
3296 3417 3556 3479 δεικνῦσα,

2013 3509 2239 3564 τοσοῦτο
2287 3510 2383 3564 νῦν
2421 3511 2764 3578 ἁτυχέστατα
2813 3511 3070 3580 πέπραγε
3103 3499 3106 3502 ”
3141 3511 3239 3565 καὶ
3283 3511 3562 3582 θρηιιῳδῖας

2016 3603 2237 3671 ἀπάσης
2266 3602 2528 3663 ὑπόθεσις
2561 3605 2868 3673 πρόκειται.
2901 3599 2995 3664 Οἷς
3023 3603 3136 3673 γὰρ
3194 3603 3304 3656 τῶν
3332 3602 3421 3654 ἀπ’
3477 3601 3568 3654 αὐ-

2013 3695 2113 3761 τῆς
2144 3693 2323 3746 καλῶν
2359 3696 2456 3746 καὶ
2491 3695 2688 3763 μικρὸν
2718 3693 2850 3761 γοῦν
2881 3711 3004 3753 τινα
3042 3695 3245 3765 χρόνον
3281 3693 3565 3749 ἀπόνασθαι

2017 3785 2442 3854 γέγονε,-λέγειν
2477 3787 2630 3844 οὐδὲν
2686 3786 2896 3839 ἔπεισιν
2935 3786 3064 3842 ἄλλο
3113 3787 3325 3859 ταύτης
3356 3805 3414 3856 γε
3452 3786 3569 3856 πέρι

2016 3877 2048 3947 ἢ
2105 3877 2285 3949 ψυχὴν
2323 3880 2535 3947 ὅσαπερ
2572 3879 2627 3940 ἐς
2687 3877 2926 3950 ἀθυμίαν
2974 3879 3241 3946 ἐμϐάλλει
3295 3878 3468 3946 πηγάς
3513 3890 3566 3926 τε

2015 3969 2266 4037 δακρύων
2319 3969 2379 4032 ἐξ
2433 3969 2698 4038 ὀμμάτων
2740 3969 3069 4040 προχεῖσθαι
3136 3967 3567 4040 παρασκευάζει.

2017 4058 2223 4120 Πολλὰς
2259 4059 2362 4128 μὲν
2391 4059 2514 4128 γὰρ
2536 4059 2726 4112 κάλλει
2754 4061 2850 4120 καὶ
2872 4060 3037 4122 θέσει,
3072 4060 3278 4120 πολλὰς
3303 4061 3358 4119 δὲ
3417 4057 3570 4126 μεγέο

2018 4148 2218 4202 θεικαὶ
2253 4152 2324 4219 τῇ
2387 4151 2494 4203 τῶν
2526 4151 2707 4204 καλῶν
2749 4149 2984 4228 ἀφθονίᾳ
3049 4153 3181 4221 μηδ’
3235 4153 3358 4205 ὅσον
3411 4149 3571 4203 εἰπεῖν

2018 4243 2323 4311 ὑπερέϐαλε
2379 4244 2583 4306 πόλεις.
2623 4243 2733 4295 Καὶ
2764 4242 2847 4315 [ἃ]
2910 4243 3038 4313 πρὶν
3095 4245 3203 4314 μὲν
3253 4246 3425 4312 ἐκόμα
3469 4242 3570 4302 τοῖς

2019 4333 2245 4402 ἀγαθοῖς
2276 4334 2370 4388 καὶ
2404 4334 2620 4402 πλούτῳ
2669 4333 2746 4401 τῷ
2783 4334 3203 4406 θρυλλουμξένῳ,
3241 4337 3358 4388 νυνὶ
3406 4333 3477 4399 δὲ»,
3505 4331 3572 4391 ὡς

2022 4426 2098 4493 μὴ
2127 4422 2320 4490 ὢφελε,
2354 4423 2562 4492 φροῦδα
2595 4423 2862 4492 γεγένητο
2913 4424 3094 4476 πάντα
3124 4426 3222 4477 καὶ
3265 4420 3445 4484 κακῶς
3464 4422 3573 4473 ἀνε-

1951 4524 1995 4581 D
2025 4513 2313 4570 σκεύαστο.
2353 4516 2418 4568 Ὢ
2448 4514 2564 4575 πῶς
2594 4515 2925 4583 μαγνήτιδος
2983 4515 3187 4584 τρόπον
3255 4516 3333 4576 είς
3391 4510 3573 4580 ἑαυτὴν

2031 4604 2275 4666 ἅπαντας
2310 4599 2514 4669 εἷλκεν,
2545 4603 2850 4671 ἀποστῆναί
2877 4620 2936 4655 τε
2978 4604 3204 4666 τούτους
3263 4603 3374 4656 οὐδ’
3407 4606 3572 4654 ὁπωσ-

2029 4695 2179 4749 τιοῦν
2204 4693 2533 4765 συιιεχώρειί
2575 4695 2815 4764 τοσούτῳ
2875 4698 2972 4747 καὶ
3011 4695 3121 4764 γὰρ
3176 4697 3448 4764 κατεῖχεν,
3503 4685 3575 4752 οἷς

2031 4786 2225 4847 αύτνιὺς
2267 4784 2603 4852 πανταχόθεν
2667 4785 3103 4853 ἀφικνουμένους
3149 4785 3452 4850 ἐδεξιοῦτο,
3496 4784 3575 4835 δε·

2033 4879 2189 4945 σμοῖς
2212 4879 2261 4930 τ’
2283 4877 2498 4939 ἀλύτοις
2529 4877 2711 4946 φιλίας
2737 4876 2964 4938 συνέδει,
2997 4877 3072 4939 ὡς
3091 4877 3214 4930 ἀντὶ
3241 4878 3338 4945 τῆς
3369 4878 3578 4940 ἐνεγκα-

2034 4971 2199 5039 μένης
2225 4968 2396 5036 αὐτὴν
2421 4969 2628 5030 πάντας
2662 4967 2955 5036 αἱρεῖσθαι,
3012 4968 3106 5019 καὶ
3167 4967 3297 5036 μηδ’
3335 4965 3574 5018 ἐπανόδου

2032 5057 2343 5129 μεμνῆσθαι
2377 5059 2599 5127 μηκέτι.
2629 5059 2735 5111 Φεῦ
2761 5059 2776 5112 ί
2804 5058 2920 5110 ἀλλ’
2954 5056 3054 5127 ἤδη
3089 5055 3166 5127 μὴ
3200 5057 3328 5120 τοὺς
3359 5056 3417 5122 ἐξ
3439 5053 3579 5108 ἀλλο·

2029 5149 2210 5218 δαπῆς
2239 5149 2422 5216 μόνον,
2444 5145 2523 5213 οἷς
2544 5148 2809 5220 ὑπῆρξεν,
2833 5149 2908 5212 ὡς
2938 5150 3096 5220 ἔφην,
3117 5150 3228 5202 τῶν
3252 5150 3421 5218 αὐτῆς
3450 5148 3579 5198 dno-

2029 5243 2356 5296 λελαυκέναι
2383 5244 2645 5313 χαρίτων,
2679 5242 2818 5295 ἀλλὰ
2845 5244 2939 5295 καὶ
2975 5241 3068 5306 οὓς
3093 5243 3321 5311 ἤνεγκε,
3370 5238 3576 5307 φεύγειν

2029 5335 2126 5406 ὅλῃ
2160 5334 2543 5403 παρεσκεύακε
2596 5335 2880 5405 προθυμίᾳ
2947 5335 3040 5386 καὶ
3079 5332 3352 5400 Χάρυϐδιν
3402 5329 3578 5394 ὥσπερ

2031 5427 2224 5495 ἑτέραν
2266 5425 2561 5492 δεδοικέναι
2601 5427 2699 5479 καὶ
2725 5425 2975 5494 τρέμειν.
3007 5419 3078 5476 Ὦ
3122 5423 3306 5492 κρόνε,
3368 5415 3454 5473 οἷα
3504 5419 3580 5469 τί·

2031 5533 2179 5579 κτεις
2211 5517 2492 5584 ἐξαίφνης,
2511 5519 2602 5569 καὶ
2633 5516 2936 5584 μεταὸολὰς
2959 5517 3076 5576 οἵας
3101 5512 3450 5581 ἐναπεργάζῃ
3474 5509 3578 5568 τοῖς

2033 5609 2344 5677 πράγμασι.
2390 5608 2586 5672 Καλῶς
2619 5624 2703 5673 σε,
2730 5607 2865 5676 πρὸς
2896 5608 2955 5660 τὸ
2984 5605 3344 5672 παλίντροπον
3373 5599 3578 5654 ἀπιδόν-

2032 5715 2142 5763 τες,
2171 5699 2366 5768 τροχὸν
2397 5699 2457 5752 τὸ
2478 5699 2586 5751 τῶν
2621 5697 2800 5767 σοφῶν
2840 5698 3151 5765 ὡνομάκασι
3185 5695 3375 5763 γένος’
3407 5692 3574 5743 πάντα

2035 5793 2142 5859 ’ίᾶρ
2184 5791 2294 5845 ἄνω
2341 5791 2434 5844 καὶ
2463 5789 2614 5847 κάτω
2661 5789 2955 5860 μετα-τίθης
3004 5790 3092 5847 καὶ
3143 5785 3472 5856 περιφέρεις.
3509 5771 3570 5831 Ὠ
