3848 6196
335 354 431 417 031
1483 353 1883 415 GEORGIUS
1920 353 2399 415 PHRANTZES.
2637 348 2642 353 ‘
2846 345 2856 355 '
3244 315 3254 322 “
3447 350 3539 412 tm

327 467 638 536 tdIIgentia:
695 469 983 531 cauebant,
1031 449 1190 524 nunc
1241 483 1432 524 vocum
1512 470 1906 538 incomptarum

2024 471 2280 537 γλώττας.
2335 469 2537 538 οῖμοι1
2587 468 2703 530 πῶς
2768 469 2834 520 ἂν
2891 467 3152 539 ἀδακρυτὶ
3225 466 3316 537 τὴν
3362 469 3545 522 τούτων

324 565 507 629 fragor
557 561 859 616 sustollitur
904 572 958 616 et
1011 563 1314 618 dannonnm
1368 566 1563 620 eborea
1609 567 1900 622 subsultat.

325 660 451 704 dum
500 653 812 705 cantionum
864 662 1027 706 totam
1079 666 1291 708 noctem
1330 655 1714 723 pervigilantcs
1739 655 1907 708 adiui-

324 744 525 796 nislras
564 744 774 811 linguas
806 745 1106 800 taciturnas
1155 747 1440 816 conspicit.
1491 747 1590 801 Va?
1615 749 1772 802 mibi!
1799 765 1903 818 qua

324 835 537 888 ratione
567 835 770 904 absque
797 835 1052 905 lacrymis
1080 853 1262 890 eorum
1285 839 1599 892 memoriam
1625 840 1908 907 repetam?

325 924 413 979 ubi
454 929 638 981 vivens
672 929 804 996 ipse,
840 930 956 997 qui,
990 930 1127 982 sicut
1164 946 1281 996 nos,
1331 940 1550 999 propter
1582 947 1678 986 nos
1709 932 1907 995 factus,

325 1019 769 1086 conspiciebatur
825 1029 880 1073 et
930 1021 1240 1090 angelorum
1294 1023 1464 1088 (τοιήδε
1511 1024 1694 1076 videre
1745 1024 1909 1092 perti-

330 1117 662 1173 mescebant,
699 1110 810 1164 illic
845 1111 913 1164 ab
941 1112 1122 1179 impiis
1153 1113 1264 1166 (lira
1303 1113 1542 1168 facinora
1595 1123 1910 1182 perpetrau-

328 1210 454 1259 tur;
493 1209 544 1250 et
584 1197 804 1251 fulmina
864 1203 927 1253 (le
958 1201 1095 1252 cmlo
1143 1216 1245 1253 non
1290 1203 1482 1255 cadunt
1515 1204 1537 1254 ἲ
1573 1203 1616 1257 Ο
1653 1205 1767 1257 loca
1803 1201 1911 1257 Deo

329 1299 641 1341 consecrata
677 1288 688 1340 1
723 1304 827 1355 qua
875 1288 1253 1355 abundabatis,
1287 1292 1465 1345 divina
1498 1294 1665 1357 gratia
1713 1292 1913 1360 spolia-

337 1380 492 1441 mini,
527 1388 582 1433 et
612 1381 793 1448 pipulo
823 1396 850 1433 a
910 1384 1213 1437 temerariis
1245 1384 1578 1438 differimiui.
1622 1384 1764 1445 Heu.
1805 1399 1914 1454 quo

332 1472 490 1524 modo
515 1474 890 1540 prosperitatis
919 1484 1132 1542 tempus
1160 1477 1528 1541 aggressionis
1563 1489 1616 1530 et
1647 1480 1914 1554 incursio-

330 1562 416 1614 nis
451 1561 648 1614 factu‘m
675 1573 774 1627 est,
794 1573 845 1616 et
875 1579 994 1627 nos,
1024 1567 1113 1634 qui
1145 1569 1524 1630 remansimus,
1559 1570 1911 1637 opprobrium

330 1661 378 1703 et
417 1651 628 1706 infamia
660 1654 671 1706 l
699 1654 896 1708 Abiere
919 1657 1118 1723 publici
1141 1667 1439 1712 conventus
1471 1669 1522 1712 ct
1546 1659 1916 1738 celebritates,

329 1741 514 1795 abiere
561 1744 864 1798 divinarum
921 1747 1227 1815 cffigierum
1259 1749 1574 1816 splendores
1604 1787 1617 1803 .
1660 1751 1822 1806 Periit
1847 1753 1915 1806 li-

2018 565 2240 631 μνήμην
2264 563 2544 630 ἐνέγκοιμι
2567 577 2581 624 ;
2609 559 2778 613 Ἔνθα
2801 559 2911 623 ζῶν
2951 560 3114 622 αὐτὸς
3143 561 3167 611 ὁ
3195 560 3312 612 καθ’
3336 561 3552 628 ἡμᾶςδι’

2024 656 2171 722 ἡμᾶς
2206 653 2497 721 γενόμενος
2531 653 2851 721 καθεωρᾶτο
2871 690 2884 712 ,
2913 651 3082 719 δῆμός
3111 667 3171 702 τε
3205 651 3551 704 συνεστέλλετο

2021 748 2239 815 βλέπειν
2271 745 2540 813 ἀγγέλων,
2590 745 2726 814 ἔργα
2756 746 2866 805 τοῖς
2919 743 3184 805 ἀντιθέοις
3226 744 3550 812 παρανομίας

2024 839 2316 906 τολμᾶται.
2345 837 2457 889 Καὶ
2481 837 2716 904 σκηπτοὶ
2741 833 3038 904 οὐρανόθεν
3066 835 3126 886 οὐ
3157 834 3553 902 καταφέρονται.

2021 931 2084 981 Ὢ
2115 930 2296 981 τόπων
2343 928 2460 997 Θεῷ
2502 926 2941 994 ἀφωσιωμένωνι
2977 925 3042 994 ἦν
3074 925 3378 976 ἐπλουτεῖτε
3418 923 3554 974 θείαν

2019 1018 2306 1090 ἀφῄρησθε
2324 1018 2505 1085 χάριν,
2528 1015 2622 1066 καὶ
2644 1018 2752 1076 τοῖς
2773 1015 3069 1084 τολμηταῖς
3097 1013 3247 1082 παρὰ
3276 1012 3464 1081 φαῦλον
3483 1012 3553 1063 λο-

2023 1113 2267 1178 γίζεσθε.
2305 1111 2369 1161 Ὠ
2393 1109 2506 1159 πῶς
2541 1109 2568 1160 ὁ
2590 1109 2688 1174 τῆς
2721 1107 3022 1175 εὐημερίας
3042 1106 3173 1175 ἡμῖν
3202 1105 3382 1174 καιρὸς
3402 1103 3562 1155 ἐπιθέ-

2021 1221 2160 1267 σεως
2221 1202 2330 1268 καὶ,
2353 1199 2700 1269 καταδρομῆς
2741 1199 2967 1266 γέγονε,
2996 1198 3088 1249 καὶ
3137 1195 3560 1261 καταλειφθέντες

2021 1297 2254 1364 αἰσχύνη
2295 1294 2390 1346 κα)⁸
2418 1292 2617 1352 ὄνειδος
2657 1289 3017 1358 γεγενήμεθα.
3056 1287 3306 1358 Οῐχονται,
3339 1285 3560 1353 πανηγύ-

2024 1406 2160 1457 ρεις,
2209 1388 2449 1455 οἴχονται
2501 1382 2660 1434 θείων
2719 1380 3132 1448 ὲκτυπωμάτων
3188 1377 3563 1448 λαμπρότητες.

2023 1475 2294 1531 Ἀπόλωλε
2315 1473 2620 1544 παρῤησίιν
2642 1473 2701 1523 τὸ
2719 1471 2826 1524 τῶν
2847 1470 3095 1539 μοναχῶν
3112 1470 3441 1538 ἀπελήλαται.
3454 1468 3569 1532 τάγ-

2028 1587 2127 1638 μα,
2163 1570 2259 1620 καὶ
2287 1566 2470 1618 πολιαὶ
2493 1564 2882 1634 πρεσϐυτέρων
2919 1563 3013 1615 καὶ
3031 1562 3295 1614 διακόνων
3321 1559 3566 1629 σεμνότης

2024 1636 2083 1714 εν
2120 1662 2233 1721 τοῖς
2264 1636 2480 1726 ἀτίμοις
2508 1655 2835 1722 λογίζονται.
2873 1651 3000 1721 'Ap‘
3025 1653 3126 1705 οὐκ
3167 1651 3393 1712 ἀϐίωτος
3425 1649 3569 1720 asto;

2025 1752 2182 1824 ἡμῶν
2215 1752 2355 1815 ἐστι,
2395 1751 2489 1802 καὶ
2512 1742 2675 1818 ἦττον
2707 1748 2800 1800 τοῦ
2856 1744 2956 1816 ζῇν
2989 1746 3049 1799 τὸ
3083 1745 3268 1797 θανεῖν
3329 1746 3438 1796 ἐστι
3489 1759 3568 1793 πι-

333 1835 536 1901 liertas,
581 1837 970 1892 monachorum
1005 1850 1180 1893 castus
1227 1841 1434 1908 ejectus
1469 1852 1547 1894 est
1577 1857 1591 1902 ;
1628 1842 1912 1912 presbyte-

2024 1818 2182 1914 κραῖς
2245 1842 2386 1895 οὕτω
2455 1839 2803 1910 βαλλομένοις
2859 1836 2981 1891 καθ’
3051 1837 3293 1904 ἑκάστην
3345 1834 3571 1898 ὀδύναιςς

336 1938 513 1976 rorum
555 1929 781 1981 canities
812 1939 866 1981 et
897 1931 1248 1984 diaconorntn
1282 1933 1516 1999 gravitas
1553 1934 1794 1986 omnium
1842 1936 1916 1986 ir—

335 2015 535 2069 risione
573 2018 856 2074 laeduntur.
884 2024 964 2074 Au
1000 2036 1106 2074 non
1137 2023 1242 2075 vita
1275 2023 1567 2090 injucunda
1615 2035 1668 2077 et
1696 2025 1915 2088 acerba,

334 2107 627 2174 minusque
680 2121 761 2163 cst
795 2111 948 2165 nobis
985 2115 1156 2167 emori
1216 2131 1374 2181 quam
1418 2119 1618 2180 vivere,
1654 2125 1732 2169 tot
1785 2117 1919 2170 diris
1953 2162 1973 2178 ,,

337 2198 616 2252 doloribus
649 2203 890 2268 quotidie
920 2208 1196 2272 oppressis
1223 2205 1245 2257 ?
1276 2209 1416 2261 Sane
1449 2209 1588 2261 idem
1630 2219 1792 2275 atque
1820 2223 1919 2277 ego

336 2294 571 2346 sentient
603 2295 692 2362 qui
729 2298 967 2364 compati
1027 2299 1075 2350 in
1109 2300 1378 2353 similibus
1413 2301 1671 2354 assolent.
1709 2302 1920 2369 Smpius

335 2384 520 2452 itaque
563 2402 769 2440 mecum
826 2393 943 2458 ipse
991 2390 1299 2445 addubitavi
1349 2409 1450 2461 qua
1484 2395 1548 2446 de
1608 2409 1768 2447 causa
1808 2395 1920 2448 haec

339 2478 493 2530 nobis
523 2479 842 2532 obrenerint
874 2491 1046 2548 etquo
1083 2481 1289 2533 ratione
1325 2484 1377 2535 in
1420 2492 1564 2535 tanta
1595 2483 1730 2536 mala
1786 2483 1922 2535 inci-

339 2569 578 2621 derimus
611 2569 736 2630 -,inv
775 2569 934 2638 niquo
981 2573 1300 2625 dubitationi
1350 2589 1478 2626 mea:
1537 2575 1669 2628 satis
1728 2574 1842 2627 fieri
1889 2591 1918 2627 a

337 2657 522 2712 divino
555 2659 768 2726 eloquio
796 2676 808 2711 :
844 2678 860 2711 ι
893 2658 1027 2722 Erit,
1056 2662 1291 2728 dicente,
1323 2671 1464 2717 terra
1497 2675 1672 2717 vestra
1703 2665 1918 2717 deserta

338 2761 391 2802 ct
425 2751 564 2803 tilla:
593 2763 786 2805 vestrae
834 2753 1080 2815 tlestsrtzn,
1107 2755 1374 2822 quoniam
1420 2771 1516 2808 vos
1547 2756 1922 2812 ambulaviSIis

337 2844 405 2896 ad
425 2859 509 2896 me
525 2845 751 2912 obliqui,
786 2855 834 2897 et
879 2861 979 2913 ego
1003 2846 1292 2900 ambulabo
1320 2847 1384 2899 ad
1430 2863 1526 2901 vos
1562 2848 1616 2901 in
1641 2848 1920 2908 iracundia

336 2936 576 3005 obliqua.
603 2956 620 2987 ι
655 2935 785 2990 llinc
819 2939 969 3006 plura
990 2940 1199 2992 dicendi
1229 2941 1384 2994 linem
1411 2941 1614 2996 faciens
1645 2943 1921 2999 silentium

338 3023 586 3090 praefero.
610 3025 852 3094 Namque
880 3029 967 3094 qui
1025 3043 1127 3081 non
1170 3029 1502 3097 ignoscibilia
1555 3032 1920 3101 deliquerunt.

339 3132 434 3168 eos
478 3115 641 3169 Deum
705 3117 805 3170 sibi
864 3119 1149 3186 propitium
1234 3120 1479 3183 reddere,
1532 3136 1637 3174 non
1689 3125 1924 3191 prolixas

338 3219 632 3261 contexere
678 3208 950 3263 orationes
1003 3211 1056 3264 in
1090 3211 1174 3264 sui
1219 3213 1636 3266 ostentationem
1673 3215 1918 3270 addecet.

339 3296 452 3350 Nos
481 3299 624 3351 enim
652 3314 837 3352 eorum
870 3316 988 3367 qtt:e
1017 3317 1245 3355 evenere
1292 3317 1454 3356 causa
1491 3302 1710 3366 fuimus,
1754 3316 1810 3359 ut
1835 3307 1922 3361 ille

343 3389 829 3468 dixit,'quisi‘znilia
861 3392 1064 3444 semina
1093 3393 1439 3461 projecimus.
1459 3394 1636 3460 Quare
1659 3398 1920 3466 quidun

344 3480 561 3542 pietatis
600 3490 653 3534 et
686 3491 954 3536 rectorum
987 3483 1294 3550 dogmatum
1335 3495 1438 3548 est.
1469 3503 1584 3551 nos,
1615 3492 1704 3555 qui
1734 3506 1795 3544 ex
1817 3493 1923 3544 vir-

347 3579 458 3624 tute
491 3574 765 3626 nascentia
797 3589 958 3641 opera
1010 3575 1363 3642 negleximus,
1393 3593 1582 3632 rursus
1615 3580 1758 3632 Omni
1802 3590 1920 3634 stu-

2025 1938 2203 1989 Ἦπου
2241 1952 2305 2001 γε
2341 1933 2544 1994 πάντες
2575 1933 2641 1983 ἄν
2680 1947 2769 1998 μοι
2802 1929 3246 1998 συμφθέγξαιντο
3285 1927 3332 1978 οῖ
3367 1927 3572 1991 πάσχειν

2020 2031 2080 2082 ἐν
2108 2031 2222 2090 τοῖς
2249 2025 2515 2086 τοιούτοις
2556 2022 2894 2088 πεφύκεσαν.
2945 2019 3231 2088 Ἠπόρησα
3265 2012 3356 2069 οῦν
3398 2013 3574 2067 πολλά·

2025 2136 2113 2182 κις
2147 2118 2270 2170 κατ’
2307 2116 2546 2183 ἐμαυτὸν
2575 2112 2691 2166 ἀνθ’
2731 2112 2866 2182 λότου
2925 2110 3124 2171 ταῦτα,
3185 2109 3278 2162 καὶ
3337 2107 3447 2168 πῶς
3503 2108 3572 2167 εἰς

2019 2210 2276 2264 τοσοῦτον
2309 2209 2522 2278 ἥκομεν
2551 2204 2940 2273 κακοπραγίας
2968 2204 3019 2254 οἱ
3061 2201 3424 2262 πεπονθότες.
3480 2199 3573 2249 Καὶ

2022 2297 2180 2371 εῦρον
2244 2298 2441 2351 λύοντὰ
2496 2313 2585 2364 μοι
2641 2295 2732 2348 τὸν
2786 2294 2929 2346 θεῖον
2962 2294 3124 2359 λόγον
3187 2291 3286 2361 τὴν
3338 2290 3571 2358 ἀπορὶαν,

2027 2414 2046 2447 ι
2077 2395 2252 2457 ἔσται,
2295 2392 2546 2457 λέγοντα,
2579 2389 2612 2458 ἡ
2644 2388 2717 2455 γῆ
2759 2387 2911 2456 ὐμῶν
2947 2387 3158 2456 ἕρημος
3195 2387 3288 2436 καὶ
3315 2385 3370 2434 αἱ
3417 2379 3572 2432 ἐπαύ-

2022 2488 2136 2549 λεις
2172 2484 2326 2554 ὐμῶν
2359 2483 2576 2553 ἔρημοι,
2612 2482 2694 2535 ὅτι
2733 2481 2891 2549 ὑμεῖς
2922 2479 3269 2547 ἐπορεύθητε
3319 2474 3448 2543 πρὸς
3487 2471 3572 2540 ἐμὲ

2023 2580 2267 2645 πλάγιοι,
2323 2573 2480 2642 κάγὼ
2525 2571 2872 2642 πορεύσομαι
2936 2569 3072 2639 πρὸς
3135 2569 3281 2638 ὑμᾶς
3330 2568 3384 2618 ὲν
3433 2562 3572 2630 θυμῷ

2024 2671 2264 2740 πλαγίῳ.
2304 2687 2322 2720 ι
2365 2666 2560 2719 Ἔνθεν
2598 2681 2682 2717 τοι
2722 2661 2938 2718 καὶτοῦ
2974 2663 3152 2714 πλείω
3187 2661 3365 2726 λέγειν
3391 2657 3575 2725 ἀφέμε-

2024 2781 2114 2827 νος
2153 2763 2214 2815 τὸ
2246 2760 2470 2827 σιγῆσαι
2501 2757 2798 2825 τετίμηκα.
2834 2754 2970 2807 Θεὸν
3008 2753 3121 2822 γὰρ
3160 2749 3392 2815 ὲξιλεοῦν
3428 2748 3572 2810 ἀσύγ-

2025 2871 2245 2922 γνωστα
2269 2853 2605 2911 πταίσαντας
2637 2849 2730 2900 καὶ
2767 2847 2840 2918 μὴ
2872 2847 3255 2914 μακρηγορεῖν
3310 2840 3427 2893 κατ’
3472 2838 3575 2891 ἐπί-

2026 2943 2194 3007 δειξιν
2231 2943 2358 3012 χρή.
2411 2943 2603 3008 Ἡμεῖς
2630 2940 2738 3006 γὰρ
2767 2937 2876 2991 τῶν
2938 2929 3160 3006 φύντων
3219 2933 3400 2997 αἴτιοι,
3451 2931 3575 2982 κατὰ

2029 3037 2121 3090 τὸν
2180 3020 2431 3098 είπύντα,
2489 3031 2717 3085 τοιαῦτα
2750 3031 3040 3098 σπέρματα
3100 3024 3573 3093 καταϐεϐληκότες.

2032 3129 2147 3182 Πᾶν
2180 3125 2474 3195 τοιγαροῦν
2502 3124 2787 3184 εὐσεϐείας
2824 3123 2948 3175 ὅσον
2978 3121 3071 3173 καὶ
3101 3121 3392 3189 δογμάτων
3415 3115 3573 3176 ὀρθῶν

2026 3217 2296 3287 τρόφιμον
2323 3215 2431 3266 τῶν
2458 3213 2577 3265 κατ’
2638 3197 2860 3292 ἀρετὴν,
2895 3205 2969 3264 ὧν
3007 3211 3354 3280 ἡμεληκότες
3393 3206 3574 3273 ἐφάνη-

2034 3326 2133 3377 μεν
2166 3307 2369 3376 ἕργων,
2402 3301 2556 3366 αὖθις
2586 3304 2943 3356 ἐπιλαϐέσθαι
2974 3301 3218 3369 σπουδὴν
3250 3299 3576 3363 εισενέγκαν-

2029 3416 2144 3460 τες,
2179 3396 2316 3450 Θεοῦ
2343 3398 2526 3465 τυχεῖν
2551 3394 2836 3464 εὐμενοῦς,
2867 3394 3053 3462 ἔργοις
3091 3389 3178 3456 οἷς
3210 3393 3412 3461 χαίρει,
3460 3390 3576 3440 πᾶσι

2029 3493 2253 3560 τρόποις
2288 3488 2710 3558 ἀγωνισώμεθα,
2743 3488 3075 3557 παλινῳδίαν
3105 3486 3182 3550 ὡς
3229 3487 3294 3539 ἂν
3352 3481 3578 3538 ἐντεῦθεν

2031 3583 2254 3654 ᾅτωμεν
2274 3582 2626 3651 χαριέστατα.

344 3663 434 3716 dio
474 3665 879 3733 amplectentes,
933 3670 1096 3724 Deum
1137 3671 1290 3727 nobis
1344 3673 1636 3741 propitium
1671 3675 1916 3742 reddere,
1941 3677 2135 3748 quibus
2167 3679 2256 3734 ille
2284 3678 2482 3749 gaudet
2535 3663 2864 3739 actionibus,
2934 3674 3110 3728 modis
3175 3672 3422 3729 omnibus
3458 3683 3577 3724 con-

345 3764 648 3829 tendamus,
688 3775 743 3816 ut
778 3765 901 3820 inde
942 3772 1276 3834 postmodum
1321 3772 1645 3838 palinodiam
1723 3788 1933 3829 summa
1971 3790 2090 3832 eum
2127 3776 2290 3829 animi
2320 3776 2499 3830 laetitia
2534 3783 2835 3830 cantemus.

348 3935 1180 3959 mm

350 3962 620 3972 —————-—~——
627 3962 1411 3972 W2:—

1193 3931 3548 3960 Μ

419 4099 3503 4593 GEORGIUSSEGULIO’HHBANTZES

1590 4740 2269 4881 'NOTITIA

1390 4959 1602 5023 (Fabric.
1641 4959 1867 5011 Bibliotlt.
1894 4961 1980 5010 Gr.
2023 4959 2104 5009 ed.
2127 4960 2320 5010 Harles.
2354 4962 2388 5008 t.
2419 4956 2568 5019 Vill.)

423 5237 693 5305 Georgius
722 5235 1055 5299 Pbrantzos,
1094 5234 1296 5288 illustri
1325 5249 1546 5302 genere,
1579 5244 1633 5288 et
1673 5235 2058 5304 imperatorem
2094 5238 2277 5306 ipsum
2303 5239 2379 5300 (τι)
2421 5251 2515 5306 per
2541 5234 2856 5289 affinitatem
2892 5237 3253 5304 contingente,
3295 5242 3448 5286 natus
3493 5236 3570 5283 est

353 5327 516 5382 CPoIi
546 5327 614 5379 50
647 5325 877 5394 August.
907 5339 959 5380 a.
991 5323 1053 5378 C.
1083 5323 1208 5378 1401
1246 5322 1341 5392 (ὁ).
1371 5321 1691 5378 Parentibus
1727 5341 1780 5377 a.
1835 5325 1971 5379 1417
2006 5325 2312 5395 pestilentia
2369 5322 2634 5390 correptis
2659 5321 3044 5386 etbxstiuctis,
3075 5323 3205 5376 inter
3241 5317 3570 5390 imperatoris

426 5444 502 5510 (τι)
543 5443 714 5495 Soror
738 5441 998 5494 Phranzze
1051 5440 1233 5506 nupsit
1293 5440 1554 5503 Gregorio
1615 5440 1945 5509 Palmologo'

355 5509 640 5570 Mamonzp.
677 5511 857 5577 magni
893 5510 1348 5580 ilucis_Mamonm
1401 5509 1531 5571 ﬁlio,
1567 5519 1625 5563 ut
1659 5513 1776 5580 ipse
1836 5521 1917 5564 te-

351 5599 378 5637 s
405 5592 526 5635 alur
553 5582 695 5650 libro
725 5581 764 5650 1,
796 5595 919 5646 cap.
942 5580 1033 5633 58.
1068 5577 1220 5632 Illum
1253 5578 1572 5650 Gregorium
1626 5577 1767 5650 genti
1807 5583 1918 5632 Att-

352 5659 523 5716 ;zustze
551 5649 978 5716 Palmologorum
1005 5656 1259 5701 accenset
1312 5647 1548 5712 Caugius
1587 5647 1648 5702 in'
1670 5650 1909 5702 Familiis

356 5715 514 5788 Byz.,
551 5733 601 5785 p.
635 5717 762 5770 951.
806 5715 1037 5769 Uxorem
1088 5732 1305 5785 quoque
1356 5716 1788 5782 l‘hranzadiixit,
1856 5736 1904 5770 ιι.

2030 5441 2186 5504 MSS,
2222 5439 2502 5496 llelcnam.
2538 5437 2710 5490 Alexii
2734 5435 3020 5505 Palaeologi
3066 5433 3473 5502 Examplaconis
3510 5432 3566 5479 ﬁ-

2027 5511 2261 5572 liam,ex
2290 5524 2394 5576 qua
2426 5508 2568 5560 filios
2603 5514 2724 5560 tres
2770 5507 3048 5575 filiamque
3105 5521 3263 5558 uuam
3321 5507 3565 5564 suscepit.

2026 5579 2160 5634 Vide
2185 5575 2398 5638 Puni”,
2423 5575 2508 5629 17.

2097 5651 2171 5719 (υ)
2203 5649 2474 5704 Pbranzcs
2509 5645 2624 5714 ipse
2652 5643 2745 5698 lib.
2790 5643 2831 5710 1,·
2865 5643 3112 5718 εαρκὲι.
