  <div class='ocr_page' id='page_1' title='image "/cluster/home/n/w/nwhite01/storage/ocr_20150623/156/hvd.32044073502650/327.png"; bbox 0 0 3848 6196; ppageno 0'>
   <div class='ocr_carea' id='block_1_1' title="bbox 595 224 699 284">
    <p class='ocr_par' dir='ltr' id='par_1_1' title="bbox 595 224 699 284">
     <span class='ocr_line' id='line_1_1' title="bbox 595 224 699 284; baseline -0.01 0"><span class='ocrx_word' id='word_1_1' title='bbox 595 224 699 284; x_wconf 70' lang='grc' dir='ltr'><strong>6]ιί</strong></span> 
     </span>
    </p>
   </div>
   <div class='ocr_carea' id='block_1_2' title="bbox 1814 216 2613 278">
    <p class='ocr_par' dir='ltr' id='par_1_2' title="bbox 1814 216 2613 278">
     <span class='ocr_line' id='line_1_2' title="bbox 1814 216 2613 278; baseline 0.004 -3"><span class='ocrx_word' id='word_1_2' title='bbox 1814 216 2145 276; x_wconf 78' lang='lat' dir='ltr'><strong>GEORGII</strong></span> <span class='ocrx_word' id='word_1_3' title='bbox 2189 217 2613 278; x_wconf 67' lang='grc' dir='ltr'><strong>ΡΠΒΑΝΤΖᾹΞ</strong></span> 
     </span>
    </p>
   </div>
   <div class='ocr_carea' id='block_1_3' title="bbox 3622 229 3697 291">
    <p class='ocr_par' dir='ltr' id='par_1_3' title="bbox 3622 229 3697 291">
     <span class='ocr_line' id='line_1_3' title="bbox 3622 229 3697 291; baseline 0.04 -3"><span class='ocrx_word' id='word_1_4' title='bbox 3622 229 3697 291; x_wconf 61' lang='grc' dir='ltr'>θίὶ</span> 
     </span>
    </p>
   </div>
   <div class='ocr_carea' id='block_1_4' title="bbox 594 294 3708 404">
    <p class='ocr_par' dir='ltr' id='par_1_4' title="bbox 594 294 3708 404">
     <span class='ocr_line' id='line_1_4' title="bbox 594 294 3708 404; baseline -0.013 -11"><span class='ocrx_word' id='word_1_5' title='bbox 594 357 678 399; x_wconf 85' lang='grc' dir='ltr'><strong>σε,</strong></span> <span class='ocrx_word' id='word_1_6' title='bbox 712 341 810 392; x_wconf 72' lang='grc' dir='ltr'>καὶ</span> <span class='ocrx_word' id='word_1_7' title='bbox 830 334 1193 404; x_wconf 83' lang='grc' dir='ltr'>δηλοποίησόν</span> <span class='ocrx_word' id='word_1_8' title='bbox 1227 350 1317 401; x_wconf 90' lang='grc' dir='ltr'><strong>μοι</strong></span> <span class='ocrx_word' id='word_1_9' title='bbox 1344 294 1444 399; x_wconf 78' lang='grc' dir='ltr'><strong>τὴν</strong></span> <span class='ocrx_word' id='word_1_10' title='bbox 1469 329 1752 399; x_wconf 78' lang='grc' dir='ltr'>ἀλήθειαν.</span> <span class='ocrx_word' id='word_1_11' title='bbox 1786 329 1946 387; x_wconf 77' lang='grc' dir='ltr'>Τίνες</span> <span class='ocrx_word' id='word_1_12' title='bbox 1979 330 2155 397; x_wconf 83' lang='grc' dir='ltr'>ὑπάρ-</span> <span class='ocrx_word' id='word_1_13' title='bbox 2186 341 2227 390; x_wconf 75' lang='grc' dir='ltr'><strong>Α</strong></span> <span class='ocrx_word' id='word_1_14' title='bbox 2262 332 2600 401; x_wconf 64' lang='grc' dir='ltr'>βπρῆαρικόν</span> <span class='ocrx_word' id='word_1_15' title='bbox 2636 332 2754 383; x_wconf 66' lang='grc' dir='ltr'>εστι</span> <span class='ocrx_word' id='word_1_16' title='bbox 2791 328 2853 382; x_wconf 77' lang='grc' dir='ltr'><strong>τδ</strong></span> <span class='ocrx_word' id='word_1_17' title='bbox 2887 329 3115 399; x_wconf 69' lang='grc' dir='ltr'>πρᾶγμα</span> <span class='ocrx_word' id='word_1_18' title='bbox 3159 330 3246 382; x_wconf 53' lang='grc' dir='ltr'><strong>καὶ</strong></span> <span class='ocrx_word' id='word_1_19' title='bbox 3273 329 3469 394; x_wconf 51' lang='lat' dir='ltr'><strong>how”.</strong></span> <span class='ocrx_word' id='word_1_20' title='bbox 3496 335 3572 384; x_wconf 53' lang='grc' dir='ltr'>καὶ</span> <span class='ocrx_word' id='word_1_21' title='bbox 3606 337 3708 390; x_wconf 49' lang='grc' dir='ltr'><strong>ἐθνι-</strong></span> 
     </span>
    </p>
   </div>
   <div class='ocr_carea' id='block_1_5' title="bbox 488 415 2157 499">
    <p class='ocr_par' dir='ltr' id='par_1_5' title="bbox 488 415 2157 499">
     <span class='ocr_line' id='line_1_5' title="bbox 488 415 2157 499; baseline -0.007 -17"><span class='ocrx_word' id='word_1_22' title='bbox 488 415 493 419; x_wconf 35' lang='grc'><em>’</em></span> <span class='ocrx_word' id='word_1_23' title='bbox 594 448 752 499; x_wconf 88' lang='grc' dir='ltr'>χουσι</span> <span class='ocrx_word' id='word_1_24' title='bbox 809 426 1129 495; x_wconf 81' lang='grc' dir='ltr'>συνωμόται</span> <span class='ocrx_word' id='word_1_25' title='bbox 1196 426 1294 477; x_wconf 76' lang='grc' dir='ltr'>καὶ</span> <span class='ocrx_word' id='word_1_26' title='bbox 1350 425 1666 495; x_wconf 86' lang='grc' dir='ltr'>συνίστορες</span> <span class='ocrx_word' id='word_1_27' title='bbox 1717 422 1812 473; x_wconf 76' lang='grc' dir='ltr'>καὶ</span> <span class='ocrx_word' id='word_1_28' title='bbox 1867 422 2157 488; x_wconf 74' lang='grc' dir='ltr'><strong>συνήγοροι</strong></span> 
     </span>
    </p>
   </div>
   <div class='ocr_carea' id='block_1_6' title="bbox 594 509 2160 584">
    <p class='ocr_par' dir='ltr' id='par_1_6' title="bbox 594 509 2160 584">
     <span class='ocr_line' id='line_1_6' title="bbox 594 509 2160 584; baseline -0.005 -16"><span class='ocrx_word' id='word_1_29' title='bbox 594 516 693 584; x_wconf 77' lang='grc' dir='ltr'><strong>τῆς</strong></span> <span class='ocrx_word' id='word_1_30' title='bbox 728 514 923 584; x_wconf 80' lang='grc' dir='ltr'>βουλῆς</span> <span class='ocrx_word' id='word_1_31' title='bbox 948 512 1153 579; x_wconf 83' lang='grc' dir='ltr'><strong>ταύτης</strong></span> <span class='ocrx_word' id='word_1_32' title='bbox 1188 515 1281 565; x_wconf 82' lang='grc' dir='ltr'><strong>καὶ</strong></span> <span class='ocrx_word' id='word_1_33' title='bbox 1316 514 1363 565; x_wconf 88' lang='grc' dir='ltr'>οί</span> <span class='ocrx_word' id='word_1_34' title='bbox 1425 510 1925 580; x_wconf 81' lang='grc' dir='ltr'>συμϐουλεύσαντες</span> <span class='ocrx_word' id='word_1_35' title='bbox 1954 512 2011 561; x_wconf 69' lang='grc' dir='ltr'><strong>ἐν</strong></span> <span class='ocrx_word' id='word_1_36' title='bbox 2040 509 2160 560; x_wconf 83' lang='grc' dir='ltr'><strong>τού-</strong></span> 
     </span>
    </p>
   </div>
   <div class='ocr_carea' id='block_1_7' title="bbox 590 598 2158 674">
    <p class='ocr_par' dir='ltr' id='par_1_7' title="bbox 590 598 2158 674">
     <span class='ocr_line' id='line_1_7' title="bbox 590 598 2158 674; baseline -0.006 -16"><span class='ocrx_word' id='word_1_37' title='bbox 590 624 707 674; x_wconf 88' lang='grc' dir='ltr'><strong>τῳ;</strong></span> <span class='ocrx_word' id='word_1_38' title='bbox 737 606 951 673; x_wconf 81' lang='grc' dir='ltr'>Φράσον</span> <span class='ocrx_word' id='word_1_39' title='bbox 989 620 1080 673; x_wconf 89' lang='grc' dir='ltr'><strong>μοι</strong></span> <span class='ocrx_word' id='word_1_40' title='bbox 1114 603 1383 671; x_wconf 81' lang='grc' dir='ltr'>τάληθές’</span> <span class='ocrx_word' id='word_1_41' title='bbox 1444 602 1538 654; x_wconf 79' lang='grc' dir='ltr'>καὶ</span> <span class='ocrx_word' id='word_1_42' title='bbox 1584 600 1769 669; x_wconf 82' lang='grc' dir='ltr'><strong>ὀμνύω</strong></span> <span class='ocrx_word' id='word_1_43' title='bbox 1822 616 1904 651; x_wconf 89' lang='grc' dir='ltr'><strong>σοι</strong></span> <span class='ocrx_word' id='word_1_44' title='bbox 1968 602 2025 651; x_wconf 88' lang='grc' dir='ltr'>ἐν</span> <span class='ocrx_word' id='word_1_45' title='bbox 2080 598 2158 667; x_wconf 70' lang='grc' dir='ltr'>τῷ</span> 
     </span>
    </p>
   </div>
   <div class='ocr_carea' id='block_1_8' title="bbox 591 694 2158 766">
    <p class='ocr_par' dir='ltr' id='par_1_8' title="bbox 591 694 2158 766">
     <span class='ocr_line' id='line_1_8' title="bbox 591 694 2158 766; baseline -0.004 -16"><span class='ocrx_word' id='word_1_46' title='bbox 591 697 800 766; x_wconf 80' lang='grc' dir='ltr'>σωτῆρί</span> <span class='ocrx_word' id='word_1_47' title='bbox 838 713 942 763; x_wconf 86' lang='grc' dir='ltr'><strong>μου</strong></span> <span class='ocrx_word' id='word_1_48' title='bbox 972 696 1194 765; x_wconf 83' lang='grc' dir='ltr'><strong>Χριστῷ</strong></span> <span class='ocrx_word' id='word_1_49' title='bbox 1224 697 1307 748; x_wconf 86' lang='grc' dir='ltr'><strong>ὅτι</strong></span> <span class='ocrx_word' id='word_1_50' title='bbox 1362 694 1517 747; x_wconf 76' lang='grc' dir='ltr'>αὐτοὶ</span> <span class='ocrx_word' id='word_1_51' title='bbox 1582 694 1680 762; x_wconf 80' lang='grc' dir='ltr'><strong>μὲν</strong></span> <span class='ocrx_word' id='word_1_52' title='bbox 1726 694 2158 761; x_wconf 78' lang='grc' dir='ltr'><strong>κολασθήσονται</strong></span> 
     </span>
    </p>
   </div>
   <div class='ocr_carea' id='block_1_9' title="bbox 588 778 2160 854">
    <p class='ocr_par' dir='ltr' id='par_1_9' title="bbox 588 778 2160 854">
     <span class='ocr_line' id='line_1_9' title="bbox 588 778 2160 854; baseline -0.004 -15"><span class='ocrx_word' id='word_1_53' title='bbox 588 788 709 850; x_wconf 82' lang='grc' dir='ltr'>ταῖς</span> <span class='ocrx_word' id='word_1_54' title='bbox 737 786 831 839; x_wconf 78' lang='grc' dir='ltr'>τοῦ</span> <span class='ocrx_word' id='word_1_55' title='bbox 860 787 1028 854; x_wconf 87' lang='grc' dir='ltr'>νόμου</span> <span class='ocrx_word' id='word_1_56' title='bbox 1062 787 1295 849; x_wconf 81' lang='grc' dir='ltr'><strong>ποιναῖς,</strong></span> <span class='ocrx_word' id='word_1_57' title='bbox 1338 784 1401 837; x_wconf 79' lang='grc' dir='ltr'>σὺ</span> <span class='ocrx_word' id='word_1_58' title='bbox 1456 778 1512 836; x_wconf 80' lang='grc' dir='ltr'>δέ</span> <span class='ocrx_word' id='word_1_59' title='bbox 1564 783 1850 851; x_wconf 82' lang='grc' dir='ltr'>ἐλεύθερος</span> <span class='ocrx_word' id='word_1_60' title='bbox 1910 782 2006 853; x_wconf 77' lang='grc' dir='ltr'><strong>ἔσῃ</strong></span> <span class='ocrx_word' id='word_1_61' title='bbox 2052 783 2160 835; x_wconf 78' lang='grc' dir='ltr'>ἀπὸ</span> 
     </span>
    </p>
   </div>
   <div class='ocr_carea' id='block_1_10' title="bbox 589 866 2153 947">
    <p class='ocr_par' dir='ltr' id='par_1_10' title="bbox 589 866 2153 947">
     <span class='ocr_line' id='line_1_10' title="bbox 589 866 2153 947; baseline -0.003 -16"><span class='ocrx_word' id='word_1_62' title='bbox 589 878 797 936; x_wconf 75' lang='grc' dir='ltr'>παντὸς</span> <span class='ocrx_word' id='word_1_63' title='bbox 870 876 1255 947; x_wconf 86' lang='grc' dir='ltr'>πειρατηρίου.</span> <span class='ocrx_word' id='word_1_64' title='bbox 1321 894 1339 926; x_wconf 77' lang='grc' dir='ltr'><strong>ι</strong></span> <span class='ocrx_word' id='word_1_65' title='bbox 1383 871 1475 945; x_wconf 72' lang='grc' dir='ltr'><strong>’ᾯ</strong></span> <span class='ocrx_word' id='word_1_66' title='bbox 1539 866 1908 942; x_wconf 79' lang='grc' dir='ltr'>ἀπελογίσατο</span> <span class='ocrx_word' id='word_1_67' title='bbox 1958 868 2153 937; x_wconf 70' lang='grc' dir='ltr'>οὗτος·</span> 
     </span>
    </p>
   </div>
   <div class='ocr_carea' id='block_1_11' title="bbox 597 966 2162 1036">
    <p class='ocr_par' dir='ltr' id='par_1_11' title="bbox 597 966 2162 1036">
     <span class='ocr_line' id='line_1_11' title="bbox 597 966 2162 1036; baseline -0.003 -15"><span class='ocrx_word' id='word_1_68' title='bbox 597 988 615 1021; x_wconf 80' lang='grc' dir='ltr'><strong>ι</strong></span> <span class='ocrx_word' id='word_1_69' title='bbox 674 969 817 1036; x_wconf 81' lang='grc' dir='ltr'><strong>Ἐγὼ</strong></span> <span class='ocrx_word' id='word_1_70' title='bbox 853 970 951 1036; x_wconf 77' lang='grc' dir='ltr'>μὲν</span> <span class='ocrx_word' id='word_1_71' title='bbox 982 966 1135 1019; x_wconf 79' lang='grc' dir='ltr'>εἶπόν</span> <span class='ocrx_word' id='word_1_72' title='bbox 1176 985 1257 1020; x_wconf 91' lang='grc' dir='ltr'><strong>σοι</strong></span> <span class='ocrx_word' id='word_1_73' title='bbox 1290 967 1385 1020; x_wconf 79' lang='grc' dir='ltr'><strong>καὶ</strong></span> <span class='ocrx_word' id='word_1_74' title='bbox 1414 967 1558 1033; x_wconf 82' lang='grc' dir='ltr'>λέγω</span> <span class='ocrx_word' id='word_1_75' title='bbox 1588 968 1667 1019; x_wconf 84' lang='grc' dir='ltr'>ὄτι</span> <span class='ocrx_word' id='word_1_76' title='bbox 1720 966 1844 1019; x_wconf 74' lang='grc' dir='ltr'>οὔτε</span> <span class='ocrx_word' id='word_1_77' title='bbox 1892 966 2162 1034; x_wconf 80' lang='grc' dir='ltr'>ἐνεθυμή-</span> 
     </span>
    </p>
   </div>
   <div class='ocr_carea' id='block_1_12' title="bbox 595 1058 2161 1128">
    <p class='ocr_par' dir='ltr' id='par_1_12' title="bbox 595 1058 2161 1128">
     <span class='ocr_line' id='line_1_12' title="bbox 595 1058 2161 1128; baseline -0.001 -17"><span class='ocrx_word' id='word_1_78' title='bbox 595 1060 698 1127; x_wconf 88' lang='grc' dir='ltr'><strong>θην</strong></span> <span class='ocrx_word' id='word_1_79' title='bbox 733 1061 861 1125; x_wconf 76' lang='grc' dir='ltr'>περὶ</span> <span class='ocrx_word' id='word_1_80' title='bbox 896 1062 1091 1111; x_wconf 84' lang='grc' dir='ltr'>τούτου</span> <span class='ocrx_word' id='word_1_81' title='bbox 1130 1060 1371 1124; x_wconf 81' lang='grc' dir='ltr'>πώποτε,</span> <span class='ocrx_word' id='word_1_82' title='bbox 1411 1058 1533 1111; x_wconf 72' lang='grc' dir='ltr'>οὕτε</span> <span class='ocrx_word' id='word_1_83' title='bbox 1584 1065 1642 1110; x_wconf 87' lang='grc' dir='ltr'><strong>ἐν</strong></span> <span class='ocrx_word' id='word_1_84' title='bbox 1672 1062 1737 1127; x_wconf 76' lang='grc' dir='ltr'><strong>τῇ</strong></span> <span class='ocrx_word' id='word_1_85' title='bbox 1771 1058 1981 1128; x_wconf 69' lang='grc' dir='ltr'>διανοίᾳ</span> <span class='ocrx_word' id='word_1_86' title='bbox 2015 1059 2161 1126; x_wconf 90' lang='grc' dir='ltr'>μουό</span> 
     </span>
    </p>
   </div>
   <div class='ocr_carea' id='block_1_13' title="bbox 592 1148 2160 1220">
    <p class='ocr_par' dir='ltr' id='par_1_13' title="bbox 592 1148 2160 1220">
     <span class='ocr_line' id='line_1_13' title="bbox 592 1148 2160 1220; baseline -0.002 -18"><span class='ocrx_word' id='word_1_87' title='bbox 592 1153 753 1211; x_wconf 82' lang='grc' dir='ltr'>αὐτὸς</span> <span class='ocrx_word' id='word_1_88' title='bbox 784 1154 986 1212; x_wconf 58' lang='grc' dir='ltr'>σκοπίις</span> <span class='ocrx_word' id='word_1_89' title='bbox 1014 1148 1199 1220; x_wconf 81' lang='grc' dir='ltr'>ἦλθεν,</span> <span class='ocrx_word' id='word_1_90' title='bbox 1235 1149 1358 1203; x_wconf 77' lang='grc' dir='ltr'>οὔτε</span> <span class='ocrx_word' id='word_1_91' title='bbox 1389 1167 1476 1213; x_wconf 87' lang='grc' dir='ltr'>τις</span> <span class='ocrx_word' id='word_1_92' title='bbox 1510 1150 1707 1218; x_wconf 73' lang='grc' dir='ltr'>μικρὸς</span> <span class='ocrx_word' id='word_1_93' title='bbox 1733 1149 1765 1219; x_wconf 78' lang='grc' dir='ltr'>ἢ</span> <span class='ocrx_word' id='word_1_94' title='bbox 1826 1151 2001 1217; x_wconf 83' lang='grc' dir='ltr'>μέγας</span> <span class='ocrx_word' id='word_1_95' title='bbox 2033 1150 2160 1215; x_wconf 78' lang='grc' dir='ltr'>περὶ</span> 
     </span>
    </p>
   </div>
   <div class='ocr_carea' id='block_1_14' title="bbox 593 1240 2160 1311">
    <p class='ocr_par' dir='ltr' id='par_1_14' title="bbox 593 1240 2160 1311">
     <span class='ocr_line' id='line_1_14' title="bbox 593 1240 2160 1311; baseline 0.002 -20"><span class='ocrx_word' id='word_1_96' title='bbox 593 1240 856 1311; x_wconf 82' lang='grc' dir='ltr'><strong>τοιαύτης</strong></span> <span class='ocrx_word' id='word_1_97' title='bbox 889 1240 1209 1303; x_wconf 75' lang='grc' dir='ltr'><strong>ὑποθέσεως</strong></span> <span class='ocrx_word' id='word_1_98' title='bbox 1246 1240 1477 1310; x_wconf 83' lang='grc' dir='ltr'>ἀνέφερέ</span> <span class='ocrx_word' id='word_1_99' title='bbox 1503 1257 1614 1307; x_wconf 90' lang='grc' dir='ltr'>μοι.</span> <span class='ocrx_word' id='word_1_100' title='bbox 1648 1240 1740 1301; x_wconf 80' lang='grc' dir='ltr'>Είς</span> <span class='ocrx_word' id='word_1_101' title='bbox 1769 1240 1860 1292; x_wconf 72' lang='grc' dir='ltr'>τὸν</span> <span class='ocrx_word' id='word_1_102' title='bbox 1888 1241 2060 1294; x_wconf 77' lang='grc' dir='ltr'>αἰῶνα</span> <span class='ocrx_word' id='word_1_103' title='bbox 2085 1240 2160 1308; x_wconf 83' lang='grc' dir='ltr'>μὴ</span> 
     </span>
    </p>
   </div>
   <div class='ocr_carea' id='block_1_15' title="bbox 593 1331 2161 1402">
    <p class='ocr_par' dir='ltr' id='par_1_15' title="bbox 593 1331 2161 1402">
     <span class='ocr_line' id='line_1_15' title="bbox 593 1331 2161 1402; baseline -0.001 -18"><span class='ocrx_word' id='word_1_104' title='bbox 593 1334 835 1399; x_wconf 82' lang='grc' dir='ltr'>γένοιτο.</span> <span class='ocrx_word' id='word_1_105' title='bbox 870 1332 1147 1402; x_wconf 79' lang='grc' dir='ltr'>Μάρτυρα</span> <span class='ocrx_word' id='word_1_106' title='bbox 1174 1333 1395 1401; x_wconf 80' lang='grc' dir='ltr'>χρῶμαι</span> <span class='ocrx_word' id='word_1_107' title='bbox 1424 1332 1515 1383; x_wconf 82' lang='grc' dir='ltr'><strong>τὸν</strong></span> <span class='ocrx_word' id='word_1_108' title='bbox 1543 1331 1674 1383; x_wconf 67' lang='grc' dir='ltr'>Θεὸν</span> <span class='ocrx_word' id='word_1_109' title='bbox 1707 1331 1799 1383; x_wconf 71' lang='grc' dir='ltr'><strong>καὶ</strong></span> <span class='ocrx_word' id='word_1_110' title='bbox 1827 1332 1953 1392; x_wconf 80' lang='grc' dir='ltr'>τοὺς</span> <span class='ocrx_word' id='word_1_111' title='bbox 1995 1332 2161 1398; x_wconf 84' lang='grc' dir='ltr'>ἀγγέ-</span> 
     </span>
    </p>
   </div>
   <div class='ocr_carea' id='block_1_16' title="bbox 592 1421 2159 1492">
    <p class='ocr_par' dir='ltr' id='par_1_16' title="bbox 592 1421 2159 1492">
     <span class='ocr_line' id='line_1_16' title="bbox 592 1421 2159 1492; baseline 0.001 -19"><span class='ocrx_word' id='word_1_112' title='bbox 592 1426 719 1479; x_wconf 82' lang='grc' dir='ltr'>λους</span> <span class='ocrx_word' id='word_1_113' title='bbox 744 1423 871 1485; x_wconf 64' lang='grc' dir='ltr'>τοὺς</span> <span class='ocrx_word' id='word_1_114' title='bbox 900 1424 1147 1492; x_wconf 86' lang='grc' dir='ltr'>ἀοράτως</span> <span class='ocrx_word' id='word_1_115' title='bbox 1184 1424 1634 1492; x_wconf 81' lang='grc' dir='ltr'>παρισταμένους</span> <span class='ocrx_word' id='word_1_116' title='bbox 1666 1440 1775 1492; x_wconf 86' lang='grc' dir='ltr'>μοι.</span> <span class='ocrx_word' id='word_1_117' title='bbox 1816 1421 1879 1474; x_wconf 75' lang='lat' dir='ltr'><strong>Et</strong></span> <span class='ocrx_word' id='word_1_118' title='bbox 1915 1421 1970 1475; x_wconf 73' lang='grc' dir='ltr'>δέ</span> <span class='ocrx_word' id='word_1_119' title='bbox 1997 1423 2046 1475; x_wconf 87' lang='grc' dir='ltr'>οί</span> <span class='ocrx_word' id='word_1_120' title='bbox 2069 1440 2159 1474; x_wconf 83' lang='grc' dir='ltr'>συ-</span> 
     </span>
    </p>
   </div>
   <div class='ocr_carea' id='block_1_17' title="bbox 593 1513 2161 1584">
    <p class='ocr_par' dir='ltr' id='par_1_17' title="bbox 593 1513 2161 1584">
     <span class='ocr_line' id='line_1_17' title="bbox 593 1513 2161 1584; baseline 0.003 -22"><span class='ocrx_word' id='word_1_121' title='bbox 593 1513 1035 1583; x_wconf 65' lang='grc' dir='ltr'>γοφαντήσαντές</span> <span class='ocrx_word' id='word_1_122' title='bbox 1061 1530 1127 1583; x_wconf 89' lang='grc' dir='ltr'><strong>με</strong></span> <span class='ocrx_word' id='word_1_123' title='bbox 1159 1517 1269 1575; x_wconf 80' lang='grc' dir='ltr'>τοῖς</span> <span class='ocrx_word' id='word_1_124' title='bbox 1317 1514 1420 1568; x_wconf 74' lang='grc' dir='ltr'><strong>ὠσὶ</strong></span> <span class='ocrx_word' id='word_1_125' title='bbox 1448 1515 1542 1566; x_wconf 78' lang='grc' dir='ltr'>τοῦ</span> <span class='ocrx_word' id='word_1_126' title='bbox 1603 1513 1868 1584; x_wconf 86' lang='grc' dir='ltr'>βασιλέως</span> <span class='ocrx_word' id='word_1_127' title='bbox 1903 1531 2004 1584; x_wconf 89' lang='grc' dir='ltr'><strong>μου</strong></span> <span class='ocrx_word' id='word_1_128' title='bbox 2036 1515 2161 1566; x_wconf 84' lang='grc' dir='ltr'>ἐϐά-</span> 
     </span>
    </p>
   </div>
   <div class='ocr_carea' id='block_1_18' title="bbox 595 1606 2159 1676">
    <p class='ocr_par' dir='ltr' id='par_1_18' title="bbox 595 1606 2159 1676">
     <span class='ocr_line' id='line_1_18' title="bbox 595 1606 2159 1676; baseline 0 -19"><span class='ocrx_word' id='word_1_129' title='bbox 595 1606 955 1676; x_wconf 71' lang='grc' dir='ltr'>ρυνανψεύδη</span> <span class='ocrx_word' id='word_1_130' title='bbox 986 1606 1110 1658; x_wconf 81' lang='grc' dir='ltr'>κατ’</span> <span class='ocrx_word' id='word_1_131' title='bbox 1153 1606 1289 1674; x_wconf 80' lang='grc' dir='ltr'>ἐμοῦ</span> <span class='ocrx_word' id='word_1_132' title='bbox 1348 1606 1443 1659; x_wconf 84' lang='grc' dir='ltr'><strong>τοῦ</strong></span> <span class='ocrx_word' id='word_1_133' title='bbox 1474 1606 1666 1659; x_wconf 82' lang='grc' dir='ltr'>δούλου</span> <span class='ocrx_word' id='word_1_134' title='bbox 1717 1606 1906 1671; x_wconf 85' lang='grc' dir='ltr'>αὐτοῦ,</span> <span class='ocrx_word' id='word_1_135' title='bbox 1961 1606 2055 1658; x_wconf 80' lang='grc' dir='ltr'>καὶ</span> <span class='ocrx_word' id='word_1_136' title='bbox 2109 1606 2159 1657; x_wconf 89' lang='grc' dir='ltr'><strong>εἰ</strong></span> 
     </span>
    </p>
   </div>
   <div class='ocr_carea' id='block_1_19' title="bbox 587 1697 2159 1788">
    <p class='ocr_par' dir='ltr' id='par_1_19' title="bbox 587 1697 2159 1788">
     <span class='ocr_line' id='line_1_19' title="bbox 587 1697 2159 1788; baseline 0 -39"><span class='ocrx_word' id='word_1_137' title='bbox 587 1698 654 1749; x_wconf 83' lang='grc' dir='ltr'>οὐ</span> <span class='ocrx_word' id='word_1_138' title='bbox 680 1697 968 1751; x_wconf 75' lang='grc' dir='ltr'>πιστεύετέ</span> <span class='ocrx_word' id='word_1_139' title='bbox 1006 1715 1118 1767; x_wconf 91' lang='grc' dir='ltr'>μοι,</span> <span class='ocrx_word' id='word_1_140' title='bbox 1152 1698 1252 1751; x_wconf 80' lang='grc' dir='ltr'><strong>οὐκ</strong></span> <span class='ocrx_word' id='word_1_141' title='bbox 1282 1697 1389 1767; x_wconf 76' lang='grc' dir='ltr'><strong>ἔχω</strong></span> <span class='ocrx_word' id='word_1_142' title='bbox 1415 1698 1466 1751; x_wconf 82' lang='grc' dir='ltr'>τί</span> <span class='ocrx_word' id='word_1_143' title='bbox 1501 1700 1719 1788; x_wconf 71' lang='grc' dir='ltr'>λέγεινὶ</span> <span class='ocrx_word' id='word_1_144' title='bbox 1738 1699 1809 1751; x_wconf 82' lang='grc' dir='ltr'><strong>Ἦ</strong></span> <span class='ocrx_word' id='word_1_145' title='bbox 1831 1700 1927 1788; x_wconf 56' lang='grc' dir='ltr'>τίς</span> <span class='ocrx_word' id='word_1_146' title='bbox 1975 1698 2159 1751; x_wconf 77' lang='grc' dir='ltr'>ἔσεταί</span> 
     </span>
    </p>
   </div>
   <div class='ocr_carea' id='block_1_20' title="bbox 596 1781 2159 1858">
    <p class='ocr_par' dir='ltr' id='par_1_20' title="bbox 596 1781 2159 1858">
     <span class='ocr_line' id='line_1_20' title="bbox 596 1781 2159 1858; baseline 0.002 -20"><span class='ocrx_word' id='word_1_147' title='bbox 596 1801 685 1854; x_wconf 88' lang='grc' dir='ltr'><strong>μοι</strong></span> <span class='ocrx_word' id='word_1_148' title='bbox 724 1787 937 1855; x_wconf 85' lang='grc' dir='ltr'><strong>μάρτυς</strong></span> <span class='ocrx_word' id='word_1_149' title='bbox 958 1788 1056 1855; x_wconf 83' lang='grc' dir='ltr'><strong>τῆς</strong></span> <span class='ocrx_word' id='word_1_150' title='bbox 1088 1786 1356 1855; x_wconf 78' lang='grc' dir='ltr'><strong>ἀληθείας</strong></span> <span class='ocrx_word' id='word_1_151' title='bbox 1384 1802 1530 1854; x_wconf 76' lang='grc' dir='ltr'>μους</span> <span class='ocrx_word' id='word_1_152' title='bbox 1569 1787 1632 1840; x_wconf 88' lang='grc' dir='ltr'>Εί</span> <span class='ocrx_word' id='word_1_153' title='bbox 1671 1781 1767 1858; x_wconf 42' lang='lat' dir='ltr'><strong>pii},</strong></span> <span class='ocrx_word' id='word_1_154' title='bbox 1825 1781 1870 1841; x_wconf 81' lang='grc' dir='ltr'><strong>ὦ</strong></span> <span class='ocrx_word' id='word_1_155' title='bbox 1923 1787 2159 1841; x_wconf 83' lang='grc' dir='ltr'>δέσποτά</span> 
     </span>
    </p>
   </div>
   <div class='ocr_carea' id='block_1_21' title="bbox 573 1876 2195 1948">
    <p class='ocr_par' dir='ltr' id='par_1_21' title="bbox 573 1876 2195 1948">
     <span class='ocr_line' id='line_1_21' title="bbox 573 1876 2195 1948; baseline 0.001 -19"><span class='ocrx_word' id='word_1_156' title='bbox 573 1888 721 1943; x_wconf 76' lang='grc' dir='ltr'>μου,</span> <span class='ocrx_word' id='word_1_157' title='bbox 757 1876 953 1943; x_wconf 82' lang='grc' dir='ltr'>δέομαί</span> <span class='ocrx_word' id='word_1_158' title='bbox 984 1892 1102 1941; x_wconf 91' lang='grc' dir='ltr'>σου,</span> <span class='ocrx_word' id='word_1_159' title='bbox 1132 1878 1363 1943; x_wconf 85' lang='grc' dir='ltr'>ποίησόν</span> <span class='ocrx_word' id='word_1_160' title='bbox 1392 1894 1483 1943; x_wconf 87' lang='grc' dir='ltr'><strong>μοι</strong></span> <span class='ocrx_word' id='word_1_161' title='bbox 1515 1879 1697 1947; x_wconf 81' lang='grc' dir='ltr'><strong>χάριν.</strong></span> <span class='ocrx_word' id='word_1_162' title='bbox 1732 1878 1904 1932; x_wconf 82' lang='grc' dir='ltr'>Βάλον</span> <span class='ocrx_word' id='word_1_163' title='bbox 1941 1878 2160 1948; x_wconf 79' lang='grc' dir='ltr'>σίδηρον</span> <span class='ocrx_word' id='word_1_164' title='bbox 2192 1900 2195 1901; x_wconf 49' lang='grc' dir='ltr'><strong>ν</strong></span> 
     </span>
    </p>
   </div>
   <div class='ocr_carea' id='block_1_22' title="bbox 592 1969 2160 2040">
    <p class='ocr_par' dir='ltr' id='par_1_22' title="bbox 592 1969 2160 2040">
     <span class='ocr_line' id='line_1_22' title="bbox 592 1969 2160 2040; baseline 0.002 -20"><span class='ocrx_word' id='word_1_165' title='bbox 592 1971 651 2021; x_wconf 90' lang='grc' dir='ltr'>ἐν</span> <span class='ocrx_word' id='word_1_166' title='bbox 682 1972 749 2038; x_wconf 84' lang='grc' dir='ltr'>τῇ</span> <span class='ocrx_word' id='word_1_167' title='bbox 780 1969 944 2036; x_wconf 73' lang='grc' dir='ltr'>φλογὶ</span> <span class='ocrx_word' id='word_1_168' title='bbox 975 1970 1075 2037; x_wconf 81' lang='grc' dir='ltr'><strong>τῆς</strong></span> <span class='ocrx_word' id='word_1_169' title='bbox 1130 1971 1389 2036; x_wconf 85' lang='grc' dir='ltr'>καμίνου,</span> <span class='ocrx_word' id='word_1_170' title='bbox 1432 1972 1528 2023; x_wconf 79' lang='grc' dir='ltr'>καὶ</span> <span class='ocrx_word' id='word_1_171' title='bbox 1571 1970 1734 2023; x_wconf 78' lang='grc' dir='ltr'>ἔασον</span> <span class='ocrx_word' id='word_1_172' title='bbox 1786 1971 1952 2024; x_wconf 83' lang='grc' dir='ltr'>αὑτὸν</span> <span class='ocrx_word' id='word_1_173' title='bbox 1992 1972 2160 2040; x_wconf 85' lang='grc' dir='ltr'>ὑπερ-</span> 
     </span>
    </p>
   </div>
   <div class='ocr_carea' id='block_1_23' title="bbox 597 2060 2161 2132">
    <p class='ocr_par' dir='ltr' id='par_1_23' title="bbox 597 2060 2161 2132">
     <span class='ocr_line' id='line_1_23' title="bbox 597 2060 2161 2132; baseline 0.003 -21"><span class='ocrx_word' id='word_1_174' title='bbox 597 2060 812 2128; x_wconf 78' lang='grc' dir='ltr'>μέτρως</span> <span class='ocrx_word' id='word_1_175' title='bbox 844 2061 1131 2127; x_wconf 83' lang='grc' dir='ltr'>ἐκκαῆναι,</span> <span class='ocrx_word' id='word_1_176' title='bbox 1171 2062 1263 2114; x_wconf 78' lang='grc' dir='ltr'>καὶ</span> <span class='ocrx_word' id='word_1_177' title='bbox 1294 2062 1491 2132; x_wconf 84' lang='grc' dir='ltr'>φέρετέ</span> <span class='ocrx_word' id='word_1_178' title='bbox 1526 2079 1615 2131; x_wconf 88' lang='grc' dir='ltr'><strong>μοι</strong></span> <span class='ocrx_word' id='word_1_179' title='bbox 1648 2062 1827 2126; x_wconf 72' lang='grc' dir='ltr'>αὑτὸν,</span> <span class='ocrx_word' id='word_1_180' title='bbox 1859 2062 1955 2115; x_wconf 72' lang='grc' dir='ltr'>καὶ</span> <span class='ocrx_word' id='word_1_181' title='bbox 1980 2063 2161 2116; x_wconf 88' lang='grc' dir='ltr'>πιάσω</span> 
     </span>
    </p>
   </div>
   <div class='ocr_carea' id='block_1_24' title="bbox 592 2151 2160 2222">
    <p class='ocr_par' dir='ltr' id='par_1_24' title="bbox 592 2151 2160 2222">
     <span class='ocr_line' id='line_1_24' title="bbox 592 2151 2160 2222; baseline 0.001 -19"><span class='ocrx_word' id='word_1_182' title='bbox 592 2153 710 2213; x_wconf 84' lang='grc' dir='ltr'>ταῖς</span> <span class='ocrx_word' id='word_1_183' title='bbox 734 2151 888 2221; x_wconf 80' lang='grc' dir='ltr'>χερσί</span> <span class='ocrx_word' id='word_1_184' title='bbox 924 2168 1050 2217; x_wconf 89' lang='grc' dir='ltr'>μου,</span> <span class='ocrx_word' id='word_1_185' title='bbox 1080 2153 1172 2204; x_wconf 81' lang='grc' dir='ltr'>καὶ</span> <span class='ocrx_word' id='word_1_186' title='bbox 1199 2151 1483 2222; x_wconf 73' lang='grc' dir='ltr'>ἄνθρακας</span> <span class='ocrx_word' id='word_1_187' title='bbox 1505 2152 1677 2222; x_wconf 77' lang='grc' dir='ltr'>πυρὸς</span> <span class='ocrx_word' id='word_1_188' title='bbox 1708 2152 1763 2220; x_wconf 83' lang='lat'><strong><em>9</em></strong></span> <span class='ocrx_word' id='word_1_189' title='bbox 1811 2153 1905 2204; x_wconf 79' lang='grc' dir='ltr'>ἐπὶ</span> <span class='ocrx_word' id='word_1_190' title='bbox 1938 2152 1999 2205; x_wconf 82' lang='grc' dir='ltr'>τὸ</span> <span class='ocrx_word' id='word_1_191' title='bbox 2026 2155 2160 2220; x_wconf 77' lang='grc' dir='ltr'><strong>στῆ-</strong></span> 
     </span>
    </p>
   </div>
   <div class='ocr_carea' id='block_1_25' title="bbox 592 2243 2162 2312">
    <p class='ocr_par' dir='ltr' id='par_1_25' title="bbox 592 2243 2162 2312">
     <span class='ocr_line' id='line_1_25' title="bbox 592 2243 2162 2312; baseline 0.001 -18"><span class='ocrx_word' id='word_1_192' title='bbox 592 2244 683 2305; x_wconf 90' lang='grc' dir='ltr'><strong>θός</strong></span> <span class='ocrx_word' id='word_1_193' title='bbox 727 2260 827 2311; x_wconf 88' lang='grc' dir='ltr'><strong>μου</strong></span> <span class='ocrx_word' id='word_1_194' title='bbox 861 2243 1119 2312; x_wconf 79' lang='grc' dir='ltr'>θέλξομαι</span> <span class='ocrx_word' id='word_1_195' title='bbox 1144 2259 1157 2273; x_wconf 79' lang='grc'><strong><em>⁸</em></strong></span> <span class='ocrx_word' id='word_1_196' title='bbox 1191 2246 1284 2296; x_wconf 74' lang='grc' dir='ltr'>καὶ</span> <span class='ocrx_word' id='word_1_197' title='bbox 1313 2243 1518 2307; x_wconf 73' lang='grc' dir='ltr'>ἐλπίζω</span> <span class='ocrx_word' id='word_1_198' title='bbox 1546 2245 1625 2304; x_wconf 82' lang='grc' dir='ltr'><strong>εἰς</strong></span> <span class='ocrx_word' id='word_1_199' title='bbox 1656 2246 1747 2296; x_wconf 79' lang='grc' dir='ltr'>τὸν</span> <span class='ocrx_word' id='word_1_200' title='bbox 1788 2244 1919 2297; x_wconf 72' lang='grc' dir='ltr'>Θεὸν</span> <span class='ocrx_word' id='word_1_201' title='bbox 1949 2247 2040 2297; x_wconf 74' lang='grc' dir='ltr'><strong>τὸν</strong></span> <span class='ocrx_word' id='word_1_202' title='bbox 2071 2245 2162 2296; x_wconf 84' lang='grc' dir='ltr'>λυ-</span> 
     </span>
    </p>
   </div>
   <div class='ocr_carea' id='block_1_26' title="bbox 589 2332 2160 2404">
    <p class='ocr_par' dir='ltr' id='par_1_26' title="bbox 589 2332 2160 2404">
     <span class='ocr_line' id='line_1_26' title="bbox 589 2332 2160 2404; baseline 0.003 -21"><span class='ocrx_word' id='word_1_203' title='bbox 589 2332 881 2401; x_wconf 82' lang='grc' dir='ltr'>τρώσαντα</span> <span class='ocrx_word' id='word_1_204' title='bbox 927 2334 1053 2393; x_wconf 79' lang='grc' dir='ltr'>τοὺς</span> <span class='ocrx_word' id='word_1_205' title='bbox 1111 2336 1258 2401; x_wconf 80' lang='grc' dir='ltr'>τρεῖς</span> <span class='ocrx_word' id='word_1_206' title='bbox 1292 2336 1491 2396; x_wconf 79' lang='grc' dir='ltr'>παῖδας</span> <span class='ocrx_word' id='word_1_207' title='bbox 1544 2336 1607 2386; x_wconf 88' lang='grc' dir='ltr'><strong>ἐκ</strong></span> <span class='ocrx_word' id='word_1_208' title='bbox 1657 2335 1755 2403; x_wconf 76' lang='grc' dir='ltr'><strong>τῆς</strong></span> <span class='ocrx_word' id='word_1_209' title='bbox 1809 2334 2006 2402; x_wconf 67' lang='grc' dir='ltr'>φλογὸς</span> <span class='ocrx_word' id='word_1_210' title='bbox 2062 2338 2160 2404; x_wconf 85' lang='grc' dir='ltr'><strong>τῆς</strong></span> 
     </span>
    </p>
   </div>
   <div class='ocr_carea' id='block_1_27' title="bbox 590 2423 2161 2491">
    <p class='ocr_par' dir='ltr' id='par_1_27' title="bbox 590 2423 2161 2491">
     <span class='ocr_line' id='line_1_27' title="bbox 590 2423 2161 2491; baseline 0.003 -18"><span class='ocrx_word' id='word_1_211' title='bbox 590 2424 832 2488; x_wconf 78' lang='grc' dir='ltr'>καμίνου</span> <span class='ocrx_word' id='word_1_212' title='bbox 862 2438 875 2451; x_wconf 87' lang='grc'><strong>·</strong></span> <span class='ocrx_word' id='word_1_213' title='bbox 904 2424 1001 2475; x_wconf 76' lang='grc' dir='ltr'>καὶ</span> <span class='ocrx_word' id='word_1_214' title='bbox 1041 2425 1070 2474; x_wconf 95' lang='lat'><strong>6</strong></span> <span class='ocrx_word' id='word_1_215' title='bbox 1099 2423 1401 2485; x_wconf 87' lang='grc' dir='ltr'>ἀλάθαστος</span> <span class='ocrx_word' id='word_1_216' title='bbox 1436 2423 1527 2475; x_wconf 80' lang='grc' dir='ltr'>καὶ</span> <span class='ocrx_word' id='word_1_217' title='bbox 1556 2424 1583 2475; x_wconf 97' lang='lat'><strong>6</strong></span> <span class='ocrx_word' id='word_1_218' title='bbox 1622 2424 1921 2491; x_wconf 84' lang='grc' dir='ltr'>ἀκοίμητος</span> <span class='ocrx_word' id='word_1_219' title='bbox 1952 2426 2161 2489; x_wconf 79' lang='grc' dir='ltr'>ἐκεῖνος</span> 
     </span>
    </p>
   </div>
   <div class='ocr_carea' id='block_1_28' title="bbox 588 2513 2161 2585">
    <p class='ocr_par' dir='ltr' id='par_1_28' title="bbox 588 2513 2161 2585">
     <span class='ocr_line' id='line_1_28' title="bbox 588 2513 2161 2585; baseline 0.011 -22"><span class='ocrx_word' id='word_1_220' title='bbox 588 2513 893 2582; x_wconf 66' lang='grc' dir='ltr'>ὀφθαλμὸς,</span> <span class='ocrx_word' id='word_1_221' title='bbox 929 2514 956 2565; x_wconf 92' lang='lat'><strong>6</strong></span> <span class='ocrx_word' id='word_1_222' title='bbox 986 2514 1223 2581; x_wconf 79' lang='grc' dir='ltr'>ἐρευνῶν</span> <span class='ocrx_word' id='word_1_223' title='bbox 1278 2514 1507 2583; x_wconf 83' lang='grc' dir='ltr'>καρδίας</span> <span class='ocrx_word' id='word_1_224' title='bbox 1552 2516 1649 2567; x_wconf 67' lang='grc' dir='ltr'>καὶ</span> <span class='ocrx_word' id='word_1_225' title='bbox 1693 2518 1945 2585; x_wconf 71' lang='grc' dir='ltr'>νεφροὺς,</span> <span class='ocrx_word' id='word_1_226' title='bbox 2004 2517 2161 2580; x_wconf 76' lang='grc' dir='ltr'>εἰδὼς</span> 
     </span>
    </p>
   </div>
   <div class='ocr_carea' id='block_1_29' title="bbox 589 2601 2159 2675">
    <p class='ocr_par' dir='ltr' id='par_1_29' title="bbox 589 2601 2159 2675">
     <span class='ocr_line' id='line_1_29' title="bbox 589 2601 2159 2675; baseline 0.003 -20"><span class='ocrx_word' id='word_1_227' title='bbox 589 2604 675 2656; x_wconf 86' lang='grc' dir='ltr'><strong>δτι</strong></span> <span class='ocrx_word' id='word_1_228' title='bbox 704 2603 825 2656; x_wconf 76' lang='grc' dir='ltr'>οὔτε</span> <span class='ocrx_word' id='word_1_229' title='bbox 858 2604 1201 2673; x_wconf 76' lang='grc' dir='ltr'>ἐνεθυμήθην</span> <span class='ocrx_word' id='word_1_230' title='bbox 1231 2603 1356 2655; x_wconf 73' lang='grc' dir='ltr'>οὗτε</span> <span class='ocrx_word' id='word_1_231' title='bbox 1388 2606 1726 2674; x_wconf 74' lang='grc' dir='ltr'>ἐλογισάμην</span> <span class='ocrx_word' id='word_1_232' title='bbox 1776 2606 1907 2673; x_wconf 72' lang='grc' dir='ltr'>περὶ</span> <span class='ocrx_word' id='word_1_233' title='bbox 1958 2601 2033 2659; x_wconf 80' lang='grc' dir='ltr'>ὦν</span> <span class='ocrx_word' id='word_1_234' title='bbox 2090 2625 2159 2675; x_wconf 81' lang='grc' dir='ltr'><strong>με</strong></span> 
     </span>
    </p>
   </div>
   <div class='ocr_carea' id='block_1_30' title="bbox 590 2696 2162 2767">
    <p class='ocr_par' dir='ltr' id='par_1_30' title="bbox 590 2696 2162 2767">
     <span class='ocr_line' id='line_1_30' title="bbox 590 2696 2162 2767; baseline 0.002 -21"><span class='ocrx_word' id='word_1_235' title='bbox 590 2696 823 2764; x_wconf 75' lang='grc' dir='ltr'>ἐρωτᾷς,</span> <span class='ocrx_word' id='word_1_236' title='bbox 862 2696 1090 2764; x_wconf 80' lang='grc' dir='ltr'>φυλάξει</span> <span class='ocrx_word' id='word_1_237' title='bbox 1128 2714 1217 2764; x_wconf 79' lang='grc' dir='ltr'><strong>με,</strong></span> <span class='ocrx_word' id='word_1_238' title='bbox 1256 2696 1511 2765; x_wconf 77' lang='grc' dir='ltr'>εἰτύχοι,</span> <span class='ocrx_word' id='word_1_239' title='bbox 1545 2697 1753 2767; x_wconf 82' lang='grc' dir='ltr'>ἀϐλαϐῆ</span> <span class='ocrx_word' id='word_1_240' title='bbox 1806 2700 1868 2749; x_wconf 82' lang='grc' dir='ltr'>ἐκ</span> <span class='ocrx_word' id='word_1_241' title='bbox 1923 2698 2019 2751; x_wconf 82' lang='grc' dir='ltr'>τοῦ</span> <span class='ocrx_word' id='word_1_242' title='bbox 2057 2715 2162 2749; x_wconf 84' lang='grc' dir='ltr'><strong>πυ⁴</strong></span> 
     </span>
    </p>
   </div>
   <div class='ocr_carea' id='block_1_31' title="bbox 592 2787 2155 2858">
    <p class='ocr_par' dir='ltr' id='par_1_31' title="bbox 592 2787 2155 2858">
     <span class='ocr_line' id='line_1_31' title="bbox 592 2787 2155 2858; baseline 0.003 -21"><span class='ocrx_word' id='word_1_243' title='bbox 592 2787 699 2855; x_wconf 80' lang='grc' dir='ltr'><strong>ρδς</strong></span> <span class='ocrx_word' id='word_1_244' title='bbox 725 2787 820 2839; x_wconf 80' lang='grc' dir='ltr'><strong>τοῦ</strong></span> <span class='ocrx_word' id='word_1_245' title='bbox 854 2790 1172 2857; x_wconf 83' lang='grc' dir='ltr'>καιομένου.</span> <span class='ocrx_word' id='word_1_246' title='bbox 1217 2806 1234 2839; x_wconf 80' lang='grc' dir='ltr'><strong>ι</strong></span> <span class='ocrx_word' id='word_1_247' title='bbox 1270 2789 1436 2857; x_wconf 83' lang='grc' dir='ltr'>Λέγει</span> <span class='ocrx_word' id='word_1_248' title='bbox 1466 2787 1524 2840; x_wconf 83' lang='grc' dir='ltr'>δὲ</span> <span class='ocrx_word' id='word_1_249' title='bbox 1568 2788 1719 2858; x_wconf 82' lang='grc' dir='ltr'>αὐτῷ</span> <span class='ocrx_word' id='word_1_250' title='bbox 1754 2791 1780 2841; x_wconf 93' lang='lat'><strong>6</strong></span> <span class='ocrx_word' id='word_1_251' title='bbox 1812 2790 2111 2852; x_wconf 76' lang='grc' dir='ltr'>ἐπίσκοπος</span> <span class='ocrx_word' id='word_1_252' title='bbox 2140 2805 2155 2821; x_wconf 89' lang='grc'><strong>·</strong></span> 
     </span>
    </p>
   </div>
   <div class='ocr_carea' id='block_1_32' title="bbox 596 2877 2160 2952">
    <p class='ocr_par' dir='ltr' id='par_1_32' title="bbox 596 2877 2160 2952">
     <span class='ocr_line' id='line_1_32' title="bbox 596 2877 2160 2952; baseline 0.004 -24"><span class='ocrx_word' id='word_1_253' title='bbox 596 2896 615 2928; x_wconf 73' lang='grc' dir='ltr'><strong>ι</strong></span> <span class='ocrx_word' id='word_1_254' title='bbox 657 2878 781 2940; x_wconf 82' lang='grc' dir='ltr'>Τοῖς</span> <span class='ocrx_word' id='word_1_255' title='bbox 817 2877 1115 2946; x_wconf 81' lang='grc' dir='ltr'>Ῥωμαίοις</span> <span class='ocrx_word' id='word_1_256' title='bbox 1143 2882 1235 2933; x_wconf 74' lang='grc' dir='ltr'>καὶ</span> <span class='ocrx_word' id='word_1_257' title='bbox 1273 2884 1386 2943; x_wconf 85' lang='grc' dir='ltr'>τοῖς</span> <span class='ocrx_word' id='word_1_258' title='bbox 1410 2883 1594 2950; x_wconf 73' lang='grc' dir='ltr'>σοφοῖς</span> <span class='ocrx_word' id='word_1_259' title='bbox 1625 2882 1882 2952; x_wconf 82' lang='grc' dir='ltr'>Ἕλλησιν</span> <span class='ocrx_word' id='word_1_260' title='bbox 1912 2882 2011 2934; x_wconf 85' lang='grc' dir='ltr'>οὐκ</span> <span class='ocrx_word' id='word_1_261' title='bbox 2043 2881 2160 2935; x_wconf 79' lang='grc' dir='ltr'>ἐστι</span> 
     </span>
    </p>
   </div>
   <div class='ocr_carea' id='block_1_33' title="bbox 2260 416 3714 489">
    <p class='ocr_par' dir='ltr' id='par_1_33' title="bbox 2260 416 3714 489">
     <span class='ocr_line' id='line_1_33' title="bbox 2260 416 3714 489; baseline 0 -16"><span class='ocrx_word' id='word_1_262' title='bbox 2260 423 2352 483; x_wconf 69' lang='grc' dir='ltr'>κὸς</span> <span class='ocrx_word' id='word_1_263' title='bbox 2383 424 2409 472; x_wconf 89' lang='lat'><strong>6</strong></span> <span class='ocrx_word' id='word_1_264' title='bbox 2444 422 2628 489; x_wconf 91' lang='grc' dir='ltr'>νόμος.</span> <span class='ocrx_word' id='word_1_265' title='bbox 2673 438 2689 470; x_wconf 81' lang='grc' dir='ltr'><strong>ι</strong></span> <span class='ocrx_word' id='word_1_266' title='bbox 2728 421 2896 486; x_wconf 72' lang='grc' dir='ltr'>Λέγει</span> <span class='ocrx_word' id='word_1_267' title='bbox 2926 418 2979 471; x_wconf 87' lang='grc' dir='ltr'>δὲ</span> <span class='ocrx_word' id='word_1_268' title='bbox 3006 416 3149 486; x_wconf 81' lang='grc' dir='ltr'>αὐτῷ</span> <span class='ocrx_word' id='word_1_269' title='bbox 3171 419 3198 469; x_wconf 91' lang='lat'><strong>6</strong></span> <span class='ocrx_word' id='word_1_270' title='bbox 3220 418 3476 487; x_wconf 82' lang='grc' dir='ltr'>Κομνηνός</span> <span class='ocrx_word' id='word_1_271' title='bbox 3496 436 3509 451; x_wconf 76' lang='grc' dir='ltr'><strong>ο</strong></span> <span class='ocrx_word' id='word_1_272' title='bbox 3543 422 3714 488; x_wconf 62' lang='grc' dir='ltr'>(Ἐπεὶ,</span> 
     </span>
    </p>
   </div>
   <div class='ocr_carea' id='block_1_34' title="bbox 2260 506 3781 580">
    <p class='ocr_par' dir='ltr' id='par_1_34' title="bbox 2260 506 3781 580">
     <span class='ocr_line' id='line_1_34' title="bbox 2260 506 3781 580; baseline -0.001 -14"><span class='ocrx_word' id='word_1_273' title='bbox 2260 514 2382 578; x_wconf 79' lang='grc' dir='ltr'>ἆγιε</span> <span class='ocrx_word' id='word_1_274' title='bbox 2423 512 2681 573; x_wconf 83' lang='grc' dir='ltr'>δέσποτα.</span> <span class='ocrx_word' id='word_1_275' title='bbox 2715 512 2814 563; x_wconf 82' lang='grc' dir='ltr'>οὐκ</span> <span class='ocrx_word' id='word_1_276' title='bbox 2836 511 2984 562; x_wconf 79' lang='grc' dir='ltr'>ἐστιν</span> <span class='ocrx_word' id='word_1_277' title='bbox 3021 508 3137 570; x_wconf 75' lang='grc' dir='ltr'>ἔθος</span> <span class='ocrx_word' id='word_1_278' title='bbox 3164 506 3278 560; x_wconf 73' lang='grc' dir='ltr'>οὔτε</span> <span class='ocrx_word' id='word_1_279' title='bbox 3308 511 3450 578; x_wconf 88' lang='grc' dir='ltr'>νόμος</span> <span class='ocrx_word' id='word_1_280' title='bbox 3486 511 3719 580; x_wconf 84' lang='grc' dir='ltr'>Ῥωμαίοις</span> <span class='ocrx_word' id='word_1_281' title='bbox 3778 518 3781 529; x_wconf 83' lang='lat'>‘</span> 
     </span>
    </p>
   </div>
   <div class='ocr_carea' id='block_1_35' title="bbox 2259 588 3719 672">
    <p class='ocr_par' dir='ltr' id='par_1_35' title="bbox 2259 588 3719 672">
     <span class='ocr_line' id='line_1_35' title="bbox 2259 588 3719 672; baseline -0.001 -14"><span class='ocrx_word' id='word_1_282' title='bbox 2259 605 2294 658; x_wconf 80' lang='grc' dir='ltr'>ἃ</span> <span class='ocrx_word' id='word_1_283' title='bbox 2323 601 2477 657; x_wconf 80' lang='grc' dir='ltr'>εἶπόν</span> <span class='ocrx_word' id='word_1_284' title='bbox 2508 621 2611 667; x_wconf 87' lang='grc' dir='ltr'>σοι,</span> <span class='ocrx_word' id='word_1_285' title='bbox 2646 602 2832 663; x_wconf 76' lang='grc' dir='ltr'>καθὼς</span> <span class='ocrx_word' id='word_1_286' title='bbox 2861 602 3065 669; x_wconf 81' lang='grc' dir='ltr'>λέγεις,</span> <span class='ocrx_word' id='word_1_287' title='bbox 3088 601 3217 654; x_wconf 84' lang='grc' dir='ltr'><strong>ἀλλά</strong></span> <span class='ocrx_word' id='word_1_288' title='bbox 3255 602 3353 653; x_wconf 86' lang='grc' dir='ltr'><strong>τῶν</strong></span> <span class='ocrx_word' id='word_1_289' title='bbox 3387 588 3630 672; x_wconf 80' lang='grc' dir='ltr'>βαρϐάρων</span> <span class='ocrx_word' id='word_1_290' title='bbox 3655 612 3719 657; x_wconf 74' lang='grc' dir='ltr'>καὶ</span> 
     </span>
    </p>
   </div>
   <div class='ocr_carea' id='block_1_36' title="bbox 2259 690 3716 762">
    <p class='ocr_par' dir='ltr' id='par_1_36' title="bbox 2259 690 3716 762">
     <span class='ocr_line' id='line_1_36' title="bbox 2259 690 3716 762; baseline -0.001 -16"><span class='ocrx_word' id='word_1_291' title='bbox 2259 695 2368 747; x_wconf 89' lang='grc' dir='ltr'><strong>τῶν</strong></span> <span class='ocrx_word' id='word_1_292' title='bbox 2392 694 2585 757; x_wconf 88' lang='grc' dir='ltr'>ἐθνῶν,</span> <span class='ocrx_word' id='word_1_293' title='bbox 2635 693 2790 756; x_wconf 88' lang='grc' dir='ltr'>κάγὼ</span> <span class='ocrx_word' id='word_1_294' title='bbox 2819 696 2882 762; x_wconf 81' lang='grc' dir='ltr'>τῇ</span> <span class='ocrx_word' id='word_1_295' title='bbox 2918 694 3101 762; x_wconf 87' lang='grc' dir='ltr'>χάριτι</span> <span class='ocrx_word' id='word_1_296' title='bbox 3128 690 3215 743; x_wconf 84' lang='grc' dir='ltr'><strong>τοῦ</strong></span> <span class='ocrx_word' id='word_1_297' title='bbox 3259 692 3474 759; x_wconf 78' lang='grc' dir='ltr'>Χριστοῦ</span> <span class='ocrx_word' id='word_1_298' title='bbox 3524 696 3716 757; x_wconf 69' lang='grc' dir='ltr'>ταπεινῖς</span> 
     </span>
    </p>
   </div>
   <div class='ocr_carea' id='block_1_37' title="bbox 2274 770 3719 854">
    <p class='ocr_par' dir='ltr' id='par_1_37' title="bbox 2274 770 3719 854">
     <span class='ocr_line' id='line_1_37' title="bbox 2274 770 3719 854; baseline -0.001 -16"><span class='ocrx_word' id='word_1_299' title='bbox 2274 786 2549 853; x_wconf 74' lang='grc' dir='ltr'>Ῥωμαῖός</span> <span class='ocrx_word' id='word_1_300' title='bbox 2584 786 2722 854; x_wconf 77' lang='grc' dir='ltr'>ειμι,</span> <span class='ocrx_word' id='word_1_301' title='bbox 2755 784 2851 836; x_wconf 83' lang='grc' dir='ltr'>καὶ</span> <span class='ocrx_word' id='word_1_302' title='bbox 2883 783 3210 852; x_wconf 83' lang='grc' dir='ltr'>ἀνακρίνατέ</span> <span class='ocrx_word' id='word_1_303' title='bbox 3262 770 3337 851; x_wconf 29' lang='grc' dir='ltr'>μεκ</span> <span class='ocrx_word' id='word_1_304' title='bbox 3366 783 3452 834; x_wconf 71' lang='grc' dir='ltr'>καὶ</span> <span class='ocrx_word' id='word_1_305' title='bbox 3490 783 3719 848; x_wconf 74' lang='grc' dir='ltr'>ἐξετάσατὲ</span> 
     </span>
    </p>
   </div>
   <div class='ocr_carea' id='block_1_38' title="bbox 2266 873 3722 946">
    <p class='ocr_par' dir='ltr' id='par_1_38' title="bbox 2266 873 3722 946">
     <span class='ocr_line' id='line_1_38' title="bbox 2266 873 3722 946; baseline 0 -19"><span class='ocrx_word' id='word_1_306' title='bbox 2266 894 2352 945; x_wconf 88' lang='grc' dir='ltr'><strong>με,</strong></span> <span class='ocrx_word' id='word_1_307' title='bbox 2382 878 2432 929; x_wconf 87' lang='grc' dir='ltr'><strong>εί</strong></span> <span class='ocrx_word' id='word_1_308' title='bbox 2466 880 2529 946; x_wconf 80' lang='grc' dir='ltr'><strong>τῇ</strong></span> <span class='ocrx_word' id='word_1_309' title='bbox 2578 875 2825 945; x_wconf 68' lang='grc' dir='ltr'>ὑμετέρᾳ</span> <span class='ocrx_word' id='word_1_310' title='bbox 2874 874 3036 943; x_wconf 85' lang='grc' dir='ltr'>βουλῇ</span> <span class='ocrx_word' id='word_1_311' title='bbox 3067 873 3288 941; x_wconf 85' lang='grc' dir='ltr'>ἀρεστόν</span> <span class='ocrx_word' id='word_1_312' title='bbox 3324 875 3449 934; x_wconf 80' lang='grc' dir='ltr'>ἐστι,</span> <span class='ocrx_word' id='word_1_313' title='bbox 3505 877 3620 927; x_wconf 85' lang='grc' dir='ltr'><strong>κατά</strong></span> <span class='ocrx_word' id='word_1_314' title='bbox 3663 878 3722 927; x_wconf 88' lang='grc' dir='ltr'>νό-</span> 
     </span>
    </p>
   </div>
   <div class='ocr_carea' id='block_1_39' title="bbox 2222 967 3723 1037">
    <p class='ocr_par' dir='ltr' id='par_1_39' title="bbox 2222 967 3723 1037">
     <span class='ocr_line' id='line_1_39' title="bbox 2222 967 3723 1037; baseline -0.003 -15"><span class='ocrx_word' id='word_1_315' title='bbox 2222 970 2229 975; x_wconf 71' lang='grc'><em>’</em></span> <span class='ocrx_word' id='word_1_316' title='bbox 2265 985 2397 1037; x_wconf 88' lang='grc' dir='ltr'>μους</span> <span class='ocrx_word' id='word_1_317' title='bbox 2437 969 2734 1036; x_wconf 86' lang='grc' dir='ltr'>Ῥωμαίων</span> <span class='ocrx_word' id='word_1_318' title='bbox 2761 971 2854 1021; x_wconf 75' lang='grc' dir='ltr'>καὶ</span> <span class='ocrx_word' id='word_1_319' title='bbox 2887 968 3006 1034; x_wconf 76' lang='grc' dir='ltr'>ἔθη.</span> <span class='ocrx_word' id='word_1_320' title='bbox 3046 968 3151 1020; x_wconf 66' lang='grc' dir='ltr'><strong>Καὶ</strong></span> <span class='ocrx_word' id='word_1_321' title='bbox 3176 969 3222 1018; x_wconf 84' lang='grc' dir='ltr'><strong>εί</strong></span> <span class='ocrx_word' id='word_1_322' title='bbox 3255 968 3346 1035; x_wconf 84' lang='grc' dir='ltr'>μέν</span> <span class='ocrx_word' id='word_1_323' title='bbox 3373 967 3581 1034; x_wconf 77' lang='grc' dir='ltr'>νομίμως</span> <span class='ocrx_word' id='word_1_324' title='bbox 3598 968 3723 1027; x_wconf 76' lang='grc' dir='ltr'>αἴτιος</span> 
     </span>
    </p>
   </div>
   <div class='ocr_carea' id='block_1_40' title="bbox 2262 1059 3720 1129">
    <p class='ocr_par' dir='ltr' id='par_1_40' title="bbox 2262 1059 3720 1129">
     <span class='ocr_line' id='line_1_40' title="bbox 2262 1059 3720 1129; baseline -0.002 -15"><span class='ocrx_word' id='word_1_325' title='bbox 2262 1061 2472 1129; x_wconf 79' lang='grc' dir='ltr'>εὑρεθῶ</span> <span class='ocrx_word' id='word_1_326' title='bbox 2507 1062 2829 1129; x_wconf 78' lang='grc' dir='ltr'>καταδίκης,</span> <span class='ocrx_word' id='word_1_327' title='bbox 2868 1062 3015 1123; x_wconf 76' lang='grc' dir='ltr'>ἔλεος</span> <span class='ocrx_word' id='word_1_328' title='bbox 3045 1060 3117 1128; x_wconf 79' lang='grc' dir='ltr'>μὴ</span> <span class='ocrx_word' id='word_1_329' title='bbox 3168 1059 3299 1111; x_wconf 79' lang='grc' dir='ltr'>ἔστω</span> <span class='ocrx_word' id='word_1_330' title='bbox 3332 1075 3449 1126; x_wconf 81' lang='grc' dir='ltr'>μοι·</span> <span class='ocrx_word' id='word_1_331' title='bbox 3502 1062 3543 1111; x_wconf 86' lang='grc' dir='ltr'><strong>εί</strong></span> <span class='ocrx_word' id='word_1_332' title='bbox 3569 1059 3613 1111; x_wconf 82' lang='grc' dir='ltr'>δέ</span> <span class='ocrx_word' id='word_1_333' title='bbox 3655 1063 3720 1111; x_wconf 67' lang='grc' dir='ltr'>καὶ</span> 
     </span>
    </p>
   </div>
   <div class='ocr_carea' id='block_1_41' title="bbox 2262 1148 3719 1223">
    <p class='ocr_par' dir='ltr' id='par_1_41' title="bbox 2262 1148 3719 1223">
     <span class='ocr_line' id='line_1_41' title="bbox 2262 1148 3719 1223; baseline -0.002 -19"><span class='ocrx_word' id='word_1_334' title='bbox 2262 1152 2506 1212; x_wconf 80' lang='grc' dir='ltr'>ἀναίτιος</span> <span class='ocrx_word' id='word_1_335' title='bbox 2533 1151 2682 1204; x_wconf 84' lang='grc' dir='ltr'><strong>κατά</strong></span> <span class='ocrx_word' id='word_1_336' title='bbox 2735 1154 2859 1213; x_wconf 67' lang='grc' dir='ltr'>τοὺς</span> <span class='ocrx_word' id='word_1_337' title='bbox 2891 1150 3094 1217; x_wconf 77' lang='grc' dir='ltr'>νόμους</span> <span class='ocrx_word' id='word_1_338' title='bbox 3148 1148 3321 1211; x_wconf 82' lang='grc' dir='ltr'>πάλιν,</span> <span class='ocrx_word' id='word_1_339' title='bbox 3360 1152 3425 1217; x_wconf 79' lang='grc' dir='ltr'>μή</span> <span class='ocrx_word' id='word_1_340' title='bbox 3459 1167 3535 1216; x_wconf 84' lang='grc' dir='ltr'><strong>μοι</strong></span> <span class='ocrx_word' id='word_1_341' title='bbox 3567 1150 3613 1201; x_wconf 79' lang='grc' dir='ltr'><strong>τδ</strong></span> <span class='ocrx_word' id='word_1_342' title='bbox 3637 1168 3719 1223; x_wconf 72' lang='grc' dir='ltr'>κρι-</span> 
     </span>
    </p>
   </div>
   <div class='ocr_carea' id='block_1_42' title="bbox 2261 1240 3720 1311">
    <p class='ocr_par' dir='ltr' id='par_1_42' title="bbox 2261 1240 3720 1311">
     <span class='ocr_line' id='line_1_42' title="bbox 2261 1240 3720 1311; baseline -0.003 -17"><span class='ocrx_word' id='word_1_343' title='bbox 2261 1244 2471 1309; x_wconf 81' lang='grc' dir='ltr'>τήριον,</span> <span class='ocrx_word' id='word_1_344' title='bbox 2497 1246 2590 1294; x_wconf 76' lang='grc' dir='ltr'><strong>καί⁵</strong></span> <span class='ocrx_word' id='word_1_345' title='bbox 2632 1244 2705 1311; x_wconf 79' lang='grc' dir='ltr'>μὴ</span> <span class='ocrx_word' id='word_1_346' title='bbox 2740 1242 2841 1310; x_wconf 76' lang='grc' dir='ltr'><strong>δρα</strong></span> <span class='ocrx_word' id='word_1_347' title='bbox 2876 1243 3002 1303; x_wconf 75' lang='grc' dir='ltr'>τοὺς</span> <span class='ocrx_word' id='word_1_348' title='bbox 3047 1240 3235 1307; x_wconf 78' lang='grc' dir='ltr'>λόγους</span> <span class='ocrx_word' id='word_1_349' title='bbox 3266 1240 3366 1292; x_wconf 84' lang='grc' dir='ltr'><strong>τῶν</strong></span> <span class='ocrx_word' id='word_1_350' title='bbox 3401 1242 3720 1305; x_wconf 66' lang='grc' dir='ltr'>συκοφαντούνο</span> 
     </span>
    </p>
   </div>
   <div class='ocr_carea' id='block_1_43' title="bbox 2260 1331 3719 1400">
    <p class='ocr_par' dir='ltr' id='par_1_43' title="bbox 2260 1331 3719 1400">
     <span class='ocr_line' id='line_1_43' title="bbox 2260 1331 3719 1400; baseline -0.001 -18"><span class='ocrx_word' id='word_1_351' title='bbox 2260 1348 2369 1383; x_wconf 88' lang='grc' dir='ltr'>των</span> <span class='ocrx_word' id='word_1_352' title='bbox 2410 1348 2475 1400; x_wconf 88' lang='grc' dir='ltr'><strong>με</strong></span> <span class='ocrx_word' id='word_1_353' title='bbox 2503 1331 2709 1393; x_wconf 81' lang='grc' dir='ltr'>ἀδίκως</span> <span class='ocrx_word' id='word_1_354' title='bbox 2744 1332 2843 1383; x_wconf 78' lang='grc' dir='ltr'>καὶ</span> <span class='ocrx_word' id='word_1_355' title='bbox 2880 1331 3209 1400; x_wconf 74' lang='grc' dir='ltr'>παραλόγως</span> <span class='ocrx_word' id='word_1_356' title='bbox 3238 1332 3413 1383; x_wconf 82' lang='grc' dir='ltr'>ἐνεκεν</span> <span class='ocrx_word' id='word_1_357' title='bbox 3454 1332 3618 1399; x_wconf 66' lang='grc' dir='ltr'>φθόνου</span> <span class='ocrx_word' id='word_1_358' title='bbox 3658 1332 3719 1381; x_wconf 71' lang='lat' dir='ltr'><strong>iul</strong></span> 
     </span>
    </p>
   </div>
   <div class='ocr_carea' id='block_1_44' title="bbox 2261 1424 3719 1495">
    <p class='ocr_par' dir='ltr' id='par_1_44' title="bbox 2261 1424 3719 1495">
     <span class='ocr_line' id='line_1_44' title="bbox 2261 1424 3719 1495; baseline -0.003 -18"><span class='ocrx_word' id='word_1_359' title='bbox 2261 1425 2460 1495; x_wconf 76' lang='grc' dir='ltr'>ἔριδος.</span> <span class='ocrx_word' id='word_1_360' title='bbox 2506 1444 2523 1476; x_wconf 80' lang='grc' dir='ltr'><strong>ι</strong></span> <span class='ocrx_word' id='word_1_361' title='bbox 2570 1426 2838 1489; x_wconf 79' lang='grc' dir='ltr'>Ἀκούσας</span> <span class='ocrx_word' id='word_1_362' title='bbox 2860 1426 2914 1477; x_wconf 90' lang='grc' dir='ltr'>δέ</span> <span class='ocrx_word' id='word_1_363' title='bbox 2938 1424 3112 1478; x_wconf 80' lang='grc' dir='ltr'>ταῦτα</span> <span class='ocrx_word' id='word_1_364' title='bbox 3140 1426 3168 1477; x_wconf 85' lang='grc' dir='ltr'><strong>ό</strong></span> <span class='ocrx_word' id='word_1_365' title='bbox 3188 1426 3465 1485; x_wconf 75' lang='grc' dir='ltr'>ἐπίσκοπος</span> <span class='ocrx_word' id='word_1_366' title='bbox 3500 1425 3719 1493; x_wconf 72' lang='grc' dir='ltr'>ἀναφέρειν</span> 
     </span>
    </p>
   </div>
   <div class='ocr_carea' id='block_1_45' title="bbox 2261 1513 3721 1586">
    <p class='ocr_par' dir='ltr' id='par_1_45' title="bbox 2261 1513 3721 1586">
     <span class='ocr_line' id='line_1_45' title="bbox 2261 1513 3721 1586; baseline -0.002 -18"><span class='ocrx_word' id='word_1_367' title='bbox 2261 1517 2385 1579; x_wconf 72' lang='grc' dir='ltr'>τοὺς</span> <span class='ocrx_word' id='word_1_368' title='bbox 2412 1515 2605 1583; x_wconf 84' lang='grc' dir='ltr'>λόγους</span> <span class='ocrx_word' id='word_1_369' title='bbox 2637 1516 2846 1578; x_wconf 81' lang='grc' dir='ltr'>πάντας</span> <span class='ocrx_word' id='word_1_370' title='bbox 2875 1515 2953 1586; x_wconf 83' lang='grc' dir='ltr'>τῷ</span> <span class='ocrx_word' id='word_1_371' title='bbox 2989 1516 3093 1585; x_wconf 79' lang='lat' dir='ltr'><strong>lo</strong></span> <span class='ocrx_word' id='word_1_372' title='bbox 3146 1516 3349 1584; x_wconf 82' lang='grc' dir='ltr'>βασιλεῖ</span> <span class='ocrx_word' id='word_1_373' title='bbox 3377 1516 3632 1581; x_wconf 77' lang='grc' dir='ltr'>πεποίηκε·</span> <span class='ocrx_word' id='word_1_374' title='bbox 3657 1513 3721 1567; x_wconf 68' lang='grc' dir='ltr'>καὶ</span> 
     </span>
    </p>
   </div>
   <div class='ocr_carea' id='block_1_46' title="bbox 2263 1607 3718 1677">
    <p class='ocr_par' dir='ltr' id='par_1_46' title="bbox 2263 1607 3718 1677">
     <span class='ocr_line' id='line_1_46' title="bbox 2263 1607 3718 1677; baseline 0 -18"><span class='ocrx_word' id='word_1_375' title='bbox 2263 1607 2431 1661; x_wconf 89' lang='grc' dir='ltr'>πάλιν</span> <span class='ocrx_word' id='word_1_376' title='bbox 2465 1608 2755 1674; x_wconf 86' lang='grc' dir='ltr'>ἀντέλεγον</span> <span class='ocrx_word' id='word_1_377' title='bbox 2779 1608 2829 1660; x_wconf 80' lang='lat' dir='ltr'><strong>oi</strong></span> <span class='ocrx_word' id='word_1_378' title='bbox 2862 1608 3105 1677; x_wconf 81' lang='grc' dir='ltr'>ἐλέγχειν</span> <span class='ocrx_word' id='word_1_379' title='bbox 3132 1608 3384 1677; x_wconf 79' lang='grc' dir='ltr'>ἑτέρωθεν</span> <span class='ocrx_word' id='word_1_380' title='bbox 3408 1607 3718 1675; x_wconf 80' lang='grc' dir='ltr'>προτείνοντες.</span> 
     </span>
    </p>
   </div>
   <div class='ocr_carea' id='block_1_47' title="bbox 2194 1668 3715 1766">
    <p class='ocr_par' dir='ltr' id='par_1_47' title="bbox 2194 1668 3715 1766">
     <span class='ocr_line' id='line_1_47' title="bbox 2194 1668 3715 1766; baseline 0.001 -22"><span class='ocrx_word' id='word_1_381' title='bbox 2194 1668 2237 1727; x_wconf 80' lang='grc' dir='ltr'><strong>Β</strong></span> <span class='ocrx_word' id='word_1_382' title='bbox 2276 1694 2415 1745; x_wconf 79' lang='grc' dir='ltr'>Ἀλλ’</span> <span class='ocrx_word' id='word_1_383' title='bbox 2450 1694 2551 1746; x_wconf 80' lang='grc' dir='ltr'><strong>οὐκ</strong></span> <span class='ocrx_word' id='word_1_384' title='bbox 2601 1668 2906 1763; x_wconf 73' lang='grc' dir='ltr'>ἐφάνησαν,</span> <span class='ocrx_word' id='word_1_385' title='bbox 2962 1668 3039 1758; x_wconf 47' lang='lat' dir='ltr'><strong>Li&quot;;</strong></span> <span class='ocrx_word' id='word_1_386' title='bbox 3092 1668 3314 1766; x_wconf 73' lang='grc' dir='ltr'>ἀληθεία</span> <span class='ocrx_word' id='word_1_387' title='bbox 3359 1668 3517 1749; x_wconf 48' lang='lat' dir='ltr'><strong>assist</strong></span> <span class='ocrx_word' id='word_1_388' title='bbox 3567 1696 3636 1746; x_wconf 79' lang='grc' dir='ltr'>και</span> <span class='ocrx_word' id='word_1_389' title='bbox 3669 1694 3715 1753; x_wconf 83' lang='grc' dir='ltr'>ὡς</span> 
     </span>
    </p>
   </div>
   <div class='ocr_carea' id='block_1_48' title="bbox 2260 1780 3757 1854">
    <p class='ocr_par' dir='ltr' id='par_1_48' title="bbox 2260 1780 3757 1854">
     <span class='ocr_line' id='line_1_48' title="bbox 2260 1780 3757 1854; baseline -0.003 -18"><span class='ocrx_word' id='word_1_390' title='bbox 2260 1783 2477 1852; x_wconf 77' lang='grc' dir='ltr'>ψευδεῖς</span> <span class='ocrx_word' id='word_1_391' title='bbox 2508 1785 2564 1836; x_wconf 82' lang='grc' dir='ltr'>αἱ</span> <span class='ocrx_word' id='word_1_392' title='bbox 2587 1785 2836 1837; x_wconf 78' lang='grc' dir='ltr'>διαϐολαὶ</span> <span class='ocrx_word' id='word_1_393' title='bbox 2868 1785 3079 1851; x_wconf 77' lang='grc' dir='ltr'>ἔδοξαν,</span> <span class='ocrx_word' id='word_1_394' title='bbox 3115 1788 3163 1838; x_wconf 84' lang='grc' dir='ltr'>εἰ</span> <span class='ocrx_word' id='word_1_395' title='bbox 3196 1788 3286 1838; x_wconf 73' lang='grc' dir='ltr'>καὶ</span> <span class='ocrx_word' id='word_1_396' title='bbox 3312 1785 3635 1854; x_wconf 81' lang='grc' dir='ltr'>σχεδιάσαντος</span> <span class='ocrx_word' id='word_1_397' title='bbox 3657 1780 3713 1833; x_wconf 71' lang='grc' dir='ltr'>τοῦ</span> <span class='ocrx_word' id='word_1_398' title='bbox 3754 1798 3757 1799; x_wconf 65' lang='lat'><strong><em>&#39;</em></strong></span> 
     </span>
    </p>
   </div>
   <div class='ocr_carea' id='block_1_49' title="bbox 2261 1869 3712 1946">
    <p class='ocr_par' dir='ltr' id='par_1_49' title="bbox 2261 1869 3712 1946">
     <span class='ocr_line' id='line_1_49' title="bbox 2261 1869 3712 1946; baseline 0.006 -20"><span class='ocrx_word' id='word_1_399' title='bbox 2261 1875 2456 1944; x_wconf 80' lang='grc' dir='ltr'>καιροῦ</span> <span class='ocrx_word' id='word_1_400' title='bbox 2485 1878 2580 1928; x_wconf 74' lang='grc' dir='ltr'>καὶ</span> <span class='ocrx_word' id='word_1_401' title='bbox 2614 1876 2789 1939; x_wconf 75' lang='grc' dir='ltr'>οὕτως</span> <span class='ocrx_word' id='word_1_402' title='bbox 2816 1869 2906 1944; x_wconf 79' lang='grc' dir='ltr'><strong>ἦν.</strong></span> <span class='ocrx_word' id='word_1_403' title='bbox 2944 1878 3138 1945; x_wconf 85' lang='grc' dir='ltr'>Ὅμως</span> <span class='ocrx_word' id='word_1_404' title='bbox 3168 1879 3195 1928; x_wconf 89' lang='lat'><strong>6</strong></span> <span class='ocrx_word' id='word_1_405' title='bbox 3226 1876 3464 1946; x_wconf 71' lang='grc' dir='ltr'>βασιλεὺς</span> <span class='ocrx_word' id='word_1_406' title='bbox 3488 1873 3712 1942; x_wconf 56' lang='grc' dir='ltr'>προτάξας</span> 
     </span>
    </p>
   </div>
   <div class='ocr_carea' id='block_1_50' title="bbox 2261 1964 3715 2045">
    <p class='ocr_par' dir='ltr' id='par_1_50' title="bbox 2261 1964 3715 2045">
     <span class='ocr_line' id='line_1_50' title="bbox 2261 1964 3715 2045; baseline -0.004 -24"><span class='ocrx_word' id='word_1_407' title='bbox 2261 1968 2499 2036; x_wconf 86' lang='grc' dir='ltr'>ἐνόρκως</span> <span class='ocrx_word' id='word_1_408' title='bbox 2524 1967 2824 2037; x_wconf 87' lang='grc' dir='ltr'>βεϐαιῶσαι</span> <span class='ocrx_word' id='word_1_409' title='bbox 2858 1971 2938 2022; x_wconf 84' lang='grc' dir='ltr'>ὅτι</span> <span class='ocrx_word' id='word_1_410' title='bbox 2969 1970 3025 2021; x_wconf 89' lang='grc' dir='ltr'><strong>αί</strong></span> <span class='ocrx_word' id='word_1_411' title='bbox 3063 1968 3303 2021; x_wconf 76' lang='grc' dir='ltr'>διαϐολαὶ</span> <span class='ocrx_word' id='word_1_412' title='bbox 3341 1968 3532 2045; x_wconf 71' lang='grc' dir='ltr'>ψευδεῖς</span> <span class='ocrx_word' id='word_1_413' title='bbox 3558 1969 3633 2017; x_wconf 68' lang='lat' dir='ltr'><strong>eis:</strong></span> <span class='ocrx_word' id='word_1_414' title='bbox 3653 1964 3715 2015; x_wconf 74' lang='lat' dir='ltr'><strong>ni</strong></span> 
     </span>
    </p>
   </div>
   <div class='ocr_carea' id='block_1_51' title="bbox 2258 2057 3717 2131">
    <p class='ocr_par' dir='ltr' id='par_1_51' title="bbox 2258 2057 3717 2131">
     <span class='ocr_line' id='line_1_51' title="bbox 2258 2057 3717 2131; baseline -0.002 -20"><span class='ocrx_word' id='word_1_415' title='bbox 2258 2057 2547 2112; x_wconf 76' lang='grc' dir='ltr'>οὐπώποτε</span> <span class='ocrx_word' id='word_1_416' title='bbox 2612 2058 2878 2131; x_wconf 82' lang='grc' dir='ltr'>ἐϐουλήθη</span> <span class='ocrx_word' id='word_1_417' title='bbox 2925 2062 3151 2129; x_wconf 76' lang='grc' dir='ltr'>ποιῆσαι</span> <span class='ocrx_word' id='word_1_418' title='bbox 3198 2059 3233 2113; x_wconf 75' lang='grc' dir='ltr'>ἃ</span> <span class='ocrx_word' id='word_1_419' title='bbox 3282 2060 3717 2127; x_wconf 70' lang='grc' dir='ltr'>ἐσυκοφαντὴθη.’θ</span> 
     </span>
    </p>
   </div>
   <div class='ocr_carea' id='block_1_52' title="bbox 2259 2147 3723 2223">
    <p class='ocr_par' dir='ltr' id='par_1_52' title="bbox 2259 2147 3723 2223">
     <span class='ocr_line' id='line_1_52' title="bbox 2259 2147 3723 2223; baseline -0.004 -20"><span class='ocrx_word' id='word_1_420' title='bbox 2259 2151 2356 2203; x_wconf 77' lang='grc' dir='ltr'>καὶ</span> <span class='ocrx_word' id='word_1_421' title='bbox 2410 2152 2648 2219; x_wconf 86' lang='grc' dir='ltr'>ἐγένετο.</span> <span class='ocrx_word' id='word_1_422' title='bbox 2686 2153 2796 2204; x_wconf 78' lang='grc' dir='ltr'><strong>Καὶ</strong></span> <span class='ocrx_word' id='word_1_423' title='bbox 2829 2153 3121 2223; x_wconf 81' lang='grc' dir='ltr'>ἐλεύθερον</span> <span class='ocrx_word' id='word_1_424' title='bbox 3180 2147 3316 2204; x_wconf 76' lang='grc' dir='ltr'>εἶναι</span> <span class='ocrx_word' id='word_1_425' title='bbox 3361 2150 3530 2202; x_wconf 77' lang='grc' dir='ltr'>τοῦτον</span> <span class='ocrx_word' id='word_1_426' title='bbox 3570 2149 3723 2200; x_wconf 71' lang='grc' dir='ltr'>ἐκέλευ-</span> 
     </span>
    </p>
   </div>
   <div class='ocr_carea' id='block_1_53' title="bbox 2263 2240 3730 2315">
    <p class='ocr_par' dir='ltr' id='par_1_53' title="bbox 2263 2240 3730 2315">
     <span class='ocr_line' id='line_1_53' title="bbox 2263 2240 3730 2315; baseline -0.001 -23"><span class='ocrx_word' id='word_1_427' title='bbox 2263 2259 2358 2293; x_wconf 90' lang='grc' dir='ltr'><strong>σεν</strong></span> <span class='ocrx_word' id='word_1_428' title='bbox 2389 2244 2417 2294; x_wconf 93' lang='lat'><strong>6</strong></span> <span class='ocrx_word' id='word_1_429' title='bbox 2474 2243 2726 2311; x_wconf 83' lang='grc' dir='ltr'>βασιλεὺς</span> <span class='ocrx_word' id='word_1_430' title='bbox 2769 2246 2867 2310; x_wconf 79' lang='grc' dir='ltr'><strong>τῆς</strong></span> <span class='ocrx_word' id='word_1_431' title='bbox 2916 2246 3215 2315; x_wconf 80' lang='grc' dir='ltr'>καταδίκης</span> <span class='ocrx_word' id='word_1_432' title='bbox 3247 2244 3338 2295; x_wconf 73' lang='grc' dir='ltr'>καὶ</span> <span class='ocrx_word' id='word_1_433' title='bbox 3382 2243 3584 2309; x_wconf 56' lang='grc' dir='ltr'>ὑποψίας</span> <span class='ocrx_word' id='word_1_434' title='bbox 3634 2240 3730 2293; x_wconf 68' lang='grc' dir='ltr'><strong>ἀπέ-</strong></span> 
     </span>
    </p>
   </div>
   <div class='ocr_carea' id='block_1_54' title="bbox 2262 2331 3732 2406">
    <p class='ocr_par' dir='ltr' id='par_1_54' title="bbox 2262 2331 3732 2406">
     <span class='ocr_line' id='line_1_54' title="bbox 2262 2331 3732 2406; baseline -0.003 -21"><span class='ocrx_word' id='word_1_435' title='bbox 2262 2350 2361 2398; x_wconf 82' lang='grc' dir='ltr'><strong>σης</strong></span> <span class='ocrx_word' id='word_1_436' title='bbox 2396 2338 2487 2386; x_wconf 71' lang='grc' dir='ltr'>καὶ</span> <span class='ocrx_word' id='word_1_437' title='bbox 2533 2337 2631 2403; x_wconf 85' lang='grc' dir='ltr'><strong>τὴν</strong></span> <span class='ocrx_word' id='word_1_438' title='bbox 2687 2339 2960 2406; x_wconf 82' lang='grc' dir='ltr'>προτέραν</span> <span class='ocrx_word' id='word_1_439' title='bbox 3012 2337 3419 2404; x_wconf 80' lang='grc' dir='ltr'>ἀπολαμϐάνειν</span> <span class='ocrx_word' id='word_1_440' title='bbox 3470 2334 3623 2401; x_wconf 77' lang='grc' dir='ltr'>τιμὴν,</span> <span class='ocrx_word' id='word_1_441' title='bbox 3668 2331 3732 2382; x_wconf 75' lang='grc' dir='ltr'>καὶ</span> 
     </span>
    </p>
   </div>
   <div class='ocr_carea' id='block_1_55' title="bbox 2260 2424 3655 2496">
    <p class='ocr_par' dir='ltr' id='par_1_55' title="bbox 2260 2424 3655 2496">
     <span class='ocr_line' id='line_1_55' title="bbox 2260 2424 3655 2496; baseline -0.003 -17"><span class='ocrx_word' id='word_1_442' title='bbox 2260 2424 2361 2492; x_wconf 83' lang='grc' dir='ltr'>τὴν</span> <span class='ocrx_word' id='word_1_443' title='bbox 2388 2427 2690 2494; x_wconf 77' lang='grc' dir='ltr'>ἠγεμονίαν</span> <span class='ocrx_word' id='word_1_444' title='bbox 2717 2427 2972 2481; x_wconf 77' lang='grc' dir='ltr'>Νικαέων</span> <span class='ocrx_word' id='word_1_445' title='bbox 3001 2429 3306 2496; x_wconf 73' lang='grc' dir='ltr'>ἐπέτρεψεν</span> <span class='ocrx_word' id='word_1_446' title='bbox 3354 2427 3502 2479; x_wconf 71' lang='grc' dir='ltr'>αὑτὸν</span> <span class='ocrx_word' id='word_1_447' title='bbox 3526 2427 3655 2494; x_wconf 77' lang='grc' dir='ltr'>ἔχειν.</span> 
     </span>
    </p>
   </div>
   <div class='ocr_carea' id='block_1_56' title="bbox 2335 2513 3734 2590">
    <p class='ocr_par' dir='ltr' id='par_1_56' title="bbox 2335 2513 3734 2590">
     <span class='ocr_line' id='line_1_56' title="bbox 2335 2513 3734 2590; baseline -0.001 -22"><span class='ocrx_word' id='word_1_448' title='bbox 2335 2518 2571 2585; x_wconf 72' lang='grc' dir='ltr'>Ποιήσας</span> <span class='ocrx_word' id='word_1_449' title='bbox 2610 2519 2663 2571; x_wconf 86' lang='grc' dir='ltr'><strong>δέ</strong></span> <span class='ocrx_word' id='word_1_450' title='bbox 2696 2538 2815 2572; x_wconf 87' lang='grc' dir='ltr'>τινα</span> <span class='ocrx_word' id='word_1_451' title='bbox 2846 2522 3039 2587; x_wconf 70' lang='grc' dir='ltr'>καιρὸν</span> <span class='ocrx_word' id='word_1_452' title='bbox 3073 2522 3131 2573; x_wconf 88' lang='grc' dir='ltr'>ἐν</span> <span class='ocrx_word' id='word_1_453' title='bbox 3167 2524 3232 2590; x_wconf 81' lang='grc' dir='ltr'><strong>τῇ</strong></span> <span class='ocrx_word' id='word_1_454' title='bbox 3262 2520 3487 2589; x_wconf 67' lang='grc' dir='ltr'>Βιθυνίᾳ,</span> <span class='ocrx_word' id='word_1_455' title='bbox 3538 2513 3631 2569; x_wconf 80' lang='grc' dir='ltr'>εἶτα</span> <span class='ocrx_word' id='word_1_456' title='bbox 3664 2532 3734 2581; x_wconf 77' lang='grc' dir='ltr'><strong>φν-</strong></span> 
     </span>
    </p>
   </div>
   <div class='ocr_carea' id='block_1_57' title="bbox 2260 2606 3733 2687">
    <p class='ocr_par' dir='ltr' id='par_1_57' title="bbox 2260 2606 3733 2687">
     <span class='ocr_line' id='line_1_57' title="bbox 2260 2606 3733 2687; baseline -0.001 -27"><span class='ocrx_word' id='word_1_457' title='bbox 2260 2609 2372 2676; x_wconf 84' lang='grc' dir='ltr'>γὼν</span> <span class='ocrx_word' id='word_1_458' title='bbox 2432 2610 2795 2679; x_wconf 81' lang='grc' dir='ltr'>ἀναχωρήσας</span> <span class='ocrx_word' id='word_1_459' title='bbox 2836 2611 2989 2682; x_wconf 82' lang='grc' dir='ltr'>διέϐη</span> <span class='ocrx_word' id='word_1_460' title='bbox 3046 2613 3108 2665; x_wconf 80' lang='grc' dir='ltr'>ἐν</span> <span class='ocrx_word' id='word_1_461' title='bbox 3154 2610 3231 2682; x_wconf 83' lang='grc' dir='ltr'><strong>τῷ</strong></span> <span class='ocrx_word' id='word_1_462' title='bbox 3291 2612 3481 2679; x_wconf 85' lang='grc' dir='ltr'>Ἰκονίῳ</span> <span class='ocrx_word' id='word_1_463' title='bbox 3523 2608 3631 2687; x_wconf 78' lang='grc' dir='ltr'>πρὸς</span> <span class='ocrx_word' id='word_1_464' title='bbox 3669 2606 3733 2655; x_wconf 63' lang='grc' dir='ltr'>τὸν</span> 
     </span>
    </p>
   </div>
   <div class='ocr_carea' id='block_1_58' title="bbox 2262 2697 3735 2774">
    <p class='ocr_par' dir='ltr' id='par_1_58' title="bbox 2262 2697 3735 2774">
     <span class='ocr_line' id='line_1_58' title="bbox 2262 2697 3735 2774; baseline -0.003 -21"><span class='ocrx_word' id='word_1_465' title='bbox 2262 2699 2568 2754; x_wconf 88' lang='grc' dir='ltr'>σουλτάνον.</span> <span class='ocrx_word' id='word_1_466' title='bbox 2604 2701 2665 2753; x_wconf 81' lang='grc' dir='ltr'><em>Ἢ</em></span> <span class='ocrx_word' id='word_1_467' title='bbox 2688 2701 2743 2754; x_wconf 85' lang='grc' dir='ltr'>δὲ</span> <span class='ocrx_word' id='word_1_468' title='bbox 2778 2703 2927 2755; x_wconf 81' lang='grc' dir='ltr'>αἰτία</span> <span class='ocrx_word' id='word_1_469' title='bbox 2950 2704 3051 2772; x_wconf 84' lang='grc' dir='ltr'>τῆς</span> <span class='ocrx_word' id='word_1_470' title='bbox 3085 2706 3261 2774; x_wconf 82' lang='grc' dir='ltr'>φυγῆς</span> <span class='ocrx_word' id='word_1_471' title='bbox 3283 2702 3438 2756; x_wconf 82' lang='grc' dir='ltr'><strong>αὑτοῦ</strong></span> <span class='ocrx_word' id='word_1_472' title='bbox 3466 2698 3523 2772; x_wconf 77' lang='grc' dir='ltr'>ἦν</span> <span class='ocrx_word' id='word_1_473' title='bbox 3546 2703 3610 2752; x_wconf 80' lang='grc' dir='ltr'>ὅτι</span> <span class='ocrx_word' id='word_1_474' title='bbox 3629 2697 3735 2764; x_wconf 77' lang='grc' dir='ltr'>ἐώρα</span> 
     </span>
    </p>
   </div>
   <div class='ocr_carea' id='block_1_59' title="bbox 2258 2789 3735 2864">
    <p class='ocr_par' dir='ltr' id='par_1_59' title="bbox 2258 2789 3735 2864">
     <span class='ocr_line' id='line_1_59' title="bbox 2258 2789 3735 2864; baseline -0.005 -20"><span class='ocrx_word' id='word_1_475' title='bbox 2258 2794 2359 2845; x_wconf 80' lang='grc' dir='ltr'>οὐκ</span> <span class='ocrx_word' id='word_1_476' title='bbox 2390 2792 2606 2860; x_wconf 82' lang='grc' dir='ltr'>ὀλίγους</span> <span class='ocrx_word' id='word_1_477' title='bbox 2634 2791 2758 2845; x_wconf 86' lang='grc' dir='ltr'>καθ’</span> <span class='ocrx_word' id='word_1_478' title='bbox 2782 2794 3022 2861; x_wconf 73' lang='grc' dir='ltr'>ἐκάττην</span> <span class='ocrx_word' id='word_1_479' title='bbox 3054 2796 3270 2864; x_wconf 70' lang='grc' dir='ltr'>ἡμέραν</span> <span class='ocrx_word' id='word_1_480' title='bbox 3294 2794 3443 2848; x_wconf 84' lang='grc' dir='ltr'>πάλιν</span> <span class='ocrx_word' id='word_1_481' title='bbox 3470 2794 3522 2844; x_wconf 86' lang='grc' dir='ltr'>ἐκ</span> <span class='ocrx_word' id='word_1_482' title='bbox 3543 2789 3735 2855; x_wconf 73' lang='grc' dir='ltr'>δευτέρον</span> 
     </span>
    </p>
   </div>
   <div class='ocr_carea' id='block_1_60' title="bbox 2264 2878 3739 2958">
    <p class='ocr_par' dir='ltr' id='par_1_60' title="bbox 2264 2878 3739 2958">
     <span class='ocr_line' id='line_1_60' title="bbox 2264 2878 3739 2958; baseline -0.003 -23"><span class='ocrx_word' id='word_1_483' title='bbox 2264 2882 2464 2944; x_wconf 67' lang='grc' dir='ltr'>πολλὰς</span> <span class='ocrx_word' id='word_1_484' title='bbox 2495 2884 2736 2952; x_wconf 81' lang='grc' dir='ltr'>μηχανὰς</span> <span class='ocrx_word' id='word_1_485' title='bbox 2780 2884 3145 2957; x_wconf 81' lang='grc' dir='ltr'>πολυτρόπως</span> <span class='ocrx_word' id='word_1_486' title='bbox 3198 2888 3512 2958; x_wconf 65' lang='grc' dir='ltr'>συρράπτειν</span> <span class='ocrx_word' id='word_1_487' title='bbox 3541 2882 3645 2949; x_wconf 72' lang='grc' dir='ltr'>περὶ</span> <span class='ocrx_word' id='word_1_488' title='bbox 3668 2878 3739 2931; x_wconf 75' lang='grc' dir='ltr'><strong>αὑ-</strong></span> 
     </span>
    </p>
   </div>
   <div class='ocr_carea' id='block_1_61' title="bbox 591 2969 3736 3057">
    <p class='ocr_par' dir='ltr' id='par_1_61' title="bbox 591 2969 3736 3057">
     <span class='ocr_line' id='line_1_61' title="bbox 591 2969 3736 3057; baseline 0.001 -37"><span class='ocrx_word' id='word_1_489' title='bbox 591 2969 755 3039; x_wconf 88' lang='grc' dir='ltr'>νόμος</span> <span class='ocrx_word' id='word_1_490' title='bbox 789 2971 908 3022; x_wconf 82' lang='grc' dir='ltr'>οὐδὲ</span> <span class='ocrx_word' id='word_1_491' title='bbox 940 2971 1061 3033; x_wconf 79' lang='grc' dir='ltr'>ἔθος</span> <span class='ocrx_word' id='word_1_492' title='bbox 1119 2972 1208 3024; x_wconf 79' lang='grc' dir='ltr'>ἵνα</span> <span class='ocrx_word' id='word_1_493' title='bbox 1271 2972 1601 3041; x_wconf 77' lang='grc' dir='ltr'>βασανίζωσι</span> <span class='ocrx_word' id='word_1_494' title='bbox 1655 2975 1782 3036; x_wconf 83' lang='grc' dir='ltr'>τοὺς</span> <span class='ocrx_word' id='word_1_495' title='bbox 1834 2973 2159 3041; x_wconf 73' lang='grc' dir='ltr'>ἐξεταζομέ-</span> <span class='ocrx_word' id='word_1_496' title='bbox 2187 3003 2227 3057; x_wconf 77' lang='lat' dir='ltr'><strong>c</strong></span> <span class='ocrx_word' id='word_1_497' title='bbox 2262 2974 2357 3026; x_wconf 80' lang='grc' dir='ltr'><strong>τοῦ</strong></span> <span class='ocrx_word' id='word_1_498' title='bbox 2384 2977 2477 3027; x_wconf 76' lang='grc' dir='ltr'><strong>καὶ</strong></span> <span class='ocrx_word' id='word_1_499' title='bbox 2507 2975 2873 3042; x_wconf 73' lang='grc' dir='ltr'>συκοφαντίας</span> <span class='ocrx_word' id='word_1_500' title='bbox 2920 2978 3057 3045; x_wconf 80' lang='grc' dir='ltr'>πρὸς</span> <span class='ocrx_word' id='word_1_501' title='bbox 3098 2980 3192 3029; x_wconf 60' lang='grc' dir='ltr'>τὸν</span> <span class='ocrx_word' id='word_1_502' title='bbox 3221 2978 3432 3045; x_wconf 80' lang='grc' dir='ltr'>βασιλέα</span> <span class='ocrx_word' id='word_1_503' title='bbox 3457 2976 3613 3027; x_wconf 78' lang='grc' dir='ltr'>ἕνεκεν</span> <span class='ocrx_word' id='word_1_504' title='bbox 3640 2969 3736 3036; x_wconf 60' lang='lat'><strong>90&#39;1-</strong></span> 
     </span>
    </p>
   </div>
   <div class='ocr_carea' id='block_1_62' title="bbox 594 3063 2157 3131">
    <p class='ocr_par' dir='ltr' id='par_1_62' title="bbox 594 3063 2157 3131">
     <span class='ocr_line' id='line_1_62' title="bbox 594 3063 2157 3131; baseline 0.003 -18"><span class='ocrx_word' id='word_1_505' title='bbox 594 3078 742 3128; x_wconf 78' lang='lat' dir='ltr'><strong>voo:,</strong></span> <span class='ocrx_word' id='word_1_506' title='bbox 778 3063 874 3116; x_wconf 72' lang='lat' dir='ltr'><strong>xui.</strong></span> <span class='ocrx_word' id='word_1_507' title='bbox 907 3063 1142 3131; x_wconf 82' lang='grc' dir='ltr'>μάλιστα</span> <span class='ocrx_word' id='word_1_508' title='bbox 1190 3067 1319 3127; x_wconf 73' lang='grc' dir='ltr'>τοὺς</span> <span class='ocrx_word' id='word_1_509' title='bbox 1375 3066 1615 3131; x_wconf 67' lang='grc' dir='ltr'>εὐγενεῖς</span> <span class='ocrx_word' id='word_1_510' title='bbox 1659 3064 1961 3127; x_wconf 79' lang='grc' dir='ltr'>ὡσαύτωςο</span> <span class='ocrx_word' id='word_1_511' title='bbox 2019 3063 2157 3118; x_wconf 69' lang='grc' dir='ltr'><strong>ἀλλά</strong></span> 
     </span>
    </p>
   </div>
   <div class='ocr_carea' id='block_1_63' title="bbox 586 3235 2158 3311">
    <p class='ocr_par' dir='ltr' id='par_1_63' title="bbox 586 3235 2158 3311">
     <span class='ocr_line' id='line_1_63' title="bbox 586 3235 2158 3311; baseline 0.006 -20"><span class='ocrx_word' id='word_1_512' title='bbox 586 3235 685 3291; x_wconf 84' lang='lat' dir='ltr'><strong>Cm</strong></span> <span class='ocrx_word' id='word_1_513' title='bbox 736 3237 827 3292; x_wconf 83' lang='lat' dir='ltr'><strong>ille</strong></span> <span class='ocrx_word' id='word_1_514' title='bbox 880 3239 961 3292; x_wconf 90' lang='lat' dir='ltr'><strong>sic</strong></span> <span class='ocrx_word' id='word_1_515' title='bbox 994 3240 1308 3309; x_wconf 73' lang='lat' dir='ltr'><strong>respondit:</strong></span> <span class='ocrx_word' id='word_1_516' title='bbox 1347 3259 1366 3293; x_wconf 82' lang='grc' dir='ltr'><strong>ι</strong></span> <span class='ocrx_word' id='word_1_517' title='bbox 1396 3238 1509 3311; x_wconf 80' lang='lat' dir='ltr'><strong>Ego</strong></span> <span class='ocrx_word' id='word_1_518' title='bbox 1539 3250 1590 3296; x_wconf 93' lang='lat' dir='ltr'><strong>et</strong></span> <span class='ocrx_word' id='word_1_519' title='bbox 1618 3252 1773 3298; x_wconf 91' lang='lat' dir='ltr'><strong>antea</strong></span> <span class='ocrx_word' id='word_1_520' title='bbox 1809 3242 1903 3298; x_wconf 89' lang='lat' dir='ltr'><strong>tibi</strong></span> <span class='ocrx_word' id='word_1_521' title='bbox 1928 3242 2060 3311; x_wconf 83' lang='lat' dir='ltr'><strong>dixi,</strong></span> <span class='ocrx_word' id='word_1_522' title='bbox 2101 3256 2158 3300; x_wconf 93' lang='lat' dir='ltr'><strong>et</strong></span> 
     </span>
    </p>
   </div>
   <div class='ocr_carea' id='block_1_64' title="bbox 588 3328 2155 3401">
    <p class='ocr_par' dir='ltr' id='par_1_64' title="bbox 588 3328 2155 3401">
     <span class='ocr_line' id='line_1_64' title="bbox 588 3328 2155 3401; baseline 0.006 -21"><span class='ocrx_word' id='word_1_523' title='bbox 588 3343 732 3381; x_wconf 90' lang='lat' dir='ltr'><strong>nunc</strong></span> <span class='ocrx_word' id='word_1_524' title='bbox 763 3328 884 3382; x_wconf 90' lang='lat' dir='ltr'><strong>dico</strong></span> <span class='ocrx_word' id='word_1_525' title='bbox 928 3330 1143 3395; x_wconf 90' lang='lat' dir='ltr'><strong>iterum,</strong></span> <span class='ocrx_word' id='word_1_526' title='bbox 1172 3346 1272 3384; x_wconf 91' lang='lat' dir='ltr'><strong>nec</strong></span> <span class='ocrx_word' id='word_1_527' title='bbox 1312 3332 1486 3400; x_wconf 87' lang='lat' dir='ltr'><strong>ipsum</strong></span> <span class='ocrx_word' id='word_1_528' title='bbox 1519 3346 1752 3401; x_wconf 83' lang='lat' dir='ltr'><strong>unquam</strong></span> <span class='ocrx_word' id='word_1_529' title='bbox 1784 3349 1868 3388; x_wconf 88' lang='lat' dir='ltr'><strong>me</strong></span> <span class='ocrx_word' id='word_1_530' title='bbox 1899 3333 2057 3391; x_wconf 86' lang='lat' dir='ltr'><strong>iStius</strong></span> <span class='ocrx_word' id='word_1_531' title='bbox 2080 3336 2155 3390; x_wconf 88' lang='lat' dir='ltr'><strong>rei</strong></span> 
     </span>
    </p>
   </div>
   <div class='ocr_carea' id='block_1_65' title="bbox 587 3419 2158 3489">
    <p class='ocr_par' dir='ltr' id='par_1_65' title="bbox 587 3419 2158 3489">
     <span class='ocr_line' id='line_1_65' title="bbox 587 3419 2158 3489; baseline 0.006 -17"><span class='ocrx_word' id='word_1_532' title='bbox 587 3419 905 3487; x_wconf 82' lang='lat' dir='ltr'><strong>concepisse</strong></span> <span class='ocrx_word' id='word_1_533' title='bbox 932 3422 1315 3489; x_wconf 72' lang='lat' dir='ltr'><strong>cogitationem</strong></span> <span class='ocrx_word' id='word_1_534' title='bbox 1348 3423 1728 3488; x_wconf 88' lang='lat' dir='ltr'><strong>consiliumve,</strong></span> <span class='ocrx_word' id='word_1_535' title='bbox 1759 3440 1860 3480; x_wconf 90' lang='lat' dir='ltr'><strong>nec</strong></span> <span class='ocrx_word' id='word_1_536' title='bbox 1886 3427 2052 3480; x_wconf 89' lang='lat' dir='ltr'><strong>alium</strong></span> <span class='ocrx_word' id='word_1_537' title='bbox 2079 3428 2158 3485; x_wconf 82' lang='lat' dir='ltr'><strong>si-</strong></span> 
     </span>
    </p>
   </div>
   <div class='ocr_carea' id='block_1_66' title="bbox 590 3507 2159 3579">
    <p class='ocr_par' dir='ltr' id='par_1_66' title="bbox 590 3507 2159 3579">
     <span class='ocr_line' id='line_1_66' title="bbox 590 3507 2159 3579; baseline 0.008 -22"><span class='ocrx_word' id='word_1_538' title='bbox 590 3520 677 3579; x_wconf 44' lang='lat' dir='ltr'><strong>ve,</strong></span> <span class='ocrx_word' id='word_1_539' title='bbox 707 3507 931 3561; x_wconf 84' lang='lat' dir='ltr'><strong>humilis</strong></span> <span class='ocrx_word' id='word_1_540' title='bbox 971 3508 1087 3564; x_wconf 91' lang='lat' dir='ltr'><strong>sive</strong></span> <span class='ocrx_word' id='word_1_541' title='bbox 1148 3509 1376 3564; x_wconf 81' lang='lat' dir='ltr'><strong>illustris</strong></span> <span class='ocrx_word' id='word_1_542' title='bbox 1410 3510 1741 3566; x_wconf 85' lang='lat' dir='ltr'><strong>conditionis</strong></span> <span class='ocrx_word' id='word_1_543' title='bbox 1794 3513 2064 3568; x_wconf 86' lang='lat' dir='ltr'><strong>hominem</strong></span> <span class='ocrx_word' id='word_1_544' title='bbox 2090 3518 2159 3569; x_wconf 89' lang='lat' dir='ltr'><strong>de</strong></span> 
     </span>
    </p>
   </div>
   <div class='ocr_carea' id='block_1_67' title="bbox 588 3599 2156 3672">
    <p class='ocr_par' dir='ltr' id='par_1_67' title="bbox 588 3599 2156 3672">
     <span class='ocr_line' id='line_1_67' title="bbox 588 3599 2156 3672; baseline 0.006 -20"><span class='ocrx_word' id='word_1_545' title='bbox 588 3599 681 3652; x_wconf 86' lang='lat' dir='ltr'><strong>tali</strong></span> <span class='ocrx_word' id='word_1_546' title='bbox 715 3599 926 3669; x_wconf 75' lang='lat' dir='ltr'><strong>negotio</strong></span> <span class='ocrx_word' id='word_1_547' title='bbox 956 3615 1164 3655; x_wconf 87' lang='lat' dir='ltr'><strong>mecum</strong></span> <span class='ocrx_word' id='word_1_548' title='bbox 1188 3603 1400 3671; x_wconf 74' lang='lat' dir='ltr'><strong>egisse:</strong></span> <span class='ocrx_word' id='word_1_549' title='bbox 1437 3604 1597 3672; x_wconf 85' lang='lat' dir='ltr'><strong>idque</strong></span> <span class='ocrx_word' id='word_1_550' title='bbox 1637 3606 1839 3657; x_wconf 76' lang='lat' dir='ltr'><strong>urinam</strong></span> <span class='ocrx_word' id='word_1_551' title='bbox 1883 3607 2030 3661; x_wconf 82' lang='lat' dir='ltr'><strong>nullo</strong></span> <span class='ocrx_word' id='word_1_552' title='bbox 2058 3623 2156 3661; x_wconf 89' lang='lat' dir='ltr'><strong>un-</strong></span> 
     </span>
    </p>
   </div>
   <div class='ocr_carea' id='block_1_68' title="bbox 587 3690 2152 3766">
    <p class='ocr_par' dir='ltr' id='par_1_68' title="bbox 587 3690 2152 3766">
     <span class='ocr_line' id='line_1_68' title="bbox 587 3690 2152 3766; baseline 0.008 -25"><span class='ocrx_word' id='word_1_553' title='bbox 587 3704 750 3756; x_wconf 82' lang='lat' dir='ltr'><strong>quam</strong></span> <span class='ocrx_word' id='word_1_554' title='bbox 787 3690 945 3744; x_wconf 86' lang='lat' dir='ltr'><strong>modo</strong></span> <span class='ocrx_word' id='word_1_555' title='bbox 976 3690 1089 3747; x_wconf 83' lang='lat' dir='ltr'><strong>fiat.</strong></span> <span class='ocrx_word' id='word_1_556' title='bbox 1119 3692 1283 3761; x_wconf 81' lang='lat' dir='ltr'><strong>Cujus</strong></span> <span class='ocrx_word' id='word_1_557' title='bbox 1312 3694 1386 3747; x_wconf 88' lang='lat' dir='ltr'><strong>rei</strong></span> <span class='ocrx_word' id='word_1_558' title='bbox 1426 3702 1591 3749; x_wconf 81' lang='lat' dir='ltr'><strong>testes</strong></span> <span class='ocrx_word' id='word_1_559' title='bbox 1614 3698 1804 3751; x_wconf 87' lang='lat' dir='ltr'><strong>invoco</strong></span> <span class='ocrx_word' id='word_1_560' title='bbox 1843 3695 2014 3752; x_wconf 88' lang='lat' dir='ltr'><strong>Deum</strong></span> <span class='ocrx_word' id='word_1_561' title='bbox 2051 3714 2152 3766; x_wconf 65' lang='lat' dir='ltr'><strong>op.</strong></span> 
     </span>
    </p>
   </div>
   <div class='ocr_carea' id='block_1_69' title="bbox 587 3784 2154 3857">
    <p class='ocr_par' dir='ltr' id='par_1_69' title="bbox 587 3784 2154 3857">
     <span class='ocr_line' id='line_1_69' title="bbox 587 3784 2154 3857; baseline 0.006 -20"><span class='ocrx_word' id='word_1_562' title='bbox 587 3784 777 3837; x_wconf 88' lang='lat' dir='ltr'><strong>timum</strong></span> <span class='ocrx_word' id='word_1_563' title='bbox 831 3786 1128 3838; x_wconf 75' lang='lat' dir='ltr'><strong>maximqu</strong></span> <span class='ocrx_word' id='word_1_564' title='bbox 1181 3795 1344 3853; x_wconf 89' lang='lat' dir='ltr'><strong>atque</strong></span> <span class='ocrx_word' id='word_1_565' title='bbox 1379 3790 1622 3854; x_wconf 78' lang='lat' dir='ltr'><strong>angelos,</strong></span> <span class='ocrx_word' id='word_1_566' title='bbox 1678 3797 1766 3857; x_wconf 84' lang='lat' dir='ltr'><strong>qui</strong></span> <span class='ocrx_word' id='word_1_567' title='bbox 1820 3791 1976 3845; x_wconf 80' lang='lat' dir='ltr'><strong>invisi</strong></span> <span class='ocrx_word' id='word_1_568' title='bbox 2025 3793 2154 3846; x_wconf 85' lang='lat' dir='ltr'><strong>mihi</strong></span> 
     </span>
    </p>
   </div>
   <div class='ocr_carea' id='block_1_70' title="bbox 588 3874 2157 3949">
    <p class='ocr_par' dir='ltr' id='par_1_70' title="bbox 588 3874 2157 3949">
     <span class='ocr_line' id='line_1_70' title="bbox 588 3874 2157 3949; baseline 0.008 -22"><span class='ocrx_word' id='word_1_569' title='bbox 588 3877 820 3930; x_wconf 79' lang='lat' dir='ltr'><strong>adstant.</strong></span> <span class='ocrx_word' id='word_1_570' title='bbox 848 3874 1049 3941; x_wconf 83' lang='lat' dir='ltr'><strong>Quodsi</strong></span> <span class='ocrx_word' id='word_1_571' title='bbox 1084 3878 1137 3939; x_wconf 85' lang='lat' dir='ltr'><strong>ii,</strong></span> <span class='ocrx_word' id='word_1_572' title='bbox 1164 3882 1253 3949; x_wconf 92' lang='lat' dir='ltr'><strong>qui</strong></span> <span class='ocrx_word' id='word_1_573' title='bbox 1283 3897 1366 3935; x_wconf 89' lang='lat' dir='ltr'><strong>me</strong></span> <span class='ocrx_word' id='word_1_574' title='bbox 1388 3882 1656 3936; x_wconf 76' lang='lat' dir='ltr'><strong>criminati</strong></span> <span class='ocrx_word' id='word_1_575' title='bbox 1679 3894 1825 3946; x_wconf 90' lang='lat' dir='ltr'><strong>sunt,</strong></span> <span class='ocrx_word' id='word_1_576' title='bbox 1872 3900 2032 3940; x_wconf 82' lang='lat' dir='ltr'><strong>aures</strong></span> <span class='ocrx_word' id='word_1_577' title='bbox 2057 3888 2157 3939; x_wconf 91' lang='lat' dir='ltr'><strong>im-</strong></span> 
     </span>
    </p>
   </div>
   <div class='ocr_carea' id='block_1_71' title="bbox 591 3967 2153 4045">
    <p class='ocr_par' dir='ltr' id='par_1_71' title="bbox 591 3967 2153 4045">
     <span class='ocr_line' id='line_1_71' title="bbox 591 3967 2153 4045; baseline 0.009 -28"><span class='ocrx_word' id='word_1_578' title='bbox 591 3967 856 4035; x_wconf 81' lang='lat' dir='ltr'><strong>peratoris</strong></span> <span class='ocrx_word' id='word_1_579' title='bbox 909 3971 1207 4026; x_wconf 79' lang='lat' dir='ltr'><strong>mendaciis</strong></span> <span class='ocrx_word' id='word_1_580' title='bbox 1258 3972 1547 4025; x_wconf 85' lang='lat' dir='ltr'><strong>adversum</strong></span> <span class='ocrx_word' id='word_1_581' title='bbox 1602 3990 1711 4039; x_wconf 87' lang='lat' dir='ltr'><strong>me,</strong></span> <span class='ocrx_word' id='word_1_582' title='bbox 1754 3990 1968 4028; x_wconf 89' lang='lat' dir='ltr'><strong>servum</strong></span> <span class='ocrx_word' id='word_1_583' title='bbox 2013 3977 2153 4045; x_wconf 82' lang='lat' dir='ltr'><strong>ejus,</strong></span> 
     </span>
    </p>
   </div>
   <div class='ocr_carea' id='block_1_72' title="bbox 589 4055 2153 4134">
    <p class='ocr_par' dir='ltr' id='par_1_72' title="bbox 589 4055 2153 4134">
     <span class='ocr_line' id='line_1_72' title="bbox 589 4055 2153 4134; baseline 0.008 -26"><span class='ocrx_word' id='word_1_584' title='bbox 589 4055 835 4111; x_wconf 85' lang='lat' dir='ltr'><strong>confictis</strong></span> <span class='ocrx_word' id='word_1_585' title='bbox 856 4068 1175 4122; x_wconf 88' lang='lat' dir='ltr'><strong>onerarunt,</strong></span> <span class='ocrx_word' id='word_1_586' title='bbox 1212 4074 1312 4113; x_wconf 86' lang='lat' dir='ltr'><strong>nec</strong></span> <span class='ocrx_word' id='word_1_587' title='bbox 1347 4061 1477 4113; x_wconf 76' lang='lat' dir='ltr'><strong>mihi</strong></span> <span class='ocrx_word' id='word_1_588' title='bbox 1512 4062 1642 4116; x_wconf 84' lang='lat' dir='ltr'><strong>fides</strong></span> <span class='ocrx_word' id='word_1_589' title='bbox 1684 4072 1788 4127; x_wconf 81' lang='lat' dir='ltr'><strong>est,</strong></span> <span class='ocrx_word' id='word_1_590' title='bbox 1820 4079 1925 4116; x_wconf 86' lang='lat' dir='ltr'><strong>non</strong></span> <span class='ocrx_word' id='word_1_591' title='bbox 1956 4066 2153 4134; x_wconf 81' lang='lat' dir='ltr'><strong>habeo,</strong></span> 
     </span>
    </p>
   </div>
   <div class='ocr_carea' id='block_1_73' title="bbox 586 4147 2154 4219">
    <p class='ocr_par' dir='ltr' id='par_1_73' title="bbox 586 4147 2154 4219">
     <span class='ocr_line' id='line_1_73' title="bbox 586 4147 2154 4219; baseline 0.009 -21"><span class='ocrx_word' id='word_1_592' title='bbox 586 4148 728 4213; x_wconf 90' lang='lat' dir='ltr'><strong>quod</strong></span> <span class='ocrx_word' id='word_1_593' title='bbox 755 4147 952 4201; x_wconf 88' lang='lat' dir='ltr'><strong>dicam.</strong></span> <span class='ocrx_word' id='word_1_594' title='bbox 981 4148 1085 4203; x_wconf 77' lang='lat' dir='ltr'><strong>Aut</strong></span> <span class='ocrx_word' id='word_1_595' title='bbox 1115 4149 1237 4217; x_wconf 89' lang='lat' dir='ltr'><strong>quis</strong></span> <span class='ocrx_word' id='word_1_596' title='bbox 1280 4151 1407 4213; x_wconf 75' lang='lat' dir='ltr'><strong>erit,</strong></span> <span class='ocrx_word' id='word_1_597' title='bbox 1458 4152 1549 4219; x_wconf 87' lang='lat' dir='ltr'><strong>qui</strong></span> <span class='ocrx_word' id='word_1_598' title='bbox 1581 4168 1706 4207; x_wconf 83' lang='lat' dir='ltr'><strong>vere</strong></span> <span class='ocrx_word' id='word_1_599' title='bbox 1746 4169 1831 4207; x_wconf 89' lang='lat' dir='ltr'><strong>me</strong></span> <span class='ocrx_word' id='word_1_600' title='bbox 1863 4154 2046 4211; x_wconf 82' lang='lat' dir='ltr'><strong>dicere</strong></span> <span class='ocrx_word' id='word_1_601' title='bbox 2076 4168 2154 4212; x_wconf 91' lang='lat' dir='ltr'><strong>te-</strong></span> 
     </span>
    </p>
   </div>
   <div class='ocr_carea' id='block_1_74' title="bbox 586 4240 2154 4310">
    <p class='ocr_par' dir='ltr' id='par_1_74' title="bbox 586 4240 2154 4310">
     <span class='ocr_line' id='line_1_74' title="bbox 586 4240 2154 4310; baseline 0.007 -18"><span class='ocrx_word' id='word_1_602' title='bbox 586 4240 797 4293; x_wconf 79' lang='lat' dir='ltr'><strong>Stetur‘l</strong></span> <span class='ocrx_word' id='word_1_603' title='bbox 828 4250 1199 4295; x_wconf 79' lang='lat' dir='ltr'><strong>verumtamen</strong></span> <span class='ocrx_word' id='word_1_604' title='bbox 1228 4243 1457 4297; x_wconf 78' lang='lat' dir='ltr'><strong>obsecro</strong></span> <span class='ocrx_word' id='word_1_605' title='bbox 1498 4255 1571 4308; x_wconf 88' lang='lat' dir='ltr'><strong>te,</strong></span> <span class='ocrx_word' id='word_1_606' title='bbox 1614 4246 1683 4297; x_wconf 90' lang='lat' dir='ltr'><strong>mi</strong></span> <span class='ocrx_word' id='word_1_607' title='bbox 1720 4246 1956 4310; x_wconf 82' lang='lat' dir='ltr'><strong>domine,</strong></span> <span class='ocrx_word' id='word_1_608' title='bbox 2016 4249 2154 4305; x_wconf 89' lang='lat' dir='ltr'><strong>hanc</strong></span> 
     </span>
    </p>
   </div>
   <div class='ocr_carea' id='block_1_75' title="bbox 2261 3063 3736 3138">
    <p class='ocr_par' dir='ltr' id='par_1_75' title="bbox 2261 3063 3736 3138">
     <span class='ocr_line' id='line_1_75' title="bbox 2261 3063 3736 3138; baseline 0.001 -22"><span class='ocrx_word' id='word_1_609' title='bbox 2261 3082 2351 3117; x_wconf 77' lang='grc' dir='ltr'><strong>νου</strong></span> <span class='ocrx_word' id='word_1_610' title='bbox 2404 3067 2495 3118; x_wconf 73' lang='grc' dir='ltr'>καὶ</span> <span class='ocrx_word' id='word_1_611' title='bbox 2542 3066 2916 3138; x_wconf 79' lang='grc' dir='ltr'>ψιθυρισμοὺς</span> <span class='ocrx_word' id='word_1_612' title='bbox 2951 3069 3185 3132; x_wconf 76' lang='grc' dir='ltr'>πολλοὺς</span> <span class='ocrx_word' id='word_1_613' title='bbox 3238 3073 3328 3121; x_wconf 73' lang='grc' dir='ltr'>καὶ</span> <span class='ocrx_word' id='word_1_614' title='bbox 3379 3070 3546 3133; x_wconf 79' lang='grc' dir='ltr'>λόγους</span> <span class='ocrx_word' id='word_1_615' title='bbox 3590 3063 3736 3132; x_wconf 65' lang='grc' dir='ltr'>ᾳοόνου</span> 
     </span>
    </p>
   </div>
   <div class='ocr_carea' id='block_1_76' title="bbox 2258 3232 3738 3312">
    <p class='ocr_par' dir='ltr' id='par_1_76' title="bbox 2258 3232 3738 3312">
     <span class='ocr_line' id='line_1_76' title="bbox 2258 3232 3738 3312; baseline -0.007 -17"><span class='ocrx_word' id='word_1_616' title='bbox 2258 3241 2412 3305; x_wconf 85' lang='lat' dir='ltr'><strong>dicis,</strong></span> <span class='ocrx_word' id='word_1_617' title='bbox 2443 3241 2535 3294; x_wconf 87' lang='lat' dir='ltr'><strong>sed</strong></span> <span class='ocrx_word' id='word_1_618' title='bbox 2570 3240 2822 3295; x_wconf 87' lang='lat' dir='ltr'><strong>barbaris</strong></span> <span class='ocrx_word' id='word_1_619' title='bbox 2856 3243 3244 3312; x_wconf 77' lang='lat' dir='ltr'><strong>gentibusque,</strong></span> <span class='ocrx_word' id='word_1_620' title='bbox 3284 3257 3379 3311; x_wconf 76' lang='lat' dir='ltr'><strong>ego</strong></span> <span class='ocrx_word' id='word_1_621' title='bbox 3408 3250 3563 3294; x_wconf 83' lang='lat' dir='ltr'><strong>autem</strong></span> <span class='ocrx_word' id='word_1_622' title='bbox 3586 3232 3738 3291; x_wconf 83' lang='lat' dir='ltr'><strong>Chriin</strong></span> 
     </span>
    </p>
   </div>
   <div class='ocr_carea' id='block_1_77' title="bbox 2257 3330 3741 3396">
    <p class='ocr_par' dir='ltr' id='par_1_77' title="bbox 2257 3330 3741 3396">
     <span class='ocr_line' id='line_1_77' title="bbox 2257 3330 3741 3396; baseline -0.004 -12"><span class='ocrx_word' id='word_1_623' title='bbox 2257 3346 2478 3384; x_wconf 89' lang='lat' dir='ltr'><strong>munere</strong></span> <span class='ocrx_word' id='word_1_624' title='bbox 2513 3330 2734 3387; x_wconf 85' lang='lat' dir='ltr'><strong>humilis</strong></span> <span class='ocrx_word' id='word_1_625' title='bbox 2767 3331 3046 3387; x_wconf 83' lang='lat' dir='ltr'><strong>Romanus</strong></span> <span class='ocrx_word' id='word_1_626' title='bbox 3086 3348 3229 3396; x_wconf 90' lang='lat' dir='ltr'><strong>sum,</strong></span> <span class='ocrx_word' id='word_1_627' title='bbox 3287 3334 3564 3391; x_wconf 70' lang='lat' dir='ltr'><strong>examinate</strong></span> <span class='ocrx_word' id='word_1_628' title='bbox 3603 3340 3669 3380; x_wconf 82' lang='lat' dir='ltr'><strong>me</strong></span> <span class='ocrx_word' id='word_1_629' title='bbox 3701 3330 3741 3377; x_wconf 85' lang='lat' dir='ltr'><strong>et</strong></span> 
     </span>
    </p>
   </div>
   <div class='ocr_carea' id='block_1_78' title="bbox 2256 3419 3740 3494">
    <p class='ocr_par' dir='ltr' id='par_1_78' title="bbox 2256 3419 3740 3494">
     <span class='ocr_line' id='line_1_78' title="bbox 2256 3419 3740 3494; baseline -0.003 -18"><span class='ocrx_word' id='word_1_630' title='bbox 2256 3423 2311 3476; x_wconf 86' lang='lat' dir='ltr'><strong>in</strong></span> <span class='ocrx_word' id='word_1_631' title='bbox 2345 3437 2429 3476; x_wconf 89' lang='lat' dir='ltr'><strong>me</strong></span> <span class='ocrx_word' id='word_1_632' title='bbox 2453 3422 2731 3490; x_wconf 88' lang='lat' dir='ltr'><strong>inquirite,</strong></span> <span class='ocrx_word' id='word_1_633' title='bbox 2764 3425 2809 3479; x_wconf 91' lang='lat' dir='ltr'><strong>si</strong></span> <span class='ocrx_word' id='word_1_634' title='bbox 2839 3424 2911 3479; x_wconf 85' lang='lat' dir='ltr'><strong>ita</strong></span> <span class='ocrx_word' id='word_1_635' title='bbox 2943 3425 3098 3479; x_wconf 81' lang='lat' dir='ltr'><strong>vobis</strong></span> <span class='ocrx_word' id='word_1_636' title='bbox 3130 3426 3321 3494; x_wconf 82' lang='lat' dir='ltr'><strong>placet,</strong></span> <span class='ocrx_word' id='word_1_637' title='bbox 3350 3421 3605 3478; x_wconf 87' lang='lat' dir='ltr'><strong>secundum</strong></span> <span class='ocrx_word' id='word_1_638' title='bbox 3636 3419 3740 3484; x_wconf 73' lang='lat' dir='ltr'><strong>leges</strong></span> 
     </span>
    </p>
   </div>
   <div class='ocr_carea' id='block_1_79' title="bbox 2256 3511 3739 3586">
    <p class='ocr_par' dir='ltr' id='par_1_79' title="bbox 2256 3511 3739 3586">
     <span class='ocr_line' id='line_1_79' title="bbox 2256 3511 3739 3586; baseline -0.007 -17"><span class='ocrx_word' id='word_1_639' title='bbox 2256 3530 2545 3586; x_wconf 86' lang='lat' dir='ltr'><strong>moresque</strong></span> <span class='ocrx_word' id='word_1_640' title='bbox 2578 3516 2869 3573; x_wconf 72' lang='lat' dir='ltr'><strong>Roirianos.</strong></span> <span class='ocrx_word' id='word_1_641' title='bbox 2913 3517 2969 3572; x_wconf 89' lang='lat' dir='ltr'><strong>Si</strong></span> <span class='ocrx_word' id='word_1_642' title='bbox 3029 3518 3271 3585; x_wconf 68' lang='lat' dir='ltr'><strong>legitime</strong></span> <span class='ocrx_word' id='word_1_643' title='bbox 3322 3517 3526 3571; x_wconf 84' lang='lat' dir='ltr'><strong>videbor</strong></span> <span class='ocrx_word' id='word_1_644' title='bbox 3552 3511 3739 3566; x_wconf 65' lang='lat' dir='ltr'><strong>eri-riuis</strong></span> 
     </span>
    </p>
   </div>
   <div class='ocr_carea' id='block_1_80' title="bbox 2257 3601 3736 3675">
    <p class='ocr_par' dir='ltr' id='par_1_80' title="bbox 2257 3601 3736 3675">
     <span class='ocr_line' id='line_1_80' title="bbox 2257 3601 3736 3675; baseline -0.006 -12"><span class='ocrx_word' id='word_1_645' title='bbox 2257 3623 2383 3663; x_wconf 91' lang='lat' dir='ltr'><strong>reus</strong></span> <span class='ocrx_word' id='word_1_646' title='bbox 2437 3623 2585 3671; x_wconf 88' lang='lat' dir='ltr'><strong>esse,</strong></span> <span class='ocrx_word' id='word_1_647' title='bbox 2628 3623 2694 3663; x_wconf 90' lang='lat' dir='ltr'><strong>ne</strong></span> <span class='ocrx_word' id='word_1_648' title='bbox 2747 3621 2863 3664; x_wconf 90' lang='lat' dir='ltr'><strong>esto</strong></span> <span class='ocrx_word' id='word_1_649' title='bbox 2922 3610 3111 3675; x_wconf 86' lang='lat' dir='ltr'><strong>mitis;</strong></span> <span class='ocrx_word' id='word_1_650' title='bbox 3150 3611 3234 3665; x_wconf 92' lang='lat' dir='ltr'><strong>sin</strong></span> <span class='ocrx_word' id='word_1_651' title='bbox 3282 3625 3344 3663; x_wconf 81' lang='lat' dir='ltr'><strong>ex</strong></span> <span class='ocrx_word' id='word_1_652' title='bbox 3385 3609 3555 3663; x_wconf 82' lang='lat' dir='ltr'><strong>iisdem</strong></span> <span class='ocrx_word' id='word_1_653' title='bbox 3589 3601 3736 3667; x_wconf 73' lang='lat' dir='ltr'><strong>legibus</strong></span> 
     </span>
    </p>
   </div>
   <div class='ocr_carea' id='block_1_81' title="bbox 2255 3702 3728 3772">
    <p class='ocr_par' dir='ltr' id='par_1_81' title="bbox 2255 3702 3728 3772">
     <span class='ocr_line' id='line_1_81' title="bbox 2255 3702 3728 3772; baseline -0.004 -19"><span class='ocrx_word' id='word_1_654' title='bbox 2255 3715 2361 3754; x_wconf 88' lang='lat' dir='ltr'><strong>non</strong></span> <span class='ocrx_word' id='word_1_655' title='bbox 2398 3715 2543 3762; x_wconf 84' lang='lat' dir='ltr'><strong>reus,</strong></span> <span class='ocrx_word' id='word_1_656' title='bbox 2582 3716 2649 3753; x_wconf 89' lang='lat' dir='ltr'><strong>ne</strong></span> <span class='ocrx_word' id='word_1_657' title='bbox 2682 3711 2869 3755; x_wconf 90' lang='lat' dir='ltr'><strong>vocato</strong></span> <span class='ocrx_word' id='word_1_658' title='bbox 2907 3715 2989 3753; x_wconf 90' lang='lat' dir='ltr'><strong>me</strong></span> <span class='ocrx_word' id='word_1_659' title='bbox 3024 3704 3080 3754; x_wconf 90' lang='lat' dir='ltr'><strong>in</strong></span> <span class='ocrx_word' id='word_1_660' title='bbox 3109 3702 3369 3772; x_wconf 80' lang='lat' dir='ltr'><strong>judicium</strong></span> <span class='ocrx_word' id='word_1_661' title='bbox 3421 3715 3512 3753; x_wconf 90' lang='lat' dir='ltr'><strong>neu</strong></span> <span class='ocrx_word' id='word_1_662' title='bbox 3544 3704 3728 3762; x_wconf 74' lang='lat' dir='ltr'><strong>rcsptt‘llo</strong></span> 
     </span>
    </p>
   </div>
   <div class='ocr_carea' id='block_1_82' title="bbox 2255 3789 3728 3859">
    <p class='ocr_par' dir='ltr' id='par_1_82' title="bbox 2255 3789 3728 3859">
     <span class='ocr_line' id='line_1_82' title="bbox 2255 3789 3728 3859; baseline -0.007 -17"><span class='ocrx_word' id='word_1_663' title='bbox 2255 3804 2534 3843; x_wconf 81' lang='lat' dir='ltr'><strong>sermones</strong></span> <span class='ocrx_word' id='word_1_664' title='bbox 2565 3789 2864 3852; x_wconf 89' lang='lat' dir='ltr'><strong>hominum,</strong></span> <span class='ocrx_word' id='word_1_665' title='bbox 2901 3790 2991 3857; x_wconf 89' lang='lat' dir='ltr'><strong>qui</strong></span> <span class='ocrx_word' id='word_1_666' title='bbox 3026 3791 3215 3859; x_wconf 78' lang='lat' dir='ltr'><strong>inique</strong></span> <span class='ocrx_word' id='word_1_667' title='bbox 3250 3792 3373 3843; x_wconf 78' lang='lat' dir='ltr'><strong>mihi</strong></span> <span class='ocrx_word' id='word_1_668' title='bbox 3404 3805 3461 3843; x_wconf 86' lang='lat' dir='ltr'><strong>ac</strong></span> <span class='ocrx_word' id='word_1_669' title='bbox 3503 3796 3728 3857; x_wconf 58' lang='lat' dir='ltr'><strong>praem-</strong></span> 
     </span>
    </p>
   </div>
   <div class='ocr_carea' id='block_1_83' title="bbox 2257 3873 3723 3952">
    <p class='ocr_par' dir='ltr' id='par_1_83' title="bbox 2257 3873 3723 3952">
     <span class='ocr_line' id='line_1_83' title="bbox 2257 3873 3723 3952; baseline -0.008 -21"><span class='ocrx_word' id='word_1_670' title='bbox 2257 3878 2455 3933; x_wconf 90' lang='lat' dir='ltr'><strong>tionem</strong></span> <span class='ocrx_word' id='word_1_671' title='bbox 2502 3880 2827 3944; x_wconf 69' lang='lat' dir='ltr'><strong>obtrectauit,</strong></span> <span class='ocrx_word' id='word_1_672' title='bbox 2888 3881 3089 3935; x_wconf 77' lang='lat' dir='ltr'><strong>invidia</strong></span> <span class='ocrx_word' id='word_1_673' title='bbox 3142 3882 3395 3935; x_wconf 77' lang='lat' dir='ltr'><strong>commoti</strong></span> <span class='ocrx_word' id='word_1_674' title='bbox 3440 3873 3723 3952; x_wconf 30' lang='lat' dir='ltr'><strong>et&#39;amulatio-</strong></span> 
     </span>
    </p>
   </div>
   <div class='ocr_carea' id='block_1_84' title="bbox 2258 3966 3731 4040">
    <p class='ocr_par' dir='ltr' id='par_1_84' title="bbox 2258 3966 3731 4040">
     <span class='ocr_line' id='line_1_84' title="bbox 2258 3966 3731 4040; baseline -0.003 -21"><span class='ocrx_word' id='word_1_675' title='bbox 2258 3981 2345 4020; x_wconf 92' lang='lat' dir='ltr'><strong>ne.</strong></span> <span class='ocrx_word' id='word_1_676' title='bbox 2378 3986 2396 4017; x_wconf 75' lang='grc' dir='ltr'><strong>ι</strong></span> <span class='ocrx_word' id='word_1_677' title='bbox 2433 3966 2528 4021; x_wconf 81' lang='lat' dir='ltr'><strong>His</strong></span> <span class='ocrx_word' id='word_1_678' title='bbox 2558 3969 2760 4023; x_wconf 85' lang='lat' dir='ltr'><strong>auditis</strong></span> <span class='ocrx_word' id='word_1_679' title='bbox 2794 3972 3086 4040; x_wconf 80' lang='lat' dir='ltr'><strong>episcOpus</strong></span> <span class='ocrx_word' id='word_1_680' title='bbox 3116 3974 3182 4024; x_wconf 86' lang='lat' dir='ltr'><strong>ad</strong></span> <span class='ocrx_word' id='word_1_681' title='bbox 3225 3972 3574 4039; x_wconf 82' lang='lat' dir='ltr'><strong>imperatorem</strong></span> <span class='ocrx_word' id='word_1_682' title='bbox 3599 3970 3731 4016; x_wconf 65' lang='lat' dir='ltr'><strong>runvu</strong></span> 
     </span>
    </p>
   </div>
   <div class='ocr_carea' id='block_1_85' title="bbox 2257 4053 3734 4129">
    <p class='ocr_par' dir='ltr' id='par_1_85' title="bbox 2257 4053 3734 4129">
     <span class='ocr_line' id='line_1_85' title="bbox 2257 4053 3734 4129; baseline -0.005 -19"><span class='ocrx_word' id='word_1_683' title='bbox 2257 4060 2549 4111; x_wconf 83' lang='lat' dir='ltr'><strong>renuntiat.</strong></span> <span class='ocrx_word' id='word_1_684' title='bbox 2580 4057 2788 4113; x_wconf 75' lang='lat' dir='ltr'><strong>Rursus</strong></span> <span class='ocrx_word' id='word_1_685' title='bbox 2814 4070 3002 4115; x_wconf 78' lang='lat' dir='ltr'><strong>contra</strong></span> <span class='ocrx_word' id='word_1_686' title='bbox 3035 4063 3245 4126; x_wconf 87' lang='lat' dir='ltr'><strong>dicunt,</strong></span> <span class='ocrx_word' id='word_1_687' title='bbox 3270 4065 3356 4129; x_wconf 88' lang='lat' dir='ltr'><strong>qui</strong></span> <span class='ocrx_word' id='word_1_688' title='bbox 3400 4062 3578 4114; x_wconf 86' lang='lat' dir='ltr'><strong>crimen</strong></span> <span class='ocrx_word' id='word_1_689' title='bbox 3600 4054 3654 4106; x_wconf 87' lang='lat' dir='ltr'><strong>illi</strong></span> <span class='ocrx_word' id='word_1_690' title='bbox 3680 4053 3734 4102; x_wconf 81' lang='lat' dir='ltr'><strong>in-</strong></span> 
     </span>
    </p>
   </div>
   <div class='ocr_carea' id='block_1_86' title="bbox 2255 4138 3737 4205">
    <p class='ocr_par' dir='ltr' id='par_1_86' title="bbox 2255 4138 3737 4205">
     <span class='ocr_line' id='line_1_86' title="bbox 2255 4138 3737 4205; baseline -0.006 -4"><span class='ocrx_word' id='word_1_691' title='bbox 2255 4148 2563 4202; x_wconf 86' lang='lat' dir='ltr'><strong>tendebant.</strong></span> <span class='ocrx_word' id='word_1_692' title='bbox 2622 4149 2691 4204; x_wconf 83' lang='lat' dir='ltr'><strong>At</strong></span> <span class='ocrx_word' id='word_1_693' title='bbox 2745 4165 2850 4203; x_wconf 89' lang='lat' dir='ltr'><strong>non</strong></span> <span class='ocrx_word' id='word_1_694' title='bbox 2905 4150 3234 4205; x_wconf 87' lang='lat' dir='ltr'><strong>videbantur</strong></span> <span class='ocrx_word' id='word_1_695' title='bbox 3300 4166 3420 4205; x_wconf 88' lang='lat' dir='ltr'><strong>vere</strong></span> <span class='ocrx_word' id='word_1_696' title='bbox 3471 4148 3637 4205; x_wconf 72' lang='lat' dir='ltr'><strong>dicate,</strong></span> <span class='ocrx_word' id='word_1_697' title='bbox 3671 4138 3737 4192; x_wconf 65' lang='lat' dir='ltr'><strong>sui</strong></span> 
     </span>
    </p>
   </div>
   <div class='ocr_carea' id='block_1_87' title="bbox 2255 4232 3738 4311">
    <p class='ocr_par' dir='ltr' id='par_1_87' title="bbox 2255 4232 3738 4311">
     <span class='ocr_line' id='line_1_87' title="bbox 2255 4232 3738 4311; baseline -0.009 -18"><span class='ocrx_word' id='word_1_698' title='bbox 2255 4241 2654 4296; x_wconf 78' lang='lat' dir='ltr'><strong>commenticiis</strong></span> <span class='ocrx_word' id='word_1_699' title='bbox 2679 4243 2752 4296; x_wconf 89' lang='lat' dir='ltr'><strong>uti</strong></span> <span class='ocrx_word' id='word_1_700' title='bbox 2785 4243 3099 4305; x_wconf 86' lang='lat' dir='ltr'><strong>calumniis.</strong></span> <span class='ocrx_word' id='word_1_701' title='bbox 3130 4245 3345 4297; x_wconf 85' lang='lat' dir='ltr'><strong>etiamsi</strong></span> <span class='ocrx_word' id='word_1_702' title='bbox 3398 4251 3580 4311; x_wconf 84' lang='lat' dir='ltr'><strong>postea,</strong></span> <span class='ocrx_word' id='word_1_703' title='bbox 3608 4232 3738 4286; x_wconf 77' lang='lat' dir='ltr'><strong>cnnci-</strong></span> 
     </span>
    </p>
   </div>
   <div class='ocr_carea' id='block_1_88' title="bbox 589 4312 3740 4403">
    <p class='ocr_par' dir='ltr' id='par_1_88' title="bbox 589 4312 3740 4403">
     <span class='ocr_line' id='line_1_88' title="bbox 589 4312 3740 4403; baseline -0.001 -24"><span class='ocrx_word' id='word_1_704' title='bbox 589 4327 719 4381; x_wconf 86' lang='lat' dir='ltr'><strong>mihi</strong></span> <span class='ocrx_word' id='word_1_705' title='bbox 766 4312 1193 4385; x_wconf 76' lang='lat' dir='ltr'><strong>benevolentiam</strong></span> <span class='ocrx_word' id='word_1_706' title='bbox 1242 4318 1468 4398; x_wconf 60' lang='lat' dir='ltr'><strong>bra-sta,</strong></span> <span class='ocrx_word' id='word_1_707' title='bbox 1503 4344 1562 4384; x_wconf 92' lang='lat' dir='ltr'><strong>ut</strong></span> <span class='ocrx_word' id='word_1_708' title='bbox 1597 4331 1799 4387; x_wconf 89' lang='lat' dir='ltr'><strong>ferrum</strong></span> <span class='ocrx_word' id='word_1_709' title='bbox 1853 4337 1905 4388; x_wconf 79' lang='lat' dir='ltr'><strong>in</strong></span> <span class='ocrx_word' id='word_1_710' title='bbox 1955 4335 2148 4390; x_wconf 84' lang='lat' dir='ltr'><strong>camini</strong></span> <span class='ocrx_word' id='word_1_711' title='bbox 2184 4340 2227 4395; x_wconf 79' lang='grc' dir='ltr'>ι)</span> <span class='ocrx_word' id='word_1_712' title='bbox 2256 4331 2425 4387; x_wconf 87' lang='lat' dir='ltr'><strong>llante</strong></span> <span class='ocrx_word' id='word_1_713' title='bbox 2465 4344 2726 4403; x_wconf 89' lang='lat' dir='ltr'><strong>tempore,</strong></span> <span class='ocrx_word' id='word_1_714' title='bbox 2763 4350 2850 4389; x_wconf 89' lang='lat' dir='ltr'><strong>res</strong></span> <span class='ocrx_word' id='word_1_715' title='bbox 2888 4336 2959 4391; x_wconf 83' lang='lat' dir='ltr'><strong>ita</strong></span> <span class='ocrx_word' id='word_1_716' title='bbox 2992 4340 3192 4391; x_wconf 77' lang='lat' dir='ltr'><strong>evenit.</strong></span> <span class='ocrx_word' id='word_1_717' title='bbox 3224 4335 3577 4391; x_wconf 72' lang='lat' dir='ltr'><strong>Verumtamen</strong></span> <span class='ocrx_word' id='word_1_718' title='bbox 3603 4330 3740 4379; x_wconf 74' lang='lat' dir='ltr'><strong>decre-</strong></span> 
     </span>
    </p>
   </div>
   <div class='ocr_carea' id='block_1_89' title="bbox 588 4417 2152 4497">
    <p class='ocr_par' dir='ltr' id='par_1_89' title="bbox 588 4417 2152 4497">
     <span class='ocr_line' id='line_1_89' title="bbox 588 4417 2152 4497; baseline 0.008 -28"><span class='ocrx_word' id='word_1_719' title='bbox 588 4417 831 4475; x_wconf 83' lang='lat' dir='ltr'><strong>ﬂammas</strong></span> <span class='ocrx_word' id='word_1_720' title='bbox 861 4425 1173 4489; x_wconf 85' lang='lat' dir='ltr'><strong>conjectum</strong></span> <span class='ocrx_word' id='word_1_721' title='bbox 1211 4431 1264 4476; x_wconf 89' lang='lat' dir='ltr'><strong>et</strong></span> <span class='ocrx_word' id='word_1_722' title='bbox 1297 4423 1434 4477; x_wconf 89' lang='lat' dir='ltr'><strong>bene</strong></span> <span class='ocrx_word' id='word_1_723' title='bbox 1479 4424 1857 4480; x_wconf 87' lang='lat' dir='ltr'><strong>candefactum</strong></span> <span class='ocrx_word' id='word_1_724' title='bbox 1893 4426 2023 4481; x_wconf 89' lang='lat' dir='ltr'><strong>mihi</strong></span> <span class='ocrx_word' id='word_1_725' title='bbox 2056 4443 2152 4497; x_wconf 80' lang='lat' dir='ltr'><strong>ap-</strong></span> 
     </span>
    </p>
   </div>
   <div class='ocr_carea' id='block_1_90' title="bbox 588 4514 2155 4589">
    <p class='ocr_par' dir='ltr' id='par_1_90' title="bbox 588 4514 2155 4589">
     <span class='ocr_line' id='line_1_90' title="bbox 588 4514 2155 4589; baseline 0.007 -27"><span class='ocrx_word' id='word_1_726' title='bbox 588 4520 864 4579; x_wconf 87' lang='lat' dir='ltr'><strong>portetur:</strong></span> <span class='ocrx_word' id='word_1_727' title='bbox 901 4514 1148 4569; x_wconf 76' lang='lat' dir='ltr'><strong>mauibLs</strong></span> <span class='ocrx_word' id='word_1_728' title='bbox 1177 4514 1308 4568; x_wconf 88' lang='lat' dir='ltr'><strong>illud</strong></span> <span class='ocrx_word' id='word_1_729' title='bbox 1364 4518 1609 4569; x_wconf 80' lang='lat' dir='ltr'><strong>tractabo</strong></span> <span class='ocrx_word' id='word_1_730' title='bbox 1650 4532 1964 4589; x_wconf 71' lang='lat' dir='ltr'><strong>primasque</strong></span> <span class='ocrx_word' id='word_1_731' title='bbox 1993 4521 2042 4573; x_wconf 92' lang='lat' dir='ltr'><strong>in</strong></span> <span class='ocrx_word' id='word_1_732' title='bbox 2080 4522 2155 4576; x_wconf 86' lang='lat' dir='ltr'><strong>si-</strong></span> 
     </span>
    </p>
   </div>
   <div class='ocr_carea' id='block_1_91' title="bbox 588 4603 2149 4680">
    <p class='ocr_par' dir='ltr' id='par_1_91' title="bbox 588 4603 2149 4680">
     <span class='ocr_line' id='line_1_91' title="bbox 588 4603 2149 4680; baseline 0.006 -23"><span class='ocrx_word' id='word_1_733' title='bbox 588 4618 715 4657; x_wconf 90' lang='lat' dir='ltr'><strong>num</strong></span> <span class='ocrx_word' id='word_1_734' title='bbox 773 4603 1085 4670; x_wconf 87' lang='lat' dir='ltr'><strong>immittam,</strong></span> <span class='ocrx_word' id='word_1_735' title='bbox 1134 4604 1240 4659; x_wconf 90' lang='lat' dir='ltr'><strong>Deo</strong></span> <span class='ocrx_word' id='word_1_736' title='bbox 1274 4608 1532 4672; x_wconf 78' lang='lat' dir='ltr'><strong>conlisus,</strong></span> <span class='ocrx_word' id='word_1_737' title='bbox 1577 4608 1667 4676; x_wconf 89' lang='lat' dir='ltr'><strong>qui</strong></span> <span class='ocrx_word' id='word_1_738' title='bbox 1715 4620 1824 4665; x_wconf 92' lang='lat' dir='ltr'><strong>tres</strong></span> <span class='ocrx_word' id='word_1_739' title='bbox 1874 4628 2069 4680; x_wconf 82' lang='lat' dir='ltr'><strong>pueros</strong></span> <span class='ocrx_word' id='word_1_740' title='bbox 2095 4613 2149 4667; x_wconf 90' lang='lat' dir='ltr'><strong>in</strong></span> 
     </span>
    </p>
   </div>
   <div class='ocr_carea' id='block_1_92' title="bbox 587 4680 2149 4767">
    <p class='ocr_par' dir='ltr' id='par_1_92' title="bbox 587 4680 2149 4767">
     <span class='ocr_line' id='line_1_92' title="bbox 587 4680 2149 4767; baseline 0.009 -24"><span class='ocrx_word' id='word_1_741' title='bbox 587 4691 812 4747; x_wconf 88' lang='lat' dir='ltr'><strong>ardente</strong></span> <span class='ocrx_word' id='word_1_742' title='bbox 843 4690 1064 4748; x_wconf 79' lang='lat' dir='ltr'><strong>fornace</strong></span> <span class='ocrx_word' id='word_1_743' title='bbox 1095 4695 1347 4750; x_wconf 86' lang='lat' dir='ltr'><strong>servavit.</strong></span> <span class='ocrx_word' id='word_1_744' title='bbox 1376 4695 1621 4767; x_wconf 86' lang='lat' dir='ltr'><strong>Namque</strong></span> <span class='ocrx_word' id='word_1_745' title='bbox 1647 4680 1837 4755; x_wconf 84' lang='lat' dir='ltr'><strong>oculus</strong></span> <span class='ocrx_word' id='word_1_746' title='bbox 1857 4702 1945 4755; x_wconf 91' lang='lat' dir='ltr'><strong>ille</strong></span> <span class='ocrx_word' id='word_1_747' title='bbox 1970 4704 2149 4757; x_wconf 79' lang='grc' dir='ltr'>οιιιιιίο</span> 
     </span>
    </p>
   </div>
   <div class='ocr_carea' id='block_1_93' title="bbox 588 4787 2145 4857">
    <p class='ocr_par' dir='ltr' id='par_1_93' title="bbox 588 4787 2145 4857">
     <span class='ocr_line' id='line_1_93' title="bbox 588 4787 2145 4857; baseline 0.008 -23"><span class='ocrx_word' id='word_1_748' title='bbox 588 4792 749 4838; x_wconf 90' lang='lat' dir='ltr'><strong>tuens</strong></span> <span class='ocrx_word' id='word_1_749' title='bbox 780 4798 1100 4855; x_wconf 89' lang='lat' dir='ltr'><strong>semperque</strong></span> <span class='ocrx_word' id='word_1_750' title='bbox 1134 4787 1280 4855; x_wconf 80' lang='lat' dir='ltr'><strong>vigil,</strong></span> <span class='ocrx_word' id='word_1_751' title='bbox 1337 4789 1428 4857; x_wconf 88' lang='lat' dir='ltr'><strong>qui</strong></span> <span class='ocrx_word' id='word_1_752' title='bbox 1471 4801 1747 4843; x_wconf 83' lang='lat' dir='ltr'><strong>scrutatur</strong></span> <span class='ocrx_word' id='word_1_753' title='bbox 1778 4793 1945 4847; x_wconf 87' lang='lat' dir='ltr'><strong>corda</strong></span> <span class='ocrx_word' id='word_1_754' title='bbox 1971 4802 2025 4846; x_wconf 87' lang='lat' dir='ltr'><strong>et</strong></span> <span class='ocrx_word' id='word_1_755' title='bbox 2059 4810 2145 4848; x_wconf 85' lang='lat' dir='ltr'><strong>re-</strong></span> 
     </span>
    </p>
   </div>
   <div class='ocr_carea' id='block_1_94' title="bbox 589 4877 2149 4953">
    <p class='ocr_par' dir='ltr' id='par_1_94' title="bbox 589 4877 2149 4953">
     <span class='ocr_line' id='line_1_94' title="bbox 589 4877 2149 4953; baseline 0.006 -24"><span class='ocrx_word' id='word_1_756' title='bbox 589 4889 704 4940; x_wconf 82' lang='lat' dir='ltr'><strong>nes,</strong></span> <span class='ocrx_word' id='word_1_757' title='bbox 737 4892 823 4942; x_wconf 88' lang='lat' dir='ltr'><strong>ea,</strong></span> <span class='ocrx_word' id='word_1_758' title='bbox 861 4892 981 4945; x_wconf 72' lang='lat' dir='ltr'><strong>qua:</strong></span> <span class='ocrx_word' id='word_1_759' title='bbox 1006 4877 1334 4948; x_wconf 81' lang='lat' dir='ltr'><strong>interrogor,</strong></span> <span class='ocrx_word' id='word_1_760' title='bbox 1362 4895 1447 4932; x_wconf 89' lang='lat' dir='ltr'><strong>me</strong></span> <span class='ocrx_word' id='word_1_761' title='bbox 1469 4896 1569 4935; x_wconf 86' lang='lat' dir='ltr'><strong>nec</strong></span> <span class='ocrx_word' id='word_1_762' title='bbox 1618 4883 1803 4937; x_wconf 90' lang='lat' dir='ltr'><strong>animo</strong></span> <span class='ocrx_word' id='word_1_763' title='bbox 1836 4889 2149 4953; x_wconf 90' lang='lat' dir='ltr'><strong>concepisse</strong></span> 
     </span>
    </p>
   </div>
   <div class='ocr_carea' id='block_1_95' title="bbox 586 4969 2147 5040">
    <p class='ocr_par' dir='ltr' id='par_1_95' title="bbox 586 4969 2147 5040">
     <span class='ocr_line' id='line_1_95' title="bbox 586 4969 2147 5040; baseline 0.006 -18"><span class='ocrx_word' id='word_1_764' title='bbox 586 4982 683 5022; x_wconf 88' lang='lat' dir='ltr'><strong>nec</strong></span> <span class='ocrx_word' id='word_1_765' title='bbox 725 4969 1040 5023; x_wconf 89' lang='lat' dir='ltr'><strong>meditatum</strong></span> <span class='ocrx_word' id='word_1_766' title='bbox 1071 4984 1191 5024; x_wconf 87' lang='lat' dir='ltr'><strong>esse</strong></span> <span class='ocrx_word' id='word_1_767' title='bbox 1216 4970 1363 5025; x_wconf 92' lang='lat' dir='ltr'><strong>novit</strong></span> <span class='ocrx_word' id='word_1_768' title='bbox 1391 4982 1550 5039; x_wconf 83' lang='lat' dir='ltr'><strong>atque</strong></span> <span class='ocrx_word' id='word_1_769' title='bbox 1582 4973 1808 5028; x_wconf 71' lang='lat' dir='ltr'><strong>illaesum</strong></span> <span class='ocrx_word' id='word_1_770' title='bbox 1842 4992 1945 5040; x_wconf 89' lang='lat' dir='ltr'><strong>me,</strong></span> <span class='ocrx_word' id='word_1_771' title='bbox 1984 4977 2027 5030; x_wconf 88' lang='lat' dir='ltr'><strong>si</strong></span> <span class='ocrx_word' id='word_1_772' title='bbox 2056 4991 2147 5031; x_wconf 89' lang='lat' dir='ltr'><strong>vo-</strong></span> 
     </span>
    </p>
   </div>
   <div class='ocr_carea' id='block_1_96' title="bbox 587 5058 2143 5137">
    <p class='ocr_par' dir='ltr' id='par_1_96' title="bbox 587 5058 2143 5137">
     <span class='ocr_line' id='line_1_96' title="bbox 587 5058 2143 5137; baseline 0.008 -27"><span class='ocrx_word' id='word_1_773' title='bbox 587 5058 770 5123; x_wconf 88' lang='lat' dir='ltr'><strong>luerit,</strong></span> <span class='ocrx_word' id='word_1_774' title='bbox 836 5060 1114 5129; x_wconf 71' lang='lat' dir='ltr'><strong>prrestabit</strong></span> <span class='ocrx_word' id='word_1_775' title='bbox 1138 5074 1167 5112; x_wconf 84' lang='lat' dir='ltr'><strong>a</strong></span> <span class='ocrx_word' id='word_1_776' title='bbox 1201 5061 1249 5114; x_wconf 86' lang='lat' dir='ltr'><strong>vi</strong></span> <span class='ocrx_word' id='word_1_777' title='bbox 1281 5060 1438 5128; x_wconf 79' lang='lat' dir='ltr'><strong>ignis.</strong></span> <span class='ocrx_word' id='word_1_778' title='bbox 1468 5079 1487 5113; x_wconf 79' lang='grc' dir='ltr'><strong>ι</strong></span> <span class='ocrx_word' id='word_1_779' title='bbox 1524 5060 1773 5119; x_wconf 89' lang='lat' dir='ltr'><strong>Occurrit</strong></span> <span class='ocrx_word' id='word_1_780' title='bbox 1807 5068 2095 5137; x_wconf 89' lang='lat' dir='ltr'><strong>episcopus</strong></span> <span class='ocrx_word' id='word_1_781' title='bbox 2128 5086 2143 5123; x_wconf 91' lang='lat'>:</span> 
     </span>
    </p>
   </div>
   <div class='ocr_carea' id='block_1_97' title="bbox 592 5150 2147 5229">
    <p class='ocr_par' dir='ltr' id='par_1_97' title="bbox 592 5150 2147 5229">
     <span class='ocr_line' id='line_1_97' title="bbox 592 5150 2147 5229; baseline 0.008 -25"><span class='ocrx_word' id='word_1_782' title='bbox 592 5170 611 5204; x_wconf 82' lang='grc' dir='ltr'><strong>ι</strong></span> <span class='ocrx_word' id='word_1_783' title='bbox 656 5150 917 5207; x_wconf 77' lang='lat' dir='ltr'><strong>Romanis</strong></span> <span class='ocrx_word' id='word_1_784' title='bbox 949 5162 1002 5206; x_wconf 92' lang='lat' dir='ltr'><strong>et</strong></span> <span class='ocrx_word' id='word_1_785' title='bbox 1033 5154 1371 5223; x_wconf 83' lang='lat' dir='ltr'><strong>sapientibus</strong></span> <span class='ocrx_word' id='word_1_786' title='bbox 1428 5154 1632 5210; x_wconf 64' lang='lat' dir='ltr'><strong>Griecis</strong></span> <span class='ocrx_word' id='word_1_787' title='bbox 1691 5174 1789 5212; x_wconf 89' lang='lat' dir='ltr'><strong>nec</strong></span> <span class='ocrx_word' id='word_1_788' title='bbox 1850 5158 1989 5229; x_wconf 81' lang='lat' dir='ltr'><strong>lege,</strong></span> <span class='ocrx_word' id='word_1_789' title='bbox 2048 5168 2147 5216; x_wconf 88' lang='lat' dir='ltr'><strong>nec</strong></span> 
     </span>
    </p>
   </div>
   <div class='ocr_carea' id='block_1_98' title="bbox 586 5249 2144 5318">
    <p class='ocr_par' dir='ltr' id='par_1_98' title="bbox 586 5249 2144 5318">
     <span class='ocr_line' id='line_1_98' title="bbox 586 5249 2144 5318; baseline 0.007 -21"><span class='ocrx_word' id='word_1_790' title='bbox 586 5258 736 5299; x_wconf 89' lang='lat' dir='ltr'><strong>more</strong></span> <span class='ocrx_word' id='word_1_791' title='bbox 766 5256 1033 5313; x_wconf 84' lang='lat' dir='ltr'><strong>receptum</strong></span> <span class='ocrx_word' id='word_1_792' title='bbox 1064 5256 1167 5306; x_wconf 84' lang='lat' dir='ltr'><strong>est.</strong></span> <span class='ocrx_word' id='word_1_793' title='bbox 1204 5259 1261 5300; x_wconf 93' lang='lat' dir='ltr'><strong>ut</strong></span> <span class='ocrx_word' id='word_1_794' title='bbox 1293 5262 1432 5311; x_wconf 86' lang='lat' dir='ltr'><strong>reos,</strong></span> <span class='ocrx_word' id='word_1_795' title='bbox 1456 5249 1665 5303; x_wconf 82' lang='lat' dir='ltr'><strong>nobiles</strong></span> <span class='ocrx_word' id='word_1_796' title='bbox 1693 5255 2017 5318; x_wconf 63' lang='lat' dir='ltr'><strong>praesertim,</strong></span> <span class='ocrx_word' id='word_1_797' title='bbox 2050 5268 2144 5308; x_wconf 85' lang='lat' dir='ltr'><strong>ex-</strong></span> 
     </span>
    </p>
   </div>
   <div class='ocr_carea' id='block_1_99' title="bbox 582 5337 2143 5414">
    <p class='ocr_par' dir='ltr' id='par_1_99' title="bbox 582 5337 2143 5414">
     <span class='ocr_line' id='line_1_99' title="bbox 582 5337 2143 5414; baseline 0.006 -25"><span class='ocrx_word' id='word_1_798' title='bbox 582 5345 884 5404; x_wconf 86' lang='lat' dir='ltr'><strong>torqueant.</strong></span> <span class='ocrx_word' id='word_1_799' title='bbox 944 5337 1214 5392; x_wconf 84' lang='lat' dir='ltr'><strong>Barbarus</strong></span> <span class='ocrx_word' id='word_1_800' title='bbox 1273 5339 1375 5393; x_wconf 90' lang='lat' dir='ltr'><strong>iste</strong></span> <span class='ocrx_word' id='word_1_801' title='bbox 1405 5355 1520 5395; x_wconf 89' lang='lat' dir='ltr'><strong>mos</strong></span> <span class='ocrx_word' id='word_1_802' title='bbox 1559 5352 1639 5396; x_wconf 86' lang='lat' dir='ltr'><strong>est</strong></span> <span class='ocrx_word' id='word_1_803' title='bbox 1669 5352 1723 5396; x_wconf 93' lang='lat' dir='ltr'><strong>et</strong></span> <span class='ocrx_word' id='word_1_804' title='bbox 1752 5342 1993 5398; x_wconf 80' lang='lat' dir='ltr'><strong>nefastus</strong></span> <span class='ocrx_word' id='word_1_805' title='bbox 2025 5346 2143 5414; x_wconf 78' lang='lat' dir='ltr'><strong>pla-</strong></span> 
     </span>
    </p>
   </div>
   <div class='ocr_carea' id='block_1_100' title="bbox 578 5429 2143 5504">
    <p class='ocr_par' dir='ltr' id='par_1_100' title="bbox 578 5429 2143 5504">
     <span class='ocr_line' id='line_1_100' title="bbox 578 5429 2143 5504; baseline 0.004 -20"><span class='ocrx_word' id='word_1_806' title='bbox 578 5444 753 5496; x_wconf 84' lang='lat' dir='ltr'><strong>neque</strong></span> <span class='ocrx_word' id='word_1_807' title='bbox 780 5430 1017 5497; x_wconf 75' lang='lat' dir='ltr'><strong>gentilis.</strong></span> <span class='ocrx_word' id='word_1_808' title='bbox 1053 5450 1071 5483; x_wconf 79' lang='grc' dir='ltr'><strong>ι</strong></span> <span class='ocrx_word' id='word_1_809' title='bbox 1100 5429 1199 5486; x_wconf 72' lang='lat' dir='ltr'><strong>llic</strong></span> <span class='ocrx_word' id='word_1_810' title='bbox 1229 5432 1557 5488; x_wconf 84' lang='lat' dir='ltr'><strong>Comnenus.</strong></span> <span class='ocrx_word' id='word_1_811' title='bbox 1594 5452 1615 5485; x_wconf 82' lang='grc' dir='ltr'><strong>ι</strong></span> <span class='ocrx_word' id='word_1_812' title='bbox 1641 5435 1933 5504; x_wconf 85' lang='lat' dir='ltr'><strong>Quoniam,</strong></span> <span class='ocrx_word' id='word_1_813' title='bbox 1965 5438 2143 5491; x_wconf 89' lang='lat' dir='ltr'><strong>domi-</strong></span> 
     </span>
    </p>
   </div>
   <div class='ocr_carea' id='block_1_101' title="bbox 577 5519 2141 5594">
    <p class='ocr_par' dir='ltr' id='par_1_101' title="bbox 577 5519 2141 5594">
     <span class='ocr_line' id='line_1_101' title="bbox 577 5519 2141 5594; baseline 0.006 -21"><span class='ocrx_word' id='word_1_814' title='bbox 577 5534 643 5574; x_wconf 88' lang='lat' dir='ltr'><strong>ne</strong></span> <span class='ocrx_word' id='word_1_815' title='bbox 674 5522 1002 5587; x_wconf 76' lang='lat' dir='ltr'><strong>venerande,</strong></span> <span class='ocrx_word' id='word_1_816' title='bbox 1039 5521 1234 5590; x_wconf 88' lang='lat' dir='ltr'><strong>inquit,</strong></span> <span class='ocrx_word' id='word_1_817' title='bbox 1264 5519 1521 5577; x_wconf 83' lang='lat' dir='ltr'><strong>Romanis</strong></span> <span class='ocrx_word' id='word_1_818' title='bbox 1554 5524 1627 5590; x_wconf 79' lang='lat' dir='ltr'><strong>id,</strong></span> <span class='ocrx_word' id='word_1_819' title='bbox 1654 5526 1799 5594; x_wconf 75' lang='lat' dir='ltr'><strong>quod</strong></span> <span class='ocrx_word' id='word_1_820' title='bbox 1847 5526 2015 5591; x_wconf 87' lang='lat' dir='ltr'><strong>volui,</strong></span> <span class='ocrx_word' id='word_1_821' title='bbox 2045 5542 2141 5582; x_wconf 82' lang='lat' dir='ltr'><strong>nec</strong></span> 
     </span>
    </p>
   </div>
   <div class='ocr_carea' id='block_1_102' title="bbox 576 5610 2134 5691">
    <p class='ocr_par' dir='ltr' id='par_1_102' title="bbox 576 5610 2134 5691">
     <span class='ocr_line' id='line_1_102' title="bbox 576 5610 2134 5691; baseline 0.005 -25"><span class='ocrx_word' id='word_1_822' title='bbox 576 5610 786 5681; x_wconf 72' lang='lat' dir='ltr'><strong>legibus</strong></span> <span class='ocrx_word' id='word_1_823' title='bbox 828 5628 929 5671; x_wconf 86' lang='lat' dir='ltr'><strong>nec</strong></span> <span class='ocrx_word' id='word_1_824' title='bbox 978 5614 1220 5673; x_wconf 81' lang='lat' dir='ltr'><strong>moribus</strong></span> <span class='ocrx_word' id='word_1_825' title='bbox 1254 5616 1521 5673; x_wconf 85' lang='lat' dir='ltr'><strong>sancitum</strong></span> <span class='ocrx_word' id='word_1_826' title='bbox 1575 5628 1677 5686; x_wconf 76' lang='grc' dir='ltr'>εει,</span> <span class='ocrx_word' id='word_1_827' title='bbox 1713 5627 1768 5672; x_wconf 86' lang='grc' dir='ltr'><strong>ιιι</strong></span> <span class='ocrx_word' id='word_1_828' title='bbox 1810 5626 1864 5673; x_wconf 86' lang='grc' dir='ltr'><strong>ιιι</strong></span> <span class='ocrx_word' id='word_1_829' title='bbox 1914 5619 2134 5691; x_wconf 83' lang='lat' dir='ltr'><strong>quidem</strong></span> 
     </span>
    </p>
   </div>
   <div class='ocr_carea' id='block_1_103' title="bbox 2256 4418 3735 4492">
    <p class='ocr_par' dir='ltr' id='par_1_103' title="bbox 2256 4418 3735 4492">
     <span class='ocr_line' id='line_1_103' title="bbox 2256 4418 3735 4492; baseline 0.002 -15"><span class='ocrx_word' id='word_1_830' title='bbox 2256 4418 2331 4477; x_wconf 78' lang='lat' dir='ltr'><strong>Vit</strong></span> <span class='ocrx_word' id='word_1_831' title='bbox 2361 4424 2673 4492; x_wconf 85' lang='lat' dir='ltr'><strong>imperator,</strong></span> <span class='ocrx_word' id='word_1_832' title='bbox 2710 4437 2771 4480; x_wconf 91' lang='lat' dir='ltr'><strong>ut</strong></span> <span class='ocrx_word' id='word_1_833' title='bbox 2832 4426 2952 4481; x_wconf 91' lang='lat' dir='ltr'><strong>illas</strong></span> <span class='ocrx_word' id='word_1_834' title='bbox 2981 4442 3161 4482; x_wconf 83' lang='lat' dir='ltr'><strong>meras</strong></span> <span class='ocrx_word' id='word_1_835' title='bbox 3199 4442 3318 4481; x_wconf 84' lang='lat' dir='ltr'><strong>esse</strong></span> <span class='ocrx_word' id='word_1_836' title='bbox 3370 4422 3638 4480; x_wconf 64' lang='lat' dir='ltr'><strong>calumnias.</strong></span> <span class='ocrx_word' id='word_1_837' title='bbox 3667 4424 3735 4463; x_wconf 60' lang='lat' dir='ltr'><strong>&quot;9c</strong></span> 
     </span>
    </p>
   </div>
   <div class='ocr_carea' id='block_1_104' title="bbox 2255 4508 3730 4587">
    <p class='ocr_par' dir='ltr' id='par_1_104' title="bbox 2255 4508 3730 4587">
     <span class='ocr_line' id='line_1_104' title="bbox 2255 4508 3730 4587; baseline 0.006 -20"><span class='ocrx_word' id='word_1_838' title='bbox 2255 4532 2489 4583; x_wconf 88' lang='lat' dir='ltr'><strong>unquam</strong></span> <span class='ocrx_word' id='word_1_839' title='bbox 2525 4532 2582 4571; x_wconf 91' lang='lat' dir='ltr'><strong>se</strong></span> <span class='ocrx_word' id='word_1_840' title='bbox 2616 4516 2860 4571; x_wconf 90' lang='lat' dir='ltr'><strong>molitmu</strong></span> <span class='ocrx_word' id='word_1_841' title='bbox 2889 4533 3029 4583; x_wconf 89' lang='lat' dir='ltr'><strong>esse,</strong></span> <span class='ocrx_word' id='word_1_842' title='bbox 3068 4520 3137 4573; x_wconf 90' lang='lat' dir='ltr'><strong>de</strong></span> <span class='ocrx_word' id='word_1_843' title='bbox 3166 4533 3274 4587; x_wconf 91' lang='lat' dir='ltr'><strong>quo</strong></span> <span class='ocrx_word' id='word_1_844' title='bbox 3307 4508 3730 4586; x_wconf 59' lang='lat' dir='ltr'><strong>arguerelunjurc‘</strong></span> 
     </span>
    </p>
   </div>
   <div class='ocr_carea' id='block_1_105' title="bbox 2250 4600 3725 4677">
    <p class='ocr_par' dir='ltr' id='par_1_105' title="bbox 2250 4600 3725 4677">
     <span class='ocr_line' id='line_1_105' title="bbox 2250 4600 3725 4677; baseline -0.005 -19"><span class='ocrx_word' id='word_1_845' title='bbox 2250 4608 2482 4676; x_wconf 87' lang='lat' dir='ltr'><strong>jurando</strong></span> <span class='ocrx_word' id='word_1_846' title='bbox 2514 4608 2834 4677; x_wconf 80' lang='lat' dir='ltr'><strong>interpOsito</strong></span> <span class='ocrx_word' id='word_1_847' title='bbox 2869 4609 3099 4663; x_wconf 82' lang='lat' dir='ltr'><strong>Michael</strong></span> <span class='ocrx_word' id='word_1_848' title='bbox 3122 4617 3475 4666; x_wconf 79' lang='lat' dir='ltr'><strong>asseveraret.</strong></span> <span class='ocrx_word' id='word_1_849' title='bbox 3508 4600 3725 4669; x_wconf 68' lang='lat' dir='ltr'><strong>Quoiam.</strong></span> 
     </span>
    </p>
   </div>
   <div class='ocr_carea' id='block_1_106' title="bbox 2251 4686 3732 4771">
    <p class='ocr_par' dir='ltr' id='par_1_106' title="bbox 2251 4686 3732 4771">
     <span class='ocr_line' id='line_1_106' title="bbox 2251 4686 3732 4771; baseline -0.003 -19"><span class='ocrx_word' id='word_1_850' title='bbox 2251 4714 2374 4752; x_wconf 83' lang='lat' dir='ltr'><strong>eum</strong></span> <span class='ocrx_word' id='word_1_851' title='bbox 2393 4702 2692 4755; x_wconf 86' lang='lat' dir='ltr'><strong>etcritnine</strong></span> <span class='ocrx_word' id='word_1_852' title='bbox 2720 4710 2775 4756; x_wconf 87' lang='lat' dir='ltr'><strong>et</strong></span> <span class='ocrx_word' id='word_1_853' title='bbox 2803 4704 3115 4771; x_wconf 82' lang='lat' dir='ltr'><strong>suspicione</strong></span> <span class='ocrx_word' id='word_1_854' title='bbox 3146 4705 3293 4757; x_wconf 88' lang='lat' dir='ltr'><strong>omni</strong></span> <span class='ocrx_word' id='word_1_855' title='bbox 3325 4703 3534 4755; x_wconf 78' lang='lat' dir='ltr'><strong>liberum</strong></span> <span class='ocrx_word' id='word_1_856' title='bbox 3548 4708 3637 4748; x_wconf 75' lang='lat' dir='ltr'><strong>esse</strong></span> <span class='ocrx_word' id='word_1_857' title='bbox 3654 4686 3732 4757; x_wconf 64' lang='grc' dir='ltr'><strong>βῐὶ·</strong></span> 
     </span>
    </p>
   </div>
   <div class='ocr_carea' id='block_1_107' title="bbox 2250 4783 3763 4869">
    <p class='ocr_par' dir='ltr' id='par_1_107' title="bbox 2250 4783 3763 4869">
     <span class='ocr_line' id='line_1_107' title="bbox 2250 4783 3763 4869; baseline -0.005 -24"><span class='ocrx_word' id='word_1_858' title='bbox 2250 4792 2515 4853; x_wconf 83' lang='lat' dir='ltr'><strong>stinisque</strong></span> <span class='ocrx_word' id='word_1_859' title='bbox 2546 4793 2839 4849; x_wconf 79' lang='lat' dir='ltr'><strong>honoribus</strong></span> <span class='ocrx_word' id='word_1_860' title='bbox 2878 4797 3088 4851; x_wconf 92' lang='lat' dir='ltr'><strong>restitui</strong></span> <span class='ocrx_word' id='word_1_861' title='bbox 3144 4799 3331 4869; x_wconf 85' lang='lat' dir='ltr'><strong>jussit,</strong></span> <span class='ocrx_word' id='word_1_862' title='bbox 3362 4811 3421 4851; x_wconf 91' lang='lat' dir='ltr'><strong>ac</strong></span> <span class='ocrx_word' id='word_1_863' title='bbox 3451 4786 3643 4863; x_wconf 72' lang='lat' dir='ltr'><strong>prafecit</strong></span> <span class='ocrx_word' id='word_1_864' title='bbox 3669 4783 3729 4832; x_wconf 56' lang='lat' dir='ltr'><strong>in‘</strong></span> <span class='ocrx_word' id='word_1_865' title='bbox 3758 4830 3763 4833; x_wconf 80' lang='lat'><strong>.</strong></span> 
     </span>
    </p>
   </div>
   <div class='ocr_carea' id='block_1_108' title="bbox 2248 4884 3067 4948">
    <p class='ocr_par' dir='ltr' id='par_1_108' title="bbox 2248 4884 3067 4948">
     <span class='ocr_line' id='line_1_108' title="bbox 2248 4884 3067 4948; baseline 0.009 -12"><span class='ocrx_word' id='word_1_866' title='bbox 2248 4898 2414 4948; x_wconf 77' lang='lat' dir='ltr'><strong>super</strong></span> <span class='ocrx_word' id='word_1_867' title='bbox 2443 4884 2646 4938; x_wconf 87' lang='lat' dir='ltr'><strong>civitati</strong></span> <span class='ocrx_word' id='word_1_868' title='bbox 2688 4884 3067 4943; x_wconf 67' lang='lat' dir='ltr'><strong>Nicaeensium.</strong></span> 
     </span>
    </p>
   </div>
   <div class='ocr_carea' id='block_1_109' title="bbox 2320 4959 3739 5049">
    <p class='ocr_par' dir='ltr' id='par_1_109' title="bbox 2320 4959 3739 5049">
     <span class='ocr_line' id='line_1_109' title="bbox 2320 4959 3739 5049; baseline -0.013 -19"><span class='ocrx_word' id='word_1_869' title='bbox 2320 4975 2789 5031; x_wconf 84' lang='lat' dir='ltr'><strong>Commemoratus</strong></span> <span class='ocrx_word' id='word_1_870' title='bbox 2835 4978 3150 5047; x_wconf 84' lang='lat' dir='ltr'><strong>aliquandiu</strong></span> <span class='ocrx_word' id='word_1_871' title='bbox 3205 4980 3257 5033; x_wconf 93' lang='lat' dir='ltr'><strong>in</strong></span> <span class='ocrx_word' id='word_1_872' title='bbox 3293 4974 3525 5049; x_wconf 81' lang='lat' dir='ltr'><strong>Bithynia</strong></span> <span class='ocrx_word' id='word_1_873' title='bbox 3565 4959 3739 5023; x_wconf 72' lang='lat' dir='ltr'><strong>Michael</strong></span> 
     </span>
    </p>
   </div>
   <div class='ocr_carea' id='block_1_110' title="bbox 2250 5053 3740 5137">
    <p class='ocr_par' dir='ltr' id='par_1_110' title="bbox 2250 5053 3740 5137">
     <span class='ocr_line' id='line_1_110' title="bbox 2250 5053 3740 5137; baseline 0.003 -17"><span class='ocrx_word' id='word_1_874' title='bbox 2250 5082 2370 5121; x_wconf 82' lang='lat' dir='ltr'><strong>mox</strong></span> <span class='ocrx_word' id='word_1_875' title='bbox 2407 5068 2528 5137; x_wconf 71' lang='lat' dir='ltr'><strong>fuga</strong></span> <span class='ocrx_word' id='word_1_876' title='bbox 2580 5083 2638 5122; x_wconf 88' lang='lat' dir='ltr'><strong>se</strong></span> <span class='ocrx_word' id='word_1_877' title='bbox 2668 5068 2911 5123; x_wconf 87' lang='lat' dir='ltr'><strong>Iconium</strong></span> <span class='ocrx_word' id='word_1_878' title='bbox 2952 5071 3018 5123; x_wconf 87' lang='lat' dir='ltr'><strong>ad</strong></span> <span class='ocrx_word' id='word_1_879' title='bbox 3071 5072 3354 5124; x_wconf 86' lang='lat' dir='ltr'><strong>sultanum</strong></span> <span class='ocrx_word' id='word_1_880' title='bbox 3388 5064 3589 5133; x_wconf 65' lang='lat' dir='ltr'><strong>reet’pil.</strong></span> <span class='ocrx_word' id='word_1_881' title='bbox 3614 5053 3740 5124; x_wconf 56' lang='lat' dir='ltr'><strong>cui“</strong></span> 
     </span>
    </p>
   </div>
   <div class='ocr_carea' id='block_1_111' title="bbox 2248 5145 3736 5228">
    <p class='ocr_par' dir='ltr' id='par_1_111' title="bbox 2248 5145 3736 5228">
     <span class='ocr_line' id='line_1_111' title="bbox 2248 5145 3736 5228; baseline -0.007 -16"><span class='ocrx_word' id='word_1_882' title='bbox 2248 5157 2387 5228; x_wconf 72' lang='lat' dir='ltr'><strong>fugae</strong></span> <span class='ocrx_word' id='word_1_883' title='bbox 2418 5174 2582 5214; x_wconf 85' lang='lat' dir='ltr'><strong>causa</strong></span> <span class='ocrx_word' id='word_1_884' title='bbox 2613 5170 2754 5223; x_wconf 89' lang='lat' dir='ltr'><strong>erat,</strong></span> <span class='ocrx_word' id='word_1_885' title='bbox 2801 5162 2942 5228; x_wconf 89' lang='lat' dir='ltr'><strong>quod</strong></span> <span class='ocrx_word' id='word_1_886' title='bbox 2976 5176 3170 5215; x_wconf 84' lang='lat' dir='ltr'><strong>rursus</strong></span> <span class='ocrx_word' id='word_1_887' title='bbox 3218 5177 3325 5215; x_wconf 90' lang='lat' dir='ltr'><strong>non</strong></span> <span class='ocrx_word' id='word_1_888' title='bbox 3362 5169 3545 5227; x_wconf 85' lang='lat' dir='ltr'><strong>paucos</strong></span> <span class='ocrx_word' id='word_1_889' title='bbox 3574 5147 3655 5203; x_wconf 81' lang='lat' dir='ltr'><strong>sibi</strong></span> <span class='ocrx_word' id='word_1_890' title='bbox 3677 5145 3736 5193; x_wconf 70' lang='lat' dir='ltr'><strong>in-</strong></span> 
     </span>
    </p>
   </div>
   <div class='ocr_carea' id='block_1_112' title="bbox 2250 5236 3735 5321">
    <p class='ocr_par' dir='ltr' id='par_1_112' title="bbox 2250 5236 3735 5321">
     <span class='ocr_line' id='line_1_112' title="bbox 2250 5236 3735 5321; baseline 0 -22"><span class='ocrx_word' id='word_1_891' title='bbox 2250 5251 2400 5303; x_wconf 77' lang='lat' dir='ltr'><strong>vidos</strong></span> <span class='ocrx_word' id='word_1_892' title='bbox 2436 5252 2634 5305; x_wconf 87' lang='lat' dir='ltr'><strong>multas</strong></span> <span class='ocrx_word' id='word_1_893' title='bbox 2668 5252 2913 5321; x_wconf 89' lang='lat' dir='ltr'><strong>quotidie</strong></span> <span class='ocrx_word' id='word_1_894' title='bbox 2955 5252 3241 5306; x_wconf 76' lang='lat' dir='ltr'><strong>machinas</strong></span> <span class='ocrx_word' id='word_1_895' title='bbox 3266 5251 3509 5318; x_wconf 89' lang='lat' dir='ltr'><strong>dolosque</strong></span> <span class='ocrx_word' id='word_1_896' title='bbox 3536 5236 3735 5311; x_wconf 63' lang='lat' dir='ltr'><strong>apudiﬂ‘</strong></span> 
     </span>
    </p>
   </div>
   <div class='ocr_carea' id='block_1_113' title="bbox 2246 5328 3734 5423">
    <p class='ocr_par' dir='ltr' id='par_1_113' title="bbox 2246 5328 3734 5423">
     <span class='ocr_line' id='line_1_113' title="bbox 2246 5328 3734 5423; baseline -0.004 -27"><span class='ocrx_word' id='word_1_897' title='bbox 2246 5353 2553 5411; x_wconf 83' lang='lat' dir='ltr'><strong>peratorem</strong></span> <span class='ocrx_word' id='word_1_898' title='bbox 2595 5352 2809 5397; x_wconf 85' lang='lat' dir='ltr'><strong>struere</strong></span> <span class='ocrx_word' id='word_1_899' title='bbox 2864 5346 3354 5404; x_wconf 85' lang='lat' dir='ltr'><strong>animadvertebat,</strong></span> <span class='ocrx_word' id='word_1_900' title='bbox 3397 5351 3448 5394; x_wconf 93' lang='lat' dir='ltr'><strong>et</strong></span> <span class='ocrx_word' id='word_1_901' title='bbox 3490 5347 3625 5389; x_wconf 84' lang='lat' dir='ltr'><strong>aures</strong></span> <span class='ocrx_word' id='word_1_902' title='bbox 3652 5328 3734 5423; x_wconf 60' lang='grc' dir='ltr'><strong>είιξδ</strong></span> 
     </span>
    </p>
   </div>
   <div class='ocr_carea' id='block_1_114' title="bbox 2247 5418 3739 5501">
    <p class='ocr_par' dir='ltr' id='par_1_114' title="bbox 2247 5418 3739 5501">
     <span class='ocr_line' id='line_1_114' title="bbox 2247 5418 3739 5501; baseline 0 -14"><span class='ocrx_word' id='word_1_903' title='bbox 2247 5418 2515 5490; x_wconf 85' lang='lat' dir='ltr'><strong>sentiebat</strong></span> <span class='ocrx_word' id='word_1_904' title='bbox 2555 5436 3031 5491; x_wconf 88' lang='lat' dir='ltr'><strong>susurrationibus</strong></span> <span class='ocrx_word' id='word_1_905' title='bbox 3076 5436 3520 5501; x_wconf 87' lang='lat' dir='ltr'><strong>sermonibusque</strong></span> <span class='ocrx_word' id='word_1_906' title='bbox 3549 5418 3739 5487; x_wconf 67' lang='grc' dir='ltr'><strong>ιιιαὶίῧιιἰε</strong></span> 
     </span>
    </p>
   </div>
   <div class='ocr_carea' id='block_1_115' title="bbox 2244 5522 3741 5612">
    <p class='ocr_par' dir='ltr' id='par_1_115' title="bbox 2244 5522 3741 5612">
     <span class='ocr_line' id='line_1_115' title="bbox 2244 5522 3741 5612; baseline 0.021 -31"><span class='ocrx_word' id='word_1_907' title='bbox 2244 5530 2647 5598; x_wconf 83' lang='lat' dir='ltr'><strong>circumstrepi,</strong></span> <span class='ocrx_word' id='word_1_908' title='bbox 2688 5540 2850 5598; x_wconf 82' lang='lat' dir='ltr'><strong>atque</strong></span> <span class='ocrx_word' id='word_1_909' title='bbox 2895 5532 3277 5600; x_wconf 72' lang='lat' dir='ltr'><strong>imperatorem</strong></span> <span class='ocrx_word' id='word_1_910' title='bbox 3329 5535 3566 5596; x_wconf 66' lang='lat' dir='ltr'><strong>Perpemo</strong></span> <span class='ocrx_word' id='word_1_911' title='bbox 3595 5522 3741 5612; x_wconf 30' lang='lat' dir='ltr'><strong>conf“:</strong></span> 
     </span>
    </p>
   </div>
   <div class='ocr_carea' id='block_1_116' title="bbox 2244 5600 3743 5691">
    <p class='ocr_par' dir='ltr' id='par_1_116' title="bbox 2244 5600 3743 5691">
     <span class='ocr_line' id='line_1_116' title="bbox 2244 5600 3743 5691; baseline 0.001 -15"><span class='ocrx_word' id='word_1_912' title='bbox 2244 5635 2305 5676; x_wconf 80' lang='lat' dir='ltr'><strong>se</strong></span> <span class='ocrx_word' id='word_1_913' title='bbox 2325 5620 2566 5676; x_wconf 84' lang='lat' dir='ltr'><strong>meditari</strong></span> <span class='ocrx_word' id='word_1_914' title='bbox 2593 5620 2859 5691; x_wconf 79' lang='lat' dir='ltr'><strong>supplicia</strong></span> <span class='ocrx_word' id='word_1_915' title='bbox 2878 5621 3238 5691; x_wconf 73' lang='lat' dir='ltr'><strong>intelligebat.</strong></span> <span class='ocrx_word' id='word_1_916' title='bbox 3260 5614 3596 5687; x_wconf 81' lang='lat' dir='ltr'><strong>Quamobrem</strong></span> <span class='ocrx_word' id='word_1_917' title='bbox 3614 5600 3743 5677; x_wconf 73' lang='grc' dir='ltr'>(ιιιίευ</span> 
     </span>
    </p>
   </div>
  </div>
