3908 6196
443 369 550 428 655

1667 353 2000 418 GEORGII
2044 351 2470 413 PHRANTZE

3528 345 3612 410 (ἶῖλὸ

441 492 519 550 εἰς
549 487 718 555 ἄκρον
747 480 1062 549 ἐσφάλησαν
1096 479 1191 532 καὶ
1217 478 1297 540 είς
1343 475 1518 547 φυγὴν
1555 479 1890 546 ἐτράπησαν,
1923 477 2017 528 καὶ
2046 479 2092 533 Α
2123 471 2206 526 To-
2229 472 2287 525 δὲ
2316 469 2490 524 αἴτιον
2520 469 2553 538 ἠ
2581 466 2676 520 τοῦ
2717 463 2877 535 ὀρθοῦ
2909 465 3008 535 τῆς
3044 463 3350 535 Ἐκκλησίας
3395 465 3617 535 δόγματος

442 582 499 630 ἐν
532 577 610 644 τῷ
651 573 874 643 φεύγειν
908 570 1138 633 πολλοὺς
1179 571 1228 622 οἱ
1278 569 1512 638 Τοῦρκοι
1551 569 1878 622 ἀπέκτεινον
1925 569 2020 622 καὶ

441 665 788 742 ᾐχμαλώτιζο
807 681 854 718 ν’
897 664 1054 717 αὐτοὶ
1097 663 1153 716 δὲ
1196 663 1433 716 πάντοτε
1468 661 1698 730 ἔφευγον
1743 660 1897 728 παρὰ
1927 659 2017 712 τὸν

441 759 687 826 ποταμὸν
719 755 1155 828 ἀμεταστρεπτί.
1185 755 1295 808 Καὶ
1319 755 1454 823 ὅσην
1485 752 1832 822 αἰχμάλωτον
1859 752 2018 820 ἔσχον

439 851 542 917 γῆν
574 851 620 901 οἱ
669 847 949 917 σατράπαι
982 846 1187 909 αὐτῶν,
1218 845 1390 912 αὐτὴν
1427 839 1728 912 διελόμενοι
1774 842 2019 912 ἐδῄωσαν

440 948 624 995 πᾶσαν
659 942 766 994 ἀπὸ
799 939 1080 1007 θαλάσσης
1115 939 1213 1006 τῆς
1246 939 1376 1006 περὶ
1421 935 1513 989 τὸν
1559 936 1759 988 Πόντον
1791 935 1882 987 καὶ
1913 934 2018 986 Γα-

439 1037 630 1092 ἳατίαν
661 1037 766 1095 ἓως
802 1032 1082 1094 Θαλάσσης
1119 1031 1220 1099 τῆς
1256 1028 1384 1097 περὶ
1427 1029 1636 1081 Λυκίαν
1681 1029 1774 1081 καὶ
1803 1026 2020 1096 Καρίαν

442 1131 533 1183 καὶ
567 1129 658 1180 τὸν
690 1126 935 1194 ποταμδν
969 1122 1376 1194 Εὐρυμέδοντα.
1409 1121 1518 1173 Καὶ
1551 1112 1704 1183 οὗτος
1733 1121 1758 1171 ὁ
1787 1118 2021 1185 πόλεμος

443 1226 586 1291 ἀρχὴ
619 1217 687 1292 ἦν
723 1221 820 1272 καὶ
859 1220 1008 1270 αἰτία
1051 1218 1144 1268 καὶ
1175 1213 1400 1284 ἀφορμὴ
1427 1213 1524 1283 τῆς
1569 1213 1674 1265 τῶν
1727 1210 2022 1280 Ῥωμαίων

445 1314 726 1384 βασιλείας
759 1311 1169 1381 καταστροφῆς.
1224 1309 1336 1360 Καὶ
1359 1310 1386 1360 ὁ
1419 1305 1673 1378 βασιλεὺς
1705 1305 2021 1374 ἀπηγορευ-

445 1409 553 1470 κὼς
585 1407 889 1477 πολιχνίοις
915 1406 1132 1474 συχνοῖς
1156 1403 1246 1455 τὸν
1270 1399 1520 1470 ποταμὸν
1543 1399 1854 1467 Σαγγάριον
1879 1396 2024 1466 ὠχύ-

447 1517 643 1568 ρωσεν,
673 1499 760 1551 ἵνα
788 1498 862 1567 μὴ
887 1496 1197 1558 ἀποϐάντες
1227 1495 1568 1564 κυριεύσωσι
1603 1491 1696 1544 καὶ
1731 1489 1832 1559 τῆς
1867 1491 2025 1541 Βιθυ-

442 1595 582 1653 νίας.

513 1683 623 1755 24
666 1681 956 1752 Ἐγέννησε
991 1681 1048 1734 δὲ
1075 1679 1225 1743 υἱοὺς
1260 1677 1374 1741 δύο,
1427 1679 1774 1748 Ἀνδρόνικον
1805 1677 1896 1730 τὸν
1924 1679 2024 1747 βα-

445 1781 596 1832 σιλέα
630 1779 720 1831 καὶ
765 1775 1181 1830 Κωνσταντῖνον
1227 1774 1319 1824 τὶν
1358 1757 1898 1842 πορφυρογέννητον,
1928 1771 2024 1821 καὶ

421 1874 755 1941 ’Ὁυγατέρας
801 1872 974 1940 τρεῖς,
1031 1866 1588 1938 Εἰρήνην,Εὺδοκίαν
1642 1865 1735 1918 καὶ
1782 1867 2020 1918 Ἀνναν.

444 1967 555 2020 Καὶ
580 1967 638 2016 ἐν
665 1964 740 2032 τῷ
769 1961 1086 2029 θετταλικῷ
1118 1960 1344 2028 πολέμῳ
1388 1959 1682 2028 ἐρχόμενος
1717 1959 1810 2010 καὶ
1840 1959 1895 2011 έν
1915 1975 2023 2011 τινι

443 2058 632 2126 χωρίῳ
659 2054 1054 2125 εὑρισκόμενος
1078 2052 1359 2120 λεγομένῳ
1386 2050 1681 2120 Παχωμίου
1707 2051 1802 2102 καὶ
1834 2050 2023 2104 Ἀλλα-

442 2151 568 2219 γῆς,
595 2149 751 2208 νόσος
775 2147 1075 2215 ἐνσκήπτει
1110 2143 1266 2213 δεινὴ
1295 2144 1426 2212 περὶ
1449 2143 1547 2212 τὴν
1577 2143 1827 2213 καρδίαν,
1862 2142 2027 2196 θάνα-

445 2262 540 2296 τον
570 2244 837 2311 σύντομον
856 2239 1308 2307 ἀπαγγέλλουσα⁸
1341 2238 1436 2290 καὶ
1463 2240 1517 2288 ἐν
1547 2238 1622 2307 τῷ
1656 2239 1806 2307 τόπῳ
1833 2237 2024 2307 ἐκείνῳ

443 2337 537 2390 διὰ
591 2335 819 2406 ἡμερῶν
873 2334 968 2386 δύο
1020 2332 1080 2384 τὸ
1137 2331 1235 2400 ζῇν
1295 2331 1662 2400 ἐξεμέτρησεν
1725 2331 1816 2383 ἐπὶ
1874 2331 2026 2394 ἔτους

463 2433 678 2498 ’ς’έιιιοί,
715 2425 1047 2486 ίνδικτιῶνος
1074 2423 1153 2485 ιδ’,
1179 2423 1316 2477 ἐτῶν
1344 2424 1604 2493 ὑπάρχων
1633 2423 1900 2493 ἐξήκοντα
1933 2424 2028 2478 καὶ

436 2496 614 2586 ὐκτνὼ,
649 2518 706 2585 ἐξ
737 2511 812 2572 ὧν
845 2515 1201 2569 ἐϐασίλευσεν
1248 2514 1343 2582 ἔτη
1373 2513 1671 2583 τριάκοντα
1702 2496 1796 2566 καὶ
1842 2512 2026 2569 πέντε.

458 2615 518 2667 '0
543 2611 600 2666 δὲ
633 2611 747 2673 υἱὸς
791 2607 958 2662 αὐτοῦ
985 2606 1080 2660 καὶ
1131 2604 1389 2674 βασιλεὺς
1445 2602 1631 2672 κύριος
1685 2600 2028 2668 Ἀνδρόνικος

445 2703 754 2776 τηνικαῦτα
782 2699 974 2771 παρὼν
1018 2697 1120 2765 τῆς
1150 2694 1553 2766 νενομισμένης
1599 2696 1711 2754 τοῖς
1750 2691 2030 2764 βασιλεῦσι

448 2798 627 2866 ταφῆς
657 2795 748 2848 τὸν
779 2791 997 2863 πατέρα
1017 2791 1124 2845 οὐκ
1156 2789 1395 2858 ἠξίωσεν
1415 2826 1431 2852 ,
1462 2787 1580 2839 ἀλλ’
1611 2786 1720 2839 οὐδ’
1748 2788 1910 2839 ὁποία
1940 2787 2032 2854 δη-

453 2893 642 2962 μόταις
671 2890 702 2959 ἢ
735 2889 961 2956 ἀπόροις
989 2887 1200 2950 ἐφεῖται
1220 2898 1234 2914 ο
1269 2883 1431 2951 μόνον
1463 2881 1520 2934 δέ
1549 2880 1816 2942 κελεύσας
1836 2881 2031 2940 νυκτός

447 3003 599 3047 τινας
646 2982 864 3048 ὀλίγους
916 2979 1120 3048 ἄνδρας
1176 2975 1367 3046 πόρρω
1417 2973 1514 3026 τοῦ
1570 2973 1936 3041 στρατοπέδου
1969 2971 2030 3023 τὸ

448 3077 651 3146 πτῶμα
678 3073 1012 3140 ἀπαγαγεῖν,
1046 3069 1311 3138 πλείστην
1357 3063 1749 3132 ἐπεσώρευσαν
1781 3062 1906 3131 γῆν,
1939 3062 2030 3114 ἵνα

2124 561 2485 632 παρατροπὴ,
2511 556 2543 633 ᾖ
2569 559 2680 624 ζῶν
2704 557 2802 626 μὲν
2826 555 3048 621 ἐκεῖνος,
3072 555 3142 619 ὥς
3173 556 3463 631 είρήκαμεν,
3490 558 3624 625 ὲχρή-

2124 672 2244 708 ατο.
2641 663 2649 668 “

2196 748 2260 800 δ’.
2301 745 2520 812 Ἐπειδὴ
2568 742 2755 796 λοιπὸν
2811 739 2950 810 πρὸς
2995 738 3084 792 τδν
3115 738 3224 791 υίδν
3275 736 3625 808 Ἀνδρόνικονή

2121 837 2216 890 τοῦ
2242 839 2483 907 κράτους
2524 833 2621 888 καὶ
2649 833 2760 885 τῶν
2806 830 3103 901 βασιλικῶν
3146 828 3422 895 σκήπτρων
3462 828 3629 897 μετέϐη

2123 929 2366 999 διαδοχὴ.
2403 929 2486 992 είς
2535 925 2787 996 ταραχὴν
2839 923 2941 976 οὐκ
2989 922 3172 988 ὀλίγην
3219 915 3372 990 ἦλθον
3399 919 3460 970 τὰ
3487 922 3631 988 πράγ-

2127 1034 2291 1089 ματα·
2345 1019 2432 1071 ἶνα
2462 1016 2519 1071 δὲ
2555 1016 2630 1086 μὴ
2679 1013 3070 1083 νεωτερισμοῖς
3109 1010 3210 1080 25
3241 1011 3448 1081 γένηται
3472 1011 3631 1075 άςανι·

2126 1111 2284 1181 σμὸς,
2317 1111 2479 1172 αὐτὸς
2510 1108 2734 1168 συνετὸς
2782 1105 2858 1158 ὣν
2906 1103 3003 1157 καὶ
3051 1102 3367 1173 προθεωρῶν
3413 1102 3474 1153 τὰ
3505 1101 3631 1170 ἐρχό-

2128 1219 2264 1272 μενα
2317 1202 2438 1272 ἦτοι
2488 1199 2755 1269 μέλλοντα
2815 1196 2994 1250 πάντα
3048 1194 3204 1248 σάλον
3249 1194 3338 1246 καὶ
3385 1193 3585 1245 σκάνδαλ
3610 1210 3633 1243 ν

2127 1296 2408 1364 φρονίμως
2437 1293 2800 1362 ἐκυϐέρνησε,
2832 1290 2928 1343 καὶ
2958 1288 3026 1341 τά
3056 1287 3156 1341 ὅσα
3184 1287 3374 1356 ἀρεστά
3397 1288 3498 1346 τοῖς
3523 1287 3635 1353 ὑπη-

2126 1389 2273 1450 κόοις
2305 1387 2552 1455 ἐποίησε.
2586 1385 2696 1437 Καὶ
2729 1382 2946 1452 πρῶτον
2983 1382 3078 1451 μὲν
3104 1381 3199 1449 τὴν
3219 1378 3317 1446 τῆς
3355 1376 3635 1444 Ἐκκλησίας

2127 1479 2462 1534 κατάστασιν
2534 1477 2628 1531 καὶ
2696 1474 2984 1544 διόρθωσιν
3067 1468 3496 1540 ἐπρομηθεῦσατο
3563 1468 3638 1519 καὶ

2126 1570 2370 1640 ἐποίησε·
2399 1569 2600 1633 ζῶντος
2619 1570 2726 1637 γὰρ
2750 1565 2843 1620 τοῦ
2863 1564 3094 1634 πατρὸς,
3121 1563 3194 1625 ὡς
3210 1563 3309 1632 ἔφη
3318 1577 3429 1630 μεν,
3454 1559 3636 1628 ἐκρνϐε·

2128 1665 2222 1716 καὶ
2273 1663 2626 1731 θεσπίσμάτα
2670 1658 2928 1730 βασιλικὰ
2979 1656 3081 1708 καὶ
3119 1656 3411 1724 διδάγματα
3448 1654 3639 1722 διεπέμ-

2132 1773 2297 1808 ποντο
2317 1753 2415 1822 τὴν
2440 1755 2538 1820 τῆς
2578 1751 2902 1820 Ἑκκλησίας
2928 1749 3217 1820 διόρθωσιν
3231 1743 3640 1814 εὐαγγελιζόμενα

2054 1837 2098 1892 Β
2127 1846 2222 1898 καὶ
2252 1845 2368 1913 ἆμα
2396 1842 2523 1905 τοὺς
2549 1841 2638 1895 διά
2680 1842 2770 1894 τὸν
2803 1841 2904 1908 τῆς
2952 1839 3277 1909 Ἐκκλησίας
3305 1838 3453 1907 ζῆλον
3483 1836 3642 1905 ὑπερο-

2131 1940 2281 2007 ρίους
2312 1936 2648 2003 κατάγοντα.
2673 1937 2784 1988 Καὶ
2803 1935 2894 1987 τὸν
2923 1933 3269 2003 πατριάρχην
3299 1930 3487 1983 Βέκκον
3513 1927 3641 1990 εὐθὺς

2127 2032 2192 2082 ἐκ
2223 2028 2316 2082 τοῦ
2344 2027 2538 2098 θρόνου
2567 2025 3047 2087 καταϐιϐάσαντες
3071 2023 3146 2087 ὡς
3185 2023 3251 2077 τά
3291 2021 3516 2076 Λατίνων
3543 2035 3646 2088 φρο-

2129 2120 2352 2184 νοῦντα,
2375 2117 2681 2188 διαδέχεται
2713 2119 2770 2171 δέ
2811 2118 2903 2172 τὸν
2938 2116 3336 2186 πατριαρχικδν
3375 2113 3545 2182 θρόνον
3572 2127 3647 2180 μο-

2128 2215 2290 2284 ναχός
2345 2231 2431 2276 τις
2501 2213 2823 2275 Ἀθανάσιος
2895 2212 3137 2282 τοῦνομα
3168 2250 3184 2277 ,
3242 2209 3500 2263 παιδιόθεν
3557 2210 3645 2262 τοῖς

2129 2311 2452 2378 άσκητικοῖς
2486 2305 2944 2375 γεγυμνασμένος
2988 2305 3196 2367 πόνοις,
3228 2301 3502 2372 διατρίϐων
3527 2299 3572 2350 δὲ
3601 2299 3644 2347 ὲν

2129 2406 2241 2465 τοῖς
2272 2401 2367 2454 τοῦ
2399 2401 2571 2454 Γάνου
2599 2399 2804 2469 ὄρεσιν,
2839 2395 3166 2466 ὁρμώμενος
3199 2396 3260 2448 ἐκ
3288 2393 3644 2460 Πελοποννήσου

2130 2501 2194 2552 ἐκ
2225 2500 2411 2567 χώρας
2438 2493 2744 2563 λεγομένης
2782 2491 3133 2560 ’Λνὸρούσης·
3165 2488 3260 2542 καὶ
3287 2489 3372 2541 διὰ
3398 2483 3538 2537 τοῦτο
3571 2480 3650 2550 μὲν

2133 2588 2428 2662 προστάξει
2460 2585 2718 2656 βασιλικῇ
2749 2585 2846 2637 καὶ
2889 2579 3057 2652 ψῆφῳ
3087 2583 3331 2651 συνοδικῇ
3373 2580 3463 2649 τὴν
3490 2573 3649 2630 ἑαυτοῦ

2134 2685 2373 2754 πατρίδα
2435 2681 2765 2756 Ἀνδροῦσαν
2820 2679 3134 2746 ἐπισκοπὴν
3184 2676 3436 2744 ἐτίμησε,
3482 2673 3562 2722 καὶ
3598 2670 3652 2735 τῇ

2137 2775 2469 2848 μητροπόλει
2517 2771 2908 2842 Μονεμϐασίας
2961 2767 3394 2822 ὑποτάσσεσθαι.
3436 2760 3572 2818 Μετὰ
3607 2759 3654 2812 δὲ

2131 2870 2232 2938 τὴν
2267 2867 2591 2937 καθαίρεσιν
2620 2866 2714 2917 καὶ
2737 2864 2964 2932 ’ἐξορίαν
2996 2863 3092 2914 τοῦ
3129 2859 3454 2930 πατριάρχου
3483 2855 3653 2907 Βέκκου

2133 2963 2258 3023 τοὺς
2285 2961 2507 3032 ἐτέρους
2531 2961 2808 3030 ἀρχιερεῖς
2837 2959 2960 3020 τοὺς
2991 2954 3382 3023 συγκοινωνοὺς
3411 2953 3472 3021 τῇ
3498 2948 3658 3017 γνώμῃ

2133 3055 2227 3106 τοῦ
2284 3052 2552 3123 βασιλέως
2603 3051 2696 3105 καὶ
2740 3049 2837 3102 τοῦ
2879 3049 3230 3119 πατριάρχου
3281 3045 3394 3117 μετ’
3436 3040 3659 3109 αἰσχύνης

453 3168 527 3238 μὴ
561 3135 769 3236 θηρίων
800 3135 1036 3230 στόμασι
1068 3160 1124 3210 τὸ
1169 3135 1452 3226 βασιλικὸν
1485 3155 1645 3225 σῶμα
1674 3153 2024 3224 διαμερισθῇ.
2053 3178 2099 3241 C
2136 3145 2345 3208 πάντας
2387 3145 2490 3214 τῆς
2539 3140 2959 3215 ἀρχιερωσύνης
3009 3139 3347 3212 ἐγύμνωσεν.
3393 3135 3489 3190 Καὶ
3525 3135 3658 3201 ἔτερα

451 3341 586 3393 Nam
625 3340 676 3390 in
702 3330 1063 3402 Paphlagonia
1093 3327 1323 3381 Romani
1357 3340 1477 3379 cum
1504 3323 1699 3377 Turcis
1759 3323 2025 3377 bellantes

448 3432 686 3502 graviter
722 3425 902 3480 aﬂlicti
930 3423 1095 3490 inque
1139 3419 1319 3489 fugam
1351 3417 1599 3471 conversi
1661 3426 1813 3479 sunt,
1886 3429 2025 3483 quo-

449 3539 566 3575 rum
609 3521 662 3575 in
705 3517 943 3572 lluininis
981 3513 1094 3580 ripa
1125 3510 1514 3584 trepidantium
1581 3522 1834 3578 magnam
1900 3521 2025 3576 par-

451 3613 773 3668 tcm'l‘urraz
802 3617 897 3663 aut
958 3606 1274 3660 occiderunt
1334 3609 1427 3654 aut
1478 3611 1762 3670 ceperunt.
1826 3599 2026 3653 Deinde

447 3722 636 3762 eorum
670 3713 899 3770 satrapa!
921 3705 1192 3768 quotquot
1244 3703 1573 3763 occuparant
1606 3695 1875 3764 regiones.
1931 3707 2026 3748 eas

412 3798 635 3863 _omncs
673 3798 814 3850 inter
835 3809 890 3847 se
915 3790 1235 3846 distributas
1276 3786 1700 3856 populabantur,
1775 3802 1803 3838 a
1850 3784 2025 3840 Ponto

447 3902 503 3944 et
537 3888 743 3943 Galatia
779 3885 846 3939 ad
878 3897 1030 3936 mare
1067 3895 1238 3943 usque
1302 3876 1523 3948 Lycium
1592 3886 1647 3932 et
1692 3877 1913 3932 Carium
1971 3886 2025 3932 et

455 3977 905 4050 Eurymedontem
939 3971 1177 4025 ﬂuvium.
1218 3971 1395 4038 Atque
1429 3969 1532 4022 hoc
1565 3969 1781 4037 quidem
1811 3968 2016 4023 bellum

451 4070 724 4127 evertendi
761 4067 969 4136 imperii
1008 4063 1240 4116 Romani
1291 4061 1526 4124 initium,
1579 4075 1744 4113 causa
1778 4069 1832 4114 et
1861 4075 2025 4115 occa-

451 4167 533 4219 sio
566 4163 684 4219 fuit.
716 4161 985 4216 Caeterum
1017 4157 1334 4224 imperator,
1386 4151 1564 4206 fessus
1615 4152 1780 4205 tantis
1847 4153 2022 4213 malis,

451 4259 595 4327 ripas
628 4251 874 4325 Sangarii
930 4248 1169 4302 ﬂutninis
1206 4247 1582 4313 frequentibus
1617 4245 1830 4313 oppidis
1877 4260 2024 4297 rom-

451 4350 700 4411 munivit,
731 4359 797 4398 ne
835 4345 886 4396 in
958 4342 1127 4410 ipsam
1183 4350 1401 4406 quoque
1457 4334 1766 4404 Bithyniam
1828 4332 2021 4387 Turcze

450 4438 861 4494 descenderent.
1245 4455 1257 4465 -
1282 4440 1285 4442 ·

520 4525 834 4583 Procreavit
871 4522 1010 4576 filios
1041 4523 1194 4582 duos,
1227 4517 1597 4570 Andronicum
1628 4515 2020 4580 imperatorem

448 4628 504 4672 et
563 4612 985 4670 Constantinum
1059 4605 1625 4679 Porphyrogenitum.‘
1671 4603 1808 4656 tilias
1879 4613 2012 4663 tres.

450 4708 664 4769 lreneu,
689 4702 987 4758 Endociam
1011 4710 1063 4752 et
1088 4699 1323 4770 Annam.
1383 4695 1517 4748 Cum
1565 4694 1630 4747 ad
1664 4693 1861 4747 bellum
1888 4692 2021 4747 Tes-

450 4799 678 4855 salicum
712 4793 1064 4865 proﬁciscens
1098 4791 1150 4843 in
1213 4789 1392 4841 locum
1460 4787 1746 4855 quemdam
1813 4784 2023 4840 Pacho-

452 4890 615 4943 mium
649 4897 700 4941 et
730 4885 953 4951 Allagen
984 4881 1312 4951 appellatum
1347 4877 1609 4944 venisset,
1676 4877 1828 4946 gravi
1887 4890 2023 4944 quo-

451 4985 572 5032 dam
599 4978 788 5032 morbo
820 4973 1003 5029 cordis
1037 4980 1345 5040 correptus,
1394 4970 1486 5038 qui
1524 4969 1846 5024 citissimam
1880 4982 2022 5035 prte-

450 5070 693 5140 sagiebat
725 5075 976 5131 mortem,
1025 5064 1221 5119 ibidem
1269 5062 1435 5116 biduo
1463 5070 1582 5131 post
1607 5062 1845 5116 animam
1879 5062 2023 5113 eiila-

452 5167 547 5230 vit,
586 5176 728 5216 anno
769 5161 838 5215 ab
879 5157 1010 5212 orbe
1039 5155 1261 5211 condito
1313 5153 1444 5208 679i
1487 5193 1503 5218 ,
1559 5153 1855 5206 indictione
1884 5164 1973 5201 xlv
2005 5188 2021 5213 ,

385 5264 402 5284 '
449 5255 622 5309 :rtatis
657 5239 796 5306 anno
819 5261 1012 5305 octavo
1038 5259 1093 5303 et
1123 5247 1486 5318 sexagesimo,
1549 5243 1760 5313 imperii
1832 5242 2023 5308 quinto

447 5355 501 5401 et
531 5344 828 5400 tricesimo.
857 5341 1029 5395 Filius
1058 5341 1174 5407 ejus
1199 5337 1546 5392 Andronicus
1575 5338 1892 5404 imperator,
1929 5333 2021 5397 qui

451 5450 560 5488 tum
584 5450 823 5505 praesens
850 5433 1056 5496 aderat,
1083 5431 1360 5500 sepultura
1397 5427 1814 5495 imperatoribus
1869 5425 2014 5493 legi-

448 5530 578 5581 tima
614 5540 818 5600 patrem
858 5541 962 5577 non
993 5525 1322 5587 honestavit,
1387 5521 1494 5573 imo
1548 5534 1614 5573 ne
1654 5533 1715 5571 ea
1774 5517 2018 5585 quidem,

445 5636 566 5673 eum;
601 5619 823 5687 plebeiis
847 5628 900 5671 et
929 5616 1182 5683 inopibus
1215 5613 1440 5667 concedi
1475 5613 1650 5676 solet,
1682 5611 1777 5664 sed
1837 5611 2022 5679 ant'iS

444 5709 1101 5777 quibusdamhominibus
1134 5706 1429 5768 mandavit,
1473 5714 1530 5757 ut
1585 5713 1742 5755 noctu
1793 5691 2074 5760 cadaveri

445 5801 632 5872 procul
663 5818 692 5855 a
729 5801 927 5856 castris
957 5799 1156 5853 clatum
1193 5799 1360 5852 multa
1426 5808 1568 5850 terra
1605 5798 1918 5862 obruerent,
1953 5810 2021 5849 ne

2128 3327 2408 3396 augustale
2435 3338 2635 3395 corpus
2662 3339 2688 3376 a
2729 3323 2922 3377 bestiis
2966 3322 3345 3376 dilaniaretur.
3395 3316 3544 3386 Cujus
3595 3309 3658 3365 rei

2127 3434 2286 3474 causa
2322 3419 2444 3482 fuit,
2478 3416 2620 3487 quod
2654 3414 2907 3480 Michael,
2934 3415 3060 3466 dum
3089 3414 3330 3478 vivebat,
3357 3421 3412 3464 ut
3453 3420 3597 3474 supra
3635 3418 3658 3454 a

2128 3510 2285 3564 nobis
2318 3509 2623 3577 expositum
2683 3516 2790 3575 est,
2861 3521 2890 3560 a
2952 3520 3080 3561 vera
3122 3504 3374 3560 Ecclesiae
3449 3497 3657 3555 doctrina

2126 3603 2440 3658 desciverat.

2198 3694 2253 3748 4.
2291 3693 2652 3762 Posteaquam
2682 3693 2936 3761 deinceps
2993 3690 3059 3744 ad
3087 3689 3468 3750 Andronicum,
3521 3681 3660 3736 tilium

2127 3787 2266 3854 ejus,
2298 3784 2581 3852 imperimn
2609 3793 2664 3839 et
2692 3784 2841 3852 regia
2871 3791 3114 3850 potestas
3153 3781 3388 3843 transiit,
3438 3775 3661 3831 tmnnltus

2128 3877 2269 3930 haud
2303 3876 2448 3931 leves
2473 3876 2649 3930 exorti
2678 3883 2822 3929 sunt.
2856 3877 2922 3928 At
2959 3873 3070 3938 ille,
3135 3889 3203 3928 ne
3260 3871 3390 3942 quid
3431 3865 3664 3932 novandis

2126 3969 2292 4022 rebus
2325 3967 2638 4022 detrimenti
2668 3965 2907 4029 δῆθε-εει,
2959 3974 3018 4020 ιιι
3041 3965 3126 4019 vir
3175 3964 3470 4033 intelligens
3500 3961 3665 4014 tuturi-

2127 4073 2231 4128 que
2255 4059 2617 4128 prospiciens,
2647 4073 2838 4113 omnes
2865 4056 3064 4113 ﬂuctus
3090 4067 3149 4113 et
3186 4057 3502 4113 offensiones
3553 4064 3660 4118 pru-

2127 4151 2318 4205 denter
2351 4152 2687 4220 temperabat
2713 4161 2874 4219 atque
2898 4150 3097 4204 civium
3139 4147 3402 4202 voluntati
3460 4159 3513 4199 se
3551 4157 3662 4210 prtu-

2129 4246 2312 4300 stabat
2344 4244 2583 4300 facilem.
2615 4246 2692 4299 Ac
2727 4245 2960 4312 primum
2988 4242 3236 4310 quidem,
3269 4255 3386 4296 cum
3411 4248 3548 4306 patre
3565 4233 3660 4284 viro

2131 4336 2555 4400 dissimulasset,
2584 4347 2641 4390 ut
2676 4336 2934 4398 diximus,
2958 4335 3188 4389 consilia
3215 4349 3336 4397 sua,
3363 4326 3659 4398 corrigenda:

2133 4437 2188 4481 et
2251 4427 2637 4497 componendae
2675 4423 2932 4479 Ecclesia!
3001 4437 3223 4492 operam
3269 4421 3432 4490 dedit.
3522 4417 3661 4481 Atque

2131 4519 2512 4584 circummisit,
2549 4517 2764 4571 decreta
2831 4516 3140 4585 edictaque,
3193 4515 3387 4586 quibus
3437 4504 3659 4566 correctio

2128 4610 2215 4664 illa
2295 4610 2718 4664 denuntiabatur
2776 4616 2830 4661 et
2897 4607 3297 4661 revocabantur
3377 4605 3433 4667 ii,
3486 4603 3566 4670 qui
3607 4599 3658 4645 ob

2125 4703 2366 4769 ejuslem
2408 4701 2663 4756 Ecclesiae
2685 4701 2920 4755 studium
2953 4699 3300 4753 exsulabant.
3331 4698 3507 4764 itaque
3554 4691 3657 4744 Buc-

2125 4809 2245 4847 cnm
2283 4792 2674 4861 patriarcham,
2708 4793 2880 4858 utqui
2919 4789 3149 4844 sentiret
3169 4806 3291 4843 cum
3311 4787 3528 4846 Latinis,
3550 4780 3658 4834 solio

2125 4885 2307 4941 statim
2370 4883 2657 4951 depulsum
2710 4882 3010 4935 monachus
3065 4881 3312 4948 quidam,
3374 4871 3661 4931 Athanasius

2128 4977 2368 5034 nomine.
2404 4975 2640 5042 excepit.
2678 4971 2726 5027 Is
2767 4988 2794 5025 a
2829 4985 2995 5040 puero
3052 4972 3219 5024 vitam
3257 4971 3494 5025 coluerat
3539 4978 3664 5018 asce-

2127 5071 2288 5123 ticam
2322 5068 2372 5120 in
2403 5066 2539 5120 Gani
2569 5066 2869 5127 montibus.
2902 5080 2932 5119 e
2979 5064 3359 5132 Peloponneso
3411 5059 3661 5116 oriundus.

2126 5161 2295 5230 patria
2361 5162 2630 5225 Andrusa,
2682 5173 2843 5227 quam
2909 5158 2978 5212 ob
3046 5156 3098 5210 id
3147 5158 3325 5224 ipsum
3378 5149 3664 5237 auctoritate

2126 5251 2474 5320 imperatoris
2502 5260 2555 5304 et
2585 5250 2844 5318 sutiragio
2875 5248 3069 5319 synodi
3127 5252 3471 5317 episcopatus
3511 5239 3663 5305 digni-

2127 5353 2239 5398 tate
2299 5343 2629 5408 honestavit,
2681 5341 3074 5396 Monembasize
3137 5340 3418 5409 metropoli
3481 5334 3666 5400 subjec-

2127 5446 2254 5488 tam.
2288 5434 2649 5487 Exauctorato
2675 5442 2726 5485 ct
2754 5437 2931 5500 ejecto
2968 5432 3162 5494 Becco,
3202 5432 3448 5484 Ecclesia:
3472 5419 3664 5478 antisﬁ-

2129 5538 2206 5580 tes
2239 5527 2477 5594 reliquos
2522 5525 2807 5579 Michaelis
2877 5523 3225 5593 imperatoris
3274 5531 3329 5574 et
3379 5517 3665 5588 patriarcha:

2124 5619 2360 5672 asseclas
2387 5631 2576 5671 attines
2612 5631 2735 5670 cum
2770 5613 3033 5670 dedecore
3074 5615 3193 5669 loco
3237 5613 3420 5666 movit.
3452 5609 3522 5658 Ac
3553 5615 3668 5670 νην·

2127 5717 2272 5761 terea
2303 5706 2406 5758 alia
2439 5706 2664 5773 lugenda
2697 5703 2939 5758 facinora
2966 5704 3112 5758 edita
3149 5712 3273 5758 sunt
3323 5700 3386 5753 ab
3435 5692 3667 5749 Ecr'rsia:

2127 5795 2617 5867 tum-principibus.
2639 5796 3066 5854 Mditumautem
3093 5796 3144 5849 in
3165 5791 3360 5847 tuenda
3395 5804 3447 5841 re
3478 5782 3665 5854 pubi-<8
