3908 6196
438 252 541 309 Γῗιῖι

1652 252 2022 311 GEDRGIH

2128 254 2221 312 [Κλ
2235 253 2448 312 ΝΤΖἙ
3533 250 3621 313 ϐίιῦ

437 372 609 436 θρασύ
632 370 837 429 Οέντες.
856 367 943 419 διὰ
970 364 1061 418 τοῦ
1090 366 1483 436 Ἑλλησπόντου
1506 368 1564 418 ἐν
1584 370 1651 438 τῇ
1680 369 2015 437 Χερρονήσῳ
2048 373 2087 427 Α
2121 368 2149 435 ἣ
2179 367 2255 428 ὡς
2287 366 2647 437 ἀνδραπόδοις
2694 364 3001 435 ἐχρήσαντο
3024 380 3037 394 ο
3082 365 3170 417 καὶ
3199 364 3292 417 οὐκ
3316 364 3487 431 ἠλέουν
3524 368 3625 420 τινὰ

436 462 537 529 τῆς
562 461 788 530 Θρᾴκης
837 459 1183 525 περάσαντες
1233 460 1343 512 πᾶν
1386 460 1556 511 κακὸν
1599 463 1693 512 καὶ
1736 459 1912 513 δεινὸν
1958 464 2016 511 ἐν

440 554 669 613 ἐκείνοις
718 553 831 612 τοῖς
889 550 1083 618 μέρεσι
1140 550 1463 617 διέπραξαν,
1519 555 1616 605 καὶ
1648 554 1820 607 πολὺν
1852 555 2017 605 τόπον

437 649 721 714 διήρχοντο
750 644 1053 712 ληϊζοντες,
1080 643 1221 699 ὥστε
1250 645 1391 714 μήτε
1415 646 1677 716 ἀροτριᾷν
1702 648 1837 716 μήτε
1869 648 2021 698 σπείσ-

443 753 558 804 ρειν
591 733 716 787 οὔτε
752 736 860 786 τῶν
900 735 1108 788 πόλεων
1140 736 1344 801 ἐξιέναι
1376 736 1639 790 ἐδύναντο
1669 740 1762 789 ἐπὶ
1813 738 1931 799 ἔτος
1961 737 2020 790 ἒν

442 827 536 879 καὶ
575 827 749 894 μῆνας
780 827 914 879 δέκα
938 866 950 879 .
988 826 1189 897 Ἔτυχε
1224 828 1282 880 δὲ
1332 830 1426 881 καὶ
1453 827 1614 881 τοῦτο
1644 832 1702 881 ἐν
1734 831 1847 892 τοῖς
1893 847 2021 883 και-

445 922 555 986 ροῖς
589 920 841 981 ἐκείνοις,
872 921 1136 989 ἐμπεσεῖν
1166 923 1394 975 Λατῖνόν
1423 940 1545 977 τινα
1565 964 1579 988 ,
1611 923 1931 977 Καταλάνον
1960 926 2022 976 τὸ

440 1012 622 1077 γένος,
667 1012 945 1080 Ῥυγέριον
987 1012 1252 1083 τοῦνομα.
1312 1014 1597 1082 Ἀθροίσας
1626 1017 1690 1068 ἐκ
1721 1017 1819 1085 τῆς
1869 1018 2021 1069 κάτω

454 1101 690 1171 Ἰὀηρίας
729 1103 1118 1172 στρατόπεδον,
1159 1106 1254 1156 καὶ
1293 1107 1539 1175 τριήρεις
1586 1106 1854 1174 τέτταρας
1885 1106 2022 1173 πλη-

445 1194 650 1263 ρώσας,
681 1195 977 1265 λῃστρικὸν
1012 1196 1186 1259 ἀδεῶς
1232 1198 1423 1267 μετῄει
1452 1197 1589 1267 βίον,
1620 1199 1929 1260 δεινότατος
1963 1200 2022 1249 ἐν

440 1288 619 1355 τούτῳ
667 1289 963 1356 γενόμενος
995 1304 1008 1316 “
1064 1290 1122 1340 οὐ
1180 1290 1342 1358 μόνον
1404 1292 1511 1359 γὰρ
1562 1292 1724 1342 ναυσὶ⁵
1777 1293 2020 1360 φορτίοις

442 1381 743 1443 ἐπετίθετο,
773 1381 909 1433 ἀλλὰ
951 1382 1044 1433 καὶ
1087 1382 1258 1445 αὑτάς
1287 1382 1350 1453 δὴ
1384 1382 1482 1446 τὰς
1515 1385 1763 1452 μεγάλας
1790 1385 1899 1435 τῶν
1927 1386 2021 1453 νή-

445 1488 554 1525 σων
586 1475 907 1537 ἐσκύλευσε,
958 1476 1053 1527 καὶ
1102 1477 1333 1547 φοϐερὸς
1387 1480 1445 1530 ἐν
1479 1481 1543 1548 τῇ
1578 1480 1729 1533 κάτω
1771 1480 2023 1550 θαλάσσῃ

441 1566 615 1618 ἐδόκει
647 1564 808 1623 εἶναι.
861 1568 1050 1633 Ἔδοξε
1080 1570 1263 1621 τοίνυν
1306 1570 1481 1639 τούτῳ
1519 1571 1601 1640 τῷ
1649 1572 1870 1641 ἄρχοντι
1908 1571 2024 1625 δια-

440 1659 917 1730 πρεσϐευσαμένου
985 1662 1124 1730 πρὸς
1193 1664 1284 1716 τὸν
1357 1664 1586 1731 βασιλέα
1677 1665 2021 1733 Ἀνδρόνικον

444 1758 817 1825 συμμαχῆσαι
849 1757 996 1826 αὐτῷ
1033 1759 1176 1810 κατὰ
1205 1759 1314 1811 τῶν
1344 1758 1609 1829 Τούρκων
1636 1776 1647 1786 ·
1683 1760 1781 1811 καὶ
1808 1761 1835 1809 ὁ
1868 1760 2021 1826 βασι-

438 1848 565 1909 λεὺς
593 1848 694 1917 τὴν
729 1849 1033 1918 πρεσϐείαν
1064 1850 1380 1919 δεξάμενος,
1413 1854 1553 1919 ἄρας
1584 1853 1790 1913 ἐκεῖνος
1816 1852 1889 1903 ’ἐκ
1914 1850 2024 1901 τῶν

442 1940 714 2007 ἐσπερίων
884 1942 1019 2010 πρὸς
1045 1944 1107 1993 τὸ
1132 1943 1424 2007 Βυζάντιον
1454 1943 1696 2012 ἔρχεται,
1728 1943 1871 2011 ἔχων
1898 1942 2022 2012 μεθ’

444 2031 640 2082 ἐαυτοῦ
674 2032 970 2100 δισχιλίους
1004 2033 1206 2101 ἄνδρας
1236 2035 1521 2103 μαχικούς.
1563 2035 1670 2087 Καὶ
1693 2036 1720 2085 ὁ
1768 2033 2022 2103 βασιλεὺς

440 2122 518 2189 τῷ
544 2120 639 2173 τοῦ
688 2125 928 2191 μεγάλου
985 2125 1174 2188 δουκὸς
1230 2127 1471 2196 ὀφφικίῳ
1518 2125 1709 2179 τοῦτον
1766 2127 2022 2194 ἐτίμησε.

440 2214 579 2268 Μετ’
610 2213 790 2282 ὀλίγον
820 2217 876 2269 δὲ
906 2218 1033 2287 ἥκει
1071 2220 1166 2272 καὶ
1208 2220 1393 2288 ἔτερος
1427 2220 1749 2279 Καταλάνος
1779 2217 2023 2285 τοῦνομα

402 2310 799 2379 »Περιγκέριος
854 2311 1141 2376 Τέντζας,
1206 2311 1477 2378 συγγενὴς
1535 2311 1631 2363 τοῦ
1700 2311 2021 2378 Ῥογερίου.

445 2401 556 2452 Καὶ
580 2402 608 2453 ὁ
633 2400 887 2469 βασιλεὺς
923 2403 1021 2471 μὲν
1046 2404 1148 2472 τὴν
1172 2402 1279 2455 τῶν
1310 2404 1615 2472 χρημάτων
1644 2402 1895 2469 δαπάνην
1924 2396 2024 2470 τῆν

442 2491 724 2561 ἀρκοῦσαν
779 2494 910 2562 περὶ
963 2496 1029 2546 τά
1076 2494 1304 2547 ἐκείνων
1353 2495 1625 2562 ἐνδύματα
1679 2495 1775 2547 καὶ
1816 2493 2023 2563 δωρεὰς

444 2586 537 2635 καὶ
570 2584 636 2636 τὰ
667 2585 922 2638 ἐπίλοιπα
963 2588 1252 2656 σιτηρέσια
1288 2589 1367 2649 εἰς
1400 2586 1723 2657 πλησμονὴν
1745 2586 1981 2641 δὶδωκεν
2006 2604 2021 2617 ⁸

441 2676 627 2742 ὀλίγου
676 2677 733 2729 δὲ
795 2677 992 2747 καιροῦ
1044 2677 1413 2749 παρελθόντος
1472 2678 1731 2747 διέϐησαν
1794 2680 1875 2741 εἰς
1927 2678 2024 2747 τὴν

455 2769 646 2821 Ἀσίαν
700 2771 843 2834 μετὰ
895 2770 1131 2839 στρατοῦ
1163 2771 1259 2824 τοῦ
1312 2770 1576 2837 πολεμεῖν
1610 2770 1735 2833 τοὺς
1766 2770 2021 2839 ἐχθρούς.

442 2861 553 2912 Καὶ
582 2863 643 2913 οὑ
697 2864 829 2931 περὶ
873 2863 982 2916 τῶν
1013 2862 1224 2933 ἐχθρῶν
1274 2863 1463 2924 αὐτοῖς
1506 2861 1727 2931 ἔμελεν,
1777 2863 1915 2914 ἀλλὰ
1966 2862 2026 2913 τὸ

447 2954 692 3023 ὑπήκοον
724 2956 952 3009 πλεῖστα
985 2956 1243 3011 ἐλύπουν.
1272 2957 1387 3011 Καὶ
1418 2956 1471 3009 τί
1504 2957 1611 3026 χρὴ
1640 2956 1823 3022 λέγειν
1851 2954 2026 3006 ὁπόσα

2118 459 2447 528 δακρύοντα.
2476 458 2616 512 ἀλλὰ
2649 460 2759 520 τοῖς
2794 457 3058 527 ὑπηκόοις
3084 457 3273 527 μᾶλλον
3295 457 3488 509 ἐποίουν
3508 458 3629 515 κακὰ

2120 553 2259 622 ὑπὲρ
2290 553 2507 613 ἀσεϐεῖς
2534 552 2629 605 καὶ
2651 551 2904 621 ἐχθρούς.
2933 552 3041 604 Καὶ
3058 546 3124 620 ἦν
3157 550 3279 603 ίδεῖν
3300 550 3355 602 οὐ
3383 551 3526 617 μόνον
3550 552 3633 613 τὰς

2118 647 2311 707 οὐσίας
2360 646 2709 715 ἁρπάζοντας
2741 645 2851 696 τῶν
2908 643 3268 712 ταλαιπώρων
3316 644 3634 713 Χριστιανῶν,

2121 739 2259 790 ἀλλὰ
2291 738 2606 808 Θυγατέρας
2636 741 2733 793 καὶ
2762 739 3036 806 γυναῖκας
3067 736 3394 805 ὑϐρίζοντας.
3422 735 3652 805 Πρεσδῦο.

2120 847 2213 882 ται
2270 831 2326 883 δὲ
2358 830 2454 882 καὶ
2510 832 2678 899 ίερεῖς
2734 830 3090 900 ἐδεσμεύοντο
3148 829 3239 880 καὶ
3269 827 3636 897 ἐμαστιγοῖητο.

2122 920 2309 974 Ταῦτα
2356 922 2548 990 μαθὼν
2594 925 2622 975 ὁ
2666 922 2927 992 βασιλεὺς
2958 920 3117 989 θυμῷ
3144 922 3363 989 ἐτήκετο
3393 920 3476 973 καί
3520 936 3641 981 τινος

2126 1015 2377 1083 μηχανῆς
2436 1012 2744 1083 βοηθούσης
2797 1013 2998 1066 ἐδέετο.
3050 1011 3351 1065 Διαϐαίνειν
3403 1010 3523 1077 πρὸς
3563 1012 3642 1079 τὴν

2123 1105 2347 1176 Θρᾴκην
2378 1106 2468 1158 τὸν
2516 1106 2793 1177 Ῥογέριον
2842 1109 2983 1174 μετὰ
3026 1104 3121 1158 τοῦ
3174 1104 3516 1174 στρατοπέδου
3543 1104 3643 1155 ἐκέ-

2123 1196 2285 1250 λευσε
2316 1199 2453 1268 πρὸς
2485 1199 2546 1251 τὸ
2573 1200 2670 1266 τῆς
2703 1198 3160 1259 Καλλιου-πόλεως
3189 1198 3454 1266 φρούριον.
3488 1194 3646 1248 Καὶτδ

2127 1290 2495 1359 στρατόπεδον
2537 1292 2658 1343 ἐκεῖ
2709 1288 3028 1344 καταλιπὼν
3081 1289 3215 1358 πρὸς
3257 1288 3344 1342 τὸν
3391 1287 3587 1356 βασιλέα
3624 1288 3647 1339 ὁ

2138 1382 2415 1449 Ῥογέριος
2468 1383 2609 1450 μετὰ
2656 1382 2822 1435 τινῶν
2881 1383 2962 1444 είς
3011 1382 3376 1451 προσκύνησιν
3419 1379 3645 1448 ἔρχεται.

2127 1472 2200 1526 Ού
2232 1476 2525 1542 γενομένου
2558 1474 2667 1545 3o
2712 1475 2741 1527 ὁ
2772 1474 3032 1543 βασιλεὺς
3061 1475 3185 1535 τοὺς
3231 1472 3566 1542 παρεστῶτας
3587 1471 3646 1536 ξι-

2128 1566 2323 1635 φήρεις
2356 1565 2671 1636 προστάξας
2700 1568 2927 1630 τούτους
2960 1567 3284 1635 κατέκοψαν.
3321 1565 3572 1626 Μαθὸντες
3606 1564 3651 1615 δὲ

2126 1660 2175 1709 οἱ
2209 1657 2389 1728 ἕτεροι
2421 1660 2643 1712 Λατῖνοι
2669 1659 2720 1711 οί
2746 1660 2805 1712 ἐν
2828 1662 2892 1731 τῇ
2921 1658 3314 1713 Καλλιουπόλει
3339 1658 3403 1711 τὰ
3427 1656 3652 1723 γενόμενα

2128 1750 2207 1811 εἰς
2261 1751 2601 1804 ἀποστασίαν
2650 1752 2995 1820 ἐτράπησαν,
3031 1751 3128 1804 καὶ
3172 1751 3296 1813 τοὺς
3340 1752 3505 1802 ἐκεῖσε
3542 1748 3650 1800 Ῥω·

2128 1841 2325 1909 μαίους
2350 1841 2735 1911 κατέσφαξαν,
2782 1845 2851 1896 τὰ
2872 1843 2931 1896 δὲ
2960 1844 3116 1914 τείχη
3146 1843 3508 1913 ὀχυρώσαντες
3544 1839 3633 1906 κρά

2128 1953 2309 1987 τιστον
2344 1938 2681 2007 ὁρμητήριον
2738 1931 2888 2007 εἶχον
2939 1937 3036 1990 καὶ
3091 1936 3227 2006 μετά
3276 1935 3382 1989 τῶν
3436 1932 3653 2001 Τούρκων

2125 2026 2528 2095 ὁμονοήσαντες
2570 2028 2652 2088 εἰς
2708 2027 2955 2097 φανερὰν
3012 2027 3274 2097 λῃστείαν
3313 2026 3405 2078 καὶ
3437 2021 3654 2092 ἁρπαγὴν

2128 2118 2373 2187 ἐξῆλθον.
2426 2118 2483 2171 Ὀ
2509 2119 2565 2172 δέ
2601 2120 2861 2189 βασιλεὺς
2908 2120 3130 2191 Μιχαὴλ
3165 2118 3261 2181 τὰς
3305 2116 3560 2187 Θρᾳκικάς
3583 2113 3653 2165 καὶ

2128 2212 2508 2275 Μακεδονικὰς
2537 2213 2801 2283 δυνάμεις
2830 2213 3011 2267 λαϐὼν
3041 2209 3177 2283 ἦλθε
3210 2213 3329 2265 κατ’
3359 2209 3545 2268 αὐτῶν,
3582 2205 3656 2258 καὶ

2129 2304 2424 2372 συμϐαλὼν
2448 2307 2635 2369 αὐτοῖς
2668 2306 2825 2361 οὐδὲν
2868 2307 3130 2375 ἐποίησεν
3150 2347 3165 2369 ,
3193 2306 3327 2359 ἀλλὰ
3372 2303 3463 2356 καὶ
3494 2298 3656 2369 μᾶλλον

2128 2396 2506 2464 ἐζημιωμένος
2532 2397 2965 2468 ἐπανέστρεψεν.
3002 2393 3141 2452 Εἶτα
3179 2398 3226 2449 oi
3259 2396 3477 2465 ἀρχηγοῗ
3506 2388 3655 2443 αὐτῶν

2126 2486 2514 2556 διαφερόμενοι
2540 2489 2939 2560 ἐμερίσθησαν,
2981 2489 3081 2542 καὶ
3124 2490 3267 2550 τινὲς
3296 2488 3391 2557 μὲν
3417 2484 3539 2553 πρὸς
3582 2479 3656 2532 τὸν

2131 2580 2357 2650 βασιλέα
2387 2576 2577 2651 ἦλθον,
2606 2582 2786 2653 ἐτεροι
2812 2582 2870 2636 δὲ
2910 2582 3048 2651 μετὰ
3081 2583 3196 2635 τῶν
3224 2579 3471 2649 Τούρκων
3494 2570 3659 2644 ἐστρά-

2127 2690 2308 2736 τευον,
2334 2673 2513 2744 ἕτεροι
2538 2674 2595 2727 δὲ
2628 2676 2989 2749 λῃστεύοντες
3022 2677 3098 2729 τὰ
3129 2675 3266 2747 πρὸς
3291 2674 3349 2726 τὸ
3373 2671 3469 2742 ζῇν
3506 2666 3659 2736 ἐπορί-

2130 2765 2309 2831 ζοντο,
2336 2766 2441 2829 ἕως
2468 2769 2564 2820 καὶ
2599 2769 2681 2831 είς
2709 2769 2861 2829 τέλος
2883 2768 3344 2839 ἐξουθενήθησαν.

2213 2858 2275 2910 '0
2306 2859 2363 2912 δὲ
2389 2860 2646 2930 βασιλεὺς
2698 2861 2923 2931 Μιχαὴλ
2965 2863 3203 2939 στρατὸν
3236 2864 3390 2917 πάλιν
3414 2854 3656 2929 συναθροί-

2132 2969 2231 3014 σας
2248 2952 2468 3022 ἕρχεται
2490 2954 2630 3023 πρὸς
2646 2954 2743 3022 τὴν
2764 2954 3119 3025 Χερρόνησον
3143 2950 3281 3009 κατὰ
3301 2954 3401 3008 τῶν
3416 2950 3653 3020 τούρκων,

447 3045 777 3112 εἰργάσαντο
830 3048 973 3099 κικᾶ
1024 3049 1316 3117 παριόντες
1361 3047 1459 3099 καὶ
1487 3047 1678 3113 δεινάς
1712 3048 1839 3107 Τοῖς
1890 3045 2024 3114 Χρι-
2056 3039 2100 3097 C
2134 3047 2228 3097 καὶ
2265 3044 2521 3098 τοσοῦτον
2554 3046 2789 3116 ἐσφάλη·
2824 3048 2919 3099 καὶ
2942 3048 3234 3117 αἰφνιδίως
3264 3048 3354 3100 τὸν
3383 3044 3587 3115 στρατὸν
3620 3041 3659 3091 cl

446 3141 689 3200 στιανοῖς
738 3139 968 3207 ἀνδράσι
1021 3157 1079 3190 τε
1151 3144 1243 3192 καὶ
1300 3140 1547 3207 γυναιξὶν
1597 3138 1753 3191 οὐδὲν
1801 3139 2026 3208 ἄμεινον

445 3315 677 3375 feroces.
708 3328 804 3382 per
835 3313 1239 3383 llellespontmn
1260 3316 1313 3367 in
1356 3314 1759 3372 Chersonesum
1782 3316 2028 3373 Thraciae

447 3410 684 3476 trajecti,
720 3423 880 3463 omne
906 3410 1169 3462 malorum
1202 3408 1580 3477 scelerumque
1618 3424 1789 3480 genus
1844 3412 2028 3467 edide-

446 3509 572 3554 runt
592 3482 1008 3570 latrociniisque
1040 3501 1239 3554 multas
1284 3500 1538 3569 regiones
1594 3502 1667 3555 ita
1724 3513 2021 3566 vexarunt,

448 3600 626 3646 utnec
660 3605 841 3656 arare,
875 3606 977 3646 nce
1006 3605 1190 3646 serere
1224 3606 1326 3646 nec
1351 3606 1417 3646 ex
1449 3592 1664 3662 oppidis
1695 3594 1879 3664 egredi
1928 3608 2025 3664 per

447 3699 610 3738 unum
660 3698 862 3737 annum
912 3694 966 3738 et
1022 3699 1239 3739 menses
1302 3685 1489 3740 decem
1548 3688 1762 3742 liceret.
1815 3687 2029 3741 Accidit

445 3779 635 3829 eodem
695 3784 962 3845 tempore,
1045 3786 1103 3830 ut
1167 3776 1393 3833 Latinus
1443 3777 1664 3847 quidam
1718 3778 2025 3843 adveniret,

449 3867 668 3922 natione
690 3868 1017 3935 Catelanus,
1054 3868 1274 3923 nomine
1300 3868 1591 3939 Rogerius.
1654 3868 1724 3932 ls,
1756 3884 1823 3924 ex
1879 3868 2020 3923 infe-

446 3960 589 4014 riore
619 3959 794 4016 Iberia
828 3962 1073 4017 collectis
1104 3963 1276 4032 copiis
1302 3973 1355 4017 et
1420 3963 1741 4018 triremibus
1791 3973 2028 4031 quatuor

442 4053 698 4120 impletis,
736 4053 907 4110 libere
939 4057 1222 4125 piraticam
1274 4055 1537 4123 faciebat,
1588 4057 1641 4110 in
1699 4071 1807 4125 qua
1860 4072 2025 4111 exer-

440 4147 799 4201 citatissimus
827 4157 967 4202 erat.
1006 4147 1216 4202 Etenim
1242 4163 1351 4202 non
1381 4148 1555 4202 solum
1606 4163 1771 4204 naves
1832 4163 2025 4204 onera-

442 4240 550 4293 rias
574 4240 1017 4310 aggrediebalur,
1059 4241 1153 4294 sed
1212 4240 1376 4293 etiam
1434 4254 1661 4310 magnas
1713 4240 2019 4308 depopula-

2127 3136 2364 3197 ἐναντίοι
2400 3136 2951 3207 περικυκλώσαντες,
2986 3142 3066 3203 είς
3103 3140 3283 3211 φυγὴν
3316 3139 3604 3206 ἐτράπησαν
3620 3130 3661 3183 οἱ

2132 3316 2313 3372 mitius
2332 3331 2492 3387 quam
2519 3318 2787 3388 mancipia
2821 3318 3165 3386 habuerunt;
3194 3320 3387 3375 nullius
3432 3318 3661 3386 lacrymas

2133 3410 2395 3475 miserati,
2435 3413 2675 3482 gravius,
2699 3426 2862 3483 quam
2890 3415 2993 3485 ipsi
3024 3416 3211 3473 hostes
3273 3424 3327 3471 et
3374 3415 3532 3484 impii,
3570 3411 3658 3463 lio-

2132 3515 2323 3555 mauos
2351 3514 2637 3558 vexarunt.
2675 3504 2901 3559 Videres
2923 3506 3361 3563 Christianorum
3402 3503 3662 3559 infelicium

2133 3608 2236 3648 non
2271 3594 2444 3649 solum
2479 3596 2618 3651 bona
2651 3598 2885 3668 direpta,
2911 3601 3007 3654 sed
3038 3602 3209 3655 etiam
3242 3602 3377 3655 tilias
3402 3610 3453 3655 et
3495 3604 3663 3650 uxores

2131 3689 2370 3753 vitiatas,
2395 3703 2556 3746 senes
2582 3701 2634 3745 et
2661 3692 2979 3749 sacerdotes
3034 3695 3250 3749 vinctos
3275 3704 3329 3749 et
3384 3691 3662 3763 ﬂagellatos.

2127 3779 2258 3847 Quae
2288 3791 2344 3835 ut
2376 3784 2599 3837 rescivit
2630 3785 2947 3853 imperator,
2972 3787 3053 3841 ira
3084 3787 3371 3843 contabuit
3411 3800 3501 3840 nec
3556 3796 3666 3835 cou-

2128 3871 2307 3926 silium
2341 3875 2562 3943 rcperit,
2594 3891 2705 3946 quo
2724 3877 2808 3932 his
2841 3879 2997 3933 malis
3043 3881 3377 3935 mederetur.
3424 3875 3476 3930 lu
3516 3874 3664 3928 Thra-

2128 3963 2268 4017 ciam
2304 3966 2372 4017 ad
2395 3964 2647 4033 oppidum
2677 3966 3022 4037 Calliopolim
3071 3983 3197 4025 cum
3257 3969 3425 4038 copiis
3468 3962 3664 4020 transire

2124 4054 2309 4122 jussus
2339 4052 2625 4124 Rogerius,
2660 4057 2849 4114 relicto
2881 4059 2988 4113 illic
3044 4061 3312 4121 exercitu,
3340 4074 3456 4113 cum
3504 4056 3657 4124 paucis

2130 4149 2195 4199 ad
2237 4146 2581 4203 salutandum
2638 4150 3020 4218 imperatorem
3073 4152 3245 4206 venit.
3286 4154 3399 4218 Qua
3432 4150 3514 4205 ille
3562 4158 3665 4199 usus

2129 4240 2441 4306 occasione,
2465 4240 2817 4306 satellitibus,
2849 4242 2943 4311 qui
3002 4253 3203 4314 praesto
3247 4246 3480 4304 aderant,
3511 4236 3661 4293 statim

440 4334 597 4385 batur
654 4333 859 4387 insulas
892 4341 945 4386 et
968 4347 1117 4386 mare
1161 4332 1399 4385 inferum
1450 4332 1683 4386 habebat
1735 4332 2015 4388 infestum.
2054 4358 2097 4412 ο
2133 4333 2375 4396 mandat,
2422 4348 2481 4388 ut
2541 4332 2834 4404 Rogerium
2862 4344 2915 4389 et
2944 4338 3172 4392 comites
3205 4337 3324 4406 ejus
3360 4336 3661 4391 ohtrunceut.

449 4423 583 4477 lluic
617 4424 780 4492 igitur
810 4424 937 4477 duci
969 4426 1139 4477 visum
1176 4436 1282 4489 est,
1309 4425 1580 4492 legatione
1603 4427 1667 4477 ad
1720 4426 2017 4494 imperato-

442 4529 554 4565 rem
617 4512 993 4566 Andronicum
1030 4513 1219 4577 missa,
1274 4514 1591 4568 societatem
1657 4530 1780 4569 cum
1828 4518 2019 4570 eodem

442 4612 629 4656 contra
656 4602 864 4656 'l‘urcas
894 4602 1119 4671 pacisci.
1145 4602 1358 4672 Legatis
1380 4608 1447 4659 ab
1472 4606 1783 4663 Andronico
1800 4609 2017 4669 auditis.

445 4694 557 4760 ipse
610 4688 900 4758 Rogerius,
955 4708 1078 4747 cum
1150 4694 1412 4749 bellicoso
1491 4701 1733 4751 exercitu
1783 4699 2021 4753 duorum

443 4786 795 4855 milliumex
861 4787 1146 4841 occidente
1199 4788 1410 4856 Cpolim
1472 4790 1778 4859 profectus,
1842 4794 2019 4863 magni

441 4879 593 4931 ducis
619 4879 882 4948 dignitate
913 4878 981 4933 ab
1012 4879 1342 4948 imperatore
1375 4893 1626 4935 ornatur.
1682 4883 1849 4936 Paulo
1902 4894 2025 4953 post

440 4970 578 5025 alius
624 4970 915 5025 Catelauus
998 4974 1333 5041 supervenit,
1393 4972 1727 5028 Pwinverius
1790 4975 2022 5032 Tcntzus

442 5063 931 5137 nomine,Rogerii
987 5077 1274 5136 cognatus.
1337 5066 1393 5120 In
1421 5068 1615 5121 horum
1676 5070 2020 5134 vestimenta,

438 5155 692 5211 donativa
716 5166 769 5211 et
806 5174 916 5211 rem
946 5157 1361 5212 frumentariam
1395 5159 1487 5213 ubi
1526 5161 1823 5229 imperator
1875 5177 2024 5215 sum-

404 5266 409 5275 “
439 5258 586 5315 ptum
618 5248 748 5304 fecit
778 5240 1182 5311 liberalissime,
1227 5249 1377 5303 brevi
1414 5259 1657 5320 tempore
1712 5250 2019 5321 interjecto,

436 5337 490 5390 in
528 5339 710 5393 Asiam
744 5355 867 5394 cum
928 5340 1169 5395 exercitu
1221 5340 1496 5407 trajiciunt
1558 5341 1623 5395 ad
1673 5342 2023 5397 debellandos

440 5435 644 5487 hostes.
703 5433 768 5485 At
799 5433 863 5485 de
901 5431 1153 5487 hostibus
1180 5431 1255 5487 illi
1305 5448 1493 5501 parum
1531 5434 1775 5497 solliciti,
1827 5432 2025 5487 [lonia-

440 5539 540 5580 nos
614 5527 931 5595 gravissime
1010 5536 1285 5596 premunt.
1375 5524 1513 5591 Quid
1568 5541 2021 5589 commemorem,

436 5625 639 5683 quanta
718 5633 1044 5686 quocunque
1107 5628 1390 5682 venerunt,
1434 5617 1573 5670 mala
1639 5618 1911 5673 ediderint
1968 5626 2021 5669 et

439 5706 690 5762 scelera?
718 5708 1055 5764 Christianos
1092 5693 1203 5761 tum
1242 5710 1386 5762 viros
1424 5718 1534 5761 tum
1586 5707 1815 5764 lctninas
1839 5708 2008 5783 nihilo

2127 4425 2281 4491 Quod
2340 4440 2465 4479 cum
2525 4426 2809 4481 audissent
2863 4427 3054 4497 reliqui
3146 4427 3349 4490 Latini,
3404 4427 3489 4495 qui
3540 4426 3663 4476 entut

2126 4517 2436 4587 CalliOpoli,
2462 4519 2527 4573 ad
2565 4518 2920 4574 defectionem
2949 4523 3207 4576 conversi
3257 4520 3519 4575 Retnanos
3568 4526 3655 4567 tru-

2128 4613 2415 4677 cidurunt;
2456 4612 2653 4667 deinde
2700 4613 2900 4682 oppido
2951 4614 3125 4683 probe
3176 4612 3525 4671 communito,
3572 4615 3659 4659 ιιιοα

2130 4703 2415 4759 buntureo
2456 4713 2516 4757 ut
2544 4703 2892 4772 receptaculo
2913 4703 3256 4771 ﬁrmissimo,
3317 4715 3492 4774 atque.
3550 4700 3659 4753 lactt

2129 4810 2253 4847 cum
2282 4792 2477 4849 Turcis
2507 4793 2933 4865 conspiratione,
2960 4792 3013 4846 in
3052 4803 3245 4862 aperta
3302 4788 3572 4848 latrocinia
3612 4795 3660 4833 ac

2131 4886 2351 4953 rupinas
2410 4886 2788 4955 erumpebant.
2855 4884 3108 4952 Michael,
3166 4902 3291 4941 cum
3348 4881 3580 4939 Thraciis
3618 4882 3661 4930 ct

2132 4977 2496 5032 Macedonicis
2535 4979 2708 5047 copiis
2769 4987 2959 5032 contra
2991 4994 3086 5034 eos
3142 4978 3441 5048 profectus.
3493 4973 3658 5027 frusm

2132 5084 2255 5122 cum
2275 5071 2342 5124 iis
2360 5071 2675 5135 decertavit,
2709 5071 2819 5123 imo
2849 5084 2977 5126 vero
2998 5086 3122 5125 cum
3168 5072 3373 5125 damno
3402 5076 3455 5124 et
3482 5067 3661 5136 jaclul’a

2140 5165 2321 5219 rediit.
2349 5163 2470 5218 Mox
2497 5176 2678 5218 autent
2737 5165 2951 5219 illorum
3000 5136 3167 5220 duces
3218 5163 3495 5219 discordes
3536 5151 3661 5211 facti.

2131 5257 2329 5327 partim
2370 5256 2424 5309 in
2461 5266 2641 5324 partes
2693 5256 3060 5326 imperatoris,
3113 5257 3310 5325 partim
3380 5254 3440 5307 ad
3487 5249 3663 5303 Turcas

2136 5355 2530 5403 concesserunt
2558 5365 2571 5400 :
2607 5348 2857 5402 nonnulli
2888 5349 3170 5402 etiamtum
3202 5344 3494 5401 latrociniis
3539 5350 3664 5408 qua.

2128 5441 2376 5501 siverunt
2403 5439 2624 5503 victum,
2660 5440 2832 5493 donec
2861 5449 3139 5507 postremo
3165 5453 3329 5493 censu
3342 5434 3467 5506 mpti
3514 5428 3660 5500 νοτία·

2129 5540 2275 5584 runt.

2202 5621 2503 5688 Imperator
2556 5622 2804 5686 Michael,
2844 5633 3038 5679 coacto
3086 5638 3277 5677 rursus
3327 5616 3573 5673 exercitu,
3618 5610 3662 5660 in

2119 5709 2522 5766 Chersonesum
2575 5698 2767 5766 cotitra
2799 5712 3008 5769 Turcas
3065 5713 3427 5783 proﬁciscitur
3454 5722 3512 5760 ac
3550 5714 3659 5770 gra-
