3908 6196
434 298 441 305 ι
485 258 594 318 683

1716 248 2043 311 GEORGII

2168 249 2513 310 [ΒΑΝΤΖΕ
3556 254 3642 317 634

490 377 553 427 ὲκ
595 369 792 426 πολλοῦ
816 370 844 421 6
873 367 1075 437 πατὴρ,
1101 362 1221 421 εἶτα
1246 367 1340 419 καὶ
1366 367 1527 428 αὐτὸς
1549 366 1646 437 τὴν
1670 365 1937 435 διοίκησιν
1958 369 2058 434 τὴν
2084 366 2136 424 Δ
2160 365 2250 417 τὸν
2298 365 2542 433 ἁμηρᾶν,
2576 364 2759 428 ἔλεγεν
2793 363 2873 413 ὅτι
2911 361 3010 413 οὐκ
3046 356 3108 430 ἦν
3153 361 3343 414 δίκαιον
3376 364 3497 430 φίλοι
3523 367 3644 427 butt;

432 508 437 513 .
490 467 585 518 τοῦ
617 464 825 531 πατρὸς
857 459 1154 531 προστάξει
1205 459 1301 512 τοῦ
1359 458 1624 529 βασιλέως
1652 456 1939 522 διεδέξατο,
1971 458 2058 512 διὰ

492 559 549 611 δὲ
584 557 643 609 τὸ
678 557 887 624 μάκρος
941 551 1037 605 τοῦ
1091 552 1282 621 χρόνου
1333 551 1588 620 ἀφορμὴν
1640 542 1819 618 εὑρὼν
1870 566 2059 618 περιε-

492 648 699 701 ποιεῖτο
742 644 802 696 τὸ
847 643 983 697 ἄστυ
1016 644 1090 705 ὡς
1117 644 1304 713 κτῆμα
1336 643 1491 695 ίδιον.
1540 642 1809 695 Ἐνεκάλει
1843 643 1932 694 τὸν
1963 641 2057 695 τοῦ

494 737 758 809 βασιλέως
799 736 1025 803 ἀδελφὸν
1059 735 1197 803 πρὸς
1232 735 1322 786 τὸν
1361 734 1605 804 ἀμηρᾶν,
1636 732 1941 786 ἀδικεῖσθαι
1970 733 2058 785 λέ-

492 846 607 898 γων
638 828 734 882 ὑπ’
760 827 949 892 αὑτοῦ,
981 827 1076 879 καὶ
1096 826 1197 895 τὴν
1221 824 1610 895 Μονεμϐασίαν
1636 826 1700 877 ἐκ
1723 824 1833 877 τῶν
1861 826 2059 896 χειρῶν

494 918 663 973 αὑτοῦ
714 918 1052 979 δυναστικῶς
1103 916 1344 983 έξέλαϐε,
1381 917 1474 969 καὶ
1532 917 1667 986 μετὰ
1725 916 1934 984 ὖϐρεως
1967 916 2061 969 καὶ

494 1012 721 1081 ἀτιμίας
746 1010 844 1063 καὶ
873 1008 1137 1079 αἰσχύνης
1168 1010 1232 1061 ἐκ
1280 1008 1389 1065 τῶν
1422 1009 1633 1062 ἐκεῖθεν
1671 1007 1876 1073 ἐδίωξε.
1914 1008 1973 1061 Ὀ
2002 1008 2059 1062 δὲ

493 1102 781 1171 Μαμωνᾶς
834 1094 989 1163 οὗτος
1025 1100 1301 1171 γνώριμος
1330 1095 1400 1170 ἦν
1430 1102 1492 1153 ὲκ
1523 1100 1717 1152 πολλοῦ
1743 1099 1819 1169 τῷ
1846 1101 2073 1181 ἀμηρᾷον

493 1189 770 1263 Λυπῆθεὶς
797 1192 889 1246 οὖν
923 1194 1062 1263 μετὰ
1109 1191 1285 1261 θυμοῦ
1316 1193 1342 1244 6
1369 1192 1591 1261 ἀμηρᾶς
1626 1194 1874 1261 μηνύσας
1906 1189 2061 1245 εἶπεν

494 1290 569 1358 τῷ
602 1289 815 1360 βασιλεῖ
838 1288 1012 1350 οὕτως
1044 1289 1127 1340 δτι
1169 1307 1187 1339 ι
1230 1288 1331 1340 οὐκ
1376 1288 1539 1357 ἀρκεῖ
1572 1288 1701 1356 ὑμῖν
1732 1285 2057 1355 εἰρηνεύειν,

492 1382 631 1435 ἀλλὰ
677 1381 850 1445 οὕτως
896 1380 1083 1434 θέλετε
1135 1380 1398 1449 πράττειν
1432 1379 1572 1433 κατὰ
1605 1376 1713 1429 τῶν
1745 1377 1891 1445 ὲμῶν
1927 1376 2059 1428 ὑπο-

494 1474 720 1544 χειρίων
749 1490 765 1538 ;
794 1472 905 1541 ἐγὼ
932 1474 1042 1541 γὰρ
1074 1470 1260 1542 ὀμνύω
1292 1488 1375 1524 σοι
1401 1472 1482 1535 εἰς
1509 1469 1601 1524 τὸν
1641 1469 1797 1535 Θεὸν,
1833 1469 2057 1522 παιδεῦ-

495 1581 584 1618 σαι
611 1563 720 1634 ἔχω
748 1563 871 1627 τοὺς
896 1566 964 1616 τὰ
996 1564 1223 1617 τοιαῦτα
1258 1562 1595 1632 τολμῶντας.
1639 1578 1657 1612 ι
1698 1562 1811 1614 Καὶ
1837 1561 2059 1629 ἐτέρους

497 1657 691 1724 λόγους
726 1656 999 1727 σκληροὺς
1030 1656 1200 1724 ἔφησε
1233 1654 1377 1707 κατὰ
1409 1654 1501 1706 τοῦ
1548 1651 1811 1724 βασιλέως
1835 1652 2060 1705 καὶτῶν

460 1712 697 1829 Ἲέτέρων
730 1712 1004 1801 αὐθέντῶν
1036 1712 1404 1815 ὶξριστιανῶν,
1438 1712 1706 1814 δέπερὶ
1738 1712 1812 1796 ὧν
1838 1742 2065 1813 είρήκα-
2095 1712 2137 1782 Β

495 1855 615 1908 μεν.
667 1838 730 1892 0i
764 1836 821 1889 δὲ
872 1837 1210 1898 ἀκούσαντες
1254 1836 1359 1897 ἕως
1406 1834 1638 1903 καρδίας
1684 1833 2060 1902 ἐλυπήθησαν,

494 1930 588 1983 καὶ
617 1930 804 1981 ἔκτοτε
846 1929 1075 1998 ἐζήτουν
1132 1927 1324 1995 καιρὸν
1376 1926 1682 1995 ἐπιτήδειον
1718 1926 1811 1978 καὶ
1841 1924 2062 1991 εῠλογον

493 2020 675 2073 αἰτίαν
703 2019 791 2071 ἵνα
828 2018 927 2081 τὰς
958 2018 1284 2087 ὑποσχέσεις
1317 2019 1411 2071 καὶ
1460 2018 1770 2086 συμϐάσεις
1804 2019 1895 2071 καὶ
1925 2018 2061 2071 ὑπο-

490 2113 683 2181 ταγὴν,
728 2109 797 2179 ἢν
849 2103 997 2183 εἶχον
1047 2110 1187 2177 μετά
1240 2109 1335 2162 τοῦ
1387 2110 1605 2180 ἀμηρᾶ,
1638 2110 1907 2178 φύγωσιν.
1954 2108 2065 2162 Καὶ

494 2200 800 2272 συμϐάσεις
833 2201 929 2253 καὶ
959 2201 1160 2269 ὅρκους
1185 2202 1449 2270 φρικτοὺς
1474 2200 1650 2270 λάθρα
1671 2201 1943 2271 ἀναμέσον
1969 2203 2066 2254 αὐ-

490 2295 601 2348 τῶν
632 2293 967 2362 ποιήσαντες
997 2290 1093 2344 τοῦ
1126 2286 1269 2346 εἶναι
1300 2293 1499 2364 γνώμῃ
1526 2294 1621 2346 καὶ
1654 2292 1802 2363 ψυχῇ
1838 2294 1936 2363 μιᾷ
1958 2293 2064 2356 ἕως

493 2386 752 2451 θανάτου,
796 2385 878 2439 διδ
931 2383 1276 2455 βεϐαιότερον
1310 2383 1409 2452 τῆς
1442 2384 1663 2453 ἀγάπης
1692 2384 1789 2438 καὶ
1816 2383 1907 2436 τοῦ
1938 2401 2065 2436 συν-

490 2479 694 2549 δέσμου
745 2475 940 2531 τούτου
994 2476 1233 2545 ἔστησαν
1270 2476 1357 2529 ἵνα
1408 2476 1436 2529 6
1480 2475 1737 2545 βασιλεὺς
1785 2476 1891 2543 κὺρ
1940 2473 2063 2529 Μα⁹

498 2570 663 2641 νουὴλ
691 2571 772 2633 είς
806 2570 1037 2639 νόμιμον
1074 2571 1309 2637 γυναῖκα
1358 2567 1498 2639 λάϐῃ
1528 2568 1626 2635 τὴν
1662 2566 1941 2637 θυγατέρα
1969 2568 2063 2621 τοῦ

493 2662 601 2733 acin
628 2659 1041 2716 Κωνσταντίνου
1067 2662 1160 2714 τοῦ
1191 2659 1477 2731 Δραγάση.
1668 2642 1681 2649 ’

567 2751 652 2808 ιδ’.
674 2752 782 2807 Τοῦ
809 2752 866 2806 δὲ
900 2752 1093 2822 ἀμηρᾶ
1125 2751 1534 2821 Μπαγιαζήτου
1572 2752 1821 2815 ἐλθόντος
1850 2753 1943 2806 καὶ
1972 2770 2066 2805 πο·-

492 2843 592 2897 λὺν
623 2844 725 2912 τῆς
772 2840 1110 2911 Βουλγαρίας
1156 2840 1319 2893 τόπον
1356 2840 1671 2904 ἁλώσαντος
1703 2840 1783 2893 ἔτι
1817 2841 1915 2895 καὶ
1942 2841 2067 2895 δου-

495 2934 791 3001 λὼσαντος,
838 2934 867 2987 6
916 2934 1014 3005 τῆς
1058 2934 1371 3003 Γερμανίας
1418 2934 1674 3003 βασιλεὺς
1720 2934 2066 3003 Σιγισμόνδος

2162 459 2220 509 ἐν
2249 459 2313 525 τῇ
2367 456 2677 525 Βουλγαρίᾳ
2723 454 3006 506 ἐπιϐαλεῖν
3040 455 3194 523 χεῖρα
3239 455 3319 507 τὸν
3348 457 3558 524 ἀμηρᾶν,
3584 461 3649 510 ὅτι

2162 550 2306 604 κατὰ
2336 549 2394 601 τὸ
2429 549 2727 619 προνόμιον
2775 550 2873 617 τῆς
2906 547 3180 619 βασιλείας
3210 548 3409 600 enimio
3450 552 3649 613 τοιοῦτος

2161 642 2327 704 τόπος
2360 643 2529 695 ἐστίν.
2588 640 2863 700 Ἐλθόντος
2906 640 2961 693 δὲ
2990 639 3081 692 τοῦ
3113 638 3376 707 πρέσϐεως
3402 642 3481 693 καὶ
3508 643 3651 696 ταῦτα

2162 734 2406 797 είπόντος
2445 735 2523 802 τῷ
2571 734 2972 803 Μπαγιαζήτῃ,
3015 734 3165 786 οὐδὲν
3207 733 3381 803 ἕτερον
3421 737 3652 805 ἀπεκρίθη

2163 827 2314 898 αὑτῷ
2357 831 2404 881 el
2440 828 2515 896 μὴ
2552 827 2712 895 μόνον
2742 828 2805 880 ὲκ
2854 828 3164 898 τῆςνχειρδς
3197 828 3498 898 παραλαϐὼν
3524 830 3654 881 αὐτὴν

2163 918 2367 982 ἔδειξεν
2416 915 2563 973 οἶκόν
2618 936 2742 973 τινα
2778 918 2954 987 τούτῳ
3009 919 3179 987 μέγαν
3224 920 3450 988 γέμοντα
3490 921 3660 972 ἔσωθεν

2164 1011 2270 1066 ἀπὸ
2303 1011 2573 1065 παντοίων
2604 1012 2852 1080 ὀργάνων
2876 1012 3202 1079 πολεμικῶν,
3226 1013 3487 1082 ρομφαίων
3508 1030 3559 1065 τε
3583 1015 3659 1065 καὶ

2165 1101 2357 1169 ξίφων,
2388 1100 2424 1154 ἃ
2465 1100 2645 1163 καλῶς
2686 1100 3071 1170 ήτοιμασμένα
3104 1103 3198 1154 καὶ
3228 1096 3662 1170 παρεσκευασμένα

2164 1196 2428 1264 ὑπῆρχον.
2463 1188 2594 1248 Εἶτα
2628 1196 2775 1264 λέγει
2807 1195 2884 1264 τῷ
2915 1197 3140 1267 πρέσϐει
3166 1210 3182 1225 ο
3222 1196 3410 1261 «Λέξον
3433 1196 3579 1248 ταῦτα
3602 1198 3661 1264 τῷ

2162 1284 2395 1354 αὐθέντῃ
2433 1301 2526 1339 σου
2554 1285 2630 1353 τῷ
2676 1286 2910 1354 βασιλεῖ,
2944 1289 3026 1340 ὄτι
3056 1287 3119 1339 τὸ
3152 1288 3283 1357 ὲμδν
3305 1289 3664 1357 δίκαιον,δέχω

2162 1377 2220 1428 έν
2246 1376 2310 1444 τῇ
2346 1374 2672 1445 Βουλγαρίᾳ,
2701 1375 2810 1445 59
2835 1375 3012 1429 ταῦτα
3036 1378 3107 1429 τὰ
3140 1377 3275 1429 ὅπλα
3305 1377 3393 1430 καὶ
3434 1378 3483 1429 αἱ
3522 1395 3667 1446 παρα-

2164 1469 2355 1520 σκευαὶ
2373 1467 2440 1530 ἃς
2462 1463 2607 1531 εῐδας
2630 1468 2788 1522 εἰσιν.
2818 1486 2837 1520 ι
2870 1470 2980 1524 Καὶ
3016 1467 3112 1525 τοῦ
3140 1470 3413 1541 πρέσϐεως
3434 1472 3666 1539 ἀναφορὰν

2162 1559 2489 1628 ποιήσαντος
2518 1559 2596 1628 τῷ
2621 1558 2835 1628 βασιλεῖ
2853 1561 3192 1631 Σιγισμόνδῳ
3216 1562 3272 1613 ὲν
3299 1559 3374 1630 τῷ
3400 1561 3664 1613 ἐπανελθεῖν

2164 1655 2302 1725 πρὸς
2335 1654 2499 1708 αὐτὸν
2531 1657 2661 1724 περὶ
2710 1655 2942 1723 τούτων,
2974 1659 3004 1710 6
3037 1655 3290 1725 βασιλεὺς
3323 1655 3545 1726 ἐλυπήθη
3570 1656 3662 1708 λίαν

2165 1747 2275 1812 διὰ,
2302 1747 2364 1802 τὸ
2418 1745 2650 1800 ἀκοῦσαι
2682 1746 2787 1799 ὑπὸ
2817 1746 2913 1800 τοῦ
2963 1748 3246 1817 πρέσϐεως
3274 1747 3338 1801 τὰ
3368 1746 3568 1799 τοιαῦτα
3597 1748 3666 1798 καὶ

2164 1839 2265 1907 τὴν
2298 1836 2391 1890 τοῦ
2427 1838 2621 1908 ἀμηρᾶ
2651 1837 3103 1909 ὑπερηφάνειαν·
3149 1840 3243 1891 καὶ
3288 1836 3439 1899 εὐθὺς
3480 1837 3663 1905 στρατὸν

2168 1929 2560 2000 μισθοφορικὸν
2590 1929 2761 1982 πολὺν
2792 1930 3051 1997 συνάξας,
3079 1931 3178 1983 καὶ
3205 1929 3293 1982 τὸν
3321 1928 3477 1983 αὑτοῦ
3507 1929 3664 1996 μᾶλλον

2165 2020 2459 2089 ἑτοιμάσας
2492 2024 2586 2074 καὶ
2617 2021 2846 2083 πολλοὺς
2879 2022 3102 2091 ἑτέρους
3128 2021 3388 2083 αὐθέντας
3414 2019 3669 2091 προσκαλε-

2167 2112 2399 2181 σάμενος
2425 2112 2505 2175 εἰς
2538 2112 2816 2183 βοήθειαν,
2860 2112 2989 2165 ἄνευ
3022 2114 3168 2177 τινὸς
3204 2112 3395 2183 μισθοῦ
3423 2113 3452 2182 ἢ
3480 2112 3667 2180 όψωνίου

2166 2205 2259 2256 καὶ
2311 2205 2448 2273 μετὰ
2493 2203 2751 2272 πλείστης
2783 2206 2957 2275 χαρᾶς
3004 2208 3095 2258 καὶ
3146 2204 3387 2273 γενναίας
3413 2205 3571 2273 ψυχῆς
3602 2205 3674 2254 καὶ

2165 2293 2422 2364 ἀνδρικοῦ
2478 2296 2831 2363 φρονήματος
2883 2294 3139 2365 διήρχετο
3196 2299 3223 2348 6
3274 2296 3512 2365 λαμπρὸς
3554 2288 3674 2369 οὗτος

2168 2383 2419 2453 στρατὸς,
2467 2387 2561 2436 καὶ
2609 2385 2788 2438 πάντα
2822 2390 2936 2448 τοῖς
2986 2390 3147 2438 ποσὶν
3198 2388 3491 2440 ὑπέτασσεν
3512 2388 3570 2439 τὰ
3595 2386 3676 2438 τῶν

2166 2474 2426 2542 Τούρκων
2477 2476 2733 2544 φρούρια,
2783 2475 2928 2530 ἁλῶν
2961 2476 3055 2529 καὶ
3099 2477 3380 2531 σκυλεύων
3410 2479 3496 2531 καὶ
3517 2477 3677 2544 ἀφανί-

2167 2566 2296 2631 ζων,
2317 2565 2424 2629 ἕως
2471 2568 2561 2618 καὶ
2584 2567 2680 2634 τῆς
2705 2566 3056 2629 Νικοπόλεως
3081 2568 3420 2637 περάσαντες
3460 2566 3677 2636 ἒᾳθασιιν,

2168 2656 2418 2726 καθάπερ
2443 2656 2545 2725 ὖλη
2577 2656 2907 2727 ὲπιτυχοῦσα
2940 2658 3100 2726 φλογὶ
3131 2660 3346 2730 ἰσχυρᾷ.
3371 2656 3491 2711 Εῐτα
3515 2660 3539 2711 6
3563 2658 3680 2726 βασι-

2166 2749 2289 2811 λεὺς
2344 2748 2719 2817 Σιγισμόιύος,
2766 2750 2860 2802 καὶ
2894 2750 3094 2818 ἑτέρως
3127 2751 3300 2804 θέλων
3356 2750 3678 2820 στρατηγῆσαι

2168 2840 2307 2892 κατά
2339 2838 2433 2891 τοῦ
2466 2838 2863 2907 Μπαγιαζήτη,
2895 2839 3142 2907 πρέσϐυν
3166 2841 3366 2894 ἔστειλε
3394 2840 3551 2909 λάθρα
3572 2840 3681 2908 πρ³ς

2168 2931 2259 2982 τὸν
2307 2930 2529 2999 βασιλέα
2582 2931 2686 2999 κὺρ
2722 2930 2980 3001 Μανουὴλ
3012 2931 3104 2985 καὶ
3140 2935 3267 2994 τοὺς
3295 2934 3501 3002 ἐτέρους
3527 2932 3682 2983 αὐθέκ-

494 3026 666 3097 ιμαθε
691 3026 763 3079 τὰ
789 3024 1082 3095 γενόμενα.
1139 3021 1196 3077 '0
1234 3021 1328 3077 οὖν
1353 3024 1704 3093 Σιγισμόνδος
1725 3024 1820 3093 τῆς
1849 3023 2067 3094 Γερμα-
2092 3052 2135 3110 c
2171 3020 2401 3088 τας,οὒς
2436 3022 2777 3110 προὲφημεν,
2813 3022 2898 3076 ἵνα
2944 3022 3156 3092 ἕτοιμοι
3191 3026 3284 3080 καὶ
3319 3044 3683 3097 προπαρεσκευι-

495 3121 615 3184 νίας
648 3119 676 3172 6
710 3117 962 3188 βασιλεὺς
1012 3114 1257 3183 πρέσϐυν
1292 3115 1507 3178 στείλας
1538 3116 1674 3186 πρὸς
1722 3115 1905 3182 αὑτὸν,
1941 3116 2063 3187 ἦτοι

496 3308 689 3354 nactus
720 3297 996 3361 idoneam,
1033 3297 1227 3365 urbem
1261 3296 1362 3369 sibi
1410 3307 1467 3351 ut
1495 3299 1771 3367 propriam
1820 3298 2063 3354 vindica-

496 3397 599 3443 rat.
632 3389 681 3443 Is
724 3388 891 3457 igitur
942 3385 1163 3440 fratrem
1221 3386 1562 3455 imperatoris
1625 3391 1769 3457 apud
1822 3405 2062 3445 amcram

495 3479 910 3540 criminabatur,
965 3479 1108 3546 quod
1170 3478 1587 3533 Monembasiam
1647 3480 1906 3536 violenter
1961 3482 2065 3537 sibi

494 3573 802 3642 eripuisset,
844 3570 1073 3639 indeque
1130 3583 1189 3625 se
1218 3584 1344 3623 cum
1399 3571 1744 3637 contumelia,
1802 3572 2065 3628 dedecore

495 3673 551 3718 et
580 3660 799 3719 infamia
848 3659 1165 3729 expulisset.
1227 3658 1358 3713 Erat
1418 3671 1597 3715 autem
1650 3661 1924 3717 Mamonas
1977 3661 2067 3717 hic

496 3769 693 3808 autem:
724 3752 925 3806 dudum
962 3759 1152 3806 nolus:
1214 3753 1353 3807 unde
1405 3754 1450 3809 is
1484 3754 1924 3825 indignabundus
1958 3757 2064 3810 im-

494 3853 801 3914 peratorem
831 3845 903 3898 ita
933 3844 1207 3911 increpat:
1248 3863 1266 3894 ι
1307 3841 1446 3898 Num
1495 3845 1647 3899 vobis
1676 3847 1809 3899 satis
1854 3863 1959 3901 non
1985 3855 2069 3902 est

494 3953 628 4009 pace
658 3936 785 4001 frui,
822 3937 916 3991 sed
951 3936 1056 3992 isto
1109 3937 1266 3991 modo
1318 3952 1469 3992 meos
1531 3937 1728 3993 habere
1792 3940 2066 4007 subjectos

496 4028 744 4084 audetis?
798 4026 1061 4098 Equidem
1113 4043 1210 4098 per
1242 4028 1408 4084 Deum
1438 4029 1562 4099 juro
1613 4030 1732 4096 tibi,
1772 4046 1928 4099 posse
1960 4047 2066 4093 me.

497 4120 621 4176 talia
658 4121 749 4192 qui
806 4120 1064 4186 audeant,
1112 4121 1325 4190 punire.
1371 4140 1389 4173 ι
1431 4122 1549 4176 Alia
1583 4133 1840 4190 praeterea
1872 4138 2067 4190 aspera

497 4215 657 4267 verba
710 4213 972 4267 adversus
1009 4210 1386 4279 imperatorem
1425 4221 1477 4267 ct
1535 4212 1768 4281 reliquos
1799 4213 2069 4281 principes

495 4302 854 4366 Christianos,
888 4303 954 4356 de
1000 4301 1196 4370 quibus
1243 4301 1499 4363 diximus,
1558 4303 1819 4369 jactavit:
1875 4302 2069 4370 quibus

2169 3114 2397 3185 ασμένοι
2425 3108 2570 3167 οὗτοι
2597 3110 2701 3168 ὦσι
2751 3116 2846 3168 καὶ
2877 3114 2968 3170 τὸν
3019 3117 3216 3189 έχορδν
3264 3120 3359 3189 τῆς
3394 3119 3622 3184 πίστεως,
3645 3121 3681 3170 εἰ

2167 3310 2286 3365 quae
2312 3293 2433 3362 jure
2459 3296 2523 3349 ad
2577 3297 2659 3350 sui
2695 3297 2845 3363 regni
2894 3295 3204 3365 provincias
3264 3298 3556 3366 pertineret.
3589 3289 3686 3350 llic

2168 3386 2367 3441 dicenti
2399 3387 2578 3456 legato
2612 3386 2887 3456 Bajazetes
2922 3388 3055 3441 nihil
3086 3391 3384 3457 respondit,
3414 3391 3502 3445 scd
3553 3405 3682 3441 manu

2169 3478 2508 3547 apprehenso
2546 3481 2764 3532 domum
2815 3479 3046 3547 amplam
3082 3482 3345 3539 ostendit.
3378 3483 3515 3535 omni
3542 3496 3690 3535 armo-

2169 3586 2286 3625 rum
2318 3584 2538 3639 gencre.
2594 3570 2919 3638 rltomphaeis
2978 3572 3283 3641 gladiisque
3314 3575 3444 3627 bene
3493 3571 3691 3640 disposi-

2168 3664 2239 3717 tis
2268 3671 2321 3717 et
2352 3662 2653 3729 adornatis,
2686 3661 2965 3717 refertam.
2992 3664 3126 3716 Tum
3160 3665 3392 3733 legatum
3423 3665 3691 3719 allocutus:

2175 3772 2194 3806 ι
2238 3752 2386 3819 Haec,
2421 3752 2613 3822 inquit.
2664 3752 2798 3821 regi,
2856 3750 3074 3806 domino
3131 3763 3259 3819 tuo,
3323 3755 3587 3809 renuntia:
3624 3752 3695 3819 jus

2172 3862 2372 3910 meum,
2408 3848 2546 3914 quod
2580 3844 2630 3899 in
2680 3843 2928 3915 Bulgaria
2979 3859 3232 3912 exerceo,
3295 3849 3405 3902 base
3436 3861 3547 3900 esse
3574 3858 3693 3899 arma

2170 3949 2568 4007 apparatusque
2600 3980 2613 4002 ,
2682 3952 2822 4006 quos
2875 3937 3082 3992 vidisti.
3128 3958 3148 3988 ι
3215 3938 3581 4007 Sigismundus
3625 3951 3695 3988 rex

2171 4032 2285 4085 tunc
2311 4046 2434 4085 cum
2485 4030 2723 4083 audisset
2768 4045 2796 4081 a
2829 4029 3019 4097 legato,
3067 4046 3131 4083 ex
3162 4044 3227 4085 eo
3272 4031 3457 4084 nuntio
3484 4038 3533 4082 et
3578 4042 3699 4081 arro-

2170 4125 2351 4191 gantia
2388 4137 2581 4176 amet-ae
2645 4137 2861 4190 gravem
2918 4123 3157 4175 dolorem
3211 4122 3483 4193 percepit;
3521 4132 3699 4177 etcow

2172 4216 2351 4269 festini
2387 4230 2582 4282 magno
2617 4215 2854 4269 exercitu
2890 4218 3228 4273 mercenaria
3280 4226 3462 4273 macto
3516 4228 3563 4271 et
3611 4216 3697 4267 suis

2173 4308 2340 4377 ipsius
2365 4308 2532 4374 cepiis
2568 4306 2849 4361 instructis
2901 4308 3133 4376 aliisque
3185 4310 3371 4364 multis
3405 4307 3696 4379 principibus

496 4393 571 4449 illi
606 4394 933 4462 aliquamdiu
966 4391 1168 4456 amicti,
1216 4406 1337 4445 mox
1367 4392 1709 4447 occasionem
1740 4394 2069 4455 idoneam,et
2097 4384 2149 4443 Ι)
2177 4399 2377 4453 auxilio
2407 4399 2630 4463 voratis,
2663 4400 2778 4453 sine
2829 4399 2934 4453 ulla
2966 4402 3219 4455 mercede
3266 4401 3347 4455 vel
3408 4401 3563 4464 victu,
3593 4414 3696 4466 ρπιιι

497 4499 717 4539 causam
781 4481 1081 4551 speciosam
1142 4482 1552 4549 quaesiverunt,
1614 4498 1717 4551 qua
1776 4485 2065 4551 promissa,

498 4586 655 4644 pacta
684 4580 737 4627 et
768 4571 964 4635 ofﬁcia,
1024 4570 1222 4639 quibus
1275 4584 1474 4624 anterac
1532 4587 1592 4626 se
1643 4572 2067 4639 obstrinxerant,

496 4668 816 4733 enugereut.
845 4663 1029 4731 Itaque
1054 4670 1339 4731 postquam
1371 4663 1721 4733 pactionibus
1748 4674 1801 4719 et
1826 4666 1960 4721 diris
1984 4683 2073 4721 sa-

459 4748 797 4820 ?cramentis
847 4754 985 4809 clam
1024 4768 1084 4809 se
1139 4754 1366 4809 invicem
1419 4757 1796 4823 dcvinxerunt,
1854 4768 1910 4811 ut
1939 4773 2071 4813 con-

452 4826 467 4863 ³
497 4845 807 4903 sensionem
828 4856 882 4901 et
908 4846 1269 4902 concordiam
1298 4859 1576 4903 servarent
1624 4865 1797 4919 usque
1823 4851 1888 4905 ad
1922 4865 2069 4905 mor-

498 4926 626 5004 tem,
689 4952 799 5006 quo
842 4937 1050 4992 ﬁrmius
1098 4949 1240 4993 esset
1300 4938 1458 5008 hujus
1502 4941 1723 4995 foederis
1769 4942 2067 5005 vinculum,

495 5042 823 5099 statuerunt,
862 5044 919 5086 ut
959 5034 1250 5102 imperator
1279 5031 1495 5087 Manuel
1552 5033 1891 5089 Constantini
1930 5034 2068 5088 Dra-

497 5128 642 5196 gasis
718 5127 885 5181 tiliam
976 5124 1322 5181 matrimonio
1389 5124 1629 5194 legitimo
1704 5125 1806 5180 sibi
1870 5127 2064 5197 junge-

496 5229 599 5275 ret.

572 5311 661 5365 Μ.
699 5307 834 5364 Cum
887 5307 1166 5379 Bujazetcs
1216 5323 1427 5364 ameras
1459 5310 1624 5364 multa
1656 5309 1919 5379 Bulgaria:
1946 5311 2064 5366 loca

494 5401 730 5469 cepisset
757 5409 812 5454 et
835 5400 889 5454 in
927 5408 1253 5469 potestatem
1308 5415 1462 5453 suam
1515 5401 1829 5469 redegisset,
1892 5399 2065 5469 Sigis-

496 5494 751 5554 mundus,
786 5490 1092 5547 Germania:
1125 5506 1239 5557 rex,
1297 5492 1362 5545 de
1390 5505 1452 5544 ea
1509 5507 1565 5546 re
1624 5492 1826 5546 certior
1864 5493 2061 5557 factus,

499 5584 677 5650 legato
718 5584 783 5636 ad
814 5598 936 5639 eum
994 5586 1180 5651 misso,
1232 5600 1447 5654 aequum
1488 5599 1609 5641 esse
1663 5585 1904 5652 negavit,
1937 5600 2061 5638 cum

497 5680 682 5759 essent
725 5674 903 5739 amici,
949 5689 1192 5733 ameram
1251 5691 1469 5732 manum
1528 5675 1751 5746 injicere
1785 5674 2049 5747 Bulgaria:

2180 4496 2384 4546 clarum
2422 4493 2564 4545 hunc
2593 4501 2641 4545 et
2678 4492 2923 4560 generosi
2964 4493 3130 4545 animi
3157 4494 3488 4563 spiritusque
3521 4496 3692 4559 plenum

2142 4615 2153 4628 α
2179 4589 2481 4639 exercitum
2510 4586 2709 4649 educit,
2741 4585 2828 4652 qui
2857 4584 3039 4637 omnia
3066 4584 3374 4640 Turcarttm
3406 4585 3611 4639 castella
3633 4598 3699 4633 cav

2182 4681 2277 4748 pit,
2337 4674 2599 4744 subjicit,
2659 4676 2879 4743 diripit,
2932 4675 3163 4739 evertit,
3217 4676 3392 4730 donec
3446 4668 3696 4740 NicopuTuu

2180 4778 2490 4836 perventum
2523 4776 2626 4824 est.
2662 4767 2804 4820 velut
2831 4767 3025 4820 silvam
3046 4767 3308 4821 invadens
3335 4767 3566 4822 ﬂamma.
3594 4762 3698 4816 Tum

2181 4856 2559 4927 Sigismundus
2617 4872 2708 4911 rex
2762 4858 2926 4911 etiam
2980 4857 3197 4912 aliunde
3254 4850 3553 4928 Bajazctem
3593 4853 3701 4907 ίκδςιι»

2178 4951 2444 5004 lacessere
2464 4950 2707 5017 cupiens.
2741 4949 2879 5003 clam
2925 4950 2990 5002 ad
3021 4949 3408 5019 imperatorem
3447 4947 3643 5003 Manut-lt
3665 4961 3701 4994 tu

2177 5052 2231 5096 et
2280 5042 2516 5108 reliquos
2569 5040 2861 5109 principes,
2900 5056 3035 5108 quos
3082 5057 3247 5111 supra
3302 5034 3703 5097 commemoravi.

2178 5132 2409 5200 legatum
2469 5132 2636 5197 misit,
2693 5140 2753 5186 ut
2811 5134 3045 5201 prompti
3098 5146 3153 5188 et
3205 5135 3382 5202 parati
3436 5141 3603 5186 essent
3652 5126 3703 5177 ad

2178 5225 2385 5279 hostem
2429 5225 2570 5279 hunc
2602 5225 2721 5279 (idet
2766 5224 3028 5291 funditus,
3062 5226 3108 5280 si
3153 5237 3398 5293 possent,
3431 5223 3702 5278 delc-ulmu-

2174 5310 2253 5365 llli
2306 5312 2465 5366 talem
2505 5312 2869 5374 occasionem,
2906 5320 2964 5367 ut
3020 5314 3206 5369 sitiens
3267 5326 3410 5367 terra
3466 5325 3641 5379 aquam
3685 5320 3707 5355 ε

2175 5404 2335 5465 ccelo,
2368 5412 2762 5472 exspectantes,
2802 5404 3040 5473 legatum
3088 5406 3375 5461 lzetabundi
3412 5405 3709 5470 exceperunt

2176 5505 2231 5549 et
2285 5494 2481 5549 bellum
2539 5496 2638 5563 ipsi
2695 5511 2912 5566 quoque
2939 5498 3148 5552 occulte
3198 5497 3482 5566 parabant.
3523 5490 3709 5548 Interim

2172 5583 2476 5652 Bajazetes,
2532 5585 2860 5656 Sigismundi
2898 5587 3039 5655 regis
3077 5591 3313 5640 adventu
3345 5590 3628 5659 comperto,
3670 5576 3711 5625 in

2181 5675 2358 5733 varias
2409 5676 2761 5747 cogitationes
2819 5687 3127 5749 metumque
3190 5678 3398 5742 incidit,
3461 5682 3517 5729 et
3569 5666 3715 5739 copiis
