3908 6196
457 263 560 326 687

1681 262 2009 324 GEORGII
2049 265 2481 327 ῙἾΙΠΛΝΤΖΕ

3529 276 3617 340 688

414 382 421 387 '
454 376 548 430 τοῦ
590 376 694 447 κίιρ
757 376 1008 445 Ἰωάννην
1062 375 1378 432 καταλιπὼν
1431 377 1517 431 ἵνα
1571 379 1745 449 διοικῇ
1778 380 1867 432 καὶ
1915 398 2012 433 κυ-
2051 384 2094 441 Α
2126 383 2481 453 χωρουμένην
2512 383 2615 435 ὑπὸ
2652 382 2813 454 λιμοῦ
2841 385 3058 450 πολλοῦ,
3088 386 3276 455 ὁμοίως
3321 390 3405 439 καὶ
3429 390 3509 441 τὶν
3532 391 3616 457 τῆς

456 470 630 539 δερνᾷ
655 466 754 537 τήν
784 468 940 519 πόλιν
977 467 1071 520 καὶ
1101 468 1471 540 ἀντιμάχηται
1501 473 1615 534 τοῖς
1671 472 1953 537 ἐναντίοις,
1988 472 2017 523 ό

455 561 511 614 δὲ
538 559 793 630 βασιλεὺς
824 560 923 628 τὴν
956 559 1247 615 δέσποιναν
1281 563 1375 616 καὶ
1405 564 1634 631 σύζυγον
1692 563 1874 616 λαϐὼν
1923 565 2016 617 καλ⁵

454 651 535 710 είς
568 648 977 717 Πελοπόννησον
1007 649 1177 701 ἐλθὼν
1223 651 1279 703 ὲν
1316 653 1381 719 τῇ
1449 650 1671 719 Σπάρτῃ
1719 650 1885 717 ἐγγὺς
1922 647 2015 700 τοῦ

451 738 684 803 ἀδελφοῦ
713 734 821 810 κὺρ
846 740 1124 810 Θεοδώρου
1153 742 1355 811 ταύτην
1382 744 1567 795 εἴασεν
1587 758 1599 773 '
1633 746 1661 794 6
1690 742 1747 795 δὲ
1781 746 1839 795 ὲν
1877 742 2014 794 Ἰτα-

450 831 541 902 λία
571 822 766 885 ὁδεύει.
796 833 1010 897 Φθάσας
1042 833 1135 887 οὖν
1186 834 1213 886 6
1255 835 1507 904 βασιλεὺς
1558 837 1617 889 ὲν
1659 836 1877 907 Ἐνετῐᾳ
1912 836 2013 889 κά·

449 921 629 974 κεῖθεν
662 922 797 990 πρὸς
840 921 932 974 τὸν
958 922 1125 975 δοῦκα
1155 922 1505 977 Μεδιολάνων
1537 920 1712 976 ἐλθὼν
1748 923 1897 991 παρὰ
1919 921 2013 974 τοῦ

447 1014 640 1075 δουκδς
684 1014 819 1083 μετὰ
850 1016 1019 1083 τιμῆς
1081 1015 1324 1085 μεγάλης
1375 1016 1468 1070 καὶ
1514 1014 1800 1085 δαψιλείας
1841 1013 1920 1067 ἑτι
1958 1013 2013 1066 δὲ

448 1106 540 1157 καὶ
568 1105 898 1175 δορυφορίας
929 1108 1147 1177 ἐδέχθη,
1182 1108 1276 1161 καὶ
1306 1108 1511 1171 ἵππους
1544 1110 1638 1162 καὶ
1671 1108 2013 1177 στρατιώτας

448 1198 678 1261 πολλοὺς
712 1198 888 1258 δώσας
919 1200 1067 1269 αὐτῷ
1092 1202 1179 1253 ἵνα
1209 1201 1348 1270 πρὸς
1385 1202 1477 1253 τὸν
1527 1203 1670 1271 ρἦα
1726 1201 2013 1270 Φραγκίας

446 1288 596 1359 ἔλθῃ,
617 1288 1091 1357 ἐπαγγειλάμενος
1125 1292 1152 1343 6
1178 1290 1304 1354 δοὺξ
1337 1290 1415 1360 τῷ
1438 1289 1669 1359 βασιλεῖ,
1712 1291 1807 1345 ἐὰν
1844 1291 1936 1344 καὶ
1964 1290 2012 1341 οἱ

444 1380 621 1447 ἕτεροι
655 1381 1100 1449 ὀμοφρονήσωσι,
1136 1382 1229 1434 καὶ
1286 1383 1446 1445 αὐτὸς
1482 1386 1510 1437 6
1549 1383 1675 1448 δοὺξ
1735 1384 1878 1445 ίδίως
1918 1382 2013 1435 καὶ

445 1472 768 1538 αὐτομάτως
796 1472 926 1543 ἔλθῃ
965 1473 1163 1543 καὶτῷ
1219 1455 1430 1544 βασιλεί
1488 1476 1583 1528 καὶ
1616 1479 1681 1545 τῇ
1728 1475 2013 1544 Ῥωμαίων

446 1564 587 1632 ἀρχῇ
625 1559 869 1635 βοηθήσῃ
900 1566 992 1618 καὶ
1020 1565 1092 1634 μὴ
1149 1566 1285 1635 ἐάσῃ
1325 1566 1762 1620 κινδυνεύουσαν.
1810 1565 2011 1619 Ἐλθὼν

451 1654 543 1707 οὖν
571 1655 599 1707 6
626 1654 882 1723 βασιλεὺς
915 1658 1008 1709 καὶ
1050 1658 1187 1725 πρὸς
1218 1660 1312 1709 τὴν
1345 1658 1490 1728 ῥῆγα
1535 1660 1802 1728 Φραγκῶν
1850 1651 2010 1727 εὗρεν

2122 474 2533 545 Πελοποννήσου
2567 477 2824 546 πόλεμον,
2850 478 2946 530 καὶ
2970 477 3178 547 βλέπων
3206 481 3283 532 ὅτι
3327 480 3482 543 οἰδεὶς
3526 482 3616 533 τῶν

2119 565 2464 633 Χριστιανῶν
2491 568 2768 621 αὐθεντῶν
2794 569 2986 638 ἤθελεν
3030 570 3203 630 αὐτοῖς
3236 570 3498 639 βοηθῆσαι,
3539 576 3620 624 καὶ

2116 653 2416 723 ἀπορηθεὶς
2439 656 2598 720 ὅλως,
2634 659 2876 728 περάσας
2907 659 2962 710 ὲν
3020 661 3083 729 τῇ
3128 657 3284 727 Ῥόδῳ
3335 660 3461 727 μετὰ
3498 662 3627 731 τριή-

2122 760 2261 813 ρεως
2295 744 2393 813 τὴν
2423 748 2522 815 τῆς
2571 747 2825 817 Σπάρτης
2847 748 3022 817 ἀρχὴν
3055 748 3390 817 ὲπεπωλήκει
3413 752 3469 818 τῇ
3501 751 3629 802 ἀδελ-

2117 836 2311 905 φότητι
2337 836 2431 888 τοῦ
2462 839 2746 907 προφήτου
2771 840 2863 892 καὶ
2896 837 3197 892 Βαπτιστοῦ
3241 840 3631 894 Ἰωάννου.Στείο

2118 929 2308 991 λαντες
2338 926 2490 997 οὖνή
2526 930 2826 1000 ἀδελφότης
2847 932 2998 994 τινὰς
3034 932 3141 984 τῶν
3190 933 3549 1002 σταυροφόρων
3583 938 3629 984 ἑν

2106 1020 2180 1087 τῇ
2208 1019 2432 1089 Σπάρτῃ
2465 1020 2553 1071 ἵνα
2585 1022 2875 1090 ἐγκρατεῖς
2915 1023 3015 1089 τῆς
3041 1021 3215 1091 ἀρχῆς
3248 1022 3320 1084 ὡς
3343 1022 3509 1090 κύριοι
3553 1024 3631 1075 καὶ

2115 1109 2375 1162 δεσπόται
2400 1113 2760 1181 γενήσοινται,
2796 1112 2973 1175 όολαδς
3014 1112 3101 1174 ὡς
3137 1109 3272 1166 εῐδεν
3328 1113 3506 1176 αὐτοὺς
3552 1115 3630 1167 καὶ

2116 1203 2320 1272 ἧκουσε
2346 1202 2413 1255 τὰ
2438 1205 2728 1272 γενόμενα,
2762 1204 3032 1273 ὥρμησαν
3075 1204 3211 1273 μετὰ
3242 1203 3405 1269 ξύλων
3445 1204 3529 1256 καὶ
3551 1220 3631 1256 πε-

2115 1294 2262 1364 τρῶν
2298 1295 2646 1364 μετὰξθυμοῦ
2682 1297 3006 1366 δραμόντες,
3046 1297 3131 1349 ἵνα
3170 1298 3294 1360 τοὺς
3334 1296 3634 1364 ἀπεσταλμέ-
3671 1313 3685 1327 ·

2116 1402 2242 1447 νους
2276 1386 2692 1455 σταυροφόρους
2744 1387 3138 1440 ἀποκτείνωσι.
3180 1386 3238 1439 ’0
3293 1386 3349 1439 δὲ
3382 1386 3632 1456 ἀρχιερεὺς

2114 1478 2209 1532 τοῦ
2245 1470 2415 1531 τόπου
2453 1477 2670 1541 σταθεὶς
2718 1478 2812 1530 καὶ
2842 1479 3136 1548 ὁμιλήσας,
3173 1480 3259 1532 ἵνα
3310 1478 3380 1549 μὴ
3436 1479 3632 1547 τοιαύτη

2114 1566 2310 1634 ἀταξία
2339 1568 2659 1638 γενήσηται,
2700 1567 2969 1637 ἐδυσώπει
3016 1568 3104 1622 τὸν
3139 1569 3284 1635 λαὸν,
3341 1570 3431 1621 καὶ
3482 1568 3635 1621 πειθό-

2118 1675 2270 1728 μενοι
2306 1660 2418 1722 τοῖς
2475 1655 2670 1711 τούτου
2732 1660 2912 1726 λόγοις
2938 1662 3051 1721 τοῖς
3080 1658 3462 1730 σταυῳφόροις
3493 1658 3634 1727 τριῶν

444 1746 606 1799 αὐτὸν
632 1747 690 1798 ὲν
710 1747 964 1815 ἀσθενείᾳ
996 1747 1277 1819 βαρυτάτῃ
1302 1751 1496 1818 ἔχοντα
1524 1751 1619 1803 καὶ
1660 1750 1765 1817 ἔξω
1794 1750 2009 1817 φρενῶν
2044 1733 2087 1792 Β
2117 1748 2341 1819 ἡμερῶν
2361 1748 2568 1819 διορίαν
2603 1749 2829 1814 έδωσαν,
2866 1752 2952 1805 ἵνα
2985 1751 3167 1803 ἐκτῶν
3193 1753 3354 1822 ὁρίων
3375 1750 3466 1818 τῆς
3482 1751 3632 1820 Σπάρ-

445 1839 762 1909 ὐπάρχοντα
790 1854 803 1868 ⁸
837 1840 929 1892 καὶ
952 1842 1002 1893 oi
1037 1839 1336 1905 σύμϐουλοι
1374 1838 1537 1894 αὐτοῦ
1591 1841 1689 1893 οὐκ
1748 1837 1895 1910 εῐχόν
1956 1859 2006 1894 τι

444 1927 813 1998 ἀποκριθῆναι
841 1927 1011 1997 μόνοι.
1061 1927 1121 1980 '0
1165 1929 1262 1997 μὲν
1300 1927 1555 1996 βασιλεὺς
1593 1928 1877 1997 ἄπρακτος
1915 1930 2009 1980 ἐπὶ

442 2018 545 2087 τὴν
578 2015 1579 2087 Κωνσταντινούπολινἐπανέστρεψεν
1598 2018 1692 2072 ἐπὶ
1704 2016 1856 2080 ἔτους
1880 2025 2006 2089 ,αυέ

442 2109 813 2178 Σεπτεμδρίου
848 2109 936 2177 ιγ’.

515 2208 616 2266 ις’.
661 2201 955 2272 Ἐνθτούτῳ
992 2201 1069 2272 τῷ
1109 2202 1220 2255 ἔτει
1261 2205 1289 2256 6
1332 2201 1554 2272 ἀμηρᾶς
1601 2200 2005 2271 Μπαγιαζήτης

440 2295 582 2348 κατὰ
623 2294 721 2363 τῆς
776 2295 1187 2363 Πελοποννήσου
1248 2294 1340 2348 τὸν
1388 2294 1865 2349 Γιακούπ-πασιᾶν
1912 2295 2007 2348 καὶ

438 2390 531 2441 τὸν
559 2388 841 2455 Βρενάςην
872 2388 1078 2441 ἔστειλε
1119 2389 1258 2449 μετὰ
1300 2389 1536 2459 στρατοῦ
1592 2387 1849 2459 χιλιάδων
1882 2403 2008 2439 πεν-

439 2480 715 2548 τήκονταο
754 2479 851 2531 καὶ
880 2481 939 2533 ὲν
968 2478 1049 2550 τῷ
1074 2480 1417 2551 ἀπέρχεσθαι
1449 2480 1556 2553 63
1601 2480 1799 2543 αὐτοὺς
1841 2480 1899 2533 ἐν
1937 2480 2003 2549 τῇ

438 2569 543 2640 ὀδῷ
574 2570 670 2625 καὶ
698 2565 847 2625 ἔνδον
876 2572 975 2641 τῆς
1008 2573 1422 2641 Πελοποννήσου
1469 2574 1779 2643 φθάσαντες
1835 2571 2007 2625 πολλὰ

441 2661 589 2715 κακά’
615 2664 710 2717 καὶ
736 2662 887 2727 δεινὰ
914 2663 1010 2717 καὶ
1058 2664 1534 2735 ἀνδραποδισμοὺς
1591 2667 1706 2728 τοῖς
1734 2664 2002 2733 Χριστια-

436 2757 549 2818 νοῖς
578 2754 877 2824 ἐπέθηκαν,
902 2754 1088 2820 καθὼς
1113 2757 1170 2809 ὲν
1195 2756 1363 2827 ὀλίγῳ
1419 2756 1523 2809 ἐπὶ.
1563 2755 1662 2825 τῆς
1713 2754 1857 2825 ζωῆς
1910 2752 2004 2807 τοῦ

438 2844 840 2916 Μπαγιαξήτου
871 2848 1193 2917 ῥηθήσεται.
1249 2848 1307 2902 '0
1337 2848 1394 2902 δὲ
1448 2847 1717 2918 δεσπότης
1746 2847 1851 2917 κῦρ
1876 2846 2005 2898 Θεό·
2047 2899 2050 2903 .

436 2936 610 3007 δωρος
658 2937 885 3010 θεωρῶν
938 2941 1005 2994 τὰ
1055 2939 1167 2993 τῶν
1229 2940 1520 3010 Ῥωμαίων
1568 2942 1872 3009 πράγματα
1922 2938 2004 2991 δτι

437 3023 613 3091 οὕτως
667 3033 857 3096 κακῶς
909 3033 1199 3099 διέκειντο,
1244 3034 1339 3087 καὶ
1377 3034 1479 3103 τὴν
1544 3032 1701 3085 πόλιν
1748 3029 2002 3084 τοσοῦτον
2029 3064 2074 3126 C

438 3121 630 3191 καιρὸν
665 3124 1082 3179 κινδυνεύουσαν
1131 3124 1647 3194 ἀποκεκλεισμένην
1700 3125 1794 3178 καὶ
1826 3139 2005 3176 στενο-

439 3309 673 3363 hostium
711 3307 1129 3376 propulsandum
1185 3308 1419 3378 reliquit.
1455 3309 1573 3378 Ipse
1602 3322 1721 3363 cum
1770 3309 2004 3376 impera-

436 3402 573 3457 trice
613 3400 838 3467 conjuge
886 3397 1408 3469 inPelnponnesum
1454 3399 1744 3467 profectus,
1800 3401 2005 3470 Spartae

439 3506 559 3544 eam
603 3490 742 3559 apud
768 3489 1107 3544 Theodorum
1142 3489 1359 3544 fratrem
1415 3491 1665 3558 deposuit
1693 3500 1746 3546 et
1797 3490 2001 3548 Italiam

437 3594 625 3633 versus
666 3582 965 3648 processit.
1034 3580 1271 3635 Primum
1326 3579 1582 3636 Venetias
1632 3582 1822 3647 venit;
1880 3583 2003 3640 inde

438 3672 503 3724 ad
537 3671 731 3727 ducem
750 3670 1227 3728 Mediolanensium
1271 3675 1528 3741 perrexit,
1561 3675 1650 3742 qui
1687 3689 1808 3729 eum
1835 3675 2003 3729 hono-

439 3765 840 3819 riﬁcentissime
872 3774 1033 3833 atque
1062 3780 1260 3833 magno
1282 3781 1403 3820 cum
1436 3775 1653 3836 sumptu
1689 3778 1886 3821 etcum
1918 3784 2003 3822 sa-

438 3854 698 3910 tellitibus
715 3855 944 3923 excepit,
970 3856 1253 3925 eidemque
1266 3858 1504 3925 equitum
1524 3858 1866 3928 peditumque
1891 3874 2003 3911 ma-

436 3962 597 4017 gnum
622 3947 933 4001 comitatuin
959 3947 1023 4002 ad
1050 3962 1224 4016 regem
1270 3947 1597 4001 Francorum
1635 3949 1800 4010 dedit.
1841 3949 2000 4017 polli-

436 4040 596 4102 citus,
659 4040 704 4094 si
756 4039 936 4093 eteteri
987 4040 1380 4101 consentirent,
1430 4049 1603 4095 semet
1633 4040 1705 4094 illi
1739 4050 1791 4093 et
1826 4042 1999 4109 impc-

434 4132 517 4185 rio
545 4127 785 4185 Romano
808 4146 905 4185 sua
940 4138 1130 4198 sp0nte
1154 4132 1354 4185 auxilio
1398 4144 1680 4186 venturum
1720 4148 1782 4187 ac
1808 4133 2001 4187 discri-

436 4237 557 4276 men
584 4221 930 4292 depulsurum
966 4237 1105 4277 esse.
1137 4222 1213 4276 Ad
1248 4237 1424 4291 regem
1486 4223 1819 4277 Francorum
1874 4237 1997 4276 cunt

432 4314 694 4375 venisset,
732 4315 919 4367 morbo
978 4313 1296 4383 gravissimo
1347 4328 1468 4367 eum
1520 4314 1917 4368 conﬂictantem
1945 4324 1999 4368 et

2110 1855 2207 1907 της
2244 1838 2378 1907 μετὰ
2413 1840 2637 1908 εἰρήνης
2662 1841 3117 1909 άναχωρήσωσινο
3159 1844 3209 1894 εί
3243 1842 3298 1895 δὲ
3325 1842 3494 1903 ἄλλως
3516 1843 3633 1910 πρά·

2112 1930 2294 1995 ξωσιν,
2330 1929 2483 1983 αὐτοὶ
2508 1930 2754 1999 ὄψονται.
2802 1929 3023 1995 Ἰδόντες
3074 1929 3173 1988 οὖν
3204 1928 3349 1989 οὗτοι
3391 1935 3467 1988 δτι
3508 1935 3632 1987 οὐδὲν

2110 2020 2453 2091 κατώρθουν,
2484 2021 2621 2075 ἀλλὰ
2684 2022 2884 2091 μᾶλλον
2947 2024 3181 2092 θόρυϐος
3247 2027 3338 2079 καὶ
3401 2025 3635 2079 σκάνδαλα

2108 2110 2349 2180 ἐγίνοντο
2383 2113 2477 2165 καὶ
2514 2111 2614 2182 τήν
2653 2113 2803 2179 ζωὴν
2841 2114 3081 2181 μάλιστα
3114 2116 3476 2179 ἐκινδύνευον,
3507 2117 3637 2185 ἐγερ-

2109 2204 2293 2268 θέντες
2321 2204 2431 2277 θῶ,
2460 2205 2876 2276 ἐπανέστρεψαν
2911 2208 3121 2261 οἴκαδε.
3161 2210 3226 2260 Οί
3247 2208 3301 2260 δὲ
3331 2208 3633 2277 Σπαρτιᾶται

2107 2298 2197 2350 τὸν
2220 2298 2483 2368 πρόεδρον
2517 2297 2698 2352 αὐτῶν
2741 2298 2838 2351 καὶ
2860 2298 3029 2351 δοῦκα
3069 2300 3348 2369 ὲψήφισαν
3380 2294 3531 2359 εἶναι,
3554 2298 3633 2349 καὶ

2110 2389 2404 2452 πολιτικῶς
2461 2390 2557 2443 καὶ
2619 2390 3094 2460 ὲκκλησιαστικῶς
3141 2391 3333 2462 ἤθελον
3386 2391 3632 2460 κρίνεσθαι

2107 2481 2205 2532 καὶ
2255 2470 2636 2551 κυϐερνᾶσθαι
2694 2481 2783 2534 ὑπ’
2816 2482 3003 2536 αὑτοῦ.
3051 2482 3109 2533 ’0
3154 2483 3211 2535 δὲ
3262 2483 3513 2551 δεσπότης
3550 2482 3637 2547 ttin

2106 2570 2385 2640 Θεόδωρος
2418 2571 2492 2634 ὡς
2518 2567 2625 2624 εἶδε
2656 2572 2756 2636 τὰς
2778 2573 3003 2636 ἐλπίδας
3039 2573 3391 2642 ψευσθείσας,
3436 2574 3497 2626 τὰ
3525 2573 3636 2641 χρὴ·

2110 2679 2256 2733 ματα
2289 2662 2323 2715 ἃ
2363 2663 2531 2717 ἔλαϐε
2559 2667 2626 2733 τῇ
2667 2666 2995 2734 ἀδελφότητι
3030 2667 3259 2728 ὲκτίνας
3298 2665 3525 2727 ὄπισθεν,
3570 2665 3636 2725 εις

2106 2757 2365 2828 Σπάρτην
2394 2759 2450 2810 ὲν
2473 2760 2539 2827 τῇ
2574 2758 2738 2810 αὐτοῦ
2795 2760 2942 2829 ἀρχῇ
2984 2758 3158 2812 θέλων
3194 2760 3389 2823 ἐλθεῖν,
3413 2760 3504 2810 οὐκ
3537 2754 3637 2825 ήθε-

2105 2851 2193 2902 λεν
2219 2847 2476 2919 δεχθῆναι
2498 2849 2661 2902 αὑτὸν
2690 2852 2716 2902 6
2734 2850 2926 2919 δῆμος,
2950 2851 3087 2903 ἀλλὰ
3126 2852 3364 2920 μάλιστα
3389 2849 3478 2903 καὶ
3497 2848 3634 2915 ὕϐρε-

2108 2957 2192 2993 σιν
2215 2939 2529 2994 ὲνέπλυνον.
2577 2942 2686 2995 Καὶ
2728 2941 2949 2994 πολλῶν·
2993 2942 3175 3010 λόγων
3234 2943 3524 3012 γενομένων
3557 2936 3635 2989 καὶ

2107 3032 2417 3087 σκανδάλων
2449 3034 2601 3097 τέλος
2630 3034 2984 3101 ἐμεσίτευσεν
3009 3036 3034 3086 ὁ
3062 3035 3378 3104 ἀρχιερεὺς,
3436 3032 3521 3084 καὶ
3548 3030 3635 3081 πά-

2107 3124 2192 3179 λιν
2230 3124 2529 3197 ἐδέχθησαν
2561 3118 2653 3179 καϊ
2688 3125 2951 3197 ἔστερξαν
2980 3125 3145 3179 αὑτὸν
3174 3123 3312 3179 εἶναι
3352 3125 3422 3184 ὠς
3464 3122 3550 3175 καὶ
3580 3118 3631 3171 τὺ

2106 3305 2355 3361 Rhodum
2408 3306 2680 3377 trajectus,
2727 3307 2935 3377 Sparta:
3004 3309 3365 3377 principatum
3424 3304 3637 3361 societati

2103 3398 2329 3455 Joannis
2370 3400 2641 3471 prophetas
2676 3412 2728 3455 et
2774 3401 3018 3471 baptista:
3070 3402 3328 3456 vendidit.
3388 3400 3519 3454 Misit
3582 3412 3636 3451 ea

2106 3492 2337 3547 societas
2388 3492 2636 3561 Spartam
2686 3493 2998 3560 crucigeros
3033 3493 3238 3561 aliquot
3284 3495 3487 3546 adeam
3530 3502 3638 3558 pro-

2105 3582 2337 3637 vinciam
2367 3583 2731 3651 occupandatn
2763 3593 2819 3637 et
2846 3584 2947 3639 sibi
2986 3585 3362 3639 vindicandam
3389 3596 3444 3637 ut
3486 3581 3641 3637 domi-

2105 3675 2209 3729 nis.
2242 3673 2449 3739 Quibus
2487 3675 2675 3729 ineolte
2706 3675 3010 3744 conspectis
3037 3687 3091 3729 et
3133 3678 3352 3737 auditis,
3381 3690 3493 3744 qua:
3543 3680 3641 3725 acta

2104 3774 2307 3829 essent,
2344 3766 2592 3821 hortante
2625 3766 2927 3829 iracundia,
2959 3783 3081 3821 cum
3134 3769 3307 3822 clavis
3332 3777 3386 3823 et
3437 3766 3643 3821 saxisal

2102 3873 2195 3912 eos
2223 3858 2545 3912 occidendos
2580 3869 2925 3928 procurrunt.
2976 3860 3043 3912 At
3074 3862 3459 3929 superveniens
3501 3870 3546 3912 et
3573 3860 3644 3909 in-

2105 3955 2385 4008 tercedens
2416 3955 2529 4021 ejus
2560 3956 2796 4023 regionis
2848 3955 3158 4024 episcopus,
3208 3970 3275 4010 ne
3318 3955 3449 4010 tales
3501 3951 3645 4006 lurbze

2102 4044 2738 4115 orirentur,objurgabat
2771 4047 3193 4115 multitudinem,
3217 4065 3337 4117 qua:
3362 4048 3515 4102 dictis
3545 4046 3644 4112 ejus

2090 4136 2381 4201 ‘obsecula,
2427 4139 2587 4191 triunt
2640 4139 2847 4193 dierum
2899 4142 3135 4209 spatium
3204 4139 3496 4209 crurigeris
3535 4150 3645 4191 con-

2102 4228 2286 4290 cessit,
2320 4243 2426 4296 quo
2458 4244 2488 4282 ο
2521 4228 2729 4297 Sparta:
2773 4231 2972 4284 ﬁnibus
3010 4231 3191 4299 quiete
3225 4235 3556 4287 excederent.
3597 4225 3641 4276 Si

2101 4332 2264 4371 secus
2296 4317 2565 4381 fecissent,
2603 4321 2748 4387 ipsos
2778 4338 3120 4390 experturos,
3168 4340 3278 4392 quo
3310 4340 3368 4378 ea
3429 4337 3509 4375 res
3540 4334 3645 4371 ev».-

437 4406 631 4459 mentis
664 4404 916 4471 impotem
962 4405 1198 4471 reperit;
1230 4419 1327 4457 nec
1379 4404 1652 4457 habebant
1702 4406 1996 4459 consiliarii
2027 4395 2079 4453 D
2105 4421 2229 4461 sura
2283 4419 2446 4462 esset.
2488 4408 2586 4472 illi,
2639 4427 2761 4465 cum
2806 4413 2938 4467 nihil
2972 4429 3031 4468 se
3074 4414 3308 4480 efﬁcere,
3356 4413 3446 4467 sed
3486 4413 3643 4463 turbas

432 4496 572 4559 ejus,
622 4494 723 4549 soli
773 4495 912 4562 quod
964 4494 1038 4547 illi
1096 4509 1412 4562 responsum
1468 4497 1679 4548 darent.
1720 4494 1902 4563 Itaque
1944 4508 2000 4548 re

433 4583 633 4637 infecta
654 4583 949 4649 imperator
979 4581 1183 4647 Cpolitn
1219 4579 1401 4647 rediit,
1430 4596 1570 4635 anno
1598 4582 1758 4645 1405,
1798 4586 2000 4638 mensis

434 4670 763 4739 Septembris
808 4670 893 4722 die
930 4668 1011 4721 l5.

356 4766 357 4769 “
405 4757 413 4818 ί
502 4760 590 4814 16.
622 4760 819 4813 Eodem
848 4773 989 4813 anno
1024 4757 1302 4827 Bajazetes
1342 4774 1552 4814 ameras
1578 4758 1997 4829 Giacup-pasia-

434 4870 554 4907 nem
585 4862 638 4908 et
673 4852 965 4907 Brenazem
1020 4851 1074 4905 in
1102 4851 1532 4921 Peloponnesum
1581 4868 1703 4907 cum
1754 4856 1996 4908 exercitu
2041 4916 2045 4921 ,

431 4944 819 5014 quinquaginta
847 4943 1069 4996 millium
1116 4944 1300 4998 misit:
1337 4946 1424 5012 qui
1457 4955 1510 4999 et
1544 4946 1595 4998 in
1651 4947 1766 5013 ipso
1803 4945 1997 4999 itinere

433 5046 485 5089 et
517 5035 570 5087 in
607 5033 978 5101 Peloponneso
1014 5032 1221 5089 multis,
1249 5034 1626 5099 incommodis,
1671 5034 1994 5087 calamitati-

431 5131 532 5183 bus
577 5144 640 5183 ac
691 5127 925 5181 servitiis
978 5125 1315 5180 Christianos
1362 5125 1686 5192 alﬂixerunt,
1724 5138 1782 5180 ut
1834 5127 1993 5194 paulo

429 5220 569 5273 infra
598 5220 649 5272 in
679 5220 787 5273 vita
850 5216 1117 5286 Bajazetis
1175 5217 1500 5271 narrabitur.
1534 5216 1849 5271 Theodorus
1899 5218 1991 5269 de-

428 5321 603 5377 spota,
632 5324 752 5363 cum
796 5325 908 5363 rem
951 5308 1244 5362 Romanam
1300 5318 1406 5361 tam
1459 5310 1598 5362 male
1629 5308 1877 5362 allectum
1940 5318 1992 5361 et

430 5405 617 5453 urbem
654 5412 760 5453 tant
811 5401 901 5454 diu
964 5400 1381 5470 periclitantem,
1421 5400 1695 5456 obsessam
1728 5410 1781 5455 et
1839 5404 1988 5468 gravi

432 5490 574 5543 fame
604 5505 941 5558 oppressam,
978 5491 1168 5545 deinde
1197 5491 1619 5559 Peloponnesum
1662 5490 1798 5545 bello
1833 5505 1990 5545 vexa-

430 5592 564 5647 tam,
591 5594 644 5636 et
683 5584 1108 5638 Christianorum
1144 5584 1444 5654 principum
1481 5587 1679 5639 nullum
1709 5586 1811 5640 sibi
1840 5586 1989 5638 auxi-

432 5675 681 5726 liatnrum
733 5676 961 5738 videret,
1016 5678 1161 5731 oumi
1208 5691 1301 5746 spe
1350 5678 1577 5746 abiecta,
1628 5695 1729 5732 una
1782 5678 1985 5732 triremi

2104 4511 2167 4550 ac
2195 4499 2459 4553 tumuitus
2484 4500 2709 4553 excitari
2759 4510 2920 4570 atque
2948 4504 3109 4556 vitam
3165 4520 3319 4557 suam
3381 4504 3431 4555 in
3471 4496 3639 4553 discri-

2104 4604 2223 4643 men
2253 4591 2446 4644 adduci
2476 4592 2738 4659 viderent,
2768 4594 2960 4647 castris
3015 4596 3197 4658 motis,
3234 4596 3452 4649 domum
3490 4592 3638 4644 reelie-

2102 4688 2251 4733 runt.
2285 4680 2534 4748 Spartani
2565 4682 2870 4751 episcOpum
2913 4685 3077 4738 etiam
3108 4686 3418 4751 praesident
3468 4683 3639 4736 sull'ra-

2102 4769 2203 4837 giis
2232 4770 2631 4824 constituerunt
2660 4774 2806 4826 etab
2844 4789 2909 4826 eo
2949 4790 3058 4827 rem
3084 4790 3238 4828 suam
3295 4785 3401 4829 tam
3451 4772 3638 4827 civilent

2098 4874 2262 4928 quam
2299 4862 2723 4917 eCclesiasticam
2751 4865 3120 4919 administrari
3158 4867 3465 4921 voluerunt.
3488 4863 3640 4917 Theo.

2101 4952 2286 5019 dorus,
2341 4966 2461 5008 cum
2495 4969 2557 5007 se
2584 4968 2677 5023 spe
2727 4953 2919 5009 falsum
2951 4971 3072 5010 esse
3122 4958 3370 5020 vidisset,
3412 4955 3637 5023 pecunia,

2097 5058 2259 5112 quam
2338 5054 2642 5113 acceperat,
2690 5047 2935 5101 societati
2988 5050 3256 5113 restituta,
3306 5047 3545 5118 Spartam
3592 5045 3635 5097 in

2098 5135 2429 5204 provinciam
2459 5150 2621 5189 suam-
2647 5139 2939 5203 rediturus,
2986 5154 3089 5194 non
3116 5141 3474 5208 recipiebatur
3499 5154 3525 5189 a
3556 5150 3639 5202 po-

2098 5227 2245 5294 pulo,
2278 5227 2371 5281 sed
2408 5227 2782 5295 exagitabatur
2809 5230 3089 5285 conviciis.
3131 5229 3257 5285 Post
3306 5230 3501 5285 multos
3534 5236 3640 5278 tan-

2097 5320 2219 5372 dem
2286 5332 2564 5372 sermones
2603 5328 2656 5372 et
2690 5320 2974 5386 tumultus,
3009 5323 3333 5377 conciliante
3380 5320 3636 5388 episcopo.

2096 5425 2216 5464 eum
2250 5409 2518 5477 recipiunt
2544 5419 2597 5462 et
2621 5411 2910 5476 pristinum
2959 5413 3202 5470 obtinere
3245 5412 3472 5484 gradum
3522 5406 3643 5477 tali-

2097 5509 2277 5552 untur.
2311 5496 2631 5567 Priusquam
2675 5512 2851 5556 tamen
2902 5506 3297 5567 restitueretur,
3347 5513 3641 5557 sacramen-

2097 5591 2166 5642 tis
2198 5604 2320 5643 eum
2372 5591 2798 5659 obstrinxerunt,
2830 5609 2898 5651 ne
2946 5610 3179 5663 unquam
3236 5608 3441 5649 memor
3491 5596 3637 5651 esoeb

2094 5694 2211 5747 qum
2252 5674 2521 5734 fecissent.
