3908 6196
165 303 170 308 ’
238 343 343 401 ess

1297 349 1743 409 CHllONlCDN
1794 350 2063 410 MAJUS.
2109 351 2348 410 -LlB.
2402 349 2444 407 l.

3379 346 3408 401 (ἱ
3419 345 3488 403 90

239 457 526 529 πρότερον.
566 453 713 525 Πλὴν
740 454 870 526 πρὶν
895 453 988 509 τοῦ
1021 456 1118 527 τήν
1151 459 1384 532 κατοχὴν
1410 461 1594 514 λαϐεῖν
1613 463 1798 528 αὑτὸν,
1835 468 1874 519 Α
1907 462 2034 532 περὶ⁹
2067 463 2158 514 τοῦ
2185 463 2420 514 θανάτου
2441 461 2560 513 -τοῦ
2596 459 2862 529 βασιλέως
2897 460 3000 528 κῦρ
3043 458 3295 512 Ἰωάννου
3330 459 3386 509 ἐν
3413 460 3477 525 τῇ

240 547 516 615 συνθήκας
548 546 689 615 μετὰ
732 547 914 616 ὅρκων
947 549 1309 619 συνέστησαν,
1343 552 1432 606 ἶνα
1483 553 1558 624 μή
1607 556 1686 617 είς
1720 555 1810 608 τὸν

239 637 412 691 αἰῶνα
438 637 724 709 ἐνθυμηθῇ
751 639 853 691 ὅσα
885 641 1175 711 ἐποίησαν.

448 731 538 783 Ἐν
565 731 716 800 δὲτῷ
744 731 924 802 καιρῷ
951 734 1148 803 ἐκείνῳ
1177 737 1268 789 ἐπί
1305 737 1482 800 ἔτους.
1507 777 1518 790 .
1551 779 1562 791 .
1593 777 1630 800 .,
1662 739 1814 808 δι’ἢν

241 825 425 877 αἰτίαν
474 824 804 893 εἰρήκαμεν,
851 825 945 878 καὶ
991 828 1019 882 ό
1053 827 1325 899 δεσπότης
1369 831 1476 900 κὺρ
1546 832 1816 902 Ἀνδρόνι-

240 931 336 976 κος
398 914 500 985 τὴν
541 915 951 986 Θεσσαλονίκην
1007 920 1072 990 τῇ
1147 917 1256 973 τῶν
1316 918 1548 973 Ἐνετῶν
1618 939 1814 993 γερου-

243 1005 335 1075 σία
367 1007 758 1076 ἑμπεπωλήκει
794 1008 883 1060 διὰ
919 1007 1128 1079 φλωρία
1161 1010 1404 1080 χιλιάδεῑς
1451 1012 1812 1082 πεντήκοντα.

323 1096 391 1148 Ἢ
414 1095 471 1149 δέ
496 1095 782 1166 ἐλευθερία
826 1099 927 1165 τῆς
973 1099 1181 1162 πόλεως
1215 1102 1279 1154 ἐκ
1305 1101 1399 1154 τοῦ
1440 1103 1814 1172 ἁποκλεισμοῦ

241 1187 420 1252 οὕτως
460 1190 708 1256 γέγονεν.
756 1189 1026 1254 Ἀκούσας
1048 1193 1076 1243 ὁ
1105 1193 1325 1262 ἀμηρᾶς
1353 1194 1432 1246 ὅτι
1478 1195 1505 1245 ὁ
1534 1194 1816 1265 Ντεμίρης

241 1285 266 1337 ὁ
303 1281 565 1347 βασιλεὺς
609 1281 833 1336 Σκυθῶν
867 1285 959 1335 καὶ
1013 1285 1393 1352 Μασσαγετῶν
1437 1287 1658 1356 ἔρχεται
1696 1286 1815 1340 κατ’

243 1372 414 1425 αὐτοῦ
447 1375 537 1426 ἵνα
570 1375 709 1443 μετὰ
747 1378 982 1447 στρωτοῦ
1018 1379 1396 1450 μυριαρίομου
1431 1379 1669 1446 πόλεμον
1699 1396 1821 1431 συν-

220 1468 380 1535 opu,
413 1467 586 1520 θέλων
607 1471 702 1522 καὶ
740 1469 814 1540 μὴ
842 1470 1197 1540 βουλόμενος,
1239 1474 1336 1542 τὴν
1378 1473 1696 1542 πολιορκίαν
1725 1472 1822 1525 και)⁵

245 1558 336 1608 τὸν
379 1557 618 1627 πόλεμον
672 1560 768 1612 καὶ
818 1561 1196 1632 ἀποκλεισμὸν
1238 1565 1335 1633 τῆς
1393 1565 1602 1626 πόλεως
1638 1565 1816 1628 ἔλυσε,

246 1652 344 1701 καὶ
377 1650 602 1718 ἀγάπην
631 1651 771 1720 μετὰ
797 1652 894 1705 τοῦ
913 1654 1182 1724 βασιλέως
1218 1653 1440 1724 ἐποίησε
1471 1657 1591 1722 μεθ’
1616 1658 1818 1726 ὅρκων,

249 1743 344 1792 καὶ
381 1741 437 1793 ἐν
616 1745 680 1813 τῇ
735 1744 896 1814 Ἀσία
932 1746 1180 1815 περάσας
1199 1747 1290 1801 τοῦ
1315 1747 1566 1817 δεχθῆναι
1595 1749 1687 1800 τὸν
1729 1750 1820 1801 πό-

248 1832 413 1900 λεμον
456 1839 550 1888 καὶ
593 1835 692 1906 τὴν
749 1830 939 1903 ἔφοδον
998 1837 1090 1890 τοῦ
1124 1839 1374 1909 Ντεμίρη
1434 1842 1525 1892 τὸν
1591 1839 1822 1908 στρατὸν

249 1929 565 1996 ἡτοίμαζεν.

319 2018 412 2070 ιϐ’.
471 2019 598 2072 Ἐπὶ
625 2020 724 2087 τῆς
767 2019 1054 2086 βασιλείας
1084 2020 1271 2074 λοιπὸν
1313 2020 1466 2075 τοῦδε
1505 2021 1601 2074 τοῦ
1662 2024 1823 2076 αὐτο-

251 2110 520 2180 κράτορος
557 2113 663 2181 κῦρ
689 2112 971 2181 Μανουὴλ,
1002 2115 1060 2166 ἐν
1086 2114 1166 2183 τῷ
1189 2115 1548 2184 ἀποκλεισμῷ
1575 2116 1671 2182 τῆς
1725 2116 1826 2166 πό·

248 2207 404 2267 λεως,
439 2203 517 2274 τῷ
548 2205 668 2256 τότε
697 2205 877 2276 καιρῷ
907 2206 1214 2277 ἐγεννήθην
1249 2207 1361 2274 ἐγὼ
1403 2208 1512 2260 ἔτει
1549 2209 1656 2260 ἀπὸ
1706 2208 1824 2260 κτί-

249 2315 390 2358 σεως
423 2298 634 2366 κόσμου
687 2285 858 2364 ,ςῶθξ
892 2298 1207 2369 Αὐγούστου
1257 2297 1324 2361 λ’,
1356 2300 1727 2369 ἁνεγεννήθην
1769 2299 1825 2350 δέ

248 2389 333 2440 διὰ
368 2388 467 2440 τοῦ
503 2387 654 2440 θείου
690 2389 1080 2458 βαπτίσματος
1115 2389 1220 2442 ὑπὸ
1250 2391 1347 2456 τῆς
1381 2391 1684 2458 ὁοιωτὰτης
1718 2407 1826 2459 μη-

245 2483 370 2549 τρὸς
397 2481 563 2547 ἁγίας
596 2481 907 2550 Θωμαῖδος,
971 2484 1101 2552 περ)⁴
1138 2478 1204 2553 ἧς
1255 2484 1312 2534 ἐν
1364 2483 1442 2551 τῷ
1493 2485 1826 2552 προσήκοντι

246 2576 403 2646 τόπῳ
436 2575 533 2627 καὶ
567 2576 868 2646 ἀρμόζοντι
907 2576 1291 2646 διηγησόμεθα
1329 2577 1583 2646 τάληθές.
1625 2578 1742 2646 Ἀφ’
1767 2572 1826 2630 οὗ

243 2670 296 2721 δὲ
327 2667 431 2720 τοῦ
478 2668 708 2721 δεκάτου
771 2669 927 2730 ἔτους
969 2670 1132 2739 μέχρι
1170 2672 1264 2721 καὶ
1297 2669 1391 2721 τοῦ
1463 2669 1828 2739 ὀγδοηκοστυῦ

245 2760 408 2814 ἕκτου
446 2760 662 2814 πολλῶν
695 2763 1013 2829 γενομένων
1069 2763 1391 2828 ἀναγκαίων
1450 2764 1542 2815 καὶ
1605 2762 1827 2832 μνήμης

247 2853 419 2917 ἀξίων
462 2853 728 2922 βούλομαι
770 2853 1168 2922 διηγήσασθαι.
1204 2855 1361 2920 Λέγω
1388 2853 1451 2922 δὴ
1491 2855 1548 2906 ἐν
1586 2852 1825 2922 πρώτοις

247 2946 376 3012 περὶ
416 2945 518 3013 τῆς
553 2946 632 3006 εἰς
660 2944 758 3015 τὴν
779 2944 930 2996 δύσιν
965 2945 1209 3012 ἀφίξεως
1249 2945 1360 2996 τῶν
1391 2945 1552 2995 πέντε
1588 2944 1716 2996 υἱῶν
1735 2943 1828 2996 τοῦ

245 3039 445 3106 ἁμηρᾶ
471 3035 565 3088 τοῦ
599 3034 1028 3105 Μπαγιαζήτου,
1058 3037 1229 3107 ήγουν
1247 3035 1340 3087 τοῦ
1366 3034 1827 3104 Μουσουλμάνου,

1913 553 2282 624 Θεσσαλονίκῃ
2307 551 2522 617 καὶτῆς
2563 552 2828 614 ἐλεύσεως
2859 553 3044 605 ἐκεῖσε
3065 550 3161 604 τοῦ
3218 549 3486 618 βασιλέως

1915 648 2017 717 κὺρ
2041 645 2298 714 Μανουὴλ
2321 646 2414 700 καὶ
2439 646 2556 699 υἱοῦ
2583 647 2776 712 αὑτοῦ,
2808 647 2902 698 καὶ
2931 645 3032 716 τῆς
3059 645 3152 700 τοῦ
3179 645 3294 697 υἱοῦ
3315 640 3486 695 αὑτοῦ

1914 737 2174 792 δεσπότου
2196 737 2301 805 κὺρ
2320 736 2662 804 Ἀνδρονίκου
2698 738 2814 789 ἐκεῖ
2837 736 3360 797 ἀποκαταστάσεως,
3392 737 3488 786 καὶ

1917 830 2010 884 τοῦ
2043 829 2277 884 θανάτου
2308 829 2404 882 τοῦ
2429 827 2696 881 δεσπότου
2731 827 2834 898 κῦρ
2885 829 3167 898 Θεοδώρου
3220 827 3312 879 τοῦ
3351 843 3486 893 πορ-

1918 911 2326 991 φυρογεννήτου
2364 922 2444 983 είς
2485 922 2584 990 τὴν
2619 921 3058 990 Λακεδαιμονίαν
3087 923 3258 991 ἤγουν
3278 922 3358 982 είς
3388 919 3486 985 τὴν

1919 1013 2201 1084 Σπάρτην,
2232 1013 2325 1066 καὶ
2348 1011 2441 1065 τοῦ
2475 1011 2741 1080 βασιλέως
2783 1013 2877 1064 καὶ
2917 1010 3148 1077 ἀδελφοῦ
3179 1009 3346 1062 αὑτοῦ
3384 1009 3488 1076 κῦρ

1919 1106 2182 1176 Μανουὴλ
2223 1107 2280 1157 ἐν
2338 1108 2404 1174 τῇ
2462 1105 2860 1173 Πελοποννήσῳ
2901 1104 3190 1168 ἐλεύσεως.
3250 1103 3358 1154 Καὶ
3399 1103 3490 1152 τὸν

1921 1198 2153 1254 θάνατον
2189 1197 2283 1250 τοῦ
2320 1199 2515 1268 ἀμηρᾶ
2568 1195 2996 1264 Μουσουλμάνου
3033 1195 3145 1265 66
3201 1193 3352 1261 παρὰ
3398 1191 3492 1244 τοῦ

1921 1289 2152 1357 ἀδελφοῦ
2216 1289 2381 1340 αὑτοῦ
2425 1289 2599 1355 Μωσῆ
2650 1279 3001 1356 διηγήσομαι,
3063 1288 3164 1339 καὶ
3215 1287 3342 1352 περὶ
3391 1283 3490 1350 τῆς

1921 1380 2406 1451 τριετοῦςιμόιχης
2439 1379 2604 1432 αὑτοῦ
2629 1381 2691 1449 δὴ
2728 1379 2824 1432 τοῦ
2857 1379 3032 1445 Μωσῆ
3068 1379 3204 1447 μετὰ
3239 1377 3333 1430 τοῦ
3398 1379 3497 1445 βα-

1926 1473 2115 1536 σιλέως
2154 1474 2258 1542 κὺρ
2295 1473 2581 1541 Μανουὴλ,
2623 1471 2845 1540 καὶτῆς
2898 1471 3026 1541 περὶ
3075 1469 3146 1522 τὰ
3204 1469 3346 1539 μέρη
3398 1469 3496 1535 τῆς

1924 1562 2206 1629 Λαρίσσης
2249 1559 2648 1626 ὲκτυφλώσεως
2691 1559 2957 1628 Ὀρχάνου
2982 1558 3078 1611 τοῦ
3105 1558 3223 1610 υίοῦ
3242 1559 3336 1611 τοῦ
3350 1559 3498 1610 Μου-

1927 1653 2242 1721 σουλμάνου
2281 1653 2432 1722 παρὰ
2462 1650 2557 1704 τοῦ
2600 1652 2748 1704 θείου
2776 1651 2943 1704 αὐτοῦ
2995 1651 3196 1720 Μωσῆ,
3255 1651 3349 1704 καὶ
3399 1650 3497 1716 τῆς

1926 1743 2191 1807 ἐλεύσεως
2225 1745 2336 1797 ἀπὸ
2369 1747 2468 1814 τῆς
2501 1745 2775 1814 ἀνατολῆς
2807 1746 2886 1805 εἰς
2918 1746 3016 1813 τὴν
3049 1745 3201 1797 δύσιν
3225 1744 3318 1800 τοῦ
3347 1743 3501 1796 ἀδελ-

1931 1836 2032 1905 φοῦ
2061 1837 2225 1890 αὑτοῦ
2260 1839 2520 1907 Μεεμέτη
2562 1838 2657 1890 τοῦ
2686 1840 2780 1891 καὶ
2810 1838 3082 1908 Κυρίτζη,
3112 1841 3204 1890 καί
3235 1837 3338 1911 τῆς,
3363 1838 3498 1890 ἁπο-

1930 1931 2171 1999 στροφῆς
2200 1932 2278 1990 είς
2315 1930 2413 1999 τὴν
2441 1931 2709 1998 ἀνατολὴν
2741 1933 2835 1983 καὶ
2877 1931 3040 1984 πάλιν
3092 1929 3360 1991 ἐλεύσεως
3401 1929 3498 1982 αῦ-

1929 2020 2022 2073 τοῦ
2055 2021 2144 2073 διὰ
2175 2022 2273 2088 τῆς
2338 2021 2547 2084 πόλεως
2589 2023 2646 2075 ἐν
2679 2024 2748 2092 τῇ
2797 2021 2986 2092 Θρᾴκῃ
3027 2022 3145 2091 ἦτοι
3178 2023 3236 2074 ἐν
3297 2024 3363 2091 τῇ
3395 2022 3498 2074 Eii-

1932 2111 2113 2182 ρώπῃ,
2147 2105 2243 2165 καλ.
2275 2116 2372 2182 τῆς
2407 2115 2564 2182 νίκης
2595 2114 2786 2168 αὐτοῦ.
2845 2114 2955 2168 Καὶ
2981 2115 3074 2167 τὸν
3131 2113 3364 2169 θάνατον
3405 2110 3500 2166 τοῦ

1930 2206 2101 2272 Μωσῆ
2133 2207 2292 2266 simu,
2341 2205 2420 2258 ἔτι
2456 2207 2511 2260 δὲ
2547 2209 2640 2259 καὶ
2668 2206 2761 2259 τοῦ
2790 2205 3045 2276 δευτέρου
3077 2204 3194 2259 υἱοῦ
3219 2204 3314 2258 τοῦ
3347 2204 3504 2276 βασι-

1930 2283 2063 2361 λέως
2093 2299 2198 2368 κὺρ
2233 2298 2516 2370 Μανουήλ,
2542 2298 2636 2351 τοῦ
2664 2297 2772 2368 πρὸ
2813 2297 2909 2350 τοῦ
2943 2298 3386 2362 Κωνσταντίνου,
3410 2297 3503 2350 τὸν

1931 2390 2160 2442 θάνατον
2199 2393 2256 2444 ἐν
2285 2394 2350 2461 τῇ
2377 2391 2766 2462 Μονεμὸασίᾳ.
2813 2391 2977 2445 Ἀλλὰ
3006 2391 3102 2445 καὶ
3133 2392 3260 2460 περὶ
3289 2391 3382 2446 δύο
3411 2391 3504 2444 θυ-

1930 2483 2181 2552 γατέρων
2237 2484 2428 2548 αὑτοῦ,
2486 2485 2580 2537 καὶ
2641 2484 2736 2551 τῆς
2768 2486 3085 2555 γεννήσεως
3114 2483 3208 2537 τοῦ
3241 2483 3502 2536 αὐθεντο-

1933 2577 2133 2628 πούλου
2182 2577 2288 2647 κὺρ
2324 2577 2566 2646 Μιχαὴλ,
2621 2577 2715 2630 καὶ
2763 2577 2857 2631 τοῦ
2886 2577 3123 2632 θάνατοι»
3176 2577 3342 2631 αὑτοῦ
3399 2577 3505 2630 ὑπὸ

1932 2669 2231 2736 λοιμώδους
2265 2671 2596 2738 νοσήματος.
2633 2670 2876 2740 Ὀμοίως
2907 2670 3115 2724 καὶτοῦ
3151 2670 3389 2724 θανάτου
3409 2668 3502 2722 τοῦ

1931 2760 2168 2828 τςελεπῆ
2203 2761 2309 2825 κὺρ
2343 2762 2662 2832 Δημητρίου
2693 2761 2788 2814 τοῦ
2805 2759 2924 2815 υίοῦ
2961 2761 3053 2814 τοῦ
3091 2762 3325 2816 σουλτὰν
3350 2761 3509 2814 Mrta-

1935 2853 2175 2921 γιαζήτη
2220 2853 2315 2905 καὶ
2348 2853 2577 2921 ἀδελφοῦ
2642 2853 2736 2906 τοῦ
2777 2855 2972 2924 ἀμηρᾶ
3005 2855 3268 2923 Μεεμέτη
3295 2872 3314 2904 ,ε
3345 2854 3508 2914 αὐτὸς

1933 2945 1988 2997 δὲ
2018 2945 2309 3013 γενόμενος
2337 2945 2696 3014 Χριστιανὸς,
2749 2945 2824 3009 ὼς
2885 2945 2992 3014 πρὸ
3031 2946 3214 3013 ὀλίγου
3267 2946 3503 3014 ἔφημεν,

1938 3035 2036 3089 καὶ
2069 3036 2144 3104 τῷ
2168 3037 2298 3107 θείῳ
2339 3037 2680 3114 βαπτίσματι
2739 3039 3105 3110 ἀνεγεννήθη,
3139 3039 3234 3092 καὶ
3287 3039 3315 3090 ὁ
3353 3038 3512 3108 βασι-

245 3131 337 3182 τοῦ
357 3130 568 3198 Μωσῆ,
593 3128 688 3184 τοῦ
714 3128 940 3192 Ἰεσσαὶ,
959 3128 1054 3180 τοῦ
1069 3127 1329 3196 Μεεμέτη
1352 3130 1446 3180 καὶ
1471 3125 1563 3180 τοῦ
1583 3127 1830 3196 Ἰωσοῦφ,
1865 3121 1907 3180 C
1940 3129 2067 3192 λεὺς
2107 3131 2202 3186 καὶ
2231 3133 2258 3186 ὁ
2279 3131 2502 3200 ἀμηρᾶς
2538 3133 2829 3200 Μεεμέτης
2851 3134 2878 3185 ὸ
2904 3132 3130 3200 ἀδελφὸς
3167 3132 3504 3185 αὐτοῦπλεῑ-

244 3223 300 3286 ὃς
322 3221 582 3290 ἐγεγόνει
608 3221 940 3292 Χριστιανὸς
964 3219 1056 3274 καὶ
1084 3221 1398 3289 Δημήτριος
1417 3219 1816 3304 ἐπωνομάσθη,

319 3409 415 3463 Π.
449 3408 546 3464 Illo
575 3419 838 3478 tempore,
873 3426 1036 3464 anno.
1078 3450 1091 3464 .
1133 3447 1147 3463 .
1182 3451 1196 3465 .
1230 3421 1452 3481 propter
1496 3427 1642 3476 eam,
1673 3428 1832 3480 quam

245 3505 820 3566 commemoravimus,
850 3520 1092 3568 causam,
1125 3505 1288 3558 etiam
1345 3507 1690 3561 Andronicus
1739 3509 1834 3562 de-

245 3606 404 3664 spota
440 3596 884 3652 Thessalonicam
943 3595 1272 3652 Venetorum
1309 3600 1518 3654 senatui
1563 3600 1834 3670 quinqua-

248 3691 404 3756 genis
439 3687 770 3744 ﬂorenornm
823 3691 1062 3745 millibus
1101 3692 1365 3746 vendidit.

317 3778 472 3834 Urbs
502 3779 818 3834 obsessione
855 3780 957 3833 hoc
987 3780 1146 3834 modo
1190 3780 1413 3834 liberata
1450 3789 1548 3835 est.
1586 3781 1830 3845 Amores,

249 3873 462 3933 audito,
489 3871 785 3935 Demirem,
836 3869 1167 3942 Scytharum
1198 3880 1250 3925 et
1278 3871 1702 3942 Massagetarum
1753 3887 1836 3925 re-

247 3977 393 4026 gem,
447 3978 570 4014 cum
631 3965 930 4018 innumeris
975 3964 1150 4031 c0piis
1197 3972 1382 4016 contra
1415 3978 1474 4016 se
1543 3962 1832 4030 proficisci,

245 4056 504 4122 quamvis
535 4055 754 4114 inv.tus,
795 4064 976 4108 tamen
1021 4053 1358 4108 obsidionem
1394 4065 1447 4108 et
1478 4055 1834 4122 Oppugnatio-

248 4163 372 4200 nem
410 4147 566 4200 urbis
595 4147 778 4211 solvit,
805 4160 967 4216 atque
1002 4163 1134 4217 pace
1166 4162 1288 4200 cum
1327 4149 1659 4217 imperatore
1695 4146 1834 4198 facta

245 4250 298 4294 et
335 4241 701 4294 saerameutis
735 4242 1078 4303 confirmata,
1125 4243 1176 4294 in
1214 4240 1400 4292 Asiam
1459 4239 1738 4308 trajectus,
1771 4238 1836 4291 ad

245 4333 604 4400 excipiendus
646 4335 877 4401 impetus
911 4332 1144 4386 Demiris
1183 4335 1480 4386 exercitum
1514 4330 1761 4399 parabat.

319 4426 412 4481 18.
452 4425 718 4480 Cancrum
757 4438 1014 4496 regnante
1052 4427 1152 4478 hoc.
1198 4428 1543 4493 imperatore,
1589 4422 1842 4476 Manuele
1873 4462 1910 4514 υ

244 4520 495 4581 doniino,
531 4518 658 4572 dum
694 4518 826 4571 urbs
873 4518 1172 4580 obsidetur,
1222 4532 1320 4584 ego
1362 4519 1412 4568 in
1440 4517 1611 4568 lucem
1659 4515 1838 4569 editus

244 4631 390 4677 sum,
424 4626 573 4664 anno
611 4611 678 4664 ab
719 4612 851 4665 orbe
898 4612 1118 4665 cozidito
1147 4609 1307 4672 6909,
1340 4610 1428 4662 die
1471 4609 1699 4677 Augusti
1745 4607 1839 4660 tri-

248 4708 484 4758 cesimo.
543 4703 913 4770 [tegeiieratus
960 4719 1078 4758 smn
1139 4717 1234 4772 per
1295 4717 1511 4756 sacrum
1569 4701 1835 4770 baptisma

241 4813 412 4865 opera
437 4796 772 4849 venerabilis
813 4796 1007 4848 matris
1059 4794 1398 4863 'l‘homaidis,
1447 4795 1515 4847 de
1559 4808 1666 4863 qua
1720 4793 1838 4844 loco

241 4904 566 4960 opportuno
591 4890 656 4942 ad
691 4895 971 4942 veritatem
1016 4889 1248 4942 referam
1274 4887 1374 4956 (l).
1406 4890 1446 4939 Α
1477 4888 1690 4942 decimo
1741 4901 1840 4940 au-

245 4993 355 5037 tem
388 4995 542 5033 anno
571 4979 635 5030 ad
683 4977 1075 5047 octogesimum
1121 4987 1334 5032 sextum
1369 4991 1490 5045 quae
1535 4976 1836 5030 acciderint

247 5073 442 5125 multa:
460 5079 515 5122 et
536 5068 924 5122 memorabiles
945 5065 1304 5134 calamitates,
1329 5067 1618 5121 enarrabo.
1650 5065 1834 5118 Dicam

246 5163 492 5233 primum
517 5164 582 5215 de
609 5160 849 5228 quinque
880 5159 1148 5229 Bajazetis
1202 5175 1402 5214 amerte
1447 5159 1571 5212 [iliis
1597 5159 1651 5212 in
1693 5157 1838 5211 occi-

249 5257 478 5308 dentem
512 5251 776 5320 trajectis,
805 5251 1171 5315 Musulmanu,
1199 5251 1365 5314 Mose,
1394 5250 1598 5311 Jes:ai,
1648 5249 1835 5304 Mehe-

250 5357 397 5400 mete
430 5355 488 5398 et
520 5343 785 5411 Josupho,
812 5345 902 5412 qui
945 5343 1290 5397 Christianus
1318 5343 1491 5395 lactus
1533 5341 1838 5394 Demetrius

248 5437 567 5504 appellatus
605 5445 708 5498 est,
748 5439 814 5489 de
842 5437 1171 5502 imperatore
1200 5434 1408 5487 Joanne
1436 5433 1839 5488 Thessalonica:

250 5541 504 5586 mortuo.
547 5540 600 5582 et
639 5528 886 5582 Manneia
941 5517 1293 5595 imperatore,
1350 5527 1475 5581 [ilioc
1512 5527 1652 5594 ejus,
1715 5525 1841 5578 illnc

251 5621 532 5691 profetto,
568 5633 617 5674 et
646 5622 764 5692 ejus
810 5622 940 5687 (ilio,
991 5621 1299 5676 Andronico
1345 5621 1592 5690 despota,
1646 5619 1839 5674 ibidem

333 5803 414 5870 (1)
453 5799 583 5855 Vide
612 5818 733 5871 tap.
763 5802 793 5854 5
819 5801 914 5854 lib.
962 5815 1019 5853 ιι.

1937 3241 2036 3276 στα
2067 3223 2356 3294 σιτηρέσια
2392 3225 2602 3279 ἐδωσαν
2638 3224 2812 3295 αὐτῷ,
2841 3224 3014 3296 ζήσας
3047 3225 3186 3295 μετὰ
3214 3225 3272 3278 τὸ
3315 3225 3513 3296 βαπτι-

1937 3411 2205 3475 restitnto,
2240 3410 2304 3466 de
2334 3408 2623 3464 Theodoro
2670 3409 3128 3479 porphyrogenito
3165 3411 3386 3478 despota
3411 3408 3512 3462 La-

1935 3506 2246 3558 cedaemone
2279 3504 2394 3556 sive
2439 3497 2647 3570 Sparta:
2683 3502 2978 3567 exstincto,
3003 3510 3057 3556 et
3086 3501 3151 3556 de
3187 3501 3514 3571 imperatore

1937 3596 2206 3660 Manuele,
2240 3596 2408 3650 fratre
2459 3595 2600 3664 ejus,
2655 3593 2899 3663 profecto
2941 3597 2991 3646 in
3045 3592 3514 3662 Peloponncsmn;

1937 3690 2134 3745 deinde
2159 3703 2450 3758 exponam,
2471 3689 2744 3758 quomodo
2769 3687 2944 3742 Moses
2961 3687 3302 3744 Musulmano
3319 3703 3519 3741 amem:

1940 3783 2092 3838 fratri
2117 3797 2217 3836 suo
2248 3792 2477 3836 mortem
2523 3781 2784 3841 intulerit.
2833 3796 2958 3835 cum
3007 3780 3250 3836 Mannele
3290 3782 3521 3848 impera-

1941 3884 2056 3930 tore
2090 3889 2186 3942 per
2221 3883 2331 3929 tres
2360 3889 2536 3928 annos
2567 3872 2764 3926 bellum
2789 3872 3021 3942 gesserit
3044 3883 3098 3926 et
3142 3873 3285 3928 circa
3337 3871 3520 3926 Laris-

1939 3983 2052 4022 sam
2117 3966 2470 4021 cxcaeeaverit
2533 3964 2862 4030 Orchanem,
2904 3963 3232 4028 Musulniani
3305 3966 3516 4028 tilium;

1937 4057 2212 4127 quomodo
2254 4056 2415 4124 hujus
2447 4055 2616 4110 frater
2647 4053 2999 4117 Mehemetes,
3053 4054 3144 4122 qui
3205 4053 3370 4106 etiam
3419 4055 3517 4123 Cy-

1940 4151 2103 4204 ritzes
2139 4147 2458 4216 appellatur,
2492 4163 2556 4202 et
2584 4147 2793 4201 oriente
2821 4147 2874 4200 in
2907 4145 3247 4200 occidentem
3285 4147 3521 4199 transie-

1941 4241 2178 4302 ril,'inde
2215 4239 2435 4292 redierit
2463 4241 2514 4290 in
2545 4236 2832 4300 orientem,
2859 4246 2909 4290 et
2937 4250 3121 4290 rursus
3153 4244 3306 4288 trans
3330 4235 3519 4286 urbem

1942 4334 1995 4386 in
2040 4329 2330 4384 Thraciam
2389 4329 2471 4384 \‘el
2527 4327 2796 4396 Europam
2847 4326 3122 4396 trajectus,
3169 4325 3525 4393 reportaverit

1942 4424 2246 4478 \ictnriatn.
2322 4421 2455 4475 Tum
2513 4422 2716 4476 obitum
2767 4420 2931 4474 Mosis
2984 4417 3280 4487 explicabo,
3342 4427 3397 4473 et
3431 4418 3520 4470 lilii

1941 4517 2165 4568 secundi
2232 4513 2498 4566 Manuelis
2547 4512 2916 4579 imperatoris,
2977 4511 3066 4578 qui
3101 4505 3540 4563 Coustzmtinuar

1942 4605 2239 4673 praecessit,
2290 4613 2539 4665 mortem,
2589 4617 2694 4670 qua
2726 4602 2769 4654 is
2827 4599 3210 4653 Monembasia:
3274 4599 3520 4651 decessit.

1946 4697 2124 4751 Dicam
2158 4696 2320 4748 etiam
2359 4693 2427 4747 de
2451 4691 2661 4747 duobus
2700 4690 2822 4744 libis
2863 4691 3194 4757 cjus,.atqne
3252 4688 3526 4740 Michaciis

1945 4789 2204 4857 principis
2237 4785 2399 4840 natali
2433 4803 2497 4840 ac
2537 4794 2707 4838 morte
2751 4783 3050 4852 pestilentia
3088 4782 3133 4836 ei
3170 4782 3354 4834 allata.
3393 4779 3522 4831 ltem

1945 4889 2173 4933 mortem
2216 4878 2472 4948 attingam
2510 4875 2766 4930 Demetrii
2815 4873 3083 4942 Tzelepis,
3129 4871 3392 4941 Bajazetis
3417 4870 3526 4924 sul-

1948 4971 2058 5026 tani
2090 4970 2204 5030 lilii,
2246 4980 2298 5022 et
2338 4969 2652 5023 Meheinetis
2686 4983 2883 5022 arnera:
2903 4965 3108 5028 fratris,
3137 4965 3228 5032 qui
3260 4963 3526 5018 Christia-

1939 5046 2048 5115 nus
2110 5060 2302 5122 factus,
2352 5067 2404 5111 ut
2443 5058 2600 5126 paulo
2631 5068 2755 5110 ante
2800 5056 3127 5119 monuimus,
3174 5065 3402 5106 ctsacro
3433 5055 3523 5103 ha-

1947 5155 2199 5224 plismate
2230 5162 2597 5218 regeneratus,
2632 5148 2698 5200 ab
2723 5148 3048 5215 imperatore
3070 5145 3304 5196 etfratre
3333 5141 3380 5193 Μ
3403 5146 3518 5190 ξίινο

1951 5255 2092 5312 Iitetc
2117 5259 2296 5298 autem
2333 5258 2523 5310 magna
2555 5240 2749 5294 salaria
2779 5238 3004 5305 accepit,
3031 5245 3081 5288 et
3115 5250 3286 5286 annos
3315 5243 3518 5297 septi-in

1950 5346 2239 5406 postquam
2273 5335 2578 5400 ὺιιμιιζυιιιδ
2606 5339 2743 5394 crat,
2787 5332 2850 5382 ad
2886 5328 3170 5381 Dominmu
3208 5334 3471 5377 concessu
3505 5340 3519 5384 ;

1951 5430 2232 5495 dicamque
2261 5427 2328 5480 de
2375 5424 2596 5478 Thous-te
2643 5422 2899 5489 principis
2951 5418 3148 5473 natali:
3195 5424 3356 5485 atque
3412 5416 3524 5467 hac

1952 5521 2167 5591 quidem
2209 5530 2423 5589 propter
2475 5519 2651 5571 atatis
2701 5519 3060 5568 maturitatem
3101 5515 3234 5566 lnne
3269 5521 3317 5564 et
3361 5525 3523 5563 accu-

1957 5629 2068 5669 rate
2100 5615 2288 5669 dnctus
2317 5630 2330 5676 ;
2363 5630 2480 5680 qua:
2517 5625 2693 5663 autem
2737 5621 2860 5663 ante
2896 5624 2978 5663 me
3010 5619 3192 5661 natum
3229 5603 3370 5658 facta
3395 5619 3523 5656 nar-
