3908 6196
264 247 376 310 709

1354 239 1800 303 CHRONICON
1846 241 2112 306 MAJUS.
2143 269 2212 280 -κ
2255 244 2398 311 LIB.
2451 249 2493 307 ῐ.

3433 255 3536 316 'i'ltl

269 366 381 420 Καὶ
409 367 438 419 6
471 365 694 434 ἀμηρᾶς
730 361 1068 431 Καραμάνος
1124 355 1419 428 δεξάμενος
1449 359 1627 412 ἀὐτὸν
1685 359 1854 426 ἡδέως
1892 361 1932 416 Α
1964 360 2172 426 ἐδίωξε,
2206 361 2304 433 τὴν
2329 363 2598 416 Γαλατίαν
2631 331 3032 419 Καππαδοκίαν
3071 383 3129 420 τε
3179 368 3274 421 καὶ
3335 369 3539 422 Πόντον

274 460 366 511 καὶ
393 460 557 526 χεῖρα
585 456 765 517 δώσας
796 454 1023 523 ἐξῆλθεν
1045 445 1203 514 οὗτος
1259 454 1400 505 κατὰ
1445 451 1549 503 τοῦ·
1591 449 1851 502 αύταδέλ-

271 569 374 617 φου
406 548 602 617 Μωσῆ.
650 547 883 619 Πρώτης
917 548 1010 599 καὶ
1037 545 1300 615 δευτέρας
1336 545 1516 614 μάχης
1549 541 1850 610 γενομένης

269 647 296 698 6
327 643 421 697 τοῦ
461 642 638 710 Μωσῆ
667 641 898 710 στρατὸς
940 641 1275 710 ὑπερίσχυσε
1323 640 1418 690 καὶ
1471 639 1498 690 6
1559 636 1850 704 Μεεμέτης

269 734 665 806 καὶὸστρατὺς
708 733 878 786 αὑτοῦ
928 731 1453 802 διεσκορπίσθησαν.
1521 730 1615 781 Ἐκ
1663 727 1848 795 τρίτου

269 827 325 880 δὲ
349 826 450 896 τήν
473 825 646 897 τύχην
667 825 1029 892 λογισάμενος
1071 824 1390 892 δοκιμάσαι,
1448 822 1587 891 πρὸς
1622 823 1717 874 τὸν
1749 821 1849 888 τῆς

275 917 500 988 Σερΰίας
529 925 626 971 καὶ
657 916 1002 986 Βουλγαρίας
1036 915 1303 983 αὐθέντην
1333 913 1427 967 καὶ
1460 914 1597 983 πρὸς
1637 914 1728 966 τὸν
1759 911 1850 980 βα-

275 1010 433 1064 σιλέα
491 1009 664 1063 ἐλθὼν
723 1009 981 1078 βοήθειαν
1040 1009 1263 1077 αἰτῆσαι
1331 1008 1463 1076 παρ’
1509 1007 1712 1072 αὐτῶν,
1757 1007 1850 1059 καὶ

267 1101 540 1164 δώσαντες
568 1101 718 1170 αὐτῷ
759 1103 918 1170 χεῖρα
953 1099 1148 1169 ἱκανὴν
1202 1101 1296 1153 καὶ⁸
1341 1087 1576 1170 στρατὸν
1629 1097 1850 1168 ἐξῆλθεν

267 1194 424 1256 αὖθις
481 1194 625 1247 κατὰ
664 1195 758 1247 τοῦ
809 1194 986 1258 Μωσῆ
1020 1210 1035 1224 ·
1081 1193 1174 1246 καὶ
1234 1193 1413 1262 μάχης
1468 1192 1768 1261 γενομένης
1822 1194 1849 1244 6

255 1287 559 1355 -Μεεμέτης
603 1287 890 1356 ἀπατήσας
935 1288 1076 1355 μετά
1120 1287 1421 1356 χρημάτων
1467 1285 1695 1344 πολλοὺς
1737 1282 1849 1335 τῶν

269 1379 504 1450 πρώτων
559 1380 906 1448 στρατηγοὺς
953 1379 1050 1432 καὶ
1106 1378 1449 1447 κυϐερνήτας
1499 1377 1594 1429 τοῦ
1650 1377 1847 1444 Μωσῆ.

268 1476 498 1541 ἀφέντες
524 1473 689 1527 αὐτὸν
723 1472 925 1540 ἔφυγον
955 1470 1093 1541 πρὸς
1149 1470 1240 1523 τὸν
1292 1469 1602 1537 Μεεμέτην.
1673 1466 1734 1522 Ὀ
1792 1467 1848 1521 δὲ

267 1567 474 1636 Μωσῆς
506 1565 631 1619 ίδὼν
654 1567 750 1620 καὶ
780 1563 943 1626 αὐτὸς
970 1563 1052 1625 είς
1102 1563 1282 1632 φυγὴν
1331 1562 1549 1630 ἐτράπη
1615 1561 1706 1613 καὶ
1757 1561 1847 1614 έλ-

1957 455 2051 505 καὶ
2083 453 2185 507 ὅσα
2212 456 2313 524 τῆς
2341 456 2550 509 ἄνωθεν
2592 457 2782 518 Ἀσίας
2813 459 3094 529 ἐκέρδησε.
3145 459 3251 512 Τὸν
3315 461 3540 528 Ἰσμαδτλ

1955 546 2181 614 άαηρᾶν
2205 546 2300 600 τοῦ
2347 546 2623 600 Σινωπίου
2682 548 2919 618 ὑποτελῆ
2978 549 3224 620 ἐποίησε,
3279 552 3374 604 καὶ
3429 552 3542 604 ἀπὸ

1954 637 2156 701 Λυδίας
2198 640 2302 702 ἕως
2338 639 2579 700 Λίολίδος
2642 642 2736 695 καὶ
2795 643 2926 712 ἄχρι
2970 645 3189 705 Μυσίας
3246 645 3345 715 τῆς
3402 645 3539 714 τρὶς

1955 729 2050 782 τὸν
2113 730 2516 800 Ἑλλήσποντον
2569 734 2757 802 κύριος
2811 735 3049 803 ἐγένετο,
3114 737 3208 789 καὶ
3261 738 3397 804 μετὰ
3443 739 3541 799 τῆς

1958 821 2251 891 γερουσίας
2272 823 2380 877 τῶν
2426 823 2662 877 Ἑνετῶν
2713 827 2892 896 μάχην
2923 829 3179 898 ποιήσας.
3229 830 3288 883 '0
3314 828 3407 882 οὖν
3429 829 3540 882 τῶν

1965 912 2200 966 Ἐνετῶν
2233 915 2420 977 στόλος
2449 911 2599 985 εἶχεν
2625 917 2908 987 ναυάρχην
2930 919 3022 971 τὸν
3048 919 3257 989 Πέτρον
3281 921 3491 992 Δορδᾶν
3517 937 3532 954 ο

1956 1006 2052 1058 καὶ
2083 1006 2252 1074 ἄμφω
2279 1006 2327 1059 οἱ
2353 1007 2532 1059 στόλοι
2558 1008 3008 1076 συναντηθέντες,
3044 1009 3188 1076 λέγω
3221 1009 3329 1064 τῶν
3389 1009 3541 1064 Ἐνε-

1953 1095 2063 1152 τῶν
2093 1097 2186 1150 καὶ
2207 1098 2302 1150 τοῦ
2327 1099 2540 1169 ἀμηρᾶ,
2567 1100 2844 1169 ἀναμέσον
2866 1101 3240 1172 Προικονήσου
3263 1103 3358 1155 κα)⁸
3392 1103 3538 1157 Καλι-

1955 1191 2305 1254 λιουπόλεως,
2336 1191 2431 1244 καὶ
2461 1192 2772 1262 ναυμαχίας
2807 1193 3112 1262 γενομένης
3138 1193 3334 1247 πολλαὶ
3382 1196 3536 1263 τριή-

1955 1301 2071 1354 ρεις
2102 1283 2196 1338 καὶ
2227 1285 2350 1348 νῆες
2386 1285 2496 1338 τῶν
2522 1285 2785 1354 Τούρκων
2813 1303 2944 1338 κατε
2957 1287 3282 1356 ποντίσθησα
3295 1305 3319 1340 ν
3347 1303 3359 1316 ·
3398 1287 3538 1356 μετὰ

1953 1377 2010 1430 δὲ
2047 1375 2221 1430 ταῦτα
2241 1377 2465 1447 ἀγάπην
2493 1379 2783 1448 ἐποίησαν.
2823 1379 3043 1447 Ἥγάπα
3080 1379 3135 1432 δὲ
3166 1381 3258 1433 τὸν
3310 1380 3536 1449 βασιλέα

1952 1466 2059 1534 κὺρ
2113 1467 2371 1535 Μανουὴλ
2397 1463 2549 1531 οὗτος
2572 1470 2600 1520 6
2633 1471 2854 1540 ἀμηρᾶς
2881 1471 2976 1524 καὶ
3009 1472 3136 1534 τοὺς
3170 1472 3391 1542 ἐτέρους
3439 1473 3533 1523 αύ-

1953 1561 2145 1622 θέντας
2171 1560 2536 1627 Χριστιανοὺς
2558 1563 2688 1626 τοὺς
2739 1563 2908 1630 ἐγγὺς
2945 1563 3056 1617 τῶν
3095 1566 3260 1634 ὁρίων
3313 1565 3480 1617 αὑτοῦ
3518 1580 3529 1592 ·

272 1658 380 1711 οὼν
408 1658 468 1710 ἓν
518 1674 628 1711 τινι
665 1655 818 1726 τόπῳ
879 1655 1074 1708 ὑλώδει
1137 1653 1387 1723 ἐκρύϐη·
1437 1651 1496 1705 δν
1543 1651 1718 1721 εὑρών
1763 1670 1847 1715 τις
1883 1716 1916 1726 __
1955 1653 2048 1704 καὶ
2111 1653 2170 1703 ἐν
2214 1653 2292 1720 τῷ
2357 1653 2574 1720 μέλλειν
2627 1655 2790 1707 αὐτὸν
2837 1655 3100 1725 τελευτᾷν
3148 1657 3258 1726 90
3306 1657 3380 1724 τῷ
3430 1658 3534 1726 υἱῷ

273 1751 582 1820 στρατηγὸς
613 1749 708 1804 τοῦ
745 1716 1006 1819 Μεεμέτη
1031 1749 1166 1820 κέκεῖ
1205 1716 1482 1812 ’ἀπέπνιξε
1549 1716 1846 1815 προστάξει
1881 1716 1920 1770 Β
1961 1716 2276 1816 Ἀμουράτη
2302 1716 2674 1815 παρήγγειλεν
2705 1747 2772 1798 ἵν’
2809 1748 3000 1817 ἐσηται
3042 1716 3195 1815 iptio:
3212 1716 3318 1800 ζιαὶ
3343 1716 3532 1824 βοηθὸς

269 1844 364 1896 τοῦ
390 1842 655 1896 αύθέντου
687 1842 875 1898 αὑτοῦ.
920 1840 1154 1907 Ἐστάθη
1180 1839 1276 1894 οὖν
1323 1842 1356 1907 ή
1412 1839 1550 1908 αὐτὴ
1598 1839 1847 1908 βασιλεία
1947 1839 2028 1907 τῷ
2079 1837 2291 1907 βασιλεί
2350 1839 2457 1907 κὺρ
2511 1839 2791 1906 Μανουὴλ.
2845 1833 3015 1902 Οὗτος
3080 1840 3300 1910 πρῶτος
3356 1841 3412 1892 ἐν
3463 1845 3529 1910 τῇ

272 1936 657 1990 κινδυνεύουσα
701 1936 790 1990 διὰ
845 1936 944 1996 τάς
999 1935 1268 2003 διχονοίας
1311 1933 1409 1996 τὰς
1469 1933 1528 1984 έν
1595 1933 1846 2002 ἀλλήλοις

270 2031 383 2092 τοῖς
410 2028 997 2100 τέσσαρσινάδελφοῖς
1036 2028 1132 2094 ἔτη
1187 2027 1315 2096 τρία
1375 2027 1466 2078 καὶ
1506 2028 1680 2095 μῆνας
1728 2025 1845 2089 δύο,

273 2121 564 2190 Μεεμέτης
591 2121 647 2174 δὲ
675 2120 952 2191 ἐγκρατὴς
982 2120 1163 2189 πάσης
1195 2119 1294 2188 τῆς
1325 2118 1503 2187 ἀρχῆς
1540 2118 1632 2170 καὶ
1693 2118 1848 2187 βασι-

271 2214 421 2276 λείας
451 2215 550 2283 τῆς
585 2213 700 2284 89
721 2212 1010 2282 ’πατρικῆς
1046 2211 1183 2281 μετά
1229 2210 1504 2263 τοσούτων
1534 2209 1721 2264 κόπων
1753 2209 1848 2262 καὶ

269 2305 486 2357 ὀδυνῶν
513 2305 741 2370 γέγονεν
777 2303 836 2355 ὲν
860 2302 974 2354 ἔτει
1000 2300 1141 2366 ςῇξ,
1170 2298 1500 2360 ίνδικτιῶνος
1524 2295 1594 2366 γ’.

335 2393 404 2448 λ’.
435 2393 657 2462 Πρῶτον
691 2392 786 2460 μὲν
812 2391 974 2460 ἔργον
1010 2389 1151 2458 μετά
1196 2389 1256 2441 τὲ
1278 2387 1467 2440 λαϐεῖν
1517 2386 1615 2456 τὴν
1671 2387 1848 2456 ἀρχὴν

267 2486 494 2554 ἐποίησε
561 2484 740 2536 τοῦτο.
796 2482 880 2536 Τὰ
937 2481 1068 2548 τέλη
1124 2479 1240 2550 τῆς
1289 2478 1702 2549 Μολδοσλαχίας
1755 2479 1848 2531 καὶ

267 2577 647 2646 Μπογδανίας,
671 2578 795 2629 ὅσον
828 2571 896 2645 ἦν
927 2572 1175 2637 δυνατὸν,
1209 2572 1465 2642 ἐϐάρυνε,
1519 2574 1611 2624 καὶ
1667 2571 1847 2625 πᾶσαν

267 2669 461 2740 χώραν
494 2669 590 2722 καὶ
623 2669 788 2722 τόπον
847 2669 907 2721 ὲν
957 2669 1024 2737 τῇ
1083 2666 1239 2735 Ἀσία
1294 2667 1351 2717 ὲν
1405 2659 1486 2727 οἷς
1544 2665 1596 2716 oi
1644 2663 1847 2716 Σκύθαι

268 2761 516 2827 ἐγίνοντο
541 2760 827 2829 ἐγκρατεῖς
861 2755 997 2827 μετά
1028 2755 1130 2825 τὴν
1159 2753 1544 2823 αἰχμαλωσίαν
1594 2751 1690 2804 τοῦ
1742 2769 1848 2806 πα-

267 2851 418 2918 τρὸς,
457 2850 619 2902 πάλιν
652 2849 768 2919 μετ’
793 2848 978 2914 ὀλίγον
1021 2846 1110 2913 ὑφ’
1138 2845 1327 2897 ἐαυτὸν
1382 2843 1793 2912 ἀπεκατέστησε
1831 2859 1844 2874 ·

268 2946 364 2997 καὶ
405 2946 535 3006 τοὶς
571 2942 881 3012 ὁμοφύλους
909 2944 1000 2993 καὶ
1031 2940 1361 3009 ὀμοπίστους
1407 2938 1668 2999 αὐθέντας
1699 2935 1794 2999 οὓς
1821 2937 1849 2990 6

1961 1929 2404 1999 Ἀδριανουπόλει
2435 1931 2534 2000 τὴν
2571 1931 2840 2000 καθέδραν
2885 1933 3166 2001 ἐποίησεν,
3209 1932 3277 2001 ῆν
3329 1932 3379 1984 oi
3425 1932 3532 1998 πρὸ

1949 2021 2195 2074 αὖτοῦὲν
2218 2025 2283 2092 τῇ
2314 2023 2531 2093 Προύσῃ
2561 2019 2729 2092 εἶχον.
2775 2021 3021 2092 ’Υπῆρχε
3060 2022 3117 2074 δὲ
3151 2022 3273 2076 λίαν
3307 2022 3531 2091 φιλόδω-

1953 2131 2043 2184 ρος
2065 2116 2157 2168 καὶ
2188 2118 2296 2178 τοῖς
2322 2116 2499 2180 φίλοις
2537 2116 2763 2185 ἄριστος
2797 2131 2811 2146 ⁸
2839 2116 3038 2183 ὁμοίως
3067 2116 3123 2167 δὲ
3168 2118 3280 2178 τοῖς
3315 2115 3532 2184 ἐχθροῖς

1949 2205 2054 2271 ἕως
2083 2205 2271 2268 τέλους
2295 2207 2443 2276 ζωῆς
2475 2204 2854 2276 καμηλοειδῶς
2891 2205 3148 2270 διέκειτο,
3175 2207 3268 2259 καὶ
3297 2207 3531 2260 πάντοτε

1950 2297 2044 2350 νέα
2081 2297 2445 2366 ὲφευρήματα
2477 2297 2570 2350 καὶ
2600 2299 2854 2367 μηχανὰς
2891 2297 3160 2367 γυρεύων.
3195 2298 3283 2350 ἵνα
3315 2297 3530 2368 βλάπτῃ

1951 2391 2046 2443 καὶ
2067 2391 2304 2463 ἀφανίζῃ
2336 2393 2464 2454 τοὺς
2493 2392 2682 2452 κακῶς
2728 2379 3111 2459 διακειμένους
3172 2391 3288 2460 μετ’
3339 2391 3530 2446 αὐτοῦ.

1963 2483 2226 2537 Ἀπέθανε
2247 2485 2302 2538 δὲ
2339 2484 2666 2555 βασιλεύσας
2697 2485 2789 2554 ἔτη
2850 2485 2982 2537 δέκα
3021 2487 3114 2538 καὶ
3145 2485 3308 2540 έπτά.
3492 2555 3494 2558 ν

2021 2575 2122 2630 λα’.
2170 2576 2558 2640 Ἀποθανόντος
2587 2577 2680 2646 οὖν
2727 2577 2823 2630 τοῦ
2878 2579 3077 2646 ἀμηρᾶ
3129 2576 3385 2646 Μεεμέτη
3442 2577 3537 2630 καὶ

1951 2670 2195 2740 Κυρίτζη
2221 2670 2657 2740 ὀνομαζομένου,
2713 2671 2742 2723 6
2795 2669 2906 2733 υίὸς
2965 2671 3132 2724 αὐτοῦ
3191 2669 3534 2739 Ἀμουράτης

1950 2760 2126 2813 ἐλθὼν
2167 2761 2267 2831 τὴν
2292 2762 2470 2831 ἀρχὴν
2533 2760 2809 2826 διεδέξατο
2881 2763 2939 2813 ἐν
2984 2762 3095 2814 ἔτει
3147 2761 3353 2833 ,ςὲκδκ
3408 2760 3536 2812 ίνδι-

1951 2854 2178 2918 κτιῶνος
2237 2853 2308 2923 η’,
2367 2856 2464 2910 καὶ
2519 2855 2613 2908 τοῦ
2681 2853 3028 2925 φθινοπώρου
3082 2855 3374 2922 ἱσταμένου
3432 2854 3534 2906 οὐκ

1948 2947 2198 3016 ἡρέμησε
2221 2947 2308 3000 διὰ
2331 2946 2423 3000 τὸν
2449 2947 2718 3016 χειμῶνα,
2751 2945 2887 2999 ἀλλὰ
2932 2944 3026 2998 τὸν
3084 2945 3316 3014 στρατὸν
3365 2944 3533 2997 αὑτοῦ

269 3031 457 3100 πατὴρ
517 3032 712 3096 ἐξέωσε
751 3033 871 3108 τῆςη
904 3032 1082 3098 ἀρχῆς
1113 3029 1206 3081 καὶ
1243 3029 1270 3081 ὁ
1336 3028 1616 3096 Νεεμίρης
1674 3026 1844 3078 ἐλθὼν
1874 3049 1920 3110 C
1954 3039 2187 3104 συνάξας
2215 3039 2593 3109 ἐρχεταικατὰ
2622 3037 2720 3091 τοῦ
2775 3038 2922 3091 θείου
2981 3037 3144 3090 αὑτοῦ
3204 3038 3530 3102 Μουσταιρᾶ,

266 3126 434 3178 πάλιν
463 3124 771 3194 μετέδωκεν
799 3125 1006 3186 αὐτοῖς,
1039 3115 1194 3186 οὗτος
1229 3124 1378 3193 νόμῳ
1405 3121 1640 3190 πολέμου
1693 3119 1849 3184 αὖθις

265 3316 354 3359 tus
393 3305 588 3373 mpiis,
624 3304 885 3359 adversus
942 3302 1140 3359 Mosetn
1179 3303 1397 3356 fratrem
1457 3298 1845 3370 proﬁciscitur.

263 3402 505 3466 Atquee
555 3395 732 3465 primo
785 3394 1006 3462 quidem
1053 3405 1107 3449 et
1159 3395 1395 3448 secundo
1447 3392 1632 3462 praelia
1686 3385 1850 3448 Mosis

266 3490 552 3546 exercitus
620 3487 871 3558 superior
921 3487 1191 3551 discessit,
1251 3485 1576 3540 Melteutetes
1625 3486 1850 3556 ejusque

265 3583 548 3638 exercitus
578 3581 742 3652 fugati
766 3591 926 3648 sunt;
974 3585 1068 3635 sed
1103 3581 1320 3634 tertiqu
1382 3579 1653 3633 fortunam
1689 3593 1851 3645 expe-

267 3676 518 3732 riendam
550 3690 672 3731 esse
711 3685 879 3739 ratus,
933 3675 1228 3744 principem
1264 3673 1467 3727 Servize
1501 3681 1553 3725 et
1586 3671 1848 3740 Bulgaria)

267 3779 318 3822 et
375 3768 762 3836 imperatorem
797 3767 1259 3834 adiitreorumque
1310 3764 1614 3833 imploravit
1666 3778 1846 3844 opem,

270 3872 442 3929 atque
467 3860 704 3930 acceptis
739 3861 807 3914 ab
857 3859 923 3913 iis
958 3859 1128 3926 cepiis
1169 3858 1402 3922 idoneis,
1439 3859 1614 3910 denuo
1653 3855 1849 3909 adver-

268 3969 365 4008 sus
423 3951 622 4008 Mosem
661 3953 834 4007 duxit.
898 3952 1090 4006 Prmlio
1122 3952 1275 4016 inito,
1309 3967 1336 4004 e
1377 3949 1654 4020 primariis
1695 3948 1848 4002 multi

267 4046 442 4099 duces
466 4044 923 4111 centurionesque
975 4041 1160 4108 Mosis,
1213 4041 1441 4110 pecunia
1488 4055 1516 4093 a
1548 4039 1848 4094 Mehemete

266 4137 539 4204 corrupti,
586 4136 676 4188 illo
712 4133 924 4197 relicto,
984 4136 1049 4187 ad
1107 4135 1247 4188 hunc
1302 4131 1691 4201 transfugiunt.
1732 4130 1846 4186 Hoc

264 4241 388 4281 Cum
431 4225 903 4280 animadvertisset
937 4223 1136 4285 Moses.
1173 4226 1224 4278 in
1251 4225 1431 4294 fugam
1462 4235 1514 4279 et
1554 4223 1668 4292 ipse
1711 4237 1847 4277 con-

266 4334 484 4381 versus,
524 4317 578 4370 iu
616 4317 735 4371 loco
765 4318 964 4372 silvoso
986 4317 1217 4380 delituit,
1251 4318 1342 4370 sed
1376 4333 1401 4369 a
1433 4317 1570 4370 duce
1613 4318 1845 4386 quodam

1950 3133 2044 3186 καὶ
2069 3132 2301 3204 νικήσας
2327 3131 2490 3186 αὑτὸν
2523 3131 2853 3186 ἐθανάτωσε.
2887 3132 2999 3186 Καὶ
3030 3129 3193 3194 εὐθὺς
3227 3131 3368 3201 μετὰ
3428 3130 3532 3201 τὴν

1951 3317 2180 3384 Sinopes
2244 3328 2508 3380 ameram,
2556 3310 2872 3382 vectigalem
2913 3311 3058 3374 fecit,
3095 3320 3148 3365 et
3180 3326 3207 3364 a
3257 3310 3422 3381 Lydia
3465 3309 3532 3364 ad

1952 3407 2220 3463 Eolidem
2257 3421 2429 3476 usque
2447 3417 2500 3462 et
2525 3405 2775 3476 Mysiam,
2807 3419 2928 3473 qua:
2958 3411 3041 3460 cst
3072 3406 3125 3458 in
3158 3403 3531 3472 Hellesponto,

1953 3498 2361 3564 dominabatur,
2391 3499 2555 3554 etiam
2602 3514 2727 3554 eum
2761 3499 2987 3555 Venetis
3027 3499 3213 3568 prmlio
3252 3498 3529 3554 conﬂicta-

1953 3595 2059 3651 tus,
2095 3600 2323 3654 quorum
2354 3586 2511 3642 classi
2568 3588 2765 3643 Petrus
2810 3586 3026 3642 Lordan
3091 3597 3341 3656 praeerat.
3395 3587 3530 3642 Cum

1952 3680 2128 3733 ambae
2179 3679 2404 3742 classes,
2471 3678 2804 3734 Venetorum
2839 3691 2890 3735 et
2919 3695 3143 3744 amere,
3212 3681 3354 3735 inter
3402 3681 3534 3734 Pro-

1949 3786 2248 3827 connesum
2289 3779 2341 3826 et
2376 3770 2715 3840 Calliopolim
2741 3782 2926 3826 essent
2981 3787 3289 3842 congressze
3337 3781 3390 3826 et
3432 3787 3531 3840 pu-

1952 3878 2054 3932 gna
2079 3861 2390 3926 commissa,
2428 3863 2610 3916 multae
2636 3862 2939 3917 Turcarum
2991 3879 3155 3918 naves
3185 3874 3239 3919 et
3281 3866 3532 3919 triremes

1951 3952 2226 4020 depressae
2275 3958 2426 4004 sunt.
2491 3949 2693 4004 Deinde
2727 3965 2828 4016 pax
2889 3952 3029 4005 inter
3057 3966 3153 4006 eos
3199 3955 3525 4023 composita.

1951 4042 2140 4096 Amice
2169 4040 2258 4095 hic
2281 4053 2498 4094 ameras
2529 4039 2962 4109 amplectebatur
2994 4040 3380 4109 imperatorem
3416 4043 3532 4095 Ma-

1954 4133 2165 4188 nuelem
2200 4141 2255 4187 et
2287 4131 2524 4198 reliquos
2555 4132 2826 4201 principes
2881 4132 3220 4186 Christianos
3267 4133 3368 4187 sibi
3400 4135 3530 4188 vici-

1950 4241 2068 4292 nos,
2093 4234 2146 4280 et
2178 4225 2533 4278 moribundus
2580 4229 2854 4278 Amuratre
2887 4224 2994 4278 [ilio
3057 4225 3358 4287 mandavit,
3391 4235 3449 4279 ut
3485 4228 3530 4282 is

1951 4332 2163 4388 quoque
2191 4317 2398 4370 amicus
2427 4327 2481 4369 et
2515 4317 2696 4371 socius
2745 4327 2890 4371 esset
2925 4316 3182 4372 Manueli.
3223 4315 3368 4372 Idem
3422 4318 3532 4388 pri-

263 4408 590 4462 Mebemetis
645 4416 911 4475 repertus,
971 4407 1132 4475 hujus
1185 4405 1339 4474 jussu
1397 4404 1696 4460 sull‘ocatus
1745 4412 1848 4459 est.
1881 4391 1927 4447 ι)
1959 4427 2078 4466 mus
2135 4410 2484 4478 Adrianopoli
2517 4413 2698 4464 sedem
2761 4411 2962 4479 regiam
3001 4408 3309 4486 collocavit,
3355 4427 3523 4480 quam

267 4501 504 4555 Versata
576 4500 739 4567 igitur
790 4499 842 4553 in
904 4498 1217 4553 discrimine
1283 4497 1459 4552 fuerat
1537 4495 1696 4564 hujus
1749 4496 1848 4550 im-

265 4594 407 4660 perii
445 4592 600 4646 salus
625 4601 844 4660 prapter
881 4590 1172 4648 intestinas
1205 4598 1439 4656 quatuor
1468 4585 1698 4638 fratrum
1731 4584 1848 4637 dis-

261 4685 488 4738 cordias
513 4699 686 4738 anuos
705 4694 825 4738 tres
849 4693 901 4737 et
922 4696 1133 4737 menses
1168 4681 1327 4743 duos,
1375 4689 1537 4745 atque
1574 4676 1848 4731 Meheme-

262 4785 344 4832 tes
371 4777 616 4830 universi
640 4776 788 4844 regni
809 4785 861 4828 et
880 4772 1090 4842 imperii
1107 4770 1320 4842 paterni
1341 4785 1460 4824 cum
1479 4769 1642 4822 tantis
1659 4783 1853 4821 :erum-

259 4871 348 4924 nis
378 4879 438 4922 et
471 4869 735 4921 molestiis
753 4868 948 4934 potitus
971 4872 1056 4919 est
1094 4880 1236 4918 anno
1261 4861 1425 4924 6907,
1478 4862 1775 4916 indictione
1795 4861 1849 4914 '5.

334 4961 439 5014 50.
481 4957 726 5012 Primum
765 4967 891 5026 post
929 4966 1244 5026 susceptum
1272 4955 1557 5024 imperium
1588 4967 1724 5022 opus
1751 4952 1852 5005 hoc

259 5052 468 5107 edidit.
520 5049 926 5105 Moldoblacbiee
971 5057 1026 5105 et
1083 5047 1370 5115 Bogdanize
1429 5046 1635 5100 tributa
1687 5059 1849 5112 quam

262 5151 491 5215 poterat
544 5140 869 5211 gravissima
910 5139 1235 5207 imperabat,
1281 5147 1338 5191 et
1375 5137 1636 5206 quidquid
1676 5137 1852 5205 regio-

263 5252 400 5288 num
443 5235 496 5288 in
527 5234 652 5289 Asia
687 5230 923 5303 Scythae,
962 5238 1121 5298 capto
1155 5232 1273 5295 ejus
1331 5239 1503 5296 patre,
1545 5242 1851 5296 occupave-

267 5337 417 5389 rant,
453 5325 603 5380 brevi
638 5324 922 5379 intervallo
955 5320 1177 5390 recepit,
1215 5329 1377 5388 atque
1435 5336 1546 5375 suae
1584 5321 1760 5390 gentis
1789 5335 1854 5375 ac

264 5417 558 5487 religionis
612 5417 888 5487 principes
929 5430 1046 5476 eos.
1080 5429 1216 5484 quos
1246 5429 1273 5465 a
1323 5423 1476 5482 patre
1507 5413 1725 5467 sedibus
1758 5428 1854 5467 ex-

261 5511 459 5575 pulsus
511 5509 755 5563 Demires
789 5507 1124 5568 restituerat,
1187 5505 1256 5560 de
1287 5506 1498 5575 integro
1559 5505 1740 5574 ejceit,
1800 5514 1855 5559 et

261 5600 568 5664 Galatiam,
621 5599 1043 5669 Cappadociam,
1084 5597 1314 5652 Pontum
1362 5605 1637 5666 totamque
1667 5597 1851 5651 Asiam

260 5694 609 5764 superiorem
640 5695 692 5748 in
727 5698 1045 5761 potestatem
1079 5679 1232 5745 suam
1285 5689 1513 5760 redegit,
1547 5688 1850 5756 lsmaelem,

1953 4501 2190 4571 majores
2215 4501 2332 4570 ejus
2360 4500 2541 4556 Prusae
2572 4502 2894 4557 habuerant.
2916 4501 3048 4555 Erat
3079 4502 3522 4559 munificentissi-

1953 4606 2096 4657 mus,
2128 4601 2182 4644 et
2213 4590 2352 4644 sicut
2383 4591 2434 4644 in
2457 4591 2662 4645 amicos
2701 4591 3134 4653 liberalissimus,
3168 4592 3241 4646 ita
3279 4593 3528 4649 hostibus

1951 4697 2123 4750 usque
2161 4683 2226 4736 ad
2255 4683 2413 4735 linem
2449 4683 2571 4737 vitae
2623 4682 3046 4750 infensissimus,
3079 4699 3400 4754 semperque
3434 4703 3528 4740 no—

1953 4789 2144 4828 varum
2205 4775 2405 4829 artium
2446 4775 2933 4846 machinarumque
2971 4777 3274 4840 studiosus,
3332 4779 3529 4848 quibus

1953 4870 2094 4924 male
2141 4884 2266 4938 erga
2325 4885 2381 4924 se
2416 4870 2670 4923 animatis
2732 4873 2988 4922 damnum
3029 4881 3189 4939 atque
3243 4872 3524 4925 interitum

1953 4959 2194 5015 allerret.
2225 4959 2469 5016 Mortuus
2493 4970 2574 5015 est
2596 4977 2736 5016 anno
2766 4962 2914 5031 regni
2937 4963 3148 5016 dccimo
3171 4964 3427 5031 septimo.

2024 5051 2112 5106 31.
2153 5052 2364 5107 Mortuo
2399 5051 2705 5108 Mehenzete.
2749 5062 2952 5116 amera,
2989 5055 3080 5119 qui
3113 5057 3532 5123 cognominatur

1955 5143 2226 5213 Cyritzes,
2249 5145 2555 5206 Amurates,
2573 5145 2690 5213 ejus
2714 5144 2877 5209 (ilius,
2900 5144 3183 5213 imperium
3215 5145 3526 5214 capessivit,

1954 5249 2100 5286 anno
2147 5232 2309 5299 6924,
2348 5234 2644 5288 indictione
2683 5234 2738 5299 8,
2786 5244 3156 5302 autumnoque
3192 5233 3430 5297 ineunte,
3471 5243 3531 5287 ut.

1957 5325 2286 5391 quiesceret,
2324 5323 2561 5377 instante
2590 5322 2764 5376 hieme
2794 5323 3124 5377 commoveri
3149 5338 3255 5376 non
3283 5332 3524 5393 poterat.

1957 5415 2073 5480 sed,
2102 5413 2332 5469 collecto
2352 5416 2618 5480 exercitu,
2651 5423 2902 5484 patruum
2930 5414 3272 5484 Mustapbam
3303 5431 3528 5486 aggres-

1955 5519 2050 5560 sus
2075 5515 2178 5571 est,
2214 5506 2524 5575 victumque
2555 5507 2774 5561 occidit.
2808 5509 2884 5561 Ac
2908 5507 3094 5561 statim
3122 5500 3250 5577 post
3267 5522 3386 5562 eam
3416 5509 3532 5564 vic-

1959 5596 2152 5652 toriam
2177 5598 2457 5665 praemisso
2476 5597 2685 5667 Cpolim
2716 5598 3106 5672 Michaelbego,
3137 5600 3252 5671 ipse
3269 5615 3534 5672 superveo

1958 5689 2036 5745 nit
2091 5701 2321 5759 eamque
2376 5696 2567 5750 urbem
2593 5693 2841 5750 obsedit:
2897 5692 3054 5764 cujus
3086 5695 3162 5750 rei
3194 5710 3356 5754 causa
3388 5705 3527 5764 erat,
