3916 6196
251 258 355 326 ’ἶί3

1324 239 1775 306 CIIRONICON
1825 238 2094 300 MAJUS.
2137 262 2207 273 -
2245 235 2388 295 LIB.
2426 229 2476 293 Ι.

3407 203 3511 283 7M

251 375 422 431 ταῦτα
455 367 842 438 αἰσθανόμενος
868 363 1126 435 ἐμαίνετο
1177 361 1298 415 κατ’
1329 361 1532 425 αὐτῶν,
1568 357 1665 411 καὶ
1705 355 1839 408 πολ·
1865 357 1914 418 Α
1942 353 2207 406 Σινωπίου
2239 353 2307 421 ἣν
2339 348 2578 420 ὑποτελῆ
2612 347 2661 400 oi
2697 344 2801 415 πρὸ
2830 341 2998 397 αὑτοῦ
3026 341 3316 406 ἐποσισαν,
3361 333 3518 404 οὗτος

255 467 379 527 λοὺς
433 464 666 531 ὓστερον
702 457 1038 520 ἐθανάτωσε,
1100 454 1195 506 καὶ
1261 449 1706 521 παιδαριογέρων
1785 447 1840 498 ἐν

253 559 372 620 ταῖς
404 556 608 625 μάχαις
636 552 732 606 καὶ
761 550 883 611 ταῖς
920 547 1254 626 διοικήσεσιν
1287 545 1366 606 είς
1395 543 1565 613 ἄκρον
1602 541 1838 608 ἐγένετο.

257 634 366 701 Ἦν
392 647 505 700 δὲὸ
546 647 666 706 νέος
725 640 1015 712 δραστικὸς
1068 637 1161 691 καὶ
1209 637 1382 699 δεινὸς
1438 633 1587 688 κατὰ
1640 633 1840 694 πάντα,

257 740 387 800 τούς
418 736 714 805 ἐναρέτους
752 733 850 786 καὶ
903 730 1101 802 σοφοὺς
1165 729 1367 800 ἄνδρας
1415 726 1648 795 ἀγαπῶν
1684 743 1697 756 ⁸
1749 724 1845 778 καὶ

263 831 432 892 αὐτὸς
470 830 574 882 οὐκ
621 810 927 896 ἀμὲθνκτος
968 811 1036 894 ἦν
1080 822 1296 890 σοφίας,
1345 819 1442 873 καὶ
1484 817 1583 887 τὴν
1647 821 1845 889 τέχνην

261 911 366 991 τῆς
407 919 775 988 ἀστρολογίας
814 917 914 971 οὐκ
970 915 1150 983 ὀλίγον
1201 913 1540 983 γευσάμενος
1580 912 1846 980 ἀναγινώ-

259 1031 416 1066 σκειν
447 1012 536 1066 ἀεὶ
582 1010 798 1080 ἠγάπα.
836 1007 919 1061 Τά
966 1023 1026 1059 τε
1084 1004 1490 1075 κατορθώματα
1544 1005 1638 1057 καὶ
1700 1003 1847 1073 βίους

272 1103 633 1171 Ἀλεξάνδρου
681 1099 777 1153 τοῦ
846 1098 1159 1158 Μακεδόνος
1225 1098 1320 1148 καὶ
1391 1095 1486 1148 τοῦ
1562 1095 1846 1150 Ὀκταϐίου

264 1195 576 1262 Καίσαρος,
647 1191 1062 1244 Κωνσταντίνου
1140 1187 1234 1241 τοῦ
1301 1188 1565 1257 μεγάλου,
1607 1187 1701 1240 τοῦ
1754 1188 1849 1241 καὶ

262 1286 502 1338 Φλαϐίου
528 1284 626 1337 καὶ
655 1283 936 1336 Θεοδοσίου
977 1262 1072 1334 τοῦ
1127 1280 1189 1343 ἐξ
1237 1280 1522 1343 Ἱσπανίας
1586 1279 1850 1350 βασιλέως

268 1373 906 1436 Κωνσταντινουπόλεως
935 1370 1325 1439 ἀνεγίνωσκεν,
1368 1369 1539 1424 αἰτῶν
1574 1371 1667 1424 καὶ
1697 1372 1852 1439 ἐρευ-

261 1470 370 1520 νῶν
409 1466 662 1536 μηχανὰς
694 1467 780 1518 ἵνα
809 1464 937 1526 τούς
994 1465 1202 1524 πάντας
1249 1461 1459 1532 ὑπερϐῇ
1496 1463 1590 1514 καὶ
1617 1461 1684 1515 τά
1726 1463 1849 1532 ὅρια

263 1559 366 1622 τῆς
421 1554 705 1626 βασιλείας
767 1553 932 1606 αὐτοῦ
989 1554 1070 1615 είς
1126 1554 1297 1622 ἄκρον
1351 1551 1565 1622 αὐξήσῃ
1600 1568 1614 1581 ·
1671 1551 1698 1604 ὃ
1759 1553 1851 1604 καὶ

264 1651 549 1721 ἐποίησεν.
636 1640 908 1711 Ἀκούσας
964 1641 1056 1699 οὖν
1118 1646 1246 1717 περὶ
1311 1644 1405 1698 τοῦ
1469 1645 1700 1699 Θανάτου
1757 1647 1850 1699 τοῦ

1947 442 2171 510 πολέμῳ
2202 442 2295 495 τὶν
2329 440 2500 507 αὐτῆς
2530 437 2757 507 ἀμηρᾶν
2784 435 3016 503 νικήσας
3075 429 3268 501 κύριος
3315 431 3520 494 τέλειος

1944 534 2161 602 ἐκείνης
2181 533 2282 602 τῆς
2309 530 2482 599 ἀρχῆς
2514 528 2754 596 ἐγένετο.
2789 520 2924 580 Εἶτα
2969 523 3068 595 τὴν
3100 523 3324 592 ἀγάπην
3349 521 3538 583 λύσας’

1945 628 2014 696 ἢν
2063 623 2176 696 ε’χε
2213 623 2355 694 μετά
2413 617 2524 676 τῶν
2577 621 2851 674 δεσπότων
2902 616 3186 688 στρατεύει
3230 615 3372 669 κατά
3422 617 3526 684 τῆς

1947 705 2384 786 Πελοποννήσου,
2437 711 2532 767 καὶ
2579 714 2704 776 τοὺς
2770 710 3035 773 δεσπότας
3095 708 3292 774 διώξας
3341 710 3524 763 πᾶσαν

1947 809 2048 878 τὴν
2077 803 2487 877 Πελοπόννησον
2517 805 2697 859 ἔλαϐε.
2733 803 2842 857 Καὶ
2889 801 2949 855 τὸ
2989 795 3375 871 ἐναπολειφθέν
3427 802 3525 870 τῆς

1951 899 2189 972 Σερϐίας
2219 897 2412 969 μέρος,
2448 897 2544 951 καὶ
2567 895 2658 950 τόν
2701 895 2975 962 δεσπότην
3005 893 3173 964 αὐτῆς
3206 889 3401 958 διῶξας
3429 896 3526 948 καὶ

1949 996 2050 1064 τὴν
2081 995 2300 1064 μητέρα
2330 989 2576 1061 πολέμῳ,
2596 990 2875 1060 ἐγκρατὴς
2922 991 3000 1051 είς
3067 989 3243 1042 πάντα
3289 987 3524 1054 ἐγένετο.

1949 1075 2082 1139 Χίον
2105 1084 2162 1137 δέ
2213 1083 2312 1156 τὴν
2363 1084 2529 1152 νῆσον
2575 1083 2669 1134 καὶ
2715 1080 2923 1134 Λέσϐον
2968 1080 3096 1134 ἄνευ
3141 1079 3378 1149 πολέμου
3440 1080 3529 1150 ὑφ’

1957 1171 2141 1242 ἐαυτῷ
2175 1171 2460 1233 ὑποτελεῖς
2479 1171 2740 1238 ἐποίησεν
2772 1185 2788 1202 ο
2819 1169 3053 1238 ὕστερον
3089 1169 3145 1222 δέ
3170 1167 3268 1238 τῆς
3321 1164 3529 1223 Λέσϐου

1955 1264 2140 1336 πάσης
2173 1263 2300 1317 καθ’
2337 1263 2462 1318 ὅλου
2510 1261 2784 1334 ἐγκρατὴς
2833 1263 3073 1330 ἐγένετο.
3126 1259 3258 1315 Είτα
3313 1262 3532 1334 ἔρχεται

1959 1356 2101 1408 κατά
2135 1356 2232 1425 τῆς
2273 1353 2436 1425 νήσου
2467 1353 2722 1423 Κύπρου,
2754 1354 2848 1407 καὶ
2900 1355 3038 1423 μετὰ
3093 1353 3186 1407 τοῦ
3237 1355 3406 1425 ρηγδς
3455 1358 3535 1419 είς

1957 1439 2262 1515 συμϐάσεις
2311 1446 2579 1512 ἐλθόντες,
2611 1447 2766 1510 τέλος
2813 1445 2970 1510 ἔταξε
3001 1447 3198 1502 διδόναι
3235 1448 3382 1517 αὐτῷ
3441 1451 3534 1502 καὶ

1955 1541 2129 1604 οὕτως
2161 1541 2536 1612 ἀνεχώρησεν.
2585 1538 2716 1593 Εἶτα
2764 1540 2949 1594 στόλον
3002 1542 3186 1610 ἕτερον
3212 1542 3532 1610 ἑτοιμάσας,
3627 1551 3630 1557 ’

1955 1636 2098 1686 κατὰ
2129 1634 2228 1704 τῆς
2268 1637 2431 1704 νήσου
2483 1632 2668 1686 Ῥόδου
2741 1633 2912 1685 ἐλθὼν
2967 1633 3250 1702 ἄπρακτος
3313 1635 3377 1686 ἐκ
3427 1635 3534 1685 τῶν

278 1719 598 1811 ’Δμουράτη
627 1741 655 1793 6
685 1727 1020 1808 Καραμάνος
1068 1735 1403 1804 Ἀλισούριος
1433 1735 1496 1786 ἐκ
1531 1733 1639 1788 τῶν
1672 1728 1849 1799 ὁρέων
1883 1719 1924 1776 Β
1953 1725 2166 1777 ἐκεῖθεν
2193 1723 2369 1792 διέϐη,
2405 1724 2499 1776 καὶ
2549 1723 2735 1776 πολλοὶ
2791 1723 2856 1775 ἐκ
2917 1721 3011 1774 τοῦ
3078 1720 3313 1791 στρατοῦ
3365 1721 3531 1774 αὑτοῦ

239 1820 516 1896 ’καταϐάς
553 1831 724 1885 πολὺν
760 1831 923 1883 τόπον
958 1828 1138 1900 ἐαυτῷ
1187 1827 1641 1900 περιεποιήσατο.
1680 1820 1740 1879 Ὀ
1785 1824 1844 1876 δὲ

276 1927 395 1988 νέος
437 1923 710 1992 αὐθέντης
741 1924 768 1974 6
808 1920 1096 1990 Μεεμέτης
1129 1919 1359 1988 στρατὸν
1408 1916 1709 1985 ἑτοιμάσας
1761 1916 1848 1985 ἐρ-

270 2035 431 2087 χεται
470 2021 598 2070 κατ’
629 2013 796 2068 αὐτοῦ
832 2028 848 2044 ο
885 1997 1047 2076 αὐτὸς
1077 2013 1134 2066 δὲ
1179 2010 1368 2081 φυγὼν
1417 2010 1580 2063 πάλιν
1613 2009 1695 2070 είς
1752 2006 1850 2070 τὰς

268 2111 524 2178 κορυφᾶς
557 2107 668 2160 τῶν
703 2106 878 2175 ὀρέων
912 2105 1186 2177 διήρχετο,
1246 2103 1351 2165 ἕως
1417 2095 1478 2154 οὐ
1531 2100 1674 2170 μετά
1733 2117 1854 2153 τινα

269 2201 465 2272 καιρὸν
496 2196 782 2260 παντελῶς
811 2195 1116 2266 ἠφανίσθη.
1147 2189 1304 2248 Μετά
1358 2193 1414 2246 δὲ
1440 2194 1501 2274 τὸ
1557 2184 1856 2262 διωχθῆναι

269 2293 365 2347 τὸν
397 2292 740 2362 Καραμάνον
777 2291 1025 2359 περάσας
1084 2289 1142 2340 ἐν
1196 2289 1262 2357 τῇ
1311 2285 1709 2340 Καλλιουπόλει
1764 2284 1858 2338 καὶ

267 2383 352 2448 είς
421 2381 902 2452 Ἀνδριανοὺπολιν
955 2368 1066 2450 96
1121 2377 1336 2446 φθάσας
1401 2377 1712 2448 ήτοιμάσθη
1766 2377 1860 2430 καὶ

267 2472 402 2548 ἦλθε
433 2476 578 2530 κατά
612 2475 712 2543 τῆς
765 2472 977 2534 πόλεως
1033 2473 1128 2524 καὶ
1197 2465 1493 2541 Ῥωμαίων
1557 2459 1858 2540 βασιλείας,

267 2571 367 2624 καὶ
389 2569 493 2638 τῆς
525 2566 782 2636 τοιαύτης
814 2565 1021 2634 περιφή
1032 2567 1134 2634 μου
1161 2563 1373 2625 πόλεως
1405 2563 1595 2632 κύριος
1620 2562 1860 2631 ἐγένετο,

271 2661 394 2728 καὶ,
437 2659 591 2728 ἡμᾶς
657 2657 869 2710 ἐκεῖθεν
923 2654 1278 2726 ᾐχμαλώτισε
1337 2654 1434 2706 καὶ
1475 2653 1710 2723 ἠφάνισε
1769 2652 1863 2704 καὶ

269 2752 537 2818 ἐξέωσεν.
569 2745 698 2802 Είτα
731 2747 1017 2817 στρατεύει
1052 2747 1193 2800 κατὰ
1238 2745 1339 2815 τῆς
1393 2744 1670 2814 βασιλείας
1722 2744 1864 2813 Τρα-

271 2841 600 2905 πεζοῦντος,
667 2841 766 2894 καὶ
820 2841 878 2893 ἐν
936 2839 1160 2909 εὐκολίᾳ
1225 2837 1342 2908 μετ’
1385 2837 1566 2906 ὀλίγον
1626 2837 1863 2906 πόλεμον

273 2936 467 2988 πᾶσαν
499 2931 715 3002 ἐκείνην
739 2930 838 3001 τὴν
885 2929 1066 3002 ἀρχὴν
1117 2929 1299 2994 ἔλαϐε,
1356 2929 1454 2984 καὶ
1493 2930 1587 2984 τὸν
1637 2918 1865 3000 βασιλέα

271 3023 451 3093 αὐτῆς
494 3021 660 3075 Δαϐὶδ
688 3021 779 3073 τὸν
805 3020 1093 3091 Κομνηνδν
1116 3021 1461 3106 αἰχμάλωτον
1483 3023 1541 3105 ἐν
1591 3023 1659 3091 τῇ
1711 3021 1865 3076 πόλει
1895 3051 1938 3110 C

274 3113 702 3169 Κωνσταντίνου
730 3113 948 3184 Ιφιρεν.
1004 3112 1115 3166 Καὶ
1171 3102 1273 3181 τήν
1333 3102 1666 3184 περιϐόητον
1712 3111 1868 3168 πόλιν

1951 1815 2377 1886 ἀπεκτάνθησαν
2406 1815 2493 1868 διὰ
2523 1814 2582 1868 τὸ
2613 1815 2788 1868 ἐλθεῖν
2821 1813 3008 1866 στόλον
3040 1813 3161 1866 τινὰ
3179 1815 3240 1865 ὲκ
3258 1814 3354 1882 τῆς
3396 1813 3534 1866 Ἰτα·

1950 1904 2067 1965 λίας
2119 1908 2198 1969 εἰς
2234 1905 2511 1976 βοήθειαν.
2547 1904 2722 1966 Αὐτὸς
2772 1901 2829 1958 δέ
2883 1903 3039 1973 θυμῷ
3086 1892 3393 1973 καχλάζων,
3450 1901 3538 1956 ἵνα

1958 1998 2059 2069 τὴν
2090 1999 2432 2067 ἀνταμοιϐὴν
2461 2000 2574 2061 τοῖς
2619 1993 2841 2060 Ἰταλοῖς
2868 1998 3090 2066 ποιήσῃ,
3123 1996 3308 2048 στόλον
3367 1993 3540 2066 βαρὺν

1957 2092 2255 2159 ἑτοιμάσας
2311 2091 2448 2159 μετὰ
2514 2090 2746 2160 στρατοῦ
2804 2088 3003 2143 πολλοῦ
3047 2087 3272 2141 ἱππικοῦ
3330 2104 3391 2139 τε
3444 2089 3541 2139 καὶ

1958 2181 2123 2245 πεζοῦ
2139 2181 2340 2234 ἔστειλε
2362 2183 2504 2236 κατὰ
2521 2183 2616 2251 τῆς
2645 2181 2754 2252 95
2770 2183 3085 2253 Καλαϐρίας
3103 2185 3196 2235 καὶ
3227 2184 3325 2250 τῆς
3354 2183 3544 2234 Ἀπουο

1959 2259 2102 2336 λίας,
2136 2274 2230 2325 καὶ
2260 2272 2319 2324 ἐν
2368 2272 2446 2343 τῷ
2472 2273 2813 2343 ἀπέρχεσθαι
2875 2275 2967 2328 τὸν
3017 2275 3201 2328 στόλον
3264 2271 3542 2327 Ζάκυνθλν

1963 2365 2058 2417 καὶ
2087 2364 2432 2434 Κεφαλονίαν
2467 2365 2750 2429 ὑποτελεῖς
2811 2366 3038 2438 ἐποίησε
3070 2381 3085 2396 ⁸
3141 2366 3358 2434 φθάσας
3415 2366 3471 2418 δέ
3515 2368 3543 2416 ό

1965 2457 2152 2520 στόλος
2218 2458 2276 2509 ἐν
2345 2460 2410 2527 τῇ
2455 2457 2765 2528 Κάλαϐρίᾳ,
2835 2457 2895 2510 τὸ
2955 2459 3216 2530 φρούριον
3263 2459 3322 2513 τὸ
3369 2459 3426 2512 ἐν
3473 2457 3540 2528 τῇ

1977 2550 2239 2621 Ἀπουλίᾳ
2259 2551 2317 2603 τὸ
2359 2550 2657 2621 λεγόμενον
2694 2550 2922 2621 ’λ’δροῦς
2951 2552 3284 2616 ἀποκλείσας
3316 2553 3412 2608 καὶ
3441 2566 3542 2604 πο-

1963 2642 2264 2712 λιορκήσας
2299 2642 2430 2695 αὐτὸ
2480 2643 2660 2709 ἔλαϐε,
2697 2643 2792 2697 καὶ
2826 2643 2990 2716 ἕτερα
3026 2644 3265 2715 φρούριά
3294 2663 3413 2698 τινα
3443 2647 3541 2699 λα-

1965 2737 2076 2790 ϐὼν
2108 2738 2292 2808 πρόσω
2321 2737 2639 2806 ἐπορεύετο.
2667 2726 2778 2790 Καὶ
2807 2738 2903 2791 ἐὰν
2937 2739 3014 2809 μὴ
3034 2741 3061 2792 6
3083 2738 3216 2802 Θεὸς
3246 2739 3305 2804 ἐξ
3332 2739 3546 2810 ἀνθρώ.

1967 2835 2085 2886 πων
2124 2832 2380 2902 ἐποίησεν
2411 2818 2573 2887 αὐτὸν
2604 2828 2688 2895 οἷς
2717 2827 2823 2884 οἶδε
2859 2816 3106 2903 τρόποις,
3144 2834 3213 2886 τὰ
3260 2833 3420 2904 ὃμοια
3467 2833 3542 2894 ὡς

1971 2925 2071 2979 καὶ
2102 2912 2260 2994 ἡμεῖς
2302 2924 2352 2976 oi
2392 2923 2586 2976 Ἰταλοὶ
2614 2922 2813 2976 ἔπαθον
2841 2923 2926 2979 ἄν.
2977 2925 3288 2987 ’Δκουσθεὶς
3319 2924 3375 2976 δέ
3394 2925 3421 2977 6
3451 2923 3545 2976 θά-

1972 3034 2129 3082 νατος
2164 3016 2328 3071 αὐτοῦ
2355 3017 2414 3069 ἐν
2443 3019 2508 3088 τῇ
2554 3001 2779 3087 Ἰταλίᾳ,
2825 3016 2874 3069 οἱ
2909 3016 3188 3087 σατράπαι
3221 3019 3315 3070 καὶ
3349 3018 3398 3070 οἱ
3443 3034 3541 3069 κυο

1971 3110 2232 3182 ϐερνῆται
2261 3110 2355 3164 τοῦ
2393 3109 2581 3163 στόλου
2637 3107 2855 3162 καὶτοῦ
2880 3108 3114 3180 στρατοῦ
3156 3110 3293 3179 μετὰ
3330 3109 3547 3179 συμϐά-

274 3296 481 3350 molem
507 3295 622 3366 jam
649 3306 761 3350 tum
793 3293 1066 3350 committi
1097 3293 1229 3359 lilio,
1249 3289 1320 3348 ne
1346 3294 1574 3364 Spiritus
1599 3293 1870 3363 iuveniles
1971 3309 2205 3366 cumque
2237 3293 2648 3350 celeberrimam
2710 3292 2896 3348 urbem
2935 3292 3173 3363 Sinopen
3228 3293 3548 3350 decessores

272 3404 456 3461 regno
481 3389 787 3444 excitarent
806 3387 1072 3458 pericula.
1104 3385 1436 3464 Mehemetes
1460 3386 1574 3442 haec
1622 3387 1712 3442 ubi
1741 3402 1870 3443 sen-
1971 3387 2482 3462 ejustantummodo
2498 3386 2814 3455 vectigalem
2837 3385 3175 3448 habuissent.
3195 3384 3547 3450 Mehetnetes,
3593 3447 3596 3450 ,

275 3483 373 3546 εἰι,
417 3481 500 3534 ira
532 3477 770 3542 furebat,
806 3477 1118 3546 multosque
1147 3478 1212 3532 de
1247 3477 1333 3556 his
1369 3466 1642 3533 veziribus
1679 3488 1870 3548 postea
1972 3479 2143 3536 armis
2175 3479 2389 3536 devicto
2425 3475 2546 3545 ejus
2577 3492 2784 3543 amera,
2817 3491 3044 3547 prorsus
3073 3491 3191 3532 eam
3230 3479 3282 3532 in
3314 3490 3551 3548 potesta-

277 3571 590 3635 intcremit,
615 3570 667 3623 in
700 3568 861 3624 rebus
894 3577 1006 3623 tum
1037 3567 1355 3623 domesticis
1389 3569 1502 3621 tum
1533 3567 1745 3622 bellicis
1773 3567 1871 3623 ad-
1975 3581 2082 3626 tem
2114 3585 2268 3626 suam
2302 3568 2534 3641 redegit.
2591 3567 2799 3624 Deinde
2851 3579 3007 3639 rupta
3036 3585 3190 3640 pace,
3222 3586 3384 3640 quam
3427 3589 3547 3628 cum

287 3661 673 3717 ministrandis
735 3660 1059 3729 sapientiam
1122 3659 1279 3728 plane
1321 3659 1548 3713 senilem
1584 3663 1867 3725 praestans.
1974 3662 2216 3730 deSpOtis
2246 3659 2496 3724 habebat,
2543 3658 2596 3712 in
2623 3656 3056 3728 Peloponnesum
3090 3661 3264 3727 duxit,
3298 3676 3548 3730 eamque.

283 3753 418 3806 Erat
443 3750 675 3819 impiger
703 3760 757 3804 et
788 3763 915 3803 acer
936 3749 989 3804 in
1017 3749 1176 3804 rebus
1198 3739 1474 3811 omnibus,
1497 3750 1658 3818 atque
1688 3763 1874 3804 amore
1973 3754 2147 3822 pulsis
2176 3751 2435 3819 despotis,
2469 3759 2638 3806 totam
2675 3753 2985 3821 occupavit,
3031 3754 3171 3810 sicut
3217 3755 3382 3809 etiam
3422 3756 3550 3808 reli-

288 3843 734 3912 amplectebatur
781 3840 1028 3896 bomines
1065 3841 1277 3896 virtutis
1315 3849 1370 3894 et
1417 3840 1721 3895 litterarum
1757 3852 1875 3897 stu-
1976 3858 2140 3912 quam
2174 3852 2382 3912 partem
2427 3841 2649 3906 Serviae.
2694 3842 2811 3911 ejus
2850 3846 3070 3912 despota
3108 3859 3231 3900 cum
3264 3857 3436 3900 matre
3469 3847 3554 3900 Iu-

286 3935 478 3988 diosos
505 3950 522 3997 ;
551 3932 784 3999 necipse
805 3932 954 3984 rudis
972 3939 1088 3984 erat
1111 3932 1875 4002 Iitterarum,etiudisciplina
1977 3943 2126 4004 gato,
2160 3934 2390 4002 imperio
2425 3948 2527 3990 suo
2579 3935 2830 4005 subjecit.
2884 3934 3080 3990 Chium
3113 3948 3167 3990 et
3195 3937 3430 3992 Lesbum
3473 3941 3554 3992 iu-

285 4023 620 4092 astrologica
672 4036 992 4090 progressus
1017 4035 1124 4076 non
1159 4021 1463 4096 mediocres
1493 4021 1695 4078 fecerat
1727 4041 1744 4091 ;
1786 4041 1875 4081 as.

285 4115 446 4168 sidua
473 4112 709 4166 lectione
733 4122 1054 4180 occupatus,
1078 4126 1162 4165 res
1197 4122 1379 4182 gestas
1405 4121 1459 4166 et
1483 4113 1620 4167 vitas
1639 4114 1873 4170 Alexan-

285 4207 371 4259 dri
422 4203 764 4266 Macedonis,
824 4204 1030 4258 Ortavii
1062 4203 1314 4268 Ca-saris,
1341 4203 1508 4259 Flavii
1539 4205 1879 4261 Constantini

287 4285 494 4365 Magni,
548 4292 892 4362 imperatoris
912 4291 1202 4348 Theodosii
1228 4291 1449 4362 Hispani
1472 4295 1702 4365 legebat,
1732 4312 1882 4367 quae-

1979 4023 2128 4078 sulas
2175 4025 2314 4078 citra
2356 4023 2554 4080 bellum
2592 4025 2694 4078 sibi
2726 4025 3045 4079 tributarias
3073 4024 3200 4079 fecit
3232 4045 3245 4080 :
3281 4041 3344 4079 ac
3373 4027 3552 4082 Lesbn

1981 4115 2197 4185 quidem
2237 4130 2360 4169 ιι]οχ
2390 4115 2642 4171 universa
2676 4119 2885 4187 potitus
2920 4127 3023 4173 est.
3073 4117 3276 4174 Deinde
3314 4119 3549 4190 Cyprum

1983 4220 2294 4278 aggressus,
2325 4222 2447 4262 cum
2497 4208 2614 4278 ejus
2646 4224 2770 4280 rege
2805 4211 2870 4264 de
2924 4211 3125 4266 tributo
3159 4211 3259 4267 sibi
3294 4213 3554 4268 solvendo

1986 4309 2198 4368 pactum
2226 4298 2347 4351 iniit
2365 4307 2527 4367 atque
2553 4299 2624 4353 ita
2653 4299 2902 4355 recessit.
2928 4298 3049 4354 Mox
3082 4299 3183 4354 alia
3203 4301 3376 4357 classe
3405 4317 3556 4357 com-

287 4403 416 4440 rens
445 4396 503 4439 et
551 4387 811 4454 indagans
841 4397 1009 4456 artes,
1051 4388 1248 4456 quibus
1303 4405 1494 4445 omnes
1524 4391 1876 4445 antecelleret
1908 4379 1953 4439 D
1984 4399 2168 4458 parata
2193 4398 2246 4444 et
2265 4399 2448 4444 contra
2482 4390 2734 4445 Rhodum
2758 4391 2944 4458 ducta.
2979 4407 3041 4446 re
3071 4392 3272 4447 infecta
3318 4395 3442 4448 inde
3473 4411 3557 4450 re-

285 4489 342 4534 ct
378 4480 530 4547 regni
565 4480 697 4532 lines
718 4478 984 4546 proferret
1007 4494 1169 4548 quam
1202 4480 1469 4536 latissime
1499 4482 1680 4552 :quod
1707 4484 1868 4537 etiam

288 4570 571 4639 praestitit.
601 4569 799 4623 Audita
847 4580 1020 4624 morte
1064 4572 1362 4638 Amuratis,
1398 4573 1733 4628 Caramauus
1763 4576 1875 4628 Ali-

286 4662 476 4715 surius
510 4676 541 4715 c
575 4662 853 4716 montibus
885 4663 1162 4716 descendit
1183 4664 1460 4734 multaque
1477 4665 1579 4720 sibi
1607 4669 1722 4720 loca
1745 4667 1879 4718 sub-

294 4754 459 4822 jecit.
529 4750 754 4807 Juvenis
787 4767 879 4806 rex
940 4751 1292 4820 Mehemetes,
1345 4767 1660 4825 comparata
1692 4771 1877 4819 manu,

287 4846 566 4898 adversus
601 4858 727 4897 eum
771 4843 1179 4910 proﬁciscitur;
1235 4845 1326 4913 qui
1355 4845 1420 4899 in.
1451 4848 1631 4916 fugam
1666 4861 1878 4908 versus,

292 4950 492 4992 rursus
526 4937 580 4990 in
620 4937 884 4989 montium
914 4937 1043 5006 juga
1100 4950 1158 4991 se
1192 4923 1370 5003 abdit...
1401 4939 1573 4994 donec
1603 4941 1880 5009 aliquanto

293 5039 418 5096 post
436 5029 665 5082 omnino
681 5029 913 5084 deletur.
936 5029 1303 5086 Caramauum
1322 5040 1662 5100 persecutus,
1679 5031 1880 5087 Callio-

295 5121 490 5187 polim,
515 5120 713 5175 deinde
737 5121 1152 5190 Adriauopolim
1173 5124 1469 5188 concessit,
1490 5124 1649 5186 unde,
1679 5124 1880 5178 instru-

293 5215 398 5267 ctis
428 5212 624 5281 c0piis,
652 5215 913 5267 adversus
941 5214 1130 5268 urbem
1165 5221 1218 5269 et
1256 5214 1542 5283 imperium
1577 5213 1879 5269 [romanum

299 5306 691 5370 proﬁciscitur,
734 5319 800 5360 ac
832 5315 977 5358 tanta
1031 5309 1132 5361 hac
1166 5315 1388 5376 tamque
1425 5308 1589 5361 uobiIi
1625 5307 1879 5376 urbc'po-

298 5397 452 5458 titus,
481 5403 698 5449 nosmet
733 5397 857 5451 inde
885 5398 1126 5465 captivos
1155 5398 1362 5467 expulit
1391 5407 1442 5453 et
1480 5401 1875 5453 exterminavit.

299 5483 420 5537 Mox
454 5486 946 5552 Trapezuntiornm
997 5501 1218 5557 regnum
1258 5489 1503 5550 adortus.
1545 5487 1683 5543 facili
1717 5504 1878 5558 Opera

298 5578 428 5629 illud
471 5591 692 5646 quoque
753 5577 904 5632 brevi
954 5576 1094 5632 bello
1131 5578 1234 5632 sibi
1266 5579 1586 5655 Avindieavit,
1615 5592 1668 5634 et
1701 5595 1876 5648 regem

297 5669 416 5738 ejus
449 5669 710 5724 Davideiu
755 5667 1090 5723 Cotunenuut
1149 5673 1425 5738 captivum
1458 5672 1664 5742 Cpolitu
1701 5672 1856 5727 dixit

629 5765 901 5825 Parnm.
941 5765 1058 5825 Gn.
1105 5766 1276 5826 CLVI

1982 4479 2100 4542 diit.
2133 4481 2348 4535 amissis
2379 4497 2486 4534 non
2518 4483 2703 4549 paucis
2755 4483 3044 4544 militibus.
3077 4487 3331 4556 quoniam
3364 4487 3556 4544 classis

1983 4581 2050 4626 ex
2078 4569 2226 4624 Italia
2259 4572 2460 4626 auxilio
2488 4583 2732 4627 venerat.
2766 4573 2886 4642 Ipse
2921 4575 3000 4629 ira
3053 4585 3108 4630 et
3160 4579 3410 4645 cupidine
3450 4595 3557 4636 res-

1984 4670 2142 4715 tuans
2166 4659 2330 4716 Italos
2357 4661 2680 4724 ulciscendi.
2703 4661 2929 4718 classem
2951 4664 3219 4735 ingentem
3253 4670 3442 4724 multis
3469 4669 3556 4724 iu-

1984 4760 2250 4806 structam
2306 4753 2581 4821 peditibus
2634 4761 2690 4808 et
2730 4755 3005 4825 equitibus
3049 4760 3102 4810 In
3151 4757 3460 4814 Calabriam
3504 4775 3559 4816 et

1982 4841 2230 4910 Apuliam
2255 4844 2425 4909 misit,
2446 4855 2610 4912 atque
2627 4847 2678 4899 iu
2705 4848 2899 4901 itinere
2921 4847 3260 4918 Zacynthum
3273 4861 3327 4905 et
3348 4853 3558 4922 Cepha~

1986 4931 2182 4986 leniam
2208 4935 2496 5004 vettigales
2516 4935 2664 4992 fecit.
2685 4938 2922 5008 Appulsa
2945 4941 3120 4995 classe
3140 4943 3207 4996 ad
3224 4943 3551 5008 Calabriam,

1983 5025 2236 5094 Oppidum
2269 5027 2475 5095 Apuliae
2501 5026 2836 5098 Hydruntem
2863 5031 3077 5085 obsedit
3098 5034 3369 5101 cepitque,
3394 5045 3558 5104 atque

1983 5117 2103 5171 aliis
2139 5119 2463 5184 quihusdam
2492 5122 2705 5190 oppidis
2741 5123 3043 5190 occupatis,
3072 5125 3213 5176 ultra
3267 5129 3550 5195 processit.

1983 5212 2082 5274 Ac,
2111 5210 2211 5264 nisi
2245 5213 2387 5266 Deus
2411 5227 2556 5277 eum,
2596 5212 2792 5282 quibus
2821 5213 2959 5268 solet
3002 5215 3323 5281 rationibus,
3358 5230 3388 5271 e
3419 5219 3556 5270 vivis

1985 5301 2324 5368 abstulisset,
2349 5319 2607 5360 aerumnae
2654 5305 2856 5359 nostris
2885 5320 3041 5374 pares
3081 5308 3375 5361 subeunda:
3407 5308 3555 5362 “illis

1985 5391 2236 5446 fuissent.
2283 5394 2570 5464 Comperta
2593 5395 2713 5466 ejus
2751 5405 2922 5450 morte
2958 5397 3010 5450 in
3035 5397 3216 5460 Italia,
3247 5411 3479 5464 satrapae
3503 5415 3557 5451 et

1985 5485 2150 5539 duces
2180 5484 2365 5538 classis
2382 5494 2543 5555 atque
2571 5486 2842 5541 exercitus
2871 5490 2973 5543 sub
3005 5489 3412 5544 conditionibus
3436 5493 3558 5559 qni-

1984 5575 2212 5629 busdam
2232 5575 2425 5644 Oppida
2465 5578 2888 5634 restituerunlet
2911 5595 2976 5634 ex
3009 5579 3160 5634 Italia
3185 5581 3556 5635 decesserunt.

1986 5667 2093 5722 lies
2130 5667 2183 5722 iu
2213 5666 2463 5724 Calabria
2505 5670 2763 5742 igiturita
2809 5682 3128 5730 evenerunt.
3169 5672 3433 5744 Regnavit
3463 5689 3559 5729 auc

3085 5771 3159 5831 ‘23
