3916 6196
343 248 445 319 717

1400 249 1855 315 CHRONICON
1890 248 2136 310 MAJUS
2207 275 2263 284 ~
2320 251 2469 313 LIB.
2518 251 2570 309 Ι.

3484 232 3591 309 718

334 367 518 437 ἕτερον
541 366 595 420 δὲ
628 367 661 437 ή
707 367 906 437 Τύρος,
946 368 1105 423 ἄλλον
1156 369 1218 422 τὸ
1259 369 1484 423 Ἰκόνιον
1525 370 1621 421 xil
1647 367 1839 434 ἕτερον
1871 366 1903 433 ή
1937 368 1981 425 Α
2011 362 2254 428 εὔϐοτος.
2290 384 2309 416 ι
2370 364 2481 419 Kal
2529 364 2682 419 οὐδὲν
2720 362 2883 417 πλέον
2916 362 3021 434 ἔφη
3050 361 3263 426 αὐτοῖς,
3304 360 3398 416 καὶ
3448 360 3594 415 οὕτω

335 460 604 529 Μελιτηνὴ
632 462 665 529 ἡ
702 461 771 513 τὰ
806 460 978 513 πολλὰ
1007 462 1147 515 καλά
1180 463 1277 515 καὶ
1307 462 1490 530 άγαθά
1512 461 1711 535 ῥέουσα
1736 476 1749 490 ·
1783 450 1903 510 ἐτε-

337 567 423 618 ρον
459 550 517 602 δέ
563 552 625 604 τὸ
650 552 859 604 Χαλέπι
884 549 1034 622 εἶχεν
1080 554 1176 607 καὶ
1210 553 1323 623 98
1353 552 1510 607 ἄλλον
1542 553 1574 620 ή
1607 549 1903 618 Δαμασκδς

333 643 423 694 καὶ
460 642 649 711 ἕτερον
676 645 709 713 ή
738 645 1021 711 Ατγυωτος
1076 646 1172 698 καὶ
1218 645 1378 699 ἀλλον
1411 646 1444 713 ή
1485 642 1688 711 Λιϐύη,
1739 644 1833 695 καὶ
1869 643 1902 709 ἡ

344 734 573 803 Ἀφριιιὴ
603 734 812 802 ἕτερον,
837 735 930 786 καὶ
951 735 1139 803 ἕτερον
1173 736 1232 788 ἐν
1262 737 1331 805 τῇ
1362 734 1660 803 Εὐρώπῃή
1691 731 1903 800 Ἰϐηρία

333 817 494 891 εἶχεν,
525 825 560 893 ἢ
590 825 809 891 λέγεται
873 818 1148 879 Ἱσπανίαι
1206 826 1316 878 Kal
1347 825 1487 893 πρὸς
1545 822 1809 891 ἀλλήλους
1853 822 1903 873 οἱ

332 914 673 982 γειτνιῶντες
725 915 847 968 καθ’
881 917 1123 985 ἑκάστην
1154 916 1422 985 διαφορὰς
1456 909 1603 985 εἶχον
1630 913 1906 983 άναμόσον

333 1005 509 1059 αὐτῶν
534 1007 810 1073 φυομένοις
842 1008 938 1059 καὶ
971 1009 1261 1077 ἐμάχοντο.
1303 1007 1370 1061 Οἱ
1402 1008 1458 1060 δὲ
1490 1008 1589 1077 τὴν
1621 1005 1907 1059 Ἱσπανίαν

330 1097 605 1157 οἰκοῦντες
655 1099 952 1168 ’Δγαρηνοὶ
994 1102 1077 1161 εἰς
1117 1099 1575 1168 πολυανθρωπίαν
1632 1098 1904 1161 ἐλθόντες,

330 1185 425 1237 xal
450 1187 517 1255 ἣν
548 1188 863 1255 ἐκατῴκουν
884 1188 991 1256 γῆν
1016 1189 1229 1257 λυπρὰν
1258 1190 1354 1241 καὶ
1377 1188 1621 1258 μετρίως
1654 1186 1909 1256 εὐδαίμο-

328 1294 394 1331 να
426 1277 661 1346 ὁρῶντες
697 1278 794 1330 καὶ
824 1279 913 1332 διὰ
948 1279 1108 1331 τοῦτο
1140 1279 1364 1349 τρέφειν
1414 1280 1613 1341 αὐτοὺς
1644 1278 1720 1347 μὴ
1740 1277 1903 1329 δυνα-

332 1371 521 1439 μένην,
558 1370 864 1439 προσῆλθον
886 1371 963 1440 τῷ
985 1372 1210 1440 ἀρχοντι
1237 1371 1420 1423 αὑτῶν
1456 1370 1706 1439 ’Λπόχάψ
1732 1371 1905 1439 ἀμερ-

332 1464 504 1530 μουνῇ
537 1464 630 1515 καὶ
681 1463 1084 1531 μετανάστασιν
1119 1460 1363 1531 ἀπῄτουν
1391 1461 1651 1529 γενέσθαι
1700 1463 1903 1524 αὐτοῖς,

329 1556 501 1608 πολλὰ
531 1556 1025 1625 στενοχωρούμενοι
1050 1556 1321 1623 λέγοντες,
1350 1556 1443 1607 καὶ
1465 1554 1575 1607 τῶν
1595 1556 1905 1621 ἀναγκαίων

329 1648 647 1710 ἐσπάνιζον.
696 1649 757 1701 '0
781 1649 839 1701 δὲ
870 1649 1008 1717 μετά
1045 1649 1221 1717 χαρᾶς
1264 1647 1355 1701 τὸν
1386 1648 1544 1715 λόγον
1586 1647 1900 1715 δεξάμενος,

330 1744 462 1809 νῆας
521 1705 742 1809 μακρὰς
792 1705 954 1803 εὐθὺς
1002 1705 1379 1802 ἐπισκευάσας
1419 1705 1513 1792 κᾷι
1575 1705 1808 1808 δύναμιν
1936 1705 1978 1763 Β

332 1834 516 1885 αὐτῶν
547 1832 877 1901 ἐμϐιϐάσας,
911 1832 1007 1885 ἐπὶ
1037 1832 1294 1900 λῃστείαν
1343 1830 1482 1901 ἔχων
1530 1830 1628 1902 τὴν
1669 1832 1902 1895 ἔννοιαν,

333 1924 467 1994 πρὸς
500 1922 601 1982 τάς
632 1926 688 1976 ἐν
728 1924 805 1992 τῷ
840 1923 1048 1992 Αἰγαίῳ
1075 1923 1335 1991 κειμένας
1354 1922 1576 1991 νήσους,
1606 1923 1907 1991 ἐτράποντο

335 2018 430 2069 καὶ
470 2014 641 2068 πολλά
680 2016 899 2067 ἐποίουν
948 2014 1070 2074 ταῖς
1100 2014 1310 2081 νήσοις,
1335 2012 1524 2066 οὐδένα
1556 2013 1905 2083 εὑρίσκοντες

333 2107 984 2174 ἀντιπαρατασσόμενον·
1045 2107 1219 2158 πᾶσαι
1267 2107 1376 2175 γὰρ
1430 2098 1595 2175 ᾔτουν
1650 2104 1904 2174 βοήθειαν

334 2201 429 2253 καὶ
478 2198 581 2252 οὐκ
633 2198 941 2267 ἐλάμϐανον
968 2198 1057 2251 διὰ
1088 2198 1149 2251 τὸ
1196 2199 1286 2250 τὸν
1336 2197 1565 2267 βασιλέα
1615 2197 1905 2266 Ῥωμαίων

334 2292 559 2361 Μιχαὴλ.
591 2293 685 2344 τδν
722 2291 968 2361 Τραυλδν
1006 2289 1432 2361 περισπώμενον
1470 2288 1820 2356 εὑρίσκεσθαι
1846 2290 1904 2343 ἐν

331 2385 624 2453 ἐμφυλίοις
656 2384 937 2451 πολέμοις.
971 2382 1068 2435 Διά
1100 2380 1259 2435 τοῦτο
1296 2381 1468 2434 πολλὰ
1494 2381 1662 2451 κέρδη
1704 2382 1768 2432 ἐκ
1798 2398 1905 2435 πα⁴⁵

330 2476 445 2528 σῶν
491 2474 601 2526 τῶν
652 2473 833 2541 νήσων
872 2469 1233 2541 ἐκαρποῦντο.
1288 2469 1532 2537 Ἔφθασε
1559 2470 1617 2522 δέ
1650 2481 1782 2522 ποτε
1811 2471 1906 2523 καὶ

326 2571 437 2629 ἕως
487 2566 587 2635 τῆς
628 2565 869 2633 Κρήτης,
912 2563 1007 2615 καὶ
1042 2561 1249 2630 ταύτην
1291 2561 1660 2629 καταδραμὼν
1690 2561 1783 2612 καὶ
1811 2561 1905 2613 ἀν-

324 2658 801 2727 δραποδισάμενος
834 2655 910 2717 ὡς
937 2654 1042 2714 ἔνι,
1077 2649 1172 2705 καὶ
1201 2651 1301 2719 τὴν
1333 2651 1433 2719 τῆς
1464 2653 1626 2718 νήσου
1657 2668 1906 2718 καταμα-

326 2752 442 2804 θὼν
466 2748 666 2818 ἀρετὴν
690 2749 781 2799 καὶ
809 2747 990 2815 χάριν,
1015 2745 1116 2813 ἔφη
1139 2744 1274 2811 πρὸς
1289 2743 1412 2805 τοὺς
1433 2741 1705 2810 ὑπηκόους
1728 2761 1745 2793 ι
1768 2743 1903 2795 Ἰδοὺ

326 2840 406 2907 γῆ
436 2838 549 2908 99
583 2838 779 2906 ῥέουσα
803 2836 946 2903 γάλα
982 2834 1074 2887 καὶ
1112 2833 1251 2902 μέλι.
1294 2850 1312 2883 ι
1368 2831 1476 2883 Kal
1507 2830 1679 2885 ταῦτα
1713 2832 1741 2884 ό
1771 2829 1904 2901 βάρα-

327 2931 504 2998 6αρος
545 2924 667 2978 εἷπε
703 2923 953 2995 περὶτῆς
989 2923 1247 2992 Κρήτης’
1273 2922 1300 2973 ό
1333 2920 1390 2974 δέ
1420 2920 1653 2990 ποιητής
1696 2919 1903 2989 ταύτην

325 3018 703 3087 ἐγκωμιάζων
734 3015 869 3084 φησί
906 3031 919 3046 ο
957 3032 983 3108 ι.
1014 3015 1201 3084 Κρήτη
1232 3014 1503 3083 τιμήεσσα
1527 3013 1721 3081 τιθήνη
1758 3013 1901 3108 Διὸς,
1933 3050 1976 3108 C

325 3105 395 3179 ἧς
428 3108 491 3160 τὸ
530 3105 760 3175 μέγεθος
793 3101 1127 3173 περιούσιον,
1164 3102 1333 3173 πολλή
1376 3118 1436 3153 τε
1482 3102 1691 3171 λιπαρά
1714 3117 1774 3153 τε
1811 3101 1905 3154 καὶ

327 3283 503 3335 alium
566 3281 814 3345 Chalcpi,
839 3280 1001 3333 alium
1042 3280 1363 3340 Damascus,
1413 3277 1574 3329 alium
1619 3276 1903 3346 Egyptus,

326 3378 499 3430 alium
544 3374 731 3443 Libya,
770 3374 935 3426 alium
964 3370 1168 3437 Africa,
1190 3371 1354 3425 alium
1380 3371 1432 3423 in
1462 3369 1677 3439 Europa
1704 3371 1903 3434 lberi-v,

326 3481 455 3534 qua:
483 3464 743 3531 Hispania
771 3463 996 3517 dicitur.
1028 3462 1216 3531 Itaque
1248 3459 1449 3515 factum
1483 3471 1586 3525 est,
1622 3471 1680 3514 ut
1720 3463 1904 3528 vicini,

325 3557 578 3625 quotidie
618 3555 987 3610 exorientibus
1037 3553 1179 3607 inter
1234 3565 1332 3607 eos
1380 3552 1795 3617 controversiis,
1836 3554 1905 3607 ad

334 3660 555 3716 pugnas
618 3645 1026 3699 descenderant.
1079 3641 1393 3711 Hispaniam
1451 3643 1541 3711 qui
1599 3644 1908 3699 incolebant

330 3738 593 3812 Agereni,
622 3750 851 3789 numero
911 3734 1079 3801 aucti,
1107 3748 1230 3789 cum
1283 3735 1580 3802 regionem,
1616 3750 1777 3804 quam
1810 3736 1908 3789 ha-

330 3828 607 3890 bitabant,
641 3827 988 3889 steriliorem,
1024 3840 1124 3881 nec
1175 3824 1466 3879 admodum
1517 3826 1730 3880 felicem
1786 3840 1907 3881 esse

333 3923 566 3990 ideoque
614 3919 825 3974 alendis
858 3919 961 3973 sibi
996 3918 1139 3971 haud
1177 3917 1426 3972 subicere
1458 3918 1726 3983 viderent,
1760 3920 1906 3988 Apo-

330 4015 562 4082 chapcm
586 4025 980 4074 amermuuem,
996 4012 1294 4079 principem
1315 4026 1495 4075 suum,
1516 4011 1788 4076 adierunt,
1817 4027 1910 4066 ro-

333 4117 548 4177 gantes,
566 4116 625 4158 ut
652 4106 811 4159 sedes
830 4114 1039 4158 mutare
1061 4104 1165 4159 sibi
1189 4104 1391 4164 liceret,
1418 4110 1475 4156 ut
1497 4104 1589 4172 qui
1614 4105 1765 4157 valde
1788 4118 1908 4172 prc-

338 4209 617 4254 merentur
645 4198 911 4267 angustiis
935 4207 989 4251 et
1012 4201 1172 4251 rebus
1203 4199 1415 4251 tuenda:
1444 4197 1565 4250 vitae
1588 4197 1907 4253 necessariis

335 4300 579 4359 egerent.
612 4288 726 4351 Ille,
755 4290 1019 4359 petitione
1053 4290 1288 4351 laetatus,
1317 4289 1498 4342 statim
1530 4303 1690 4343 naves
1721 4290 1907 4357 longas

2004 458 2094 509 τδιν
2123 456 2312 510 στόλον
2343 458 2635 529 ἐμπλήσας
2664 456 2865 521 παντὸς
2896 455 3103 524 ἀγαθοῦ
3128 455 3268 524 πρὸς
3288 454 3593 524 τήνῚσπαιι

2004 550 2122 605 νίαν
2144 548 2569 618 ἐπανέστρεψεν.
2605 549 2695 611 Ὦς
2724 550 2783 602 δέ
2827 551 2856 602 ό
2892 547 3104 618 χειμὼν
3119 546 3378 618 παρῆλθε
3409 547 3505 601 καὶ
3530 544 3591 598 τὸ

2004 639 2106 709 ἔαρ
2139 639 2449 709 ἐπέλαμψε,
2488 640 2906 709 τεσσαράκοντα
2954 640 3095 708 νῆας
3150 632 3445 707 πληρώσας
3496 637 3593 690 ἀνά

2004 732 2148 800 δρῶν
2178 732 2432 801 μαχίμων
2464 732 2558 784 καὶ
2583 732 2787 801 ἄνεμον
2820 730 3127 801 ἐπιτήδειον
3165 730 3414 801 Ιτηρήσας
3447 728 3590 798 πρὸς

2007 820 2235 892 Κρήτην
2268 822 2359 876 τὸν
2388 822 2556 876 πλοῦν
2606 824 2853 891 ἐποίησε,
2902 823 3000 888 τὰς
3047 819 3216 886 sua;
3269 823 3376 876 τῶν
3405 822 3590 893 νήσων

2010 913 2392 984 παρατρέχων.
2439 913 2657 977 Maca;
2687 914 2745 967 δέ
2773 916 2831 967 ἐν
2875 917 2941 985 τῇ
2970 914 3123 985 νήσῳ
3150 916 3207 967 ἐν
3255 913 3593 986 ἀκρωτηρίῳ

2004 1005 2084 1073 τῷ
2112 1005 2391 1077 λεγομένῳ
2422 1005 2641 1076 Χάρακι
2664 1007 3122 1078 προσορμίζεται,
3155 1008 3249 1060 καὶ
3273 1006 3425 1061 οὐδὲν
3464 1004 3590 1059 οὔτε

2006 1098 2147 1153 κατά
2166 1098 2265 1167 τήν
2289 1097 2563 1152 ἀπόϐασιν
2593 1098 2718 1151 οὔτε
2747 1098 2890 1153 κατὰ
2913 1096 3017 1167 τὴν
3033 1098 3259 1167 ἀγωγὴν
3284 1098 3459 1166 ἐφάνη
3494 1113 3593 1149 ποι-

2005 1189 2213 1256 λέμιον.
2254 1187 2455 1241 Ἐλθὼν
2480 1189 2537 1242 δέ
2563 1190 2901 1259 πορρωτέρω
2923 1187 3160 1242 σταδίων
3178 1186 3253 1251 ὼς
3276 1186 3474 1240 ἐκατδν
3497 1186 3593 1238 καὶ

2006 1278 2118 1349 πῦρ
2144 1278 2401 1349 ἐμϐαλὼν
2424 1281 2524 1344 τὰς
2559 1281 2693 1349 νῆας
2719 1281 2898 1344 πάσας
2926 1277 3277 1349 κατέφλεξεν,
3328 1277 3591 1346 οὐδεμιᾶς

2006 1370 2360 1443 φεισάμενος.
2376 1371 2439 1427 Ὀ
2464 1372 2521 1425 δὲ
2555 1369 2787 1442 στρατὸς
2811 1372 3112 1443 ταραχθεὶς
3142 1372 3234 1427 ἐπλ
3258 1372 3318 1424 τὸ
3341 1369 3588 1440 πραχθὲν

2006 1463 2102 1515 καὶ
2130 1462 2579 1533 καταπληγέντες
2628 1464 2731 1535 τὴν
2763 1465 2949 1518 αἰτίαν
2986 1463 3312 1534 ἐπηρώτων,
3345 1463 3591 1525 ἐλθόντες

2005 1554 2099 1605 καὶ
2129 1554 2209 1616 εἰς
2238 1552 2430 1621 λόγους
2463 1556 2847 1623 νεωτερικούς.
2874 1556 3046 1618 Αὐτὸς
3075 1556 3132 1608 δέ
3159 1556 3353 1624 μανεὶς
3372 1553 3590 1611 ἀκούων

2009 1642 2160 1698 εἶπεν
2183 1659 2197 1674 '
2221 1664 2240 1697 ι
2267 1645 2457 1716 Ὑμεῖς
2485 1646 2690 1701 τούτων
2712 1647 2877 1703 αἴτιοί
2908 1646 3326 1712 ἐστε,ἀποικίαν
3366 1642 3591 1715 ζητοῦν-

2010 1750 2102 1793 τες
2130 1735 2223 1787 καὶ
2255 1735 2358 1805 γῆν
2392 1738 2656 1806 ἀγαθήνκ
2682 1736 2839 1807 Ἐμοί⁵
2881 1736 2939 1790 δὲ
2977 1737 3184 1807 ταύτης
3213 1736 3376 1804 ἑτέρα
3406 1735 3468 1788 οὗ
3499 1753 3589 1789 νε-

2013 1827 2267 1896 νόμισται
2298 1829 2564 1898 κρείττων
2583 1846 2598 1861 ο
2634 1831 2729 1883 καὶ
2756 1830 2992 1885 ἐνταῦθα
3026 1825 3190 1901 ἦλθον
3215 1826 3303 1882 ἵνα
3324 1829 3425 1891 τὰς
3450 1828 3590 1897 υμε-

2010 1918 2173 1986 τέρας
2202 1919 2577 1989 θελήσειςκαὶ
2607 1922 2819 1995 ὀρέξεις
2850 1923 3068 1992 πράξω.
3100 1923 3214 1976 Kal
3242 1922 3313 1977 τὰ
3341 1922 3462 1986 νῦν,
3510 1923 3588 1990 μὴ

1974 2072 1977 2073 ν
2011 2012 2209 2073 εἰδότες
2238 2011 2275 2064 ὃ.
2303 2010 2415 2078 ἐγὼ
2446 2014 2608 2075 ποιῶ,
2655 2013 2975 2085 φλυαρείτε.
3009 2032 3027 2066 ι
3088 2015 3150 2066 Οί
3174 2015 3233 2067 δὲ
3255 2013 3591 2075 ἀκούσαντες

2011 2099 2275 2168 ἐσίγησαν
2298 2117 2311 2131 ·
2350 2101 2438 2164 Ὠς
2492 2101 2551 2154 δὲ
2589 2103 2867 2170 γυναικῶν
2907 2099 2999 2169 καὶ
3046 2104 3253 2157 τέκνων
3278 2102 3590 2172 ἐμέμνηντο

2011 2191 2105 2243 καὶ
2126 2192 2398 2259 φιλτάτων
2415 2193 2583 2261 τινὲς,
2598 2191 2750 2247 εἶπεν
2773 2196 2953 2258 αὐτοῖς
2970 2210 2984 2226 ·
3000 2188 3159 2246 «Ὧδε
3176 2193 3377 2263 ὡραῖαι
3400 2211 3467 2262 γυ
3477 2197 3590 2251 vai-

2012 2285 2105 2347 κές
2139 2288 2264 2351 εἰσι,
2310 2287 2404 2341 καὶ
2430 2288 2628 2352 παῖδας
2656 2290 2939 2359 ποιήσετε.
2973 2306 2993 2342 ι
3027 2285 3160 2343 Εἶτα
3192 2290 3401 2359 τάφρον
3434 2290 3588 2361 Sipu-

2012 2375 2109 2439 ξαν
2151 2376 2379 2448 βαρεῖαν
2402 2380 2495 2432 καὶ
2526 2381 2745 2450 χάρακα
2766 2381 3107 2453 περιέπηεαν
3130 2380 3289 2453 ιοο
3314 2384 3461 2454 (ὅθεν
3492 2386 3587 2439 καὶ

2008 2467 2038 2517 ὁ
2080 2467 2244 2531 τόπος
2283 2470 2383 2539 τὴν
2435 2472 2753 2539 ἐπωνυμίαν
2786 2472 2971 2528 λαϐὼν
3021 2474 3184 2539 σώζει
3225 2476 3328 2545 τὴν
3382 2492 3589 2546 προσηο

2009 2560 2242 2628 γορίαν,
2296 2561 2514 2625 Χάνδαξ
2572 2564 2998 2631 ὀνομαζόμενος)
3046 2566 3274 2620 κάκεῖσε
3306 2567 3586 2622 διενυκτέ-

2013 2663 2187 2717 ρευον.
2220 2650 2424 2705 Μαθὼν
2453 2652 2511 2705 δὲ
2549 2655 2576 2705 ό
2601 2653 2857 2722 βασιλεὺς
2888 2655 3107 2724 Μιχαὴλ.
3140 2655 3259 2725 μετ’
3291 2657 3472 2719 ὀλίγον
3517 2660 3587 2712 τὰ.

2009 2742 2069 2792 ἐν
2095 2743 2160 2810 τῇ
2189 2743 2383 2812 Κρήτῃ
2404 2745 2754 2813 πραττόμενα
2784 2745 2890 2798 ὑπὸ
2910 2747 3021 2800 τῶν
3044 2747 3408 2817 Σαρακηνῶν,
3431 2750 3585 2818 παρὰ

2008 2832 2275 2884 Φωτεινού
2301 2837 2800 2907 πρωτοσπαθαρίου
2832 2839 2925 2890 καὶ
2945 2840 3267 2908 ,στρατηγοῦ
3294 2842 3395 2910 τῆς
3426 2843 3581 2911 Κρή-

2008 2938 2131 2989 της,
2159 2924 2217 2986 ὃς
2249 2924 2479 2995 δύναμιν
2500 2927 2656 2996 ήξίου
2687 2928 2835 2999 αὐτῷ
2854 2930 3061 2982 στεῖλαι
3085 2929 3173 2983 ἵνα
3200 2932 3326 2993 τοὺς
3352 2930 3583 3000 ἐχθροὺς

2009 3014 2352 3087 ἀποσοϐήοῃ·
2403 3017 2495 3069 καὶ
2539 3018 2810 3086 Δαμιανόν
2860 3034 2984 3070 τινα
3033 3020 3254 3087 κόμητα
3287 3018 3381 3071 τοῦ
3427 3019 3585 3089 βασι⁴

2009 3109 2161 3161 λικοῦ
2195 3110 2551 3161 ίπποστασίον
2608 3110 2749 3179 μετά
2801 3109 3000 3178 πολλῆς
3029 3109 3315 3183 δυνάμεως
3346 3111 3443 3164 καὶ
3475 3127 3581 3163 πα-

2009 3280 2176 3335 verbo
2198 3290 2456 3350 praeterea
2482 3282 2685 3347 addito,
2713 3298 2838 3337 cum
2870 3284 3063 3353 classe,
3105 3287 3253 3341 omni
3283 3302 3460 3343 rerum
3491 3303 3587 3359 ge-

2011 3392 2139 3432 nere
2160 3375 2386 3445 repleta,
2411 3377 2463 3430 in
2486 3377 2801 3446 Hispaniam
2823 3380 3066 3435 revertit.
3090 3380 3382 3452 Postquam
3404 3394 3582 3438 autem

2008 3465 2183 3522 hiems
2202 3466 2334 3522 exiit
2356 3475 2411 3521 et
2434 3466 2677 3522 instabat
2705 3482 2873 3524 verna
2900 3478 3211 3539 tempestas,
3229 3474 3589 3542 quadraginta

2012 3571 2178 3613 naves
2233 3558 2473 3613 strenuis
2537 3558 2892 3616 bellatoribus
2941 3562 3199 3633 complet,
3254 3573 3587 3636 ventumque

2010 3657 2201 3702 nactus
2221 3649 2543 3708 secundum.
2566 3649 2785 3705 Cretam
2805 3666 2969 3707 cursu
2987 3656 3143 3724 petit,
3160 3657 3372 3710 caeteris
3395 3658 3587 3713 insulis

2010 3742 2420 3809 prmtermissis.
2463 3736 2566 3796 Ubi
2609 3744 2851 3808 advenit,
2895 3746 2962 3799 ad
3011 3747 3460 3816 promontorium,
3494 3751 3580 3804 cui

2011 3845 2209 3885 nomen
2268 3830 2503 3895 Charax,
2553 3833 2884 3900 appellitur:
2944 3849 3044 3889 nec
3078 3836 3128 3890 ei
3171 3838 3467 3907 quidquam
3500 3840 3583 3894 vel

2011 3921 2381 3990 descendenti,
2413 3923 2496 3977 vel
2526 3924 2805 3992 populanti
2836 3925 3033 3980 hostile
3086 3929 3411 3997 comparuit.
3452 3928 3586 3985 Pro-
3681 3986 3686 3993 ,

2010 4028 2231 4086 gressus
2256 4014 2432 4068 stadia
2463 4015 2684 4070 circiter
2705 4024 2946 4081 centum,
2984 4032 3150 4072 naves
3180 4020 3248 4072 ad
3278 4034 3440 4074 unam
3470 4037 3587 4075 om-
3680 4008 3685 4071 Ϊ

2011 4121 2131 4171 nes,
2177 4107 2374 4177 injecto
2399 4108 2540 4177 igne,
2566 4108 2857 4163 comburit.
2889 4108 2963 4162 Ea
2986 4124 3044 4163 re
3072 4112 3379 4167 conturbati
3401 4122 3455 4167 et
3483 4115 3583 4195 ob:
3674 4132 3677 4135 ·

2012 4200 2297 4268 stupefacti
2350 4199 2573 4263 milites,
2629 4216 2848 4254 causam
2909 4201 3357 4265 sciscitabantur.
3418 4220 3582 4261 voces
3673 4201 3683 4263 ἕ

2014 4289 2177 4344 etiam
2215 4290 2501 4345 seditibsas
2535 4290 3033 4345 inimiscentelele
3070 4294 3267 4356 iratus,
3302 4290 3463 4358 «Vos,
3501 4294 3582 4345 in-

336 4382 684 4436 zediiicandns
732 4381 961 4443 curavit,
1014 4388 1070 4433 et
1101 4379 1342 4445 piratica:
1388 4378 1646 4432 I‘aciendze
1680 4381 1907 4433 consilio
1941 4391 1984 4446 υ
2012 4380 2149 4449 quit,
2184 4380 2346 4450 hujus
2400 4381 2474 4434 rei
2513 4395 2679 4435 causa
2713 4381 2867 4445 estis,
2903 4381 2995 4450 qui
3032 4381 3300 4434 coloniam
3336 4384 3584 4452 quaeritis

341 4476 557 4525 manum
589 4470 654 4522 iis
680 4470 928 4522 idoneam
957 4468 1238 4536 imposuit,
1263 4484 1381 4536 qua:
1413 4469 1478 4521 ad
1514 4467 1684 4539 Egazi
1734 4470 1903 4523 maris

338 4563 545 4617 insulas
568 4574 855 4623 conversa,
904 4559 1091 4612 multis
1120 4573 1212 4612 eas
1246 4558 1646 4614 calamitatibus
1694 4559 1906 4624 afﬂixit,

336 4668 461 4706 cum
501 4666 664 4705 nemo
708 4660 874 4714 esset,
909 4649 1001 4717 qui
1044 4650 1341 4702 resisteret.
1399 4647 1598 4702 Omnes
1648 4649 1904 4702 auxilium

336 4744 675 4811 ﬂagitabant,
733 4756 834 4795 nec
895 4740 1348 4794 unuciscebantur
1399 4749 1597 4803 tamen,
1649 4741 1905 4805 quoniam

335 4835 565 4891 Michael
618 4834 837 4898 Balbus,
873 4834 1166 4902 imperator
1197 4833 1495 4893 Romanus,
1549 4832 1703 4886 bellis
1738 4832 1911 4885 civili-

336 4934 437 4984 bus
468 4927 894 4981 distrahebatur.
948 4925 1140 4995 Itaque
1191 4925 1266 4978 illi
1303 4941 1367 4978 ex
1401 4924 1658 4978 omnbius
1721 4924 1907 4977 insulis

338 5019 621 5074 commoda
647 5017 749 5072 sibi
782 5018 950 5070 multa
994 5016 1403 5084 comparabant.
1446 5015 1581 5069 Cum
1611 5014 1907 5085 aliquando

340 5116 404 5168 ad
442 5113 661 5168 Cretam
690 5124 860 5179 usque
892 5110 1149 5172 venisset,
1184 5122 1434 5176 eamque,
1468 5116 1727 5175 quantum
1761 5116 1911 5177 pote-

341 5217 447 5271 rat,
478 5212 804 5272 pervagatus
848 5210 905 5254 et
937 5203 1225 5269 populatus
1252 5211 1417 5263 esset,
1450 5208 1727 5265 comperta
1754 5200 1903 5252 bouiv

342 5308 449 5353 tate
474 5307 529 5351 et
564 5295 845 5351 fertilitate
884 5293 1092 5358 insulze,
1129 5292 1194 5345 ad
1222 5306 1353 5345 suos
1393 5306 1687 5345 conversus
1721 5310 1735 5345 :
1780 5309 1798 5342 t
1829 5293 1907 5345 En

342 5401 508 5449 terra,
538 5388 733 5456 inquit,
759 5386 928 5439 ﬂuens
956 5385 1093 5437 lacte
1121 5392 1177 5436 et
1206 5383 1383 5436 melle.
1413 5400 1431 5432 ι
1465 5380 1593 5436 Hzec
1645 5381 1910 5435 barbarus

342 5481 409 5535 de
453 5479 652 5534 Creta:
692 5492 853 5547 quam
912 5489 1069 5545 poeta
1112 5475 1196 5529 his
1244 5474 1423 5527 verbis
1479 5473 1908 5528 commendavit:

351 5590 367 5624 ι
401 5572 586 5636 Creta,
627 5572 893 5625 honorata
931 5568 1111 5622 nutrix
1158 5565 1330 5630 Jovis,
1365 5565 1593 5633 insignis
1643 5565 1914 5633 magnitu-

347 5662 489 5726 dine,
519 5666 768 5719 ubertate
815 5669 871 5713 et
920 5672 1243 5727 pascuorum
1291 5656 1640 5715 abundantia.
1682 5674 1700 5706 ι
1751 5656 1913 5709 Nullo

2010 4480 2064 4527 et
2102 4481 2304 4526 terram
2338 4473 2549 4526 beatam
2581 4490 2595 4526 :
2641 4486 2876 4541 namque
2907 4472 3041 4526 mihi
3081 4473 3223 4525 nulla
3250 4472 3355 4528 hac
3390 4474 3585 4530 melior

2011 4579 2134 4619 esse
2164 4563 2401 4631 videtur,
2425 4574 2480 4620 et
2509 4564 2616 4618 huc
2647 4568 2763 4619 vela
2797 4565 2934 4631 feci,
2983 4576 3041 4620 ut
3083 4575 3278 4620 vestrae
3304 4568 3584 4623 satislace-

2011 4671 2125 4709 rem
2158 4655 2444 4710 voluntati.
2487 4657 2674 4724 itaque
2723 4656 2904 4722 inscii,
2944 4671 3063 4726 qme
3110 4672 3211 4727 ego
3269 4673 3446 4727 agam,
3482 4660 3583 4714 ista

2011 4740 2311 4794 blateratis.
2356 4758 2375 4791 ι
2413 4739 2506 4794 His
2537 4740 2759 4806 auditis,
2790 4742 3198 4796 conticuerunt.
3234 4743 3371 4797 Cum
3398 4756 3581 4800 autem

2013 4831 2257 4885 nonnulli
2287 4846 2485 4887 uxores
2511 4843 2563 4886 et
2594 4833 2791 4887 liberos
2813 4828 3318 4901 commemorarent,
3337 4838 3579 4893 occurrit

2011 4922 2079 4977 iis
2109 4938 2123 4975 :
2166 4941 2184 4973 ι
2219 4909 2315 4976 llic
2349 4932 2475 4977 sunt
2512 4922 2765 4977 formosae.
2797 4922 3036 4986 femina,
3094 4937 3129 4979 e
3152 4925 3351 4993 quibus
3380 4926 3578 4982 liberos

2011 5006 2392 5076 procreabitis.
2430 5025 2449 5059 ι
2494 5007 2694 5063 Deinde
2728 5012 2874 5063 fossa
2902 5008 3171 5076 profunde
3194 5008 3362 5064 ducta
3398 5023 3453 5064 et
3476 5012 3577 5081 κά·

2016 5118 2163 5171 ρακι,
2196 5099 2248 5155 id
2268 5110 2353 5155 est
2372 5100 2511 5153 vallo
2554 5101 2884 5155 communita
2927 5101 3091 5168 (unde
3122 5102 3344 5156 ductum
3380 5118 3574 5158 nomen

2010 5195 2273 5248 Chandax
2326 5192 2478 5246 locus
2524 5191 2791 5258 hodieque
2843 5190 3065 5259 servat),
3099 5190 3296 5246 ibidem
3357 5202 3576 5250 noctem

2013 5291 2412 5351 transegeruut.
2474 5282 2776 5349 imperator
2809 5278 3034 5333 Michael
3063 5280 3212 5334 brevi
3248 5292 3369 5350 post
3405 5282 3474 5338 de
3514 5285 3585 5338 iis

2013 5389 2135 5443 qua:
2167 5374 2218 5425 in
2248 5372 2408 5426 Creta
2439 5388 2467 5425 a
2500 5370 2793 5425 Saracenis
2817 5382 3130 5440 agerentur,
3162 5385 3258 5440 per
3289 5372 3582 5430 Photinum

2014 5466 2519 5537 protOSpatbarium
2545 5474 2598 5519 et
2620 5464 2936 5532 praefectum
2960 5463 3137 5518 Creta:
3161 5464 3363 5520 certior
3385 5467 3583 5527 iactus.

2014 5560 2106 5629 qui
2135 5558 2321 5627 cupias
2352 5557 2455 5611 sibi
2489 5556 2625 5610 mitti
2656 5556 2845 5621 voluit,
2884 5557 3085 5627 quibus
3114 5557 3297 5612 hostes
3330 5559 3587 5628 dispelle-

2018 5663 2121 5720 ret,
2149 5651 2470 5706 Damianum
2496 5651 2804 5721 quemdam,
2839 5650 3094 5706 comitem
3126 5652 3321 5708 stabuli
3357 5652 3591 5724 imperat
