3908 6196
386 230 492 302 ’219

1609 229 1931 291 GEORGII
1964 228 2065 288 ΡΗ
2075 226 2392 289 RANTZJE

3468 230 3555 289 ’1Ξο

390 355 664 426 ρασκευῆς
694 352 1011 408 ἀπέστειλεν
1046 351 1073 402 6
1118 349 1366 419 βασιλεὺς
1418 350 1472 401 ὲν
1524 350 1589 418 τῇ
1623 349 1817 418 Κρήτῃ
1870 347 1949 405 είς
1978 351 2021 406 Α
2052 360 2187 409 πους
2207 361 2219 374 ·
2244 347 2311 399 τὰ
2338 346 2393 399 δὲ
2423 347 2522 417 ὅρη
2548 348 2716 417 αὐτῆς
2738 347 2835 401 οὐκ
2854 347 3106 401 ἐλάττονα
3127 346 3213 401 τοῦ
3238 348 3481 416 Ταῦγέτου
3510 354 3556 407 ὲν

381 447 634 517 βοήθειαν
680 445 773 498 τοῦ
816 442 1124 511 στρατηγοῦ
1167 439 1467 503 Φωτεινοῦ,
1527 442 1620 492 καὶ
1650 439 1941 500 ὲνωθέντες

382 538 520 605 μετὰ
563 535 669 588 τῶν
711 534 1024 602 Ἀγαρηνῶν
1058 532 1210 584 οὐδὲν
1254 532 1527 603 χρήσιμον
1577 531 1763 593 αὐτοῖς
1790 530 1943 591 τέλος

375 627 658 695 ἐγεγόνει·
705 624 1011 695 προσϐολῆς
1037 624 1093 675 δὲ
1121 625 1421 693 γενομένης
1464 624 1491 675 6
1524 623 1793 693 Δαμιανὸς
1822 640 1942 676 και-

377 722 506 785 ρίως
531 716 763 786 πληγεὶς
791 715 885 769 καὶ
906 717 1018 773 τοῖς
1038 715 1246 777 λοιποῖς
1270 714 1477 783 τροπῆ;
1504 715 1727 781 γέγονεν
1743 714 1938 777 αἴτιος,

372 811 465 862 καὶ
488 809 516 860 6
542 809 806 869 Φωτεινδς
835 806 989 877 μόλις
1016 809 1072 859 ὲν
1114 806 1354 875 δρόμωνι
1384 804 1709 869 διασώζεται
1741 808 1835 859 καὶ
1862 805 1938 874 τῷ

372 899 580 967 βασιλεί
617 899 850 965 ἄγγελος
900 896 1134 964 γίνεται.
1183 896 1458 963 Ἐγεγὸνει
1496 896 1550 948 δὲ
1583 896 1741 958 αὐτὸς
1785 898 1811 948 6
1841 896 1939 950 πό·

368 988 535 1055 λεμος
579 988 673 1039 καὶ
716 990 749 1057 ἡ
781 987 1052 1057 προσϐολὴ
1082 988 1377 1056 μακρόθεν,
1432 986 1558 1039 ἔνθα
1576 989 1618 1069 χή
1674 988 1823 1051 πόλις
1846 987 1939 1041 τοῦ

370 1078 651 1139 Χάνδακος
680 1078 1053 1147 ᾠκοδόμηται,
1089 1079 1221 1131 ὡσεὶ
1258 1078 1506 1141 σταδίους
1554 1078 1753 1142 εἴκοσι,
1802 1078 1940 1148 πρὸς

368 1170 438 1221 τὰ
471 1170 610 1239 μέρη
643 1168 738 1221 τοῦ
762 1172 930 1223 τόπου
957 1169 1052 1222 τοῦ
1086 1170 1383 1239 λεγομένου
1418 1168 1713 1237 ’Ᾱλμυροῦ,
1740 1172 1801 1222 ἐν
1829 1168 1939 1222 ἔτει

371 1265 540 1329 ,ςτμκ
578 1259 689 1312 Καὶ
712 1260 875 1314 πάλιν
912 1261 1025 1322 τοῖς
1066 1259 1390 1328 Ἀγαρηνοῖς
1419 1258 1480 1309 οὐ
1520 1255 1758 1308 διέλιπον
1777 1272 1935 1326 φρον·

370 1348 513 1411 τίδες
540 1349 633 1401 καὶ
660 1349 909 1415 λογισμοὶ
939 1349 1034 1401 καὶ
1084 1347 1258 1399 δειλία
1289 1347 1383 1399 καὶ
1416 1345 1633 1413 ταραχὴ
1667 1345 1757 1396 καὶ
1786 1346 1941 1413 μέρι-

372 1458 499 1508 μνα.
542 1441 649 1493 Καὶ
680 1439 863 1493 αὐτῶν
888 1441 1062 1501 οὕτως
1093 1440 1326 1507 ἐχόντων
1356 1438 1589 1507 μοναχός
1614 1455 1696 1500 τις
1731 1438 1795 1490 ὲκ
1828 1436 1938 1489 τῶν

369 1532 539 1604 ὁρέων
570 1535 665 1600 τῆς
711 1536 879 1601 νήσου
912 1535 1250 1594 ἐπικαταῦἂς
1282 1532 1620 1602 ἁμαρτάνειν
1654 1531 1860 1601 ἔφησεν
1886 1530 1936 1582 οἳ

368 1624 621 1691 ἀσφαλῶς
653 1623 1100 1693 ὑπολαμϐάνουσι
1135 1627 1484 1689 κατοικήσειν
1540 1624 1935 1693 οἰκοδομήσαν-

2045 437 2122 507 τῷ
2152 436 2280 505 ὕψει
2300 453 2313 467 ·
2340 438 2456 507 ἔχει
2479 440 2534 491 δέ
2567 438 2753 501 πόλεις
2780 439 3031 501 παλαιάς,
3051 439 3282 503 πλείονας
3314 442 3353 510 ἢκ
3370 442 3463 493 τῶν
3490 446 3559 495 ὲν-

2043 530 2363 597 νενήκοντα,
2421 531 2683 598 μεγίστας
2727 531 2784 584 δὲ
2838 532 2934 584 καὶ
2964 533 3371 600 ἐπιφανεστάτας
3399 537 3557 601 τρεῖς,

2044 620 2325 684 Κνωσσδν,
2354 620 2628 690 Γόρτυναν
2660 624 2756 676 καὶ
2776 624 3079 676 Κυδωνίαν.
3096 616 3192 676 ⁷ον
3218 626 3243 675 6
3268 625 3417 687 Μίνος
3440 626 3467 679 6
3484 626 3562 695 βαι

2045 709 2225 772 σιλεὺς
2250 712 2499 781 Κρήτης,
2526 713 2984 783 Θαλαττοκρατῶν
3004 732 3151 777 ποτε,
3182 715 3276 783 τὴν
3302 716 3449 784 νῆσον
3468 734 3565 785 τρι-

2042 800 2114 869 χῆ
2147 801 2357 868 διελὼν,
2384 805 2441 855 ὲν
2470 806 2685 873 ἑκάστῳ
2716 808 2871 875 μέρει
2900 807 3091 870 κτίσας
3119 808 3385 877 πόλιν,τήν
3406 810 3569 862 Κνωσ-

2045 892 2139 945 σδν
2168 894 2508 965 κατάντικρυ
2552 898 2650 966 τῆς
2704 897 3153 967 Πελοποννήσου·
3206 898 3341 968 αὕτη
3371 899 3423 952 δέ
3466 901 3568 953 ἐστι

2042 983 2427 1053 προσδόρειος.
2462 984 2633 1048 Οὗτος
2656 988 2683 1038 6
2714 986 2970 1055 βασιλεὺς
2998 991 3025 1041 6
3054 991 3239 1055 Μῖνος,
3274 992 3343 1051 ὡς
3366 991 3569 1060 ἱστορεῖ·

2039 1090 2151 1137 ται,
2200 1076 2413 1143 πρῶτος
2470 1076 2568 1145 τὴν
2627 1078 2847 1149 Κρήτην
2906 1079 3258 1149 ἐξημερώσας
3306 1080 3569 1149 νομοθέτης

2043 1164 2265 1231 ἐγένετο
2296 1167 2620 1231 σπουδαῖος⁸
2665 1169 2747 1220 διὸ
2795 1168 2943 1238 λέγει
3000 1174 3093 1224 καὶ
3142 1174 3169 1225 6
3196 1172 3416 1241 ποιητὴς
3461 1176 3571 1241 περὶ

2038 1255 2234 1306 αὐτοῦ’
2272 1274 2290 1306 ι
2332 1258 2428 1310 Διὰ
2450 1258 2547 1325 τὴν
2576 1259 2751 1327 ἄκραν
2787 1261 3136 1331 δικαιοσύνην
3160 1264 3320 1325 Μῖνος
3355 1265 3443 1316 καὶ
3463 1262 3571 1316 Ῥα-

2038 1344 2329 1411 δάμανθος,
2361 1348 2585 1416 Κρῆται
2618 1351 2796 1416 ὄντες,
2841 1353 2945 1404 61:6
2967 1353 3059 1406 τοῦ
3089 1353 3204 1417 Διὸς
3235 1357 3407 1422 κριταὶ
3437 1371 3571 1406 κατεο

2039 1437 2319 1507 στάθησαν
2345 1441 2502 1511 102
2528 1444 2585 1495 ἐν
2612 1447 2731 1506 ταῖς
2762 1445 2874 1497 τῶν
2900 1445 3167 1514 μακάρων
3190 1448 3388 1515 νήσοις.
3426 1464 3444 1497 ι
3478 1446 3572 1497 Καὶ

2036 1529 2207 1582 ταῦτα
2232 1531 2361 1600 περ)⁵
2388 1532 2483 1585 τοῦ
2518 1534 2752 1597 Μίνωος.
2781 1536 2855 1588 Ἥ
2875 1536 2930 1589 δὲ
2958 1538 3199 1608 Γόρτυνα
3226 1541 3395 1590 κεῖται
3419 1541 3467 1589 ἐν
3493 1554 3572 1587 πε-

2037 1620 2133 1691 δίῳ
2166 1623 2302 1692 πρὸς
2328 1623 2389 1676 τὸ
2417 1624 2625 1693 Διόύης
2658 1627 2915 1693 πέλαγος,
2951 1630 3146 1697 ἀπέχει
3177 1629 3231 1682 δὲ
3279 1628 3369 1697 τῆς
3400 1628 3573 1681 θαλάτ-

368 1728 452 1775 τες
485 1714 543 1765 ἐν
589 1712 725 1781 τῷδε
755 1692 843 1783 τῷ
861 1714 1041 1783 τόπῳ·
1080 1715 1175 1767 καὶ
1206 1714 1321 1781 ἅμα
1342 1714 1517 1781 λέγων
1556 1714 1720 1765 τόπον
1761 1692 1932 1776 δεξιὸν
1971 1692 2010 1746 Β
2039 1728 2137 1782 της
2174 1714 2423 1776 σταδίους
2458 1692 2744 1785 ἐξήκοντα,
2785 1692 3093 1772 παλαιόθεν
3138 1720 3236 1789 μὲν
3264 1692 3571 1788 τετειχισμέ-

365 1806 454 1857 καὶ
481 1805 652 1873 εὐφυῆ
686 1805 822 1873 προς
876 1806 1055 1859 πᾶσαν
1103 1806 1395 1873 εὐετηρίαν
1418 1804 1700 1872 ,ὑπέδειξε.
1733 1807 1842 1858 Καὶ
1875 1807 1932 1857 ἐν

364 1894 538 1962 τούτῳ
568 1895 828 1963 φρούριον
868 1897 1020 1965 ιο]
1078 1895 1400 1965 ἱδρύσαντες
1430 1897 1525 1948 κα)⁸
1554 1896 1736 1959 καλῶς
1766 1898 1931 1966 ἀκρο·

365 1987 707 2050 πολίσαντες,
733 1988 761 2041 6
783 1989 877 2041 καὶ
894 1990 1149 2043 Χάνδακα
1175 1990 1489 2058 ὠνόμασαν,
1517 1992 1612 2044 καλ⁵
1644 1992 1706 2043 ἐκ
1734 1991 1929 2044 τούτου

364 2077 673 2147 ὁρμώμενοι
709 2081 805 2146 τὴν
831 2080 962 2150 ὃλην
993 2082 1156 2150 νῆσον
1209 2083 1539 2151 κατέτρεχον
1568 2083 1664 2136 καὶ
1694 2085 1791 2145 τὰς
1817 2084 1930 2136 λοι-

365 2169 471 2231 πάς
516 2170 691 2233 πάσας
732 2172 917 2234 πόλεις
947 2173 1044 2242 τῆς
1092 2174 1258 2241 νήσου
1290 2174 1614 2237 ἐδούλωσαν,
1663 2174 1803 2241 πλὴν
1833 2176 1928 2238 τῆς

366 2256 635 2326 Γορτῦνης
678 2262 769 2311 καὶ
804 2259 1107 2323 Κυδωνίας.
1134 2262 1240 2314 Καὶ
1270 2260 1443 2323 οὕτως
1485 2263 1581 2331 μὲν
1605 2263 1637 2330 ἡ
1665 2264 1855 2331 Κρήτη
1893 2264 1925 2331 ἡ

366 2345 471 2412 μία
487 2346 597 2399 τῶν
624 2349 955 2417 περιφήμων
987 2350 1126 2402 ἑπτὰ
1157 2350 1407 2418 μεγάλων
1437 2352 1624 2418 νήσων
1651 2351 1794 2404 ἑάλω
1824 2351 1927 2403 ὑπὸ

362 2435 468 2487 τῶν
503 2435 772 2491 ⁹Ισπανῶν
809 2438 1165 2507 Σαρακηνῶν.
1202 2440 1313 2493 Kal.
1345 2439 1502 2503 αὖθις
1544 2441 1681 2509 μετὰ
1724 2442 1842 2505 ἔτος
1872 2443 1929 2496 ἓν

361 2524 665 2594 όβασιλεὺς
699 2528 922 2598 Μιχαὴλ
992 2530 1183 2600 ἕτερον
1242 2531 1430 2583 στόλον
1484 2532 1762 2600 ἐκπέμπει
1806 2534 1929 2586 κατ’

361 2617 561 2680 αὐτῶν,
593 2619 687 2671 καὶ
716 2619 870 2672 οὐδὲν
897 2620 1048 2686 ἄξιον
1084 2619 1246 2689 ἔργον
1272 2620 1536 2690 ἐποίησαν
1556 2638 1572 2653 ·
1629 2624 1725 2675 καὶ
1747 2625 1795 2675 οἱ
1821 2623 1925 2676 Σα-

364 2710 590 2779 ρακηνοὶ
623 2710 717 2762 τοῦ
766 2710 959 2764 λοιποῦ
1017 2712 1337 2781 ἀμερίμνως
1368 2713 1574 2779 διῆγον,
1611 2714 1707 2766 καὶ
1746 2715 1927 2782 πάσης

361 2800 461 2868 τῆς
505 2800 670 2869 νήσου
720 2800 1049 2871 κληρονόμοι
1113 2807 1209 2856 καὶ
1240 2804 1421 2871 κύριοι
1467 2803 1774 2871 γεγόνασιν,
1833 2807 1930 2858 καὶ

363 2889 545 2943 πολλοὶ
604 2893 923 2959 Χριστιανοὶ
955 2892 1096 2962 ὑπὲρ
1128 2893 1227 2962 τῆς
1280 2895 1467 2962 ὑγιοῦς
1493 2895 1648 2964 ήμῶν
1686 2896 1927 2959 πίστεως

362 2980 439 3049 τῷ
480 2983 659 3051 καιρῷ
695 2984 891 3051 ἐκείνῳ
934 2985 1361 3054 ἐμαρτύρησαν.
1399 2986 1557 3037 Ἔστι
1599 2986 1654 3038 δὲ
1707 2986 1931 3056 ήνῆσος
1960 3019 1998 3070 C

362 3073 500 3144 αῦτη
536 3076 719 3145 ὀρεινὴ
750 3078 842 3129 καὶ
870 3076 1079 3138 δασεῖα,
1110 3076 1221 3146 ἔχει
1248 3077 1303 3130 δὲ
1324 3077 1421 3129 καὶ
1458 3077 1699 3139 αὐλῶνας
1728 3078 1934 3147 εὐκάρ-

364 3257 511 3319 tnrii,
542 3271 666 3311 cum
700 3258 899 3326 ingenti
928 3257 1170 3312 exercitu
1198 3267 1252 3311 et
1296 3268 1555 3324 apparatu
1612 3257 1664 3309 in
1716 3256 1931 3311 Cretam

364 3349 433 3401 ad
462 3348 611 3400 illum
642 3347 1003 3416 adiuvandum
1040 3347 1209 3400 misit.
1243 3346 1437 3399 Verum
1491 3346 1787 3409 enimvero,
1809 3362 1935 3401 con-

357 3436 566 3504 junctis
590 3436 715 3491 licet
740 3436 966 3500 viribus,
1003 3435 1136 3489 nihil
1165 3435 1450 3488 adversum
1500 3438 1775 3505 Agareuos
1807 3452 1931 3505 pro-

364 3530 633 3583 fccerunt.
656 3526 863 3595 Quippe
889 3527 1081 3595 prmiio
1102 3527 1421 3591 commisso,
1445 3524 1757 3593 Datnianns,
1778 3530 1930 3598 plaga

363 3622 641 3674 mortifera
692 3619 1029 3685 vulneratus,
1083 3619 1248 3672 etiam
1310 3619 1536 3688 reliquis
1568 3634 1733 3672 causa
1794 3620 1933 3689 luga:

363 3710 487 3775 fuit,
511 3721 566 3765 et
614 3710 879 3765 Photinus
910 3709 962 3764 in
997 3724 1139 3778 equo
1164 3707 1334 3762 veloci
1371 3725 1514 3777 aegre
1542 3719 1817 3772 servatus,
1854 3710 1929 3765 rei

358 3802 608 3855 nuntium
660 3800 976 3869 imperatori
1040 3799 1242 3853 attulit.
1280 3798 1441 3853 Facta
1477 3808 1560 3854 est
1606 3801 1718 3855 haec
1751 3818 1928 3871 pugna

359 3890 478 3944 loco
500 3890 566 3945 ab
587 3888 721 3944 urbe
738 3889 1024 3944 Chandace
1055 3886 1249 3941 stadiis
1266 3887 1487 3943 circiter
1507 3888 1693 3957 viginti
1716 3890 1927 3954 dissito,

358 3981 445 4034 cui
484 3996 677 4035 nomen
729 3978 942 4049 Almyri
975 3990 1080 4041 est,
1112 3993 1257 4033 anno
1287 3978 1470 4033 mundi
1505 3977 1663 4034 6340.
1696 3979 1926 4033 Rursum

358 4072 634 4165 Agare'nos
658 4086 766 4126 non
790 4072 1112 4128 deﬁciebant
1138 4086 1301 4136 curm,
1329 4070 1703 4140 c0gitatioues,
1742 4070 1925 4133 timor,

360 4162 697 4231 perturbatio
733 4172 788 4216 et
824 4178 993 4233 angor
1024 4179 1040 4227 ;
1078 4170 1243 4233 atque
1294 4163 1367 4216 ita
1401 4162 1505 4217 illis
1538 4162 1770 4226 allectis,
1810 4177 1928 4216 mo-

360 4254 566 4308 nachus
593 4253 810 4321 quidam
836 4267 869 4308 e
909 4253 1187 4309 montibus
1225 4252 1412 4308 insula:
1446 4254 1725 4308 descendit
1758 4266 1810 4307 et
1838 4269 1927 4308 er-

2042 1819 2130 1870 νη,
2155 1801 2383 1873 ὕστερον
2413 1805 2468 1857 δὲ
2506 1805 2613 1857 ὑπὸ
2642 1805 2736 1859 τοῦ
2769 1808 2963 1878 καιροῦ
2994 1809 3061 1862 τὰ
3091 1810 3242 1878 τείχη
3263 1810 3513 1878 φθαρέντα
3542 1810 3569 1876 ἡ

2042 1893 2286 1947 πολιτεία
2312 1893 2448 1963 αὑτὴ
2478 1895 2671 1965 ήθελον
2702 1897 2866 1950 πάλιν
2895 1900 3155 1969 τειχίσαι,
3181 1902 3272 1952 καὶ
3297 1900 3455 1968 ἀρχὴν
3483 1898 3569 1951 λα-

2038 1980 2210 2033 ϐοῦσα
2245 1981 2533 2045 κτίσαντες
2554 1986 2734 2053 τεῖχος
2763 1986 2950 2038 στάδια
2982 1986 3331 2056 ὀγδοήκοντα,
3358 1986 3445 2038 καὶ
3465 1982 3572 2037 στά-

2039 2088 2179 2135 σεως
2202 2074 2500 2142 γενομένης
2526 2077 2629 2129 ἀνα
2640 2077 2803 2143 μέσον
2832 2077 2893 2129 τὸ
2919 2077 3081 2145 ἔργον
3111 2078 3293 2138 ἀτελὲς
3316 2076 3567 2145 διέμεινεν.

2046 2161 2113 2212 Ἥ
2140 2161 2195 2213 δὲ
2237 2162 2488 2215 Κυδωνία
2522 2165 2749 2233 μεγίστη
2794 2166 2893 2234 τὴν
2927 2166 3248 2236 προσθήκην
3291 2161 3378 2235 ἦν,
3420 2167 3572 2217 κεῖται

2035 2249 2093 2303 δὲ
2128 2248 2263 2318 αῦτη
2298 2253 2330 2319 ἡ
2365 2253 2519 2315 πόλις
2551 2255 2687 2323 πρὸς
2718 2256 2832 2315 τοῖς
2877 2256 3156 2325 ἑσπερίοις
3192 2256 3287 2320 τῆς
3317 2256 3467 2324 νήσου
3495 2253 3571 2305 πέ-

2039 2360 2186 2413 ρασι,
2214 2344 2283 2397 τά
2334 2344 2390 2396 δὲ
2420 2346 2519 2413 ὅρη
2556 2347 2624 2398 τὰ
2671 2349 2839 2413 ἐγγὺς
2870 2348 3039 2414 αὐτῆς
3070 2349 3137 2399 τὰ
3167 2346 3339 2415 ὑψηλὰ
3373 2344 3571 2413 Τίτυρος

2036 2434 2369 2488 καλοῦνται·
2401 2436 2615 2505 ἵδρυται
2644 2438 2699 2490 δὲ
2730 2440 2822 2490 ἐπὶ
2855 2438 3157 2507 θαλάσσης,
3181 2439 3436 2506 βλέπουσα
3460 2434 3573 2504 πρὸς

2038 2523 2139 2591 τήν
2168 2524 2493 2592 Λακωνικὴν
2522 2526 2771 2592 πεδιάδα,
2814 2528 2997 2597 ἀγαθὴ
3026 2530 3123 2581 καὶ
3163 2528 3276 2581 λίαν
3300 2526 3574 2593 πανεύμορς

2037 2632 2137 2682 φος
2168 2616 2261 2667 καὶ
2294 2616 2462 2668 πολλὰ
2512 2617 2794 2671 κὺκλωθεν
2831 2619 3051 2687 ἔχουσα.
3089 2619 3290 2673 Λοιπὸν
3316 2620 3389 2680 είς
3416 2616 3572 2685 τρίαή

2034 2705 2221 2772 νῆσος,
2254 2706 2327 2768 ὡς
2364 2709 2725 2777 προείπομεν,
2764 2711 3119 2779 μεμέρισται,
3148 2713 3244 2763 καὶ
3267 2710 3325 2761 :6
3348 2709 3436 2777 μὲν
3460 2706 3573 2776 πρὸς

2033 2796 2184 2867 ibi)“
2218 2800 2383 2869 μέρος
2438 2802 2496 2853 έν
2531 2804 2642 2863 τοῖς
2692 2803 2793 2870 τῆς
2836 2803 3110 2872 Γορτύνης
3161 2805 3351 2873 μέρεσι
3379 2802 3572 2870 Δωριεῖς

2032 2884 2261 2937 ἐκάλουν
2287 2928 2301 2949 ,
2354 2888 2414 2939 τὸ
2444 2888 2501 2940 δὲ
2537 2889 2712 2942 νότιον
2760 2891 3147 2961 Ἐτεόκρητας,
3192 2894 3247 2945 ἐν
3277 2886 3318 2958 ᾦ
3350 2892 3452 2943 ἐστι
3494 2890 3571 2941 καὶ

2033 2974 2094 3025 τὸ
2120 2977 2389 3045 πολίχνιον
2419 2978 2660 3047 Πράσου.
2704 2981 2765 3034 τὸ
2788 2982 2843 3034 δὲ
2868 2983 3084 3035 δυτικὺν
3132 2984 3292 3052 μέρος
3314 2983 3572 3040 Κύδωνας·

2036 3064 2129 3117 καὶ
2157 3064 2434 3135 ἀναμέσον
2487 3069 2665 3123 αὐτῶν
2725 3071 2987 3135 πολλάκις
3025 3075 3205 3145 μάχαι
3241 3074 3333 3127 καὶ
3375 3073 3572 3141 πόλεμοι

2036 3249 2152 3303 haec
2186 3250 2358 3305 insula
2413 3264 2667 3308 montana
2701 3265 2753 3310 et
2787 3256 2984 3311 silvosa
3014 3265 3180 3327 atque
3203 3259 3366 3314 valles
3397 3254 3574 3311 fertiles

2036 3340 2197 3392 habet
2228 3357 2241 3392 :
2278 3351 2491 3397 montes
2518 3346 2800 3401 altitudine
2832 3346 3073 3418 Taygeto
3121 3366 3225 3405 non
3254 3351 3457 3405 cedunt.
3486 3347 3575 3401 lla—

2032 3428 2123 3485 bet
2153 3433 2314 3487 urbes
2338 3434 2590 3502 antiquas
2614 3452 2775 3504 supra
2798 3440 3117 3509 nonaginta,
3143 3442 3373 3511 atquein
3405 3440 3571 3511 primit

2034 3533 2256 3588 magnas
2298 3530 2352 3575 et
2384 3524 2589 3579 nobiles
2613 3534 2744 3591 tres,
2773 3526 3063 3596 Cnossum,
3098 3530 3388 3603 Gortynam
3413 3541 3461 3586 et
3485 3530 3574 3601 Cy-

2032 3609 2269 3677 doniam,
2302 3628 2329 3667 a
2383 3613 2580 3681 Minoe,
2608 3616 2953 3676 Cretensium
2998 3639 3149 3694 rege,
3188 3612 3275 3695 qui
3314 3625 3569 3695 imperimn

2034 3702 2199 3756 maris
2229 3703 2354 3757 olim
2387 3707 2623 3772 tenebat,
2659 3720 2971 3770 exstructas
3007 3734 3021 3769 :
3053 3717 3173 3784 qui,
3204 3718 3254 3772 in
3288 3726 3393 3772 tres
3416 3724 3573 3784 partes

2032 3787 2203 3844 insula
2240 3793 2437 3859 divisa,
2470 3796 2521 3851 in
2552 3799 2795 3867 qualibet
2830 3813 2985 3871 parte
3034 3822 3198 3861 unam
3253 3810 3500 3869 condidit,
3527 3817 3573 3861 et

2030 3879 2294 3937 Cuossum
2313 3887 2528 3953 quidem
2553 3906 2583 3945 e
2606 3894 2821 3962 regione
2848 3894 3204 3965 Peloponnesi
3222 3909 3275 3954 et
3296 3900 3359 3955 ad
3380 3908 3572 3969 septen-

2032 3973 2288 4027 trionem.
2320 3973 2475 4031 Hunc
2509 3992 2689 4048 regem
2726 3981 2995 4051 proditum
3022 3995 3111 4041 est
3132 3989 3359 4055 primum
3382 3989 3572 4044 Cretam

2032 4062 2225 4118 litteris
2262 4067 2565 4124 excoluisse
2611 4080 2667 4125 et
2716 4072 2927 4140 legibus
2963 4079 3206 4134 studiose
3262 4080 3570 4134 moderatum

2030 4167 2179 4208 esse:
2206 4156 2345 4210 unde
2368 4168 2528 4225 poeta
2552 4160 2683 4216 dicit
2710 4182 2724 4217 :
2753 4181 2770 4215 ι
2800 4163 3025 4235 Propter
3043 4184 3311 4225 summam
3331 4170 3570 4239 justitiam

2029 4242 2199 4298 Minos
2230 4256 2283 4299 et
2323 4248 2797 4320 Rhadamanthus,
2838 4256 3129 4315 Cretenses
3162 4276 3377 4333 genere.
3408 4276 3438 4316 a
3459 4258 3571 4314 Jove

359 4359 482 4398 rare
506 4344 623 4398 illos
652 4341 958 4407 allirmavit,
982 4344 1028 4397 si
1050 4358 1121 4398 eo
1147 4344 1202 4397 in
1234 4344 1353 4398 loco
1379 4342 1655 4398 collocatis
1684 4344 1923 4410 sedibus,
1959 4341 2001 4397 ο
2032 4333 2085 4387 in
2134 4334 2415 4392 ιθθθίοτυιη
2450 4341 2636 4398 insulis
2665 4343 2881 4421 indices.
2912 4351 3195 4406 constituti
3226 4361 3373 4408 sunt.
3414 4371 3433 4405 ι
3467 4350 3572 4403 "33¢

357 4446 547 4485 secure
600 4444 659 4484 se
710 4443 867 4498 posse
902 4428 1151 4484 habitare
1189 4429 1566 4484 existimarent
1600 4447 1615 4495 ;
1655 4432 1926 4501 simulque

358 4522 532 4574 locum
564 4520 813 4573 idoneum
826 4529 879 4572 et
892 4520 957 4573 ad
983 4533 1197 4573 omnem
1224 4520 1521 4575 ubertatem
1550 4524 1927 4576 accommoda-

358 4618 468 4661 tum
493 4606 903 4661 ιιοιιιοιιειηνίι.
929 4606 1003 4659 ibi
1028 4604 1286 4675 oppidum
1310 4614 1697 4661 exstruxerunt
1718 4614 1773 4660 et
1800 4622 1924 4662 arce

357 4697 493 4751 bene
547 4695 1036 4761 communiverunt,
1092 4698 1178 4753 cui
1233 4696 1538 4753 Chandacis
1589 4713 1786 4753 nomen
1830 4701 1921 4753 da-

359 4797 468 4841 tmn
491 4796 606 4842 est:
628 4786 768 4842 unde
789 4790 1084 4859 progressi,
1111 4798 1276 4844 totam
1297 4788 1523 4843 insulam
1549 4790 1919 4855 incursabant,

353 4892 652 4947 omnesque
696 4879 859 4933 urbes
909 4878 1048 4946 ejus,
1091 4889 1285 4949 praeter
1318 4878 1615 4948 Gortynam
1652 4890 1706 4932 et
1737 4878 1920 4950 Cydo-

351 4971 515 5034 niam,
549 4969 601 5022 iu
663 4970 918 5027 ditionem
985 4984 1141 5024 suam
1199 4970 1541 5038 redegerunt.
1601 4967 1716 5025 Hoc
1757 4971 1921 5039 igitur

352 5062 511 5113 modo
538 5060 721 5127 Creta,
754 5074 856 5114 una
888 5072 953 5113 ex
988 5068 1192 5127 septem
1224 5058 1581 5127 nobilioribus
1610 5059 1824 5124 insulis,
1851 5060 1920 5112 ab

348 5150 604 5219 Hispanis
642 5151 930 5206 Saracenis
965 5162 1222 5219 occupata
1278 5160 1380 5206 est.
1438 5150 1553 5204 Uno
1605 5166 1749 5204 anno
1800 5162 1920 5217 post

346 5259 536 5298 rursus
566 5244 793 5299 Michael
835 5247 1129 5312 imperator
1168 5242 1328 5297 aliam
1382 5244 1613 5296 classem
1652 5242 1916 5298 adversus

342 5338 562 5389 eosdem
611 5338 780 5402 misit,
810 5352 932 5405 quae
964 5348 1144 5391 tamen
1179 5335 1312 5389 nihil
1346 5334 1697 5388 memorabile
1727 5335 1911 5404 gessit.

343 5425 459 5476 Jam
491 5429 724 5493 Agareni
757 5429 904 5495 curis
931 5428 1182 5481 omnibus
1213 5424 1376 5480 soluti
1414 5425 1664 5478 vixerunt
1699 5433 1915 5492 totaque

347 5514 521 5567 insula
561 5526 689 5568 sunt
722 5518 874 5583 petiti
902 5535 915 5569 :
948 5532 1010 5571 ac
1033 5504 1182 5570 multi
1209 5515 1500 5570 Christiani
1529 5529 1625 5583 pro
1655 5530 1786 5568 sana
1813 5518 1915 5570 lide

2028 4425 2093 4479 de
2125 4426 2323 4483 Minoe.
2358 4429 2593 4503 Gortyna
2623 4436 2677 4489 in
2722 4438 2947 4505 planitie
2979 4443 3081 4496 sita
3125 4459 3277 4499 mare
3338 4445 3569 4513 Libycum

2026 4529 2254 4585 spectat,
2288 4537 2316 4575 a
2358 4536 2466 4590 quo
2494 4526 2649 4581 abest
2705 4531 2893 4584 stadiis
2941 4536 3246 4604 sexaginta.
3286 4528 3571 4605 Antiqttitus

2027 4610 2196 4663 muris
2224 4612 2398 4667 cincta
2423 4625 2560 4679 erat,
2590 4633 2758 4686 quos,
2792 4621 2987 4691 injuria
3015 4626 3275 4695 temporis
3309 4626 3571 4681 labefacta-

2025 4708 2131 4763 tos,
2166 4707 2519 4772 magistratus
2566 4710 2873 4767 instaurare
2915 4726 3218 4783 coeperunt,
3248 4718 3346 4773 sed
3376 4718 3438 4773 ad
3464 4724 3571 4771 octo

2024 4792 2199 4846 stadia
2236 4797 2547 4863 productos,
2584 4811 2774 4855 exorta
2808 4804 3096 4873 seditione,
3131 4810 3469 4879 reliquerunt
3499 4808 3565 4859 in-

2026 4883 2273 4938 choatos.
2316 4885 2555 4956 CydOuia
2588 4891 2958 4960 incrementis,
2988 4914 3107 4966 qua:
3134 4901 3391 4969 paulatim
3419 4898 3564 4969 cepit.

2025 4976 2257 5059 maxima
2293 4976 2413 5043 fuit,
2436 4978 2486 5031 in
2514 4982 2940 5042 occidentalibus
2966 4988 3161 5045 ﬁnibus
3184 4990 3368 5045 insula
3394 4990 3563 5060 posita.

2020 5063 2128 5119 Alti
2176 5077 2407 5134 montes,
2439 5072 2530 5139 qui
2564 5073 2615 5124 in
2649 5074 2843 5129 vicinia
2876 5090 3025 5143 sunt,
3063 5079 3234 5152 Tityri
3267 5097 3453 5138 nomen
3484 5081 3561 5134 ba-

2019 5157 2169 5211 bent.
2201 5158 2279 5211 Ad
2309 5174 2457 5214 mare
2482 5163 2584 5215 sita
2614 5172 2721 5228 est,
2752 5176 2803 5220 et
2835 5166 3157 5227 Laconicam
3187 5183 3411 5241 spectat,
3431 5183 3568 5241 egre-

2020 5248 2105 5314 gia
2132 5260 2185 5301 et
2218 5250 2444 5305 miriﬁce
2475 5253 2692 5323 elegans
2722 5265 2774 5311 et
2814 5261 2991 5329 ampla
3025 5263 3078 5316 in
3116 5265 3369 5319 circuitu.
3407 5264 3561 5317 Cate-

2020 5352 2137 5388 rum
2179 5336 2231 5390 in
2266 5347 2373 5393 trcs
2413 5351 2611 5408 partes,
2653 5354 2708 5399 ut
2746 5348 3003 5414 diximus,
3048 5352 3223 5407 insula
3255 5354 3417 5405 divisa
3447 5358 3561 5404 est:

2019 5438 2227 5495 partem
2271 5445 2458 5485 versus
2489 5434 2751 5490 orientem
2787 5441 2931 5493 circa
2967 5441 3259 5513 Gortynam
3299 5442 3560 5497 Doricuses

2019 5520 2395 5587 nOmiuarunt;
2456 5528 2747 5581 australem
2801 5542 3005 5598 partem
3047 5536 3465 5589 Eteocreti-uses.
3512 5536 3560 5583 in

344 5613 529 5655 nostra
568 5605 657 5660 illo
684 5615 926 5673 tempore
962 5608 1281 5677 martyrium
1315 5607 1569 5660 tulerunt.
1608 5603 1704 5660 Est
1727 5615 1907 5659 autem
2016 5625 2119 5678 qua
2152 5612 2314 5664 etiam
2338 5611 2534 5671 Prasus
2565 5620 2878 5687 uppiduhtm
2902 5635 3017 5691 est;
3046 5627 3435 5684 occidentalem
3468 5623 3560 5682 ϐψ
