3908 6196
311 371 412 434 72$

1345 365 1800 429 CHRONICON
1840 369 2110 436 MAJUS.
2146 397 2212 410 --
2246 371 2388 434 Lili.
2439 373 2486 431 I.

3441 367 3546 432 726

311 491 397 561 ρὺν
425 483 768 555 ἓπεπωλήκει
823 482 996 554 αὐτὴν
1043 485 1108 554 τῇ
1148 483 1258 537 τῶν
1297 483 1530 537 Ἐνετῶν
1582 485 1867 558 γερουσίᾳ,
1901 491 1944 548 Α
1973 486 2066 540 τοῦ
2098 483 2229 540 οὖσα
2261 490 2411 542 πᾶσα
2457 490 2489 558 ή
2545 487 2871 555 σύγκλητος.
2910 487 2966 540 ἐν
3098 485 3228 557 μηνὶ
3274 484 3413 554 μετΞι
3450 483 3547 553 τὴν

309 581 398 635 καὶ
421 578 589 643 οὕτως
615 578 745 648 ἄχρι
772 577 874 646 τῆς
905 578 1141 648 σήμερον
1177 575 1292 629 ὑπὸ
1341 577 1439 640 τὰς
1468 579 1659 647 χεῖρας
1692 577 1871 631 αὐτῶν

308 673 438 728 ἐστί.

375 762 483 816 Καὶ
509 761 714 828 ταύτην
737 761 839 832 τὴν
887 760 1134 830 ἱστορίαν
1179 759 1261 832 τῷ
1293 761 1438 830 λόγῳ
1467 758 1758 827 ἡνὼσαμεν
1795 761 1870 828 τῷ

308 853 554 922 ἡμετέρῳ
573 852 762 923 βιϐλίῳ
784 852 1140 925 εὑρίσκεσθαι
1157 867 1170 880 ·
1195 852 1288 906 καὶ
1303 852 1397 903 ἐπὶ
1417 853 1515 920 τὴν
1532 851 1624 905 τοῦ
1655 851 1872 922 Ἰσθμοῦ

310 945 590 1015 οίκοδομὴν
612 945 896 999 ἐπανέλθω
905 961 1025 1016 μεν.

371 1035 464 1090 λε’.
493 1035 584 1105 Τῷ
615 1039 776 1105 ςὲιγ
813 1035 948 1105 ἔτει,
979 1036 1230 1106 Μαρτίου
1265 1033 1356 1105 ιγ’,
1385 1037 1412 1088 6
1444 1036 1695 1105 βασιλεὺς
1736 1036 1873 1090 ἀπέ-

312 1145 474 1182 σωσεν
517 1128 576 1180 ὲν
601 1127 678 1197 τῷ
709 1127 891 1197 λιμένι
921 1127 1030 1181 τῶν
1076 1127 1371 1197 Κεγχρεῶν
1409 1125 1871 1196 ὀνομαζομένων·

309 1222 398 1276 καὶ
424 1223 488 1289 τῇ
515 1219 680 1292 ὀγδόῃ
723 1218 1040 1288 Ἀπριλλίου
1095 1218 1303 1289 ἧρξατο
1356 1217 1747 1290 ἀνακαθαίρειν
1783 1218 1878 1270 καὶ

306 1313 676 1381 ἀνοικοδομεῖν
723 1311 888 1365 αὑτὸν
931 1310 996 1380 δὴ
1071 1311 1233 1380 108
1285 1312 1380 1364 τὸν
1431 1309 1664 1378 Ἰσθμὸν,
1706 1309 1876 1376 οὗπέρ

307 1407 412 1456 ἐστι
439 1405 499 1456 τὸ
528 1405 702 1472 μῆκος
732 1403 764 1474 ἢ
806 1401 1014 1471 μᾶλλον
1046 1404 1225 1454 εἰπεῖν
1253 1401 1311 1454 τὸ
1342 1397 1503 1472 εὖρος
1534 1402 1598 1453 ἐκ
1624 1404 1752 1471 μιᾶς
1778 1401 1876 1454 θα-

307 1495 497 1565 λάττης
527 1496 605 1557 είς
635 1496 730 1563 τὴν
767 1495 960 1564 ἑτέραν
984 1493 1230 1564 ὀργυιαίς
1252 1492 1575 1563 τρισχιλίαις
1604 1495 1696 1545 καὶ
1719 1492 1878 1545 ὀκταο

310 1588 534 1650 κοσίαιςο
566 1589 626 1640 τὸ
676 1589 734 1640 δὲ
767 1589 979 1656 μάκρος
1015 1587 1080 1639 ἐκ
1129 1585 1230 1654 τῆς
1264 1586 1463 1656 χέρσου
1496 1585 1592 1654 τῆς
1631 1585 1878 1647 Ἑλλάδος

311 1682 420 1750 ἦτοι
449 1680 851 1749 τ’ἡςἊττικῆς
882 1681 984 1749 γῆς
1019 1681 1158 1749 μετά
1194 1681 1254 1732 τὸ
1279 1679 1588 1748 καταϐῆναι
1622 1677 1721 1742 τὴν
1747 1694 1880 1746 τρα-

311 1778 450 1844 χεῖαν
486 1775 612 1829 666v
640 1774 741 1845 τὴν
772 1773 1081 1844 λεγομένην
1127 1772 1365 1840 Πλάγιον
1407 1770 1614 1834 Κακδν,
1650 1769 1753 1831 ἓως
1781 1770 1881 1837 τῆς

1973 576 2162 645 ἄφιξιν
2193 578 2362 630 αὑτοῦ
2397 577 2460 647 δὴ
2501 577 2596 630 τοῦ
2639 577 2901 647 βασιλέως
2935 577 3178 630 ἀπέθανε
3224 577 3318 630 καὶ
3371 577 3398 628 6
3445 592 3547 630 n1-

1974 669 2242 738 τριάρχης
2276 669 2380 740 κύρ
2413 669 2710 740 Εὖθύμιοςο
2747 672 2841 723 καὶ
2875 672 2940 740 τῇ
2975 671 3059 724 κα⁹
3094 675 3186 724 τοῦ
3241 670 3420 723 Μαΐου
3449 687 3548 737 μη-

1974 759 2062 821 νὸς
2091 758 2185 811 τοῦ
2219 759 2383 813 αὐτοῦ
2411 761 2565 825 ἔτους
2593 761 2840 830 ἐγεγόνει
2869 763 3219 833 πατριάρχης
3254 760 3413 831 109
3443 761 3548 833 κῦρ
3577 828 3580 830 γ

1985 849 2184 920 Ἰωσὴφ
2238 853 2266 903 6
2328 852 2557 918 Ἐφέσου
2623 832 3227 922 μητροπολίτηςξΚαὶ
3281 853 3358 919 τῷ
3385 832 3548 922 ,ς-’ᾒιέ

1975 938 2087 992 ἔτει
2119 939 2366 1008 ἀπῆλθεν
2394 943 2474 1004 είς
2502 943 2599 1013 τὴν
2637 944 3049 1012 Πελοπόννησον
3085 947 3112 997 6
3158 943 3412 1013 βασιλεὺς
3446 945 3549 1014 κὺρ

1989 1028 2248 1099 Ἰωάννης
2276 1031 2334 1081 ὲν
2373 1034 2552 1101 καιρῷ
2585 1032 2957 1102 φθινοπώρου,
2999 1034 3057 1084 ἐν
3090 1027 3132 1101 ᾧ
3157 1034 3220 1101 δὴ
3253 1033 3430 1102 καιρῷ
3452 1034 3550 1102 τὴν

1976 1121 2386 1192 Θεσσαλονίκην
2436 1125 2786 1196 διερχόμενος
2842 1125 2936 1177 τὸν
3010 1125 3242 1178 πλαστὸν
3292 1126 3407 1177 υἱὸν
3459 1123 3552 1180 τοῦ

1978 1215 2380 1286 Μπαγιαζήτου
2438 1218 2648 1272 ἐκείνου
2695 1219 2788 1270 τὸν
2824 1219 3178 1284 Μουσταφᾶν,
3219 1217 3553 1284 διωκόμενον

1977 1305 2108 1358 ὅντα
2140 1306 2290 1374 παρὰ
2324 1305 2419 1358 τοῦ
2472 1308 2666 1378 ἀμηρᾶ
2709 1309 3052 1378 ’Ᾱμουράτου
3087 1307 3182 1360 τοῦ
3228 1308 3367 1376 τάχα
3398 1305 3553 1358 ἁδελ-

1981 1396 2083 1463 φοῦ
2111 1397 2299 1462 αὐτοῦ,
2336 1398 2535 1468 ἐπῇρε,
2574 1400 2666 1452 καὶ
2698 1399 3028 1462 ἀποστείλας
3049 1402 3130 1461 είς
3159 1401 3398 1469 Λῆμνον,
3434 1394 3553 1454 εἶτα

1981 1487 2062 1549 είς
2097 1487 2390 1558 Μιζιθρᾶν.
2445 1473 2449 1478 ⁷

2065 1578 2153 1630 Ἐν
2186 1579 2241 1632 δὲ
2272 1579 2348 1648 τῷ
2378 1580 2606 1649 χειμῶνι
2640 1580 2734 1634 τοῦ
2784 1581 2948 1635 αὐτοῦ
2982 1582 3137 1645 ἔτους
3170 1582 3428 1652 λοιμικῆς
3470 1585 3554 1636 νό-

1983 1685 2078 1721 σου
2107 1670 2405 1738 γενομένης
2464 1671 2522 1724 sv
2575 1670 2652 1740 τῷ
2705 1672 2944 1743 Εὑξείκῳ
2977 1673 3156 1744 πόντῳ
3209 1674 3329 1742 ἤτοι
3374 1676 3431 1726 ὲν
3485 1676 3551 1743 τῇ

1981 1761 2182 1830 Μαύρῃ
2229 1762 2494 1834 θαλάσσῃ,
2550 1765 2646 1816 καὶ
2683 1766 2906 1818 πανοικὶ
2958 1766 3110 1828 ὅντες
3157 1765 3214 1818 ἐν
3242 1783 3345 1818 τινι
3394 1766 3552 1820 ἄστει

313 1867 555 1929 πεδιάδος
580 1866 825 1921 κάτωθεν
859 1865 1091 1933 φθάσαι,
1121 1867 1178 1917 ἐν
1206 1859 1249 1932 ᾧ
1279 1864 1431 1932 τόπῳ
1478 1858 1546 1932 ἦν
1583 1859 1872 1914 κτισθέντα
1903 1861 1945 1916 Β
1979 1850 2088 1904 τῶν
2115 1853 2288 1905 ἐκεῖσε
2314 1854 2780 1923 κεφειλατεύοντες
2803 1858 2829 1908 6
2850 1852 3234 1926 γαμϐρόξμοι)
3255 1855 3552 1926 ι’ρηγόριος

312 1957 377 2009 τὰ
427 1957 586 2026 τείχη
633 1955 806 2009 ταῦτα
855 1953 952 2008 τοῦ
1012 1953 1266 2022 Ἰσθμοῦ,
1323 1951 1518 2004 στάδια
1559 1950 1871 2019 τριάκοντα.

323 2046 446 2098 Ἀπὸ
473 2045 536 2098 δὲ
565 2045 674 2099 τῶν
705 2044 904 2116 τειχῶν
935 2044 1031 2100 τοῦ
1079 2042 1298 2113 Ἰσθμοῦ
1328 2041 1434 2104 lto;
1467 2039 1570 2109 τῆς
1613 2037 1878 2109 Κορίνθου

312 2138 396 2192 τοῦ
428 2137 570 2208 ὑπὲρ
600 2137 831 2206 νεφέλας
862 2137 1130 2207 φρουρίου
1160 2134 1367 2205 βουνῶν
1401 2133 1496 2186 καὶ
1526 2131 1620 2184 τοῦ
1662 2128 1877 2200 Ἰσθμοῦ

256 2256 258 2258 τ
311 2231 453 2293 τέλος
490 2231 689 2286 στάδια
739 2230 1046 2298 ὑπάρχουσι
1095 2226 1293 2281 πολλά.
1341 2226 1531 2278 Ἐοικε
1561 2223 1618 2278 δὲ
1649 2225 1681 2292 ἡ
1716 2222 1880 2274 Πελο-

311 2323 574 2392 πόννησος
605 2321 878 2376 πλατάνου
915 2321 1102 2390 φύλλῳ
1135 2320 1218 2382 είς
1246 2318 1442 2379 πάντα,
1466 2316 1561 2370 τοῦ
1587 2316 1643 2368 δὲ
1676 2315 1878 2384 φύλλου

308 2416 364 2467 τὺ
387 2414 593 2476 καῦλος
625 2415 653 2466 6
687 2412 901 2482 Ἰσθμός
931 2413 1101 2465 ἐστιν.
1143 2409 1438 2478 ’Δνέστησε
1471 2409 1527 2460 δὲ
1558 2407 1800 2474 πύργους
1822 2409 1880 2459 ὲν

311 2509 451 2576 αύτῷ
504 2507 708 2560 ἑκατὸν
751 2506 1101 2573 πεντήκοντα
1147 2501 1244 2555 καὶ¹
1289 2502 1461 2571 τρεῖς.
1512 2501 1623 2552 Καὶ
1675 2496 1732 2550 ἐν
1773 2514 1880 2549 τινι

312 2601 593 2670 μαρμάρῳ
654 2591 812 2668 εὗρον
867 2597 1171 2666 γράμματα
1230 2590 1598 2663 γεγραμμένα
1651 2588 1880 2654 λέγοντα

310 2692 494 2756 οὕτως·
535 2708 554 2741 ι
580 2690 697 2751 Φῶς
727 2690 789 2740 ix
816 2687 1012 2756 φωτὸς,
1041 2684 1172 2748 Θεὸς
1201 2682 1454 2754 ἀληθινὸς
1486 2682 1550 2733 ἐκ
1581 2679 1716 2732 Θεοῦ
1747 2678 1880 2746 ἀλη-

312 2783 472 2846 θινοῦ,
539 2781 751 2851 φυλάξῃ
805 2780 897 2832 τὸν
932 2777 1316 2846 αὖτοκράτορα
1375 2772 1753 2828 Ἰουστινιανδν
1787 2772 1882 2824 καὶ

310 2875 396 2928 τὸν
422 2876 626 2928 πιστὸν
673 2874 864 2928 δοῦλον
913 2871 1080 2925 αὐτοῦ
1130 2871 1464 2940 Βικτωρῐνον
1521 2867 1618 2921 καὶ
1671 2865 1882 2927 πάντας

309 2969 432 3032 τοὺς
466 2970 530 3023 ἐν
562 2969 630 3038 τῇ
672 2965 888 3020 Ἐλλάδι
933 2963 1240 3028 οἰκοῦντας,
1279 2959 1409 3024 τοὺς
1464 2959 1528 3012 ἐκ
1574 2955 1710 3011 Θεοῦ
1744 2955 1882 3020 ζῶν-

309 3077 425 3124 τας.
461 3079 480 3112 ι

374 3152 465 3223 Τῷ
496 3153 562 3206 δὲ
589 3128 757 3224 ,ξῇιέ
785 3149 918 3213 ἔτει,
953 3147 1086 3220 μηνὶ⁹
1108 3145 1353 3218 Μαρτίῳ,
1383 3139 1882 3212 ὶπανέστρεψενείς

308 3249 404 3318 τὴν
436 3243 1023 3302 Κωνσταντινούπολιν
1051 3245 1079 3297 6
1113 3241 1369 3313 βασιλεὺς
1416 3239 1508 3293 καί⁵
1539 3239 1572 3308 ή
1604 3240 1722 3307 μετ’
1775 3234 1878 3288 αὖ-

309 3441 562 3486 netorum
605 3428 820 3484 senatui
856 3426 1120 3492 vendidit,
1153 3425 1206 3478 in
1235 3437 1469 3494 quorum
1500 3419 1772 3490 hodieque
1797 3419 1878 3474 di-

309 3522 450 3575 tione
480 3530 589 3577 est.

377 3611 530 3666 lianc
564 3611 730 3680 igitur
757 3609 1127 3664 narrationem
1153 3608 1294 3662 libro
1327 3607 1452 3662 huic
1513 3613 1704 3660 nostro
1741 3603 1880 3656 inte-

312 3703 542 3759 xeudam
570 3704 883 3769 putavimus
917 3719 932 3768 ;
965 3712 1308 3758 revertamur
1367 3715 1510 3755 nunc
1536 3698 1605 3754 ad
1634 3711 1878 3753 commu-

313 3798 579 3852 nitionem
611 3795 824 3849 Isthmi.

377 3891 467 3945 35.
501 3891 660 3943 Auno
683 3888 843 3951 69l3,
867 3887 956 3942 die
1005 3885 1183 3941 Martii
1213 3885 1301 3950 15,
1349 3884 1643 3952 imperator
1676 3882 1882 3935 incolu-

316 3982 417 4036 mis
447 3983 499 4034 in
524 3987 742 4049 portum
770 3978 1174 4032 Cenchrearum
1210 3975 1458 4044 pervenit
1479 3972 1583 4028 et8
1613 3973 1698 4026 die
1724 3972 1886 4038 Apri-

315 4072 380 4126 lis
419 4084 729 4140 expurgare
757 4077 813 4124 et
846 4069 1149 4123 instaurare
1175 4065 1434 4121 Isthmum
1469 4064 1643 4132 ipsum
1691 4061 1880 4130 empit,

311 4164 464 4232 cujus
501 4161 800 4230 longitudo,
854 4161 990 4223 sive,
1045 4167 1104 4211 ut
1145 4158 1341 4213 melius
1394 4156 1594 4218 dicam,
1654 4155 1882 4208 latitudo

311 4255 378 4308 ab
409 4269 518 4307 uno
552 4252 690 4305 mari
725 4251 792 4304 ad
828 4250 1058 4305 alterum
1106 4249 1324 4319 orgyias
1354 4257 1437 4302 ter
1460 4247 1602 4300 mille
1629 4255 1678 4299 et
1705 4247 1882 4298 octin-

313 4355 500 4412 gentas
524 4350 696 4410 patet,
738 4339 1021 4409 longitudo
1078 4355 1106 4394 a
1153 4349 1294 4394 terra
1348 4337 1533 4392 Graaca
1565 4336 1646 4394 vel
1682 4335 1882 4400 Attica,

313 4444 601 4504 postquam
641 4433 982 4488 descenderis
1009 4433 1090 4485 via
1119 4445 1334 4498 aspera,
1363 4443 1483 4498 quae
1518 4427 1751 4493 Πλάγιον
1775 4426 1885 4480 Κα-

1979 1945 2340 2015 Παλαιολόγος
2369 1949 2676 2016 Μαμωνάς,
2710 1949 2848 2018 ἀνὴρ
2882 1949 3128 2018 ἄριστος,
3168 1949 3281 2012 υίὸς
3313 1950 3410 2001 τοῦ
3461 1967 3556 2018 με-

1977 2036 2144 2104 γάλου
2196 2037 2388 2100 δουκδς
2419 2039 2674 2107 Μαμωνᾶ
2716 2037 2812 2092 τοῦ
2869 2037 3221 2111 κυριεύοντός
3274 2056 3405 2092 ποτε
3455 2041 3554 2107 τῆς

1976 2127 2370 2197 Μονεμδασίας
2399 2130 2494 2182 καὶ
2525 2130 2632 2182 τῶν
2661 2133 2789 2198 περὶ
2836 2131 3035 2200 αὐτὴν,
3071 2131 3168 2185 καὶ
3204 2131 3302 2184 σὺν
3340 2132 3491 2200 αὐτῷ
3522 2133 3555 2200 ὴ

1977 2221 2180 2289 ἀδελφή
2211 2239 2310 2290 μου
2345 2225 2376 2291 ἡ
2409 2223 2549 2295 γυνὴ
2581 2223 2732 2294 αύτῷ
2767 2221 2924 2278 οὖσα·
2955 2226 3048 2278 καὶ
3091 2224 3151 2276 ἓν
3194 2225 3408 2278 παιδίον
3452 2225 3554 2277 αύ-

1977 2311 2086 2363 τῶν
2138 2311 2294 2381 θῆλυ,
2326 2313 2354 2366 ὃ
2407 2312 2576 2384 εἶχεν,
2627 2314 2887 2380 ἀπέθανε,
2935 2314 3028 2368 καὶ
3083 2313 3222 2384 μετά
3251 2314 3349 2378 τάς
3410 2313 3552 2366 ἑπτὰ

1984 2401 2193 2473 ἡμέρας
2226 2405 2326 2474 τῆς
2357 2403 2526 2473 θανῆς
2571 2405 2665 2459 τοῦ
2712 2406 2931 2460 παιδίου
2967 2405 3244 2459 ἀπέθανεν
3288 2408 3315 2458 6
3345 2405 3548 2474 πατὴρ,

1980 2496 2073 2546 καὶ
2107 2494 2270 2548 πάλιν
2304 2496 2442 2566 μετά
2474 2497 2616 2550 ἐπτά
2647 2497 2866 2568 ἡμέρας
2899 2498 3002 2565 τῆς
3051 2497 3246 2550 τούτου
3293 2496 3552 2562 τελευτῆς

1979 2585 2298 2653 ἐτελεύτησε
2328 2587 2421 2641 καὶ
2449 2589 2482 2658 ἡ
2519 2590 2724 2659 μήτηρ,
2765 2589 2844 2645 ἔτι
2869 2589 2926 2642 δὲ
2963 2590 3058 2643 καὶ
3091 2589 3148 2656 ἐξ
3187 2589 3296 2642 τῶν
3329 2589 3554 2657 61:61::-

1983 2676 2113 2756 ρίων
2140 2678 2319 2730 αὐτῶν
2370 2680 2582 2749 ἀνδρῶν
2631 2697 2691 2734 τε
2741 2683 2838 2734 καὶ
2885 2681 3188 2748 γυναικῶν·
3227 2681 3321 2733 καὶ
3371 2680 3464 2732 δύο
3497 2679 3556 2742 ἐξ

1981 2767 2164 2822 αὐτῶν
2239 2771 2393 2838 μόνοι
2459 2772 2976 2844 ἐναπελείφθησαν,
3029 2774 3124 2827 καί
3179 2772 3424 2834 ἐλθόντες
3475 2775 3557 2833 είς

1980 2864 2561 2917 Κωνσταντινούπολιν
2596 2863 2752 2919 εἷπον
2797 2868 2854 2919 ἐν
2885 2867 2985 2938 μιᾷ
3041 2868 3193 2934 φωνῇ
3241 2864 3412 2918 ταῦτα
3445 2867 3556 2927 τοῖς

1979 2953 2186 3018 ἀθλίοις
2215 2973 2316 3025 μου
2350 2956 2571 3025 γονεῦσι
2599 2973 2611 2986 ·
2665 2960 2762 3012 καὶ
2803 2959 2866 3010 ἐκ
2893 2959 2990 3027 τῆς
3021 2957 3288 3029 τοσαύτης
3323 2957 3556 3025 θλίψεως

1982 3047 2076 3100 καὶ
2110 3049 2550 3119 ἀπαραμυθὴτου
2579 3050 2756 3120 λύπης
2787 3051 2842 3103 ἐν
2874 3050 3135 3121 ἀσθενείᾳ
3171 3049 3431 3109 πεσόντες
3463 3049 3558 3101 καὶ

1987 3139 2175 3209 σχεδὸν
2211 3143 2288 3203 είς
2330 3140 2576 3195 κίνδυνον
2633 3141 2867 3196 θανάτου
2927 3141 3085 3212 110
3141 3135 3433 3211 ἧλθον.Δι⁹
3491 3141 3558 3210 ἢν

1987 3231 2164 3284 αἰτίαν
2197 3231 2297 3284 οὐκ
2347 3227 2510 3301 ἦλθεν
2543 3233 2569 3285 6
2631 3232 2900 3302 γεννήσας
2955 3249 3044 3301 με,
3107 3229 3260 3298 κάγὼ
3317 3232 3396 3293 είς
3456 3228 3557 3298 τὴν

1987 3416 2221 3471 excessit
2271 3431 2300 3469 e
2349 3415 2484 3469 vivis
2544 3417 2862 3488 Euthymius
2925 3421 3256 3489 patriarcha,
3319 3419 3373 3473 in
3405 3419 3560 3488 cujus

1989 3510 2166 3563 locum
2197 3511 2287 3565 die
2323 3509 2443 3564 Maii
2475 3512 2534 3564 2|
2567 3512 2814 3581 ejusdem
2843 3516 2970 3568 anni
2996 3524 3313 3584 surrogatus
3349 3526 3426 3571 est
3468 3513 3560 3569 Jo-

1987 3605 2210 3672 scphus,
2264 3605 2599 3672 metropolita
2636 3603 2849 3672 Ephesi.
2876 3606 3034 3661 Anno
3059 3607 3224 3675 6915,
3271 3616 3560 3662 autumna-

1990 3693 2023 3748 li
2061 3703 2395 3762 tempestate,
2431 3695 2723 3762 imperator
2775 3695 3036 3761 Joannes,
3062 3715 3184 3752 cum
3221 3699 3275 3753 in
3291 3698 3560 3766 Pelopon-

1991 3801 2177 3840 nesum
2211 3787 2581 3855 proﬁciscens,
2609 3789 2864 3841 transiret
2899 3789 3371 3855 Thessalonicam,
3449 3789 3561 3842 Mu-

1990 3879 2262 3947 Btapham,
2289 3879 2532 3946 spurium
2551 3877 2815 3948 Bajazetis
2857 3880 3045 3946 ﬁlium,
3075 3898 3236 3952 quem
3271 3883 3558 3935 Amttrates

1990 3983 2228 4034 emeras,
2264 3969 2432 4023 frater
2471 3971 2610 4038 ejus,
2642 3973 3097 4040 persequebatur,
3155 3976 3362 4044 recepit
3395 3983 3450 4028 et
3502 3975 3555 4028 in

1992 4057 2254 4115 Lemnum
2289 4059 2518 4129 indeque
2538 4058 2840 4118 Milithram
2862 4062 3027 4118 misit.

2064 4151 2167 4206 Per
2202 4151 2437 4206 hiemem
2475 4152 2722 4223 ejusdem
2751 4155 2878 4208 anni
2914 4157 2981 4210 ad
3023 4153 3254 4210 Pontum
3288 4155 3556 4210 Euxinum

1991 4245 2103 4300 sive
2131 4243 2277 4300 Mare
2299 4244 2520 4314 Nigrum
2553 4246 2808 4300 saeviente
2832 4247 3159 4316 pestilentia,
3203 4263 3322 4302 cum
3349 4249 3398 4300 in
3427 4251 3561 4304 urbe

1991 4337 2226 4406 quadam
2260 4335 2375 4404 ejus
2413 4337 2648 4406 regionis
2683 4353 2805 4392 emn
2847 4349 2953 4392 tota
2987 4339 3190 4392 familia
3229 4350 3373 4394 esset
3404 4355 3557 4394 eam-

1994 4442 2100 4497 que
2131 4437 2341 4497 regeret
2368 4428 2542 4485 aﬂinis
2575 4445 2727 4484 meus
2759 4429 3053 4498 Gregorius
3083 4431 3421 4501 Palaeologus
3449 4432 3561 4484 Μςι-

312 4525 405 4578 κόν
435 4524 834 4588 dicitur,donee
878 4523 929 4576 in
973 4520 1252 4589 planitiem
1297 4519 1506 4584 venias,
1538 4533 1646 4588 quo
1671 4518 1722 4571 in
1770 4518 1887 4572 loco
1921 4542 1963 4597 ο
1996 4533 2208 4585 monas,
2238 4518 2377 4574 lilius
2409 4520 2589 4587 magni
2642 4521 2796 4575 ducis
2843 4519 3126 4586 Mamertae,
3159 4520 3300 4590 ejus,
3333 4523 3424 4591 qui
3458 4523 3560 4576 ali-

313 4617 452 4670 inuri
485 4617 562 4670 illi
589 4616 846 4669 exstructi
902 4623 1079 4677 erant,
1118 4614 1294 4668 stadia
1350 4613 1572 4681 triginta
1610 4625 1679 4677 ;a
1714 4610 1887 4666 muris

309 4707 511 4761 deinde
548 4720 720 4774 usque
755 4708 821 4759 ad
871 4703 1119 4759 Corinthi
1175 4703 1344 4758 colles
1388 4716 1679 4768 arcemque
1725 4715 1887 4768 supra

310 4801 482 4854 nubes
499 4799 831 4853 eminentem
863 4805 918 4850 et
950 4797 1107 4850 linem
1133 4795 1318 4850 Isthmi
1348 4794 1519 4850 stadia
1540 4794 1702 4848 multa
1735 4807 1883 4848 sunt.

311 4891 721 4957 Peluponnesus
750 4887 878 4943 folio
909 4889 1109 4960 platani
1131 4887 1407 4941 simillima
1437 4895 1545 4950 est,
1573 4886 1886 4955 cujuseau-

312 4983 417 5035 lem
440 4981 686 5035 Isthmus
709 4978 894 5034 refert.
934 4978 990 5032 In
1019 4994 1083 5033 eo
1108 4979 1378 5033 exstruxit
1436 4979 1732 5046 imperator
1781 4988 1891 5032 tur-

313 5088 402 5126 res
423 5082 644 5126 centum
681 5071 1074 5140 quinquaginta
1126 5079 1255 5125 tres.
1298 5071 1628 5125 Invenerunt
1683 5079 1794 5124 tum
1834 5071 1885 5123 in

316 5178 593 5216 marmore
619 5164 717 5217 has
766 5163 978 5217 litteras
1028 5163 1369 5232 insculptas:
1409 5182 1426 5216 ι
1461 5161 1664 5216 Lumen
1703 5178 1768 5218 ex
1805 5163 1888 5216 ln-

314 5253 484 5316 mine,
543 5250 683 5307 Deus
725 5267 882 5308 verus
907 5268 972 5307 ex
1015 5252 1132 5308 Deo
1164 5268 1292 5308 vero
1345 5253 1618 5308 custodiat
1651 5253 1885 5323 impera-

314 5352 489 5396 torem
535 5341 906 5398 Justiniaunm
933 5355 986 5398 et
1009 5344 1218 5398 lidelem
1246 5343 1367 5412 ejus
1418 5343 1724 5398 ministrum
1762 5343 1888 5398 Vic-

317 5435 556 5486 torinum
597 5445 650 5488 et
675 5449 863 5488 omnes
886 5434 1112 5490 Graeciae
1151 5435 1355 5490 incolas
1412 5435 1503 5504 qui
1549 5436 1714 5490 vitam
1753 5449 1882 5492 con-

315 5522 562 5577 formant
586 5528 650 5576 ad
675 5526 1002 5581 voluntatem
1040 5525 1154 5580 Dei.
1197 5543 1215 5577 ι

385 5615 554 5669 Auno
576 5615 738 5676 69M.
769 5633 957 5670 mense
995 5617 1508 5687 Martio,imperator
1536 5627 1610 5683 et,
1645 5620 1735 5687 qui
1765 5633 1884 5674 eum

319 5706 612 5760 comitatus
634 5718 774 5773 erat,
812 5725 1100 5779 procerum
1133 5713 1270 5764 ordo
1310 5710 1629 5774 universus,
1669 5710 1880 5780 Cpnlim

320 5796 603 5852 redierunt
640 5817 651 5854 :
687 5815 792 5870 quo
817 5801 1002 5856 eodem
1033 5817 1238 5866 mense,
1268 5810 1386 5872 post
1407 5802 1551 5857 illius
1569 5803 1884 5871 adventum,

1991 4613 2207 4682 quando
2237 4612 2660 4668 Monctnbasiam
2689 4627 2808 4668 cum
2857 4613 3102 4667 finitimis
3132 4613 3348 4682 oppidis
3390 4617 3563 4667 admi-

1992 4704 2284 4769 nistrabat,
2310 4713 2366 4760 et
2386 4705 2525 4774 apud
2558 4719 2680 4760 eum
2704 4717 2851 4761 esset
2873 4721 3028 4762 soror
3057 4721 3196 4770 mea,
3229 4707 3352 4777 ejus
3402 4724 3560 4771 uxor,

1991 4810 2179 4850 eorum
2225 4795 2356 4861 lilia,
2408 4811 2572 4864 quam
2621 4797 2836 4851 unicam
2887 4798 3090 4867 prolem
3136 4799 3430 4864 habebant,
3469 4816 3563 4852 ex-

1991 4890 2190 4942 SIincta
2221 4895 2325 4949 est,
2353 4896 2406 4940 et
2430 4897 2553 4956 post
2579 4887 2757 4943 ﬁliola:
2792 4899 3016 4944 mortem
3047 4891 3137 4944 die
3163 4894 3394 4960 septimo
3428 4892 3565 4945 obiit

1992 4986 2163 5044 pater,
2182 4991 2508 5046 rursumque
2530 4989 2648 5046 post
2669 4980 2888 5036 totidem
2913 4981 3028 5036 dies
3045 4974 3208 5035 etiam
3233 4991 3402 5036 mater
3421 4997 3563 5034 mor-

1991 5082 2079 5120 tua
2105 5078 2206 5130 est,
2243 5077 2295 5122 et
2330 5076 2586 5137 prmterea
2609 5083 2700 5124 sex
2733 5070 3012 5124 domestici
3037 5073 3321 5138 utriusque
3357 5087 3550 5134 suos.

1994 5159 2210 5215 duobus
2266 5167 2476 5214 tantum
2510 5162 2736 5227 relictis,
2767 5162 2854 5231 qui
2889 5162 3100 5231 Cpolim
3150 5161 3398 5232 profecti,
3449 5177 3558 5212 uno

1993 5266 2088 5308 ore
2127 5251 2347 5308 miseris
2379 5248 2700 5321 parentibus
2727 5253 2859 5310 meis
2894 5254 3053 5306 istum
3085 5255 3334 5306 nuntium
3365 5252 3561 5306 attule—

1991 5351 2138 5397 runt.
2177 5341 2241 5395 Hi
2285 5357 2350 5398 ex
2392 5344 2765 5414 ntagnitudine
2794 5343 3125 5399 calamitatis
3158 5354 3209 5397 et
3236 5344 3425 5397 dolore
3472 5359 3560 5395 >0-

1992 5433 2106 5486 latii
2135 5433 2437 5501 impatienti
2471 5435 2522 5488 in
2554 5435 2800 5488 morbum
2835 5435 2968 5488 adeo
2999 5449 3104 5489 non
3145 5435 3316 5488 levem
3351 5435 3556 5487 incide-

1994 5532 2143 5588 runt,
2178 5530 2234 5576 ut
2270 5525 2321 5578 in
2355 5523 2653 5592 periculum
2680 5525 2803 5578 vita:
2831 5523 3098 5581 venirent.
3131 5524 3246 5591 Qua
3275 5528 3342 5580 de
3372 5542 3560 5589 causa,

1993 5631 2115 5667 cum
2155 5627 2306 5684 pater
2339 5632 2490 5670 mens
2525 5626 2668 5670 esset
2697 5620 3046 5685 praepeditus,
3077 5635 3176 5688 ego
3203 5635 3324 5673 cmn
3351 5619 3561 5675 Thema

1995 5709 2238 5777 principe
2267 5709 2319 5762 in
2345 5707 2780 5777 Peloponnesum
2804 5710 3101 5778 profectus,
3129 5714 3273 5768 illius
3301 5713 3561 5782 fungebar

1995 5801 2172 5860 oﬂicio
2222 5802 2274 5858 in
2317 5802 2624 5858 cocuatioue
2675 5812 2724 5858 et
2763 5803 3037 5869 cubiculo,
3097 5805 3555 5877 quemadmodum
