3916 6196
362 340 466 401 ⁸7Ξῖ

1610 349 1930 413 GEORGII
1964 340 2397 414 PHRANTZ/‘E
3452 365 3538 428 728

366 451 778 523 Πελοπόννησον
808 452 904 506 σὺν
921 453 1002 543 τῷ
1047 455 1463 538 αὐθεντοπούλιρ
1500 462 1602 531 κῦρ
1655 463 1827 536 Θωμᾷ
1858 465 1937 527 εἰς
1968 470 2011 527 Α
2044 468 2347 531 νουπό).εως
2379 465 2558 537 διέλθῃ
2598 465 2677 531 εἰς
2708 465 2807 537 τὴν
2857 468 3131 541 ἀνατολὴν·
3161 471 3246 526 καὶ
3269 472 3545 543 ἐπρομαθη-

364 539 467 609 τὴν
497 540 664 592 αὐτοῦ
717 542 872 607 τάξιν
920 538 1009 613 ἦν,
1044 536 1482 619 εἰςμῦπηρεσὶαν
1530 551 1623 604 ἐπὶ
1654 554 1934 623 τραπέζης

366 631 460 684 καὶ
493 632 788 704 κελλιώτης
817 636 1005 703 αὑτοῦ,
1039 638 1114 701 ὡς
1143 637 1460 711 ὡρίσθημεν
1489 643 1637 712 παρὰ
1661 646 1754 697 τοῦ
1785 645 1936 717 βασι-

364 722 505 784 λέως
536 722 632 775 τοῦ
663 727 866 795 πατρδς
898 728 1064 780 αὐτοῦ
1098 730 1191 781 καὶ
1224 730 1662 801 ἡτοιμαξόμεθα,
1693 736 1786 787 καὶ
1814 737 1935 788 ἐπεὶ

362 815 389 863 6
426 813 526 881 μὲν
558 815 774 883 πρῶτος
809 836 911 885 μου
941 820 1168 888 ἁδελφὸς
1196 817 1263 892 ἦν
1290 824 1371 886 εἰς
1402 824 1499 894 τὴν
1528 823 1936 894 Πελοπόννησον

367 904 507 970 μετὰ
538 904 631 957 τοῦ
665 906 956 975 βασιλέως,
988 912 1015 963 6
1040 910 1097 962 δὲ
1124 912 1243 980 μετ’
1290 912 1391 982 ἐμὲ
1423 912 1633 983 ἕτερος,
1662 916 1735 976 ὡς
1763 915 1935 983 ἐπῆλ-

364 994 456 1047 θεν
486 997 512 1048 6
561 995 792 1061 Θάνατος
847 1000 955 1052 τῶν
1010 1001 1260 1071 ἀδελφῶν
1307 1005 1498 1069 αὑτοῦ,
1534 1006 1695 1075 ἀφεὶς
1725 1006 1936 1077 πατέρα

364 1088 461 1140 καὶ
493 1089 709 1160 μητέρα
748 1094 843 1145 καὶ
899 1093 1167 1162 ἀδελφοὺς
1217 1097 1462 1165 ἀπῆλθεν
1493 1098 1573 1159 εἰς
1613 1100 1712 1169 τὴν
1769 1099 1936 1168 μονὴν

362 1176 462 1246 τὴν
486 1178 786 1252 λεγομένην
819 1185 911 1237 τοῦ
938 1187 1330 1254 Χαρσιανιτου,
1360 1190 1493 1241 ὅπου
1516 1184 1583 1258 ἦν
1617 1191 1709 1242 καὶ
1734 1192 1760 1243 6
1795 1193 1933 1244 κατᾶ

366 1271 628 1339 ἀλήθειαν
654 1274 971 1339 διδάσκοι).ος
1000 1280 1104 1349 κὺρ
1145 1280 1361 1351 Ἰωσὴφ,
1391 1281 1487 1333 καὶ
1516 1282 1692 1333 ἐκεῖσε
1718 1283 1933 1349 ἐγένετο

368 1366 620 1433 μοναχός.
752 1396 785 1415 ι
1112 1421 1117 1425 ,

448 1457 538 1511 Ἐν
569 1459 765 1529 ἐκείνῳ
794 1460 870 1530 τῷ
894 1461 1016 1531 ἔαρι
1041 1464 1134 1516 καὶ
1168 1462 1317 1529 θέρει
1348 1464 1539 1535 λοιμοῦ
1567 1470 1850 1535 γεγονότος
1878 1470 1933 1520 ἐν

363 1551 428 1619 τῇ
452 1551 1026 1607 Κωνσταντινουπόλει
1051 1555 1291 1608 ἀπέθανε
1325 1558 1470 1627 καὶὴ
1502 1558 1759 1612 δέσποινα
1791 1560 1933 1629 κυρὲι

368 1643 538 1693 Ἀννα
571 1642 604 1713 ἠ
635 1643 741 1695 ἀπὸ
776 1643 1049 1708 Two-cia;
1079 1646 1332 1716 λοιμώδει
1361 1651 1518 1719 νόσῳ,
1548 1651 1643 1703 καὶ
1675 1650 1847 1721 ἐτάφη
1873 1653 1931 1704 ὲν

361 1738 426 1805 τῇ
458 1735 553 1787 τοῦ
588 1737 749 1797 Λιϐδς
786 1739 944 1807 μονῇ.
1318 1720 1330 1732 ⁸

436 1826 546 1891 λς’.
593 1831 680 1881 Ἔν
706 1830 759 1883 δὲ
785 1834 849 1901 τῇ
888 1834 1029 1901 ἀρχῇ
1063 1833 1156 1885 τοῦ
1199 1836 1395 1904 ,ςξκςν
1422 1834 1576 1895 ἔτους
1606 1834 1804 1903 ἐστάλη
1848 1836 1928 1896 εἰς

366 1917 776 1987 Πελοπόννησον
827 1924 854 1975 6
886 1924 1316 1987 αὑθεντόπουλος
1366 1926 1472 1995 κὺρ
1519 1926 1720 1994 Θωμᾶς
1778 1928 1929 1996 παρὰ

362 2008 459 2060 τοῦ
492 2009 763 2076 βασιλέως
813 2013 908 2067 καὶ
954 2017 1161 2086 πατρὸς
1208 2016 1408 2070 αὐτοῦ·
1441 2019 1498 2070 ἐν
1547 2011 1588 2085 ᾧ
1633 2019 1695 2088 δὴ
1753 2020 1929 2089 χρόνῳ

364 2100 768 2172 ὲπανέστρεῲεν
793 2108 873 2169 εἰς
897 2107 1475 2162 Κωνσταντινούπολιν
1504 2110 1593 2161 καὶ
1620 2112 1645 2159 ὁ
1674 2110 1929 2182 βασιλεὺς

366 2192 457 2244 καὶ
490 2194 668 2265 πατὴρ
696 2197 882 2265 αὑτοῦ,
922 2200 1067 2267 κάμὲ
1093 2202 1170 2264 εἰς
1201 2201 1260 2254 τὸ
1309 2202 1519 2255 κελλίον
1549 2203 1715 2256 αὐτοῦ
1756 2221 1931 2273 προσ-

366 2284 605 2350 ηγάγετο
648 2286 894 2356 Μαρτίου
935 2288 1000 2353 ιζ’
1031 2290 1371 2361 ὑπάρχοντός
1423 2309 1527 2359 μου
1560 2293 1695 2345 ἐτῶν
1729 2293 1804 2359 ις’
1835 2295 1931 2347 καὶ

363 2375 555 2443 ἥμισυ,
609 2378 818 2431 ἐκείνου
857 2379 914 2431 δὲ
963 2380 1058 2434 τοῦ
1108 2382 1445 2453 ἀειμνήστου
1479 2385 1570 2436 καὶ
1623 2386 1928 2455 μακαρίτου

365 2467 501 2519 ἑτῶν
529 2466 790 2537 ἑξήκοντα
816 2472 961 2541 ὀκτὼ
988 2474 1185 2543 ἥμισυ.
1340 2506 1347 2519 ι

440 2560 594 2631 ιιι
634 2564 744 2616 Καὶ
777 2563 854 2631 τῷ
892 2564 1079 2631 ,ςὲκέ
1111 2565 1222 2619 ἔτει
1268 2569 1399 2637 μηνὶ
1452 2567 1743 2639 Νοεμϐρίῳ
1769 2566 1932 2641 ἦλθεν

364 2653 443 2714 εἰς
482 2652 577 2722 τὴν
619 2655 1196 2711 Κωνσταντινούπολιν
1242 2658 1337 2710 καὶ
1380 2659 1412 2728 ἡ
1466 2658 1725 2713 δέσποινα
1790 2661 1933 2732 κυρᾶι

364 2744 535 2812 Σοφῑα
560 2747 704 2815 ήτοῦ
734 2748 1190 2819 Μοντεφερρἀτου
1212 2751 1522 2823 μαρκῑωνος
1547 2752 1815 2825 θυγάτηρ,
1840 2757 1932 2808 καὶ

364 2838 431 2907 τῇ
486 2837 550 2890 ιθο
573 2840 667 2892 τοῦ
705 2826 1045 2921 Ἰανουαρίου
1074 2841 1352 2913 ηὐλογήθη
1374 2844 1547 2912 αὐτὴν
1578 2847 1669 2897 καὶ
1696 2847 1933 2916 ἐστέφθη

362 2930 392 2982 6
441 2931 697 2999 βασιλεὺς
761 2933 869 3001 κὺρ
910 2934 1165 3003 Ἰωάννης
1219 2934 1277 2986 ὲν
1306 2937 1374 3005 τῇ
1425 2934 1558 3006 ἁγίᾳ
1616 2937 1934 3005 Σοφίᾳ,καὶ

367 3021 580 3089 μεγάλη
617 3023 776 3092 ἑορτὴ
810 3024 1026 3091 ἐγένετο
1052 3028 1106 3077 ἐν
1131 3025 1259 3097 τῇδε
1284 3028 1350 3097 τῇ
1399 3028 1606 3096 στέψει,
1643 3030 1737 3082 καὶ
1766 3030 1934 3093 ὅντως

2040 559 2205 628 τεύθη
2243 558 2394 628 παρὰ
2418 558 2525 611 τῶν
2551 560 2916 613 κατασκόπων
2943 562 3023 614 ὅτι
3057 566 3255 632 ὑπῆγεν
3276 564 3356 617 ἵνα
3383 565 3441 618 τὰ
3462 570 3545 635 τῆς

2039 649 2306 717 ἀνατολῆς
2358 648 2647 721 διορθώσῃ,
2682 653 2776 703 καὶ
2816 653 2873 704 ἐν
2932 653 3009 720 τῷ
3060 652 3357 708 ἐπανελθεῖν
3408 655 3546 707 αὑτὶν

2038 736 2181 788 κατὰ
2211 737 2337 789 νοῦν
2383 737 2660 806 ἐλογίζετο
2704 739 2883 793 ἐλθεῖν
2910 740 3051 794 κατὰ
3096 744 3189 812 τῆς
3236 742 3442 804 πόλεως,
3484 743 3548 805 ὡς

2038 827 2293 893 ἐμελέτα.
2324 828 2531 891 Πάντες
2562 827 2655 883 οὖν
2693 832 2743 883 οἱ
2764 831 2864 900 τῆς
2901 830 3095 900 βουλῆς
3121 832 3211 886 τοῦ
3245 832 3481 902 βασιλέως
3507 833 3550 884 οἱ

2037 920 2494 987 ὲμπιστευθέντες
2527 924 2587 975 τὸ
2612 923 2912 994 μυστήριον
2934 963 2947 984 ,
2979 924 3231 995 ἄρχοντες
3257 926 3345 977 καὶ
3380 926 3437 978 ὲκ
3462 927 3552 977 τῶν

2038 1012 2375 1082 ἱερωμένων,
2413 1010 2814 1084 παροξύνοντες
2842 1016 3125 1070 ἐϐούλευον
3154 1018 3227 1088 τῷ
3258 1015 3452 1086 βασιλεῖ
3478 1017 3553 1068 ἵνα

2034 1105 2209 1175 maior]
2232 1106 2394 1159 αὐτόν
2414 1122 2427 1137 ⁶
2458 1108 2667 1171 ἐκεῖνος
2709 1109 2764 1161 δὲ
2798 1108 2981 1163 οὐκέτι
3010 1109 3330 1179 κατεπείσθη
3354 1108 3511 1175 λέγων
3537 1126 3550 1141 ⁸

2040 1215 2058 1247 ι
2091 1198 2205 1251 Οὐκ
2225 1198 2401 1251 ἀθετῶ
2422 1200 2548 1263 τοὺς
2582 1200 2779 1270 ὅρκους
2807 1201 2902 1266 οὒς
2936 1203 3069 1271 πρὸς
3099 1204 3296 1255 ἐκεῖνον
3326 1201 3555 1269 ἐποιησά-

2037 1308 2167 1358 μην,
2213 1291 2261 1343 εἰ
2301 1292 2397 1344 καὶ
2439 1291 2504 1345 ἂν
2550 1292 2919 1362 ὲ6ε6αιούμην
2952 1294 3035 1346 ὅτι
3080 1294 3208 1365 ἔλθῃ
3233 1292 3350 1345 καθ’
3380 1291 3552 1361 ἡμῶν,

2036 1380 2218 1448 μέλλει
2236 1383 2459 1448 νικῆσαι
2482 1384 2573 1435 καὶ
2599 1384 3042 1453 αἰχμαλωτεῦσαι
3067 1387 3230 1454 ἡμᾶς.
3264 1385 3320 1437 Ei
3344 1384 3395 1437 δὲ
3419 1382 3556 1437 πάλιν

2032 1476 2241 1536 ἐκεῖνος
2269 1475 2510 1546 ἀθετήσῃ
2542 1476 2670 1540 τοὺς
2699 1476 2899 1545 ὅρκους
2941 1476 3134 1540 αὑτοῦ,
3178 1476 3306 1545 πρὸς
3336 1474 3455 1527 Θεὸν
3481 1474 3557 1526 τὸν

2031 1565 2440 1636 περισσοτέρως
2488 1566 2701 1621 ἐκείνου
2747 1568 3051 1637 δυνάμενον
3092 1566 3159 1619 τὰ
3204 1568 3372 1619 πάντα
3402 1566 3559 1619 ἀνατί-

2031 1656 2189 1724 θημιῤ
2227 1675 2243 1707 ι
2309 1657 2385 1708 Δι’
2430 1658 2499 1728 ἢν
2550 1658 2729 1712 αἰτίαν
2780 1660 2904 1712 οὖδὲ
2954 1676 3079 1711 τινα
3111 1657 3217 1710 τῶν
3262 1658 3385 1711 υἱῶν
3414 1657 3558 1710 αὐτοῦ

2032 1746 2276 1798 ἔστειλεν
2308 1750 2389 1810 εἰς
2420 1749 2754 1818 συνάντησιν
2792 1749 2869 1819 τῷ
2904 1749 3112 1809 ἀσεϐεῖ,
3141 1752 3188 1802 εἰ
3221 1750 3292 1818 μὴ
3321 1750 3436 1810 τοὺς
3461 1746 3559 1817 ἀρί-

2034 1856 2194 1900 στους
2231 1838 2451 1906 ἄνδρας,
2490 1843 2806 1910 Δημήτριον
2836 1842 2929 1894 τὸν
2958 1842 3286 1910 Λεοντάριν,
3325 1840 3563 1893 ’ῐσαάκιον

2028 1930 2121 1982 τδν
2165 1930 2400 1995 Ἀσάνην
2434 1934 2528 1984 καὶ
2573 1934 2834 2002 Μανοιιὴλ
2867 1934 2959 1987 τὸν
2989 1933 3437 2005 πρωτοστράτορα
3485 1934 3563 1984 τὸν

2031 2020 2489 2089 Καντακουζηνὸν
2526 2022 2665 2091 μετὰ
2700 2024 2911 2077 πολλῶν
2971 2025 3253 2093 ἀρχόντων
3283 2024 3373 2077 καὶ
3425 2038 3567 2088 στραη

2031 2110 2241 2161 τιωτῶν
2268 2111 2361 2162 καὶ
2392 2111 2613 2180 δωρεῶν
2639 2113 2959 2183 βασιλικῶν.
3013 2115 3125 2168 Καὶ
3171 2113 3564 2181 συναντήσαντες

2032 2198 2180 2266 αὖτῴ
2231 2200 2385 2268 112
2421 2202 2554 2270 περὶ
2583 2202 2650 2254 τὰ
2681 2203 2989 2257 Κουτούλου
3032 2200 3197 2274 ἦλθον
3221 2201 3334 2271 μετ’
3382 2200 3566 2253 ἐκείνου

2033 2288 2138 2354 ἓως
2170 2290 2262 2342 τοῦ
2295 2290 2485 2343 διπλοῦ
2514 2293 2714 2356 κίονος·
2748 2295 2841 2347 καὶ
2873 2294 2941 2347 δι’
2968 2295 3100 2363 ὅλης
3130 2297 3226 2362 τῆς
3264 2291 3376 2346 ὁδοῦ
3400 2290 3577 2359 ὡμίλει

2030 2380 2058 2431 ὁ
2075 2381 2293 2451 ἀμηρᾶς
2308 2384 2445 2451 μετὰ
2460 2383 2551 2434 ττιῦ
2573 2386 2865 2455 Λεοντάρη.
2894 2387 3109 2440 Ἐκεῖτε
3131 2403 3197 2437 πε
3208 2387 3258 2455 pi
3272 2385 3359 2437 τὸν
3377 2379 3570 2436 διπλοῦν

2033 2473 2185 2524 κὶονα
2217 2473 2411 2543 εὑρέθη
2438 2476 2533 2527 καὶ
2566 2477 2593 2528 ὁ
2626 2474 2884 2545 βασιλεὺς
2923 2479 3023 2531 σὺν
3053 2481 3165 2540 τοῖς
3190 2478 3324 2538 υἱοῖς
3349 2474 3499 2527 αὑτοῦ
3520 2472 3569 2523 ἕν

2033 2581 2139 2615 τινι
2166 2566 2406 2634 τριήρει,
2436 2565 2652 2635 ἔχοντες
2677 2569 2771 2619 καὶ
2821 2568 3020 2637 ἑτέραν
3069 2564 3468 2638 ἡτοιμασμένην
3489 2562 3569 2631 βα-

2035 2653 2280 2715 σιλικῶς,
2317 2655 2463 2716 ὅπως
2491 2654 2560 2708 δι’
2600 2655 2770 2723 αὐτῆς
2807 2655 2993 2725 διέλθῃ
3037 2657 3064 2708 6
3102 2655 3345 2726 ἁμηρᾶς-
3392 2651 3570 2719 Ἑμδάς

2032 2743 2123 2797 οὖν
2146 2745 2410 2815 ὁάμηρᾶς
2434 2747 2490 2800 ἐν
2518 2747 2647 2815 τῇδε
2685 2750 2750 2818 τῇ
2783 2748 3024 2819 τριήρει,
3054 2749 3193 2817 πρὸς
3243 2746 3490 2817 ἀλλήλους
3527 2745 3576 2795 ὲν

2034 2839 2099 2905 τῇ
2152 2836 2401 2907 θαλάσσῃ
2453 2839 2894 2907 χαιρετισθέντες
2942 2840 3334 2909 ἠσπάσθησαν,
3376 2838 3577 2896 ἕκαστος

2034 2928 2092 2979 ὲν
2120 2928 2186 2996 τῇ
2242 2928 2345 2997 ἰδίᾳ
2380 2928 2599 2998 τριήρει
2641 2928 2736 2981 ὢν*
2778 2930 2875 2982 καὶ
2917 2929 3244 3000 ὁμιλοῦντες
3278 2923 3434 2998 ἧλθῡν
3471 2926 3577 2993 ἄχρι

2034 3019 2133 3084 τῆς
2176 3018 2361 3081 Ἀσίας
2396 3020 2515 3087 ἤτοι
2552 3019 2651 3087 τῆς
2676 3020 2946 3089 ἀνατολῆς
2978 3022 3184 3091 πέραν,
3230 3021 3361 3074 ὅπου
3403 3018 3467 3070 τὰ
3501 3013 3581 3069 νῦν

365 3115 568 3184 ἑορτων
590 3118 781 3184 ἑορτὴν
806 3118 900 3170 καὶ
933 3118 1240 3187 πανήγυριν
1266 3121 1628 3190 πανηγύρεων
1649 3121 1931 3191 ἐποίησαν.
1964 3140 2004 3196 c
2040 3110 2306 3182 Σκούταρι
2365 3108 2688 3179 ὀνομάζεται
2718 3150 2731 3174 ,
2778 3112 3051 3183 πρότερον
3120 3112 3177 3165 δὲ
3244 3108 3583 3179 Χρυσόπολιςο

435 3203 537 3266 λζ’.
557 3206 667 3256 Καὶ
697 3205 773 3273 τῷ
797 3205 985 3275 ,ςῖκῆ
1015 3206 1127 3260 ἔτει
1159 3202 1322 3277 ἦλθεν
1362 3211 1389 3261 6
1419 3210 1643 3279 ἀμηρᾶς
1674 3213 1703 3263 6
1746 3211 1931 3280 κύριος

368 3295 645 3365 Κυρίτζης
698 3298 793 3350 καὶ
840 3297 1155 3367 Μεεμὲτης,
1195 3298 1281 3350 ἶνα
1317 3297 1406 3351 διὰ
1435 3299 1534 3368 τῆς
1587 3300 1936 3354 Κωνσταντι-

363 3477 502 3547 jussi
539 3479 606 3531 ab
642 3477 989 3547 imperatore,
1030 3489 1181 3549 patre
1216 3480 1360 3549 ejus,
1399 3489 1451 3537 et
1477 3484 1648 3552 parati
1690 3498 1932 3540 eramus.

369 3569 559 3623 Frater
602 3583 752 3623 meus
802 3577 927 3622 natu
972 3559 1241 3627 maximus
1300 3572 1354 3626 in
1403 3572 1781 3643 Peloponneso
1819 3584 1937 3629 erat

367 3675 488 3714 eum
532 3660 880 3729 imperatore,
925 3670 973 3716 et
1024 3662 1181 3731 alter,
1224 3677 1312 3717 me
1360 3665 1558 3730 minor,
1595 3680 1717 3719 cum
1760 3674 1935 3719 morte

368 3752 752 3807 occubuiSsent
784 3754 904 3822 ejus
958 3753 1177 3820 fratres,
1234 3755 1440 3810 relictis
1477 3766 1629 3825 patre
1662 3767 1717 3812 et
1764 3766 1936 3812 matre

368 3858 422 3898 et
460 3844 741 3910 fratribus,
771 3846 820 3898 in
858 3847 1246 3901 monasterium
1270 3846 1524 3912 abditus,
1564 3848 1707 3917 quod
1740 3848 1937 3902 dicitur

368 3936 748 4001 Charsianitm,
774 3937 861 3990 ubi
889 3937 1051 3990 etiam
1081 3952 1244 3991 verus
1267 3936 1358 3991 ille
1385 3938 1645 4006 magister
1665 3936 1936 4007 Iosephus

367 4016 708 4092 νυιῗεςιιιυιιιν,
745 4029 1115 4083 monachicam
1147 4031 1310 4083 vitam
1346 4029 1561 4099 agebat.

444 4122 579 4179 Vere
611 4133 663 4177 ct
700 4133 887 4178 aestate
918 4122 1221 4191 pestilentia
1258 4121 1411 4191 Cpoli
1443 4132 1749 4192 grassante,
1780 4122 1935 4175 Anna

367 4216 610 4281 domina,
645 4230 674 4269 e
725 4217 910 4271 liossis
955 4216 1207 4280 oriunda,
1260 4216 1397 4271 obiit
1428 4224 1484 4270 et
1512 4215 1723 4285 sepulta
1767 4214 1934 4270 estin

368 4308 698 4362 monasterio
729 4306 896 4361 Libis.

442 4398 533 4452 '56.
572 4397 848 4466 Principio
899 4406 1079 4452 autem
1124 4396 1251 4451 anni
1284 4396 1446 4461 6926,
1498 4399 1564 4452 ab
1606 4398 1939 4466 imperatore

2049 3204 2284 3264 Ἐκεῖνος
2310 3202 2409 3270 μὲν
2433 3200 2663 3265 ἐξελθὼν
2692 3202 2789 3270 τῆς
2816 3205 3095 3273 τριήρεως
3118 3201 3372 3272 εἰσῆλθεν
3404 3201 3477 3262 εἰς
3498 3199 3582 3260 τὰς

2038 3295 2237 3366 σκηνὰς
2273 3296 2391 3365 ἦτοι
2426 3294 2783 3365 παρεμϐολὰς
2825 3297 2923 3358 τὰς
2967 3294 3122 3366 αὑτῷ
3159 3289 3588 3367 προετοιμασθεί-

2040 3493 2149 3536 tum
2178 3492 2358 3541 autem
2388 3484 2562 3540 fuerat
2594 3485 2660 3540 ab
2682 3485 3152 3556 exploratoribus,
3184 3500 3309 3540 enm
3339 3482 3588 3537 orientem

2036 3577 2341 3631 ordinatum
2379 3578 2636 3633 advenire
2664 3589 2825 3647 atque
2872 3578 2924 3632 in
2956 3579 3136 3632 reditu
3171 3577 3359 3631 urbem
3390 3575 3589 3627 invasu-

2041 3683 2179 3721 rum.
2229 3669 2431 3723 Omnes
2481 3670 2645 3737 igitur
2678 3660 2979 3724 consiliarii
3015 3669 3391 3740 imperatoris,
3417 3663 3592 3736 quibus

2037 3760 2300 3814 creditum
2326 3772 2408 3814 est
2435 3762 2537 3815 hoc
2560 3770 2852 3827 secretum,
2878 3762 3161 3831 principes
3185 3770 3239 3816 et
3260 3754 3589 3815 ecclesiastici

2038 3853 2340 3906 suadebant
2369 3867 2712 3923 magnOpere,
2743 3864 2803 3908 ut
2829 3855 3327 3922 comprehenderet
3350 3863 3592 3905 emeram.

2038 3944 2105 3995 At
2137 3943 2225 3997 ille
2258 3958 2494 3997 renuens
2530 3961 2551 3998 ιη
2592 3963 2609 3994 ι
2646 3943 2760 3998 Non
2796 3945 3079 4010 violarem,
3126 3945 3328 4014 inquit,
3365 3938 3500 4010 quod
3530 3936 3591 3989 illi

2039 4033 2185 4095 dedi,
2235 4031 2637 4102 jusjurandum,
2689 4035 2904 4088 etiamsi
2968 4050 3096 4089 eum
3145 4050 3247 4089 nos
3298 4033 3595 4087 adorturum

2041 4124 2387 4201 devictosque
2410 4125 2665 4178 servituti
2691 4125 3037 4180 addicturum
3067 4142 3194 4182 esse
3222 4136 3374 4181 certo
3397 4124 3593 4179 scirem.

2041 4215 2097 4269 Si
2137 4216 2252 4283 ipse
2280 4214 2496 4268 violarit
2527 4228 2951 4283 sacramentum,
2980 4229 3181 4271 cuncta
3220 4218 3331 4271 Deo
3367 4212 3597 4269 commit-

2044 4316 2175 4372 tam,
2214 4306 2304 4376 qui
2335 4316 2415 4361 est
2447 4308 2542 4362 illo
2572 4308 2867 4376 potentior.
2914 4325 2931 4359 ›
2966 4306 3194 4363 Nullum
3229 4318 3404 4362 tamen
3431 4320 3460 4360 e
3490 4302 3598 4356 ﬁliis

2045 4400 2211 4467 hnpio
2242 4398 2330 4453 isti
2367 4400 2584 4454 obviam
2636 4399 2804 4464 misit,
2852 4401 2947 4455 sed
2991 4403 3293 4468 optimates
3333 4397 3598 4469 quosdam.

367 4503 523 4557 patre
558 4489 794 4543 Thomas
840 4489 1092 4558 princeps
1138 4488 1354 4557 juvenis
1397 4489 1448 4541 in
1501 4488 1932 4556 Peloponnesum
1971 4492 2011 4543 Ι)
2045 4491 2377 4544 Demetrium
2402 4489 2739 4555 Leontarim,
2764 4490 3029 4545 lsaacium
3056 4493 3298 4548 Asanem
3326 4500 3380 4545 et
3404 4489 3601 4542 Manno-

371 4584 569 4635 trisms
600 4590 703 4633 est.
733 4580 848 4645 Quo
882 4580 1098 4649 quidem
1137 4589 1381 4649 tempore
1412 4579 1619 4648 Cpoiim
1656 4578 1816 4632 rediit
1839 4578 1940 4630 im-

370 4685 610 4740 peraltn‘,
651 4670 767 4739 ejus
794 4679 969 4738 pater,
1019 4680 1071 4725 et
1109 4684 1196 4725 me
1222 4672 1273 4725 in
1306 4670 1613 4725 cubiculum
1642 4668 1940 4752 assumpsit

371 4762 548 4817 Martii
577 4761 667 4816 die
702 4761 787 4826 l7,
830 4775 1003 4815 annos
1040 4771 1225 4815 natum
1271 4761 1510 4815 sedecim
1544 4768 1598 4816 et
1629 4759 1939 4823 dimidium,

371 4872 493 4909 cum
529 4856 641 4924 ipse
671 4853 759 4909 ille
792 4862 1009 4925 zelerna:
1057 4862 1110 4907 et
1138 4854 1313 4908 beatae
1349 4852 1625 4906 memoriae
1667 4850 1750 4904 vir
1784 4865 1940 4905 sexa-

371 4947 636 5017 gesimum
671 4954 923 5000 octavum
955 4959 1076 4999 cum
1103 4945 1327 4999 dimidio
1358 4954 1565 5015 ageret.

443 5041 597 5094 Anno
626 5038 788 5103 6927,
823 5052 1010 5095 mense
1057 5021 1373 5097 Novembri.
1424 5036 1631 5104 Cpotim
1659 5036 1810 5089 venit
1844 5036 1939 5090 do-

369 5134 512 5185 mina
547 5131 768 5200 Sophia,
813 5130 919 5183 tilia
964 5129 1299 5184 marcltionis
1347 5126 1762 5184 Montisl‘errati.
1808 5129 1936 5182 Eam

368 5219 456 5273 die
482 5216 722 5271 Januarii
756 5215 821 5270 l9
846 5216 1075 5271 solemni
1106 5215 1430 5269 creremonia
1463 5214 1614 5267 duxit
1650 5214 1941 5283 inaugura-

368 5320 564 5375 tusque
599 5318 684 5362 est
716 5309 767 5363 in
798 5308 913 5363 aede
957 5308 1015 5363 S.
1063 5307 1281 5377 Sophia:
1318 5306 1617 5374 imperator
1658 5304 1936 5371 Joannes;

368 5416 488 5466 qua:
522 5400 869 5468 inauguratio
896 5414 1164 5454 summam
1201 5397 1390 5452 habuit
1411 5396 1539 5452 festi
1572 5397 1676 5451 diei
1708 5397 1939 5451 celebri-

373 5503 534 5543 tatem
569 5492 779 5560 fuitque
824 5506 1013 5548 revera
1051 5492 1300 5546 solemne
1326 5490 1653 5546 solemnium
1684 5500 1738 5544 et
1770 5503 1937 5558 pane-

368 5584 514 5647 QVris
541 5584 909 5652 panegyrium.

441 5671 530 5724 57.
576 5674 729 5725 Anno
756 5673 894 5727 6928
924 5674 1094 5727 adfuit
1129 5688 1343 5728 ameras
1379 5673 1627 5743 Cyritzes
1667 5670 1935 5725 Mclieme-

370 5777 597 5832 tes,.per
632 5762 841 5835 Cpolim
878 5767 927 5818 in
958 5767 1136 5819 Asiam
1172 5768 1533 5834 profecturus.
1593 5764 1934 5819 Praenuntia-

2045 4580 2145 4632 lcm
2178 4578 2615 4634 Cantacuzenum
2650 4587 3102 4649 protostratorem
3142 4595 3270 4634 cum
3300 4576 3484 4632 multis
3510 4574 3598 4625 du-

2042 4669 2196 4722 cibus
2225 4677 2280 4723 et
2318 4669 2584 4724 militibus
2620 4670 3047 4738 muneribusque
3082 4671 3279 4740 regiis.
3315 4669 3470 4723 Circa
3502 4664 3598 4717 Cu.

2044 4759 2212 4813 tulum
2239 4760 2383 4813 obvii
2412 4758 2564 4823 facti,
2596 4762 2870 4828 prosecuti
2915 4776 3035 4816 eum
3079 4769 3213 4815 sunt
3245 4762 3313 4813 ad
3345 4755 3601 4828 duplicem

2043 4852 2394 4906 columnam:
2452 4867 2560 4920 quo
2612 4860 2725 4907 toto
2775 4853 2977 4907 itinere
3035 4867 3357 4907 sermonem
3410 4857 3604 4901 ameras

2044 4940 2359 4995 conferebat
2402 4956 2522 4996 cum
2558 4941 2833 4997 Leontari.
2880 4943 2990 4999 lllic
3021 4944 3188 4998 etiam
3226 4943 3519 5012 imperator
3559 4942 3606 4987 et

2043 5035 2163 5102 ejus
2202 5033 2294 5088 lilii
2327 5035 2376 5088 in
2413 5033 2624 5089 triremi
2654 5018 3054 5101 aderant,cruu
3082 5036 3193 5089 alia
3230 5031 3443 5088 triremi
3476 5027 3606 5084 cultu

2046 5125 2209 5195 regali
2233 5131 2443 5186 ornata,
2467 5139 2572 5193 qua
2603 5124 2930 5180 Mehetnetes
2966 5127 3286 5181 veheretur.
3311 5124 3444 5179 Eam
3473 5126 3608 5190 post-

2045 5230 2206 5285 quam
2238 5215 2559 5270 conscendit
2583 5230 2818 5281 ameras,
2860 5217 3092 5272 invicem
3129 5233 3194 5273 se
3228 5218 3283 5271 iu
3322 5216 3459 5270 mari
3486 5225 3608 5267 cou-

2044 5306 2368 5371 salutarunt,
2390 5305 2442 5359 in
2462 5320 2559 5360 sua
2578 5306 2811 5377 quisque
2832 5307 3042 5363 triremi
3069 5310 3238 5363 vecti.
3268 5307 3457 5376 Itaque
3480 5304 3609 5357 inter

2043 5398 2454 5468 eolloquendum
2492 5399 2558 5451 ad
2588 5398 2730 5453 Asia:
2760 5414 2855 5454 seu
2888 5402 3117 5455 orientis
3156 5401 3321 5455 littus
3360 5407 3610 5468 pervene—

2046 5498 2189 5552 runt,
2236 5489 2326 5543 ubi
2378 5489 2509 5543 urbs
2542 5498 2647 5557 est,
2687 5504 2807 5557 qua:
2857 5492 3007 5560 prius
3037 5490 3423 5560 Cltrysopolis,
3475 5494 3609 5539 nunc

2046 5579 2259 5634 Scutari
2306 5578 2527 5633 dicitur.
2570 5579 2643 5633 lbi
2676 5595 2890 5636 ameras
2932 5597 2961 5637 e
3000 5583 3210 5636 triremi
3250 5592 3529 5651 egressus,
3562 5573 3611 5628 in

2046 5671 2278 5726 tentoria
2321 5669 2439 5727 sive
2491 5671 2841 5726 tabernacula
2892 5674 2993 5727 sibi
3049 5683 3244 5745 parata
3300 5666 3611 5728 concessit;

2043 5766 2336 5835 imperator
2367 5777 2487 5816 cum
2538 5762 2660 5817 tiliis
2695 5763 2748 5818 in
2781 5766 3093 5822 triremibus
3138 5766 3343 5821 edebat
3367 5776 3433 5817 ac
3468 5756 3613 5813 bibe-
