3908 6196
256 340 366 404 ’ῖίθ

1322 347 1772 411 ΕΠΗΟΝΙΠΟΝ
1810 348 2081 411 MAJ'US.
2110 376 2175 385 —
2206 350 2355 413 LIB.
2393 354 2441 412 Ῐ.

3396 348 3509 411 733

260 470 381 517 σας,
408 457 436 506 6
460 452 515 506 δὲ
550 452 805 522 βασιλεὺς
836 455 929 510 καί
960 457 1006 510 οί
1033 456 1139 509 uio!
1162 458 1325 512 66106
1356 440 1644 512 ἔνίονδτῶν
1678 459 1830 528 τριή-
1861 464 1905 521 Α
1937 460 2094 514 ἔλαϐε
2130 462 2281 532 παρά
2311 462 2419 514 τῶν
2452 457 2972 531 συμϐουλευσάντων
3020 455 3182 511 66166
3237 472 3366 510 ποτε
3425 458 3513 510 (va

263 561 403 613 ρεων
439 546 626 614 ἤσθιον
658 548 751 600 καὶ
796 549 1003 613 ἔπινον,
1045 550 1139 601 καὶ
1170 550 1480 611 ἀποστολὰς
1523 552 1826 619 τροφίμους

258 630 338 698 εἷς
370 637 504 705 πρὸς
526 638 618 689 τὸν
652 637 840 706 ἕτερον
872 639 1220 693 ἀπέστελλον.
1259 639 1392 709 Περὶ
1418 639 1512 692 066
1538 639 1629 691 166
1660 641 1827 692 ἐσπε-

259 728 405 797 ρινδν
437 732 466 782 6
517 730 737 797 ἀμηρᾶς
785 730 1023 796 ἔφιππος
1072 731 1281 799 ἀπῆλθε
1332 734 1423 783 καὶ
1469 731 1519 783 οί
1551 732 1651 784 σὺν
1679 731 1830 797 αὐτῷ

256 822 345 874 διὰ
376 822 476 891 τῆς
522 821 641 874 6606
673 824 769 892 τῆς
805 824 935 891 περὶ
965 823 1063 893 τὴν
1112 824 1488 892 Νικομήδειαν
1529 825 1828 895 φερούσης,

256 916 284 967 6
309 914 365 965 δὲ
394 914 649 982 βασιλεὺς
675 915 769 967 καὶ
790 915 839 966 οί
878 914 980 965 υίοὶ
1014 914 1179 966 66106
1209 915 1453 984 ἀπῆλθον
1482 915 1687 969 οἴκαδε.

325 1007 427 1077 λη’.
457 1007 545 1076 Τῴ
567 1008 621 1060 δὲ
650 1007 770 1075 ἔαρι
799 1006 893 1060 τοῦ
944 1006 1110 1060 66106
1139 1006 1299 1069 E106;
1356 1006 1772 1076 ἐπαναστρέψσς
1802 1007 1832 1060 6

253 1099 474 1168 ἀμηρᾶς
499 1099 579 1159 είς
606 1100 703 1168 τὴν
724 1099 873 1152 δύσιν
919 1098 1009 1151 διά
1038 1098 1136 1167 τῆς
1186 1097 1308 1152 6606
1353 1100 1451 1163 τῆς
1496 1098 1833 1151 Καλλιουπό-

254 1189 391 1251 λεως
424 1178 666 1258 ἀπῆλθεν
691 1192 770 1254 είς
814 1192 912 1259 τὴν
951 1191 1425 1262 Ἀνδριανούπολιν
1458 1206 1472 1223 ο
1514 1192 1541 1242 6
1574 1190 1632 1242 δέ
1678 1190 1832 1258 βασι-

252 1280 377 1341 λεὺς
421 1281 717 1349 ἑτοιμάσας
741 1282 831 1334 166
856 1282 1151 1353 Aeowdptv
1179 1282 1491 1351 Δημήτριον
1517 1280 1652 1349 πρὸς
1690 1280 1834 1334 ἐκεῖ-

253 1387 343 1421 νον
369 1370 712 1437 ἀπέστειλεν,
738 1372 827 1425 ἵνα
855 1372 983 1443 περὶ
1010 1372 1122 1425 τῶν
1146 1372 1648 1441 προμελετωμένων
1686 1371 1835 1441 μάθῃ

256 1463 347 1514 καὶ
379 1463 529 1533 αὖτῷ
559 1462 901 1534 προμηνύσῃ,
935 1464 994 1516 ὃν
1037 1464 1131 1518 καὶ
1165 1464 1355 1534 ἐλέγξῃ
1400 1462 1556 1533 113
1591 1464 1717 1532 περὶ
1736 1462 1835 1526 τῆς

255 1555 425 1624 καλῆς
456 1556 676 1625 ἀγάπης
703 1555 795 1608 καὶ
823 1555 989 1626 τιμῆς
1028 1556 1096 1626 ἢν
1125 1556 1259 1625 πρὸς
1286 1558 1492 1609 ἐκεῖνον
1524 1553 1834 1619 ἐπεδείξατο

256 1648 349 1700 καλ⁸
371 1645 504 1715 περὶ
539 1645 632 1699 τοῦ
654 1648 975 1718 περάματος
1009 1647 1104 1700 καὶ
1131 1646 1220 1700 διά
1251 1646 1347 1700 τοῦ
1374 1647 1616 1701 τοιούτου
1666 1645 1835 1715 πρέσ-

256 1736 404 1799 ευος,
437 1738 533 1791 καὶ
558 1740 849 1809 πεγίσωπον
881 1739 1021 1808 λέγω
1052 1742 1145 1794 καὶ
1182 1741 1248 1794 16
1269 1740 1417 1810 δῶρα
1445 1739 1481 1793 ἃ
1507 1736 1833 1811 προσεκᾲμι-

1932 551 2103 623 πιάσῃ
2122 551 2311 605 αὐτόν’
2342 552 2623 619 εὑρίσκετο
2652 549 2710 604 δὲ
2734 551 2854 605 τότε
2885 552 2912 603 6
2948 549 3197 619 βασιλεὺς
3236 549 3303 602 δι’
3323 548 3502 602 αίτίαν

1928 642 2118 710 λοιμοῦ
2147 642 2204 693 ἐν
2226 645 2292 713 τῇ
2332 644 2468 712 μονῇ
2503 643 2599 711 τῆς
2654 642 3040 713 Περιολέπτου.
3097 639 3270 702 Μόλις
3313 637 3407 693 οὖν
3448 639 3498 692 δι

1930 734 2098 804 ἄλλης
2143 733 2262 787 6606
2321 734 2422 803 τῆς
2472 734 2608 804 πρὸς
2629 735 2727 802 τὴν
2781 732 3147 804 Μεσημϐρίαν
3194 729 3507 799 ἀπαγούσης

1932 824 2067 877 ποτὲ
2096 823 2330 878 ἔστειλεν
2357 827 2385 877 6
2431 825 2724 892 Δεοντάρις
2756 823 2981 894 δρομέα,
3016 827 3110 877 καὶ
3164 823 3373 877 ἐκεῖθεν
3425 822 3513 876 διὰ

1933 914 2211 981 Θαλάσσης
2240 913 2407 967 ἐλθὼν
2428 914 2720 983 ἐκομίσατο
2752 914 2970 983 γραφὴν
2998 912 3127 982 περὶ
3154 911 3249 965 τοῦ
3281 912 3509 965 Θανάτου

1942 1005 2103 1077 114
2134 1004 2228 1058 τοῦ
2266 1006 2456 1076 ἀμηρᾶ
2479 1020 2495 1037 ο
2523 1004 2616 1056 καὶ
2639 1004 2852 1071 ἐγένετο
2881 1005 2935 1056 ἐν
2980 1003 3166 1072 ἐκείνῃ
3202 1004 3266 1071 τῇ
3330 1002 3508 1071 ἡμέρᾳ

1932 1098 1991 1147 16
2034 1113 2048 1126 ·
2079 1116 2096 1148 ι
2147 1097 2428 1167 Ἐσπέρας
2461 1094 2860 1165 αὑλισθήσεται
2891 1094 3189 1162 κλαυθμὸς,
3230 1092 3325 1145 καὶ
3354 1094 3433 1155 είς
3454 1093 3511 1144 16

1933 1186 2078 1259 πρωῒ
2104 1188 2446 1256 ἀγαλλίασις.
2488 1205 2507 1239 ι
2540 1188 2651 1241 Καὶ
2692 1187 2798 1241 i606
2830 1186 3025 1239 ἔπεσον
3059 1186 3137 1247 είς
3166 1184 3357 1254 ἑτέραν
3388 1184 3510 1253 βου-
3576 1254 3587 1265 κ

1932 1279 2030 1349 λὴν
2067 1283 2159 1336 καὶ
2197 1280 2447 1350 μελέτην,
2486 1280 2713 1349 πότερον
2739 1278 2882 1348 ἔχειν
2911 1277 3051 1348 μετὰ
3098 1276 3196 1330 106
3263 1275 3379 1328 υίοῦ
3412 1275 3513 1328 66-

1933 1370 2031 1424 106
2074 1372 2410 1441 ’Δμουράτυυ
2441 1370 2663 1439 ἀγάπην
2690 1369 2784 1423 καὶ
2830 1367 3302 1439 παραχωρήσωσιν
3358 1362 3498 1419 εἶναι

1934 1463 2095 1515 66166
2121 1462 2407 1529 αὐθέντην,
2436 1461 2512 1524 ὡς
2550 1462 2645 1516 καὶ
2672 1461 2742 1514 16
2786 1460 3137 1529 ὁρκωμοτικά
3194 1458 3359 1512 66106
3407 1458 3513 1511 διε-

1934 1556 2231 1626 λάμϐανον,
2259 1556 2291 1626 ἢ
2319 1557 2407 1610 ἵνα
2430 1556 2639 1626 φέρωσι
2672 1555 2763 1609 166
2791 1555 3126 1622 Μουσταφᾶν
3151 1554 3257 1605 ἀπὸ
3287 1552 3387 1624 τὴν
3414 1554 3513 1607 Mt-

1937 1649 2129 1720 ζιθρᾶν
2160 1650 2255 1702 καὶ
2298 1650 2714 1718 καταστήσωσιν
2760 1647 2922 1700 66166
2977 1646 3240 1715 αὐθέντην
3287 1646 3365 1708 είς
3417 1642 3514 1712 τὴν

1937 1741 2109 1803 δύσιν,
2134 1740 2231 1793 καὶ
2254 1741 2283 1793 6
2342 1740 2683 1809 ’Δμουράτης
2720 1738 2900 1791 ἔσεται
2928 1739 2987 1791 ἐν
3016 1738 3081 1806 τῇ
3128 1736 3282 1804 Ἀσίᾳ
3319 1735 3513 1789 αὒθένο

256 1844 346 1880 σεν
404 1828 574 1898 αὐτῷ.
607 1806 791 1883 *Ἰδὼν
842 1806 1003 1884 66166
1047 1834 1075 1884 6
1128 1806 1358 1902 69.1196;
1377 1829 1513 1901 μετά
1542 1806 1708 1897 τιμῆς
1728 1806 1835 1879 ’καὶ
1862 1806 1911 1865 Β
1936 1848 2055 1902 της,
2084 1830 2177 1883 τοῦ
2206 1829 2304 1899 μὶν
2331 1806 2593 1897 βασιλέως
2617 1831 2708 1883 καὶ
2742 1830 2950 1898 πατρὸς
3008 1828 3071 1881 16
3131 1828 3345 1895 πρῶτον
3393 1827 3513 1896 βου-

256 1912 475 1983 ἀγάπης
516 1914 712 1986 πολλῆς
748 1916 962 1983 ἐδέξατο
988 1917 1076 1970 166
1108 1917 1366 1970 τοιοῦτον.
1412 1917 1521 1969 Καὶ
1543 1917 1695 1977 τέλος
1753 1908 1830 1966 εἷο

257 2021 353 2057 πεν
388 2004 537 2075 αὐτῷ
563 2006 592 2059 6
618 2006 835 2077 ἀμηρᾶς
864 2010 947 2061 ὅτι
975 2008 1213 2061 ἀσθενῶν
1241 2004 1353 2077 εἷχε
1402 2008 1551 2071 τινὰς
1592 2009 1827 2080 ἡμέρας,

257 2096 349 2151 καὶ
382 2098 521 2165 μετά
544 2097 604 2149 16
633 2098 852 2168 ὑγιᾶναι
894 2098 1055 2151 66166
1088 2099 1224 2169 ὁμοῦ
1270 2099 1679 2153 συναυλίσονται
1735 2102 1829 2155 καὶ

257 2189 725 2261 σῡνομιλήσουσιν.
768 2190 1001 2253 Ἐκεῖνος
1033 2190 1089 2244 δὲ
1128 2189 1265 2259 μετά
1303 2192 1449 2261 τρεῖς
1498 2190 1709 2263 ἡμέρας
1770 2195 1829 2246 16

254 2283 726 2353 ξῇνὲξεμέτρησε.
761 2284 869 2336 Καὶ
899 2285 947 2336 oi
983 2283 1076 2336 106
1107 2283 1373 2337 παλατίου
1427 2285 1592 2338 66106
1638 2286 1828 2355 βουλη-

253 2373 412 2443 φόροι
464 2374 565 2426 οὐκ
616 2373 971 2444 ἀπεκάλυψαν
1015 2375 1074 2426 16
1128 2374 1344 2444 069.666
1386 2376 1463 2445 τῷ
1495 2376 1785 2448 Δεοντάρει
1811 2393 1825 2408 ·

250 2464 367 2517 ἀλλ’
395 2467 453 2517 ἐν
476 2468 543 2535 τῇ
574 2469 746 2534 σκηνῇ
786 2465 949 2520 αἰτοῦ
979 2461 1069 2537 ἦν,
1102 2467 1241 2536 τάχα
1296 2466 1593 2536 θαυμάζων
1616 2468 1731 2530 πῶς
1767 2468 1827 2521 o6

253 2558 641 2626 προσεκαλεῖτο
666 2559 827 2612 66166
856 2560 883 2611 6
907 2559 1145 2629 ἀμηρᾶς,
1172 2559 1318 2620 ὅπως
1343 2561 1435 2610 καὶ
1464 2558 1559 2621 τὰς
1586 2558 1829 2622 δουλείας

250 2651 425 2705 66106
455 2652 681 2723 ἀκούσῃ.
719 2651 854 2704 Κατ’
887 2652 1055 2721 αὐτὴν
1077 2651 1186 2721 γὰρ
1213 2649 1313 2719 τὴν
1343 2649 1493 2719 ὥραν
1520 2650 1707 2703 τούτου
1738 2650 1829 2703 166

251 2745 483 2801 θάνατον
513 2744 698 2813 μαθὼν
725 2743 953 2806 πολλοὺς
981 2743 1536 2812 γραμματοκομιστάς
1584 2744 1612 2795 6
1664 2746 1828 2796 Λεον⁶

251 2836 409 2908 τάρις
451 2836 765 2889 ἀπέστειλεν
791 2838 927 2904 πρὸς
960 2835 1052 2887 166
1087 2834 1332 2903 βασιλέα,
1381 2834 1472 2887 καὶ
1503 2833 1603 2886 οὐκ
1643 2834 1827 2900 ἐδυνή-

251 2928 428 2997 θησαν
468 2926 722 2980 ἀπελθεῖν
772 2926 862 2980 διά
887 2927 948 2979 τὺ
979 2921 1115 2979 εἶναι
1159 2924 1487 2993 κλεισμένας
1521 2924 1618 2987 16;
1654 2924 1829 2994 λάθρα

250 3018 524 3087 φερούσας
549 3017 701 3079 ὁδοὺς
730 3018 809 3080 είς
840 3015 939 3086 τὴν
988 3016 1163 3069 πόλιν.
1237 3014 1344 3071 Καὶ
1394 3012 1566 3077 οὕτως
1624 3014 1826 3085 ἡμέραι

249 3108 507 3161 πλεῖσται
541 3106 838 3178 παρῆλθον,
872 3104 964 3174 ἀφ’
993 3101 1053 3159 οὗ
1082 3105 1146 3174 δὴ
1174 3105 1232 3157 16
1294 3103 1433 3157 κατά
1470 3104 1566 3173 τῆς
1620 3104 1827 3166 πόλεως

248 3162 966 3267 ἀπεκαλύφθημυστήιριον,
994 3198 1087 3249 καὶ
1116 3162 1276 3266 θρους
1296 3194 1468 3264 μέγας
1497 3162 1711 3263 ἐξένετο
1735 3162 1830 3248 καί
1857 3162 1901 3223 C

251 3291 423 3362 βουλὴ
450 3293 542 3344 καὶ
568 3291 899 3361 μελέτη,καὶ
929 3290 1157 3354 πολλοὺς
1197 3290 1450 3359 ἐλέγχους
1476 3291 1523 3345 κὸ
1578 3288 1829 3360 βασιλεὺς

250 3470 349 3525 bat
385 3477 593 3539 :atque
625 3470 854 3524 invicem
886 3469 987 3525 sibi
1020 3478 1206 3539 partes
1232 3470 1492 3525 delicatas
1519 3471 1826 3525 mittebant.

252 3562 373 3618 Sub
413 3576 699 3632 vesperam
737 3577 975 3628 ameras,
1021 3578 1161 3632 equo
1194 3550 1456 3637 iniiidens,
1492 3572 1545 3616 et
1575 3563 1665 3632 qui
1705 3580 1829 3618 eum

252 3656 681 3720 comitabantur,
710 3656 1082 3711 Nicomediam
1115 3670 1307 3710 versus
1341 3655 1615 3717 abierunt,
1658 3655 1835 3724 impe-

255 3758 412 3803 rator
447 3764 568 3803 cum
608 3748 732 3804 [iliis
765 3749 987 3804 domum
1024 3749 1299 3804 discessit.

323 3842 421 3897 58.
448 3840 588 3897 Vere
618 3842 861 3910 ejusdem
892 3842 1021 3896 anni
1046 3851 1325 3896 revertens
1356 3856 1571 3897 ameras
1600 3841 1653 3895 in
1682 3841 1831 3896 occi-

254 3934 502 3997 dentem,
546 3935 631 3988 via
671 3948 792 4003 quae
826 3942 978 3989 trans
1028 3933 1368 4003 CalliOpolim
1421 3934 1595 3997 ducit,
1642 3936 1833 3987 Adria-

256 4032 501 4100 nopolim
534 4034 814 4103 profectus
845 4042 952 4089 est.
990 4033 1291 4104 imperator
1317 4032 1381 4087 ad
1410 4048 1530 4087 eum
1557 4033 1835 4102 expedivit

257 4125 599 4181 Demetrium
652 4127 986 4192 Leontarim,
1045 4138 1125 4191 ut,
1175 4143 1294 4198 qua:
1345 4126 1534 4181 inisset
1581 4127 1831 4189 consilia,

257 4231 622 4290 cngnosceret
650 4222 860 4291 sibique
899 4222 1261 4287 renuntiaret,
1300 4235 1534 4289 eumque
1558 4222 1621 4274 de
1661 4221 1834 4289 gratia

255 4323 310 4368 et
343 4313 576 4378 honore,
608 4330 728 4383 qua:
766 4315 815 4367 ei
858 4314 1219 4383 praestitisset,
1245 4324 1298 4368 et
1326 4315 1393 4367 de
1435 4312 1836 4367 transvectione

256 4416 537 4470 moneret,
562 4406 774 4474 legatus
812 4414 921 4460 tum
947 4420 1191 4475 persona:
1220 4406 1503 4475 dignitate,
1536 4413 1646 4455 tmn
1675 4405 1839 4455 dono-

1932 1922 2224 1991 λευομένου
2261 1923 2352 1975 καὶ
2382 1922 2656 1989 κρίνοντος
2700 1920 2926 1982 δικαίως
2954 1922 3016 1973 ἐκ
3059 1920 3270 1972 πολλῶν
3327 1919 3514 1971 αἰτιῶν

1932 2014 2018 2068 ῐνα
2048 2015 2077 2066 6
2135 2013 2476 2083 ’Δμουράτης
2522 2012 2786 2080 αὐθέντης
2841 2012 3089 2082 γένηται,
3139 2010 3232 2064 τοῦ
3285 2011 3343 2063 δὲ
3397 2010 3514 2062 υίο]

1929 2107 2093 2161 66106
2124 2107 2215 2159 καὶ
2245 2108 2339 2160 106
2367 2104 2821 2175 Καντακουζηνοῦ
2870 2104 3184 2176 Δημητρίου
3234 2104 3321 2157 ἵνα
3361 2104 3518 2169 ποιήο

1930 2214 2065 2251 σωσι
2096 2200 2188 2251 τὸν
2215 2198 2572 2268 Μουσταφᾶν,
2593 2196 2845 2265 λέγοντες
2878 2197 2961 2250 ὄτι
2996 2195 3161 2249 ἐδιδεν
3182 2196 3366 2257 αὐτοῖς
3421 2195 3519 2247 καὶ

1927 2288 2027 2358 τὴν
2064 2289 2484 2343 Καλλιούπολιν.
2517 2290 2686 2353 Μόλις
2719 2288 2776 2343 δέ
2810 2306 2942 2343 ποτε
2970 2289 3132 2342 oio-ul
3165 2287 3304 2341 κατά
3330 2294 3527 2357 παρα-ι’

1928 2380 2171 2451 χώρησιν
2202 2383 2230 2434 6
2267 2381 2521 2451 βασιλεὺς
2550 2381 2782 2435 δέδωκεν
2804 2380 3051 2445 ἐξουσίαν
3071 2380 3149 2450 τῷ
3176 2378 3295 2449 ζυίῷ
3350 2378 3517 2432 66106

1928 2472 2099 2540 λέγων
2127 2489 2140 2504 ·
2174 2492 2193 2525 ι
2249 2472 2388 2541 Ἐγὼ
2420 2472 2527 2543 γὰρ
2560 2473 2698 2543 εἰμὶ,
2722 2474 2803 2527 υίέ
2830 2490 2954 2543 μου,
2983 2473 3163 2541 γέρων
3216 2473 3311 2525 καί⁸
3356 2469 3517 2524 ἀσθε-

1929 2563 2023 2633 νὴς
2050 2566 2141 2616 καὶ
2168 2565 2333 2631 ἐγγὺς
2362 2564 2454 2617 τοῦ
2482 2564 2712 2619 θανάτου
2737 2580 2753 2597 ·
2800 2563 2899 2633 τὴν
2949 2558 3044 2616 οὖν
3094 2561 3370 2632 βασιλείαν
3416 2564 3513 2614 καί¹

1927 2654 1994 2705 16
2027 2655 2196 2722 αὐτῆς
2222 2654 2427 2707 δέδωκά
2462 2670 2567 2715 σοι,
2592 2653 2685 2706 καὶ
2737 2651 2943 2722 πρᾶξον
3000 2650 3074 2712 ὡς
3113 2648 3314 2719 βούλει.
3358 2666 3376 2699 ι
3425 2648 3515 2701 Ἐν

1925 2743 1984 2795 δὲ
2014 2743 2090 2813 τῷ
2113 2743 2475 2813 Σεπτεμϐρίῳ
2504 2743 2634 2812 μηνὶ
2658 2743 2752 2795 τοῦ
2780 2739 2966 2813 ,ςῖᾒκίγ
2994 2741 3145 2801 €106;
3181 2739 3318 2809 μετὰ
3344 2737 3511 2791 πλεί-

1930 2850 2072 2886 στων
2107 2835 2381 2904 τριήρεων
2405 2832 2650 2901 ἀπῆλθεν
2682 2833 2761 2896 είς
2789 2832 2888 2900 τὴν
2913 2829 3310 2883 Καλλιούπολιν
3338 2831 3367 2880 6
3412 2828 3509 2896 βα-

1930 2921 2111 2983 σιλεὺς
2138 2922 2243 2991 κὺρ
2283 2921 2537 2993 Ἰωάννης
2568 2922 2718 2988 ἄγων
2750 2919 2846 2972 066
2875 2918 3023 2988 αὑτῷ
3047 2917 3142 2970 καὶ
3166 2918 3259 2970 166
3282 2914 3508 2985 ἀμηρᾶν

1928 3016 2271 3085 Μουσταφᾶν
2319 3014 2429 3068 ἀπὸ
2478 3014 2577 3084 τῆς
2633 3012 3057 3081 Πελοποννήσου,
3108 3009 3206 3064 καὶ
3244 3009 3511 3076 αὐθέντην

1932 3106 2181 3172 ἐξέϐαλεν
2219 3109 2296 3169 είς
2336 3105 2435 3176 τὴν
2458 3104 2634 3159 δύσιν.
2701 3104 2812 3157 Καὶ
2841 3103 2875 3173 ή
2916 3101 3308 3164 Καλλιούπολις
3344 3116 3513 3168 προσ-

1932 3197 2193 3267 εκύνησεν
2215 3195 2379 3249 αὐτόν
2411 3212 2426 3226 ⁸
2463 3195 2559 3249 καὶ
2592 3194 2729 3265 μετά
2760 3210 2911 3256 τινας
2957 3193 3170 3264 ἡμέρας
3216 3192 3511 3261 ζητηθείσει

1932 3291 2084 3360 παρά
2105 3288 2196 3344 τοῦ
2228 3288 2492 3361 βασιλέως
2525 3288 2664 3358 τάχα
2699 3285 2844 3341 κατὰ
2868 3285 2964 3349 τὰς
2993 3285 3333 3355 ὑποσχέσεις,
3366 3285 3509 3338 ἀπε-

1936 3472 2218 3526 ltemeuter
2268 3469 2635 3539 reprehensus
2686 3478 2771 3524 est
2818 3466 3117 3537 imperator
3164 3464 3235 3519 ab
3284 3463 3355 3519 iis
3415 3464 3511 3533 qui

1934 3578 2174 3618 ameram
2217 3560 2787 3633 comprehendendum
2834 3574 2959 3615 esse
3019 3559 3147 3613 olim
3202 3566 3515 3616 suaserant.

1942 3655 2277 3711 Versabatur
2309 3666 2421 3709 tum
2456 3657 2752 3725 imperator
2784 3655 2957 3725 pestis
2998 3653 3236 3707 vitandae
3264 3665 3425 3706 causa
3459 3651 3512 3702 iu

1941 3747 2277 3803 monasterio
2314 3747 2657 3815 Peribleptze.
2690 3744 2791 3799 Vix
2833 3746 3052 3799 tandem
3084 3744 3189 3799 alia
3238 3744 3348 3807 via,
3384 3757 3507 3811 quas

1941 3838 2322 3893 Mesembriam
2356 3838 2586 3902 ferebat,
2622 3835 2907 3889 Leontaris
2938 3835 3155 3889 mittere
3184 3835 3359 3903 potuit
3386 3848 3516 3886 cura

1937 3946 2144 3991 sorem,
2178 3931 2271 3999 qui
2326 3929 2453 3983 inde
2499 3945 2593 3998 per
2635 3942 2786 3983 mare
2832 3926 3132 3997 profectus,
3191 3926 3403 3981 litteras
3449 3927 3518 3978 de

1936 4022 2087 4076 obitu
2129 4018 2327 4074 amerae
2364 4019 2545 4073 attulit
2579 4037 2592 4074 :
2646 4028 2811 4087 atque
2858 4016 3275 4085 comprobatum
3321 4024 3406 4070 est
3445 4032 3516 4069 eo

1937 4114 2023 4169 die
2055 4114 2258 4168 dictum
2310 4112 2441 4166 illttd
2482 4127 2497 4164 :
2551 4131 2569 4158 ι
2599 4109 2822 4178 Vesperi
2869 4108 3025 4164 ﬂetus
3083 4108 3209 4171 erit,
3257 4115 3311 4161 et
3350 4121 3513 4159 mane

1938 4206 2148 4261 lzetitia.
2184 4224 2203 4256 ι
2244 4203 2321 4258 Ειι
2358 4216 2562 4269 autem,
2595 4206 2660 4257 ad
2691 4203 2853 4256 aliam
2883 4216 3070 4256 curam
3106 4199 3356 4255 conversi
3388 4208 3518 4254 sunt

1940 4307 1993 4351 et
2043 4296 2527 4359 consultationem,
2562 4302 2741 4348 utrum
2788 4309 2908 4347 cum
2944 4291 3052 4347 ﬁlio
3086 4291 3203 4361 ejus
3252 4292 3517 4343 Amurate

1941 4385 2238 4439 amicitiam
2269 4385 2472 4438 inirent
2499 4398 2735 4453 eumque
2769 4385 3012 4437 sinerent
3036 4382 3336 4452 principem
3367 4396 3511 4443 esse,

257 4513 408 4563 mm,
442 4513 565 4566 qua
614 4498 855 4562 amna,
899 4496 1257 4567 amplimdinc
1300 4496 1548 4566 ειμίεηίε,
1607 4495 1835 4561 Excepit
1872 4513 1916 4568 ι)
1942 4478 2398 4548 quemadmodum
2426 4491 2558 4530 sane
2589 4475 2707 4545 ejus
2730 4475 3020 4544 exigebant
3052 4482 3416 4537 sacramenta,
3447 4489 3515 4528 at)

255 4603 384 4642 eum
411 4589 703 4643 admodum
737 4600 791 4644 et
820 4589 1124 4645 honoriﬁce
1166 4600 1219 4643 et
1250 4588 1425 4643 amice
1458 4602 1692 4653 ameras,
1720 4597 1839 4639 tan-

256 4683 504 4749 demque
540 4680 590 4734 ei
642 4680 807 4747 dixit,
846 4690 1111 4749 aegrotare
1148 4694 1208 4735 se
1259 4680 1379 4735 dies
1423 4679 1535 4749 jam
1584 4678 1836 4748 aliquot:

255 4781 559 4841 postquam
614 4772 1008 4839 convaluisset,
1066 4788 1371 4828 sermonem
1427 4788 1487 4829 se
1540 4772 1838 4827 collaturos

253 4881 408 4921 esse.
445 4867 516 4919 At
549 4873 671 4933 post
696 4864 839 4918 diem
873 4868 1090 4919 tertium
1125 4866 1293 4919 vitam
1337 4866 1534 4935 posuit.
1569 4864 1839 4917 Consilia-

254 4958 323 5011 rii
356 4956 479 5027 ejus
502 4956 749 5025 palatini,
780 4957 922 5025 quod
942 4966 1221 5020 evenerat,
1248 4972 1351 5011 non
1379 4971 1638 5026 aperuere
1661 4957 1839 5010 Leon-

261 5050 394 5113 tati,
433 5054 527 5117 qui
562 5049 614 5102 iu
649 5050 887 5105 tentorio
914 5065 1013 5104 suo
1045 5048 1298 5117 degebat,
1338 5049 1568 5110 mirans,
1596 5064 1694 5103 cur
1732 5063 1838 5101 non

259 5151 563 5194 vocaretur
593 5140 661 5194 ab
708 5154 891 5194 amera
925 5142 992 5193 ad
1035 5138 1416 5208 esplicaudum
1468 5140 1516 5192 ei
1553 5138 1842 5207 legationis

260 5233 515 5289 consilia.
537 5236 652 5304 Ipsa
672 5242 853 5288 autem
884 5232 1037 5299 hora,
1079 5246 1183 5299 qua
1212 5246 1332 5285 eum
1360 5230 1543 5285 obisse
1565 5232 1839 5298 cognovit,

264 5328 591 5382 tabellarios
641 5328 947 5397 complures
994 5327 1058 5381 ad
1090 5326 1475 5395 imperatorem
1530 5324 1701 5389 misit,
1749 5320 1841 5391 qui

263 5431 478 5485 tamen,
522 5422 781 5491 quoniam
830 5422 957 5485 vize,
988 5437 1106 5490 quae
1137 5420 1343 5489 Cpolim
1388 5416 1657 5481 ferebant,
1703 5417 1839 5469 clam

261 5512 549 5583 praeclusa
574 5522 756 5577 erant,
789 5528 852 5568 eo
880 5512 1162 5580 pervenire
1187 5525 1291 5565 non
1320 5506 1843 5579 potueruntJtaque

262 5606 427 5659 multi
474 5606 590 5659 dies
625 5604 902 5669 eﬂluxere,
941 5619 1005 5659 ex
1054 5617 1161 5675 quo
1213 5617 1474 5658 arcanum
1526 5598 1843 5655 invadenda

268 5697 422 5750 urbis
453 5697 745 5751 consilium
774 5698 967 5765 patuit,
994 5696 1364 5763 tumultusque
1400 5698 1588 5761 ingens
1619 5700 1842 5744 exortus

265 5795 383 5855 est,
407 5788 690 5857 multaque
722 5787 1039 5843 deliberatio
1070 5794 1123 5842 et
1158 5787 1464 5842 sollicitudo
1497 5793 1636 5847 erat,
1667 5790 1717 5836 ct
1748 5796 1839 5835 ve-

1945 4571 2311 4639 Mustapltam,
2342 4568 2593 4622 Miaithra
2622 4570 2924 4630 reductum,
2960 4566 3012 4619 in
3047 4564 3329 4620 occidente
3362 4566 3513 4634 prin-

1945 4664 2119 4733 cipem
2154 4663 2575 4725 constituerent,
2630 4659 2923 4713 Amurates
2973 4658 3226 4727 princeps
3266 4668 3408 4711 esset
3459 4657 3514 4709 iu

1946 4759 2178 4812 oriente.
2232 4754 2535 4826 Imperator
2586 4761 2762 4824 pater,
2819 4753 2913 4824 qui
2952 4754 3163 4823 primus
3191 4751 3516 4807 sententiam

1944 4850 2105 4917 dixit,
2138 4847 2324 4906 multis
2353 4850 2418 4903 de
2462 4849 2649 4903 causis
2671 4858 2885 4915 :rquum
2920 4845 3222 4916 judicabat,
3260 4853 3316 4897 ut
3348 4860 3519 4913 penes

1943 4946 2258 4999 Amuratetn
2292 4957 2472 4996 rerum
2508 4955 2719 4995 summa
2741 4946 2906 5003 esset,
2942 4939 3082 4993 ﬁlius
3114 4947 3294 4992 autem
3327 4939 3443 5007 ejus
3464 4947 3515 4987 et

1947 5035 2258 5095 Demetrius
2309 5034 2747 5095 (iantacuzeuns,
2800 5043 2857 5084 ut
2902 5029 3214 5097 Mustapltas
3263 5028 3517 5095 princeps

1948 5130 2123 5193 ﬁeret,
2153 5127 2297 5197 quod
2336 5128 2381 5183 is
2410 5123 2673 5179 Romanis
2702 5123 2939 5177 dedisset
2962 5118 3327 5188 Calliopolim.
3370 5116 3513 5169 Tan-

1946 5224 2092 5283 dem,
2119 5221 2247 5275 licet
2272 5233 2434 5288 σιεγε,
2464 5219 2758 5288 imperator
2787 5215 2898 5268 tilio
2919 5213 3136 5282 agendi,
3166 5210 3306 5279 quod
3332 5207 3494 5262 vellet

1945 5322 2273 5381 potestatem
2307 5310 2580 5364 concessit
2608 5309 2693 5362 bis
2720 5306 2905 5361 verbis
2943 5320 2957 5357 :
2994 5321 3011 5354 ι
3044 5301 3145 5356 Fili
3187 5300 3283 5362 mi,
3315 5313 3414 5368 ego
3434 5312 3518 5351 sc-

1946 5420 2049 5460 nex
2095 5404 2313 5457 inﬁrma
2342 5402 2651 5456 valetudine
2682 5409 2738 5454 et
2772 5396 2930 5451 morti
2968 5395 3305 5465 propinquus
3336 5404 3456 5444 sum
3490 5404 3508 5443 :

1948 5500 2125 5566 itaque
2181 5494 2276 5549 tibi
2301 5495 2453 5549 trado
2481 5492 2765 5562 imperium
2799 5498 2852 5545 et
2884 5504 3002 5558 quae
3031 5487 3099 5541 ad
3122 5487 3175 5540 id
3202 5483 3469 5553 pertinent
3499 5496 3518 5537 :

1947 5592 2135 5653 ῐιιιιῐιυ,
2197 5587 2342 5657 quod
2399 5586 2691 5657 placuerit.
2726 5603 2744 5635 ι
2802 5583 2984 5637 Mense
3035 5579 3340 5650 Septembri
3387 5576 3518 5633 anni

1945 5682 2082 5739 6929
2118 5680 2307 5734 multis
2326 5695 2448 5734 cum
2477 5676 2796 5731 triremibus
2820 5672 3154 5741 Calliopolim
3180 5671 3324 5726 venit
3345 5668 3520 5723 Joan-

1914 5793 2045 5832 rnes
2096 5774 2414 5843 imperator,
2454 5770 2795 5839 Mustapltatn
2826 5784 2856 5823 ο
2902 5766 3275 5833 Peloponneso
3326 5774 3514 5819 secum
