3916 6196
427 284 535 359 735

1616 250 1966 352 eeoasu
1996 289 2425 352 PHRANTZA!
3528 299 3617 363 736

426 412 686 468 δεσπότου
713 410 937 472 ἀπόντος
965 409 1045 472 είς
1077 407 1139 458 τὸ
1163 408 1444 475 κυνήγιον,
1497 410 1651 475 κᾰγω
1714 408 1994 476 ἀνέγνωσα
2020 406 2072 466 Α
2096 407 2353 461 δέσποινα
2372 407 2459 460 ἴνα
2487 405 2708 477 σηρικδν
2739 405 2939 475 ἔνδυμα
2970 408 3309 478 προσφέρωσί
3338 427 3427 478 μοι
3474 415 3618 467 καλὸν

426 506 515 559 τὸν
549 506 776 575 χάρτην,
808 505 899 556 καὶ
923 502 1249 564 ἀκούσαντες
1280 502 1362 554 ὅτι
1392 501 1623 569 ὑγιαίνει
1657 504 1750 555 καὶ⁸
1773 503 1994 573 ἔμελλεν

425 598 599 651 ἐλθεῖν
626 596 803 658 καλῶς
837 596 916 657 είς
952 595 1019 648 τὰ
1043 597 1168 664 περὶ
1201 594 1299 664 τὴν
1332 595 1572 662 μεγάλην
1598 593 1847 663 Βλαχίαν,
1901 597 1995 648 καὶ

423 691 571 751 ὅπως
606 688 879 742 ἀπέλθωσι
910 688 1155 758 τριήρεις
1179 688 1257 749 είς
1288 687 1380 739 τὸν
1408 687 1569 739 τόπον
1600 687 1692 740 τὸν
1728 678 1997 756 ἐπονομα-

423 764 650 848 ξόμενον
696 777 924 832 Κελλίον
972 778 1129 847 120
1171 778 1264 830 καὶ
1319 778 1519 846 ἄρασαι
1571 777 1735 831 αὐτὸν
1764 778 1991 847 φέρωσι.

424 873 705 943 ἐχάρησαν
740 871 877 925 λίαν.
912 872 1020 925 Καὶ
1052 873 1192 941 μετὰ
1235 878 1427 941 μικρὸν
1467 872 1730 935 κελεύσας
1771 875 1798 926 6
1840 873 1992 943 βασι-

427 964 554 1025 λεὺς
586 965 674 1016 τὸν
708 963 1101 1033 ίματοφύλοικα,
1132 963 1297 1016 ἔδωκέ
1341 980 1429 1032 μοι
1473 963 1726 1017 καόἀδιον
1780 965 1994 1032 μολιϐὸν

424 1058 704 1125 χαμουχὰν
742 1056 882 1122 μετὰ
908 1056 1282 1124 βαρεοκοιλίας
1336 1055 1682 1121 ἐνδεδυμένον
1739 1057 1832 1108 καὶ
1864 1074 1996 1125 χρυ-

428 1150 544 1200 σίου
575 1125 944 1217 κεντηνάριον,
971 1148 1050 1200 ἔτι
1081 1147 1137 1199 δὲ
1164 1149 1255 1199 καὶ
1283 1146 1375 1200 τὸν
1423 1148 1708 1202 κάλλιστον
1757 1149 1997 1215 γλωσσό-

424 1255 593 1308 κομον
614 1239 706 1292 τὸν
754 1240 928 1308 μέγαν
958 1240 1047 1290 καὶ
1076 1238 1292 1308 ὡραῖον,
1318 1241 1376 1292 ὃν
1404 1242 1508 1309 πέρ
1549 1241 1669 1293 ποτ’
1689 1242 1821 1310 ἐμοῦ
1869 1244 1992 1311 ἐζή-

426 1346 507 1380 τει
532 1342 545 1357 '
582 1323 694 1398 εἶχε
717 1329 825 1396 γὰρ
849 1330 931 1381 ὅδε
962 1331 988 1379 6
1009 1330 1390 1399 γλωσσόκομος
1439 1331 1585 1383 ἔνδον
1612 1332 1828 1402 λάφυρα
1866 1334 1993 1398 ἄξια

429 1418 552 1479 θέας
577 1418 747 1471 πολλὰ
768 1418 860 1471 καὶ
888 1417 1027 1471 καλὰ
1050 1418 1140 1471 καὶ
1162 1418 1325 1488 ἕτερα
1351 1419 1462 1488 είδη
1493 1419 1792 1489 θαυμάσια,
1849 1421 1992 1493 ἅπερ

424 1508 699 1576 ὲδώθησαν
733 1508 955 1578 ὕστερον
991 1510 1128 1578 μετὰ
1156 1510 1252 1578 τὴν
1276 1510 1586 1579 ἀποδημίαν
1611 1511 1774 1585 αὑτοῦ
1802 1513 1865 1565 ὲκ
1892 1513 1992 1580 τῆς

420 1598 576 1651 ἔνθεν
601 1599 768 1667 ζωῆς,
799 1600 867 1652 τὰ
900 1598 996 1669 μὲν
1022 1602 1133 1663 τοῖς
1161 1602 1296 1663 υἱοῖς
1330 1601 1519 1669 αὑτοῦ,
1551 1603 1619 1655 τα
1658 1602 1711 1654 δὲ
1736 1605 1874 1674 ὑπὲρ
1896 1606 1991 1674 τῆς

2098 500 2360 568 πράσινον
2390 500 2481 553 καὶ
2513 500 2819 570 νομίσματα
2851 502 3205 571 πεντήκοντα,
3231 505 3261 573 ἡ
3300 504 3353 555 δὲ
3382 507 3468 558 νέα
3517 509 3619 560 δέσ-

2096 609 2257 645 ποινα
2285 593 2570 661 μηνύσασα
2608 610 2697 661 μοι
2727 594 2808 646 ὄτι
2837 593 2895 645 τὸ
2922 593 3064 645 δεῖνα
3092 595 3254 663 αὐτῆς
3284 596 3475 664 ἔνδυμα
3506 600 3616 670 ἐση-

2094 698 2184 733 ται
2207 685 2270 750 τῇ
2297 682 2429 752 ἐμοῦ
2452 682 2708 750 συνεύνῳ,
2736 684 2864 735 ὅταν
2908 686 3125 749 γυναικὶ
3158 685 3514 753 συναρμοσθῶ,
3538 689 3620 741 καὶ

2097 774 2343 841 χρυσίνοι
2368 775 2803 844 τεσσαράκοντα.

2166 865 2243 933 Τῇ
2271 865 2325 916 δὲ
2367 862 2450 917 κα⁹
2497 865 2592 918 τοῦ
2660 866 2876 919 Ἰουλίου
2927 867 3092 936 μηνὸς
3134 868 3226 921 τοῦ
3282 869 3436 922 αὐτοῦ
3492 870 3622 936 ἔτους

2095 958 2417 1027 κεκοίμηται
2447 958 2475 1009 6
2506 960 2563 1011 ὲν
2585 962 2649 1029 τῇ
2679 959 2923 1030 μακαρίᾳ
2973 962 3036 1027 τῇ
3070 960 3218 1029 λήξει
3264 962 3491 1030 ἀοίδιμος
3543 965 3624 1037 καὶ

2095 1048 2324 1117 εὐσεϐὴς
2350 1048 2603 1117 βασιλεὺς
2635 1052 2741 1119 κὺρ
2804 1051 3083 1119 Μανουὴλ,
3136 1050 3188 1113 ὃς
3230 1051 3314 1105 διὰ
3367 1042 3456 1105 τοῦ
3499 1053 3621 1107 θείου

2096 1140 2190 1192 καὶ
2229 1140 2519 1207 ἀγγελικοῦ
2558 1142 2833 1209 σχήματος
2859 1143 3249 1213 μετωνομάσθη
3294 1143 3394 1210 πρὸ
3430 1145 3622 1213 ἡμερῶν

2094 1233 2187 1284 δύο
2220 1232 2317 1301 τῆς
2355 1232 2519 1301 θανῆς
2552 1232 2715 1285 αὐτοῦ
2747 1233 3023 1295 Ματθαῖος
3060 1235 3289 1302 μοναχός
3320 1250 3335 1264 '
3364 1237 3447 1288 καὶ
3473 1236 3621 1305 ἐτάφη

2094 1322 2155 1377 ἐν
2183 1325 2249 1391 τῇ
2287 1322 2558 1393 σεϐασμίᾳ
2594 1322 2844 1393 βασιλικῇ
2874 1325 2968 1375 καὶ
3024 1324 3340 1393 περικαλλεῖ
3373 1328 3496 1395 μονῇ
3544 1326 3621 1377 τοῦ

2095 1416 2573 1485 Παντοκράτορος,
2610 1417 2747 1483 μετὰ
2777 1415 3008 1478 πένθους
3037 1416 3134 1467 καὶ
3161 1415 3453 1486 συνδρομῆς
3472 1416 3549 1468 cla
3569 1418 3619 1468 οὗ

2093 1508 2281 1574 γέγονε
2319 1508 2536 1560 πώποτε
2595 1508 2733 1576 πρός
2793 1525 2909 1560 τινα
2961 1508 3067 1560 τῶν
3116 1508 3311 1562 ἄλλων.
3375 1503 3537 1561 Ἦσαν
3576 1510 3624 1562 δὲ

2094 1603 2264 1654 πᾶσαι
2298 1601 2353 1653 al
2380 1600 2582 1670 ἡμέραι
2613 1600 2709 1667 τῆς
2750 1600 2895 1669 ζωῆς
2927 1599 3093 1654 αὐτοῦ
3146 1600 3240 1670 ἐτη
3270 1597 3343 1663 οξ
3382 1600 3469 1653 καὶ
3511 1601 3628 1668 ἡμέ.

422 1688 583 1755 ἁγίας
636 1688 816 1759 ψυχῆς
861 1690 1047 1745 αὑτοῦ.
1107 1690 1311 1744 Τοῦτον
1376 1692 1485 1761 γὰρ
1517 1691 1608 1745 τὸν
1648 1695 1847 1763 ὡραῖον
1898 1698 1991 1747 καὶ
2021 1732 2066 1792 Β
2097 1711 2185 1761 ραι
2218 1699 2316 1755 κε’,
2364 1694 2421 1758 ἐξ
2476 1685 2550 1745 ὧν
2603 1692 2950 1746 ἐϐασίλευσεν
3010 1693 3105 1761 ἐτη
3139 1693 3232 1745 δύο
3264 1692 3356 1744 καὶ
3388 1693 3625 1761 τεσσαρά-

421 1779 734 1849 θαυμαστὸν
759 1783 1143 1853 γλωσσόκομον
1174 1784 1278 1837 ἀπὸ
1300 1784 1490 1853 καιροῦ
1513 1786 1762 1857 ὠρέχθην
1790 1787 1951 1840 αὐτόν
1976 1804 1990 1818 ο

419 1869 498 1922 διὸ
533 1870 675 1935 ἔδοξέ
718 1872 1068 1942 μοινζητῆσαι
1088 1872 1297 1939 τοῦτον,
1319 1874 1569 1943 δεόμενος
1612 1873 1687 1945 τῷ
1743 1875 1987 1946 βασιλεῖ·

2095 1802 2254 1838 κοντα
2265 1823 2280 1839 ο

2167 1868 2333 1937 Οὗτος
2354 1869 2446 1928 οὖν
2476 1876 2504 1927 6
2537 1874 2792 1944 βασιλεὺς
2823 1875 2927 1945 κὺρ
2956 1876 3218 1947 Μανουὴλ
3242 1878 3449 1946 πρῶτον
3476 1880 3623 1947 θυγα-

419 1962 447 2013 6
480 1961 534 2014 δὲ
562 1962 893 2032 ἀπεκρίνατό
920 1980 1009 2031 μοι
1036 1963 1119 2016 ὅτι
1150 1963 1325 2025 Αὐτὸς
1350 1966 1377 2015 6
1410 1964 1791 2034 γλωσσόκομος
1815 1965 1993 2034 ὑπῆρ-
2093 1966 2229 2033 τέρα
2255 1965 2508 2034 ἐγέννησε
2537 1964 2637 2035 τὴν
2675 2002 2690 2017 .
2738 2004 2752 2019 .
2796 2003 2812 2018 .
2856 2000 2872 2016 .
2913 2003 2926 2017 .
2969 2005 2986 2028 ,
3049 1958 3169 2017 εἶτα
3233 1966 3625 2029 Κωνσταντῖνον,

418 2068 513 2119 χεν
546 2049 640 2102 τοῦ
682 2051 887 2119 πατρός
922 2068 1025 2119 μου
1065 2052 1158 2104 τοῦ
1217 2050 1500 2121 βασιλέως,
1565 2054 1659 2105 καὶ
1708 2056 1766 2106 ὲν
1818 2054 1989 2124 αὐτῷ,

418 2137 491 2201 ὡς
518 2134 687 2203 οἶδας,
726 2136 838 2209 εἷχε
865 2140 1034 2192 πολλὰ
1066 2139 1203 2192 καλὰ
1256 2140 1473 2211 λάφυρα
1499 2144 1591 2195 καὶ
1616 2141 1795 2206 λίθους
1828 2142 1992 2195 πολυ-

417 2230 610 2298 τίμους
625 2231 716 2283 καὶ
737 2231 899 2302 ἕτερα
926 2233 1152 2284 πλείστα
1183 2231 1435 2301 βασιλικᾶ
1466 2233 1603 2302 εῐδη,
1654 2231 1877 2285 πλείονα
1915 2226 1990 2291 ὧν

418 2316 588 2382 οἶδας.
660 2322 800 2389 Ἐγὼ
844 2322 900 2373 δὲ
965 2322 1127 2375 πάλιν
1164 2321 1306 2374 θέλω
1347 2322 1694 2390 δωρήσασθαι
1725 2324 1885 2376 αὐτὸν
1913 2323 1991 2393 τῷ

420 2415 631 2483 βασιλεῖ
650 2415 727 2485 τῷ
759 2414 859 2483 υίῷ
882 2431 1007 2482 μου.
1042 2413 1129 2467 ἴνα
1161 2432 1219 2466 εν
1253 2413 1401 2481 αὐτῷ
1431 2412 1530 2487 ἔχῃ
1565 2416 1816 2478 κάκεῖνος
1849 2416 1990 2486 μετὰ

417 2506 519 2574 τῆς
544 2507 707 2575 εὐχῆς
742 2505 909 2559 αὖτοῦ
940 2508 1031 2559 καὶ
1057 2505 1191 2576 ἐμοῦ
1215 2505 1283 2558 τὰ
1308 2506 1522 2560 ἑαυτοῦ.
1555 2507 1666 2559 Καὶ
1694 2506 1988 2576 ἀπέπεμψέ

421 2611 488 2664 με
512 2611 525 2623 ο
556 2599 649 2647 καὶ
681 2596 802 2649 τότε
835 2596 922 2649 διὰ
950 2596 1047 2658 τὰς
1084 2597 1326 2666 χρηστὰς
1352 2596 1633 2662 ἀγγελίας,
1665 2597 1731 2659 ἃς
1758 2598 1990 2666 ἐκόμισα

421 2688 591 2755 αὐτῷ,
622 2686 950 2757 προσέταξεν
981 2688 1066 2741 ἵνα
1092 2687 1241 2741 λάϐω
1266 2687 1354 2739 τὸν
1412 2689 1700 2759 εἰρημένον
1752 2689 1991 2756 γλωσσό-

418 2797 610 2847 κομον,
643 2780 700 2831 ὃν
722 2780 813 2833 καὶ
839 2780 1047 2850 ἔσχηκα
1082 2780 1219 2849 μετὰ
1266 2782 1366 2849 τῆς
1414 2781 1572 2847 ἁγίας
1621 2781 1784 2834 αὐτοῦ
1823 2782 1992 2851 εὐχῆς

417 2873 601 2942 πλήρη
658 2871 870 2925 πολλῶν
924 2874 1210 2943 χρησίμων
1265 2875 1358 2927 καὶ
1406 2876 1607 2943 τιμίων
1653 2876 1990 2943 πραγμάτων

2106 2053 2357 2123 Ἰωάννην
2390 2055 2479 2107 τὸν
2509 2054 2733 2123 βασιλέα
2756 2056 2851 2108 καὶ
2881 2054 3229 2125 ’Δνδρόνικον
3250 2057 3339 2108 τὸν
3374 2056 3624 2125 δεσπότην,

2093 2142 2186 2197 καὶ
2253 2145 2526 2215 θυγατέρα
2578 2146 2842 2214 δευτέραν
2881 2144 2979 2214 τὴν
3020 2185 3033 2198 .
3079 2186 3091 2201 .
3132 2186 3145 2200 .
3182 2186 3196 2200 .
3245 2186 3258 2200 .
3303 2185 3318 2199 .
3352 2187 3366 2209 ,
3392 2146 3628 2216 Θεόδωρον

2090 2236 2181 2289 τὸν
2210 2235 2472 2306 δεσπότην
2494 2237 2589 2289 καὶ
2633 2239 3163 2307 πορφυρογέννητον,
3196 2239 3406 2308 Μιχαὴλ
3434 2238 3516 2290 τὸν
3548 2239 3627 2290 αὖ·

2093 2326 2467 2391 θεντόπουλον,
2524 2329 2931 2383 Κωνσταντίνον
2974 2328 3070 2382 τδν
3134 2330 3383 2400 δεύτερον
3416 2330 3499 2383 τὸν
3552 2333 3627 2383 καὶ

2094 2417 2317 2486 βασιλέα
2369 2419 2693 2489 γενόμενον,
2739 2421 3054 2491 Δημήτριον
3105 2422 3197 2474 τὸν
3248 2422 3499 2491 δεσπότην
3549 2424 3626 2473 καὶ

2091 2513 2293 2578 Θωμᾶν
2331 2513 2422 2564 τὸν
2452 2513 2739 2582 δεσπότην,
2768 2515 2883 2567 Ζῶν
2911 2514 2966 2566 δὲ
2995 2517 3024 2567 6
3054 2515 3307 2583 βασιλεὺς
3345 2515 3435 2567 καὶ
3467 2514 3621 2584 πατὴρ

2090 2604 2269 2656 αὐτῶν
2292 2605 2596 2674 διεμέρισεν
2648 2606 2862 2675 ἑκάστῳ
2903 2606 3112 2659 τούτων
3172 2607 3359 2660 τούσδε
3407 2608 3520 2669 τοὺς
3558 2607 3629 2657 τό·

2092 2710 2247 2756 πους.
2280 2695 2347 2747 δι’
2376 2695 2442 2765 ἢν
2465 2696 2646 2748 αἰτίαν
2675 2699 2771 2749 καὶ
2821 2696 2964 2765 μέγα
2994 2697 3155 2765 122
3216 2700 3380 2751 κακὸν
3438 2696 3628 2763 προεξέο

2091 2802 2219 2851 νησε
2247 2788 2311 2856 τῇ
2345 2786 2453 2838 τῶν
2492 2787 2777 2856 Ῥωμαίων
2806 2789 2967 2857 ἀρχῇ.
3004 2790 3118 2841 Καὶ
3174 2790 3385 2857 πρῶτον
3419 2789 3508 2858 μὲν
3555 2787 3629 2838 τὸν

2102 2877 2356 2946 Ἰωάννην
2387 2876 2609 2946 βασιλέα
2642 2880 2808 2940 είασε,
2842 2877 2919 2948 τῷ
2948 2879 3004 2931 δὲ
3060 2878 3301 2952 δεσπότῃ
3367 2881 3463 2950 κὺρ
3527 2878 3631 2932 Ἀν-

415 2965 607 3018 τοὺτου
635 2965 727 3018 τοῦ
762 2966 992 3035 ματαίου
1024 2966 1165 3037 βίου,
1196 2965 1501 3021 κελεύσασα
1535 2968 1614 3021 ἔτι
1642 2969 1736 3022 καὶ
1770 2969 1924 3039 121
1955 2969 1987 3037 ἡ
2089 2966 2319 3039 δρονίκῳ
2367 2968 2465 3038 τὴν
2502 2969 2902 3039 Θεσσαλονίκην
2946 2971 3137 3025 καὶτὰ
3185 2971 3381 3040 ἑαυτῆς
3410 2971 3625 3024 δέδωκεν.

416 3145 656 3199 sidentes
725 3145 794 3198 ibi
832 3145 1147 3212 lmperatrix
1196 3154 1251 3203 et
1286 3146 1394 3207 ﬁlia
1448 3146 1587 3218 ejus,
1621 3148 1844 3203 absente
1897 3162 1988 3203 ve-

419 3237 582 3290 nandi
616 3251 777 3290 causa
826 3238 1173 3306 imperatore,
1222 3254 1340 3292 cum
1385 3253 1485 3309 ego
1543 3240 1753 3295 litteras
1796 3241 1987 3310 praele—

421 3330 643 3397 gisseui,
699 3344 949 3397 magnam
1016 3345 1082 3383 ex
1108 3330 1175 3385 iis
1221 3331 1554 3400 voluptatem
1607 3343 1986 3402 perceperunt,

380 3420 385 3421 ⁷
420 3420 620 3487 quippe
649 3435 680 3473 e
710 3421 906 3489 quibus
943 3422 1234 3485 discerent,
1264 3422 1527 3478 Joannem
1576 3426 1715 3477 bena
1757 3427 1833 3479 nti
1892 3442 1987 3480 va-

420 3510 658 3565 letudine
686 3519 739 3564 et
780 3512 831 3564 in
867 3526 1113 3581 magnam
1148 3512 1423 3567 Blachiam
1469 3516 1841 3581 profecturum
1869 3530 1989 3573 esse

422 3613 585 3673 atque
616 3620 837 3675 cupere,
865 3615 923 3659 ut
952 3606 1003 3659 in
1043 3606 1343 3676 regionem,
1377 3607 1605 3662 Gellium
1639 3623 1761 3677 qua:
1805 3610 1989 3679 appel-

421 3696 587 3761 latur,
622 3695 967 3749 mitterentur
989 3695 1260 3762 triremes,
1288 3711 1409 3765 qua:
1431 3712 1490 3752 se
1513 3698 1818 3767 reciperent
1845 3710 1900 3755 et
1934 3700 1987 3754 in

425 3786 609 3841 urbem
634 3788 980 3841 reducerent.
1038 3787 1115 3841 Ac
1160 3788 1312 3843 brevi
1363 3796 1485 3856 post
1546 3789 1842 3858 imperator
1893 3806 1991 3860 per

424 3876 736 3945 pru'l'ectum
759 3878 1205 3931 vestimentorum
1234 3879 1458 3934 donavit
1497 3881 1626 3935 mibi
1662 3890 1866 3937 vestem
1897 3897 1984 3937 se-

426 3970 590 4023 ricam
624 3970 896 4039 egregiam
928 3979 982 4025 et
1014 3970 1385 4027 centenarium
1419 3975 1560 4038 auri,
1587 3982 1749 4044 atque
1802 3990 1988 4030 arcam

424 4062 645 4130 insuper
663 4063 966 4116 vestiariam
1002 4063 1232 4132 amplam
1254 4073 1307 4118 et
1332 4066 1468 4120 mire
1494 4065 1791 4134 pulchram,
1828 4081 1988 4135 quam

424 4153 551 4208 olim
584 4153 716 4207 mihi
764 4164 1130 4209 recusaverat.
1188 4156 1515 4211 Continebat
1559 4158 1708 4212 enim
1757 4174 1818 4214 ea
1864 4173 1990 4212 arca

424 4248 649 4302 multam
678 4248 1071 4316 supellectilem
1112 4248 1230 4301 visu
1278 4250 1496 4315 dignam
1526 4260 1578 4302 et
1618 4251 1986 4318 ‘prazclaram,

427 4338 671 4407 aliasque
701 4351 789 4392 res
825 4337 1127 4400 mirabiles,
1157 4352 1277 4405 quae
1311 4337 1570 4406 deinceps
1599 4349 1719 4407 post
1780 4341 1987 4395 obitum

2093 3147 2255 3203 miam
2285 3146 2507 3216 prasino
2535 3147 2722 3203 colore
2752 3155 2806 3204 et
2830 3164 3085 3207 nummos
3116 3150 3492 3221 quinquaginta
3519 3146 3634 3204 mibi

2091 3239 2205 3293 dari
2234 3238 2437 3307 jussit;
2469 3238 2588 3308 ejus
2627 3239 2736 3294 lilia
2773 3249 2956 3294 autem
2988 3242 3342 3312 signiﬁcavit,
3376 3250 3630 3311 postquam

2093 3345 2316 3384 uxorem
2337 3331 2633 3395 duxissem,
2664 3328 2790 3384 huic
2812 3346 2871 3385 se
2900 3339 3109 3385 vestem
3139 3346 3291 3386 suam
3322 3329 3627 3401 praestantis-

2091 3422 2286 3476 simam
2314 3430 2368 3476 et
2386 3435 2633 3483 nummos
2682 3435 2879 3477 aureos
2911 3422 3278 3494 quadraginta
3338 3423 3631 3478 donaturam

2091 3527 2232 3568 esse.

2161 3604 2258 3660 Die
2289 3604 2413 3660 Julii
2443 3604 2507 3659 21
2542 3604 2783 3675 ejusdem
2814 3607 2937 3662 anni
2972 3610 3257 3664 beatorum
3287 3616 3430 3664 sorte
3449 3607 3631 3663 obdoro

2090 3696 2243 3752 mivit
2272 3698 2539 3767 gloriosus
2567 3708 2619 3753 et
2642 3699 2758 3767 pius
2791 3700 3086 3769 imperator
3119 3701 3332 3756 Manuel
3389 3699 3629 3760 dominus,

2093 3787 2257 3842 biduo
2284 3796 2408 3842 ante
2438 3796 2664 3841 mortem
2699 3788 2885 3842 divino
2905 3797 2959 3842 et
3001 3790 3249 3863 apgelico
3272 3788 3451 3842 babitu
3485 3786 3624 3840 indu-

2092 3888 2179 3933 tus
2205 3888 2259 3932 et
2292 3879 2600 3947 appellatus
2629 3879 2912 3951 Mattbaeus
2944 3881 3272 3936 monachus.
3299 3880 3540 3948 Sepultus
3557 3883 3630 3929 est

2093 3972 2145 4025 in
2175 3970 2468 4027 venerabili
2521 3971 2742 4026 basilica
2799 3979 2856 4025 et
2908 3972 3279 4041 pulcherrimo
3332 3967 3632 4025 monasterio

2091 4063 2516 4128 Pantocrato‘ris,
2551 4079 2671 4119 cum
2702 4065 2850 4119 luctu
2901 4075 2954 4119 et
2979 4080 3274 4130 concursu,
3307 4064 3472 4134 qualis
3518 4060 3632 4115 nulli

2094 4169 2329 4222 unquam
2361 4154 2451 4208 alii
2484 4155 2733 4223 contigit.
2774 4153 3008 4209 Omnino
3057 4157 3269 4211 vixerat
3296 4170 3463 4209 annos
3489 4152 3548 4205 ’Π
3587 4159 3633 4204 et

2094 4248 2208 4301 dies
2230 4246 2321 4311 25,
2358 4261 2388 4300 e
2423 4246 2615 4315 quibus
2650 4257 2971 4316 regnaverat
3001 4262 3176 4305 annos
3233 4248 3370 4303 duos
3396 4255 3449 4303 et
3511 4260 3629 4315 qua-

2095 4336 2362 4404 draginta.

426 4406 770 4497 imperatoris
801 4429 993 4497 partim
1022 4429 1147 4482 (iliis
1198 4428 1314 4497 ejus
1374 4406 1609 4493 donata,
1652 4431 1846 4499 partim
1918 4435 1988 4487 ob
2018 4406 2070 4465 D
2164 4426 2446 4495 Hicigitur
2472 4428 2788 4497 imperator,
2823 4427 3042 4483 Manuel
3092 4428 3375 4490 dominus,
3424 4427 3629 4495 primum

428 4519 657 4573 salutem
684 4518 855 4573 beata:
884 4519 1002 4587 ejus
1026 4518 1220 4573 animae
1283 4520 1587 4576 εδει-ἰῆσθαι
1621 4533 1768 4577 sunt.
1824 4521 1992 4592 llujus

428 4608 592 4677 igitur
628 4623 768 4664 arca:
813 4609 1041 4679 egregiae
1076 4618 1131 4665 et
1193 4611 1352 4679 plane
1407 4612 1673 4668 mirabilis
1733 4628 1856 4667 eum
1901 4615 1991 4669 diu

428 4702 739 4768 ﬂagrassem
764 4702 1051 4763 desiderio,
1074 4703 1249 4757 visum
1274 4712 1357 4758 est
1386 4704 1514 4758 mibi
1547 4707 1615 4758 ab
1662 4687 1997 4774 imperatore

428 4806 545 4844 eam
578 4800 851 4860 expetere.
879 4794 945 4846 At
971 4794 1060 4849 ille
1093 4794 1165 4848 ita
1203 4797 1483 4861 reSpondit
1514 4813 1528 4852 :
1570 4816 1587 4848 ι
1621 4797 1744 4851 Fuit
1775 4813 1837 4852 ea
1867 4813 1991 4852 arca

428 4882 764 4946 imperatori,
792 4885 929 4953 patri
962 4901 1103 4947 meo,
1145 4888 1259 4955 qui,
1304 4900 1363 4942 ιιι
1390 4887 1556 4951 nosti,
1618 4890 1785 4942 multa
1858 4906 1994 4960 pra:—

426 4975 571 5028 clara
606 4991 790 5042 opera,
821 4977 1025 5046 lapides
1052 4980 1319 5046 pretiosos
1385 4980 1597 5049 aliaque
1621 4981 1766 5049 regia
1825 4997 1994 5036 orna-

428 5078 610 5124 menta
640 5072 812 5139 plura,
836 5087 999 5140 quant
1031 5073 1248 5135 credas,
1281 5072 1336 5127 in
1375 5088 1437 5126 ea
1482 5074 1822 5130 asservabat.
1881 5073 1994 5141 Ego

426 5174 544 5213 eam
579 5177 767 5215 rursus
793 5163 1132 5230 imperatori,
1200 5179 1319 5219 meo
1366 5165 1496 5231 tilio,
1550 5166 1785 5230 donabo,
1843 5174 1902 5220 ut
1950 5168 1995 5221 is

427 5267 644 5322 quoque
681 5268 746 5307 ex
778 5256 920 5310 votis
950 5264 1060 5309 tum
1088 5256 1202 5311 suis
1228 5267 1338 5311 tum
1368 5258 1503 5311 meis
1542 5258 1593 5311 iu
1653 5258 1841 5314 eadem
1906 5273 1994 5313 res

427 5358 558 5398 suas
592 5357 857 5400 asservet.
896 5366 915 5399 ι
957 5346 1035 5402 Ita
1068 5348 1278 5402 dimisit
1313 5364 1417 5403 me.
1466 5348 1602 5404 Tum
1636 5361 1818 5404 autem
1873 5365 1996 5419 pro-

428 5446 546 5504 pter
570 5437 745 5502 lzrtos,
778 5454 911 5507 quos
930 5441 978 5495 ei
1012 5442 1320 5505 attuleram,
1350 5444 1571 5497 nunties
1599 5443 1906 5511 imperavit,
1935 5453 1993 5495 nt

433 5528 739 5581 traderetur
764 5530 892 5582 mibi
918 5531 1017 5583 ista
1052 5547 1199 5595 arca,
1241 5547 1403 5599 quam
1442 5549 1563 5585 eum
1602 5534 1688 5600 pio
1719 5532 1839 5600 ejus
1868 5541 1993 5584 voto

433 5615 842 5671 rebtts‘ntilibus
864 5628 916 5671 et
945 5621 1117 5674 iubae
1161 5621 1305 5673 inani
1342 5621 1447 5673 vita
1481 5621 1709 5675 laudatis
1732 5620 1989 5687 repletam

436 5705 641 5772 :eeepi.
673 5705 1280 5778 Similitcrimperatrix
1340 5722 1544 5765 vestem
1599 5711 1827 5765 sericam
1882 5710 1993 5762 exi-

2099 4520 2262 4575 iiliam
2299 4521 2600 4590 procreavit
2627 4522 2861 4587 nomine,
2886 4559 2901 4575 .
2928 4558 2947 4576 .
2968 4559 2984 4575 .
3012 4521 3210 4576 deinde
3226 4517 3629 4576 Constantinum.

2097 4612 2479 4681 imperatorem
2526 4612 2784 4668 Joannem
2815 4622 2866 4668 et
2916 4612 3289 4668 Andronicum
3354 4613 3628 4677 desuetam.

2098 4713 2209 4758 tum
2240 4702 2465 4759 alteram
2500 4707 2685 4770 liliam,
2726 4705 2808 4759 cui
2841 4720 3036 4759 nomen
3067 4714 3207 4768 erat,
3243 4744 3256 4759 .
3289 4743 3303 4757 .
3338 4743 3354 4758 .
3418 4698 3632 4755 Theodo-

2098 4810 2216 4848 rum
2288 4796 2567 4864 despotam
2626 4803 2680 4851 et
2734 4795 3274 4865 porpltyrogenitttm.
3334 4791 3624 4849 Michaelem

2096 4889 2416 4958 principem,
2444 4889 2862 4944 Constantinum
2909 4889 3197 4953 minorem,
3235 4888 3329 4957 qui
3359 4887 3629 4952 imperator

2099 4980 2218 5044 fuit,
2258 4981 2591 5035 Demetrium
2613 4981 2888 5048 despotam
2923 4989 2977 5033 et
3053 4978 3330 5033 Thomam
3354 4978 3629 5044 despetam.

2099 5073 2191 5126 llis
2225 5074 2519 5139 imperator
2542 5081 2715 5140 pater,
2746 5086 2868 5125 cum
2905 5070 2959 5123 in
2996 5071 3130 5127 vivis
3168 5070 3348 5124 adhuc
3373 5076 3527 5125 esset.
3565 5062 3630 5115 Ιο⁴

2097 5178 2191 5216 eos
2220 5163 2384 5217 bosee
2413 5162 2687 5217 distribuit
2715 5179 2729 5216 :
2765 5176 2885 5230 quae
2917 5161 3252 5228 resimperio
3286 5160 3627 5213 Romanorum

2099 5270 2344 5323 magnam
2372 5255 2733 5309 calamitatem
2760 5253 2962 5307 attulit.
2997 5253 3076 5307 Ac
3139 5252 3374 5321 primum
3429 5248 3625 5317 quidem

2095 5346 2358 5400 Joannem
2390 5347 2515 5400 sivit
2554 5346 2937 5416 imperatorem
2963 5359 3111 5406 esse,
3134 5342 3435 5396 Andronico
3465 5347 3626 5392 autem

2098 5441 2333 5504 tlespolm
2363 5434 2801 5489 Thessalonicam
2832 5432 3063 5504 ejusque
3102 5432 3250 5488 urbis
3316 5426 3624 5485 territorium

2099 5528 2337 5580 donavit.
2368 5526 2562 5581 Visum
2588 5537 2765 5583 autem
2799 5537 2882 5581 est
2914 5526 3043 5580 huic
3100 5534 3322 5595 propter
3379 5530 3623 5574 Summam

2099 5617 2550 5683 imbecillitatem,
2593 5618 3038 5673 Thessalonicam
3086 5615 3269 5669 urbem
3309 5620 3362 5666 et
3407 5624 3519 5677 qua:
3565 5605 3624 5656 ad

2097 5724 2214 5763 eam
2246 5711 2515 5781 pertinent
2546 5711 2869 5765 Venetorum
2911 5709 3113 5765 civitati
3159 5706 3383 5760 vendere
3411 5695 3626 5756 nummis
