3908 6196
255 222 360 286 737

1231 248 1252 266 ο
1305 219 1744 280 CURONICON
1786 220 2154 279 MAJUS.'-
2189 222 2331 282 LIB.
2374 225 2462 284 ll.

3410 217 3534 294 ἠδ’

251 333 419 396 Οὗτος
447 333 504 386 δὲ
529 329 746 402 βλαϐεὶς
790 329 894 383 ὐπὸ
935 328 1241 399 βαρυτάτης
1291 330 1594 394 ἀσθενείας,
1651 329 1826 395 ἔδοξεν
1858 335 1898 390 Α
1930 326 2070 396 λέγω
2114 330 2397 400 Ἀγχίαλον
2423 334 2515 385 καὶ
2538 333 2906 407 Μεσημϐρίαν
2942 336 3035 392 καὶ
3063 338 3132 393 τὰ
3187 340 3391 396 αὐτῶν·
3423 344 3514 396 καὶ

251 425 401 496 αὐτῷ
426 424 678 491 πωλῆσαι
705 421 802 490 τὴν
831 419 1228 490 Θεσσαλονίκην
1269 423 1363 473 καὶ
1392 419 1462 473 τὰ
1511 420 1710 496 ἑαυτῆς
1765 424 1832 490 τῇ
1934 418 2012 489 τῷ
2044 421 2277 493 δεσπότῃ
2305 425 2408 491 κὺρ
2440 423 2612 496 Θωμᾷ
2639 426 2706 479 τὰ
2739 428 3170 498 ὲναπομείναντα
3203 433 3261 484 ἐν
3293 434 3360 502 τῇ
3409 434 3515 487 Πε-

249 518 359 574 τῶν
401 516 631 571 Ἐνετῶν
655 515 914 586 γερουσίᾳ
943 515 1028 567 διὰ
1059 512 1284 582 χρυσίου
1339 512 1578 581 χιλιάδας
1632 513 1832 582 πεντή-

248 628 433 666 κοντα.
468 605 600 662 Εῐτα
649 608 894 673 περάσας
921 601 1086 675 ἦλθεν
1111 607 1168 657 ὲν
1194 606 1260 675 τῇ
1307 605 1722 674 Πελοποννήσῳ,
1773 607 1831 657 ὲν

244 707 401 775 χώρᾳ
425 701 700 771 λεγομένῃ
726 697 1043 768 Μαντινείᾳ,
1075 698 1170 750 καὶ
1201 699 1337 766 μετὰ
1369 696 1463 748 τοῦ
1497 697 1616 750 υίοῦ
1661 696 1827 751 αὐτοῦ

258 796 505 849 Ἰωάννου
533 793 630 863 τὴν
661 791 944 862 διατριϐὴν
993 791 1108 842 ἐκεῖ
1142 790 1313 842 ἐποίει
1358 789 1548 843 ἕνεκεν
1594 790 1693 859 τῆς
1721 789 1815 842 τοῦ

218 872 404 955 ’ἀέρος
467 882 782 954 εὐκρασίας.
832 881 1100 950 ’Υστερον
1145 879 1203 932 δὲ
1253 879 1484 948 μοναχδς
1534 881 1820 948 γενόμενος

246 975 655 1044 κατῴκησεν’ὲν
682 974 748 1042 τῇ
786 969 1424 1024 Κωνσταντινουπόλειὲν
1455 973 1520 1042 τῇ
1558 970 1652 1024 τοῦ
1679 973 1823 1025 Παν-

246 1067 572 1135 τοκράτορος
599 1065 731 1132 μονῇ
757 1061 1048 1132 λεγομένῃ·
1091 1062 1158 1130 τῇ
1209 1060 1262 1112 δὲ
1305 1059 1537 1132 δεσπότῃ
1563 1060 1667 1131 κὺρ
1698 1061 1826 1112 Θεο-

245 1157 402 1227 δώρῳ
433 1157 534 1224 τὴν
562 1153 995 1221 Λακεδαιμονίαν
1025 1152 1118 1206 καὶ
1143 1151 1213 1205 τὰ
1241 1153 1439 1221 ἑαυτῆς
1460 1168 1472 1181 ·
1515 1152 1591 1221 τῷ
1635 1152 1689 1205 δὲ
1731 1152 1826 1222 βα-

249 1249 388 1301 σιλεῖ
411 1248 516 1315 κύρ
541 1243 935 1312 Κωνσταντίνῳ
960 1243 1027 1296 τὰ
1045 1241 1138 1295 τοῦ
1160 1242 1411 1307 Εὐξείνου
1439 1242 1633 1295 πόντου
1659 1243 1826 1312 μέρη,

249 1424 434 1479 aureis
463 1421 822 1493 quinquagies
847 1420 992 1476 mille
1029 1435 1176 1490 :quo
1211 1418 1373 1483 facw,
1407 1417 1547 1487 ipse,
1577 1419 1629 1470 in
1661 1415 1819 1471 Peio-

252 1526 550 1584 ponnesum
584 1512 881 1582 profectus,
906 1510 1233 1566 Mantineam
1295 1511 1482 1563 urbem
1529 1524 1587 1563 se
1634 1518 1822 1563 contu-

252 1607 310 1658 lit
343 1605 528 1673 ibique
557 1618 679 1658 cum
709 1601 922 1657 Joanne
955 1603 1065 1657 filio
1128 1602 1295 1654 vitam
1337 1601 1535 1670 agebat
1598 1609 1823 1669 propter

251 1694 593 1751 commodam
628 1694 771 1748 aeris
797 1692 1136 1762 temperiem.
1188 1691 1381 1748 Postea
1410 1690 1714 1744 monachus
1744 1691 1825 1744 fa-

252 1795 391 1846 ctus,
421 1781 575 1851 Cpoli
611 1783 793 1836 sedem
826 1780 1114 1835 collocavit
1138 1781 1192 1834 in
1245 1779 1582 1835 monasterio
1628 1779 1822 1834 Panto-

1935 510 2267 583 λοποννήσῳ.

2003 604 2110 656 Καὶ
2152 605 2228 672 τῷ
2262 604 2439 671 ,ςῇλδ
2489 606 2597 659 ἔτει
2650 609 2780 677 μηνὶ
2831 610 3126 683 Αὐγούστῳ
3171 615 3205 684 ἡ
3259 614 3512 669 δέσποινα

1927 694 2074 763 κυρὰ
2097 689 2271 763 ’Σοφία
2297 695 2548 764 φυγοῦσα
2573 697 2724 770 διέϐη
2751 701 2830 764 είς
2873 704 2974 770 τὴν
3023 705 3191 773 αὐτῆς
3249 709 3504 777 πατρίδα,

1928 785 1997 837 δι’
2033 786 2211 839 αἰτίαν
2232 787 2490 857 τοιαύτην
2524 789 2606 841 ὅτι
2657 792 2685 842 6
2719 789 2972 859 βασιλεὺς
3020 795 3128 866 κὺρ
3179 797 3429 868 Ἰωάννης
3481 804 3511 854 6
3541 834 3548 838 -

1931 876 2070 944 ἀνὴρ
2106 875 2274 944 αὐτῆς
2297 876 2398 928 οὐκ
2423 872 2537 946 εἶχε
2577 880 2844 949 τοσαύτην
2875 881 3087 936 εὐνοιαν
3137 886 3230 938 καὶ
3281 888 3508 956 ἀγάπην

1930 964 2068 1032 πρὸς
2094 964 2286 1035 αὐτὴν,
2323 965 2414 1017 καὶ
2444 967 2636 1036 εἰρήνη
2670 969 2773 1021 ἀνὰ
2803 971 2982 1023 αὐτῶν
3003 973 3062 1023 οὐ
3085 973 3314 1026 διέκειτο
3339 976 3426 1028 διὰ
3450 977 3510 1028 τὸ
3543 1018 3550 1027 .

1932 1055 2162 1124 ἐρᾶσθαι
2196 1055 2288 1108 τὸν
2321 1056 2552 1126 βασιλέα
2586 1059 2788 1130 ἑτέρων
2835 1064 3129 1128 γυναικῶν,
3159 1063 3356 1118 οὔνεκα
3409 1067 3510 1118 οὐκ

1931 1143 2001 1218 ἦν
2050 1150 2083 1218 ἠ
2111 1149 2366 1202 δέσποινα
2407 1151 2471 1203 ὲκ
2517 1151 2732 1220 φύσεως
2774 1153 3126 1224 ἐστολισμένη
3163 1155 3263 1224 τὴν
3311 1155 3507 1225 ὡραιό-

1929 1257 2090 1313 τητα.

1928 1419 2254 1476 Anchialum
2288 1431 2342 1477 et
2380 1421 2760 1478 Mesembriam
2782 1439 2904 1477 cum
2934 1425 3246 1491 territoriis,
3272 1441 3336 1482 ac
3367 1424 3514 1482 Tho-

1929 1526 2031 1564 ωε
2067 1512 2304 1581 desitum
2343 1521 2526 1581 partes
2565 1511 2924 1582 Peloponnesi
2966 1513 3228 1582 reliquas,

2000 1605 2154 1658 Anno
2186 1604 2349 1667 6934,
2387 1605 2632 1673 Angusto
2678 1620 2884 1669 mense,
2937 1605 3259 1674 imperatrix
3307 1605 3508 1674 Sophia

1930 1692 2150 1746 domina
2183 1694 2310 1762 fuga
2339 1709 2400 1748 se
2433 1696 2484 1747 in
2509 1694 2739 1763 patriam
2771 1696 2998 1762 recepit,
3038 1697 3296 1764 quoniam
3333 1695 3509 1764 impe-

1933 1793 2083 1835 rator
2111 1781 2351 1838 Joannes
2377 1785 2655 1848 dominus,
2683 1785 2800 1852 ejus
2828 1787 3047 1854 coniux,
3071 1801 3258 1855 parum
3287 1787 3506 1841 eiamo-

254 1871 505 1927 cratoris.
539 1869 829 1927 Theodoro
872 1870 1114 1941 despota
1164 1879 1319 1938 pater
1369 1869 1822 1926 Lacedaemonem
1935 1874 2009 1926 ris
2048 1874 2439 1946 charitatisqne
2468 1875 2786 1944 praestabat,
2848 1891 2948 1932 nec
3008 1878 3306 1937 concordia
3363 1877 3508 1932 inter

256 1961 480 2030 ejusque
537 1960 872 2014 territorium
915 1960 1260 2030 assignavit;
1314 1961 1633 2031 imperatori
1681 1961 1826 2018 Con-

1931 1980 2024 2020 eos
2058 1975 2194 2030 erat,
2231 1968 2357 2034 quia
2395 1967 2485 2022 ille
2516 1969 2651 2023 alias
2684 1970 2908 2024 amabat
2939 1970 3226 2036 mulieres,
3257 1983 3379 2025 cum
3403 1968 3509 2022 ἰωο

250 2053 492 2109 stantino
518 2051 740 2109 domino
771 2060 977 2108 tractus
999 2053 1066 2108 ad
1104 2051 1334 2108 Pontum
1368 2052 1661 2121 Euxinum,
1683 2057 1738 2108 h.
1771 2067 1825 2108 e.
1924 2056 2205 2129 peratrici
2236 2056 2466 2112 formam
2499 2067 2691 2113 natura
2727 2059 3054 2127 negavisset.

292 2245 3497 2285 Μ

1463 2402 1620 2474 133
1692 2409 2140 2497 BIBAION
2213 2414 2290 2496 B'

403 2592 766 2663 Ἀρχόμενον
788 2597 938 2668 μετὰ
964 2596 1079 2667 τὴν
1109 2598 1308 2668 θανὴν
1338 2598 1447 2654 τοῦ
1486 2599 1798 2665 ,βασιλέως
1825 2602 2013 2670 κυροῦ
2047 2602 2345 2670 Μανουὴλ
2379 2600 2487 2655 τοῦ
2515 2605 2952 2673 Παλαιολόγ-ου,
2979 2603 3077 2656 καί
3109 2604 3230 2660 ἀπὸ
3256 2603 3367 2676 τῆς

1294 2713 1486 2786 ἀρχῆς
1543 2717 1826 2774 Ἰωάννου
1881 2720 1988 2775 τοῦ
2061 2721 2195 2776 vim)
2249 2722 2458 2777 αὑτοῦ.

318 3045 391 3093 α’.
431 3037 524 3090 Ἐν
549 3036 628 3106 τῷ
653 3037 832 3108 καιρῷ
859 3035 952 3090 οὖν
976 3034 1156 3110 ,ςῧλδ
1181 3036 1338 3102 ἔτους
1369 3036 1504 3110 μηνὶ
1527 3035 1827 3108 Αὐγούστῳ
1860 3045 1902 3102 Β
1931 3036 2210 3109 ηὐλογήθη
2242 3036 2416 3107 αὐτὴν
2442 3036 2471 3090 6
2502 3035 2763 3108 βασιλεὺς
2808 3038 2914 3109 κὺρ
2978 3038 3254 3109 Ἰωάννης,
3293 3041 3358 3112 ἢν
3409 3042 3504 3096 xa‘.

246 3129 407 3200 διέϐη
440 3131 508 3183 τὰ
539 3128 796 3200 βασιλικὰ
847 3132 1108 3201 σκῆπτρα
1155 3130 1248 3182 καὶ
1289 3129 1443 3182 πᾶσα
1471 3130 1506 3200 ἡ
1533 3129 1631 3199 τῆς
1665 3129 1824 3200 βασιη

244 3219 399 3281 λείας
433 3219 656 3284 ἐξουσία
690 3219 830 3290 πρὸς
861 3219 1121 3289 Ἰωάννην
1147 3217 1241 3273 τὸν
1274 3218 1392 3273 υἱὸν
1421 3220 1518 3272 τοῦ
1550 3220 1608 3270 ἐν
1646 3235 1826 3288 μακαι

248 3305 346 3382 ρίέμ.
371 3313 438 3381 τῇ
473 3311 624 3382 λήξει
657 3313 760 3382 κὺρ
790 3311 1048 3381 Μανουὴλ
1077 3310 1368 3381 βασιλέως,
1406 3309 1464 3373 ὃς
1490 3311 1587 3362 καὶ
1618 3327 1822 3381 προεσ-

245 3401 523 3470 τεμμένος
551 3396 620 3470 ἦν
660 3402 740 3463 είς
789 3400 1036 3470 βασιλέα.
1072 3401 1184 3453 Καὶ
1227 3399 1306 3470 τῷ
1335 3397 1514 3470 ,ςῇλέ
1547 3399 1680 3465 ἔτει,
1713 3400 1821 3452 Λύ-

247 3493 490 3560 γούστου
532 3491 638 3560 κθ’,
687 3494 895 3562 ἤγαγον
941 3494 1030 3547 διὰ
1075 3492 1351 3560 Θαλάσσης
1385 3493 1525 3559 μετὰ
1553 3493 1826 3563 τριήρεων

246 3584 349 3652 τὴν
385 3583 562 3653 κυρὰν
590 3583 806 3653 Μαρίαν
833 3586 934 3654 τὴν
963 3584 1258 3655 Κομνηνὴν
1286 3585 1352 3636 ὲκ
1383 3580 1822 3653 Τραπεζοῦντος.

249 3675 530 3743 θυγατέρα
569 3673 812 3740 Ἀλεξίου
839 3673 937 3727 τοῦ
969 3672 1263 3744 Κομνηνοῦ
1296 3673 1569 3744 βασιλέως
1598 3673 1822 3742 Τραπεηο

250 3765 518 3831 ζοῦντοςο
568 3766 627 3820 ὲν
672 3766 730 3822 δδ
785 3766 866 3838 τῷ
916 3767 1080 3834 ,ςῇςθ
1127 3765 1238 3819 ἔτει
1280 3764 1414 3835 μηνὶ
1457 3762 1822 3835 Σεπτεμϐρίῳ

1931 3129 2243 3198 αὐγοῦσταν
2284 3129 2678 3200 ἀνηγόρευσεν.
2723 3129 2834 3185 Καὶ
2873 3129 2954 3201 τῷ
2995 3129 3145 3198 αὐτῷ
3198 3132 3309 3184 ἔτει
3369 3135 3502 3202 μηνὶ

1930 3219 2224 3290 Νοεμσρίῳ
2250 3219 2482 3288 ἐξῆλθεν
2528 3218 2696 3283 αὐτὸς
2726 3219 2791 3290 δὴ
2820 3220 2848 3272 6
2881 3220 3135 3288 βασιλεὺς
3179 3222 3244 3275 ὲκ
3273 3223 3374 3291 τῆς
3402 3225 3501 3277 sto"

1929 3309 2088 3375 λεως,
2134 3310 2229 3362 καὶ
2281 3308 2524 3376 ἀπῆλθεν
2574 3309 2655 3372 είς
2703 3307 2802 3378 τὴν
2849 3309 3264 3379 Πελοπόννησον
3293 3313 3357 3380 τῇ
3392 3317 3486 3374 κς¹

1931 3395 2271 3466 Δεκεμϐρίου
2304 3398 2400 3450 σὺν
2431 3399 2510 3467 τῷ
2539 3397 2708 3449 αὑτοῦ
2729 3397 3050 3466 αὐταδέλφῳ
3078 3400 3183 3468 κὺρ
3208 3400 3503 3452 Κωνσταν-

1929 3489 2060 3559 τίνῳ
2092 3487 2158 3540 δι’
2178 3488 2356 3542 αἰτίαν
2388 3489 2675 3556 τοιαύτην,
2722 3489 2803 3541 ὅτι
2838 3491 2866 3542 ὁ
2897 3489 3077 3543 αὐτῶν
3109 3490 3443 3559 αὐτάδελφος
3473 3491 3504 3542 6

1927 3576 2198 3650 δεσπότης
2251 3577 2413 3650 124
2460 3580 2568 3647 κὺρ
2623 3580 2899 3650 Θεόδωρος
2946 3581 3198 3634 ἐϐούλετο
3246 3582 3502 3649 γενέσθαι

1931 3671 2184 3741 μοναχδς,
2234 3671 2331 3723 καὶ
2364 3673 2392 3722 6
2439 3670 2547 3740 κὺρ
2583 3671 2996 3735 Κωνσταντίνος
3029 3673 3364 3744 ἒναπομείνῃ
3400 3674 3501 3727 αὒ-

1929 3761 2124 3832 ῡέντης
2158 3763 2238 3825 εἰς
2269 3759 2454 3816 πᾶσαν
2483 3761 2585 3829 τὴν
2616 3761 3033 3833 Πελοπόννησον
3055 3783 3068 3796 ο
3098 3764 3156 3828 ὃς
3189 3763 3502 3834 μεταμελη-

1609 4146 1962 4236 LIBER
2024 4146 2114 4233 Il

571 4347 885 4427 Incipiens
915 4354 1061 4426 post
1086 4354 1346 4407 mortem
1385 4341 1786 4421 imperatoris
1817 4337 2132 4400 Manuelis
2154 4334 2494 4414 Palwologi
2523 4345 2581 4396 et
2609 4331 2687 4394 ab
2718 4334 2902 4397 initio
2937 4334 3186 4412 imperii

1530 4468 1821 4543 Joannis,
1879 4467 2001 4545 ﬁlii
2053 4468 2207 4545 ejus.

317 4791 375 4847 l.
407 4791 568 4845 Anno
595 4789 756 4859 igitur
786 4785 950 4857 693i,
991 4807 1176 4850 mense
1229 4794 1497 4864 Augusto,
1533 4795 1823 4865 imperium
1853 4806 1896 4863 (ζ
1933 4793 2046 4863 ipse
2069 4808 2134 4847 es
2179 4793 2312 4848 urbe
2336 4796 2633 4860 protectus,
2667 4783 2755 4844 die
2780 4783 3091 4846 Decembris
3119 4781 3191 4846 26
3213 4806 3330 4845 cum
3353 4785 3500 4846 Con.

242 4885 539 4954 omnisque
569 4892 810 4954 potestas
839 4885 1212 4953 imperatoria,
1236 4885 1288 4938 in
1313 4885 1580 4942 Joannem
1606 4887 1826 4942 transiit

241 4975 540 5040 Manuelis,
581 4975 755 5032 beatae
786 4975 1059 5030 memoriae
1095 4975 1466 5045 imperatoris,
1501 4977 1694 5042 filium,
1727 4977 1822 5046 qui

237 5068 356 5134 jam
388 5077 517 5121 ante
552 5067 859 5121 diademate
882 5067 1230 5135 imperatorio
1260 5076 1486 5121 ornatus
1509 5068 1704 5133 inierat,
1743 5077 1823 5121 at-

243 5167 354 5228 que
389 5159 516 5212 anni
542 5161 829 5228 sequentis
856 5159 942 5213 die
993 5158 1221 5226 Augusti
1244 5158 1314 5214 ΞΕ)
1347 5173 1442 5228 per
1495 5173 1639 5214 mare
1665 5160 1826 5221 trire:

247 5251 434 5304 mihus
506 5249 669 5305 Maria
723 5249 995 5306 Coniucna
1055 5249 1394 5320 Trapezunte
1447 5250 1668 5306 advecta
1719 5259 1825 5315 est,

245 5338 424 5394 Alexii
453 5339 737 5405 Comncni,
785 5339 1268 5408 Trapezuntiorum
1301 5343 1465 5411 regis,
1512 5341 1642 5396 lilia.
1693 5341 1824 5396 Eam

249 5445 445 5483 mense
511 5430 813 5500 Septembri
845 5431 970 5484 anni
1030 5430 1171 5486 6936
1238 5432 1531 5501 imperator
1588 5431 1826 5488 Joannes

250 5511 603 5576 matrimonio
643 5524 747 5578 sibi
800 5524 985 5593 junxit
1039 5524 1441 5594 ilcclaravitque
1488 5525 1819 5591 Augustam;

249 5623 419 5684 atque
452 5616 638 5671 eodem
712 5630 875 5682 anno,
921 5629 1106 5672 mense
1157 5615 1469 5685 Novembri,
1527 5615 1824 5687 imperator

1929 4886 2174 4938 stantiuo
2202 4883 2373 4938 fratre
2409 4883 2460 4936 in
2517 4880 2953 4951 Peloponnesqu
3012 4883 3278 4952 pervenit,
3305 4892 3364 4936 ut
3412 4883 3501 4938 hic

1929 4976 2094 5030 totius
2141 4974 2329 5028 insula:
2395 4975 2828 5028 constitueretur
2899 4974 3181 5042 princeps,
3230 4972 3496 5044 quoniam

1929 5066 2244 5121 Theodorus
2278 5067 2525 5136 despota,
2551 5066 2769 5120 illorum
2805 5065 2994 5128 frater,
3033 5066 3332 5118 monachus
3384 5065 3500 5119 fieri

1929 5159 2118 5219 voluit.
2145 5160 2288 5229 quod
2349 5170 2531 5213 tamen
2565 5158 2613 5214 is
2671 5157 2957 5214 consilium
3007 5170 3190 5226 postea
3251 5157 3496 5212 mutavit.

1933 5251 2066 5305 Cum
2097 5252 2181 5305 his
2209 5266 2311 5319 ego
2347 5259 2458 5304 tum
2482 5251 2715 5320 primum
2747 5251 2802 5305 in
2875 5250 3316 5320 Peloponnesum
3341 5249 3490 5313 veni,

1935 5356 2133 5396 unuse
2180 5342 2448 5397 ministris
2509 5342 2873 5412 imperatoris,
2913 5341 3118 5396 domini
3176 5342 3301 5405 mei,
3333 5350 3390 5396 et
3441 5349 3504 5395 ut

1933 5446 2115 5488 Curam
2148 5431 2410 5486 haberem
2439 5433 2777 5488 Constantini
2807 5435 3068 5503 despotze,
3120 5441 3342 5503 propter
3372 5449 3505 5488 cae-

1932 5539 2045 5577 sani
2082 5523 2416 5593 huiusmodi.
2453 5521 2691 5580 Juss’usa
2726 5527 2884 5581 beato
2928 5535 2984 5580 et
3018 5526 3256 5594 glorioso
3309 5541 3501 5586 eorum

1928 5625 2103 5686 patre,
2138 5615 2297 5672 morti
2341 5615 2539 5684 vicino,
2588 5616 2703 5672 haec
2753 5632 2854 5686 ego
2887 5633 3050 5674 manu
3101 5632 3220 5673 mea
3275 5617 3500 5684 scripsi,
