3916 6196
303 253 400 319 741

1336 244 1781 309 cnuomcox
1815 200 2085 302 MAIiiS.
2132 268 2200 279 —
2247 241 2392 302 LIB.
2448 241 2530 301 ti.

3446 244 3553 316 742

306 372 392 426 τὶν
441 372 613 439 τάφον
667 370 832 424 αὐτοῦ
870 371 1035 439 μέχρι
1072 368 1165 421 τοῦ
1224 368 1441 438 πρώτου
1501 361 1873 436 μνημοσύνου.
1906 360 1951 417 Α
1980 355 2165 425 νήσου,
2190 358 2285 409 καὶ
2318 358 2366 409 εί
2404 357 2504 425 μὲν
2533 357 2560 406 ό
2589 356 2818 426 ἀδελφός
2869 374 2971 429 μου
3024 362 3181 435 μείνῃ
3214 365 3414 435 ἐκεῖσε,
3450 390 3547 440 με-

301 462 412 519 Kal
440 464 618 525 οὕτως
664 466 984 533 ἀπήλθομεν
1036 465 1117 524 εἰς
1162 464 1263 533 τὴν
1316 462 1519 525 οἰκίαν,
1555 457 1683 511 ἔνθα
1714 456 1876 508 κατέ-

306 575 467 629 μενεν
501 559 529 609 ό
561 556 753 625 ῥηθεὶς
795 557 1069 624 δεσπότης
1105 556 1212 624 κὺρ
1241 554 1674 614 Κωνσταντῖνος,
1721 548 1875 603 καθί-

306 666 495 711 σαντες
522 650 627 713 ἔξω
662 647 736 710 ὡς
790 648 839 700 οἱ
876 647 1083 699 πολλοί.
1115 645 1322 699 Μαθὼν
1352 644 1407 697 δὲ
1442 643 1600 697 τοῦτο
1629 645 1655 696 ό
1681 641 1873 695 δεσπό-

301 756 398 812 της
429 740 763 802 ἀποστείλας
807 740 897 790 τὸν
946 737 1086 789 θεῖόν
1122 753 1247 805 μου,
1285 736 1377 788 καὶ
1404 734 1597 804 εῖρηκέ
1629 749 1720 801 μοι
1752 732 1873 783 δεσο

304 832 514 901 ποτικῷ
539 830 926 900 προστάγματι
958 830 1041 881 ὅτι
1074 830 1145 882 Σὺ
1185 828 1284 897 μὲν
1310 828 1619 897 τετήρηκας
1649 823 1748 893 τὴν
1777 824 1873 876 τά-

306 924 385 987 ξιν
422 923 518 974 καὶ
551 922 648 973 οὐκ
691 919 941 989 εἰσῆλθες
990 922 1069 983 είς
1118 919 1179 971 τὸ
1224 917 1436 971 κελλίον
1468 933 1568 985 μου
1600 914 1654 981 ἐξ
1684 913 1869 985 ὀρθοῦ,

301 1015 375 1076 ὡς
410 1013 533 1075 ἔθος
570 1030 652 1064 σοι
680 1008 752 1083 ἦν
806 1011 886 1064 ἔτι
932 1011 1135 1074 ζῶντος
1177 1011 1270 1062 τοῦ
1322 1008 1577 1071 αὐθεντός
1628 1025 1729 1077 μου
1775 1006 1871 1059 καὶ

300 1106 569 1176 βασιλέως
604 1106 697 1157 καὶ
748 1106 954 1174 πατρός
983 1120 996 1133 ·
1034 1103 1173 1173 πλὴν
1220 1104 1381 1173 ἡμεῖς
1413 1102 1688 1172 ὀφειλέται
1720 1099 1873 1161 ὄντες

298 1201 397 1268 τῆς
427 1198 654 1265 ἀγάπης
685 1198 777 1249 καὶ
808 1197 1139 1265 δουλοσύνης
1170 1198 1270 1266 τῆς
1302 1196 1453 1266 παρὰ
1486 1195 1582 1247 σοῦ
1611 1196 1747 1265 πρὸς
1773 1196 1873 1248 αὐ-

298 1291 390 1343 τὸν
420 1292 516 1341 καὶ
549 1290 685 1354 πρὸς
720 1290 890 1357 ἡμᾶς,
936 1288 1344 1358 εὐεργετοῦμέν
1374 1306 1433 1341 σε
1483 1287 1580 1340 τοῦ
1612 1288 1871 1343 δύνασθαι

303 1383 564 1454 ἔρχεσθαι
596 1382 657 1446 ἐξ
685 1381 848 1451 όρθοῦ
890 1383 982 1433 καὶ
1026 1382 1107 1443 είς
1162 1382 1225 1434 τὸ
1274 1381 1483 1435 κελλίον
1519 1399 1644 1451 μου,
1673 1380 1748 1443 ὡς
1776 1382 1870 1433 καὶ

298 1477 569 1544 πρότερον
610 1475 765 1543 127
802 1475 1007 1535 ἐποίεις
1040 1473 1118 1525 ἔτι
1150 1473 1353 1537 ζῶντος
1380 1473 1471 1525 τοῦ
1506 1474 1715 1542 πατρός
1744 1489 1868 1538 μου.

300 1564 675 1632 Προσταχθεὶς
706 1560 801 1615 οῦν
843 1563 992 1631 παρὰ
1042 1561 1137 1614 τοῦ
1189 1562 1454 1631 βασιλέως
1504 1564 1594 1613 καὶ
1639 1560 1869 1627 ἀδελφοῦ

300 1655 467 1709 αὐτοῦ
518 1657 607 1709 ἵνα
651 1654 1031 1707 συνακολουθῶ
1072 1655 1221 1723 αὐτῷ
1264 1653 1627 1724 ἀπερχομένῳ
1658 1654 1735 1715 είς
1770 1654 1870 1705 [Iz—
1898 1688 1944 1747 Β

299 1749 651 1815 λοπόννησον,
676 1746 744 1797 δι’
794 1746 975 1798 αἰτίαν
1010 1747 1076 1814 ἢν
1129 1745 1508 1813 ἐδηλώσαμεν,
1556 1744 1868 1813 προστάξας

302 1855 392 1907 μοι
418 1838 643 1909 εἴρηκεν
672 1838 871 1906 ἐξόχως
899 1839 925 1889 ό
950 1836 1136 1906 ῥηθεὶς
1160 1836 1427 1904 δεσπότης
1452 1835 1557 1905 κὺρ
1580 1836 1869 1887 Κωνσταν-

298 1931 439 1988 τίνος
474 1925 727 1996 περὶτοῦ
763 1927 979 1997 μέλλειν
1012 1927 1427 1981 συνακολουθεῖν
1468 1925 1561 1979 καὶ
1592 1927 1689 1978 σὺν
1722 1923 1867 1991 αὐτῷ

301 2015 442 2069 εἶναί
482 2036 551 2086 με
579 2033 593 2049 ο
625 2017 781 2086 κάγὼ
829 2017 1108 2087 ἀναφέρας
1159 2018 1312 2089 αὐτῷ
1354 2013 1482 2070 εἶπα
1512 2018 1592 2070 ὅτι
1627 2018 1721 2071 καὶ
1759 2016 1870 2084 ἐγὼ

304 2109 490 2177 μεῖζον
516 2109 721 2161 τούτων
751 2109 1035 2179 ἐπιθυμῶ,
1073 2109 1383 2178 σωζομένου
1413 2110 1574 2179 μόνον
1612 2110 1698 2163 ἵνα
1726 2110 1868 2178 μετὰ

300 2199 570 2267 ἀποδοχῆς
598 2201 693 2253 καὶ
719 2202 1141 2269 προστάγματος
1176 2200 1268 2253 τοῦ
1295 2200 1565 2270 βασιλέως
1596 2202 1691 2254 καὶ
1717 2202 1870 2253 ἁδελο

299 2288 402 2354 φοῦ
452 2289 621 2342 αὐτοῦ
670 2290 918 2359 γένηται.
983 2291 1044 2345 '0
1073 2290 1129 2343 δὲ
1180 2293 1427 2363 ζητήσας
1480 2308 1546 2362 με
1588 2292 1741 2362 παρὰ
1771 2292 1865 2345 τοῦ

296 2381 534 2451 ἀδελφοῦ
581 2382 747 2435 αὐτοῦ
802 2383 941 2452 μετὰ
994 2384 1167 2452 λόγων
1200 2384 1629 2454 παρακλητικῶν
1658 2386 1752 2439 καὶ
1786 2388 1869 2438 ai-

292 2475 430 2526 τιῶν
480 2472 825 2541 ἀναγκαίων,
873 2474 932 2539 ἐξ
985 2470 1059 2531 ὧν
1112 2473 1460 2544 ἠναγκάζετο
1512 2476 1659 2545 ἔχειν
1702 2477 1867 2530 αὐτόν

292 2564 487 2634 χρείαν
521 2564 680 2631 ἐμοῦ,
725 2564 931 2628 ἐκεῖνος
964 2565 1018 2619 δὲ
1046 2567 1379 2636 ἀπεκρίνατο
1398 2567 1473 2629 ὡς
1507 2568 1567 2619 τὸ
1589 2566 1867 2637 ζητούμε-
1934 2610 1947 2617 -

289 2670 385 2708 νον
407 2656 667 2709 ἀδύνατόν
683 2658 851 2720 ἐστιν,
878 2655 1020 2727 οὐΙδι’
1040 2657 1197 2710 ἄλλον
1218 2657 1263 2710 εί
1288 2655 1360 2726 μὴ
1426 2658 1512 2711 ἵνα
1528 2662 1601 2729 μὴ
1623 2660 1789 2727 dot-11+,
1799 2676 1865 2730 σῃ

310 2746 379 2799 1b
432 2748 526 2799 τοῦ
579 2748 787 2817 πατρὸς
841 2750 1169 2819 πρόσταγμα
1226 2750 1318 2801 καὶ
1341 2749 1440 2818 τὴν
1476 2752 1611 2819 πρὸς
1661 2752 1866 2803 ἐκεῖνον

290 2837 438 2907 ἐμὴν
466 2837 553 2890 διὰ
582 2837 849 2907 στόματος
880 2839 1203 2907 παράδοσιν.
1259 2838 1319 2892 Ὀ
1349 2839 1405 2893 δὲ
1439 2840 1600 2892 πάλιν
1631 2840 1865 2910 ἐζήτησε

291 2928 457 2982 τοῦτο
491 2928 578 2981 διὰ
599 2930 699 2995 τῆς
731 2929 1019 2999 δεσποίνης
1048 2932 1143 2982 καὶ
1177 2932 1381 3000 μητρὸς
1409 2930 1575 2983 αὑτοῦ
1598 2932 1694 2983 καὶ
1725 2933 1866 2998 μετὰ

292 3020 491 3073 αἰτιῶν
520 3021 857 3089 ἀναγκαίων,
884 3023 982 3075 καὶ
1010 3022 1165 3090 μόλις
1190 3021 1491 3092 προσέταξε
1513 3023 1672 3076 τοῦτο
1691 3022 1862 3076 εἰπὼν
1890 3038 1933 3095 c

293 3112 384 3163 ὅτι
418 3110 654 3166 Ἐλθέτω
684 3110 802 3181 μεθ’
825 3110 979 3182 ἡμῶν
1001 3114 1321 3183 όΦραντζῆς
1347 3115 1451 3176 ἓως
1480 3117 1573 3184 τῆς
1602 3116 1866 3197 Πελοπονέ

293 3300 398 3344 aut
428 3305 599 3359 usque
628 3290 691 3342 ad
723 3291 892 3358 prima
920 3306 1075 3346 sacra
1099 3291 1382 3346 funeralia.
1420 3293 1493 3345 Ita
1520 3296 1732 3348 demum
1797 3296 1864 3347 ad

293 3382 469 3447 mdes,
492 3382 545 3434 in
576 3381 774 3450 quibus
803 3380 1196 3437 Constantinus
1224 3383 1447 3450 despota
1487 3386 1864 3438 commoraba-

296 3488 414 3538 tur,
440 3472 807 3537 discessimus,
848 3472 1088 3541 forisque
1122 3483 1181 3525 ut
1199 3474 1381 3527 θεειονί
1409 3474 1680 3543 plerique,
1737 3492 1867 3530 con-

294 3564 561 3617 sedimus.
590 3562 742 3628 Quod
802 3563 888 3616 ubi
915 3563 1120 3617 audivit
1168 3564 1413 3631 despota,
1480 3566 1628 3619 misit
1662 3568 1725 3620 ad
1783 3584 1865 3621 n.e

296 3663 549 3722 patruum
572 3668 771 3717 meum,
787 3654 877 3722 qui
906 3664 1008 3707 suo
1028 3654 1241 3708 nomine
1260 3656 1331 3709 ita
1352 3656 1478 3710 milii
1500 3659 1862 3712 renuntiaret:

302 3763 321 3796 ι
346 3744 513 3799 Recte
534 3755 587 3797 tu
615 3744 832 3814 quidem
856 3760 1058 3801 morem
1082 3746 1406 3809 observasu,
1430 3756 1481 3800 ut
1505 3765 1610 3801 non
1634 3750 1865 3805 intrares

297 3838 482 3891 statim
502 3837 556 3890 in
581 3837 884 3892 cubiculum
901 3852 1102 3901 mcum,
1128 3849 1185 3891 ut
1205 3845 1349 3905 ante,
1369 3840 1494 3894 vivo
1515 3841 1861 3908 imperatore,

297 3937 451 3997 patre
471 3942 613 3992 meo,
642 3927 853 3985 solebas
876 3929 1055 3984 facere
1084 3947 1099 3995 ;
1125 3930 1217 3985 sed
1252 3942 1486 3999 nosmet,
1515 3932 1736 4002 obligati
1772 3933 1865 3987 tibi

299 4029 526 4090 propter
548 4035 785 4075 amorem
845 4031 899 4075 et
927 4020 1126 4086 ofﬁcia,
1175 4037 1295 4092 qua:
1355 4037 1482 4094 erga
1524 4035 1727 4092 patrem
1764 4039 1863 4079 no.

296 4124 472 4167 strum
502 4124 555 4167 et
575 4128 699 4181 erga
731 4128 830 4168 nos
854 4115 1181 4184 prmstitisti,
1212 4126 1530 4183 potestatem
1558 4118 1649 4170 tibi
1675 4119 1864 4172 damus

299 4186 472 4258 libere
496 4204 733 4257 intrandi
764 4204 1074 4259 cubiculum
1100 4216 1372 4272 nostrum,
1409 4208 1859 4273 quemadmodum

298 4306 427 4349 ante
452 4294 710 4362 faciebas,
752 4313 875 4351 cum
903 4306 1060 4367 pater
1085 4312 1234 4353 meus
1254 4299 1307 4353 in
1347 4300 1487 4353 vivis
1506 4310 1669 4354 esset.
1697 4320 1714 4351 ›
1739 4315 1860 4353 cum

1976 448 2114 499 νέτω
2142 448 2235 500 καθι
2285 449 2446 509 αὐτὸς
2486 451 2607 518 μετ’
2639 451 2827 515 αὐτοῦ,
2872 454 2999 505 ἐπεὶ
3033 456 3131 508 καὶ
3163 460 3195 527 ἡ
3246 462 3411 529 κυρία
3445 480 3549 532 μου

1978 539 2008 608 ἡ
2063 538 2326 591 δέσποινα
2380 540 2685 609 προσέταξέ
2743 560 2835 609 μοι
2896 544 3071 609 οὕτως
3122 550 3217 601 καὶ
3275 556 3552 621 συγχωρεῖ

1974 630 2108 682 αὐτό
2135 647 2149 662 ο
2177 632 2225 683 εἰ
2256 631 2311 684 δὲ
2338 632 2739 703 ἐπαναστρέφει
2766 636 3001 691 ἐνταῦθα
3032 640 3154 709 μετ’
3179 644 3317 712 ἐμοῦ
3342 648 3369 697 ό
3397 646 3551 698 ἁδελ-

1974 723 2075 790 φός
2111 739 2234 792 μου,
2285 724 2346 776 οὐ
2402 729 2508 794 χρὴ
2558 728 2605 777 εί
2662 728 2737 796 μὴ
2794 725 2937 783 εἶναι
2968 733 3131 786 αὐτὸν
3165 730 3261 788 δὺν
3306 738 3549 805 spondi;

1973 816 2126 885 παρὰ
2180 815 2272 867 τοῦ
2325 816 2591 885 βασιλέως
2641 818 2738 872 τοῦ
2788 821 3048 887 αὐθεντός
3080 843 3183 894 μου
3216 831 3309 880 καὶ
3340 832 3545 902 πατρὸς

1971 905 2343 974 προσετάχθη,
2388 908 2600 977 128ὃ
2630 910 2724 961 καὶ
2766 910 2992 976 δικαίως
3045 914 3334 985 ὀφείλομεν
3381 922 3541 990 ἡμεῖς

1972 999 2197 1066 ποιῆσαι
2230 999 2387 1053 αὐτό.
2433 999 2783 1070 Ἐρχομένων
2814 1003 2908 1057 οὖν
2954 1007 3033 1068 είς
3071 1010 3171 1077 τὴν
3203 1010 3542 1084 Πελοπόννη-
3578 1073 3584 1097 Ι

1974 1106 2065 1141 σον
2092 1090 2168 1159 τῷ
2203 1091 2301 1158 μὲν
2331 1090 2479 1161 ἢμην
2509 1093 2735 1157 τελείως
2776 1096 3115 1167 ὑποχείριος,
3150 1101 3225 1163 ὡς
3256 1108 3539 1172 προεῖπον,

1969 1181 2048 1249 τῷ
2078 1178 2133 1231 δὲ
2168 1182 2356 1251 ἀγάπῃ
2394 1184 2489 1236 καὶ
2517 1184 2696 1237 ἐλπίδι
2728 1189 3189 1255 προσαπέὸλεπον
3218 1193 3407 1247 αὐτόν.

2054 1272 2459 1335 Ἀποσωθέντες
2485 1274 2579 1327 οὖν
2608 1278 2689 1338 είς
2723 1277 3132 1351 Πελοπόννησον
3163 1286 3257 1336 καὶ
3283 1286 3423 1338 κατὰ
3450 1286 3544 1340 τοῦ

1967 1357 2140 1413 τόπου
2170 1364 2375 1426 παντὸς
2423 1365 2519 1417 τοῦ
2572 1365 2725 1428 ἐντὸς
2766 1368 3180 1441 Πελοποννήσου
3217 1375 3275 1438 ὃς
3310 1378 3414 1432 ὑπὸ
3449 1382 3543 1435 τοῦ

1970 1453 2233 1507 δεσπότου
2282 1458 2531 1526 Καρόλου
2573 1459 2873 1529 ἐκρατεῖτο,
2907 1462 3241 1529 ἀπελθόντες
3281 1468 3376 1522 οὖν
3409 1475 3543 1527 πάν-

1970 1564 2062 1610 τες
2092 1548 2141 1599 οί
2180 1549 2438 1603 αὐθένται
2473 1553 2569 1606 καὶ
2599 1552 2820 1622 ἀδελφοὶ
2869 1559 2963 1609 καὶ
3003 1559 3201 1632 βουλὴν
3234 1567 3542 1637 ποιησάμε-

1969 1656 2051 1690 νοι
2075 1640 2356 1711 τοιαύτην,
2394 1642 2470 1712 μὴ
2507 1642 2841 1715 θαρροῦντες
2874 1650 2983 1718 γὰρ
3009 1652 3247 1716 εὐκόλως
3278 1656 3542 1723 ὑποτάξαι

1970 1730 2060 1781 τὸν
2090 1731 2256 1783 τόπον
2308 1733 2494 1799 αὐτοῖς
2541 1732 2600 1787 δν
2635 1733 2781 1806 εἶχεν
2817 1741 2843 1792 ό
2894 1724 3169 1811 Κάρολοςξ
3193 1747 3395 1813 ὁμοίως
3442 1754 3541 1802 καὶ

1969 1822 2133 1901 αὐτὸς
2161 1824 2259 1874 οὐκ
2290 1823 2513 1895 ἐθάρρει
2550 1826 2845 1899 δυνηθῆναι
2874 1832 3109 1901 φυλάξαι
3132 1835 3224 1888 τὸν
3256 1837 3539 1893 ἐπίλοιπον

1968 1912 2135 1965 τόπον
2164 1915 2251 1965 τόν
2280 1915 2725 1986 ἐναπομείναντα
2762 1923 2913 1992 αὐτῷ
2939 1940 2953 1953 ·
2985 1924 3081 1977 καί
3121 1944 3275 1991 τινας
3300 1930 3409 1983 τῶν
3444 1932 3541 1985 αὐ-

1968 2004 2062 2057 τοῦ
2097 2006 2277 2059 τόπων
2305 2007 2501 2063 ἔλαϐον
2531 2012 2581 2064 οἱ
2632 2014 2790 2083 ἡμῶν
2820 2017 3099 2082 αὐθένται,
3128 2022 3206 2082 είς
3240 2022 3542 2091 συμϐάσεις

1969 2097 2257 2162 ἐλθόντων,
2291 2101 2385 2153 καὶ
2418 2103 2819 2174 εὐδοκήσαντος
2844 2108 2939 2161 τοῦ
2967 2109 3233 2166 δεσπότου
3258 2116 3361 2185 κὺρ
3386 2117 3543 2169 Κων-

1972 2189 2253 2243 σταντίνου
2277 2190 2363 2244 ἵνα
2386 2191 2528 2267 λάϐῃ
2557 2198 2635 2258 είς
2660 2198 2893 2267 νόμιμον
2920 2205 3159 2269 γυναῖκα
3187 2206 3287 2273 τὴν
3314 2208 3541 2278 ἀνεψιὰν

1968 2281 2119 2333 τοῦδε
2152 2282 2244 2334 τοῦ
2289 2283 2554 2339 δεσπότου
2603 2287 2877 2359 Καρόλου,
2916 2294 3011 2347 καὶ
3047 2294 3146 2349 ὅσα
3176 2294 3241 2349 ἂν
3276 2294 3391 2369 εἶχε
3440 2302 3540 2354 κά·

1970 2388 2106 2463 στρα
2136 2375 2217 2436 είς
2246 2375 2343 2444 τὴν
2373 2378 2784 2449 Πελοπόννησον
2816 2383 2956 2455 λάϐῃ
2986 2387 3063 2449 είς
3088 2390 3320 2459 προῖκαν
3344 2392 3538 2463 αὐτῆς,

1966 2462 2110 2517 οὕτω
2137 2467 2436 2539 γενομένης
2468 2470 2567 2541 τῆς
2598 2476 2940 2541 συμφωνίας.

2041 2557 2106 2625 β’,
2144 2559 2221 2629 Τῇ
2268 2560 2362 2613 οὖν
2395 2565 2586 2636 πρώτῃ
2617 2566 2795 2619 Μαΐου
2831 2568 2925 2621 τοῦ
2968 2569 3133 2626 αὐτοῦ
3179 2574 3336 2640 ἔτους
3377 2578 3541 2632 σταλ-

1966 2649 2082 2711 θεὶς
2100 2651 2208 2713 ἐγὼ
2232 2654 2543 2721 παρέλαϐον
2562 2656 2659 2728 τὴν
2676 2659 3043 2729 Γλαρέντζαν,
3061 2666 3157 2718 καὶ
3181 2668 3331 2721 ἄλλοι
3349 2671 3535 2725 τᾶλλα.

1968 2739 2075 2791 Καὶ
2127 2742 2640 2813 ὲπαναστρέψαντες
2683 2751 2763 2810 είς
2807 2752 3066 2823 Σπάρτην
3114 2758 3401 2828 ἐνηργεῖτο
3451 2763 3537 2814 ἴνα

1965 2830 2104 2903 λάϐῃ
2138 2833 2199 2885 τὺ
2236 2838 2530 2905 μοναχικὸν
2578 2840 2767 2910 σχῆμα
2802 2844 2830 2896 ό
2860 2845 3130 2916 δεσπότης
3175 2852 3282 2920 κὺρ
3330 2855 3540 2907 Θεόδω-

1970 2937 2079 2991 ρος,
2109 2924 2203 2975 καὶ
2234 2925 2435 2993 τρόπον
2480 2928 2574 2981 καὶ
2618 2930 2890 3002 ἀναόολην
2918 2938 3195 3005 ποιήσωσι
3225 2941 3319 2993 τοῦ
3354 2961 3535 3014 παρα-

1967 3011 2153 3065 λαϐεῖν
2189 3015 2350 3084 129
2383 3016 2481 3086 τὴν
2514 3016 2759 3089 Πάτραν,
2792 3024 3094 3091 ἀναγκαῖον
3132 3030 3226 3083 καὶ
3261 3011 3535 3102 χρήσιμον

1968 3105 2154 3172 τόπον,
2182 3107 2268 3159 ῖνα
2312 3108 2409 3176 τὴν
2460 3110 2783 3181 κατοίκησιν
2819 3117 2866 3167 oi
2897 3114 3156 3171 δεσπόται
3188 3123 3283 3175 καὶ
3314 3123 3537 3193 ἀδελφοὶ

1969 3299 2072 3339 nos
2113 3285 2418 3342 Pbrautzes
2452 3289 2504 3342 iu
2536 3287 2990 3358 Peloponnesum,
3042 3304 3203 3363 atque
3226 3296 3295 3349 ibi
3328 3298 3373 3351 si
3421 3314 3536 3352 ma-

1968 3385 2095 3433 neat
2132 3377 2300 3431 frater
2320 3393 2489 3441 meus,
2519 3389 2736 3434 maneto
2760 3380 2849 3435 ille
2866 3398 3082 3452 quoque
3103 3401 3223 3439 cum
3250 3402 3334 3450 eo,
3365 3404 3530 3456 quan‘

1970 3469 2257 3540 doquidem
2284 3470 2356 3524 ita
2387 3472 2583 3525 suadet
2615 3474 2975 3542 conceditque
3006 3477 3136 3530 mihi
3177 3479 3490 3547 imperatrix
3518 3499 3533 3546 ;

1970 3562 2053 3616 sin
2091 3562 2288 3617 redibit
2321 3578 2531 3617 mecum
2576 3563 2767 3628 frater,
2814 3564 2959 3618 illum
2986 3582 3211 3622 necesse
3257 3578 3342 3624 est
3393 3574 3534 3640 apud

1970 3669 2055 3708 me
2082 3668 2224 3717 esse,
2257 3654 2709 3724 quemadmodum
2737 3657 2876 3725 jussi
2899 3672 3087 3712 sumus
3110 3659 3176 3711 ab
3209 3660 3536 3728 imperatore

1970 3760 2178 3813 nosque
2200 3745 2379 3799 facere
2405 3746 2576 3799 decet.
2613 3762 2630 3796 ι
2658 3744 2791 3801 Cum
2820 3748 2985 3817 igitur
3014 3748 3067 3801 in
3104 3747 3535 3813 Peloponnesum

1967 3836 2460 3905 proficisceremur,
2492 3836 2669 3905 alteri,
2720 3846 2931 3893 utaute
2959 3840 3094 3906 dixi,
3147 3840 3387 3910 perfecte
3433 3842 3534 3897 οι)-

1967 3928 2352 3995 tetuperabam,
2383 3927 2611 3982 alterum
2653 3945 2772 3984 cum
2827 3940 3013 3985 amore
3049 3941 3104 3985 ct
3147 3947 3241 4002 Spe
3270 3936 3536 4005 suspieie«

1966 4020 2110 4070 bam.

2037 4109 2209 4164 Delati
2251 4111 2419 4177 igitur
2462 4111 2514 4165 in
2581 4111 3036 4182 Peloponnesum,
3111 4116 3346 4173 vidimus
3418 4119 3532 4173 loca

1965 4205 2147 4257 omnia
2190 4220 2308 4272 qu:e
2366 4221 2393 4257 a
2440 4204 2635 4259 Carolo
2687 4208 2910 4271 despota
2986 4211 3329 4267 tenebantur.
3396 4210 3530 4266 Tum

1968 4295 2239 4363 principes
2265 4303 2320 4347 et
2368 4293 2566 4350 fratres
2621 4311 2831 4363 onmes,
2874 4298 3263 4355 deliberatione
3322 4302 3531 4365 habita,

294 4386 496 4440 deinde
528 4387 842 4442 mandasset
865 4389 997 4441 mihi
1029 4386 1361 4454 imperator.
1399 4388 1545 4442 illius
1577 4389 1766 4455 frater,
1804 4400 1862 4443 ut
1894 4360 1942 4420 θ
1970 4398 2093 4437 cum
2119 4394 2327 4451 partem
2364 4398 2391 4437 a
2417 4383 2612 4439 Carolo
2637 4397 2968 4455 occupatam
3012 4391 3266 4460 subigere
3300 4408 3357 4446 se
3376 4408 3535 4461 posse

298 4478 352 4533 in
390 4477 821 4548 Peloponnesum
846 4482 1135 4535 abeuntem
1160 4495 1218 4535 se
1261 4482 1575 4547 comitarer,
1636 4492 1859 4551 propter

295 4583 440 4631 eam,
480 4585 639 4637 quam
686 4584 850 4637 supra
916 4571 1357 4635 commemoravi,
1408 4586 1648 4633 causam,
1745 4571 1861 4639 ipse

294 4660 695 4713 Constantinus
728 4660 1076 4715 vehementer
1097 4676 1184 4716 me
1213 4661 1498 4724 invitabat,
1546 4672 1599 4715 ut
1625 4661 1725 4715 sibi
1749 4663 1860 4714 vel-

295 4752 402 4803 lem
458 4764 648 4806 comes
704 4766 844 4807 esse.
889 4752 985 4806 Cui
1038 4769 1137 4822 ego
1206 4753 1587 4821 respondi,me
1644 4768 1859 4822 quoque

299 4844 476 4908 ipsum
517 4843 664 4896 istud
718 4854 1045 4912 praeoptare,
1123 4846 1281 4896 modo
1329 4847 1377 4897 id
1436 4846 1768 4913 approbante
1807 4852 1860 4897 et

289 4932 516 5001 jubente
554 4933 903 5001 imperatore,
933 4934 1102 4988 fratre
1119 4935 1258 5005 ejus,
1316 4939 1493 4990 fieret.
1531 4934 1718 5005 Itaque
1767 4936 1858 4990 ille

294 5024 623 5077 meafratre
653 5028 904 5093 precibus
939 5029 1143 5095 petivit,
1184 5029 1481 5097 propositis
1534 5029 1858 5094 rationibus,

293 5118 363 5169 ob
392 5131 527 5185 quas
553 5120 859 5172 necessaria
882 5121 983 5174 sibi
1004 5132 1146 5175 esset
1177 5136 1295 5175 mea
1324 5137 1509 5191 Opera.
1544 5122 1610 5175 At
1635 5138 1860 5191 respon-

294 5208 550 5275 ditalter,
586 5211 699 5265 fieri
730 5226 836 5265 non
870 5227 1044 5280 posse,
1103 5213 1245 5282 quod
1281 5223 1517 5283 rogaret,
1578 5224 1864 5282 propterea

294 5300 437 5368 quod
472 5315 577 5354 non
618 5301 804 5355 liceret
830 5304 1100 5372 negligere
1133 5303 1467 5357 voluntatem
1521 5306 1691 5372 patris
1716 5305 1863 5373 ejus-

295 5395 524 5459 demque
592 5395 1139 5461 commendationem,
1167 5410 1272 5465 qua
1307 5395 1356 5450 is
1396 5410 1497 5448 suo
1528 5411 1622 5449 ore
1656 5397 1757 5462 ipsi
1780 5410 1865 5450 me

298 5484 628 5537 tradidisset.
664 5484 902 5539 Instabat
928 5502 1112 5541 rursus
1136 5486 1548 5553 Constantinus,
1571 5504 1732 5556 opera
1750 5503 1867 5540 ma-

298 5573 791 5645 trisimperatricis
822 5579 1113 5647 causisque
1176 5579 1387 5635 idoneis
1454 5595 1609 5638 usus,
1665 5579 1862 5647 quibus

300 5664 387 5719 ille
437 5677 765 5733 commotus,
816 5684 957 5737 a-gre
1002 5671 1215 5725 tandem
1277 5671 1445 5724 edixit
1482 5687 1491 5722 :
1522 5688 1539 5720 ι
1603 5669 1855 5738 Sequitur

1969 4472 2294 4537 diﬂiderent,
2330 4489 2429 4528 nec
2462 4474 2550 4529 ille
2578 4480 2973 4542 confideret,se
2995 4490 3159 4534 totam
3186 4483 3323 4536 tueri
3349 4499 3529 4552 posse,

1967 4565 2217 4631 pactione
2272 4566 2444 4630 facta,
2497 4568 2669 4621 nostri
2714 4572 2990 4640 principes
3026 4573 3282 4627 nonnulla
3318 4576 3385 4629 ab
3439 4576 3532 4630 illo

1968 4653 2083 4707 loca
2113 4665 2444 4723 acceperunt
2480 4674 2495 4724 ;
2532 4659 2842 4730 placuitque
2872 4660 3232 4719 Constantino
3266 4667 3530 4737 despotze,

1968 4757 2025 4802 ut
2054 4749 2296 4817 ejusdem
2334 4751 2717 4804 consobrinam
2752 4752 2990 4821 legitimo
3016 4754 3122 4809 sibi
3182 4758 3532 4813 matrimonio

1959 4839 2229 4907 jungeret,
2260 4849 2311 4893 et
2344 4856 2685 4909 qua‘cunqtlc
2713 4843 2799 4896 ille
2849 4854 3031 4897 castra
3067 4845 3121 4899 in
3162 4844 3533 4916 Peloponneso

1968 4930 2209 4988 haberet,
2244 4946 2303 4983 ea
2336 4931 2478 4985 dotis
2532 4935 2747 4986 nomine
2799 4935 3071 5004 acciperet
3105 4954 3119 4990 :
3161 4938 3356 5004 quibus
3405 4939 3531 5006 qui—

1967 5023 2086 5074 dem
2120 5023 2521 5077 conditionibus
2541 5024 2830 5079 concordia
2861 5024 3072 5080 firmata
3104 5040 3211 5083 cst.

2037 5112 2091 5167 2.
2126 5114 2391 5169 Kalendis
2426 5117 2590 5183 igitur
2624 5115 2746 5169 Maii
2772 5118 3010 5185 ejusdem
3048 5118 3175 5171 anni
3210 5121 3405 5172 missus
3431 5134 3529 5189 ego

1969 5203 2345 5271 Glarentzam,
2372 5206 2458 5258 alii
2492 5207 2695 5276 reliqua
2716 5208 2829 5261 loca
2881 5216 3219 5277 receperunt.
3278 5209 3528 5280 Spartani

1971 5298 2196 5360 reversi,
2235 5299 2516 5367 principes
2553 5300 2603 5351 in
2631 5299 2734 5353 hoc
2757 5311 3047 5369 occupatos
3091 5301 3415 5368 invenimus,
3470 5315 3531 5359 ut

1975 5387 2295 5440 Tbcodorns
2330 5387 2553 5457 despota
2586 5391 2948 5444 manasticum
2983 5391 3224 5446 habitum
3259 5394 3526 5457 indueret,

1970 5480 2344 5546 rationemque
2375 5493 2437 5532 ac
2461 5480 2599 5531 viam
2630 5480 2957 5548 invenirent,
3003 5496 3106 5552 qua
3152 5482 3329 5538 Patras
3382 5489 3530 5538 subi-

1963 5580 2236 5640 gerentur,
2264 5568 2412 5623 Iocus
2442 5569 2742 5639 praecipuus
2776 5582 2829 5626 et
2876 5584 3233 5645 opportunus,
3274 5574 3363 5629 ubi
3416 5574 3527 5626 fra-

1965 5676 2073 5717 tres
2118 5660 2445 5716 domicilium
2485 5662 2833 5732 collocarent,
2908 5682 3041 5723 ncve
3102 5665 3310 5736 Sparta:
3365 5664 3528 5721 simul
