3908 6196
438 296 543 358 747

1679 287 2007 346 GEORGII
2057 288 2485 348 ΡΠΒΑΝΤΖΕ

3550 280 3643 342 iis

396 429 399 431 '
434 413 698 492 βὺξείνου
735 415 930 465 rain-ou
957 411 1076 480 ἦτοι
1112 408 1208 476 τῆς
1243 406 1462 475 μαύρης
1514 403 1814 492 θαλάσσης,
1849 403 1916 455 τά
1949 399 2006 453 δὲ
2036 405 2085 464 Α
2113 401 2308 469 ἔδειξε.
2342 402 2510 464 Τέλος
2541 401 2858 472 ἐστήσαμεν
2888 401 2974 454 ίνα
3023 398 3112 454 διά
3144 399 3330 460 νυκτδς
3360 397 3642 468 βαδίσαντες

437 510 657 562 δοθέλτα
689 504 838 572 παρά
891 502 982 554 τοῦ
1016 501 1280 554 δεσπότου
1309 499 1416 566 κὺρ
1477 478 1756 565 Θεοδώροῦ
1792 495 2006 564 κάστρα

437 602 534 653 καὶ
591 599 766 650 πάντα
829 595 897 647 τὰ
947 591 1046 661 τῆς
1102 591 1473 662 ὲπιτροπικῆς
1525 587 1620 640 τοῦ
1661 582 2005 654 Μελισσηνοῢ

438 692 761 759 Νικηφόρου
799 689 856 742 ὲν
885 687 960 756 τῷ
999 683 1378 754 Μεσσηνιακῷ
1411 682 1599 751 κόλπῳ
1649 679 1810 732 πάλιν
1839 678 2008 730 δοθῶ-

440 799 544 845 σιν,
577 782 710 834 ὅπου
749 778 796 832 δ’
826 777 892 831 ἂν
927 779 954 830 ὁ
1005 775 1264 842 βασιλεὺς
1325 771 1603 844 διακρίνῃ,
1662 767 2009 840 παρηκολού-

438 875 570 944 θησε
604 872 701 925 καὶ
733 869 913 934 τοῦτο,
945 870 1084 938 ὅπερ
1112 863 1180 936 ἦν
1201 867 1308 919 ἀπὸ
1349 868 1548 935 μέρους
1571 862 1736 916 αὑτοῦ
1778 861 2009 931 βεϐαίω-

443 985 528 1028 σις
559 963 882 1032 ἀποκρύφου
915 960 1167 1030 μελέτης.
1227 959 1577 1027 Διερχόμενοι
1622 954 1722 1024 τὴν
1750 953 1868 1005 ὁδὸν
1905 952 2010 1020 τῆς

440 1063 668 1130 Πάτρας
695 1063 757 1112 ἐκ
785 1057 1105 1124 Βοστίτξης,
1141 1055 1227 1107 ἵνα
1273 1055 1351 1114 είς
1406 1051 1504 1120 τὴν
1540 1049 1883 1119 Γλαρέντζαν
1914 1046 2007 1098 καὶ

439 1155 500 1206 τὸ
527 1151 900 1220 Χλομούτζιον
930 1147 1281 1214 ἀπέλθωμεν,
1329 1142 1456 1196 ἔνθα
1503 1141 1597 1194 καὶ
1630 1141 1662 1209 ἡ
1717 1138 2008 1209 βασίλισσα

437 1241 530 1314 ἦν,
566 1243 786 1304 σταλεὶς
839 1244 866 1293 ὁ
943 1239 1284 1308 Ἀνδρόνικος
1349 1235 1630 1300 Λάσκαρις
1671 1233 1698 1285 ὁ
1734 1231 2008 1298 Παδιάτης

442 1339 582 1408 πρὸς
608 1338 734 1398 τοὺς
770 1337 827 1386 ὲν
857 1337 923 1402 τῇ
974 1333 1163 1400 Πάτρᾳ
1190 1330 1457 1398 ἄρχοντας
1491 1325 1619 1393 περί
1673 1340 1835 1376 τινων
1872 1323 2008 1374 ὐπο-

440 1431 643 1481 θέσεων
681 1428 907 1479 κάκεῖσε
949 1420 1312 1491 προσμείνας.
1345 1419 1641 1487 συνέτυχον
1665 1415 1816 1484 αὐτῷ
1861 1414 2004 1476 ἰδίως

437 1523 531 1572 καὶ
559 1519 760 1586 ἐξόχως
791 1518 958 1583 ἱερεῖς
991 1530 1050 1565 τε
1089 1513 1180 1565 καὶ
1213 1511 1394 1564 λαῖκοῖ
1424 1509 1553 1577 περὶ
1585 1507 1700 1570 τοῦ,
1743 1507 1790 1559 εί
1833 1509 1860 1558 ὁ
1900 1505 2005 1558 aii-

439 1610 637 1674 θέντης
665 1605 830 1659 αὐτοῦ
876 1605 1042 1669 θέλει,
1072 1603 1227 1656 αὐτοὶ
1268 1601 1576 1672 εὐρήσωσιν
1607 1600 1812 1670 τρόπον
1852 1597 1920 1648 δι’
1945 1591 2008 1649 οὗ

437 1697 734 1770 παραλάϐῃ
785 1695 952 1758 αὐτὸς
1018 1695 1119 1766 τὴν
1165 1693 1414 1761 Πάτραν.
1467 1691 1749 1752 Ἐλθόντος
1813 1690 1870 1742 δὲ
1908 1686 2006 1740 τοῦ

437 1794 781 1862 Λασκάρεως
834 1792 931 1858 καξι
962 1789 1208 1851 εἰπόντος
1249 1788 1391 1857 μετά
1438 1785 1548 1838 τῶν
1577 1784 1757 1838 ἀλλων
1807 1785 1879 1836 τὰ
1904 1782 2014 1834 τῶν

438 1883 746 1953 Πατρηνῶν
779 1883 1103 1950 ἀπόκρυφα,
1150 1878 1496 1949 ἀπεπέμφθη
1531 1877 1608 1940 ῶς
1643 1876 1886 1931 ἀδύνατα
1919 1874 2014 1927 καὶ

437 1979 675 2048 περισσὰ
705 1977 739 2030 ἀ
771 1977 974 2045 ἢκουσε
1014 1975 1109 2026 καὶ⁸
1138 1971 1315 2039 ἔλεγε.
1357 1970 1589 2038 Ἐστάλη
1629 1965 1724 2020 οὖν
1781 1967 1864 2030 είς
1917 1983 2010 2020 κε-

440 2071 618 2141 φαλὴν
649 2070 750 2134 τῆς
791 2065 1028 2133 Ἰθώμης
1051 2064 1147 2116 καὶ
1177 2061 1509 2131 Ἀνδρούσης
1532 2063 1560 2113 ό
1594 2060 1756 2123 αὐτὸς
1795 2059 2016 2113 Λάσκα-

446 2183 552 2235 ρις,
588 2166 667 2216 ἔτι
692 2162 749 2214 δὲ
782 2161 876 2213 καὶ
906 2160 955 2211 οί
982 2157 1132 2235 ἄλλοι
1185 2157 1450 2225 ἄρχοντες
1493 2155 1541 2207 οἱ
1593 2157 1671 2216 είς
1727 2155 1796 2206 τά
1835 2153 2014 2204 ἐκεῖσε

442 2232 654 2318 κάστρα
677 2247 986 2315 κεφαλάδες
1009 2257 1024 2276 δ
1060 2232 1196 2298 ἀλλὰ
1217 2245 1280 2313 δὴ
1317 2245 1408 2296 καὶ
1438 2245 1465 2296 ό
1502 2243 1718 2314 πρῶτος
1749 2241 1857 2294 τῶν
1913 2245 2014 2311 ἀρ-

442 2345 648 2413 χόντων
683 2341 777 2393 τοῦ
804 2340 957 2392 οῖκου
989 2337 1152 2390 αὑτοῦ
1182 2340 1208 2389 ό
1243 2338 1527 2403 Λάσκαρις
1594 2335 1836 2399 ’Δλέξιος
1871 2335 2014 2388 ἐλεί-

445 2434 554 2504 φθη
595 2435 672 2494 εἰς
720 2429 1088 2499 κεφαλάτικον
1124 2428 1225 2496 τῆς
1259 2425 1558 2494 Ποστίτζης
1599 2426 1695 2478 καὶ
1727 2426 2019 2494 ἐπανέμει-

441 2545 534 2579 νεν
575 2526 776 2577 ἐκεῖσε.
809 2521 1174 2590 Διερχόμενος
1208 2515 1324 2585 οὖν,
1367 2518 1441 2582 ὡς
1469 2518 1772 2587 δεδήλωκα,
1827 2517 1853 2569 ὁ
1885 2517 2016 2585 ἐμὸς

443 2615 712 2679 δεσπότης
735 2614 826 2666 καὶ
866 2611 1135 2679 αὐθέντης
1190 2611 1305 2679 μετ’
1337 2607 1474 2678 ἐμοῦ
1510 2611 1674 2677 μόνου
1734 2607 2020 2676 ἐνεργοῦν-

443 2722 534 2766 τος
565 2704 626 2756 τὸ
653 2705 902 2773 περὶτῆς
937 2697 1095 2771 136
1127 2701 1370 2770 Πάτρας,
1397 2698 1784 2767 εὑρισκόμενοι
1820 2699 1899 2761 εἰς
1920 2697 2018 2763 τὴν

444 2795 789 2864 Γλαρέντζαν
841 2795 1165 2878 ἐγράψαμεν
1217 2789 1482 2852 πολλάκις
1534 2792 1672 2852 πρὸς
1728 2791 1854 2851 τοὺς
1920 2789 2020 2858 τῆς

445 2891 693 2960 Πάτρας,
730 2885 1018 2947 σταλέντος
1050 2886 1168 2936 ἐκεῖ
1195 2883 1290 2936 τοῦ
1335 2883 1621 2942 Πεδιάτου,
1655 2881 1690 2934 ά
1725 2882 2019 2949 συνέτυχον

447 2984 564 3036 ἐκεῖ
589 2983 842 3050 λέγοντες
881 2979 1066 3039 αὐτοῖς
1119 2977 1370 3044 καὶπερὶ
1420 2970 1493 3028 ὦν
1547 2973 1745 3038 ἔταξαν
1796 2974 1874 3043 τῷ
1923 2971 2025 3024 Πε-

446 3075 628 3146 διάτῃ.
661 3075 722 3126 0i.
744 3071 802 3126 δὲ
829 3069 1182 3139 ἀντέγραψαν
1219 3068 1356 3137 πρός
1385 3069 1532 3138 ἡμᾶς
1568 3066 1852 3128 πολλάκις.
1876 3067 2022 3133 Πλὴν
2051 3104 2094 3160 C

451 3169 734 3238 ἐκρίνοντο
769 3160 901 3234 παρ’
953 3162 1112 3232 ἡμῶν
1165 3161 1428 3221 ἀδύνατα,
1482 3158 1557 3220 ὡς
1615 3159 1710 3212 καὶ
1759 3161 1787 3210 ό
1831 3157 2023 3226 καιρὸς

454 3357 581 3400 num
609 3342 1000 3397 Ilcsseniacum
1025 3339 1156 3401 sila,
1183 3339 1601 3391 restituerentur
1622 3339 1828 3398 omnia,
1855 3353 2024 3405 quan-

453 3437 524 3490 do
552 3434 869 3502 imperatori
902 3430 1180 3484 videretur
1210 3445 1223 3481 :
1257 3438 1441 3482 secuta
1486 3428 1649 3481 etiam
1687 3439 1834 3490 sunt,
1878 3442 2022 3495 qum,

453 3537 718 3601 quantum
762 3528 814 3580 in
851 3527 966 3594 ipso
1016 3532 1182 3586 esset,
1240 3535 1351 3574 rem
1407 3520 1745 3574 clandestino
1793 3520 2025 3573 consilio

455 3625 597 3677 inter
641 3635 741 3673 nos
773 3619 1031 3688 agitatam
1084 3616 1150 3668 ad
1196 3615 1406 3668 exitum
1459 3613 1838 3682 perducerent.
1890 3612 2022 3667 Nam

455 3729 577 3769 cum
613 3711 824 3766 Bostiza
861 3709 1049 3762 Patras
1112 3707 1493 3772 transiremus,
1540 3715 1599 3758 ut
1658 3705 2027 3775 proﬁciscere-

457 3821 579 3861 mur
601 3804 944 3858 Glarentzam
975 3807 1028 3854 et
1052 3798 1479 3862 Cbiomutziuut,
1516 3797 1610 3851 ubi
1636 3798 1801 3851 etiam
1836 3799 2019 3864 regina

455 3907 595 3964 erat,
622 3895 968 3951 Andronicus
999 3892 1250 3946 Lascaris
1282 3887 1533 3944 Pediates
1564 3888 1786 3943 interim
1819 3891 2027 3944 arbiter

455 3990 521 4044 ad
553 3987 902 4058 magistratus
927 3985 1217 4040 Patrenses
1249 3997 1413 4052 super
1433 3982 1759 4052 quibusdam
1793 3983 2027 4050 negotiis

455 4082 658 4136 missus
683 4092 759 4135 est
794 4093 808 4132 :
843 4078 1082 4148 quicum
1113 4077 1310 4130 ibidem
1344 4074 1660 4145 aliquandiu
1696 4085 2024 4138 moraretur,

456 4182 828 4229 convenerunt
855 4185 979 4225 eum
1013 4179 1124 4223 tum
1161 4173 1378 4238 privato
1408 4177 1521 4222 tum
1555 4168 1772 4234 publico
1797 4167 2026 4221 consilio

457 4265 770 4319 sacerdotes
809 4271 864 4315 et
911 4259 1060 4326 laici,
1112 4261 1616 4329 promiseruntque,
1672 4257 1714 4312 si
1767 4257 2026 4311 dominus

456 4359 574 4426 ejus
604 4355 784 4417 vellet,
815 4369 874 4408 se
931 4352 1148 4406 modum
1185 4367 1250 4405 ac
1283 4351 1424 4403 viam
1461 4355 1800 4409 inventuros,
1837 4364 1940 4416 qua
1978 4349 2024 4400 is

2117 495 2438 567 εὕρεθῶμεν
2485 497 2567 558 εἰς
2605 496 2770 548 τόπον
2801 495 3031 563 πλησίον
3063 494 3173 547 τῶν
3198 492 3355 562 όρίων
3406 492 3506 544 τῶν
3550 493 3645 544 Πα-

2117 587 2336 658 τρηνῶν
2360 589 2728 658 ἀμπελώνων,
2759 588 3102 656 καλούμενον
3139 587 3217 648 είς
3264 585 3360 647 τὰς
3385 587 3524 652 τρεῖς
3567 586 3648 634 ἐκ·

2117 680 2372 748 κλησίας,
2401 680 2456 733 αἶ
2489 681 2788 734 παλαιόθεν
2810 676 2973 749 ἦσαν’
3000 681 3179 732 ὲκεῖσε
3201 679 3257 730 δὲ
3292 677 3544 747 εὑρεθῶσι
3567 679 3651 728 καὶ

2116 775 2167 826 οἱ
2197 773 2500 841 ἄνθρωποι,
2561 773 2654 825 καὶ
2712 772 3000 842 δηλώσωσι
3055 769 3422 830 πλατύναντες
3460 768 3523 821 τά
3573 768 3650 819 διὰ

2116 868 2360 938 γραφῆς,
2389 870 2483 922 καὶ
2517 870 2564 921 εί
2599 868 2700 939 μὲν
2731 863 2874 938 ἦσαν
2905 868 3126 929 δυνατά,
3160 864 3508 935 ὲνεργηθῶσι,
3555 859 3654 914 είδ“

2117 961 2204 1025 οὒ,
2244 961 2576 1031 ἀπέλθωμεν
2629 958 2883 1031 φανερῶς
2936 960 3262 1012 ἀποκλεῖσαι
3316 957 3375 1007 τὸ
3421 957 3652 1023 κάστρον,

2119 1056 2216 1108 καὶ
2246 1053 2322 1118 ὡς
2356 1055 2500 1125 φέρῃ
2537 1054 2596 1106 τὸ
2625 1055 2812 1123 φέρον.
2843 1051 2951 1105 Καὶ
2986 1051 3094 1104 ἰδοὺ
3146 1047 3463 1118 ἐγράψαμεν
3509 1063 3657 1115 προσ.

2117 1147 2380 1215 τάγματα
2405 1147 2545 1216 πρὸς
2584 1147 2790 1206 πάντας
2820 1145 2948 1204 τοὺς
2973 1144 3027 1195 ὲν
3053 1141 3119 1212 τῇ
3152 1143 3382 1211 περιοχῇ
3410 1139 3502 1205 τῆς
3529 1137 3652 1191 ἰθὼς

2123 1255 2230 1308 μης
2261 1238 2354 1290 καὶ
2404 1236 2733 1307 ’Δνδρούσης
2767 1237 2826 1288 ἐν
2871 1235 2948 1304 τῷ
2981 1231 3352 1302 Μεσσηνιακῷ
3383 1229 3560 1298 κόλπῳ
3581 1230 3660 1282 καὶ

2116 1327 2224 1378 τῶν
2242 1327 2350 1379 ἔσω
2382 1328 2475 1380 καὶ
2507 1327 2611 1389 ἔξω
2649 1328 2852 1392 ζυγῶν,
2886 1329 2975 1380 ἵνα
3005 1328 3070 1398 τῇ
3094 1322 3290 1397 πρώτῃ
3320 1323 3414 1377 τοῦ
3444 1322 3660 1393 Μαρτίου

2121 1419 2289 1485 μηνδς
2324 1418 2418 1470 τοῦ
2455 1417 2623 1471 αὐτοῦ
2671 1418 2827 1480 ἔτους
2852 1416 3050 1470 ἔλθωσι
3081 1415 3222 1485 μετά
3254 1413 3434 1467 ὃπλων
3467 1409 3663 1466 καὶτῶν

2118 1511 2384 1561 πλειόνων
2417 1509 2724 1580 ἀνθρώπων
2761 1510 2861 1579 τῆς
2898 1509 3075 1580 ἀρχῆς
3137 1507 3259 1571 ὲνδς
3313 1505 3534 1559 ἑκάστου
3583 1504 3664 1556 αὖε

2118 1603 2250 1666 τῶν,
2282 1605 2374 1654 καὶ
2409 1601 2584 1664 οὕτως
2621 1601 2900 1664 τακτικῶς
2964 1601 3197 1654 διελθεῖν
3246 1599 3339 1652 τὸν
3385 1598 3542 1651 τόπον
3581 1595 3661 1648 τοῦ

2121 1693 2449 1763 πριγκῖπου,
2513 1693 2608 1748 καὶ
2657 1692 2890 1762 δεχθῶσι
2942 1690 3037 1744 καὶ
3097 1692 3546 1761 συναπαντήσωσι
3590 1690 3664 1740 τδν

2119 1790 2238 1839 νέον
2302 1785 2574 1855 αὐθέντην
2628 1784 3015 1855 εἰσερχόμενον
3069 1785 3128 1836 ὲν
3178 1783 3263 1855 τῷ
3333 1780 3663 1850 Μεσσηνιακῷ

2120 1878 2302 1946 κόλπῳ
2332 1878 2427 1929 καὶ
2448 1876 2654 1945 ζυγοῖς.
2715 1876 2951 1947 Ὁμοίως
2997 1873 3249 1946 ἐμηνύθη
3306 1876 3400 1929 καὶ
3433 1873 3505 1943 τῷ
3539 1875 3661 1927 Λασ-

2121 1972 2280 2039 κάρει
2315 1969 2540 2040 Ἀλεξξῳ
2566 1969 2645 2039 τῷ
2670 1970 2735 2022 ὲκ
2771 1968 3091 2038 Βοστίτζης.
3133 1966 3420 2028 Ἑλθόντες
3465 1964 3549 2018 οὖν
3571 1967 3666 2016 ὲκι-

2121 2064 2255 2134 νήθη
2269 2079 2367 2133 μεν
2400 2063 2461 2116 οὗ
2486 2063 2574 2117 διά
2596 2063 2695 2134 τῆς
2726 2059 2851 2116 όδοῦ
2880 2065 2976 2131 τῆς
3008 2061 3145 2130 πρὸς
3181 2061 3284 2127 τὴν
3317 2055 3531 2124 Ἄσσον,
3551 2055 3664 2109 ἀλλὰ

2121 2154 2210 2206 διὰ
2247 2154 2347 2220 τῆς
2382 2153 2441 2220 ἐξ
2472 2152 2798 2222 εὐωνύμωνο
3025 2151 3119 2204 καὶ
3151 2152 3360 2212 πάντες
3387 2147 3664 2218 ἐθαύμαζον

2121 2247 2373 2314 λέγοντες
2403 2246 2538 2317 πρὸς
2555 2245 2846 2316 ἀλλήλους,
2877 2245 2972 2298 καὶ
2993 2243 3374 2298 ἐπυνθάνοντο
3398 2241 3494 2294 ποῦ
3514 2243 3665 2309 ἀπήρ-

2122 2356 2297 2408 χοντο.
2341 2340 2480 2409 Περί⁵
2509 2339 2563 2392 δὲ
2585 2339 2733 2408 ὥραν
2765 2338 3244 2407 ἀλεκτοροφωνίας
3301 2337 3528 2406 ἤλθομεν
3555 2335 3663 2402 περὶ

2120 2429 2214 2481 τὸν
2246 2427 2682 2499 συμφωνηθέντα
2716 2428 2907 2493 τόπον,
2970 2425 3101 2481 ἔνθα
3147 2427 3405 2498 εὕραμεν
3450 2425 3564 2486 τοὺς
3591 2425 3669 2475 ἀν-

2123 2520 2407 2591 θρώπους·
2438 2522 2534 2574 καὶ
2568 2521 2776 2583 ίδόντες
2812 2520 3012 2581 αὐτοὺς
3068 2519 3398 2588 ἀπράκτους
3439 2512 3566 2569 εἷναι
3592 2513 3669 2566 καὶ

2121 2615 2381 2678 ἄπρακτα
2418 2613 2678 2681 λέγοντας
2737 2613 3148 2682 ἀπεπέμψαμεν
3203 2609 3430 2672 αὐτούς.
3480 2606 3668 2677 Πρωῐας

2123 2701 2216 2757 οὖν
2239 2703 2544 2773 γενομένης
2571 2703 3072 2772 συμϐουλευθέντες
3112 2703 3164 2755 τί
3199 2702 3320 2772 ἆρα
3349 2699 3668 2772 πραχθῇ.καὶ

2124 2795 2502 2864 διακρίναντες
2537 2795 2628 2846 ἵνα
2680 2793 2740 2846 τὸ
2796 2793 3160 2863 στρατόπεδον
3221 2791 3416 2864 δράμῃ
3459 2790 3582 2860 πρὸς
3621 2787 3670 2839 τὸ

2125 2885 2530 2954 αἰχμαλωτίσαι
2563 2885 2692 2947 τοὺς
2742 2881 2846 2950 ἔξω
2883 2886 2978 2955 τῆς
3041 2880 3263 2944 πόλεως
3294 2881 3562 2943 οἰκοῦντας
3593 2878 3670 2930 καὶ

2126 2978 2308 3029 πᾶσαν
2337 2979 2436 3044 τὴν
2469 2977 2575 3028 τῶν
2639 2975 2912 3045 Ἐϐραίων
2969 2975 3206 3044 οἴκησιν,
3271 2975 3347 3037 ὡς
3396 2974 3485 3028 οὖν
3526 2973 3674 3041 ἐφάνη

2129 3069 2438 3139 εὖπρακτον
2470 3069 2559 3122 διὰ
2597 3069 2798 3131 πολλὰς
2839 3069 3042 3134 αἰτίας,
3096 3069 3204 3121 ἰδοὺ
3261 3070 3358 3121 καὶ
3405 3069 3452 3119 oi
3495 3069 3551 3118 ἐκ
3592 3063 3670 3117 τοῦ

2131 3167 2373 3237 κάστρου
2412 3164 2614 3228 ἰδόντες
2650 3163 2799 3233 ἡμᾶς
2831 3165 2926 3216 καὶ
2975 3162 3370 3234 ἀπορήσαντες
3402 3161 3452 3214 τί
3483 3157 3583 3230 ἄρα
3599 3156 3675 3212 καὶ

2127 3361 2236 3400 non
2270 3361 2430 3414 posse
2465 3361 2479 3397 :
2511 3343 2562 3398 id
2585 3342 2727 3412 quod
2767 3355 2978 3412 tempus
3004 3343 3280 3412 probavit.
3306 3342 3537 3397 Tandem
3562 3356 3674 3395 cnn-

2129 3439 2424 3500 stituimus,
2464 3445 2522 3489 ut
2547 3447 2812 3489 nocturno
2849 3435 3046 3488 itinere
3080 3436 3131 3486 in
3167 3434 3354 3488 locum
3392 3436 3576 3488 finibus
3598 3434 3678 3482 Pa-

2131 3529 2393 3582 trensium
2433 3529 2738 3581 vinctorum
2799 3527 3036 3581 vicinum
3092 3542 3188 3580 nos
3236 3533 3678 3588 conterremus,a

2128 3622 2302 3674 tribus
2341 3621 2590 3674 ecclesiis
2639 3627 3027 3688 nuncupatum,
3066 3633 3188 3687 qure
3242 3633 3317 3673 ex
3372 3622 3525 3688 longe
3575 3621 3680 3668 inde

2131 3721 2374 3778 tempore
2401 3709 2474 3762 ibi
2505 3717 2661 3762 erant
2688 3726 2700 3758 ε
2727 3709 2913 3761 eodem
2941 3708 3016 3761 illi
3047 3725 3106 3762 se
3132 3707 3479 3770 conferrent,
3508 3719 3556 3762 et
3581 3724 3681 3773 quze

2130 3807 2500 3874 scripsissent,
2545 3803 2752 3872 plenius
2786 3822 2967 3858 coram
3013 3820 3359 3873 exponerent
3392 3826 3406 3871 ;
3449 3819 3598 3875 atque
3627 3818 3678 3856 ea

2131 3901 2173 3952 si
2199 3900 2415 3967 quidem
2437 3909 2619 3952 essent
2652 3898 2943 3965 ejusmodi,
2977 3907 3033 3950 ut
3059 3900 3172 3952 tieri
3201 3911 3454 3967 possent,
3479 3900 3678 3952 fierent:

2129 3992 2211 4047 sin
2239 3991 2439 4053 minus,
2476 4001 2662 4057 aperte
2693 3989 2759 4042 ad
2783 3989 2966 4059 oppidi
2999 3991 3348 4044 obsidionem
3380 3993 3680 4063 aggredere--

2133 4097 2251 4134 mur
2282 4091 2334 4134 et
2363 4081 2801 4148 permitteremus
2841 4097 2949 4132 rem
2985 4092 3224 4134 nostrain
3259 4083 3512 4137 fortunze.
3569 4083 3682 4135 ltein

2130 4173 2196 4228 ad
2225 4188 2415 4226 Omnes
2460 4173 2510 4226 in
2558 4173 2786 4226 circuitu
2829 4173 3066 4226 ltliomes
3100 4184 3152 4227 et
3183 4177 3474 4240 Audrusa‘,
3514 4178 3576 4230 ad
3618 4177 3683 4229 si-

2133 4273 2256 4317 num
2296 4263 2683 4316 Messeniaeum
2707 4273 2762 4317 et
2797 4265 2938 4317 intra
2977 4266 3060 4319 vel
3098 4276 3253 4320 extra
3291 4280 3525 4322 tractum
3552 4271 3680 4321 illum

2132 4353 2462 4418 habitantes,
2501 4353 2842 4422 SCIlllSillllls,
2882 4355 2952 4406 ut~
2993 4356 3242 4412 calendis
3296 4359 3516 4415 Martiis
3559 4361 3682 4427 ejus-

458 4463 517 4503 se
571 4448 625 4500 in
671 4446 1016 4516 possessione
1067 4443 1218 4496 urbis
1270 4442 1584 4494 collocaret.
1621 4440 1726 4495 Ubi
1773 4438 2018 4492 Lascaris

2133 4452 2253 4497 item
2294 4446 2420 4496 anui
2468 4460 2590 4498 eum
2631 4447 2822 4509 armis,
2867 4462 3140 4515 manuque
3175 4449 3402 4504 militari
3450 4468 3551 4504 non
3583 4452 3684 4503 exi-

459 4557 584 4596 eurn
621 4541 853 4608 reliqua,
887 4547 1000 4590 tum
1035 4545 1242 4592 secreta
1284 4535 1397 4588 lucc
1429 4533 1767 4587 Patrensium
1802 4533 2034 4586 consilia

461 4632 814 4693 renuntiavit,
843 4629 1040 4696 reiecta
1072 4637 1219 4687 sunt,
1251 4641 1370 4696 qua?
1404 4627 1647 4679 mulierat
1680 4625 2024 4692 dicebatque,

460 4733 516 4777 ut
553 4739 670 4792 quae
685 4737 784 4776 nec
808 4721 924 4774 iieri
955 4729 1244 4788 ροεςιιηιει
1267 4728 1892 4786 essentsupervacanea.
1921 4717 2026 4768 lta-

461 4831 568 4884 que
600 4817 650 4867 in
683 4812 1058 4884 pra-ieeturam
1095 4811 1330 4866 lthomes
1359 4821 1412 4865 et
1442 4803 1705 4863 Audi-usa:
1730 4809 1869 4864 idem
1900 4809 2025 4862 mis-

461 4923 555 4963 sus
583 4918 690 4967 est.
729 4915 783 4959 et
814 4905 903 4959 alii
937 4913 1196 4968 praterea
1230 4903 1332 4956 viri
1368 4905 1568 4956 castris
1601 4902 1824 4956 istarum
1853 4899 2029 4969 regio-

463 5019 591 5057 nqu
625 4999 886 5070 praeleCti.
924 4997 1067 5064 Quin
1103 4997 1265 5051 etiam
1322 4997 1541 5050 Alexius
1572 4995 1841 5057 Lascaris,
1888 4994 2030 5046 inter

459 5107 714 5161 proceres
755 5090 902 5143 illius
951 5090 1146 5142 domus
1199 5086 1473 5156 princeps,
1506 5085 1569 5138 ad
1618 5084 2024 5152 gubernandatn

417 5201 424 5208 '
456 5183 752 5238 BusLtzam
786 5181 1009 5234 relictus
1030 5187 1114 5234 est
1137 5178 1323 5248 ibique
1358 5176 1636 5229 remansit.
1667 5174 1722 5227 in
1758 5176 1897 5226 viam
1931 5174 2028 5241 igi-

459 5282 547 5326 tur
579 5286 638 5326 se
671 5271 842 5334 dedit,
875 5280 931 5323 ut
974 5270 1301 5338 signiﬁcavi,
1345 5267 1742 5323 Constantinus
1777 5267 2023 5333 despota,

458 5364 710 5418 dominus
740 5377 916 5426 meus,
955 5377 1162 5415 mecum
1205 5362 1320 5415 solo
1364 5361 1415 5413 in
1448 5373 1506 5412 re
1532 5359 1779 5413 Patrensi
1815 5359 2026 5425 adjuto-

460 5471 557 5522 re;
595 5469 828 5521 cumque
874 5454 1186 5509 Glarcntza:
1256 5465 1526 5516 essemus,
1578 5450 1800 5504 l’ediate
1837 5450 2027 5505 nuntio

457 5547 566 5608 usi,
597 5561 740 5616 ειυρο
774 5547 1092 5615 scripsimus
1123 5548 1186 5600 ad
1220 5545 1515 5600 Patrenses
1555 5545 1619 5598 de
1657 5546 1721 5596 iis
1752 5557 1872 5610 quae
1902 5559 2024 5596 eum

458 5635 686 5692 Pediatc
734 5651 957 5706 egerant
988 5639 1515 5706 constituerantque,
1555 5645 1718 5705 atque
1751 5636 1826 5688 illi
1883 5651 2028 5704 saepe

459 5724 616 5781 nobis
651 5726 1048 5796 rescripseruut
1079 5745 1093 5782 :
1126 5743 1245 5796 quae
1283 5741 1459 5783 tamen
1491 5727 1876 5799 judicabamus
1909 5727 2024 5780 fieri

2132 4552 2236 4604 gua
2271 4536 2493 4588 ditionis
2536 4551 2646 4589 sua:
2674 4537 2905 4601 quilibet
2939 4538 3217 4605 adessent,
3243 4553 3300 4595 et
3345 4545 3416 4596 ita
3451 4543 3682 4597 instructi

2130 4629 2264 4681 lines
2287 4628 2549 4697 principis
2568 4629 2882 4692 transirent,
2903 4643 3370 4702 occurrerentque
3395 4652 3530 4690 novo
3556 4637 3684 4702 prin-

2131 4717 2261 4784 cipi,
2304 4731 2496 4770 νιϊειιε
2535 4717 2713 4770 sinum
2757 4715 3152 4772 Messeniacum
3185 4731 3238 4773 et
3275 4724 3433 4778 illum
3473 4735 3683 4777 tractum

2131 4807 2465 4873 procedenti.
2500 4805 2628 4859 Item
2667 4807 2963 4861 30stitzam
3002 4809 3194 4863 Alexio
3229 4810 3456 4867 Lasi-ari
3490 4817 3684 4868 nuntia-

2133 4910 2241 4950 lum
2267 4908 2375 4952 est.
2403 4896 2511 4952 Nos
2533 4899 2672 4950 viam
2703 4916 2806 4952 non
2833 4913 2977 4961 eam,
3012 4916 3132 4970 qn;c
3169 4911 3322 4958 trans
3351 4907 3547 4960 Assum
3576 4907 3684 4963 fert.

2130 4995 2222 5046 Sed
2262 5009 2380 5060 qua:
2409 4999 2492 5045 est
2544 5009 2570 5044 a
2605 4994 2865 5055 sinisuris,
2899 4996 3221 5062 tenuimus;
3255 5014 3320 5052 ac
3367 5003 3687 5052 tttirulialtlur

2129 5102 2342 5151 omnes,
2390 5087 2963 5155 percontabanturque
3016 5090 3158 5140 inter
3191 5105 3270 5152 se,
3310 5108 3550 5158 quonam
3595 5093 3688 5144 iter

2131 5177 2390 5231 facerent.
2423 5177 2537 5231 Sub
2570 5177 2905 5246 gallicinium
2933 5181 2995 5228 ad
3021 5181 3332 5232 con-lictqu
3369 5184 3544 5236 locum
3575 5195 3686 5236 cuin

2135 5281 2452 5336 perventum
2483 5281 2649 5333 esset,
2680 5271 2929 5324 homines
2956 5270 3026 5323 ibi
3057 5272 3178 5326 illos
3202 5274 3532 5328 invenimus.
3557 5275 3690 5338 Quos

2131 5377 2253 5414 cum
2308 5362 2498 5416 inanes
2549 5376 2668 5417 esse
2714 5365 3290 5427 animadverteremns,
3351 5379 3407 5418 et
3465 5364 3689 5433 polliceri

2135 5451 2338 5518 inania,
2375 5452 2682 5508 dimisimus
2729 5469 2843 5507 eos.
2883 5453 3041 5509 Mane
3068 5456 3466 5512 consultatione
3496 5459 3689 5520 habita,

2133 5559 2242 5613 quo
2277 5543 2420 5598 facto
2450 5561 2585 5612 Opus
2612 5556 2778 5612 esset,
2813 5557 2866 5598 et
2897 5549 3218 5610 constituto,
3249 5558 3306 5600 ut
3329 5550 3488 5603 miles
3518 5548 3584 5600 ad
3604 5562 3681 5602 ca-

2133 5638 2361 5705 piendos
2393 5637 2743 5692 suburbanos
2775 5649 2826 5693 et
2858 5649 3131 5711 quotquot
3161 5639 3270 5696 illic
3301 5641 3577 5696 domicilia
3601 5639 3686 5693 ba-

2134 5724 2326 5781 berent
2354 5725 2610 5784 Hebraeos
2640 5729 3000 5796 discurreret,
3029 5742 3154 5786 cum
3184 5731 3237 5787 id
3264 5742 3453 5785 multis
3479 5738 3546 5784 de
3565 5711 3686 5780 cau-
