3916 6196
302 246 404 306 749

1330 240 1779 306 CHRDNICON
1818 245 2091 306 MAJUS.
2116 273 2183 283 -—
2210 245 2355 309 LIB.
2402 247 2479 306 Il.

3439 250 3544 302 7w

292 368 372 421 ενι
408 363 494 434 (οὗ
516 364 624 437 γὰρ
669 366 1043 437 προενόμισαν
1073 363 1134 418 τδ
1171 364 1355 436 τυχὸν)
1386 364 1723 441 ἀπέστειλαν,
1770 364 1867 418 ἕνα
1895 371 1939 428 Α
1972 366 2078 418 νῶν
2111 364 2377 431 τοξεύσας
2401 366 2490 418 τὸν
2523 362 2618 417 τοῦ
2659 361 2926 417 δεσπάτου
2966 362 3159 421 ἵππον,
3212 360 3269 422 ὃς
3303 359 3397 413 καὶ
3453 359 3546 412 εύ-

291 454 403 512 τῶν
427 457 714 527 ἀρχόντων
744 458 838 512 καὶ
860 458 960 511 ἕνα
987 456 1276 513 κανονικὸν
1316 456 1549 527 Μάρκον
1599 455 1865 527 τούνομα,

293 551 442 617 μ-ετά
491 568 639 612 τινος
703 550 1000 621 ἀνθρώπου
1066 551 1204 622 πρὸς
1232 550 1296 603 τὸ
1340 549 1717 620 μεταφράζειν
1774 551 1870 604 καὶ

288 643 477 699 ἄλλων
504 642 837 713 ἀνθρώπων,
869 643 1021 707 ὅπως
1052 643 1267 713 μάθωσι
1299 644 1446 707 τίνες
1472 643 1521 697 oi
1562 642 1872 713 ἐπερχόμε-

289 752 378 789 νοι
402 737 501 789 καὶ
532 736 623 790 διὰ
646 735 718 791 τί.
771 736 861 799 Ὧς
891 731 986 789 οὖν
1009 731 1151 790 εἶδον
1172 737 1347 806 ἡμᾶς,
1379 735 1478 789 καὶ
1527 734 1646 799 πῶς
1701 735 1870 805 ἡμεῖς

290 828 573 898 ζητοῦμεν
607 830 671 882 τὸ
695 827 1004 908 κάστρονέῆ
1054 828 1198 896 μετά
1246 814 1525 898 συνθήκης
1578 828 1613 899 ἢ
1668 826 1766 899 οἴῳ
1801 827 1871 899 δὴ

291 922 489 991 τρόπῳ
518 920 888 991 δυνησώμεθα
943 919 1354 993 παραλάϐωμεν
1393 920 1550 986 αὐτὸ,
1607 920 1869 990 ἐπιστρέ-

290 1013 501 1080 ψαντες
556 1011 695 1080 μετά
757 1011 997 1080 σπουδῆς
1044 1010 1318 1082 ἔκρουσαν
1396 1010 1497 1073 τὰς
1555 1009 1869 1078 σάλπιγγας

290 1104 392 1155 καὶ
458 1104 565 1156 πᾶν
618 1104 856 1172 ϐργανον
917 1102 1240 1173 πολεμικὸν,
1293 1101 1390 1156 καὶ
1446 1100 1610 1164 εὐθὺς
1661 1100 1866 1163 πάντες

287 1196 339 1271 oi
401 1195 555 1255 ἐντὸς
607 1194 702 1248 καὶ
759 1195 920 1259 ἐκτὸς
979 1195 1331 1266 συνήχθησαν
1395 1194 1476 1256 είς
1534 1192 1593 1244 τὸ
1645 1190 1871 1253 ὁπλίζε-

292 1287 444 1341 σθαι.
516 1286 714 1358 Ἥμεῖς
772 1287 837 1341 δὲ
904 1288 997 1342 ἐπὶ
1053 1288 1154 1358 τὴν
1224 1284 1415 1358 αὔριον
1468 1282 1720 1356 ῆρξαμεν
1772 1284 1866 1339 τοῦ

289 1380 562 1448 πολέμου.

366 1476 434 1529 δ’.
479 1473 606 1527 Ἐπὶ
655 1471 758 1542 τὴν
812 1469 1003 1544 αὔριον
1031 1468 1128 1525 οὖν
1166 1471 1408 1542 τυχοῦσα
1440 1474 1475 1543 ἡ
1534 1472 1701 1545 ἑορτὴ
1756 1471 1866 1526 τῶν

288 1572 462 1644 partem
491 1565 771 1637 ἑκόψαμεν
806 1558 937 1633 βάῖα
968 1564 1263 1635 μυρσίνης,
1289 1565 1387 1618 καὶ
1417 1566 1527 1619 πᾶν
1552 1564 1616 1617 τδ
1635 1566 1867 1634 στρατό-

294 1664 458 1717 πεδον
489 1660 750 1729 φέροντες
778 1658 941 1729 138
977 1657 1154 1713 ταῦτα
1179 1658 1283 1712 ἀνά
1310 1660 1502 1731 χεῖρας
1533 1660 1631 1714 καὶ
1686 1658 1868 1712 ἐλθόν.

1973 453 2106 517 θέως
2148 455 2345 507 ἔπεσεν
2382 456 2472 507 ἐπὶ
2503 455 2601 523 τῆς
2630 453 2755 524 γῆς,
2794 454 2887 507 καὶ
2921 454 3226 522 δραμοντες
3270 451 3319 505 of
3358 450 3546 521 ἐχθροὶ

1970 547 2061 601 ῖνα
2111 548 2515 601 ἀποκτείνωσιν
2545 545 2709 599 αὐτὸν
2740 546 2775 616 ἢ
2804 547 3097 610 πιάζωσιν,
3152 544 3390 615 εύρίθην
3433 540 3546 611 ἑγὼ

1973 639 2093 691 ἐκεῖ
2120 637 2465 708 ύπὲρμαχος.
2528 637 2801 700 Κάκεῖνος
2850 638 2949 705 μὲν
2978 635 3115 690 Θεοῦ
3148 635 3374 708 βοηθείᾳ
3403 636 3546 690 ἀπυ-

1973 730 2205 794 πλακεὶς
2225 731 2320 785 τοῦ
2352 731 2521 785 τππου
2554 731 2727 800 ἔφυγε
2759 730 2920 794 πεζός
2943 746 2959 762 ·
2993 731 3103 799 ἐγὼ
3134 731 3189 785 δὲ
3222 730 3342 783 κατ’
3364 730 3546 785 αὐτῶν

1974 824 2287 893 μαχόμενος
2338 822 2541 876 ιπίασα
2601 824 2724 877 τινὰ
2781 823 2899 877 υἲδν
2957 822 3331 893 Σαματέλλου.
3402 825 3546 880 Ἀλλ⁹

1971 917 2122 988 ήμην
2150 912 2365 982 βαρέως
2397 912 2833 985 τραυματισθεὶς
2864 917 2981 987 ἅμα
3016 917 3093 986 τῷ
3124 916 3301 990 ῖππῳ,
3350 919 3409 983 δς
3453 921 3547 973 ού-

1972 1009 2089 1063 κὲτι
2121 1009 2299 1079 ἴσχυε,
2342 1010 2436 1063 καὶ
2469 998 2669 1062 ἔπεσεν
2696 1010 2725 1062 6
2758 1008 2928 1072 ῖππος
2962 1010 2991 1061 6
3027 1010 3271 1081 ἀριστος,
3308 1011 3367 1075 6;
3393 1014 3547 1084 παρὰ

1969 1100 2065 1154 τοῦ
2096 1100 2293 1171 ἀμηρᾶ
2318 1099 2474 1173 ὶδτίθη
2504 1100 2583 1171 τῷ
2627 1101 2828 1172 ’Λσάνῃ
2874 1103 3131 1173 ’ίσαακίῳ
3156 1105 3321 1175 ἡνίκα
3348 1105 3547 1176 συνῆν⁹

1968 1208 2134 1264 τησεν
2171 1193 2391 1273 ἐκείνῳ,
2418 1195 2514 1247 66'
2562 1196 2797 1266 Ἀσάνης
2830 1196 2909 1268 τῷ
2953 1198 3189 1269 γαμϐρῷ
3253 1199 3422 1253 αὐτοῦ
3469 1201 3547 1269 τῷ

1969 1284 2423 1357 Φιλανθρωπηνῷ
2457 1286 2745 1359 Γεωργίῳ,
2777 1290 3029 1355 κάκεῖνος
3276 1291 3353 1361 τῷ
3418 1293 3549 1347 ἔαυ-
3632 1316 3643 1321 '

1970 1373 2065 1430 τοῦ
2094 1377 2304 1448 ἀνεψιῷ
2333 1378 2411 1449 τῷ
2465 1380 2739 1450 Κομνηνῴ
2785 1382 2862 1452 τῷ
2911 1384 3005 1435 τοῦ
3061 1385 3548 1459 πρωτοστράτορος

1970 1469 2362 1536 Καντακουζοῦ
2397 1471 2654 1543 γαμϐρῷ,
2708 1474 2766 1527 ὃν
2814 1477 3088 1544 φεύγοντα
3132 1480 3267 1547 πρὸς
3299 1480 3546 1536 Γαλατᾶν

1971 1560 2189 1628 φθάσας
2220 1563 2246 1614 6
2266 1560 2496 1630 ἀδελφός
2524 1564 2758 1631 μουκαὶ
2786 1568 3014 1621 ἐπίασεν
3033 1569 3218 1636 αὐτὸν,
3252 1574 3347 1627 καὶ
3370 1570 3547 1636 οὕτως

1967 1653 1998 1706 6
2024 1653 2255 1725 ἀδελφός
2290 1672 2393 1723 μου
2423 1655 2772 1728 εύηργετήθη
2806 1658 2895 1712 τὸν
2933 1659 3103 1714 ἵππον
3134 1661 3287 1731 παρά
3321 1662 3413 1716 τοῦ
3448 1664 3546 1733 βα-

290 1770 382 1816 τες
417 1725 704 1821 ιπίσαμεν
732 1725 867 1819 rce—pi
894 1725 994 1811 τὰς
1022 1746 1201 1812 πύλας
1233 1725 1620 1817 τού-κάπρου.
1679 1747 1771 1812 Ὦς
1806 1747 1866 1801 δὲ
1899 1725 1942 1783 Β
1971 1743 2161 1808 σιλέως
2186 1760 2201 1776 ⁸
2235 1745 2412 1814 ἔγωγε
2442 1746 2622 1802 λαϐὼν
2646 1725 2777 1820 παρλ
2807 1751 3019 1805 ἐκείνου
3042 1753 3132 1806 τὸν
3163 1725 3330 1809 ῖττπον
3364 1725 3544 1827 ἀπῆλ-

290 1842 560 1913 ἔκείμεθα
596 1844 664 1911 τῇ
698 1838 791 1904 κς⁹
822 1837 919 1892 τοῦ
949 1838 1118 1893 αὑτοῦ
1182 1838 1355 1910 μηνὸς
1408 1840 1660 1911 Μαρτίου
1727 1840 1865 1911 μετά

292 1936 392 2008 τὴν
424 1934 529 1990 τοῦ
594 1934 835 2005 μεγάλου
893 1932 1176 1988 Σαϐϐἀτου
1222 1932 1551 1987 ἀκολουθίαν
1595 1934 1716 2005 ῆτοι
1767 1936 1866 2007 τὴν

293 2027 447 2083 θείαν
492 2026 911 2097 μυσταγωγίαν,
954 2025 1354 2095 ἀριστήσαντες
1391 2024 1745 2096 καθεζόμεθα
1806 2028 1864 2082 ὲν

289 2125 353 2191 τῇ
388 2116 718 2191 παρεμϐολῇ
756 2119 880 2188 ῆτοι
912 2119 1088 2189 σκηνῇ
1130 2117 1228 2171 τοῦ
1256 2117 1518 2172 αύθέντου
1555 2119 1713 2190 ἡμῶν
1741 2135 1866 2173 συν-

287 2213 613 2285 οτιιλοῦντες
654 2211 787 2281 περὶ
817 2210 1053 2266 πολλῶν.
1119 2210 1253 2266 Ἰδοὺ
1302 2211 1458 2280 ἄφνω
1492 2212 1639 2276 τινὲς
1689 2214 1864 2281 ὀλίγοι

285 2304 521 2375 ἔφιπποι
548 2302 773 2374 ἐξῆλθον
797 2301 901 2372 τῆς
938 2301 1116 2372 πύλης
1141 2301 1242 2371 τῆς
1274 2302 1619 2373 καλουμένης
1644 2302 1867 2376 Ἐϐραῖ-

284 2396 392 2467 κῆς
427 2394 462 2465 ἢ
519 2393 619 2447 τοῦ
673 2393 1076 2464 Ζευγαλατείου
1121 2393 1289 2467 (οὕτω
1327 2393 1436 2465 γὰρ
1492 2394 1860 2466 ὠνομάζετο),

284 2489 387 2544 παὶ
409 2487 489 2550 ὥς
522 2472 827 2556 ιφάνησαν,
857 2487 1188 2556 διωχθέντες
1225 2486 1337 2565 εἰτ’
1362 2484 1478 2565 εθον
1504 2486 1592 2541 διὰ
1629 2490 1731 2559 τῆς
1767 2488 1863 2543 τοῦ

282 2577 547 2650 αίγιαλοῦ
607 2578 825 2649 πύληςο
890 2579 1076 2632 ἐκεῖσε
1140 2562 1667 2642 καταδῦνεῦαστικῶς
1720 2574 1865 2650 ἦσαν

282 2672 493 2732 πάντες
523 2669 574 2722 oi
601 2668 697 2721 τοῦ
722 2668 966 2740 κάστρου
1016 2668 1157 2738 μετά
1188 2670 1484 2740 τζαγκρῶν
1535 2671 1631 2724 καὶ
1688 2670 1864 2735 τόξων

180 2830 192 2841 .
284 2766 382 2817 καὶ
414 2762 720 2815 σκνλόπων.
751 2762 1013 2832 Εὐρεθεὶς
1040 2758 1135 2816 οὖν
1164 2763 1192 2816 6
1228 2763 1501 2833 δεσπότης
1535 2763 1693 2831 κάγὼ
1731 2780 1865 2835 προ-

286 2851 608 2916 ϐαδίζοντες
641 2852 745 2924 πρὸ
783 2853 877 2907 τοῦ
900 2853 1145 2924 διωγμοῦ
1186 2852 1296 2907 τῶν
1320 2856 1652 2924 είρημένων,
1687 2856 1777 2908 διὰ
1801 2854 1863 2907 τὸ

285 2945 416 3006 τοὺς
475 2944 680 3006 ίππους
741 2936 900 3015 ἡμῶν
982 2944 1279 3016 εὑρεθῆναι
1348 2950 1488 3001 κατὰ
1555 2947 1862 3017 συγκυρίαν

1968 1841 2059 1895 θον
2090 1842 2173 1905 είς
2195 1841 2634 1913 Πελοπόννησον.
2668 1840 2861 1896 Πεσὼν
2887 1840 2982 1896 οὖν
3007 1846 3033 1897 6
3052 1844 3241 1912 ἵππος,
3270 1846 3543 1918 ιπιάσθην

1966 1932 2197 1997 πολλαῖς
2237 1934 2481 2006 πληγαῖς
2522 1934 2936 2006 πεπληγμένος.
2992 1936 3105 1989 Καὶ
3157 1938 3544 2006 ἀπαγαγόντες

1967 2039 2037 2092 με
2086 2021 2372 2094 ἔμϐλησαν
2402 2025 2483 2087 είς
2531 2024 2623 2078 τὸν
2676 2026 2875 2093 γουλᾶν
2904 2023 3027 2097 ἦτοι
3078 2025 3170 2083 τὸν
3221 2030 3433 2099 πύργον
3481 2032 3543 2084 ἐν

1965 2114 2103 2185 οἴκῳ
2131 2116 2418 2187 σκοτεινῷ,
2448 2116 2579 2170 ἔνθα
2604 2112 2743 2190 ἦσαν
2776 2122 3110 2191 μύρμυγκες
3135 2121 3231 2174 καὶ
3264 2123 3543 2194 σιτόφθει-

1968 2224 2061 2278 ρες
2099 2210 2195 2263 καὶ
2225 2211 2361 2279 μύες
2390 2209 2481 2262 διὰ
2503 2210 2563 2263 τὸ
2586 2206 2728 2265 εἶναί
2755 2228 2890 2265 ποτε
2920 2213 3070 2267 σίτου
3103 2212 3357 2288 ἀποθήκη
3388 2232 3405 2248 ·
3446 2217 3543 2270 καὶ

1966 2299 2293 2370 χειροπέδας
2330 2302 2554 2371 σιδηρᾶς
2584 2303 2920 2374 περιέθηκαν
2957 2304 3073 2369 τοῖς
3110 2308 3234 2360 ποσί
3288 2322 3392 2374 μου
3444 2311 3539 2364 καὶ

1966 2391 2164 2463 σειρὰν
2225 2392 2348 2447 λίαν
2417 2394 2731 2465 βαρυτάτην
2781 2392 2878 2450 καὶ
2943 2399 3176 2469 στερεὰν
3215 2401 3357 2470 μετά
3415 2401 3541 2454 σκο-

1963 2483 2129 2548 λοπος
2182 2486 2421 2555 μεγάλου
2477 2489 2620 2541 κατά
2672 2489 2777 2557 γῆς
2838 2490 3193 2561 πεπηγότος’
3250 2491 3379 2547 ἔνθα
3444 2512 3543 2548 κα-

1919 2569 2077 2640 ’κῶς
2150 2580 2465 2650 ἐκοιτὼμην
2518 2583 2575 2634 ἐν
2625 2582 2691 2652 τῇ
2747 2581 2974 2656 τοιαύτῃ
3026 2587 3264 2659 φρουρᾷ,
3322 2588 3538 2658 πικρῶς

1962 2667 2244 2737 διαγαγὼν
2278 2670 2386 2723 ἀπὸ
2422 2688 2475 2724 τε
2536 2672 2645 2725 τῶν
2672 2672 2898 2742 πληγῶν
2924 2677 3019 2728 καὶ
3049 2676 3157 2729 τῶν
3188 2675 3406 2749 δεσμῶν
3442 2684 3539 2732 καὶ

1961 2759 2070 2811 τῶν
2092 2760 2289 2825 ἄλλων,
2324 2762 2398 2825 ὼς
2428 2764 2749 2835 δεδήλωται,
2790 2765 2825 2820 ἃ
2884 2766 3138 2839 ὑπῆρχον
3191 2772 3251 2822 ὲν
3298 2772 3426 2842 τῇδε
3467 2776 3535 2843 τῇ

1965 2846 2199 2921 φρουρᾷ.

2034 2942 2097 2999 ε’.
2127 2944 2403 3000 ,Ἐνταῦοα
2432 2946 2489 3001 δὲ
2518 2948 2624 3018 χρὴ
2660 2949 3033 3020 διηγήσασθαι
3078 2954 3111 3021 ἡ
3123 2955 3233 3023 μᾶς
3263 2956 3356 3009 καὶ
3406 2956 3538 3027 περὶ

204 3092 209 3097 ,
288 3036 735 3141 ητοιμαρμένους
765 3038 995 3107 πλησίον
1025 3040 1125 3111 τῆς
1145 3038 1388 3110 γεφύρας
1431 3040 1535 3111 τῆς
1590 3040 1707 3095 ὁδοῦ
1758 3039 1859 3112 τῆς
1887 3082 1932 3141 c
1968 3028 2069 3104 τῆς
2105 3038 2407 3108 ὁσιωτάτης
2440 3036 2750 3111 Θωμαῒδος.
2776 3043 2925 3114 Αὕτη
2953 3045 3229 3114 ἐκγένοῡς
3258 3048 3536 3118 χρησίμου

281 3126 611 3198 ἀπαγούσης
645 3128 723 3191 εἰς
752 3128 843 3181 τὸν
867 3128 1025 3197 ἀγιοθ
1053 3130 1338 3200 ’Δνδρὲαν,
1373 3131 1459 3195 τὶς
1498 3132 1609 3185 τῶν
1640 3133 1860 3205 Πατρη-

280 3308 367 3366 sis
398 3306 751 3365 commodum
806 3320 929 3363 esse
964 3306 1265 3371 videretur,
1305 3321 1435 3362 ecce
1466 3307 1724 3376 oppidani
1761 3320 1861 3361 nos

279 3398 559 3465 videntes,
606 3405 661 3453 et
692 3395 825 3468 quid
878 3398 982 3453 hoc
1010 3397 1089 3452 rei
1132 3405 1285 3452 esset
1316 3397 1464 3451 dubii
1514 3395 1685 3469 (nihil
1712 3397 1858 3451 enim

284 3488 597 3557 huiusmodi
636 3488 891 3557 opinione
937 3484 1357 3556 praeceperant),
1403 3500 1567 3539 unum
1602 3502 1632 3539 e
1663 3487 1863 3557 magis-

287 3584 543 3647 tratibus,
576 3591 630 3637 et
656 3581 981 3636 canonicum
1005 3581 1319 3649 quemdam,
1346 3572 1582 3633 Marcum
1615 3578 1855 3644 nomine,

287 3690 411 3730 cum
444 3673 552 3728 alio
583 3672 821 3744 quodam
851 3672 1071 3727 nomine
1098 3685 1166 3725 ex
1195 3669 1318 3724 aliis
1350 3678 1726 3738 percontatum
1752 3668 1859 3721 mi-

282 3775 499 3832 serunt,
526 3763 619 3837 qui
649 3775 831 3820 essent
855 3762 945 3834 qui
975 3762 1224 3819 venirent
1248 3774 1304 3817 et
1329 3777 1490 3833 quam
1520 3762 1589 3816 ob
1612 3776 1855 3816 causam.

283 3860 387 3927 Qui
418 3867 705 3930 postquam
739 3872 842 3912 nos
873 3846 1211 3927 agnoverunt
1235 3854 1601 3924 oppidumque
1636 3870 1664 3907 a
1697 3851 1858 3906 nobis

278 3953 454 4023 quatri
482 3955 598 4008 sive
625 3951 902 4022 pactione,
926 3950 1043 4004 sive
1074 3960 1396 4017 quocunque
1428 3944 1538 4002 alio
1566 3946 1749 4012 modo,
1777 3946 1859 4000 iu-

285 4044 638 4108 tellexerunt,
691 4040 1025 4096 festinanter
1067 4039 1297 4105 reversi,
1345 4038 1485 4092 tubis
1532 4046 1587 4092 et
1636 4037 1858 4109 reliquis

283 4132 667 4188 instrumentis
718 4130 936 4187 bellicis
959 4130 1029 4186 ad
1074 4145 1227 4186 arma
1272 4138 1493 4192 vocant,
1542 4138 1596 4183 et
1650 4126 1856 4194 cuncti,

284 4226 485 4295 quique
523 4226 688 4287 intra,
722 4223 923 4293 quique
968 4230 1122 4278 extra
1161 4220 1363 4274 moenia
1412 4228 1593 4285 erant,
1644 4219 1712 4273 ad
1747 4217 1855 4273 vim

284 4316 574 4373 arcendam
622 4324 981 4370 concurrunt.
1022 4314 1135 4370 Nos
1184 4313 1433 4384 sequenti
1482 4311 1601 4367 luce
1646 4311 1849 4366 bellum

281 4409 398 4464 orsi
420 4421 635 4463 smnus.

351 4501 409 4555 4.
436 4498 708 4555 Postridie
736 4497 924 4569 igitur,
956 4497 1216 4567 quoniam
1242 4496 1546 4568 palmarum
1574 4492 1689 4553 dies
1711 4506 1848 4562 erat,

282 4607 466 4647 ramos
498 4591 660 4662 myrti
694 4590 1122 4661 amputavimus,
1173 4605 1311 4660 quos
1349 4584 1602 4644 manibus
1633 4601 1855 4659 gestans

282 4698 427 4741 totus
462 4684 739 4738 exercitus
777 4691 965 4752 portas
998 4681 1161 4737 castri
1194 4682 1423 4736 adortus
1456 4691 1560 4736 est.
1592 4680 1851 4750 Ejusdem

282 4778 489 4830 mensis
514 4772 691 4826 Martii
718 4773 808 4828 die
833 4772 925 4837 26,
949 4788 1070 4826 cum
1093 4780 1215 4842 post
1239 4770 1475 4827 (illirium
1509 4772 1688 4843 magni
1715 4771 1854 4826 Sab-

279 4869 393 4920 bati
427 4867 539 4918 sive
571 4862 814 4918 divinam
849 4862 1231 4927 iuitiationem,
1270 4876 1298 4915 a
1334 4858 1561 4932 prandio
1589 4863 1643 4916 in
1673 4870 1852 4919 lento-

279 4959 365 5012 rio
395 4956 599 5011 domini
636 4954 811 5008 nostri
837 4954 1277 5008 consedissemus
1304 4964 1359 5008 et
1394 4955 1573 5009 Varios
1602 4955 1855 5010 miscere-

281 5065 404 5103 mus
429 5061 741 5112 sermones,
766 5056 989 5114 repente
1027 5044 1233 5113 aliquot
1254 5046 1468 5115 equites
1490 5061 1585 5115 per
1614 5056 1850 5115 portam,

277 5140 367 5196 cui
419 5152 619 5192 nomen
651 5147 733 5193 est
778 5135 1057 5190 llebraica:
1087 5136 1170 5189 vel
1218 5135 1517 5205 Zeugalatii
1562 5138 1660 5205 (ita
1704 5137 1850 5191 enim

277 5232 614 5301 appellatur)
654 5238 1052 5300 prorumpunt;
1086 5230 1204 5293 sed,
1255 5228 1348 5283 ubi
1397 5240 1851 5300 comparuerunt,

277 5340 409 5380 mox
430 5323 657 5391 repulsi,
684 5338 775 5391 per
802 5331 1013 5391 portam
1039 5323 1201 5376 littori
1229 5323 1529 5391 oppositam
1552 5322 1851 5391 refugiunt.

276 5416 354 5470 lbi
388 5429 583 5469 omnes
613 5414 824 5479 incolae,
855 5412 1082 5479 labaris,
1116 5415 1350 5468 arcubus
1380 5424 1435 5468 et
1468 5414 1603 5483 palis
1631 5414 1849 5481 armati,

275 5507 532 5571 aderant.
574 5503 695 5560 1am
748 5522 869 5560 cum
916 5506 1145 5576 despota
1176 5518 1233 5561 et
1275 5521 1398 5574 ego,
1449 5515 1741 5577 antequam
1766 5507 1851 5561 illi

274 5612 378 5653 nos
400 5607 880 5668 persequerentur,
907 5598 1046 5665 fuga:
1080 5615 1176 5653 nos
1195 5599 1689 5663 commisissemus,
1722 5599 1849 5668 quia

274 5703 405 5763 equi
437 5689 612 5747 nostri
636 5689 785 5761 iuxta
822 5700 1035 5760 portam
1071 5690 1194 5754 viae,
1224 5707 1343 5761 φιλο
1384 5694 1451 5744 ad
1481 5689 1539 5744 S.
1575 5689 1848 5746 Andreum

1962 3129 2212 3200 ὑπῆρχεν
2248 3130 2306 3183 ὲν
2333 3133 2397 3203 τῇ
2444 3132 2678 3204 ἀνατολῇ
2718 3134 2815 3204 τῆς
2863 3135 3089 3201 ’Δσίας’
3145 3139 3242 3192 καὶ
3286 3140 3541 3211 ἁπορφειε⁵

1964 3310 2135 3376 ducit,
2177 3309 2321 3366 forte
2368 3314 2545 3381 parati
2595 3324 2776 3380 erant,
2836 3324 2892 3370 et
2927 3331 2956 3369 a
3005 3316 3252 3374 Patrensi
3296 3322 3531 3391 quodam

1964 3416 2135 3472 equus
2158 3403 2500 3461 Constantini
2536 3409 2733 3477 sagitta
2765 3408 3049 3479 perfossus
3076 3420 3244 3480 esset,
3270 3418 3533 3471 ut‘statim

1962 3488 2329 3551 Collaberetur
2367 3498 2541 3563 humi,
2571 3499 2992 3555 Constantinum
3018 3503 3090 3557 ab
3123 3504 3536 3574 insequentibus

1966 3586 2241 3659 hostibus,
2271 3587 2363 3657 qui
2401 3598 2493 3643 aut
2525 3604 2723 3660 capere
2753 3600 2845 3645 aut
2872 3594 3126 3651 occidere
3153 3612 3274 3651 eum
3308 3600 3533 3668 vellent,

1964 3692 2066 3749 ego
2097 3677 2337 3735 defendi.
2370 3677 2559 3750 Itaque
2586 3680 2769 3735 divino
2804 3684 3012 3739 auxilio
3040 3685 3133 3740 ille
3164 3702 3255 3741 rex
3281 3678 3535 3758 equo'ex-

1962 3766 2200 3836 peditus,
2237 3768 2400 3836 pedes
2451 3784 2511 3823 se
2549 3768 2616 3823 iis
2663 3768 2970 3845 subtraxit;
3005 3788 3107 3845 ego
3142 3778 3402 3835 adversus
3436 3780 3537 3835 ho.

1961 3870 2076 3914 stes
2109 3858 2418 3924 decertans,
2452 3858 2622 3913 lilium
2648 3841 2938 3928 quemdam
2972 3841 3250 3923 Samatelli
3275 3872 3415 3941 cepi.
3439 3875 3534 3929 sed
3590 3902 3593 3907 ·

1961 3955 2017 4001 et
2048 3945 2168 4015 ipse
2194 3945 2436 4016 graviter
2465 3945 2789 4003 vulneratus
2833 3966 2951 4004 sum
2992 3967 3113 4006 cum
3142 3969 3280 4024 equo
3308 3972 3536 4027 genero-

1962 4037 2203 4103 sissimo,
2252 4037 2347 4108 qui
2403 4053 2525 4093 mox
2579 4035 2792 4094 defectu
2847 4041 3041 4096 virium
3092 4047 3349 4103 concidit.
3390 4051 3529 4106 Eum

1960 4144 2160 4197 equum
2186 4131 2409 4184 dederat
2430 4144 2643 4184 ameras
2661 4128 2867 4185 lsaacio
2887 4130 3076 4195 Asani,
3095 4134 3160 4187 ad
3181 4149 3241 4189 se
3265 4141 3531 4205 profecto,

1959 4218 2171 4275 Asanes
2199 4219 2434 4291 Georgio
2458 4216 2942 4291 Philantltmpeno,
2985 4240 3184 4294 genero
3206 4242 3327 4294 suo,
3366 4238 3530 4303 atque

1962 4311 2051 4367 hic
2092 4327 2283 4367 rursus
2308 4311 2586 4367 Comneno
2611 4314 2968 4381 consobrino,
3005 4314 3371 4408 fiaqtacuzeni
3401 4340 3531 4393 pro-

1879 4427 1934 4490 υ
1963 4402 2271 4457 tostratoris
2308 4416 2526 4471 genero,
2555 4417 2717 4471 quem
2753 4403 2998 4459 Galatam
3025 4402 3321 4476 fugientem
3358 4410 3528 4469 ἠλιθι-

1961 4506 2112 4548 meus
2139 4495 2574 4563 comprehendit.
2604 4495 2651 4550 Is
2687 4510 2887 4566 equum
2912 4496 3055 4552 dono
3097 4503 3306 4570 accepit
3332 4502 3400 4558 ab
3426 4504 3529 4559 im-

1958 4593 2233 4653 peratore,
2272 4595 2439 4657 atque
2488 4600 2586 4655 ego
2635 4588 2829 4643 eodem
2867 4603 2895 4640 a
2949 4584 3120 4644 fratre
3168 4590 3420 4663 donatus,
3468 4597 3520 4652 in

1955 4674 2389 4753 Peloponnesum
2440 4698 2564 4738 eum
2597 4682 2823 4739 abduxi.
2870 4683 3129 4755 Collapso
3170 4686 3332 4757 igitur
3358 4707 3521 4762 equo,

1957 4770 2073 4839 ipse
2094 4771 2279 4827 multis
2304 4772 2477 4842 plagis
2500 4788 2818 4844 percussus,
2844 4775 2898 4828 in
2930 4784 3251 4844 potestatem
3276 4762 3516 4838 hostium

1956 4863 2102 4930 veni,
2141 4863 2232 4932 qui
2285 4863 2577 4919 abductum
2616 4880 2700 4919 me
2750 4866 2801 4918 in
2843 4881 3120 4919 carcerem
3172 4867 3285 4924 sive
3326 4873 3520 4929 turrim

1954 4953 2172 5009 aedilicii
2203 4955 2483 5010 tenebrosi
2542 4955 2914 5026 coniecerunt,
2954 4956 3221 5016 formicis.
3254 4966 3523 5019 cdrculio.

1958 5043 2115 5099 nibus
2145 5051 2201 5100 et
2233 5047 2482 5100 muribus
2514 5055 2839 5109 scatentem,
2870 5047 3069 5117 quippe
3106 5063 3226 5118 quae
3251 5054 3516 5119 quondam

1959 5134 2153 5191 fuisset
2178 5136 2512 5206 granarium.
2552 5135 2783 5190 Brachia
2815 5146 2868 5190 et
2903 5138 3065 5205 pedes
3093 5137 3321 5195 vinculis
3348 5153 3403 5197 et
3429 5126 3522 5198 ea;

1958 5236 2080 5282 tena
2115 5227 2264 5299 gravi
2295 5236 2350 5281 et
2389 5227 2564 5282 solida
2610 5228 2675 5281 ad
2728 5228 2909 5297 palum
2965 5244 3224 5295 magnum
3278 5231 3330 5285 in
3376 5241 3521 5289 terra

1958 5319 2188 5375 defixum
2225 5320 2689 5374 constrinxerunt.
2725 5318 2863 5373 Male
2891 5320 2942 5373 in
2976 5335 3039 5374 ea
3072 5322 3319 5376 custodia
3351 5312 3520 5381 cuba:

1957 5414 2080 5467 bam
2125 5420 2345 5482 propter
2382 5412 2587 5482 plagas,
2628 5411 2866 5480 vincula,
2906 5420 2961 5468 et
3009 5410 3242 5483 reliqua,
3284 5431 3405 5488 qua:
3445 5419 3520 5476 ibi

1958 5502 2123 5558 fuisse
2150 5503 2487 5563 incommoda
2516 5503 2842 5572 significavi.

2027 5594 2081 5649 5.
2124 5593 2221 5649 ilic
2244 5594 2349 5649 loci
2382 5596 2450 5650 de
2477 5595 2827 5651 sanctissima
2855 5596 3155 5655 Thomaide
3186 5610 3520 5658 narrandum

1960 5687 2116 5743 nobis
2136 5696 2237 5743 est.
2268 5684 2341 5741 Ex
2362 5687 2585 5744 honesta
2613 5687 2816 5745 familia
2841 5690 3079 5747 Orientis
3108 5691 3160 5747 iu
3180 5693 3306 5751 Asia
3332 5710 3527 5783 proge-
