3916 6196
399 266 498 332 151

1630 262 1954 321 GEORGII
2000 257 2423 321 ΡΗΒΑΝΤΖΕ

3529 253 3642 317 752

394 379 676 432 νισθεῖσαν
703 377 752 429 oi
810 377 1010 445 ἑαυτῆς
1046 377 1362 444 συγγενεῖς,
1388 376 1595 446 ῆγαγον
1661 376 1834 441 αὑτὴν
1881 375 1959 435 εἰς
1991 383 2034 434 Α
2065 377 2128 443 τῇ
2155 374 2364 443 Λήμνῳ
2397 376 2426 425 ό
2461 371 2678 434 πάππος
2718 389 2821 440 μου
2863 372 3158 440 εὑρίσκετο
3194 372 3332 440 μετά
3392 371 3491 442 τῆς
3540 390 3643 440 γυ-

394 467 993 530 Κωνσταντινούπολιν,
1044 468 1137 520 καὶ
1169 466 1380 520 ἔδωκαν
1436 468 1607 536 αὑτὴν
1644 469 1708 535 τῇ
1759 465 1962 533 ἀδελφῇ

379 561 500 622 ,τῶν
524 560 691 627 τριῶν
729 558 1034 628 ἀρχιερέων
1065 559 1161 610 καὶ
1220 558 1472 624 ἀδελφῶν
1539 559 1633 610 καὶ
1692 557 1964 627 βασιλέων

396 651 494 703 καὶ
523 651 694 720 μητρὶ
727 649 821 703 τοῦ
861 650 1178 719 σοφωτάτου
1226 649 1515 702 Καὸασίλα
1542 650 1841 711 Νικολάου,
1870 650 1966 700 καὶ

393 740 537 812 εῖχεν
573 743 746 812 αὑτὴν
781 744 878 795 καὶ
934 743 1211 795 ἐπαίδευε.
1256 742 1367 794 Καὶ
1418 741 1560 810 μετά
1610 760 1734 795 τινα
1771 743 1964 811 καιρὸν

393 835 640 904 ἀπῆλθεν
668 837 748 898 εἰς
777 834 1191 903 Θεσσαλονίκην
1227 835 1314 886 διὰ
1356 833 1417 886 τὸ
1447 837 1627 888 ἐκεῖσε
1679 831 1818 889 εἶναι
1873 835 1964 889 τὸν

388 928 626 996 ἀδελφὸν
682 928 854 996 αὑτῆς
912 927 1232 980 Κ-αϐάσιλαν
1291 926 1451 998 140
1514 929 1800 998 ἀρχιερέα,
1873 927 1968 982 καὶ⁸

383 1017 614 1087 ’,ᾤκησεν
651 1019 731 1080 είς
756 1017 854 1088 τὴν
889 1020 1060 1087 μονὴν
1084 1022 1182 1088 τῆς
1215 1021 1378 1086 ἁγίας
1398 1019 1681 1091 Θεοδὼρας
1712 1020 1851 1088 μετὰ
1867 1021 1966 1088 τῆς

399 1111 856 1177 Παλαιολογίνης,
889 1111 1148 1178 ἐναρέτου
1179 1110 1274 1163 καὶ
1307 1109 1494 1177 λογίας
1535 1110 1813 1178 γυναικὸς,
1839 1109 1968 1179 περὶ

387 1197 464 1274 ἧς
499 1203 756 1266 πολλάκις
789 1203 1017 1267 πολλοὺς
1047 1204 1254 1273 ἥκουσα
1279 1207 1432 1274 παρὰ
1459 1203 1554 1258 τοῦ
1594 1205 1844 1272 ἀοιδίμου
1867 1206 1968 1276 βα-

403 1293 597 1354 σιλέως
636 1295 741 1361 κὺρ
800 1294 1061 1359 Μανουὴλ
1095 1293 1375 1361 ἐπαίνους,
1411 1295 1506 1348 καὶ
1541 1293 1771 1358 πολλοὺς
1809 1295 1971 1349 κανό-

399 1403 494 1446 νας
518 1383 597 1447 εἴς
623 1403 682 1436 τε
713 1386 802 1437 τὸν
847 1384 1000 1451 ἅγιον
1039 1387 1351 1456 Δημήτριον
1391 1387 1485 1438 καὶ
1548 1386 1711 1454 ἁγίαν
1760 1386 1969 1440 Θεοδώ-

405 1495 506 1544 ραν
536 1477 632 1528 καὶ
675 1477 757 1539 είς
817 1475 1010 1538 ἄλλους
1045 1477 1234 1543 ἁγίους
1285 1479 1569 1545 ἀνέγνωσα
1612 1481 1722 1547 ἐγὼ
1756 1480 1971 1548 ἐκείνης

400 1569 686 1635 ποιήματα
707 1585 720 1597 ’
757 1566 812 1619 αἳ
844 1563 988 1635 εἶχον
1024 1569 1122 1621 σὺν
1159 1570 1350 1631 αὑταῖς
1405 1572 1499 1623 καὶ
1528 1573 1627 1642 τὴν
1661 1571 1827 1638 ἁγίαν
1847 1573 1968 1626 Θω-

401 1659 587 1728 μαῖδα,
619 1660 712 1710 καὶ
740 1659 1030 1712 ἐπαίδευον
1060 1661 1140 1724 εἷς
1160 1677 1219 1713 τε
1259 1662 1361 1729 τὴν
1393 1663 1600 1733 ἀρετὴν
1639 1664 1749 1716 καὶ
1779 1665 1962 1733 λόγον.

373 1738 376 1741 ’
413 1751 499 1813 Ὠς
521 1750 577 1802 δέ
601 1746 730 1820 ἦλθε
759 1750 818 1800 τὸ
850 1750 1004 1812 τέλος
1039 1751 1243 1818 αὑτῶν,
1275 1752 1573 1805 κατέλιπον
1607 1754 1744 1823 αὑτῇ
1787 1755 1968 1808 πάντα

386 1845 466 1894 τὰ
499 1843 704 1906 αὐτῶν,
736 1840 868 1892 ἀλλὰ
899 1839 963 1904 δὴ
985 1839 1083 1894 καὶ
1113 1843 1213 1910 τὴν
1233 1841 1326 1894 τοῦ
1357 1843 1676 1912 Κυπριανοῦ
1709 1846 1965 1911 γυναῖκα,

396 1936 520 2004 ἥτις
553 1936 990 2002 ἀγανακτήσασα
1041 1934 1104 1986 τὸ
1140 1935 1377 2002 σκληρὸν
1416 1934 1513 1987 τοῦ
1545 1936 1741 2004 ἀνδρὸς
1794 1937 1965 2005 αὐτῆς

398 2031 491 2078 καὶ
518 2023 834 2079 ἀπελθοῦσα
867 2027 1004 2096 πρὸς
1064 2026 1164 2088 τὰς
1226 2028 1483 2096 ῥηθείσας
1520 2029 1690 2095 μονὰς
1755 2029 1966 2101 μοναχῆ

370 2109 640 2188 ἐγένετο,
699 2118 826 2170 ἐπεὶ
877 2118 1029 2171 δὲτὸ
1091 2119 1245 2182 τέλος
1297 2120 1482 2172 αὑτῶν
1521 2122 1760 2187 ἐγένετο,
1801 2123 1966 2176 πάλιν

395 2212 644 2281 ὑπετάγη
679 2215 743 2281 τῇ
773 2211 997 2264 ἐκείνων
1029 2212 1355 2283 κληρονόμῳ
1387 2213 1485 2266 καὶ
1525 2212 1620 2266 τοῦ
1653 2213 1796 2283 βίου,
1817 2216 1966 2279 ὅπως

392 2304 597 2374 δήποτε
630 2305 724 2356 καὶ
754 2305 874 2364 ταῖς
907 2305 1131 2372 ἀρεταῖς
1163 2303 1438 2373 ὑπετάγη,
1497 2305 1592 2357 καλ⁵
1640 2304 1822 2369 καλῶς
1853 2305 1968 2375 διή-

394 2413 526 2448 νυσε
553 2394 645 2448 τὸν
678 2393 780 2462 τῆς
811 2394 1092 2464 ὑποταγῆς
1144 2396 1344 2464 δρόμον
1395 2395 1557 2466 μέχρι
1589 2396 1845 2451 θανάτου.
1895 2398 1966 2451 Ἦ

395 2487 713 2556 Κυπριανοῠ
750 2488 894 2554 λέγω
950 2491 1086 2557 γυνὴ
1117 2484 1186 2560 ἦν
1222 2488 1363 2559 αὕτη
1425 2490 1521 2543 τοῦ
1580 2491 1830 2554 ἐλθόντος
1880 2493 1980 2563 είς

393 2577 973 2631 Κωνσταντινούπολιν
1004 2580 1098 2631 καὶ
1159 2580 1259 2648 τὴν
1316 2583 1485 2651 μονὴν
1537 2582 1823 2645 κτίσαντος
1866 2581 1966 2654 τὴν

391 2668 472 2728 είς
533 2667 704 2736 ὄνομα
753 2668 862 2720 τῶν
930 2668 1106 2736 ἁγίων
1167 2669 1393 2736 ἐνδόξων
1454 2671 1964 2742 μεγαλομαρτύρων

389 2759 706 2830 θεοδώρων,
745 2761 1228 2832 ἐπονομαζομένην
1261 2763 1354 2816 τοῦ
1384 2763 1733 2834 Κυπριανοῦ.
1767 2763 1887 2817 Τῶν
1903 2765 1963 2819 δὲ

387 2853 605 2905 ἀσεϐῶν
627 2852 728 2923 τὴν
757 2854 1165 2924 Θεσσαλονίκην
1209 2857 1642 2925 παραλαϐόντων
1671 2857 1962 2923 ἐξελθοῦσα

389 2945 423 3012 ἡ
459 2944 581 2996 ὁσία
612 2942 838 3014 Θωμαῖς
884 2946 1022 3014 μετά
1062 2945 1162 3014 τῆς
1203 2947 1581 3016 ὑποτακτικῆς
1633 2947 1808 3016 αὑτῆς
1861 2948 1962 3017 τῆς

390 3035 708 3103 Κυπριανοῦ
739 3037 1005 3104 γυναικὸς
1051 3038 1298 3107 ἀπῆλθεν
1331 3041 1411 3099 εἰς
1437 3042 1678 3109 Λῆμνον,
1709 3040 1794 3094 ἵνα
1814 3042 1959 3094 ἐκεῖο
1983 3075 2028 3137 C

388 3128 480 3180 θεν
511 3127 675 3181 πάλιν
699 3131 778 3191 είς
805 3131 907 3199 τὴν
936 3131 1347 3185 Κωνσταντίνου
1415 3131 1708 3204 ἐπανέλθῃ.
1760 3133 1852 3187 Ἐν
1900 3133 1958 3186 δέ

385 3318 573 3362 net-ala
626 3317 764 3362 erat.
819 3306 1146 3364 Parentihtts
1189 3311 1436 3366 orbatam
1485 3315 1702 3384 cognati
1745 3315 1950 3386 Cpolim

386 3401 778 3467 perduxerunt,
814 3411 869 3454 et
896 3400 1074 3454 sorori
1113 3402 1283 3455 trium
1317 3403 1858 3475 archiepiscoporum
1893 3422 1958 3465 ac

381 3490 616 3543 fratrum
665 3500 720 3544 et
754 3493 1165 3560 imperatorum,
1221 3496 1381 3548 matri
1432 3496 1822 3561 sapientissimi
1852 3501 1952 3556 viri

381 3580 591 3635 Nicolai
641 3580 936 3647 Cabasilm,
983 3583 1348 3647 tradiderunt,
1391 3602 1419 3639 a
1471 3603 1577 3656 qua
1615 3589 1847 3644 educata
1899 3601 1953 3646 et

384 3676 631 3728 instituta
665 3686 770 3730 est.
799 3675 893 3740 Ea,
934 3676 1222 3744 iuterjecto
1251 3679 1434 3746 aliquo
1480 3691 1744 3749 tempore,
1778 3681 1950 3740 Thes-

382 3767 677 3821 salonicam
709 3767 862 3830 abiit,
898 3768 950 3820 in
987 3769 1253 3836 qua-urbe
1283 3768 1598 3842 Cabasilas,
1631 3774 1802 3844 ipsius
1842 3776 1949 3830 fra-

385 3869 486 3918 ter,
544 3867 690 3910 esset
738 3857 1214 3927 archiepiscopus,
1267 3861 1584 3932 abdidttque
1634 3880 1692 3918 se
1741 3866 1793 3919 in
1834 3882 1951 3922 mo-

382 3947 676 4002 nasterium
716 3947 931 4002 Sanctae
959 3948 1258 4004 Tbeodorze
1291 3967 1414 4006 cum
1455 3953 1834 4028 Palazologina,
1867 3959 1950 4014 fe-

383 4040 525 4093 mina
559 4039 776 4093 virtutis
800 4049 855 4094 et
879 4040 1184 4096 litterarum
1214 4044 1477 4108 studiosa,
1509 4047 1664 4115 cujus
1689 4064 1789 4114 ego
1811 4048 1952 4104 mul-

364 4139 464 4185 ‘tas
503 4145 644 4200 saepe
680 4132 866 4186 laudes
904 4147 934 4188 e
971 4136 1280 4190 venerando
1313 4138 1665 4206 imperatore,
1702 4139 1949 4196 Manuele

362 4216 620 4288 ‘dOmino,
651 4225 856 4290 audivi,
892 4234 948 4278 et
970 4224 1207 4294 hymnos
1241 4243 1348 4282 non
1379 4244 1582 4297 paucos
1608 4233 1660 4284 in
1695 4241 1945 4290 sanctum

382 4315 716 4370 Demetrium
751 4327 805 4371 et
836 4327 1083 4372 sanctam
1109 4319 1452 4374 Theodoram
1476 4335 1524 4378 et
1563 4325 1698 4379 alios
1727 4336 1946 4383 sanctos

2070 464 2257 524 ναικὸς
2294 461 2460 514 αὑτοῦ
2494 463 2584 514 καὶ
2612 461 2842 515 τέκνων.
2893 461 2955 515 ’11
2987 462 3081 515 οὑν
3112 462 3308 534 πρώτη
3334 466 3442 514 τῶν
3470 462 3639 517 αὑτοῦ

2071 552 2390 619 θυγατέρων
2422 551 2604 603 ἰδοῦσα
2632 551 2730 618 τὴν
2766 549 2919 604 ὁσίαν
2945 550 3040 604 καὶ
3078 551 3177 621 τὴν
3233 553 3403 616 αὑτῆς
3435 553 3648 620 ἀρετὴν

2071 641 2165 692 καὶ
2195 641 2284 694 τὸν
2323 640 2482 708 λόγον
2516 640 2850 707 ἐγκατέλιπε
2879 641 3059 708 γονεῖς
3114 642 3207 692 καὶ
3239 641 3502 710 ἀδελφοὺς
3543 646 3648 695 καὶ

2077 731 2228 802 14],
2273 732 2512 800 ἀδελφὰς
2540 733 2635 787 καὶ
2657 732 2716 784 ὃν
2750 731 3168 801 ἐμνηστεύσατο
3208 733 3288 794 είς
3317 734 3482 800 ἄνδρα
3523 735 3650 801 ἃμα,

2070 827 2182 885 τοῖς
2213 826 2393 888 παισὶ,
2427 826 2522 876 καὶ
2545 822 2864 876 ἀπελθοῦσα
2910 828 2990 887 εἰς
3025 825 3422 894 Θεσσαλονίκην
3452 826 3650 892 γέγονε

2076 915 2308 985 μοναχῆ,
2356 917 2452 969 καὶ
2479 919 2536 968 ἐν
2565 916 2820 986 ὑποταγῇ
2853 916 3028 983 αὑτῆς
3077 915 3140 984 δὴ
3204 916 3304 984 τῆς
3350 917 3504 978 ὁσίας
3539 918 3651 968 κά-

2073 1008 2222 1058 κεῖσε
2257 1007 2624 1076 ἀπομείνασα.
2655 1008 2927 1061 Κάκεῖθεν
2963 1007 3020 1060 δέ
3047 1006 3361 1072 ἐξελθοῦσαι
3393 1009 3452 1057 ai
3492 1009 3651 1074 τρεῖς

2072 1097 2166 1150 καὶ
2202 1098 2360 1165 μόναι
2416 1102 2474 1151 ἐν
2523 1101 2587 1168 τῇ
2619 1098 3040 1152 Κωνσταντίνου
3107 1099 3262 1150 πόλει
3295 1100 3666 1166 κατήντησαν,

2071 1189 2216 1260 ἀρχῇ
2243 1193 2301 1242 ἐν
2340 1195 2404 1260 τῇ
2440 1193 2577 1261 μονῇ
2609 1193 2674 1261 τῇ
2709 1191 3173 1262 ἐπονομαζομένῃ
3203 1192 3300 1256 τῆς
3347 1191 3648 1258 Κλερένας.

2071 1283 2382 1334 Διαδοθείσα
2407 1282 2462 1334 δὲ
2492 1284 2523 1351 ή
2559 1282 2724 1350 ἀρετὴ
2744 1283 2839 1349 τῆς
2870 1283 3022 1343 ὁσίας
3055 1285 3151 1334 καὶ
3187 1284 3216 1351 ἡ
3253 1283 3332 1344 είς
3355 1283 3453 1348 τὴν
3487 1282 3654 1334 θείαν

2071 1375 2295 1446 Γραφὴν
2359 1375 2527 1444 αὑτῆς
2572 1376 2841 1443 ἐμπειρία
2903 1375 2980 1437 εἷς
3029 1391 3091 1426 τε
3132 1374 3221 1426 τὸν
3270 1374 3494 1444 βασιλέα
3550 1378 3654 1427 καὶ

2072 1468 2424 1536 πατριάρχην
2474 1468 2570 1520 καὶ
2617 1468 2827 1530 πάντας
2862 1467 2989 1530 τοὺς
3027 1466 3128 1536 τῆς
3172 1467 3403 1533 πόλεως,
3452 1471 3480 1521 ὁ
3543 1469 3652 1536 μὲν

2075 1559 2330 1627 βασιλεὺς
2361 1558 2546 1630 ἐζήτει
2577 1559 2764 1611 λαϐεῖν
2801 1558 2931 1612 ἄλλο
2959 1558 3068 1612 τῶν
3103 1560 3486 1628 μοναστηρίων
3522 1577 3615 1624 μετ.
3637 1591 3648 1598 -

2074 1647 2298 1717 ζότερον
2331 1648 2424 1700 καὶ
2476 1647 3051 1718 είσοδηματικώτερον
3088 1649 3270 1703 δοῦναι
3327 1650 3492 1719 αὐτῇ,
3521 1653 3550 1702 ὀ
3583 1651 3650 1703 δὲ

2079 1741 2424 1810 πατριάρχης
2483 1739 2731 1809 ἐνταλμα
2759 1741 3169 1810 πατριαρχικῆς
3222 1740 3468 1805 ἐξουσίας
3523 1744 3648 1809 ἐξέ-

2070 1831 2242 1884 δωκεν
2294 1835 2376 1894 εἰς
2415 1832 2514 1895 τὰς
2565 1832 2899 1903 βουλομένας
2959 1833 3060 1908 τῆς
3109 1833 3315 1896 πόλεως
3372 1837 3646 1901 γυναῖκας

2072 1925 2359 1994 προσιέναι
2411 1925 2585 1994 αὑτῇ·
2621 1925 2671 1976 oi
2711 1924 2767 1977 δὲ
2811 1925 2910 1994 τῆς
2971 1928 3178 1989 πόλεως
3213 1926 3404 1997 ᾗθελον
3451 1929 3642 1980 δοῦναι

2069 2019 2264 2079 αὑταῖς
2311 2018 2418 2070 πᾶν
2459 2017 2760 2085 ἀναγκαῖον
2811 2020 2892 2081 είς
2942 2019 3005 2071 τὸ
3055 2021 3486 2074 ἐπισκέπτεσθαι
3544 2026 3641 2075 καὶ

2071 2108 2398 2178 θεραπεύειν
2451 2109 2520 2162 τὰ
2569 2110 2704 2179 πρὸς
2761 2111 2953 2181 χρείαν
2999 2111 3212 2164 αὑτῶνο
3252 2113 3349 2183 οὑχ
3391 2113 3640 2184 ὑπῆρχεν

2069 2203 2176 2272 γὰρ
2210 2203 2454 2266 ἐκείναις
2477 2203 2600 2256 οὕτε
2634 2206 2860 2276 χρυσίον
2891 2204 3018 2258 οὔτε
3063 2205 3472 2275 ἀργύριον,οὑκ
3507 2208 3638 2262 ἄλλο

2067 2313 2120 2348 τι
2144 2296 2193 2349 εί
2225 2295 2300 2367 μὴ
2333 2296 2392 2348 τὸ
2448 2298 2772 2367 ἐργόχειρον
2831 2299 2926 2352 καὶ
2977 2301 3011 2368 ἡ
3078 2299 3172 2351 τοῦ
3201 2298 3344 2351 Θεοῦ
3391 2301 3477 2352 διὰ
3524 2301 3636 2354 τῶν

2065 2392 2347 2461 ἀρχόντων
2384 2393 2724 2463 προμήθεια.
2757 2392 3014 2446 Δαδοῦσα
3052 2393 3108 2446 δὲ
3159 2397 3358 2463 μικρὸν
3389 2411 3441 2445 τι
3472 2396 3639 2447 κάθι-

2069 2501 2206 2551 σμα,
2241 2485 2582 2555 συνέδραμον
2606 2488 2687 2548 εἰς
2721 2485 3003 2554 ὑποταγὴν
3026 2485 3197 2554 αὑτῆς
3225 2485 3483 2539 τοσαῦται
3506 2488 3634 2539 ὅσαι

2063 2574 2165 2627 οὑκ
2204 2574 2489 2645 ἐχώρησαν
2516 2575 2596 2638 είς
2636 2593 2697 2628 τε
2729 2577 2826 2645 τὴν
2864 2575 2958 2628 τοῦ
2988 2575 3155 2637 mea;
3204 2576 3372 2644 μονὴν
3406 2576 3498 2628 καὶ
3528 2575 3636 2643 τῆς

2065 2667 2239 2734 κυρᾶς
2301 2667 2557 2736 Μάρθας.
2639 2667 2704 2720 'H
2756 2667 2813 2720 δέ
2847 2669 2907 2719 οὑ
2950 2668 3172 2730 πλείους
3215 2668 3248 2739 ῆ
3308 2666 3635 2719 δυοκαίδεκα

2063 2759 2470 2828 προσελάϐετοο
2506 2762 2599 2814 καὶ
2623 2757 2768 2831 ἦσαν
2801 2760 3051 2813 τοιαῦται
3079 2760 3159 2823 εἴς
3213 2777 3270 2813 τε
3312 2761 3636 2828 ἀκτημοσύ-

2063 2867 2162 2920 νην
2187 2855 2282 2904 καὶ
2316 2851 2570 2923 ὑπακοὴν
2605 2855 2701 2906 καὶ
2736 2853 3099 2924 σωφροσύνην
3129 2855 3225 2906 καὶ
3259 2855 3368 2906 πᾶν
3395 2853 3446 2904 εί
3463 2869 3516 2904 τι
3546 2852 3634 2915 είς

2067 2943 2228 3014 142
2259 2943 2394 2997 Θεὸν
2425 2945 2808 3011 εὑαπόδεκτον,
2845 2946 2928 2998 δτι
2958 2946 3250 2998 κατέλιπον
3279 2946 3328 2997 oi
3386 2945 3482 3012 τῆς
3527 2945 3636 2996 πό-

2061 3033 2199 3099 λεως
2231 3037 2413 3104 λέγειν
2445 3036 2508 3090 Ἦ
2546 3037 2699 3104 ἁγία,
2719 3036 2837 3089 ἀλλ’
2870 3036 2935 3088 Ai
2963 3036 3116 3104 ἆγιαι
3145 3052 3159 3066 ⁶
3197 3037 3292 3088 καὶ
3316 3035 3445 3088 αὑτὸ
3474 3035 3538 3103 δὴ
3562 3034 3630 3087 τὸ

2061 3129 2232 3198 ὄνομα
2260 3124 2410 3199 εἶχον
2444 3129 2536 3192 Είς
2568 3129 2668 3193 τάς
2709 3128 2893 3197 ἁγίας.
2919 3129 3036 3182 Καὶ
3070 3129 3131 3181 τὸ
3170 3129 3268 3198 μὲν
3319 3129 3430 3180 τῶν
3461 3145 3634 3198 μονα·

2061 3308 2319 3380 Cypriani
2351 3309 2606 3379 conjuge,
2633 3309 2688 3362 in
2717 3307 3301 3368 Lemnnm‘discessit.
3339 3306 3460 3362 inde
3482 3305 3628 3376 Upo-

2061 3403 2152 3457 lim
2198 3417 2503 3458 reversura.
2539 3402 2595 3456 In
2621 3401 2828 3456 Lemno
2860 3410 2972 3456 tum
3001 3412 3120 3456 erat
3151 3417 3285 3454 avus
3320 3415 3470 3454 meus
3503 3415 3631 3454 cum

2061 3509 2230 3548 uxore
2260 3506 2314 3549 et
2339 3494 2546 3549 liberis.
2579 3494 2767 3563 itaque
2804 3503 2932 3549 natu
2966 3494 3199 3548 maxima
3235 3491 3470 3546 liliarnm
3506 3493 3627 3555 ejus

2059 3599 2181 3637 cum
2211 3593 2456 3639 sanctam
2483 3585 2622 3639 hanc
2652 3575 2913 3638 l'éminam
2951 3584 3178 3639 vidisset
3203 3593 3255 3638 et
3279 3585 3630 3658 observasse;

2061 3677 2311 3730 virtutem
2360 3675 2478 3744 ejus
2512 3691 2576 3730 ac
2627 3691 2958 3741 sermonem,
3012 3677 3221 3730 relictis
3277 3675 3625 3745 parentibus,

2059 3765 2339 3831 fratribus,
2368 3767 2672 3828 sororibus.
2708 3777 2761 3821 et
2789 3783 3021 3835 quocum
3048 3769 3343 3836 conjuncta
3366 3776 3484 3821 erat
3511 3782 3627 3820 ma-

2058 3860 2182 3924 rito,
2220 3868 2383 3928 atque
2418 3860 2626 3924 liberis,
2663 3843 3104 3916 Thessalonicam
3139 3861 3403 3930 profecta,
3438 3874 3631 3914 mona-

2054 3939 2174 4022 chis
2207 3967 2266 4006 se
2312 3953 2566 4022 ascripsit
2598 3952 2782 4020 ibique
2816 3952 2919 4007 sub
2953 3953 3194 4020 imperiis
3224 3962 3428 4006 sanctae
3461 3953 3628 4019 hujus

2055 4020 2303 4098 mitlieris
2322 4040 2478 4097 vixit.
2507 4044 2636 4098 lude
2665 4044 2744 4097 hac
2770 4054 2879 4098 tres
2911 4045 3037 4098 sola:
3057 4044 3266 4114 tlpolim
3293 4044 3630 4110 emigrautes

2053 4135 2323 4204 principio
2373 4135 2844 4189 ituuonasterium
2877 4136 3122 4190 Cldrcnaa
3157 4146 3448 4190 venerunt.
3490 4138 3627 4190 Cum

2053 4239 2234 4281 autent
2291 4238 2491 4282 sanctae
2530 4228 2678 4282 illius
2729 4229 2944 4282 feminae
2978 4229 3152 4282 virtus
3185 4237 3238 4280 et
3291 4226 3626 4281 Litterarum

2051 4335 2331 4375 sacrarunt
2370 4321 2560 4391 peritia
2603 4321 2918 4388 imperatori
2962 4331 3016 4375 et
3047 4321 3372 4390 patriarcha:
3400 4322 3629 4374 univcr-

377 4407 501 4475 legi.
538 4405 827 4461 llabchant
856 4416 1038 4462 autem
1066 4423 1248 4463 secum
1274 4421 1520 4466 sanctam
1556 4430 1770 4484 quoque
1799 4417 1946 4474 Tho-
1978 4415 2022 4470 D
2055 4429 2236 4483 sreque
2256 4414 2462 4468 civitati
2496 4415 2847 4478 innotuisset,
2876 4414 3170 4482 imperator
3190 4413 3237 4466 ei
3269 4414 3416 4466 aliud
3444 4417 3623 4483 majus

379 4496 612 4552 maidcm
646 4513 877 4567 eamque
920 4501 986 4553 ad
1021 4500 1240 4555 virtutis
1278 4511 1332 4556 et
1366 4503 1669 4560 litterarum
1700 4508 1944 4576 discipli-

375 4603 500 4641 nam
531 4589 877 4645 erudiebant.
933 4589 1071 4646 Cum
1105 4592 1335 4649 instaret
1381 4595 1514 4665 ipsis
1556 4599 1765 4654 vivendi
1798 4602 1943 4669 ﬁnis,

368 4681 549 4735 'eidem
586 4697 709 4750 quae
741 4683 1012 4740 habebant
1049 4687 1232 4740 omnia
1276 4687 1635 4757 reliquerunt,
1683 4709 1787 4749 una
1821 4711 1942 4750 cum

373 4791 547 4830 uxore
577 4775 864 4846 Cypriani,
887 4793 1010 4845 quae
1039 4794 1288 4850 asperam
1313 4783 1414 4836 viri
1454 4785 1540 4838 stti
1565 4794 1812 4840 naturam
1835 4804 1943 4842 non

370 4867 577 4933 ferens,
617 4867 671 4922 in
712 4867 838 4922 illud
872 4869 1112 4938 profecta
1145 4876 1552 4939 monasterium,
1589 4878 1728 4931 inter
1759 4895 1950 4936 mona-,

369 4959 503 5014 cbas
532 4973 727 5014 nomen
779 4961 1031 5016 dederat.
1073 4962 1368 5032 Postquam
1406 4978 1590 5022 autem
1650 4971 1757 5024 illa:
1801 4973 1940 5026 diem

367 5051 643 5118 obierunt,
691 5055 1153 5123 quemadmodum
1207 5056 1394 5112 virtuti
1455 5075 1512 5113 se
1564 5056 1816 5129 subjecit,
1867 5063 1940 5119 ita

367 5143 585 5199 illarum
621 5155 733 5199 tum
767 5148 1032 5201 bonorum
1063 5158 1175 5202 tum
1211 5149 1336 5204 vita:
1367 5165 1424 5204 se
1454 5151 1688 5218 subjecit
1715 5155 1938 5222 lueredi,

363 5247 420 5291 et
453 5237 614 5308 hujus
666 5238 1034 5308 subiectionis
1086 5255 1309 5294 cursum
1353 5243 1611 5316 prtcclare
1645 5260 1818 5315 usque
1871 5248 1939 5300 ad

364 5338 596 5382 mortem
641 5327 896 5386 confecit.
937 5329 1151 5400 Conjux
1193 5331 1307 5386 haec
1351 5333 1634 5403 Cypriani,
1686 5337 1936 5404 inquam,

363 5418 512 5475 illius
535 5429 677 5486 erat,
709 5421 802 5489 qui
833 5420 1042 5491 Cpolim
1084 5423 1250 5490 venit,
1279 5435 1334 5478 et
1378 5427 1774 5480 monasterium
1810 5443 1940 5482 san-

358 5519 572 5562 ctorum
603 5521 901 5581 martyrum
934 5513 1197 5568 nobilium
1222 5512 1638 5568 Theodororum
1671 5525 1931 5572 constru-

359 5599 458 5659 xit,
488 5603 630 5667 quod
657 5600 912 5669 Cypriani
963 5604 1396 5671 cognominatur.
1434 5603 1826 5662 TliessaIOuica
1868 5609 1934 5661 ab

357 5679 541 5752 impiis
568 5698 852 5757 occupata,
890 5702 1075 5746 sancta
1107 5693 1366 5751 Thomais
1391 5712 1512 5752 cum
1548 5698 1767 5750 alumna
1808 5715 1927 5778 sua,

2049 4517 2105 4560 et
2138 4506 2460 4576 locupletius
2492 4503 2880 4557 monasterium
2918 4504 3056 4557 tradi
3084 4501 3278 4570 jussit;
3307 4502 3621 4569 patriarcha

2049 4595 2410 4666 patriarcbali
2433 4595 2758 4648 auctoritate
2785 4592 3059 4658 omnibus,
3081 4607 3203 4662 qua:
3224 4593 3444 4655 vellent,
3471 4593 3624 4646 urbis

2048 4687 2365 4742 mulieribus
2398 4693 2718 4752 potestatem
2744 4685 2913 4747 dedit,
2943 4683 3018 4736 illi
3051 4698 3109 4737 se
3137 4683 3464 4753 aggregandi
3498 4699 3515 4748 ;
3545 4687 3626 4737 ci-

2043 4795 2140 4834 ves
2183 4795 2303 4850 qute
2353 4788 2538 4833 essent
2587 4778 2896 4832 necessaria
2942 4777 3010 4830 ad
3065 4791 3150 4830 res
3197 4777 3532 4831 ordinandas
3564 4788 3624 4830 et

2045 4869 2513 4926 administrandas
2551 4878 2810 4938 praestare
2837 4869 2902 4922 iis
2938 4867 3214 4923 volebant.
3257 4867 3443 4936 Neque
3469 4871 3620 4921 enim

2043 4964 2151 5017 illis
2201 4973 2318 5016 erat
2381 4962 2462 5014 vel
2515 4977 2726 5023 aurum,
2777 4961 2858 5014 vel
2941 4969 3250 5030 argentum,
3314 4959 3399 5012 vel
3467 4960 3624 5011 aliud

2042 5055 2338 5123 quidquam
2381 5053 2483 5108 nisi
2527 5067 2662 5120 opus
2691 5067 2949 5106 manuum
2984 5062 3040 5107 et
3070 5052 3250 5106 divina
3284 5067 3380 5119 per
3414 5053 3626 5120 magis-

2043 5155 2218 5200 tratus
2268 5145 2628 5214 providentia.
2668 5143 2878 5214 Itaque,
2930 5158 3054 5198 cum
3091 5159 3198 5198 non
3248 5144 3320 5197 ita
3370 5144 3621 5212 amplum

2041 5239 2380 5295 domicilium
2415 5239 2661 5304 haberet,
2683 5237 2750 5292 ad
2778 5237 2944 5292 vitam
2969 5252 3035 5293 ex
3061 5237 3290 5308 imperio
3312 5237 3427 5306 ejus
3449 5253 3627 5307 agen-

2040 5332 2162 5384 dam
2188 5340 2290 5400 ,ιοι
2338 5328 2738 5396 conﬂuxerunt,
2793 5341 2927 5400 quot
2958 5345 3064 5384 non
3121 5340 3518 5385 concesserunt
3550 5331 3621 5384 in

2041 5426 2430 5477 monasterium
2485 5424 2634 5478 Libis
2663 5434 2721 5478 et
2755 5423 2982 5478 Marthae
3019 5424 3272 5478 dominre.
3305 5423 3374 5477 At
3404 5424 3624 5494 recepit

2039 5515 2126 5567 illa
2159 5529 2266 5568 non
2298 5516 2418 5583 plus
2453 5517 2757 5580 duodecim,
2786 5526 2949 5587 atque
2980 5529 3138 5570 erant
3167 5530 3359 5570 omnes
3387 5518 3452 5569 ad
3480 5531 3622 5583 pan-

2036 5617 2322 5676 per-tatem,
2351 5607 2747 5674 obedientiam,
2792 5608 3145 5671 modestiam,
3180 5609 3417 5675 denique
3444 5621 3622 5674 quia-

2036 5700 2166 5767 quid
2200 5695 2308 5752 Deo
2345 5711 2559 5765 gratum
2596 5711 2700 5763 est,
2733 5710 2840 5753 tam
2876 5703 3092 5770 egregie
3137 5710 3359 5770 paratae,
3395 5713 3454 5752 tu
3501 5712 3616 5761 latus
