3916 6196
238 278 340 342 753

1272 285 1721 345 CHRONICON
1764 287 2032 348 Ill-\IUS.
2074 312 2132 322 ὀ
2171 288 2320 352 ΗΒ.
2364 289 2440 349 Π.

3387 281 3492 350 ’754

239 395 352 466 χῶν
388 395 617 450 ἐκείνων
645 397 927 464 γυναικῶν
977 399 1159 451 κοινὸν
1189 399 1248 451 τὸ
1306 399 1407 466 τῆς
1458 402 1669 470 τροφῆς
1712 405 1808 455 καὶ
1841 419 1881 472 Α
1913 405 2274 474 συγχωρήσας
2325 405 2420 455 τὸν
2478 402 2808 473 πειρασμὸν,
2874 403 3177 473 χορηγήσει
3227 404 3326 456 καὶ
3383 407 3486 476 τὴν

244 485 564 556 ἐνδυμάτων
595 488 693 541 καὶ
720 488 780 540 τὸ
813 488 890 557 μὴ
919 487 1065 558 ἔχειν
1102 489 1236 543 ίδιον
1273 492 1366 543 καὶ
1397 491 1458 544 τὸ
1489 494 1562 559 μὴ
1594 494 1819 560 ποιῆσαι

241 577 304 632 rb
344 579 674 650 μικρότερον
717 580 749 648 ἢ
788 581 926 649 πρὸς
980 583 1166 652 κοινὴν
1201 586 1233 652 ἢ
1278 585 1414 654 πρὸς
1455 585 1597 638 ἰδίαν
1629 587 1821 655 χρείαν

243 674 290 726 εί
327 673 404 741 μὴ
439 673 582 742 μετὰ
617 675 1033 744 συγχωρήσεως
1085 677 1332 745 ὑπῆρχεν
1357 679 1572 742 αὑταῖς,
1632 682 1729 733 καὶ
1759 680 1822 732 τὸ

245 765 587 833 άνυπόδητον
619 770 713 819 καὶ
743 767 1106 836 ὀλιγότροφον
1137 772 1231 823 καὶ
1274 773 1448 839 χαμαὶ
1476 772 1694 825 κεῖσθαι
1723 775 1822 827 καὶ

245 859 311 910 ἐν
347 859 600 931 εὐτελείᾳ
653 861 748 913 καὶ
770 861 942 915 τάλλα
988 863 1088 914 ὅσα
1143 863 1251 915 τῶν
1301 865 1512 932 ἀρετῶν
1570 867 1707 918 εἰσὶν
1757 868 1824 920 ὲκ

248 951 561 1020 μαρτυρίας
593 951 702 1004 τῶν
733 955 1014 1022 περισσῶν
1039 954 1153 1008 ἐστι
1207 955 1543 1025 διηγεῖσθαι.
1589 957 1824 1026 Ὁμοίως

246 1043 332 1096 δὲ·
361 1044 529 1096 πάλιν
561 1046 655 1097 καὶ
701 1045 800 1112 τῆς
862 1048 1046 1099 αὐτῶν
1101 1049 1259 1111 ὁσίας
1319 1051 1413 1102 καὶ
1445 1052 1824 1118 πνευματικῆς

250 1137 462 1203 μητρὸς
495 1135 598 1201 τῆς
622 1136 851 1189 ἐκείνων
880 1139 1192 1206 συνδρομῆς
1226 1140 1323 1192 καὶ
1347 1141 1692 1208 ἐπισκέψεως
1713 1139 1823 1193 τῶν

247 1226 524 1293 βασιλέων
552 1228 645 1280 καί
677 1228 981 1282 δεσποινῶν
1040 1232 1137 1283 καὶ
1170 1231 1451 1300 ἀρχόντων
1506 1233 1602 1285 καὶ
1632 1235 1826 1302 ἁρχον-

247 1318 476 1382 τισσῶν,
520 1321 575 1371 αί
629 1320 729 1388 μὲν
764 1321 926 1390 χάριν
972 1322 1426 1392 ὲξομολογήσεως
1455 1327 1510 1377 αἱ
1560 1324 1616 1378 δέ
1658 1324 1827 1395 εὐχῆς

249 1411 341 1461 καὶ
374 1409 752 1480 ἐπισκέψεως,
803 1413 888 1476 τίς
922 1413 988 1466 ἂν
1015 1414 1261 1483 ἀκριϐῶς
1299 1413 1472 1468 ταῦτά
1498 1433 1556 1467 τε
1597 1417 1689 1467 καὶ
1729 1415 1827 1484 τὴν

250 1499 473 1568 ἐκείνης
509 1501 711 1569 ἀρετὴν
746 1502 1006 1573 δυνηθείη
1036 1504 1444 1573 διηγήσασθαις
1483 1506 1544 1558 ἐν
1576 1505 1632 1556 δὲ
1666 1507 1826 1572 μόνον

249 1592 656 1658 διηγησάμενοι
699 1593 966 1663 δείξωμεν
1005 1595 1074 1647 τά
1140 1597 1316 1649 πάντα
1355 1595 1552 1666 ἀληθῆ.
1612 1597 1701 1664 Τῷ
1734 1598 1829 1669 ῥη-

252 1683 402 1735 θέντι
447 1684 668 1754 μεγάλῳ
727 1684 1015 1757 Σαϐϐάτῳ,
1066 1687 1260 1757 ὥσπερ
1325 1705 1417 1757 μοι
1473 1687 1826 1758 συμϐέϐηκεν

1925 493 2182 562 βοήθειαν
2209 493 2304 546 καὶ
2336 493 2584 547 διάλυσιν
2631 494 2798 548 αὐτοῦ
2841 495 2903 564 δὴ
2937 495 3032 548 τοῦ
3090 488 3429 566 πειρασμοῦ.
3463 515 3486 550 ι

1923 585 2032 636 Καὶ
2060 585 2350 652 ἱστάμεναι
2377 584 2604 650 ἔψαλλον
2630 587 2712 649 είς
2744 586 2845 657 τὴν
2873 587 3143 642 Θεοτόκον
3195 588 3494 659 παράκλη-

1925 691 2012 726 σιν
2041 675 2408 742 δακρύουσαι.
2440 677 2647 730 Τούτου
2690 678 2744 729 τί
2782 681 3031 748 κρεῖττον
3057 682 3141 742 εἰς
3185 680 3499 750 μαρτύριον
3562 661 3572 673 ”

1922 767 2021 834 τῆς
2046 768 2124 828 είς
2157 767 2293 819 Θεὸν
2316 768 2484 835 αὐτῆς
2517 770 2717 838 ἀρετῆς
2751 772 2844 822 καὶ
2867 772 3237 837 οίκειὼσεωςς
3271 774 3498 838 Ζήσασα

1924 851 2018 905 οὖν
2044 853 2217 915 οὕτως
2262 857 2467 920 καλῶς,
2521 857 2617 910 καὶ
2669 859 2843 910 πολλὴ
2906 862 2986 922 είς
3045 863 3349 928 μαρτυρίαν
3400 865 3500 927 τῆς

1927 946 2130 1014 ἀρετῆς
2156 947 2329 1014 αὐτῆς
2374 950 2650 1013 ἐπιδείξας
2680 954 2708 1003 ό
2733 951 2884 1015 Θεὸς,
2913 953 3061 1006 τέλος
3091 955 3185 1006 καὶ
3215 959 3241 1004 ό
3270 955 3500 1016 θάνατος

1927 1037 2100 1104 αὐτῆς
2136 1039 2322 1106 τίμιος
2351 1041 2594 1093 ἐναντίον
2631 1042 2842 1111 Κυρίου
2875 1044 3098 1110 ἐγένετο
3147 1045 3244 1096 καὶ
3269 1046 3378 1094 τῶν
3407 1048 3501 1096 ἁν-

1928 1129 2164 1199 θρώπων
2197 1133 2435 1200 προέϐη.
2475 1134 2750 1202 Ἡμέραις
2788 1127 2898 1206 γάρ
2953 1154 3099 1188 τισιν
3151 1137 3503 1202 άσθειιήσασα

1933 1223 2153 1290 μικρὸν,
2179 1226 2276 1278 καὶ
2309 1225 2495 1286 πάσας
2546 1226 2646 1287 τὰς
2703 1227 2950 1295 μοναχὰς
2991 1227 3192 1289 κοινῶς
3246 1227 3504 1296 νουθετήο

1931 1330 2096 1378 σασα,
2133 1316 2227 1368 καὶ
2258 1317 2646 1385 καταλείψασα
2678 1321 2758 1379 είς
2787 1318 2886 1389 τὴν
2923 1320 3189 1389 ὑποδοχὴν
3217 1322 3315 1388 τῆς
3352 1321 3509 1372 άδελο

1931 1406 2040 1474 φῆς
2069 1407 2169 1476 τῆς
2200 1408 2343 1475 ἐμῆς
2380 1411 2608 1476 μητρὸς,
2642 1411 2674 1480 ἢ
2700 1411 2795 1463 καὶ
2822 1411 3018 1478 πρῶτα
3049 1416 3127 1464 εἰς
3154 1413 3356 1480 ἀρετὴν
3411 1413 3508 1467 καὶ

1930 1499 2208 1568 ὑποταγὴν
2243 1502 2416 1569 αὐτῆς
2439 1497 2506 1571 ἦν
2541 1504 2633 1554 καὶ
2689 1503 2869 1555 πάντα
2907 1506 2976 1555 τά
3022 1502 3116 1554 τοῦ
3152 1501 3369 1554 κελλίου
3403 1502 3506 1553 αύο

1928 1591 2039 1644 τῶν
2065 1594 2252 1662 ἐκείνη
2277 1594 2492 1656 διοίκει,
2532 1591 2668 1647 εἶτα
2705 1595 2782 1657 ὠς
2822 1595 3009 1656 ἔνθους
3051 1595 3322 1662 γενομένη
3371 1592 3506 1645 ἐκάε-

1930 1683 2086 1752 θητο,
2135 1684 2263 1747 τοὺς
2293 1685 2395 1755 μέν
2418 1687 2738 1756 ὀφθαλμοὺς
2767 1687 2969 1756 ἔχουσα
3026 1686 3506 1754 κεκαλυμμένους,

252 1773 399 1842 ειπερ
429 1775 833 1844 ἐδιηγησάμην,
859 1777 1183 1847 καθημένης
1225 1779 1364 1846 μετὰ
1403 1777 1504 1849 τὴν
1553 1777 1655 1846 τῆς
1715 1778 1824 1829 λει-
1860 1780 1899 1836 Β
1929 1777 1990 1828 τὸ
2016 1777 2072 1828 δὲ
2102 1778 2277 1845 στόμα
2314 1780 2402 1832 ἀεὶ
2434 1779 2664 1832 κινοῦσα
2719 1779 2857 1847 πρὸς
2899 1779 3104 1847 ὕμνους
3159 1781 3254 1831 καὶ
3291 1779 3511 1847 εὐχαριο

253 1865 517 1934 τουργίας
553 1867 782 1938 τελετὴν
831 1869 890 1922 ἐν
951 1871 1016 1938 τῇ
1062 1870 1355 1940 ἐκκλησίᾳ,
1407 1870 1504 1923 καὶ
1550 1871 1651 1922 σὺν
1686 1870 1826 1939 αὐτῇ

256 1959 429 2010 πᾶσαι
461 1958 516 2010 αἱ
551 1961 786 2029 μοναχαὶ
818 1961 991 2030 αὐτῆς
1041 1963 1453 2031 προσμένουσαι
1491 1963 1579 2015 ἵνα
1633 1963 1832 2032 μικρόν

254 2065 308 2101 τι
334 2049 429 2101 καὶ
462 2049 885 2116 ἀπογεύσωνται
914 2053 1008 2106 διὰ
1045 2055 1148 2125 τὴν
1185 2051 1282 2106 τοῦ
1313 2053 1616 2124 άντιδὼρου
1670 2062 1833 2118 μετά-

256 2141 452 2211 ληψιν·
488 2139 606 2196 εἶτα
647 2146 726 2205 είς
758 2145 854 2208 τὰς
882 2144 1120 2214 Πράξεις
1143 2146 1254 2198 τῶν
1298 2147 1620 2200 ἀποστόλων
1667 2150 1830 2213 τεθῆ-

255 2252 346 2287 ναι
369 2234 470 2303 τὴν
500 2236 814 2304 ἀνάγνωσιν
839 2252 854 2268 ο
896 2236 1050 2304 λέγει
1077 2233 1171 2292 οὖν
1222 2240 1256 2308 ἡ
1318 2239 1466 2294 ὁσία*
1506 2259 1524 2292 ι
1559 2241 1831 2310 Μοναχαὶ,

253 2327 560 2396 ἐγείρεσθε.
619 2347 640 2381 ι
697 2329 761 2380 Ai
791 2328 890 2380 δέ·
940 2331 1067 2382 ιπΤί
1129 2332 1212 2383 σοί
1258 2333 1374 2384 ἐστι
1433 2333 1618 2402 χρεία,
1662 2335 1837 2402 κυρία

253 2420 415 2486 ἡμῶν
447 2420 616 2486 ἁγίας
654 2439 673 2472 ι
730 2421 792 2474 Ἦ
825 2422 880 2476 δέ
905 2438 919 2452 ⁸
960 2439 979 2473 ι
1015 2423 1110 2492 Τῷ
1163 2424 1270 2492 κὺρ
1318 2425 1582 2494 Γεωργίῳ
1633 2424 1835 2494 ἐπῆλθε

266 2512 429 2582 143
465 2515 793 2581 πειρασμὸς,
819 2516 910 2568 καὶ
939 2515 1226 2585 δεηθῶμεν
1251 2517 1351 2578 τῆς
1383 2517 1653 2570 Θεοτόκου
1695 2519 1838 2588 ὑπὲρ

263 2607 509 2658 ἐκείνου.
555 2625 573 2658 ι
639 2607 772 2659 Τόδε
831 2609 1142 2661 ἀκούσασαι
1187 2609 1378 2661 ’πᾶσαι
1455 2609 1838 2678 προσέδραμον

258 2697 405 2765 αὑτῇ
440 2698 581 2764 μετὰ
609 2699 890 2768 δακρύων,
945 2700 1242 2768 ἐξαιρέτως
1296 2699 1352 2752 δὲ
1394 2700 1451 2752 ai
1500 2701 1599 2768 τῆς
1620 2701 1837 2769 ιμητρός

262 2806 371 2853 μου
399 2789 663 2856 ἀδελφαίο
691 2792 786 2843 καὶ
841 2791 950 2859 γάρ
992 2790 1158 2860 ἑτέρα
1213 2789 1419 2859 ἀδελφὴ
1481 2787 1568 2861 ἦν,
1612 2791 1840 2860 ὕστερον

161 2882 168 2886 ⁷
261 2887 528 2948 γεγονυῖαι
581 2883 812 2948 κάκείνη
879 2884 1090 2952 μοναχῆ
1139 2884 1232 2936 καὶ
1292 2883 1636 2954 ύποτακτικὴ
1668 2885 1840 2953 αὐτῆς

261 2972 430 3036 καλή.
462 2973 822 3042 Προσέδραμε
857 2972 1034 3041 καύτὴ
1068 2974 1211 3041 μετὰ
1253 2973 1533 3043 δακρύων,
1569 2977 1838 3030 πυνθανο-

263 3068 444 3134 μὲνη·
482 3084 499 3115 ι
538 3065 602 3118 Τί
637 3065 797 3118 τοῦτο
827 3065 856 3118 ὃ
905 3066 1111 3134 λέγεις,
1144 3067 1314 3136 κυρία
1365 3069 1522 3137 ἡμῶν
1586 3068 1757 3135 άγία;
1812 3089 1832 3122 ι

1938 1869 2091 1931 στίας
2120 1869 2256 1939 πρὸς
2302 1869 2470 1923 Θεόνο
2533 1873 2790 1938 ἐμιμεῖτο
2857 1872 2965 1939 γὰρ
3026 1871 3259 1925 πάντοτε
3293 1872 3327 1938 ὴ
3379 1869 3512 1935 ἁγία

1929 1962 1994 2014 τὸ
2021 1962 2117 2015 τοῦ
2164 1963 2310 2015 θείου
2345 1966 2802 2034 χρυσορῤήμονος
2857 1965 3072 2032 Πατρδς
3117 1964 3281 2034 ῥητὸν
3327 1965 3387 2016 τὸ
3421 1963 3512 2014 λέ-

1932 2070 2065 2120 γον·
2123 2072 2142 2105 ι
2181 2055 2272 2126 Μὴ
2329 2057 2494 2109 τάσιν
2577 2059 2764 2126 φωνῆς
2845 2059 3050 2131 νοήσῃς
3113 2058 3206 2110 καὶ
3281 2058 3513 2127 μέγεθος

1937 2141 2149 2210 (χρῆμα
2174 2144 2284 2212 γὰρ
2314 2145 2660 2213 ἀνάρμοστον
2689 2147 2869 2213 ἁγίοις
2893 2149 2925 2215 ἡ
2963 2149 3228 2216 κραυγή),
3272 2147 3408 2200 ἀλλὰ
3449 2148 3513 2200 τὸ

1935 2232 2124 2298 νοερὸν
2153 2233 2250 2298 τῆς
2281 2233 2524 2296 διανοίας
2560 2239 2658 2289 καὶ
2683 2237 2782 2304 τὴν
2812 2236 2974 2308 144
3038 2237 3355 2306 θερμότητα
3411 2239 3512 2305 τῆς

1935 2320 2112 2390 ψυχῆε
2143 2324 2238 2375 καὶ
2267 2325 2367 2393 τὴν
2399 2328 2686 2380 συντονίαν
2716 2331 2816 2398 τῆς
2849 2329 3115 2398 δεήσεως.
3144 2330 3269 2381 καθ’
3320 2329 3390 2400 ἠν
3416 2330 3514 2382 καὶ

1943 2413 2276 2467 σιωπώντων
2299 2415 2487 2470 ἀκούει
2515 2422 2542 2472 ό
2575 2419 2730 2483 Θεὸς.
2788 2440 2808 2473 ι
2861 2420 2923 2472 ἸΙ
2954 2419 3049 2473 οὖν
3091 2421 3223 2487 ἁγία
3281 2422 3420 2490 μήτε
3461 2439 3515 2474 τι

1942 2506 2407 2577 προλαμϐάνουσα
2465 2512 2739 2582 τροφίμου
2794 2514 3133 2586 ἣποσίμου,
3206 2516 3344 2584 μήτε
3395 2518 3518 2583 ὁμι-

1940 2595 2110 2650 λοῦσα
2160 2600 2222 2650 τὸ
2261 2601 2426 2670 τυχδν
2475 2604 2606 2656 ἄνευ
2659 2605 2754 2658 τοῦ
2805 2605 2930 2659 καθ’
2958 2608 3175 2676 ἡμέραν
3215 2605 3516 2675 ἐρχομὲννιυ

1943 2690 2136 2758 ἱερέως
2161 2693 2242 2754 είς
2273 2694 2334 2745 τὸ
2367 2697 2812 2764 μεταλαμϐάνειν
2851 2699 3026 2766 αὐτὴν
3076 2700 3184 2750 τῶν
3227 2698 3388 2750 θείων
3422 2715 3521 2766 μυ-

1947 2783 2208 2853 στηρίων.
2249 2786 2372 2839 τότε
2413 2788 2509 2840 καὶ
2535 2789 2635 2852 τὰς
2666 2792 2855 2859 χεῖρας
2920 2793 3016 2844 καὶ
3045 2792 3170 2852 τοὺς
3202 2789 3520 2858 όφθαλμοῦς

1943 2873 2025 2935 εἰς
2053 2874 2146 2928 τὸν
2171 2877 2399 2944 ούρανὸν
2450 2881 2684 2948 αἴρουσα
2739 2882 2834 2933 καὶ
2894 2883 3244 2951 συγχώρησιν
3286 2881 3517 2934 αἰτοῦσα

1943 2963 2132 3022 λαϐεῖν
2169 2965 2398 3038 ὕστερον
2425 2968 2861 3038 μετελάμϐανεν.
2923 2971 3082 3023 Ἀλλά
3136 2973 3230 3023 καὶ
3265 2969 3362 3022 τοῦ
3420 2970 3517 3038 βα-

1949 3057 2144 3119 σιλέως
2178 3059 2284 3129 κὺρ
2320 3061 2576 3115 Ἰωάννου
2608 3063 2704 3115 καὶ
2733 3063 2842 3115 τῶν
2879 3062 3178 3116 δεσποινῶν
3213 3065 3303 3114 καὶ
3340 3063 3527 3115 ἄλλων

273 3155 338 3208 'll
383 3155 441 3208 δὲ
479 3157 614 3223 πρὸς
641 3155 810 3218 αὑτὰς
837 3156 943 3223 ἐφη
965 3172 980 3188 ο
1023 3173 1042 3208 ε
1074 3157 1181 3228 Μὴ
1241 3156 1490 3227 θροεῖσθι
1516 3175 1531 3192 ο
1563 3161 1589 3212 ὁ
1631 3159 1766 3221 Θεὸς
1811 3163 1840 3216 ὁ
1866 3149 1910 3172 ν
1943 3149 2158 3205 πολλῶν
2183 3153 2442 3217 πολλάκις
2473 3156 2942 3226 προσερχομένων
2972 3157 3136 3226 αὐτῇ,
3175 3155 3393 3221 anan.
3423 3155 3521 3206 καὶ

260 3350 378 3389 non
409 3329 631 3402 sanctae,
664 3339 761 3394 sed
790 3347 1104 3393 sanctarum
1137 3339 1402 3394 vocabulo
1443 3349 1730 3396 uterentur
1761 3343 1842 3397 ci-

258 3443 363 3483 ves
397 3439 448 3482 et
502 3431 893 3485 monasterium
934 3431 1015 3484 Ad
1048 3440 1266 3486 sam-tas
1303 3433 1598 3488 diceretur.
1651 3433 1844 3488 Fuisse

262 3523 554 3576 monachis
586 3521 692 3576 illis
728 3520 947 3576 feminis
977 3537 1304 3578 comnunem
1357 3523 1562 3588 cilium,
1603 3539 1846 3578 commu-

266 3627 394 3668 nem
436 3613 714 3678 vestitum,
746 3628 1040 3668 commune
1067 3614 1258 3679 etiam,
1305 3623 1363 3668 ut
1389 3614 1524 3668 nihil
1565 3615 1844 3684 propriuln

268 3705 637 3771 possiderent,
672 3705 830 3769 nihil,
859 3707 1112 3770 quamvis
1145 3707 1444 3770 modicum,
1479 3707 1566 3760 vel
1607 3708 1673 3761 ad
1699 3723 1849 3762 com-

274 3816 528 3861 munem.
573 3801 657 3854 vel
691 3801 757 3854 ad
793 3801 1057 3869 privatam
1109 3800 1400 3854 utilitatem
1441 3799 1703 3864 facerent,
1742 3799 1846 3854 nisi

271 3909 596 3949 concessum
627 3894 691 3945 iis
726 3902 904 3956 esset;
936 3895 1156 3946 easdem
1183 3890 1572 3946 calceamentis
1602 3891 1768 3944 nullis
1793 3900 1850 3946 et

273 3987 531 4039 alimento
563 3985 707 4038 tenui
735 4000 864 4038 usas
895 3999 1038 4048 esse,
1073 3983 1221 4038 humi
1255 3984 1514 4038 cubuisse
1539 3992 1593 4038 et
1623 3983 1848 4037 omnino

271 4077 438 4129 vitam
470 4076 626 4130 vilem
659 4076 833 4144 egisse
858 4084 913 4128 et
944 4073 1168 4140 reliquis
1195 4073 1491 4127 virtutibus
1514 4073 1848 4129 monachicis

273 4169 492 4222 dedisse
526 4182 771 4234 operam,
811 4180 1274 4234 supervacaneum
1307 4175 1392 4220 est
1432 4165 1639 4222 dicere.
1683 4165 1850 4221 Simi-

273 4263 397 4315 liter
426 4262 494 4314 ad
530 4262 706 4329 ipsam
733 4269 964 4313 matrem
994 4269 1238 4313 sanctam
1271 4268 1327 4312 et
1353 4258 1692 4327 spiritualem
1721 4274 1852 4314 con-

271 4369 494 4408 cursum
559 4355 972 4422 imperatorum.
1030 4353 1484 4420 imperatricum,
1541 4353 1847 4420 principnnt

1946 3333 2139 3388 matris
2195 3349 2328 3388 mea:
2378 3349 2621 3390 sorores.
2675 3335 2807 3388 Nam
2862 3336 3032 3389 altera
3084 3349 3300 3404 quoque
3363 3349 3523 3388 soror

1945 3433 2136 3492 postea
2175 3439 2232 3478 se
2264 3425 2467 3478 lecerat
2502 3426 2823 3479 monacham
2867 3426 3121 3494 illiusque
3173 3443 3230 3480 sc
3272 3427 3524 3490 subiece-

1947 3524 2030 3568 rat
2064 3515 2315 3585 imperio.
2363 3514 2554 3586 Itaque
2611 3519 2724 3572 haec
2773 3534 2987 3587 quoque
3016 3533 3138 3572 cum
3167 3519 3405 3572 lacrimis
3436 3534 3526 3569 ae-

1947 3608 2144 3672 currit,
2171 3624 2422 3676 qumrens
2450 3628 2464 3662 :
2503 3628 2520 3660 ι
2549 3609 2689 3674 Quid
2741 3610 2870 3662 illml
2903 3619 3006 3672 est,
3039 3610 3179 3678 quod
3210 3610 3368 3672 dicis,
3397 3624 3527 3664 san-

1947 3710 2034 3754 cta
2069 3701 2290 3753 domina
2321 3701 2552 3753 nostra?
2587 3719 2604 3751 ι
2641 3701 2704 3754 At
2742 3702 2829 3753 illa
2871 3719 2890 3755 :
2931 3719 2948 3750 ι
2987 3700 3064 3755 Ne
3091 3701 3520 3763 tumultuamini,

1948 3791 2122 3859 inquit
2151 3807 2164 3854 ;
2199 3793 2290 3859 qui
2317 3792 2694 3845 sollicitationi
2723 3791 2901 3845 locum
2923 3793 3068 3846 dedit
3091 3794 3252 3851 Dens.
3275 3792 3519 3858 ejus-lem

1948 3887 2112 3940 etiam
2154 3885 2466 3954 praesidium
2495 3893 2551 3938 et
2583 3884 2882 3938 remedium
2933 3883 3240 3951 praestabit.
3272 3901 3290 3934 ι
3331 3883 3522 3951 Itaque

1949 3979 2052 4032 illa:
2077 3977 2266 4031 ﬂentes
2289 3976 2516 4029 Matrem
2548 3977 2638 4030 Dei
2667 3975 3031 4044 implorabant
3049 3975 3520 4041 celelirabaulque

1950 4071 2190 4140 hymnis.
2227 4071 2337 4122 Hac
2371 4085 2430 4123 re
2458 4069 2588 4138 quid
2621 4078 2801 4136 potest
2827 4084 2948 4122 esse
2991 4068 3253 4122 disertius
3299 4071 3520 4124 virtutis

1949 4162 2274 4230 pietatisque
2325 4159 2742 4213 testimonium?
2797 4157 2876 4212 ιω
2921 4160 3090 4227 igitur
3133 4173 3254 4212 cum
3295 4159 3522 4227 pulchro

1953 4255 2179 4308 vixissrt
2209 4265 2262 4307 et
2292 4254 2707 4308 sanctimonL'nn
2728 4253 2845 4323 ejus
2880 4253 3061 4306 multis
3095 4252 3260 4306 rebus
3295 4261 3526 4304 testatus

1951 4357 2094 4400 esset
2118 4349 2285 4405 Deus.
2321 4347 2544 4399 tandem
2564 4361 2712 4400 mors
2735 4345 2783 4398 ei
2817 4345 3055 4411 gloriosa
3073 4358 3256 4398 coram
3290 4343 3521 4398 Domino

272 4451 515 4502 Virorum
567 4444 1004 4512 [ειιιίηει-ιηηηηο
1055 4456 1380 4506 conventus,
1441 4459 1671 4511 quam...
1726 4444 1845 4496 alia;
1881 4460 1926 4516 υ
1953 4435 2169 4504 obtigit,
2209 4452 2315 4504 qua
2351 4452 2380 4490 e
2413 4437 2577 4490 rebus
2614 4437 2870 4489 humanis
2917 4438 3174 4490 excessit.
3212 4435 3343 4488 Nam
3392 4450 3516 4489 cum

272 4540 690 4601 benedictionis,
715 4539 832 4592 aliae
853 4539 971 4608 ejus
992 4538 1294 4591 salutanda:
1319 4547 1371 4591 et
1399 4538 1650 4607 precibus
1677 4539 1847 4604 ipsius

273 4651 396 4690 sese
425 4630 849 4687 commendandi
879 4629 1052 4697 gratia
1088 4624 1457 4694 ventilabam,
1489 4631 1612 4695 quis
1641 4629 1773 4694 haec,
1796 4639 1849 4682 et

273 4730 531 4780 virtutem
566 4725 710 4777 illius
735 4722 897 4790 digne
928 4722 1100 4790 possit
1129 4722 1435 4774 enarrare?
1469 4719 1583 4774 Una
1611 4722 1845 4789 qttndnttl

266 4835 327 4872 re
361 4817 668 4872 enarranda
695 4832 911 4870 omnem
942 4815 1296 4869 ostendemus
1323 4815 1624 4868 veritatem.
1652 4812 1846 4882 Magno

268 4913 366 4965 illo
410 4911 501 4964 die
533 4909 780 4970 Sahhati,
803 4922 911 4974 quo
941 4923 1060 4976 qua:
1097 4906 1315 4959 narravi
1352 4906 1480 4958 milii
1512 4907 1846 4966 acciderunt,

270 5017 418 5060 cuni,
489 4998 640 5051 [inita
693 4998 937 5064 liturgia,
974 4995 1319 5048 consedissiet
1366 4993 1417 5044 in
1462 4992 1692 5043 coelo-sia
1726 5007 1846 5042 cum

276 5089 499 5157 reliquis
538 5087 824 5141 monachis
870 5085 987 5139 Suis
1011 5092 1466 5150 exspectaretque
1501 5083 1654 5148 panis
1686 5081 1850 5133 bone-

273 5183 401 5235 dirti
457 5182 928 5239 communionem,
966 5177 1160 5230 deinde
1189 5178 1252 5229 ad
1293 5179 1425 5228 Arta
1479 5177 1847 5242 apostolorum

275 5273 497 5342 legenda
521 5287 578 5325 se
600 5270 983 5328 convertisset.
1010 5269 1192 5320 subito
1221 5285 1234 5321 :
1271 5284 1289 5317 t
1321 5265 1620 5327 Monaclne,
1651 5265 1849 5333 inquit,

277 5359 735 5431 expergiscimini.
767 5379 784 5411 ι
847 5358 938 5413 llze
971 5374 1094 5413 cum
1146 5369 1434 5426 rogassent
1471 5375 1483 5408 :
1539 5376 1555 5406 I
1584 5356 1699 5421 Qua
1755 5357 1850 5408 tihi

280 5470 334 5506 re
364 5469 505 5520 Opus
533 5460 638 5512 est,
679 5462 870 5504 sancta
921 5450 1186 5504 domina?
1223 5467 1242 5500 ι
1288 5451 1466 5519 pergit
1505 5448 1596 5502 illa
1638 5465 1650 5502 :
1684 5447 1851 5502 Geor-

272 5546 393 5608 gius
420 5543 677 5597 dominus
726 5544 776 5596 in
821 5544 1253 5597 sollicitationein
1293 5541 1521 5605 incidit;
1569 5555 1854 5622 precemur

279 5638 346 5692 ob
375 5651 501 5694 eum
536 5635 764 5690 Matrem
800 5635 912 5690 Dei.
951 5655 970 5686 ι
1011 5635 1106 5690 His
1136 5635 1357 5696 auditis,
1389 5634 1754 5702 lacrymantcs
1783 5632 1849 5684 ad

277 5741 391 5783 eam
439 5741 830 5785 acccurrerunt
885 5747 1004 5785 cum
1077 5730 1320 5798 reliquae,
1381 5738 1493 5781 tum
1558 5727 1607 5778 in
1660 5741 1692 5794 p
1729 5725 1852 5778 itnis

1957 4529 2146 4580 leviter
2171 4530 2380 4596 aliquot
2419 4529 2539 4584 dies
2577 4538 2897 4597 :egrotasset
2935 4537 2989 4582 et
3041 4529 3332 4584 monachus
3371 4543 3525 4584 coin-

1956 4621 2196 4673 muniter
2228 4628 2291 4674 ad
2317 4621 2568 4674 virtutem
2591 4629 2734 4674 esset
2753 4622 3313 4682 cohortata,sororem
3335 4622 3528 4676 matris

1956 4729 2110 4776 meae,
2157 4728 2277 4781 quae
2312 4714 2362 4765 in
2406 4711 2524 4780 ejus
2568 4713 2886 4780 integritate
2919 4711 3180 4765 imitanda
3215 4721 3270 4765 et
3313 4711 3530 4780 subiec-

1957 4807 2101 4858 tione
2132 4805 2302 4872 prima
2329 4815 2466 4866 erat,
2491 4816 2543 4856 ut
2561 4805 2740 4857 omnia
2768 4804 2818 4856 in
2845 4803 2976 4856 cella
3005 4803 3150 4857 illius
3175 4805 3526 4871 procurabat,

1958 4893 2008 4945 in
2045 4894 2219 4946 locum
2253 4908 2412 4945 suum
2450 4892 2690 4961 delegit;
2721 4893 2919 4945 deinde
2951 4903 3209 4960 tanquam
3241 4892 3424 4946 divino
3450 4890 3532 4945 af-

1955 4984 2082 5036 llatu
2111 4985 2382 5037 concitata
2431 4983 2676 5044 sedebat,
2708 4983 2908 5036 clausis
2957 4984 3132 5037 oculis
3161 4993 3216 5037 et
3263 4985 3424 5037 labiis
3458 4983 3525 5038 ad

1957 5074 2050 5127 Dei
2090 5075 2277 5125 laudes
2331 5082 2384 5126 et
2429 5072 2729 5142 gratiarum
2783 5073 3030 5126 actiones
3065 5087 3288 5140 semper
3343 5072 3527 5124 motis.

1958 5166 2222 5221 Servabat
2254 5167 2396 5218 enim
2427 5170 2652 5218 omnino
2677 5174 2867 5218 sancta
2904 5163 3040 5224 Itrec,
3065 5163 3207 5231 quod
3252 5169 3405 5230 pater
3436 5176 3530 5213 au-

1957 5273 2050 5313 rea
2105 5260 2267 5312 verba
2316 5256 2552 5338 fundens
2583 5257 2717 5310 dicit
2763 5272 2777 5309 :
2815 5254 2893 5310 Ne
2932 5255 3346 5310 contentionem
3380 5255 3528 5307 vocis

1955 5363 2010 5407 et
2034 5350 2431 5405 vehementiam
2467 5349 2684 5403 noveris
2708 5348 2821 5417 (res
2863 5347 3008 5401 enim
3036 5347 3241 5400 sanctis
3273 5346 3529 5399 indecora

1955 5446 2164 5501 clamor
2191 5445 2324 5512 est),
2373 5443 2468 5497 sed
2505 5441 2861 5494 attentionem
2913 5440 3110 5492 mentis
3143 5436 3211 5492 'et
3260 5437 3530 5491 fervorem

1959 5537 2126 5592 animi
2158 5545 2211 5591 et
2245 5535 2497 5590 ardorem
2535 5531 2886 5602 precationis,
2922 5531 3120 5601 quibus
3149 5531 3230 5594 ﬁt,
3272 5540 3330 5584 ut
3361 5531 3527 5584 etiam

1959 5640 2200 5686 tacentes
2230 5629 2370 5682 Deus
2392 5628 2594 5680 audiat.
2633 5645 2650 5679 ι
2681 5624 2879 5680 Sancta
2909 5626 3075 5694 igitur
3101 5640 3203 5679 nec
3230 5624 3408 5679 cibum
3437 5639 3537 5679 nec

1962 5735 2149 5795 potum
2209 5721 2498 5788 sumebat,
2553 5735 2654 5775 nec
2710 5718 3036 5789 loquebatur
3081 5717 3378 5789 quidquam
3427 5716 3543 5774 nisi
