3916 6196
458 301 570 366 ’ίῑιθ

1662 302 1989 363 GEORGII
2032 306 2459 366 PHRAN'I'ZE
3554 309 3644 374 ’ίθθ

458 415 538 484 τῷ
563 411 728 466 αὐτοῦ
780 409 1105 479 πτολιέθρῳ.
1146 407 1512 480 Προσταχθεὶς
1575 409 1736 481 149
1785 411 1880 464 οὖν
1928 412 2037 480 ἐγὼ
2067 413 2432 473 Αλάϐωσιτδ
2496 413 2836 484 πτολίεθρον,
2893 414 3030 484 ὅπερ
3076 416 3168 470 καὶ
3217 416 3457 487 πρότερον
3502 414 3647 488 εἶχον.

456 502 770 558 συνώδευσα
801 499 951 571 αὐτῷ
999 499 1138 570 μετὰ
1201 501 1570 570 στρατιωτῶν.
1603 503 1714 554 Καὶ
1757 504 1886 572 περὶ
1936 505 2038 570 τὴν

453 597 574 650 ὁδὸν
604 596 846 664 εὑρεθεὶς
889 595 1086 648 Ῥαοὺλ
1123 597 1152 648 6
1193 593 1416 663 Θωμᾶς,
1471 596 1568 650 καὶ
1613 597 1847 665 νομίσας
1881 595 2040 650 εὐκο-

455 689 545 740 λον
572 685 713 740 εἶναι
770 689 857 738 ἵνα
882 689 990 756 ἄρῃ
1024 687 1189 740 αὐτὸν
1224 689 1320 740 ἀπ’
1353 677 1511 756 ἐμοῦ,
1544 689 1640 742 καὶ
1673 691 1753 749 είς
1792 691 2038 742 κίνδυνον

455 777 585 848 ἦλθε
624 779 715 830 τοῦ
751 782 944 846 φυέναι
975 780 1080 831 ἀνὰ
1125 779 1232 832 τῶν
1272 780 1520 848 ἀδελφῶν
1565 797 1617 834 τι
1655 781 1898 852 μάχιμον
1943 782 2039 832 καὶ

453 868 730 938 λυπηρόν·
772 869 922 937 ὅμως
959 863 1052 920 οῦν
1084 867 1220 920 Θεοῦ
1275 867 1626 930 εὐδοκοῦντος
1671 871 1882 921 ἐκεῖνον
1937 868 2038 937 μὲν

457 960 596 1010 σῶον
633 961 1056 1024 ἀπεκατέστησα
1105 958 1314 1021 οἴκαδε,
1378 954 1534 1024 κάγὼ
1586 959 1922 1026 ἐπιστρέψας
1945 957 2037 1010 εῦ-

411 1061 418 1066 ·
457 1067 551 1116 ρον
582 1051 673 1101 τὸν
700 1050 970 1118 αὐθέντην
1027 1067 1127 1118 μου
1161 1051 1219 1102 ἐν
1266 1048 1342 1117 τῷ
1398 1047 1492 1101 τοῦ
1551 1048 1709 1116 ἁγίου
1783 1048 2036 1117 Ἀνδρέου

453 1143 549 1193 τοῦ
579 1141 971 1210 πρωτοκλήτου
1007 1140 1120 1208 ναῷ
1151 1143 1244 1193 καὶ
1262 1141 1420 1208 τάφῳ
1466 1140 1823 1194 ἀποσωθέντα
1875 1143 1941 1209 τῇ
1992 1139 2036 1192 δ’

475 1233 697 1285 Ἰουνίου
755 1235 1021 1303 ἑσπέρας.
1056 1234 1133 1304 Τῇ
1177 1230 1218 1284 ε’
1273 1232 1420 1302 πρωϊ
1469 1233 1564 1284 τοῦ
1621 1233 1809 1296 αὐτοῦ,
1851 1232 2040 1302 ἡμέρᾳ

457 1321 652 1391 πρώτῃ
689 1322 790 1390 τῆς
862 1323 1177 1391 ἐὸδυμάδος,
1232 1322 1544 1388 ἐξελθόντες
1599 1321 1802 1384 πάντες
1837 1323 1885 1374 οε
1945 1321 2038 1374 τοῦ

455 1413 698 1481 κάστρου
727 1412 973 1481 ἐγκριτοι
1021 1413 1159 1482 μετὰ
1197 1413 1400 1476 παντὸς
1450 1413 1544 1466 τοῦ
1598 1413 1751 1479 λαοῦ,
1803 1413 1896 1465 καὶ
1951 1413 2039 1464 ἐλ-

429 1504 639 1568 ¹θὺντες
701 1505 868 1574 μέχρι
927 1505 1024 1557 καὶ
1067 1503 1162 1557 τοῦ
1221 1507 1484 1575 ῥηθέντος
1534 1504 1663 1559 ναοῦ
1732 1504 1825 1557 τοῦ
1880 1504 2038 1570 ἁγίου

467 1595 743 1664 Ἀνδρέου,
776 1597 868 1648 τὸν
897 1596 1164 1664 δεσπότην
1227 1597 1318 1649 καὶ
1363 1595 1635 1666 αὐθέντην
1682 1611 1784 1662 μου
1842 1610 2041 1662 προσε-

454 1687 699 1754 κύνησαν
745 1685 836 1737 καὶ
891 1686 991 1747 τὰς
1048 1685 1198 1747 κλεῖς
1251 1685 1341 1736 τοῦ
1410 1685 1650 1755 κάστρου
1715 1684 2038 1751 παρέδωκαν

455 1779 624 1846 αὐτῷ.
652 1779 764 1830 Καὶ
810 1778 983 1840 οὕτως
1014 1779 1344 1846 κινήσαντες
1382 1777 1526 1846 μετά
1564 1777 1832 1845 πλείστης
1861 1777 2038 1845 χαρᾶς

458 1869 751 1939 ἀμφότερα
780 1869 851 1922 τὰ
874 1869 1041 1939 μέρη,
1063 1870 1208 1937 λέγω
1232 1869 1328 1922 τοῦ
1352 1869 1610 1922 αὐθέντου
1647 1886 1751 1938 μου
1805 1869 1899 1921 καὶ
1943 1867 2038 1921 τοῦ

461 1961 816 2030 πτολιέθρου,
851 1962 998 2023 τινὲς
1052 1961 1286 2028 ἔφιπποι
1305 1961 1398 2014 καί
1427 1978 1570 2024 τινες
1605 1961 1783 2025 πεζοὶ,
1807 1961 2038 2024 ἕκαστος

465 2054 602 2106 κοιτὰ
632 2054 730 2121 τὴν
777 2051 976 2106 ἑαυτοῦ
1031 2053 1397 2124 πηλικότητά,
1453 2055 1547 2108 καὶ
1573 2054 1908 2117 εἰσελθόντες
1958 2053 2038 2117 είς

457 2146 517 2196 τὸ
549 2146 784 2214 κάστρον
818 2146 982 2215 μέχρι
1019 2147 1111 2198 καὶ
1156 2147 1268 2199 τῶν
1313 2147 1454 2200 κατά
1480 2148 1570 2201 τὸν
1601 2146 1730 2200 ναδν
1750 2148 1846 2202 τοῦ
1880 2148 2036 2216 ἁγίου

461 2236 732 2289 Νικολάου
762 2236 1054 2304 δωματίων
1081 2238 1528 2308 ἀπήλθομεν,τῆς
1561 2239 1661 2308 μὲν
1693 2237 1814 2291 6606
1857 2239 2039 2307 πάσης

463 2332 923 2400 κατεστρωμέιης
969 2330 1136 2400 οὔσης
1178 2311 1396 2385 πάντων
1451 2332 1680 2395 ἀνθέων,
1729 2329 1823 2382 καὶ
1877 2330 2036 2381 εὐκο-

462 2423 628 2490 σμίας
646 2425 707 2474 ἐκ
723 2422 915 2488 δεξιῶν
939 2439 998 2474 τε
1025 2424 1119 2476 καὶ
1136 2423 1194 2489 ἐξ
1212 2421 1530 2492 εὐωνύμων,
1549 2423 1613 2475 ἐκ
1636 2421 1817 2490 δόμων
1843 2421 2040 2473 πάντο-

456 2513 550 2565 θεν
569 2514 910 2582 ραινομένων
931 2516 1404 2584 ροδοσταμμάτων
1436 2516 1530 2568 καὶ
1551 2515 1724 2583 ῥόδων
1763 2515 1860 2566 καὶ
1877 2529 2037 2582 τρια·

458 2604 866 2672 κονταφύλλων.
907 2602 1056 2658 "A716
1106 2606 1150 2657 δ’
1193 2606 1402 2659 ἀνωθεν
1461 2604 1556 2658 τοῦ
1608 2605 1870 2674 φρουρίου
1918 2604 2037 2674 ἦτοι

456 2696 552 2748 τοῦ
583 2697 794 2766 πύργου
830 2697 922 2750 διὰ
945 2699 1158 2750 σκευῶν
1184 2700 1282 2751 καὶ
1309 2698 1604 2766 τζαγγρῶν
1652 2696 1810 2766 150
1849 2697 2038 2759 κακῶς

456 2785 760 2850 ἐδεξιοῦντο
783 2789 952 2856 ἡμᾶς,
988 2789 1103 2841 ἀλλ’
1155 2790 1310 2842 οὐδὲν
1342 2789 1586 2859 ἔϐλαψαν
1620 2805 1634 2821 ·
1665 2793 1715 2842 οἱ
1773 2791 1884 2860 γάρ
1939 2791 2035 2842 τοῦ

463 2879 868 2947 μητροπολίτου
887 2883 1264 2951 κρατήσαντες
1286 2881 1345 2935 16
1371 2883 1656 2953 φρούριον,
1699 2882 1780 2935 ἐτι
1840 2883 1898 2936 δὲ
1943 2883 2037 2936 καὶ

456 2973 528 3022 τὰ
549 2972 847 3026 αὐθεντικά
894 2974 1133 3028 παλάτια
1162 2975 1230 3029 τά
1274 2975 1502 3045 πλησίον
1547 2975 1714 3028 αὐτοῦ
1757 2977 2035 3046 οἰκήματα

2155 508 2342 576 Ἥμῶν
2370 507 2426 560 δὲ
2458 508 2551 560 ἐπὶ
2579 507 2678 577 τὴν
2715 506 2908 576 αὔριον
2948 509 3310 578 συναχθέντων
3362 511 3415 562 ἐν
3453 511 3524 578 τῷ
3571 513 3650 565 τοῦ

2142 597 2296 663 ἁγίου
2331 596 2602 650 Νικολάου
2627 597 2759 665 ναῷ,
2816 598 2914 651 καὶ
2955 598 3154 660 παντὸς
3185 598 3275 651 τοῦ
3307 599 3408 652 τῶν
3449 601 3654 654 πολιτῶν

2139 687 2334 755 δήμου,
2364 686 2588 755 ὤμοσαν
2618 688 2756 755 μετὰ
2810 689 2989 756 ὅρκων
3040 689 3106 742 ἶν’
3135 683 3234 743 ὦσι
3281 693 3450 744 πιστοὶ
3501 693 3658 747 δοῦλοι

2140 781 2233 830 καὶ
2269 779 2625 830 ὐποτακτικοὶ
2659 778 2754 830 τοῦ
2791 779 3051 832 αὐθέντου
3082 781 3232 848 ἡμῶν
3269 781 3354 833 τοῦ
3387 782 3620 835 δεσπότου
3643 801 3656 816 ο

2141 860 2264 919 εἶτα
2329 865 2603 936 ἐζήτησαν
2655 867 2800 934 κάμὲ
2864 867 2960 920 τοῦ
3017 868 3222 937 κρίνειν
3275 870 3328 921 ἐν
3375 871 3539 930 αὐτοῖς
3581 872 3662 922 καὶ

2143 957 2364 1011 ίθύνειν.
2427 957 2484 1010 ’0
2537 957 2595 1010 δέ
2646 959 2912 1026 αὐθέντης
2958 976 3060 1026 μου
3109 961 3426 1026 ἁπεκρίνατο
3481 959 3656 1027 λέγων·

2148 1065 2166 1099 ι
2203 1048 2313 1100 Καὶ
2346 1048 2550 1117 μᾶλλον
2579 1048 2739 1102 τοῦτο
2773 1049 2923 1117 αὐτῷ
2952 1051 3263 1116 ὀφείλομεν,
3293 1053 3382 1104 καὶ
3410 1052 3554 1120 χάριν
3582 1053 3660 1118 τῆς

2141 1139 2297 1206 ὑμῶν
2329 1141 2601 1209 αἰτήσεως
2651 1140 2840 1193 ἔσεται
2872 1141 3037 1204 αὐτὸς
3069 1143 3146 1204 εἰς
3199 1141 3430 1209 κεφαλὴν
3486 1141 3614 1208 ὑμῖν.
3642 1157 3658 1190 ι

2140 1235 2222 1306 Τῇ
2242 1234 2297 1286 δὲ
2329 1235 2490 1304 ὀγδόῃ
2517 1236 2614 1287 τοῦ
2643 1233 2812 1286 αὐτοῦ
2871 1235 3092 1288 Ἰουνίου
3131 1237 3293 1305 μηνὸς
3353 1233 3663 1302 διερχομένου

2145 1343 2246 1396 μου
2279 1329 2357 1389 είς
2384 1326 2739 1390 Ναύπακτον,
2774 1327 2862 1380 ἵνα
2906 1327 3044 1397 πρὸς
3074 1325 3165 1378 τὸν
3215 1325 3431 1394 βασιλέα
3482 1325 3666 1392 πρῶτον

2141 1419 2364 1474 ἀπέλθω
2407 1420 2675 1472 ἀκουστὸν
2729 1419 2954 1487 ποιῆσαι
2999 1418 3150 1487 αὐτῷ
3195 1419 3262 1470 τὰ
3300 1420 3358 1470 ἐν
3400 1420 3460 1487 τῇ
3510 1418 3667 1487 Πάτρεμ

2142 1511 2727 1582 παρακολουθήσαντα,
2756 1507 2856 1564 εἴτ’
2907 1511 3006 1563 ἀπ’
3048 1511 3227 1562 ἐκεῖσε
3284 1510 3398 1578 μετ’
3445 1509 3668 1578 ἄρχοντος

2141 1600 2306 1654 αὐτοῦ
2339 1601 2475 1670 πρὸς
2505 1601 2599 1652 τὸν
2663 1602 2911 1671 ἀμηρᾶν,
2957 1600 3100 1653 κατὰ
3145 1601 3244 1670 τὴν
3299 1600 3550 1667 τετάρτην
3591 1600 3666 1651 τοῦ

2142 1693 2310 1746 αὐτοῦ
2353 1691 2521 1764 μηνὸς
2553 1691 2860 1760 φθάσαντες
2890 1691 3192 1760 ἐπείναμεν
3249 1691 3306 1742 ἐν
3331 1689 3404 1759 τῷ
3429 1690 3512 1741 τοῦ
3539 1690 3668 1757 ἁγίου

2155 1785 2409 1854 Ἀνδρέου
2441 1783 2574 1854 ναῷ.
2623 1784 2756 1836 Ἰδοὺ
2796 1784 2893 1836 καὶ
2949 1784 3042 1836 δύο
3089 1781 3322 1851 Τοῦρκοι
3374 1781 3668 1850 διερχόμενοι

2141 1880 2242 1947 τὴν
2273 1877 2626 1943 Ναύπακτον,
2658 1878 2687 1930 6
2723 1878 2821 1946 μὲν
2852 1877 2946 1930 τοῦ
2975 1877 3192 1947 ἀμηρά,
3233 1878 3261 1928 6
3292 1875 3345 1928 δέ
3378 1873 3465 1927 τοῦ
3492 1875 3668 1943 T0090-

2141 1972 2301 2040 χάνη,
2327 1971 2835 2040 προσαγγέλλοντες
2866 1972 2923 2023 ἐν
2959 1973 3346 2041 προστάγματι
3381 1970 3461 2022 ἵνα
3493 1970 3558 2037 μὴ
3588 1971 3667 2036 τὴν

2142 2065 2362 2129 Πάτραν
2385 2062 2812 2134 παραλάϐωμεν.
2843 2064 3056 2126 Οἴτινες
3100 2063 3157 2115 δὲ
3185 2062 3342 2116 πάλιν
3369 2060 3670 2129 ὑπέστρεψαν

2144 2153 2265 2223 μετ’
2292 2154 2428 2223 ἐμοῦ
2459 2154 2761 2220 ἀπολογίαν
2788 2155 3047 2217 λαϐόντες
3101 2154 3333 2220 τοιάνδε,
3375 2155 3450 2206 ὃτι
3499 2152 3602 2204 ἐπεὶ
3647 2149 3670 2201 6

2141 2244 2333 2313 παρὼν
2368 2245 2526 2313 ἡμῶν
2553 2244 2738 2314 ἄρχων
2788 2245 3102 2314 ἀπέρχεται
3153 2243 3292 2314 πρὸς
3342 2241 3429 2294 τὸν
3481 2238 3672 2307 ἀδελφόν

2143 2354 2247 2404 μου
2279 2337 2370 2389 τὸν
2399 2337 2572 2406 μέγαν
2599 2338 2821 2406 ἁμηρᾶν
2845 2337 3136 2408 (δεικνύων
3168 2336 3267 2404 ἐμὲ
3312 2335 3410 2404 ἔφη
3442 2335 3603 2394 αὐτοῖς
3649 2332 3672 2383 6

2145 2429 2296 2499 l5]
2331 2429 2598 2497 δεσπότης
2628 2430 2657 2481 6
2711 2429 2985 2493 αὐθέντης
3047 2426 3205 2497 μου),
3257 2428 3353 2481 καὶ
3394 2426 3464 2487 ὡς
3501 2426 3671 2485 ἐκεῖνος

2140 2522 2462 2590 προστάξει,
2496 2520 2672 2584 οὕτως
2705 2523 2800 2574 καὶ
2829 2523 3162 2589 ποιήσομεν.
3223 2518 3671 2586 Ἀναχωρησάντων

2139 2610 2232 2668 οἷν
2263 2614 2420 2683 ἡμῶν
2451 2617 2509 2666 ἐν
2555 2615 2876 2683 Ναυπάκτῳ
2919 2615 3246 2683 ἐμείναμεν.
3304 2610 3448 2683 "ptui
3490 2609 3671 2668 σκοτίας

2138 2706 2219 2758 ἐτι
2249 2705 2414 2770 οὔσης
2453 2705 2562 2758 ἰδοὺ
2597 2708 2778 2758 ἐκεῖσε
2811 2705 2905 2757 καὶ
2954 2707 2983 2757 6
3035 2705 3290 2757 παλαιῶν
3342 2704 3551 2771 Πατρῶν
3586 2715 3672 2767 μη·

2139 2800 2474 2869 τροπολίτης
2502 2798 2745 2867 τοῦνομα
2777 2797 3126 2866 Πανδοῦλφος
3184 2795 3528 2854 Μαλατέστας
3561 2789 3673 2860 μετά

2138 2893 2408 2963 τριήρεως
2462 2892 2848 2960 Καταλανικῆρς
2905 2889 3158 2960 ἔφθασε’
3217 2889 3549 2958 διερχόμενος
3582 2882 3670 2951 γὰρ

2141 2984 2355 3053 περὶτὰ
2388 2982 2653 3052 νησύδρια
2689 2982 2756 3035 τὰ
2816 2982 2978 3047 μέσον
3037 2984 3144 3047 τῆς
3200 2979 3344 3042 6606,
3388 2977 3458 3039 ὡς
3505 2971 3674 3043 ἔμαθεν

457 3070 888 3136 σιταρχήσαντες
922 3069 1014 3119 καὶ
1035 3065 1444 3138 ἀφιερώσαντες
1473 3071 1758 3139 κατέσχον,
1783 3069 2027 3132 ἐλπίζον·
2060 3088 2103 3144 C
2137 3076 2217 3128 ὅτι
2253 3075 2404 3144 ὲςόθη
2464 3075 2522 3127 τὸ
2579 3075 2900 3144 πτολίεθρον
2949 3073 3027 3143 τῷ
3080 3074 3344 3142 δεσπότῃ,
3400 3069 3484 3123 τὸν
3532 3063 3672 3118 πλοῦν

454 3173 547 3222 τες
572 3159 654 3212 ὅτι
684 3159 930 3221 ἐλθόντος
963 3160 1056 3211 τοῦ
1093 3162 1492 3232 μητροπολίτου
1519 3161 1607 3215 διὸ.
1641 3164 1833 3215 τούτου
1871 3161 2035 3216 πάλιν

454 3347 515 3390 ιιι
537 3345 652 3392 tute
687 3337 876 3392 urbem
917 3339 1166 3393 intraret.
1198 3339 1383 3410 Itaque
1414 3340 1603 3410 jussus
1637 3355 1737 3410 ego
1762 3355 1868 3394 una
1914 3355 2036 3410 per-

457 3434 574 3482 rexi
597 3445 720 3484 cum
747 3445 912 3484 manu
940 3430 1199 3484 militum.
1224 3431 1282 3484 In
1304 3434 1499 3486 itincre
1527 3435 1580 3486 in
1610 3433 1875 3487 Thomam
1893 3433 2039 3485 llau-

454 3520 565 3574 lum
585 3522 906 3578 incidimus:
934 3526 1025 3593 qui
1053 3539 1174 3577 cum
1195 3524 1353 3578 facile
1379 3541 1436 3579 se
1463 3540 1620 3594 posse
1643 3523 2032 3579 Johanuicium

455 3631 485 3667 a
521 3632 606 3668 me
639 3617 948 3670 distrahere
997 3618 1384 3680 arbitraretur,
1437 3617 1744 3682 periculum
1789 3626 1929 3677 erat,
1967 3630 2035 3669 ne

453 3709 598 3762 inter
635 3707 832 3763 fratres
868 3725 1059 3780 pugna:
1084 3719 1140 3764 et
1186 3712 1327 3764 mala
1357 3712 1749 3766 excitarentur.
1805 3711 1910 3766 Sed
1954 3713 2033 3765 fa-

453 3810 612 3853 vente
634 3797 769 3862 Deo,
793 3801 945 3856 illum
963 3803 1173 3855 saltum
1201 3804 1424 3856 domum
1461 3805 1700 3870 restitui,
1729 3814 1892 3874 atque
1921 3806 2035 3872 ipse

453 3906 729 3964 reversus,
762 3895 812 3946 iu
843 3897 1044 3965 tempio
1067 3903 1118 3947 et
1143 3897 1396 3966 sepulcro
1427 3897 1601 3950 sancti
1642 3897 1895 3957 Andreae,
1929 3897 2021 3965 qui

455 3985 754 4052 primusad
795 3989 1168 4056 apustolatum
1201 3997 1435 4044 vocatus
1461 3998 1566 4050 est,
1600 3989 2028 4044 Constantinum

453 4079 659 4141 inveni,
695 4089 895 4147 quarto
925 4081 1010 4133 die
1037 4079 1210 4142 Junii,
1248 4085 1312 4134 ad
1345 4097 1654 4150 vesperam.
1687 4082 1779 4135 llic
1809 4082 2028 4151 quinto,

453 4169 546 4236 qui
578 4179 699 4223 erat
760 4171 972 4253 primus
1010 4172 1396 4237 hebdomadis,
1432 4189 1593 4227 mane
1625 4189 1818 4228 omnes
1844 4173 2029 4242 oppidi

455 4261 729 4318 Drimorcs
766 4255 819 4317 et
851 4265 1002 4333 plebs
1049 4264 1309 4320 universa
1355 4266 1420 4318 ad
1479 4266 1766 4335 templum,
1815 4267 1883 4321 de
1922 4282 2032 4335 quo

451 4352 658 4406 dictum
689 4363 794 4416 est,
819 4357 1118 4422 progressi,
1141 4355 1424 4423 despotam
1451 4396 1466 4420 ,
1502 4355 1788 4409 dominum
1825 4371 2029 4418 meum,

2141 3171 2440 3238 ἐποιήσατο
2469 3168 2556 3222 διά
2578 3167 2674 3219 τοῦ
2702 3169 2881 3220 ἐκεῖσε
2944 3167 3158 3222 κόλπου
3211 3163 3360 3236 παρὰ
3405 3161 3496 3233 τὴν
3534 3158 3677 3212 M10)-

2140 3357 2450 3411 tenuerant,
2512 3347 2839 3417 reciperent.
2894 3345 3123 3410 Postera
3186 3349 3307 3404 luce
3358 3352 3465 3400 tota
3488 3342 3674 3406 civitas,

2140 3441 2424 3496 nobiscum
2457 3439 2510 3493 in
2539 3438 2656 3493 aede
2681 3439 2858 3493 sancti
2906 3437 3124 3492 Nicolai
3155 3446 3500 3507 congregata,
3523 3446 3680 3490 sacra-

2140 3533 2338 3587 mentis
2375 3531 2534 3585 iidem
2569 3540 2621 3584 et
2649 3532 3023 3584 obedientiam
3059 3531 3276 3585 addixit
3307 3531 3537 3598 despote
3558 3566 3572 3590 ,
3593 3525 3675 3580 do-

2139 3625 2288 3678 mino
2323 3635 2532 3677 nostro.
2564 3623 2770 3677 Deinde
2795 3639 2923 3677 cum
2963 3639 3050 3677 me
3079 3625 3406 3692 praticctum
3435 3632 3483 3677 et
3510 3621 3680 3691 guber-

2139 3725 2384 3769 natorem
2411 3715 2529 3768 sibi’
2551 3723 2900 3782 exoptarent,
2926 3715 3482 3783 responditdominus
3512 3723 3676 3764 meus:

2144 3806 2240 3858 «Et
2277 3805 2376 3872 ipsi
2413 3805 2710 3857 admodum
2752 3805 2852 3857 hoc
2893 3806 3088 3867 debeo,
3135 3815 3188 3859 et
3223 3805 3523 3873 petentibus
3549 3799 3677 3855 vobis

2137 3895 2440 3958 satisfacio,
2469 3905 2526 3949 ut
2565 3895 2718 3949 vobis
2771 3896 3014 3963 prmsit.»
3042 3895 3185 3950 Cum
3220 3906 3414 3951 octavo
3439 3896 3520 3950 die
3545 3893 3674 3964 ejus-

2135 3988 2261 4041 dem
2316 3987 2518 4041 mensis
2581 3985 2730 4040 Junii
2763 3985 3108 4054 Naupactum
3149 3989 3544 4048 discessissem,
3581 3982 3674 4050 pri-

2136 4095 2285 4132 tuum
2365 4077 2681 4146 imperatori
2738 4079 2985 4131 nuntium
3019 4077 3297 4132 allaturus
3342 4079 3408 4132 de
3437 4077 3589 4132 rebus
3618 4070 3677 4126 ad

2137 4167 2351 4220 Patram
2385 4167 2710 4228 transactis,
2763 4167 2964 4220 deinde
3020 4184 3148 4221 cum
3189 4184 3301 4222 uno
3328 4185 3358 4223 e
3395 4166 3676 4238 proceribus

2135 4263 2252 4324 ejus
2288 4257 2631 4328 profecturus
2663 4261 2729 4312 ad
2762 4275 3029 4323 ameram,
3057 4263 3147 4316 die
3177 4272 3378 4333 quarto
3406 4262 3519 4331 ejus
3547 4273 3675 4312 men-

2136 4357 2216 4409 sis
2258 4357 2309 4408 itt
2373 4355 2578 4421 templo
2637 4355 2813 4408 sancti
2853 4356 3086 4408 Andreze
3111 4360 3444 4411 commorati
3495 4366 3678 4415 sumus.

451 4447 823 4500 venerabundi
874 4449 1184 4500 salutarunt
1238 4448 1695 4517 tradideruntque
1752 4452 1802 4502 ei
1847 4449 2030 4515 oppidi
2069 4428 2108 4481 θ
2131 4447 2490 4501 ⁴ΑιΙινοιιιξιίιιιι
2521 4457 2636 4500 tum
2669 4446 3012 4515 Naupactum
3042 4445 3184 4502 forte
3214 4449 3327 4504 duo
3363 4448 3566 4508 Turcz.
3596 4457 3675 4496 Ve-

447 4538 652 4591 elavcs.
687 4538 977 4606 ltallzetitia
1012 4541 1247 4594 maxima
1276 4555 1403 4610 pars
1434 4549 1689 4608 utraque,
1723 4549 1777 4594 et
1808 4540 2020 4594 domini

453 4629 580 4689 inci,
610 4637 666 4683 et
691 4630 897 4696 oppidi,
932 4631 1023 4684 alii
1055 4641 1362 4699 equestres,
1401 4633 1494 4686 alii
1545 4632 1778 4700 pedites,
1810 4648 1905 4699 pro
1931 4630 2025 4686 sua

453 4722 689 4788 quisque
726 4723 1064 4788 conditione,
1091 4725 1438 4784 incedebant,
1477 4733 1643 4793 atque
1667 4732 1911 4777 castrum
1948 4724 2030 4777 iu~

449 4815 625 4882 gressi
680 4831 854 4883 usque
907 4817 973 4870 ad
1033 4816 1294 4872 aediculas
1321 4818 1478 4888 juxta
1520 4815 1778 4888 templum
1847 4819 2026 4872 sancti

461 4903 655 4958 \'icolai
694 4907 830 4961 sitas
895 4909 1289 4975 processimus,
1338 4919 1446 4963 tota
1474 4909 1556 4962 via
1587 4918 1866 4963 constrata
1903 4926 2028 4964 om-

463 4997 533 5050 tis
549 4997 765 5065 generis
789 4997 1014 5053 ﬂorlbus
1035 5009 1086 5052 et
1109 5001 1174 5053 ad
1206 5001 1453 5055 dextram
1475 5002 1777 5070 lrevamque
1807 5014 2025 5063 ornata,

454 5104 576 5144 cum
609 5105 640 5142 e
700 5091 954 5145 domibus
985 5091 1209 5159 insuper
1262 5093 1504 5160 undique
1539 5109 1680 5160 aqua
1722 5109 1941 5148 rosacea
1976 5103 2030 5148 et

452 5196 590 5236 .os:r
635 5191 691 5236 et
743 5183 1027 5260 odorifera
1073 5183 1202 5238 folia
1239 5195 1652 5255 spargerentur.
1705 5183 1778 5236 De
1807 5200 2029 5240 summo

457 5285 635 5329 autem
662 5276 890 5330 castello
919 5291 1034 5330 swe
1080 5292 1208 5331 arce
1245 5278 1370 5332 telis
1405 5277 1757 5346 arcubuSque
1789 5277 2026 5330 baleari-

459 5367 558 5419 bus
593 5368 732 5420 male
783 5383 882 5421 nos
921 5368 1290 5436 egeipiebant,
1352 5385 1452 5422 nec
1493 5369 1764 5423 laedebant
1819 5378 2022 5424 tamen.

451 5455 582 5508 Nam
615 5459 754 5525 quia
787 5462 1124 5524 uin-tropolita
1167 5463 1406 5524 stabant,
1457 5463 1745 5516 castellum
1786 5477 2026 5532 Occupa-

454 5565 595 5609 rant,
639 5571 686 5603 et
719 5567 978 5618 praetcrea
1005 5558 1202 5622 palatia
1245 5560 1512 5626 principis
1546 5559 1600 5611 iu
1643 5560 1788 5611 illitis
1822 5559 2021 5611 vicinia

448 5643 738 5706 ardiltcata,
768 5659 863 5712 spe
893 5645 1066 5710 ducti,
1106 5647 1225 5700 fore
1260 5661 1340 5712 ut,
1397 5665 1518 5702 cum
1551 5652 1789 5703 redisset
1812 5658 2023 5704 metro-

453 5729 648 5803 polita,
669 5732 830 5800 hujus
852 5735 1178 5789 auctoritate
1199 5738 1482 5808 oppidum,
1511 5739 1659 5808 quod
1682 5740 1852 5796 etiam
1873 5739 2026 5809 prius

2137 4545 2316 4592 tantes
2348 4554 2490 4591 unus
2539 4553 2761 4600 autem,
2798 4540 2939 4592 alter
2983 4537 3336 4596 Turachanis
3371 4540 3594 4598 nomine,
3621 4549 3675 4589 ne

2137 4630 2353 4683 Patram
2401 4630 2452 4682 in
2487 4629 2755 4682 ditionem
2795 4640 3041 4684 nostram
3078 4635 3476 4702 acciperemus.
3504 4631 3560 4685 Ili
3589 4643 3681 4681 tue-

2135 4738 2258 4776 cum
2291 4722 2520 4786 reversi,
2544 4722 2650 4774 tale
2673 4737 2701 4773 a
2730 4714 3454 4791 Constantinoresponsum
3480 4729 3673 4778 lerunt:

2141 4834 2157 4865 ι
2199 4815 2466 4880 Quoniam
2535 4829 2778 4883 prmsens
2833 4815 2920 4869 hic
2966 4817 3051 4870 vir
3085 4817 3151 4871 ad
3218 4817 3442 4872 fratrem
3498 4827 3674 4874 mettm,

2135 4910 2389 4977 magnum
2413 4922 2678 4972 ameram,
2714 4909 3088 4976 proﬁciscitur
3123 4910 3238 4980 (me
3271 4921 3452 4964 αιιιθη,
3483 4910 3560 4963 his
3577 4921 3676 4959 νοτ-

2137 5002 2221 5053 his
2245 4998 2638 5068 signiﬁcabat),
2684 5008 2742 5052 ut
2771 4999 2865 5054 ille
2893 5001 3238 5065 decreverit,
3275 5003 3348 5056 ita
3383 5001 3672 5056 faciemus»

2136 5091 2228 5145 Sic
2264 5091 2430 5158 igitur
2462 5093 2816 5155 recessimus,
2890 5095 3359 5162 constitimusque
3417 5088 3675 5159 Naupacti.

2135 5185 2442 5250 Antequam
2505 5197 2671 5250 porro
2735 5183 3032 5248 diluxerat,
3085 5199 3215 5239 ecce
3257 5187 3424 5238 etiam
3453 5193 3674 5236 veterum

2136 5275 2427 5330 Patrarum
2460 5275 2830 5342 metropolita,
2861 5275 3212 5344 Pandulphus
3238 5277 3534 5336 Malatesta,
3567 5272 3678 5324 illuc

2137 5369 2400 5424 advectus
2425 5382 2430 5387 ‘
2458 5379 2542 5422 est
2579 5371 2784 5422 triremi
2815 5370 3123 5423 Catelanica
3147 5409 3160 5422 .
3199 5371 3403 5424 Obiens
3437 5369 3571 5423 enim
3603 5365 3679 5418 in-

2137 5461 2309 5524 sulas,
2340 5473 2491 5515 trans
2523 5475 2662 5528 quas
2692 5461 2774 5513 via
2801 5462 3029 5526 h-rehat,
3062 5478 3182 5516 cum
3218 5463 3478 5532 oppidum
3503 5459 3679 5523 despo-

2138 5563 2204 5606 tzc
2236 5552 2494 5606 traditum
2523 5567 2645 5606 esse
2675 5552 2944 5614 audisset,
2965 5569 3186 5606 cursum
3218 5570 3314 5622 per
3333 5554 3509 5606 sinum
3539 5549 3675 5606 illum

2139 5647 2386 5715 proxime
2438 5654 2636 5698 terram
2672 5644 2959 5700 (melicam
2995 5647 3168 5726 ilexit.
3225 5642 3678 5716 Naupactnmuue,

2140 5739 2332 5794 urbem
2356 5735 2596 5803 Aitoliae,
2635 5746 2694 5792 ut
2728 5736 2932 5793 factum
2994 5741 3289 5810 explorate
3330 5732 3686 5808 cognosceret,
