3920 6188
256 304 355 371 761

1272 320 1718 385 CHRONIGON
1761 325 2035 387 MAJUS.
2074 351 2144 364 -
2178 330 2329 394 LIB.
2362 331 2447 394 ΙΙ.

3413 338 3520 405 762

250 426 408 529 )ttfiw
440 428 638 529 χέρσον
662 410 920 529 ipf-tata,
947 434 1044 487 καὶ
1071 435 1332 529 detectiqu
1360 441 1440 501 είς
1492 440 1829 497 Ναύπακτον
1858 451 1900 502 A
1937 446 2092 502 ἔνθεν
2123 452 2212 501 καί
2245 451 2274 502 6
2303 451 2490 520 ἕτερος
2539 452 2756 508 ἐκεῖθεν
2804 455 2986 528 πολλῷ
3030 457 3364 529 διαστήματι
3422 465 3523 527 τῆς

246 519 409 573 πόλιν
439 520 538 591 τῆς
569 519 864 588 Αἰτωλίας,
894 524 1044 588 ὅπως
1102 527 1287 591 καλῶς
1343 530 1493 604 μάθῃ
1558 531 1688 600 περὶ
1735 533 1832 586 τοῦ

246 612 556 680 γεγονότος.
599 610 829 684 Ἐδεήθη
855 616 950 670 οὖν
977 619 1436 689 ἑπιμείναικάμὲ
1498 624 1675 676 ἐκεῖσε
1740 625 1836 677 καὶ

248 703 346 756 ἐπὶ
369 703 468 774 τὴν
528 703 760 774 αὖριονο
824 708 1002 775 ἔγωγε
1061 711 1374 781 ὕπεσχέθην
1435 714 1594 766 τοῦτο
1643 716 1835 769 ἕνεκεν

247 794 342 848 δύο
376 797 567 849 αἰτιῶν
590 813 608 830 ⁶
641 798 741 864 τῆς
771 802 870 865 μὲν
902 802 990 854 ἵνα
1053 804 1281 873 μηνύσω
1315 805 1391 873 τῷ
1447 808 1681 878 αὐθέντῃ
1733 827 1835 875 μου

245 890 376 955 περὶ
396 889 491 939 τοῦ
523 891 833 955 γεγονότος,
859 894 886 944 ὃ
929 897 1017 946 καῖ
1086 896 1219 966 παρ’
1258 899 1391 961 ἐμοῦ
1455 898 1625 967 ἔμαθε
1682 902 1832 969 πρῶ-

245 995 361 1038 τον.
391 980 493 1046 τῆς
522 982 579 1034 δὲ
616 981 705 1034 ἴνα
749 983 911 1051 μάθω
938 985 1023 1047 τίς
1069 987 1099 1038 6
1154 988 1356 1049 σκοπὸς
1387 990 1553 1041 αὑτοῦ
1612 990 1676 1059 δὴ
1734 991 1831 1043 τοῦ

247 1074 678 1142 μητροπολίτου.
715 1076 816 1126 Διὰ
854 1077 1059 1138 ταύτας
1086 1072 1181 1129 οὖν
1206 1080 1305 1140 τὰς
1337 1079 1429 1131 δύο
1458 1082 1637 1141 αἰτίας
1694 1083 1833 1134 ἀπέ-

250 1178 416 1230 μεινα
478 1164 613 1233 παρ’
671 1166 844 1235 αὐτῷ.
904 1168 1087 1221 Μέσον
1146 1169 1203 1221 δὲ
1249 1171 1549 1239 γενομένου
1599 1177 1693 1226 καὶ
1737 1174 1832 1227 τοῦ

244 1254 523 1324 Βικὰρδου
582 1258 909 1326 Μπρκέλλου
978 1262 1251 1328 ἡγεμόνος
1302 1263 1665 1329 Ναυπάκτου,
1737 1269 1832 1319 καὶ

245 1350 463 1417 ιτδομεν
521 1349 809 1420 ἀλλήλους,
858 1352 916 1405 ὃν
962 1356 1116 1420 κάγὼ
1163 1354 1367 1424 βλέψας
1415 1357 1703 1425 ἐθαύμασα
1750 1360 1832 1412 ὅτι

247 1443 425 1498 ἔοικεν
451 1447 535 1506 είς
559 1446 737 1498 πάντα
763 1446 842 1515 τῷ
870 1447 967 1498 τοῦ
995 1448 1158 1518 Σίδης
1203 1450 1605 1525 μητροπολίτῃ.
1660 1453 1837 1505 Συνα-

245 1536 576 1605 νακείμενος
597 1534 691 1591 οὖν
724 1538 836 1606 ἐγὼ
882 1540 1032 1606 αὐτῷ
1099 1545 1193 1596 καὶ
1250 1544 1579 1613 συνομιλῶν,
1637 1546 1694 1598 ιν
1753 1545 1834 1615 τῷ

245 1628 597 1696 διαλέγεσθαι
621 1631 707 1683 ἀεὶ
771 1632 1195 1701 μηχανούμενος
1257 1631 1326 1706 ἦν
1373 1638 1521 1700 ὅπως
1580 1637 1832 1711 γνωρίσῃ

1944 540 2069 594 όδοῦ
2092 542 2189 595 καὶ
2237 541 2552 607 ἀνοίξαντες
2587 546 2686 615 οὐχ
2746 541 2905 617 εὗρον
2940 549 3113 604 οὐδέν.
3146 550 3334 614 Οὕτως
3387 554 3526 608 ἐπά-

1940 631 2110 702 θομεν
2141 635 2369 704 χήμεῖς.
2404 638 2608 691 Λοιπὸν
2639 642 2667 693 6
2703 644 3112 715 μητροπολίτης
3153 646 3353 700 δέδωκε
3410 650 3525 712 τοῖς

1937 729 2377 795 ἀπεσταλμένοις
2408 730 2676 800 Τούρκοις
2708 739 2857 805 παρὰ
2901 737 2997 790 τοῦ
3043 740 3237 806 ἀμηρᾶ
3284 743 3377 794 καὶ
3426 741 3521 795 τοῦ

1939 822 2261 889 Τουραχάνη
2299 826 2408 884 τοῖς
2477 826 2593 890 μετ’
2648 826 2779 893 ἐμοῦ
2839 826 2957 880 οὖσι
3014 831 3321 896 γράμματα
3385 833 3524 902 πρὸς

1937 914 2062 973 τοὺς
2100 914 2311 966 ἑαυτῶν
2345 916 2611 978 αὐθέντας
2658 919 2784 981 τοὺς
2820 923 3253 985 ἀποστείλαντας
3300 925 3523 988 αὑτοὺςς

1939 1006 2112 1074 κάμοὶ
2139 1006 2194 1057 δὲ
2238 1007 2402 1068 πολὺς
2434 1010 2631 1077 συνέϐη
2655 1012 2944 1079 λογισμὸς,
2983 1016 3056 1082 μή
3098 1033 3224 1066 ποτε
3281 1017 3525 1087 ὑπόσχη-

1938 1114 2030 1150 ται
2072 1096 2256 1150 δοῦναι
2307 1102 2475 1152 ἄστεά
2519 1119 2642 1156 τινα
2696 1104 2795 1169 τῆς
2851 1106 3093 1171 Πάτρας,
3162 1109 3321 1171 εἴπερ
3376 1111 3523 1180 αὐτῷ

1942 1189 2188 1261 βοηθήσῃ
2215 1192 2558 1258 παραλαϐεῖν
2595 1195 2841 1266 αὑτὴν,ἧ
2878 1198 3080 1263 πλῆθός
3110 1218 3162 1252 τι
3196 1204 3522 1269 γρημὰτων.
3606 1238 3609 1241 -

1939 1283 2049 1335 Καὶ
2087 1283 2161 1352 μὴ
2190 1284 2498 1351 παυόμενος
2535 1287 2608 1355 τῷ
2630 1288 2880 1356 λογισμῷ
2916 1290 3022 1351 ἕως
3053 1285 3114 1344 οὗ
3165 1293 3322 1359 μάθω
3361 1294 3420 1346 τὸ
3470 1296 3524 1348 τί

1944 1376 2229 1443 περιεῖχον
2261 1376 2326 1427 τὰ
2363 1378 2698 1444 γράμματα,
2748 1379 2840 1430 καὶ
2897 1380 3069 1434 πολλά
3122 1383 3394 1444 κοπιάσας
3428 1385 3525 1437 καὶ⁵

1938 1465 2239 1519 συνεσθίων
2268 1468 2451 1522 αὐτοῖς
2484 1456 2728 1534 ἐμέθυσα
2748 1470 2949 1531 αὐτοὺς
2974 1472 3042 1524 τὰ
3087 1475 3322 1541 μέγιστα
3350 1477 3522 1527 ἀκου-

1936 1556 2067 1619 σίως
2099 1558 2187 1609 διὰ
2208 1558 2266 1610 τὸ
2285 1565 2674 1627 συγκοινωνεῑν
2698 1560 3022 1632 153⁸)(ἀμὲ
3042 1566 3137 1617 σὺν
3157 1567 3340 1627 αὐτοῖς
3382 1569 3522 1635 πρὸς

1933 1647 1993 1700 τὸ
2026 1650 2190 1711 πιεῖν,
2219 1651 2312 1702 καὶ
2335 1651 2524 1720 σχεδὸν
2549 1653 2858 1721 ἔμεθύσθην
2886 1670 2901 1684 ⁶
2932 1655 3024 1706 καὶ
3046 1655 3302 1710 τοσοῦτον
3327 1658 3525 1724 ἐμέθυ-

415 1722 606 1840 ἐνιεκεῖν
638 1723 982 1840 illiti-ovain?
1010 1727 1267 1840 ἀπελθεῖν
1298 1727 1435 1840 πρὸς
1459 1729 1828 1840 τὸνὶάμηξᾶνε
1863 1785 1907 1840 Β
1937 1757 2039 1794 σαν
2066 1742 2265 1795 ἐκείνοι
2295 1741 2439 1797 ὥστε
2466 1746 2657 1814 ἀπῆρα
2687 1746 2784 1801 ἀπ’
2815 1748 2996 1801 αὐτῶν
3051 1750 3149 1811 τὰς
3198 1721 3519 1818 ἐπιστολὰς,

250 1815 406 1881 κάγὼ
468 1815 677 1868 ἐκεῖνον
729 1817 1141 1884 πυνθανόμενος
1192 1821 1276 1881 τίς
1330 1822 1356 1872 6
1402 1822 1606 1883 σκοπδς
1660 1819 1827 1875 αὐτοῦ

251 1910 381 1973 περὶ
414 1907 525 1959 τῶν
556 1909 696 1961 κατὰ
725 1909 825 1983 τῆς
879 1909 1105 1980 Πάτρας
1140 1910 1297 1980 152
1331 1911 1674 1979 συμϐάντων,
1738 1914 1832 1967 καὶ

255 2000 330 2069 μὴ
361 1999 655 2068 δυνάμενοι
682 1995 762 2061 εἷς
791 2000 887 2055 τοῦ
928 2002 1119 2070 ἐτέρου
1164 2004 1235 2055 τὰ
1281 2003 1489 2073 κρύφια
1540 2003 1827 2074 γνωρίσαι.

258 2088 480 2142 Ἔοικεν
510 2092 620 2159 γὰρ
644 2091 719 2154 ὥς
746 2108 890 2153 τινες
916 2093 1198 2163 κερδαλέοι
1236 2095 1503 2161 ἐποίησαν
1534 2097 1829 2162 ἐμπορίας.

266 2180 325 2235 Ὀ
356 2184 454 2249 μὲν
495 2184 718 2248 φορτίον
749 2180 900 2253 εἶχεν
956 2186 1077 2237 ἀντὶ
1131 2186 1374 2254 σηρικῆς
1441 2185 1676 2254 μετάξης
1734 2188 1833 2249 τὰς

250 2276 347 2344 τῆς
376 2275 651 2345 Θαλάσσης
679 2276 906 2346 βρὺνας,
937 2280 964 2329 6
987 2278 1044 2332 δὲ
1093 2278 1214 2330 ἀντὶ
1272 2278 1561 2347 πεπέρεως
1616 2280 1831 2348 σχοίνου

251 2372 459 2439 σπζρον
485 2358 649 2438 ξηρόν
685 2386 702 2402 ·
761 2371 857 2423 καὶ
913 2371 1428 2437 συναπαντηθέντες
1470 2371 1607 2440 ὁμοῦ
1667 2372 1834 2422 ἐπυν-

248 2460 479 2515 θάνοντο
516 2462 764 2532 ἀλλήλων
798 2481 818 2515 ί
853 2464 905 2516 τί
934 2463 995 2517 τὸ
1027 2464 1286 2534 φορτίον;
1313 2484 1334 2515 ι
1369 2468 1396 2516 6
1430 2452 1552 2532 μέν,
1594 2482 1612 2514 ι
1649 2463 1836 2516 Μέτα-

247 2554 331 2619 ξα,
369 2575 390 2607 ι
439 2555 540 2624 ἔφη
574 2575 591 2605 ι
634 2557 771 2621 ἐστὶ,
803 2556 865 2610 τὸ
897 2555 1064 2627 ὲμόν·
1102 2576 1120 2609 ι
1159 2558 1188 2609 6
1223 2557 1301 2621 δὲ,
1337 2576 1356 2608 ι
1391 2558 1632 2625 Πέπερι·
1664 2575 1683 2608 ›
1740 2556 1835 2608 καὶ

244 2648 486 2703 ἕκαστος
513 2649 695 2700 αὐτῶν
722 2647 941 2717 ἐνόμιζε
976 2650 1172 2717 μήπω;
1206 2652 1296 2700 τὸν
1325 2648 1516 2716 ἕτερον
1586 2646 1832 2717 συμπαί-

249 2740 332 2812 ξῃ.
381 2741 498 2794 Καὶ
539 2739 713 2803 οὕτως
756 2742 834 2803 είς
882 2742 1163 2812 συνθήκην
1198 2738 1364 2814 ἦλθον
1420 2742 1506 2795 ἵνα.
1563 2740 1836 2793 ἀνταλλά-

248 2832 418 2895 ξωσιν
451 2836 519 2887 τὰ
563 2835 782 2903 φορτία,
809 2837 905 2890 καὶ
935 2834 1011 2907 μὴ
1051 2835 1337 2904 γινώσκων
1388 2840 1415 2888 6
1478 2829 1556 2896 εἷς
1610 2837 1679 2887 τὰ
1741 2834 1835 2886 τοῦ

246 2926 447 2996 ἑτέρου
500 2925 695 2980 ἔλαϐον
752 2930 971 2999 φορτία.
1020 2930 1113 2982 καὶ
1163 2929 1471 2991 σπουδαίως
1539 2929 1837 2997 ἐπορεύετο

247 3020 487 3077 ἕκαστος
515 3019 602 3071 ἵνα
631 3020 821 3090 τιόρρω
851 3020 1111 3091 μακρύνῃ
1146 3021 1254 3073 ἀπὸ
1281 3020 1374 3072 τοῦ
1398 3020 1584 3084 ἄλλου,
1611 3021 1685 3089 μή
1717 3037 1834 3083 πως

1932 1832 2032 1887 καὶ
2099 1833 2427 1902 ἀνεγνωκὼς
2481 1838 2653 1900 αὐτὰς
2717 1839 2810 1892 καὶ
2885 1842 3271 1912 μεταγράψας.
3355 1844 3522 1899 πάλιν

1934 1925 2246 1992 σφραγίσας
2305 1929 2463 1981 εἴασα
2518 1930 2739 1991 αὐτούς.
2792 1932 2882 1994 Ὠς
2908 1933 2964 1985 δὲ
3031 1933 3241 2000 ἔφθασα
3294 1937 3374 1998 είς
3421 1936 3522 2003 τὴν

1934 2015 2113 2077 πόλιν,
2144 2017 2298 2084 ἐδόθη
2340 2036 2432 2086 μοι
2489 2023 2849 2090 συμπρέσϐυς
2889 2024 3117 2090 Μάρκος
3154 2028 3180 2076 6
3227 2024 3525 2079 Παλαιολό-

1933 2124 2029 2175 γος
2056 2109 2084 2160 ὁ
2122 2110 2391 2178 ’ῐαγροςὸ
2425 2114 2519 2165 καὶ
2585 2112 2814 2180 ὕστερον
2880 2117 3350 2186 πρωτοστρὰτιυρ.
3399 2117 3521 2170 τότε

1937 2199 1994 2253 δὲ
2062 2204 2628 2274 πρωτοσεστιαρίτης.
2689 2208 2796 2260 Καὶ
2856 2209 2975 2261 ἀντὶ
3029 2208 3122 2262 τοῦ
3187 2212 3523 2279 συμϐοηθεῖν

1938 2310 2029 2363 μοι
2063 2297 2305 2360 ἐναντίος
2327 2292 2397 2369 ἦν
2431 2301 2569 2352 κατὰ
2602 2301 2699 2368 τῆς
2751 2302 3063 2364 ὑποθέσεως
3101 2302 3171 2355 δι’
3220 2305 3289 2374 ἢν
3349 2305 3527 2373 ἐπηρ-

1934 2386 2132 2457 χόμην,
2159 2390 2257 2442 ita).
2281 2391 2380 2443 οὐκ
2413 2386 2531 2444 οἶδα
2561 2392 2622 2443 τὸ
2649 2393 2844 2450 αἴτιον.
2901 2394 3016 2446 ἀλλ’
3044 2395 3076 2464 ἦ
3124 2395 3186 2447 τδ
3246 2398 3272 2447 6
3325 2394 3525 2460 φθόνος

1934 2478 2036 2530 οὐκ
2074 2474 2183 2531 οἵδε
2229 2482 2511 2551 προτιμᾷς)
2568 2482 2630 2534 τὸ
2685 2485 2987 2551 συμφέρον.
3069 2485 3426 2547 ’Δπελθόντες
3478 2485 3523 2537 δ’

1936 2570 2072 2637 ῥμοῢ
2120 2571 2257 2638 πρὸς
2315 2572 2409 2622 τὸν
2470 2573 2695 2641 ἀμηρᾶν
2756 2573 3026 2639 ἐλάϐομεν
3086 2574 3385 2641 ἀπολογίαν
3436 2574 3525 2626 ἴνα

1937 2658 2092 2723 αὖθις
2127 2663 2497 2727 ἀποδώσωμεν
2519 2665 2619 2731 τὴν
2649 2666 2871 2735 Πάτραν
2910 2661 2992 2724 οἷς
3039 2670 3294 2735 προεῖχον
3322 2667 3523 2733 αὐτὴν.

1950 2754 2400 2823 ’Δπελογισάμην
2436 2753 2531 2809 οὖν
2570 2758 2725 2822 κάγὼ
2777 2758 2852 2823 τῷ
2906 2760 3113 2828 πρώτῳ
3159 2760 3258 2827 τῆς
3323 2760 3524 2827 βουλῆς

1937 2844 2030 2898 τοῦ
2082 2848 2279 2917 ἀμηρᾶ
2327 2848 2566 2918 τοῦνομα
2629 2850 3064 2919 Ἰἦραὴμ-πασιᾶ
3124 2851 3207 2902 ὅτι
3258 2835 3519 2919 τοιαύτήν

1937 2925 2233 3009 ἀπόκρισιν
2258 2940 2371 3007 ἐγὼ
2401 2941 2461 2994 οὐ
2486 2942 2671 3008 τολμῶ
2719 2944 2900 2994 εἰπεῖν
2955 2941 3033 3009 τῷ
3077 2942 3316 3013 αὐθέντῃ
3370 2958 3475 3007 μου
3502 2956 3520 2971 ·

1940 3026 2112 3098 ὅμως,
2154 3029 2279 3082 ἐπεὶ
2315 3032 2521 3094 ἐκεῖνος
2569 3032 2893 3084 ἀπέστειλεν
2938 3032 3040 3099 ἐμὲ
3076 3031 3212 3100 πρὸς
3268 3031 3362 3083 τὸν
3428 3030 3523 3099 μέ-

247 3109 543 3181 ἠμηχανὴ
597 3109 983 3182 φανερωθείη·
1042 3113 1139 3166 καὶ
1190 3114 1633 3183 παραγενόμενοι
1680 3114 1708 3166 ὁ
1757 3107 1907 3186 εἷςο
1939 3137 2044 3190 γαν
2099 3122 2348 3192 ἀμηρᾶν,
2404 3121 2768 3192 προσταξάτω
2808 3122 2915 3176 ’καὶ
2986 3123 3157 3184 αὐτός
3224 3138 3350 3175 τινα
3409 3120 3520 3174 τῶν

246 3296 502 3353 devenit.
558 3296 792 3366 Rogavit
850 3297 1037 3369 igitur,
1092 3306 1151 3351 ut
1182 3313 1288 3368 ego
1315 3313 1541 3367 quoque
1585 3297 1650 3351 at!
1686 3296 1832 3351 diem

246 3399 582 3460 sequentem
615 3390 689 3445 ibi
721 3406 1036 3445 manerem:
1062 3390 1212 3460 quod
1248 3392 1295 3445 ei
1313 3392 1525 3446 duabus
1551 3389 1621 3445 de
1650 3390 1833 3444 causis

247 3482 533 3554 pmmisi:
593 3498 725 3543 una,
800 3490 858 3536 ut
905 3482 1207 3537 indicarem
1270 3484 1495 3537 domino
1544 3497 1666 3537 meo
1701 3482 1831 3551 quid

248 3575 600 3645 contigisset,
626 3576 774 3645 quod
808 3574 857 3631 is
881 3592 1015 3631 sane
1047 3592 1113 3630 ex
1148 3592 1234 3631 me
1271 3577 1508 3645 primum
1536 3576 1830 3647 cognovit;

248 3667 451 3730 altera,
493 3677 553 3721 ut
585 3669 881 3722 consilium
915 3670 1278 3737 metropolitte
1299 3669 1596 3723 discerem.
1631 3667 1714 3722 Ob
1741 3683 1835 3722 eas

249 3759 389 3813 duas
421 3775 621 3813 causas
657 3760 822 3830 igitur
858 3776 986 3815 eum
1020 3761 1116 3814 illo
1150 3762 1350 3815 mansi.
1403 3759 1524 3814 Vidi
1556 3761 1632 3813 ibi
1663 3760 1831 3814 etiam

251 3852 732 3907 intervenientem
794 3852 1091 3907 Bicardum
1163 3853 1515 3915 Marcellum,
1566 3851 1833 3921 Naupacti

247 3943 598 4014 praefectum,
618 3960 779 4013 quem
817 3946 1057 4000 mirabar
1080 3946 1307 4000 omnino
1337 3945 1680 3999 simillimum
1712 3956 1835 3998 esse

248 4036 621 4105 metropolita:
643 4037 883 4094 Sidensi.
905 4037 1213 4101 Malatcsta,
1236 4054 1359 4093 cum
1383 4036 1834 4093 acetnliuissemus

247 4141 360 4181 una
403 4136 461 4180 et
488 4129 961 4198 colloquerentur,
993 4131 1047 4184 iu
1084 4132 1437 4185 sermOuibus
1468 4128 1718 4185 studiose
1741 4142 1837 4182 co-

248 4221 491 4276 nabatur
515 4222 811 4290 expiscari,
844 4240 951 4292 qua
992 4224 1060 4278 de
1101 4239 1160 4277 re
1235 4237 1338 4291 ego
1374 4224 1436 4276 ad
1468 4237 1708 4275 ameram
1733 4222 1837 4276 iter

249 4316 541 4380 suscipere
579 4316 795 4377 vellem,
837 4324 1005 4385 atque
1036 4330 1140 4385 ego
1170 4315 1415 4369 vicissim
1452 4330 1519 4369 ex
1553 4314 1648 4369 illo
1675 4331 1832 4383 quaa-

247 4406 441 4461 rcbam
463 4406 676 4468 audire,
708 4407 840 4477 quid
870 4408 988 4476 ipse
1021 4409 1087 4463 de
1119 4409 1285 4462 rebus
1313 4408 1580 4461 adversus
1610 4405 1828 4461 Patram

246 4503 421 4571 gestis
477 4501 709 4554 sentiret
738 4516 754 4558 :
790 4515 1028 4569 cumque
1087 4509 1281 4554 neuter
1326 4513 1392 4553 ex
1422 4498 1594 4552 altero
1628 4497 1830 4553 elicere

244 4603 438 4661 posset
501 4601 713 4647 secreta
762 4593 884 4661 ejus
917 4592 1177 4656 consilia,
1214 4593 1416 4647 accidit
1467 4590 1647 4652 nobis,
1684 4587 1833 4659 quod

244 4685 587 4754 quastuosis
616 4685 945 4754 quibusdam
981 4685 1182 4739 accidit
1219 4692 1585 4738 mercaturam
1624 4679 1834 4736 facien-

244 4780 423 4838 tibus,
470 4793 708 4845 quorum
737 4778 876 4831 alter
903 4792 1001 4847 pro
1033 4778 1214 4833 serico
1241 4778 1482 4846 plantam
1516 4774 1819 4845 quamdam

247 4871 587 4940 maritimam
615 4871 1047 4939 portabat,alter
1075 4886 1173 4939 pro
1201 4870 1390 4941 pipere
1416 4868 1567 4939 junci
1607 4870 1830 4922 baccam

246 4963 487 5017 aridam.
532 4961 746 5017 Hicum
782 4963 886 5018 sibi
912 4964 1315 5025 occurrissent,
1393 4962 1834 5031 quaesissentth

244 5055 523 5118 vicissim,
558 5055 820 5124 quidnam
874 5056 1140 5111 mercium
1172 5063 1482 5124 portarent,
1519 5068 1663 5107 unus
1694 5052 1833 5107 seri-

246 5142 402 5213 ruu'i’,
439 5146 575 5201 alter
599 5148 754 5217 piper
784 5148 945 5203 dixit.
978 5149 1167 5218 Itaque
1197 5163 1321 5201 cum
1350 5159 1580 5217 uterque
1602 5147 1833 5201 alterius

245 5240 546 5293 deludendi
602 5241 832 5313 cupidus
896 5252 1062 5303 esset.
1126 5240 1389 5295 convenit
1447 5240 1591 5294 inter
1625 5253 1745 5299 eos.
1773 5247 1833 5294 ut

246 5339 638 5398 permutarent
668 5346 902 5396 merces,
928 5342 1096 5400 atque
1130 5338 1362 5399 uterque
1385 5330 1514 5399 quid
1555 5328 1694 5383 alter
1723 5329 1825 5383 lna-

242 5421 404 5477 beret
459 5422 701 5495 ignarus,
726 5425 845 5495 ejus
903 5439 1043 5479 onus
1074 5424 1290 5492 accepit
1333 5422 1630 5491 abibatque
1672 5420 1827 5476 festi-

247 5524 467 5577 nanter,
494 5525 555 5569 ut
578 5494 740 5587 longe
760 5494 1044 5571 recederet
1072 5531 1140 5571 ne
1156 5514 1310 5571 fraus
1330 5515 1484 5570 ﬁeret
1515 5514 1826 5569 manifesta.

246 5604 463 5662 Diversi
527 5607 700 5678 igitur
750 5625 874 5665 cum
935 5609 1204 5665 abiissent
1228 5616 1283 5664 et
1323 5606 1829 5679 longojaminter-

243 5697 396 5751 vallo
450 5700 751 5766 distarent,
789 5710 1070 5771 postremo
1124 5700 1328 5771 apertis
1378 5699 1642 5765 sarcinis,
1680 5700 1827 5769 quod

243 5793 570 5859 quaerebant
625 5794 769 5851 haud
803 5803 1150 5866 repererunt.
1182 5793 1316 5852 Tale
1347 5792 1482 5865 quid
1519 5792 1686 5848 etiam
1720 5808 1821 5849 no-

1864 4467 1911 4523 D

1935 3300 2022 3357 bis
2067 3318 2170 3358 usu
2245 3302 2415 3357 venit.
2449 3300 2721 3369 Deinceps
2779 3300 3128 3370 metropolila
3181 3299 3405 3366 Turcis,
3449 3299 3519 3353 ah

1938 3408 2123 3449 amera
2150 3403 2203 3447 et
2235 3392 2562 3446 Turacliane
2594 3392 2807 3450 missis.
2848 3390 2941 3459 qui
2984 3405 3198 3443 mecum
3230 3401 3414 3450 erant,
3447 3389 3517 3442 ad

1936 3501 2129 3541 eorum
2181 3486 2459 3552 dominos,
2490 3500 2520 3540 a
2549 3485 2751 3553 quibus
2794 3485 2945 3539 missi
2982 3493 3269 3544 venerant,
3307 3483 3519 3538 litteras

1937 3578 2124 3633 dedit:
2187 3591 2251 3630 ac
2292 3577 2590 3630 vehemens
2639 3591 2726 3628 me
2755 3576 2929 3628 subiit
2982 3574 3250 3643 suspicio,
3283 3590 3350 3628 ne
3379 3573 3521 3629 forte

1938 3670 2133 3741 oppida
2174 3669 2424 3734 quaedam
2490 3667 2771 3721 Palrensis
2821 3668 3107 3732 territorii,
3144 3675 3236 3720 aut
3268 3667 3523 3725 aliquan-

1937 3772 2055 3818 tum
2096 3764 2344 3833 pecunia:
2404 3761 2772 3831 promisisset,
2808 3762 2852 3814 si
2899 3775 2959 3814 se
2994 3760 3047 3812 in
3091 3757 3406 3826 occupanda
3453 3772 3519 3811 ea

1939 3855 2078 3909 urbe
2103 3854 2411 3922 adiuvaret.
2472 3852 2582 3908 Nec
2646 3853 2863 3906 cessavi
2901 3869 2928 3905 a
2963 3852 3298 3921 suspicione,
3333 3852 3509 3904 donec

1936 3946 2344 4017 eognovissem,
2373 3946 2503 4015 quid
2534 3960 2609 3998 ere
2637 3945 2832 3999 littera:
2862 3945 3227 4002 contine-rent.
3256 3945 3520 3996 tuultum-

1937 4056 2047 4110 que
2080 4054 2262 4107 opera:
2309 4039 2632 4104 impendens
2664 4044 2719 4090 et
2747 4052 2876 4089 cum
2921 4037 2988 4089 iis
3017 4036 3344 4095 convivaus,
3400 4035 3515 4085 ine-

1937 4133 2115 4188 briavi
2157 4147 2253 4187 eos
2289 4130 2544 4200 quamvis
2577 4137 2974 4197 repugnantes,
3007 4143 3132 4180 cum
3162 4141 3270 4179 una
3298 4140 3422 4177 cum
3447 4123 3517 4178 iis

1939 4238 2207 4297 putarem,
2238 4241 2339 4280 nec
2370 4227 2561 4277 aberat
2588 4224 2847 4286 multum,
2882 4222 3013 4290 quin
3039 4220 3345 4273 inebriaren-
3376 4217 3516 4283 ipse.

1937 4318 2018 4374 llli
2040 4328 2222 4373 autem
2249 4333 2314 4371 eo
2328 4316 2612 4370 ebrietatis
2640 4323 3028 4384 processerunt!
3046 4350 3059 4374 ,
3082 4319 3143 4364 ut
3169 4308 3430 4377 epistolas
3450 4306 3521 4359 iis

1937 4410 2343 4473 Subtralierem,
2369 4409 2570 4478 quibus
2600 4408 2760 4461 lectis
2784 4417 2832 4458 et
2864 4403 3155 4467 descriptis
3186 4411 3521 4465 rursumque

1941 4504 2267 4571 obsignatis,
2322 4502 2471 4571 ipsos
2509 4501 2708 4554 missos
2748 4498 2872 4552 feri.
2905 4494 3203 4565 Postquam
3240 4493 3294 4547 in
3330 4494 3518 4545 urbem

1941 4595 2089 4658 veni,
2132 4594 2347 4648 Marcus
2389 4593 2724 4660 Palmulogus
2750 4589 2966 4659 lagrus,
2990 4588 3082 4657 qui
3117 4600 3304 4655 postea
3328 4594 3520 4653 proto-

1941 4697 2145 4745 strator
2207 4688 2329 4751 fuit,
2390 4695 2504 4739 tum
2543 4694 2724 4738 autem
2777 4680 3184 4751 protovcstiarii
3246 4679 3517 4743 dignitate

1943 4782 2292 4851 fungebatur,
2345 4780 2637 4849 legationis
2671 4780 2854 4834 socius
2888 4777 3019 4830 mihi
3072 4774 3368 4843 adjunctus
3397 4780 3507 4825 est.

1940 4871 1992 4926 Is
2028 4881 2240 4925 tantum
2271 4871 2483 4931 aberat,
2505 4869 2900 4937 utmejuvaret
2922 4867 2976 4921 in
3008 4868 3248 4934 negotio,
3283 4863 3354 4915 ob
3370 4860 3515 4930 quod

1937 4978 2224 5026 veneram,
2266 4973 2323 5016 ut
2353 4963 2739 5016 adversaretur
2768 4959 2898 5012 mihi
2930 4976 2942 5009 :
2978 4957 3139 5023 cujus
3163 4953 3361 5019 egorei
3398 4951 3520 5006 nul-

1938 5056 2048 5109 lam
2093 5054 2252 5108 aliam
2315 5065 2538 5108 causam
2603 5052 2751 5113 novi,
2791 5050 2897 5103 nisi
2936 5048 3081 5112 quod
3112 5046 3314 5099 invidia
3349 5044 3524 5094 Inmo-

1943 5161 2067 5202 rare
2096 5146 2385 5199 utilitatem
2416 5158 2524 5197 non
2571 5142 2880 5195 consuevit.
2930 5134 3046 5191 Una
3079 5135 3247 5202 igitur
3272 5132 3335 5183 ad
3364 5145 3518 5183 ante-

1938 5253 2054 5291 ram
2089 5236 2340 5306 profecti,
2396 5248 2719 5303 responsum
2781 5228 3030 5289 tulimus,
3070 5239 3127 5277 ut
3168 5222 3387 5276 Patram
3424 5222 3514 5281 iis,

1937 5342 2173 5394 quorum
2234 5325 2447 5384 fuisset,
2501 5321 2947 5380 restitueremus;
2993 5332 3098 5384 qua
3123 5312 3191 5366 de
3235 5327 3291 5365 re
3320 5324 3419 5378 ego
3443 5308 3518 5384 ei,

1937 5420 2028 5487 qui
2050 5431 2249 5471 αιτιοι-αξ
2285 5415 2499 5484 primus
2523 5421 2641 5468 erat
2670 5426 2700 5464 a
2730 5409 3001 5473 consiliis,
3031 5399 3516 5473 lbraemi-pasiani

1937 5510 2179 5572 nomine,
2217 5506 2388 5569 edixi,
2425 5505 2534 5560 tale
2571 5517 2895 5574 responsum
2932 5516 3042 5554 nou
3072 5498 3276 5553 audere
3312 5511 3397 5550 me
3425 5509 3514 5549 re-

1938 5604 2084 5659 ferre
2109 5602 2178 5658 ad
2238 5600 2522 5656 dominum
2559 5613 2784 5654 meum:
2822 5609 3011 5650 verum
3048 5604 3256 5655 tamen,
3287 5603 3412 5643 cum
3440 5585 3512 5643 ad

1937 5706 2196 5770 magnum
2222 5709 2464 5751 ameram
2493 5694 2584 5750 ille
2620 5709 2704 5747 me
2727 5689 2993 5752 misisset,
3025 5688 3144 5758 ipse
3186 5679 3505 5756 quempiam

1938 5804 2148 5848 mecum
2189 5787 2407 5861 iuberet
2447 5787 2622 5855 abire,
2654 5784 2744 5857 qui
2792 5782 2974 5855 magni
2998 5796 3197 5839 amera:
3227 5781 3514 5835 decretum
