3920 6188
374 231 480 295 769

1404 229 1862 291 CllRONICON
1901 231 2179 295 MAJUS.
2219 256 2288 268 -
2324 232 2472 293 LIB.
2509 232 2586 294 ΙΙ.

3516 235 3621 297 770

364 346 414 398 et
443 346 499 396 ιν
532 339 609 408 τῷ
633 337 862 409 Εὐρίπῳ
886 334 1159 409 ἦρανλτὴν
1182 336 1431 407 γέφυραν
1461 341 1732 403 ἀκουσίως
1764 343 1833 411 τῇ
1865 341 1949 396 κθι
1976 347 2021 402 Α
2056 341 2154 411 μὲν
2184 342 2280 395 σὺν
2301 340 2381 408 τῷ
2412 340 2626 407 βασιλεῖ
2649 339 2913 409 μείνωσιν
2945 341 3003 394 ἐν
3034 342 3098 412 τῇ
3130 341 3305 405 πόλει,
3326 343 3473 398 οὗτοι
3492 348 3548 401 δὲ
3571 351 3621 402 ot

363 432 697 501 Αὐγούστου,
733 434 899 502 ἡμεῖς
930 432 1231 502 ἐμείναμεν
1265 436 1323 485 ὲν
1350 434 1535 505 ἐκείνῃ
1570 439 1635 506 τῇ
1670 436 1827 488 νυκτὶ
1857 438 1940 499 είς

360 529 455 588 τὰς
487 525 691 588 ἔξωθεν
725 525 821 593 τῆς
835 523 1079 593 γεφύρας
1098 524 1323 594 πέτραςο
1347 527 1440 579 καὶ
1460 527 1518 579 ὲν
1537 529 1725 598 ἐκείνῃ
1754 530 1821 598 τῇ
1850 545 1939 581 νυ-

360 619 451 671 κτὶ
477 617 647 668 πολλὰ
667 615 886 667 ἐναντία
906 614 1185 683 ἐπάθομεν
1202 616 1309 670 ἀπό
1323 633 1382 669 τε
1402 616 1609 687 ψύχους
1629 619 1725 670 καὶ
1746 618 1938 684 πείνας

358 710 463 761 καὶ
481 708 588 761 ἀπὸ
603 709 703 775 τῆς
719 706 1017 777 ξηρότητος
1039 706 1148 760 τῶν
1171 707 1388 776 πετρῶν
1410 711 1517 764 ἀπό
1542 726 1600 762 τι
1621 711 1793 778 φόδου
1824 713 1936 764 τῶν

355 799 569 870 λῃστῶν
599 800 689 851 καὶ
716 798 827 850 τῶν
862 798 970 851 ἀπὸ
997 796 1095 851 τοῦ
1125 799 1450 871 Τουραχάνη
1489 804 1721 873 στρατοῦ
1777 805 1931 877 16],

354 889 448 941 διὰ
478 889 537 941 τὸ
569 888 758 953 ξένους
785 890 915 952 τοὺς
950 889 1152 953 ἵππους
1174 889 1341 959 εἶναι,
1366 892 1457 951 οὓς
1488 896 1552 947 ἐκ
1579 895 1673 947 τοῦ
1700 897 1934 965 Διέθρου

352 981 782 1052 ἐδανεισὰμεθα,
816 982 844 1035 ὅ
873 1001 927 1035 τι
959 984 1055 1038 καὶ
1086 987 1360 1055 παροιμία
1397 987 1614 1054 ἐγένετο
1637 990 1730 1041 ἐπὶ
1778 989 1935 1060 κακῷ

348 1077 463 1136 τοῖς
490 1073 609 1144 μετ’
640 1073 777 1141 ἐμοῦ
817 1075 938 1128 τότε
984 1075 1137 1130 οὖσιν
1178 1078 1257 1140 είς
1311 1078 1406 1131 τὸν
1467 1079 1766 1149 μετέπειτα
1814 1082 1933 1152 ἦτοι

270 1240 273 1241 ν
347 1166 582 1224 ἐπιόντα
605 1170 819 1237 χρόνον.
887 1167 1220 1230 ’Δναδὰντες
1270 1164 1365 1223 οὖν
1422 1171 1501 1232 εἰς
1552 1173 1650 1235 τὰς
1684 1177 1932 1242 τριήρεις

348 1260 445 1311 ἐπὶ
471 1260 571 1328 τὴν
606 1257 821 1328 αὔριον,
853 1262 917 1330 τῇ
949 1258 1034 1327 κγ’
1069 1259 1166 1314 τοῦ
1204 1263 1585 1335 Σεπτεμϐρίου
1630 1267 1799 1334 μηνὸς
1836 1267 1930 1320 τοῦ

345 1352 546 1424 ,ςῇμδ
569 1352 722 1416 ἔτους
748 1355 828 1416 είς
850 1353 949 1422 τὴν
974 1354 1555 1410 Κωνσταντινούπολιν
1586 1358 1930 1428 ἐφθάσαμεν.

423 1443 515 1513 ιβ’.
549 1446 630 1516 Τῇ
659 1445 717 1498 δὲ
747 1451 825 1498 κε’
859 1447 1109 1513 Μαρτίου
1138 1446 1232 1501 τοῦ
1280 1449 1445 1502 αὐτοῦ
1475 1449 1629 1514 Ιἔτους
1656 1446 1821 1522 ἦλθεν
1849 1453 1930 1517 είς

346 1539 451 1609 τὴν
518 1539 675 1594 πόλιν
722 1541 757 1610 ἡ
816 1540 912 1594 τοῦ
971 1541 1430 1614 Παρασπονδήλου
1464 1544 1705 1621 μεγαλου
1742 1544 1931 1608 δουκδς

349 1632 603 1703 θυγάτηρ
650 1634 878 1702 ὀνόματι
935 1632 1080 1703 Ζωὴ,
1132 1634 1270 1702 μετά
1327 1631 1612 1704 βασιλικῆς
1653 1636 1929 1704 τριήρεως

349 1725 659 1796 δσταλμένη
689 1724 830 1794 μετὰ
853 1725 1113 1794 Μανουὴλ
1138 1725 1234 1778 τοῦ
1288 1726 1674 1793 Παλαιολδγου,
1724 1727 1810 1780 ἵνα
1838 1744 1928 1779 κο-

351 1818 591 1888 μίσωσιν
621 1817 817 1886 αὐτὴν,
845 1817 912 1888 ἢν
937 1816 1001 1881 δὴ
1030 1817 1126 1870 καὶ
1159 1819 1300 1887 μετά
1332 1834 1482 1881 τινας
1515 1818 1929 1890 ὴμέρας-ηὐλο-

348 1909 495 1979 γήθη
515 1913 542 1962 6
564 1910 831 1980 δεσπότης
862 1912 891 1962 6
916 1912 1024 1979 κύρ
1055 1911 1397 1980 Δημήτριος’
1432 1911 1554 1978 μεθ’
1575 1905 1643 1982 ἧς
1670 1911 1734 1982 δὴ
1772 1912 1927 1981 τριή-

352 2017 493 2071 ρεως
520 2000 860 2070 παρεγένετο
887 2001 969 2063 εἰς
1000 2000 1100 2070 τὴν
1130 1999 1289 2054 πόλιν
1315 2002 1411 2053 καὶ
1444 2003 1471 2054 6
1510 2001 1781 2071 δεσπότης
1819 2005 1926 2073 κὺρ

352 2093 626 2164 Θεόδωρος
676 2093 763 2148 διὰ
793 2094 854 2145 τὸ
886 2088 1028 2146 εἶναι
1086 2093 1246 2146 αὐτὸν
1277 2097 1334 2148 ὲν
1364 2097 1431 2165 τῇ
1485 2095 1637 2148 πόλει
1678 2095 1924 2166 διάδοχον

346 2185 453 2253 τῆς
480 2185 761 2255 βασιλείας
783 2185 861 2250 ὡς
887 2185 1141 2254 δεύτερος
1161 2186 1411 2253 ἁδελφὸς,
1443 2187 1471 2240 ὃ
1495 2192 1586 2240 καὶ
1608 2190 1636 2241 6
1665 2187 1924 2256 βασιλεὺς

345 2275 626 2347 ἐπεκύρου
656 2276 805 2346 αὑτῴ
830 2277 1124 2341 ἀκουσίως,
1155 2277 1234 2329 δτι
1257 2277 1349 2331 τὸν
1383 2279 1489 2348 κὺρ
1516 2280 1923 2333 Κωνσταντῑνον

340 2369 439 2423 τὸν
495 2369 766 2437 αὐθέντην
802 2386 903 2440 μου
954 2370 1049 2421 καὶ
1078 2369 1306 2439 ἀδελφὸν
1352 2362 1521 2422 αὐτού
1550 2371 1737 2425 πλεῖον
1782 2371 1923 2440 ὠρέ-

340 2477 480 2530 γετο
512 2460 658 2530 ἔχειν
681 2461 849 2528 ἐγγὺς
877 2459 1045 2512 αὑτοῦ
1071 2462 1127 2512 ὲν
1153 2463 1219 2530 τῇ
1259 2460 1435 2523 πόλει,
1465 2461 1540 2525 ὼς
1574 2467 1668 2515 καὶ
1695 2465 1723 2515 6
1760 2462 1921 2532 λόγος

339 2550 558 2622 προϊὼν
588 2549 844 2620 δηλώσει.
891 2550 1047 2603 Ἐπεὶ
1080 2549 1139 2604 δὲ
1166 2549 1339 2617 οὕτως
1375 2552 1830 2623 παρηκολούθησε
1861 2554 1921 2608 τὸ

337 2648 609 2715 πρᾶγμα,
642 2644 975 2710 ἐσπούδαζεν
1008 2645 1096 2698 ίνα
1151 2648 1229 2709 εἰς
1258 2646 1357 2714 τὴν
1392 2644 1800 2717 Πελοπόννησον
1827 2648 1919 2699 καὶ

337 2736 475 2798 τοὺς
498 2738 649 2805 τρεῖς
675 2735 936 2803 ἀδελφοὺς
967 2736 1359 2807 ὲγκατοικήσῃ.
1403 2734 1463 2790 '0
1499 2736 1629 2804 γοῦν
1653 2737 1918 2807 αὐθέντης

338 2846 456 2897 μου
487 2828 651 2882 πάλιν
687 2830 714 2882 6
744 2828 1015 2899 δεσπότης
1042 2828 1148 2900 κὺρ
1193 2831 1602 2892 Κωνσταντῖνος
1634 2831 1774 2900 μετά
1819 2830 1915 2883 τοῦ

336 2920 582 2989 ἀδελφοῦ
607 2921 775 2975 αὑτοῦ
803 2922 912 2991 κὺρ
936 2922 1109 2991 Θωμᾶ
1135 2922 1228 2975 τού
1257 2914 1518 2976 δεσπότου
1552 2920 1639 2993 (ἦν
1661 2924 1770 2993 γὰρ
1790 2923 1916 2993 μεθ’

2041 433 2137 487 δύο
2164 434 2423 486 αὐθένται
2451 436 2531 497 είς
2555 433 2654 501 τὴν
2688 434 3121 504 Πελοπόννησον.
3150 436 3332 505 ⁷162
3364 440 3459 490 Δια
3490 441 3624 493 ταύ-

2039 545 2139 597 την
2166 527 2228 596 δὴ
2276 527 2375 593 τὴν
2419 527 2597 579 αἰτίαν
2628 528 2722 578 καὶ
2772 527 2850 593 τῷ
2886 529 3094 593 Ἰουνίῳ
3143 532 3276 596 μηνὶ
3321 531 3418 583 τοῦ
3452 532 3619 586 αὐτοῦ

2040 618 2196 680 ἔτους
2226 617 2379 687 διέϐη
2414 618 2520 672 ἀπὸ
2551 618 2648 686 τῆς
2678 619 2884 679 πόλεως
2915 621 2996 680 είς
3029 618 3127 687 τὴν
3160 620 3569 691 Πελοπόννησον
3591 626 3621 676 δ

2039 708 2310 780 δεσπότης
2340 712 2447 780 κὺρ
2480 710 2889 772 Κωνσταντῖνος
2918 711 2991 771 ὡς
3029 712 3250 779 φεύγων
3308 715 3446 779 μετὰ
3483 717 3621 767 ἀκα-

2038 801 2157 854 τίου
2192 801 2353 867 τινὸς,
2400 799 2559 866 κάγὼ
2614 801 2670 853 δὲ
2705 801 2836 868 παρ’
2882 801 3047 853 αὑτοῦ
3099 803 3318 860 σταλεὶς
3346 805 3483 869 πρὸς
3526 805 3619 854 τὸν

2041 894 2269 962 ἀμηρᾶν
2300 891 2390 944 διὰ
2418 892 2625 961 ταύτην
2655 893 2720 957 δὴ
2756 892 2856 961 τὴν
2891 893 3097 954 αἰτίαν,
3143 894 3231 945 ἵνα
3275 895 3436 947 αὐτὸν
3475 896 3617 963 ὑπὲρ

2040 986 2254 1038 ἑαυτῶν
2281 985 2472 1054 ἔχωσι.
2513 985 2626 1038 Καὶ
2676 983 2847 1044 οὕτως
2904 983 3157 1036 ἀπελθὼν
3214 987 3283 1037 τὰ
3337 988 3615 1038 ἀνατεθει-

2041 1077 2178 1146 μένα
2214 1094 2304 1143 μοι
2331 1075 2511 1137 καλῶς
2541 1074 2892 1144 ᾠκονόμησα.
2921 1077 3016 1129 καὶ
3037 1076 3123 1128 διὰ
3146 1078 3313 1146 ξηρᾶς
3343 1080 3419 1139 είς
3454 1079 3601 1131 Helo

2037 1164 2307 1233 πόννησον
2361 1163 2595 1230 ἔφθασα.
2634 1157 2811 1233 Εὗρον
2844 1164 2899 1217 δὲ
2943 1166 3071 1227 τοὺς
3104 1166 3365 1233 ἀδελφοὺς
3396 1171 3489 1218 καὶ
3520 1169 3618 1220 αὐ·-

2036 1258 2230 1319 θέντας
2278 1257 2503 1326 ἔχοντας
2554 1257 2779 1327 δχλησιν
2819 1257 3005 1325 μάχης
3055 1258 3300 1328 μεγάλην
3328 1275 3341 1290 ’
3389 1260 3616 1311 δπισθεν

2035 1352 2144 1423 γὰρ
2171 1351 2265 1404 τοῦ
2295 1353 2401 1422 κὺρ
2433 1352 2849 1404 Κωνσταντίνου
2886 1352 2977 1404 τοῦ
3025 1353 3286 1405 αύθέντου
3340 1370 3441 1422 μου
3477 1370 3612 1406 στα-

2033 1443 2148 1507 λεὶς
2182 1444 2322 1510 μετὰ
2350 1446 2627 1514 τριήρεως
2660 1447 2687 1496 δ
2712 1443 2817 1512 κὺρ
2853 1443 3159 1512 Θεόδωρος,
3202 1444 3288 1496 ἵνα
3323 1448 3462 1497 κατὰ
3502 1445 3613 1496 τῶν

2032 1536 2126 1591 δύο
2158 1536 2408 1606 ἀδελφῶν
2443 1536 2609 1589 αὐτοῦ
2638 1536 2906 1606 μάχηται,
2940 1538 3033 1589 καὶ
3062 1535 3298 1606 στρατοῦ
3349 1536 3611 1589 πλείστου

2035 1631 2521 1701 συναθροισθέντος
2545 1628 2713 1700 ἄμφω
2741 1632 2854 1692 τοῖς
2891 1631 3105 1699 μέρεσι,
3134 1630 3229 1683 καὶ
3260 1630 3497 1699 πόλεμός
3526 1647 3611 1693 τις

2029 1724 2136 1777 ἁνὰ
2185 1724 2365 1777 αὐτῶν
2418 1723 2632 1791 γέγονε.
2689 1722 2779 1792 Τῷ
2813 1725 3003 1793 ,ςῇμέ
3047 1724 3158 1792 ἔτει
3218 1724 3608 1789 ἀπεστάλησαν

2030 1817 2183 1885 παρὰ
2226 1816 2322 1869 τοῦ
2361 1815 2627 1885 βασιλέως
2673 1816 2935 1883 πρέσϐεις
2976 1815 3113 1881 πρὸς
3163 1815 3291 1876 τοὺς
3342 1815 3606 1883 ἀδελφοὺς

2030 1907 2195 1962 αὐτοῦ
2222 1910 2251 1961 6
2284 1908 2424 1977 ἄγαν
2456 1906 2689 1976 χρηστὸς
2714 1906 2987 1966 Διονύσιος
3015 1907 3387 1976 ίερομόναχος,
3419 1910 3447 1959 6
3471 1924 3608 1978 χρη-

2032 1997 2270 2068 ματίσας
2328 1997 2426 2049 καὶ
2462 1994 2872 2066 μητροπολίτης
2910 1997 3191 2063 Σάρδεων,
3243 2000 3336 2049 καὶ
3386 1999 3414 2049 6
3448 1998 3607 2050 Δισύ-

2029 2107 2200 2153 πατος
2217 2087 2514 2159 Γεώργιος,
2532 2088 2629 2141 καὶ
2657 2079 2804 2139 οὗτοι
2823 2087 2921 2157 τὴν
2945 2088 3128 2156 μάχην
3151 2088 3348 2155 μικρόν
3362 2106 3417 2140 τι
3438 2105 3606 2141 κατε-

2021 2184 2295 2251 ’πρὰῡναν.
2322 2181 2488 2245 Τέλος
2513 2181 2568 2235 δὲ
2599 2180 2761 2233 πάλιν
2793 2180 2966 2233 ἄλλων
3001 2180 3267 2233 ἐλθόντων
3293 2181 3601 2251 πρέσϐεων,

2028 2275 2122 2328 τοῦ
2177 2272 2522 2342 Μελισσηνοῦ
2561 2273 2710 2340 λέγω
2761 2273 3069 2345 Γρηγορίου
3120 2268 3475 2343 ίερομονάχου
3506 2278 3603 2327 καὶ

2026 2367 2428 2434 πνευματικοῦ,
2458 2365 2553 2419 τοῦ
2608 2367 2703 2419 καὶ
2756 2367 3201 2435 χρηματίσαντος
3240 2366 3466 2437 ὕστερον
3502 2384 3603 2419 πα-

2025 2463 2288 2533 τριάρχου
2320 2464 2978 2527 Κωνσταντινουπόλεως,
3012 2462 3070 2525 ὃς
3118 2465 3213 2515 καὶ
3244 2463 3378 2531 παρ’
3419 2464 3603 2527 ἄλλοις

2027 2553 2518 2623 Στρατηγόπουλος
2543 2554 2933 2620 ἐπωνομάζετο
2968 2554 3065 2606 καὶ
3107 2556 3203 2606 σὺν
3229 2554 3379 2633 αύτῷ
3411 2554 3473 2621 δὴ
3508 2557 3601 2605 καὶ

2024 2646 2103 2714 τῷ
2142 2646 2437 2715 Γρηγορίῳ
2464 2647 2640 2715 ¹πάλιν
2673 2645 2768 2697 τοῦ
2802 2646 3113 2697 Δισυπάτου
3149 2647 3243 2700 καὶ
3290 2646 3423 2716 ἐμοῦ
3465 2663 3600 2713 συμ-

2026 2737 2369 2792 6ι6ασάντων
2400 2740 2496 2791 καὶ
2548 2740 3051 2808 συμφροκησάντων
3077 2742 3276 2801 αὐτοὺς
3311 2740 3394 2793 ἵνα
3439 2743 3466 2792 6
3496 2740 3598 2807 μὲν

2023 2830 2287 2901 αὐθέντης
2324 2849 2425 2900 μου
2459 2834 2550 2884 καὶ
2571 2832 2842 2900 δεσπότης
2885 2831 3136 2884 ἀπελθὼν
3192 2835 3502 2902 παροικήσῃ
3541 2833 3597 2882 ὲν

2022 2928 2087 2997 τῇ
2145 2926 2743 2993 Κωνσταντινουπόλει,
2787 2927 2814 2979 6
2858 2926 2914 2979 δὲ
2946 2926 3051 2996 κὺρ
3106 2926 3260 2995 163
3320 2926 3596 2994 Θεόδωρος

334 3011 509 3085 ἡμῶν
534 3012 592 3064 ἐν
621 3014 690 3085 τῇ
722 3012 879 3066 πόλει
916 3015 945 3066 6
975 3013 1193 3082 πρῶτος
1236 3012 1420 3083 ἄρχων
1449 3016 1541 3067 τοῦ
1589 3015 1739 3068 οίκου
1774 3015 1918 3067 ὲκεί-
1946 3026 1989 3084 (ζ
2023 3018 2116 3069 καὶ
2151 3017 2255 3087 κὺρ
2298 3018 2502 3086 Θωμᾶς
2548 3018 2599 3071 οἱ
2649 3018 2907 3071 δεσπόται
2954 3020 3012 3069 ὲν
3054 3020 3120 3087 τῇ
3180 3017 3591 3087 Πελοποννήσῳ.

333 3122 437 3159 νου
458 3104 688 3175 ὀνόματι
747 3102 944 3159 Ῥαοὺλ
969 3104 1210 3177 Μιχαὴλ)
1248 3107 1583 3172 ἐσπούδαζον
1615 3108 1701 3161 ἵνα
1722 3109 1783 3161 οἱ
1820 3106 1914 3161 δύο

332 3286 505 3341 modo
535 3285 730 3341 infecta
758 3301 817 3340 re
853 3287 1011 3342 redii.
1059 3286 1197 3342 Cum
1258 3295 1439 3341 autem
1498 3284 1758 3355 Euripum
1821 3288 1913 3358 qui

332 3377 683 3441 accolebant,
752 3378 875 3432 licet
935 3378 1116 3443 inviti,
1169 3390 1388 3444 pontem
1448 3380 1913 3434 sustulissentdle

332 3468 572 3535 Augusti
612 3468 706 3534 29,
740 3485 842 3523 nos
870 3485 993 3525 eam
1024 3479 1236 3524 noctem
1290 3481 1443 3524 extra
1507 3479 1724 3540 pontem
1773 3473 1914 3526 inter

335 3573 471 3613 saxa
502 3558 893 3628 transegimus.
923 3569 977 3614 et
1008 3561 1178 3614 multa
1205 3561 1431 3615 adversa
1457 3576 1487 3615 a
1515 3561 1736 3630 frigore,
1774 3563 1914 3616 fame

333 3660 390 3705 et
416 3650 621 3705 duritie
668 3666 948 3716 saxorum,
996 3667 1027 3706 a
1062 3652 1258 3706 timore
1328 3652 1455 3706 item
1514 3652 1787 3707 latronum
1857 3660 1910 3706 et

337 3738 585 3791 militum
626 3735 969 3792 Turacbanis
1046 3739 1393 3808 pertulimus,
1471 3742 1727 3809 quoniam
1785 3739 1909 3806 equi

335 3827 538 3890 nostri,
562 3842 703 3897 quos
731 3842 761 3881 e
791 3826 1017 3883 Liethro
1060 3829 1295 3884 mutuati
1355 3844 1598 3893 eramus.
1634 3829 1909 3901 peregrini

330 3926 541 3971 erant:
604 3931 725 3984 qua;
790 3931 875 3973 res
935 3919 1261 3985 proremium
1308 3920 1578 3987 quoddam
1633 3919 1901 3973 malorum

333 4007 607 4076 fuit,quae
633 4014 823 4076 postea
888 4009 1097 4075 experti
1155 4020 1305 4074 sunt,
1337 4011 1429 4080 qui
1496 4019 1627 4064 tunc
1689 4024 1905 4063 mecum

330 4098 865 4156 erant.Cottscettsis
914 4100 1177 4168 postridie
1233 4102 1570 4164 triremibus,
1646 4100 1909 4156 vicesimo

331 4195 498 4246 tertio
549 4192 638 4247 die
691 4190 1067 4263 Septembris,
1116 4206 1263 4246 anno
1316 4191 1478 4256 69-“,
1534 4191 1745 4261 Cpolim
1786 4206 1912 4261 per-

330 4298 609 4338 venimus.

2019 3110 2127 3165 Καὶ
2159 3111 2225 3179 τῇ
2253 3115 2292 3161 ε’
2321 3108 2413 3161 τοῦ
2435 3109 2812 3180 Σεπτεμδρίου
2836 3108 2911 3180 τῷ
2939 3109 3143 3178 ,ις-ῷμη⁹
3174 3106 3324 3176 διέϐη
3356 3106 3463 3159 ἀπὸ
3493 3105 3594 3176 τῆς

2016 3283 2268 3352 Michael)
2298 3283 2637 3346 nitebantur,
2695 3292 2749 3336 ut
2782 3283 2923 3351 apud
2955 3282 3337 3351 imperatorem
3374 3282 3427 3336 in
3459 3282 3593 3336 urbe

2016 3377 2125 3431 duo
2157 3375 2310 3429 alteri
2360 3384 2660 3441 manerent,
2698 3372 2800 3443 ipsi
2838 3375 3180 3428 discederent
3229 3377 3284 3427 in
3317 3371 3591 3442 Pelopon-

1990 3454 2227 3521 ~nes-mn.
2260 3466 2438 3536 Atque
2479 3467 2577 3519 hac
2621 3466 2688 3520 de
2713 3480 2880 3520 causa
2925 3463 3088 3519 Junio
3131 3478 3316 3519 mense
3346 3466 3589 3534 ejusdem

2015 3560 2140 3613 anni
2175 3556 2571 3614 Constantinus
2638 3559 2865 3625 despota
2921 3560 3069 3612 velut
3119 3557 3381 3627 fugitivus
3414 3573 3581 3626 parvo

2014 3651 2230 3719 navigio
2284 3652 2435 3719 Cpoli
2469 3650 2523 3704 in
2577 3649 3015 3719 Peloponnesum
3072 3649 3227 3714 abiit,
3283 3660 3338 3703 et
3385 3664 3487 3719 ego
3518 3648 3585 3702 ad

2013 3757 2254 3795 ameram
2288 3744 2491 3797 missus
2524 3757 2665 3805 sum,
2701 3752 2761 3796 ut
2802 3744 2946 3798 hunc
2985 3743 3039 3797 in
3091 3743 3338 3811 ipsorum
3399 3752 3584 3812 partes

2012 3833 2407 3903 pertraherent.
2462 3831 2698 3886 Discessi
2757 3832 2923 3901 igitur
2965 3843 3018 3886 et
3075 3834 3391 3888 mandatum
3451 3833 3585 3888 mihi

2012 3925 2288 3993 negotium
2317 3922 2548 3978 feliciter
2579 3926 2817 3994 transegi
2846 3942 2861 3990 ;
2911 3924 3108 3978 deinde
3147 3940 3245 3993 per
3293 3938 3495 3980 terram
3530 3929 3584 3981 in

2012 4016 2443 4085 Peloponnesum
2502 4030 2780 4079 reversus,
2820 4014 2999 4068 inveni
3058 4013 3257 4070 fratres
3311 4017 3584 4086 principes

2014 4109 2225 4178 magnis
2280 4108 2545 4163 bellorum
2585 4107 2759 4162 turbis
2792 4108 3124 4178 implicatos.
3159 4108 3580 4165 Constantinum

2011 4205 2181 4268 enim,
2230 4202 2509 4256 dominum
2578 4216 2782 4262 meum.
2823 4212 2883 4255 ut
2938 4203 3321 4271 insequeretur
3356 4213 3410 4259 et
3443 4205 3583 4261 duos

2014 4296 2217 4350 fratres
2248 4295 2568 4358 debellaret,
2608 4303 2832 4349 avectus
2870 4303 2953 4349 est
2987 4310 3112 4349 cum
3149 4295 3356 4350 triremi
3399 4295 3578 4352 Theo-

408 4375 495 4432 12.
546 4374 816 4432 Vicesimo
869 4380 1058 4448 quinto
1116 4376 1293 4431 Martii
1358 4376 1604 4445 ejusdem
1660 4375 1787 4429 anni
1843 4376 1896 4428 in

2021 4389 2176 4443 lorus
2217 4388 2494 4454 dominus,
2544 4398 2709 4457 atque
2761 4389 3023 4457 utrinque
3080 4389 3293 4457 magnis
3343 4390 3583 4445 collectis

340 4469 525 4521 Lrbetn
558 4470 708 4523 venit
733 4468 1143 4539 Paraspondeli,
1173 4470 1351 4540 magni
1396 4471 1580 4535 ducis,
1632 4469 1762 4531 lilia,
1802 4484 1901 4521 nu-

330 4564 480 4612 mine
511 4558 642 4625 Zoe,
702 4561 906 4615 triremi
965 4562 1340 4630 imperatoria,
1396 4578 1499 4630 qua
1534 4576 1652 4615 eam
1703 4561 1901 4615 adduci

326 4650 506 4703 voluit
532 4650 847 4718 imperator,
874 4669 993 4704 cum
1033 4652 1280 4707 Manuele
1314 4652 1617 4721 Palaeologo
1647 4653 1897 4719 advecta,

326 4752 492 4810 atque
524 4744 708 4811 nupsit
738 4753 858 4813 post
907 4746 1023 4798 dies
1069 4745 1273 4814 aliquot
1332 4743 1605 4800 Demetrio
1638 4751 1898 4815 despotaa.

328 4835 388 4889 In
441 4835 628 4889 eadem
677 4836 884 4890 triremi
922 4837 1064 4893 venit
1096 4840 1261 4891 etiam
1297 4836 1617 4892 Theodorus
1647 4839 1895 4909 despota.

326 4924 421 4990 qui
458 4932 514 4975 ut
539 4922 709 4978 frater
738 4934 868 4979 natu
904 4928 1175 4982 secundus
1222 4928 1433 4997 imperii
1470 4930 1526 4983 in
1560 4928 1690 4983 urbe
1726 4929 1898 4983 haeres

326 5025 467 5077 crat,
502 5017 645 5086 quod
696 5018 742 5072 ei
775 5018 867 5089 jus
900 5018 1195 5087 imperator
1223 5035 1333 5074 non
1367 5023 1473 5077 nisi
1532 5023 1739 5077 invitus
1770 5036 1901 5078 con-

328 5110 519 5171 cessit,
559 5112 763 5180 quippe
826 5111 919 5179 qui
955 5112 1381 5167 Constantinum
1422 5113 1668 5180 fratrem,
1722 5116 1900 5169 domi-

331 5214 456 5250 num
490 5216 691 5266 meum,
728 5217 911 5258 secum
950 5202 1004 5260 in
1037 5205 1169 5259 urbe
1202 5206 1402 5259 habere
1427 5207 1630 5272 mallet,
1664 5209 1713 5263 id
1748 5210 1893 5279 quod

331 5291 636 5357 procedens
669 5296 912 5348 narratio
975 5306 1159 5349 nostra
1211 5297 1533 5354 declarabit.
1596 5299 1734 5367 Quia
1765 5317 1895 5357 vero

331 5387 409 5438 sic
438 5395 711 5449 evenerat,
747 5387 894 5442 dedit
920 5403 1162 5457 operam.
1196 5402 1255 5445 ut
1287 5392 1341 5447 in
1377 5394 1753 5463 Peloponneso
1787 5405 1897 5452 tres

334 5473 528 5530 fratres
564 5478 880 5535 collocaret.
948 5480 1137 5550 Itaque
1166 5483 1585 5550 Constantinus,
1637 5488 1896 5544 dominus

332 5580 496 5628 mens.
542 5579 595 5623 et
628 5570 794 5626 frater
826 5573 968 5640 ejus,
1004 5573 1242 5629 Thomas
1294 5577 1514 5645 despota
1575 5582 1714 5652 (erat
1748 5582 1892 5636 enim

331 5660 610 5717 nobiscum
643 5664 697 5719 in
734 5666 868 5721 urbe
903 5668 1112 5735 primus
1153 5671 1301 5725 illius
1347 5674 1545 5734 domtts
1598 5679 1702 5731 dux
1731 5676 1893 5742 ,llaul

2011 4483 2203 4552 copiis,
2257 4482 2452 4536 bellum
2508 4479 2734 4535 exarsit.
2771 4482 2927 4536 Anno
2960 4480 3100 4535 6945
3131 4482 3201 4535 ab
3253 4480 3583 4553 imperatore

2011 4581 2077 4631 ad
2115 4578 2313 4631 fratres
2340 4575 2504 4641 legati
2536 4573 2898 4643 prohissimus
2936 4576 3020 4629 vir
3072 4574 3362 4645 Dionysius
3398 4577 3584 4631 biero-

2014 4668 2335 4730 monachus,
2375 4668 2466 4737 qni
2498 4669 2844 4737 metropolita
2884 4667 3138 4723 Sardium
3178 4668 3300 4732 fuit,
3323 4679 3379 4725 et
3406 4670 3581 4727 Geor-

2011 4762 2132 4832 gius
2187 4761 2475 4831 Disypatus
2541 4759 2856 4813 bellantium
2909 4759 3172 4831 impetum
3240 4763 3579 4834 aliquantum

2011 4854 2325 4921 tnitigarunt
2350 4870 2363 4918 ;
2392 4851 2721 4922 tandemque
2751 4853 2841 4907 alii
2875 4854 3026 4910 missi
3059 4856 3245 4924 legati.
3286 4857 3580 4928 Gregorius

2009 4942 2866 4999 Melissenusbieromonachus
2927 4954 2982 5000 et
3035 4956 3193 5015 pater
3254 4949 3585 5022 spiritualis,

2006 5036 2100 5104 qui
2137 5034 2300 5089 etiam
2352 5028 2680 5104 patriarcha:
2705 5035 3028 5105 Cpolitanus
3068 5046 3259 5106 postea
3325 5036 3427 5090 fuit
3456 5050 3509 5091 et
3545 5053 3576 5090 a

2007 5128 2288 5183 nonnullis
2318 5125 2737 5197 Stratcgopulus
2790 5129 3185 5196 appellabatur,
3244 5136 3299 5182 et
3348 5144 3470 5182 eum
3507 5146 3576 5183 eo

2005 5198 2224 5274 rursum
2255 5219 2540 5289 Disypatus
2564 5230 2619 5275 et
2639 5234 2762 5289 ego,
2792 5223 2864 5275 ita
2896 5235 2991 5275 eos
3020 5221 3074 5273 in
3114 5221 3412 5275 amicitiam
3442 5238 3577 5277 con-

2006 5313 2359 5382 cordiamque
2385 5313 2720 5379 reduximus,
2747 5323 2804 5367 ttt
2821 5314 3075 5369 dominus
3094 5331 3248 5369 meus
3267 5315 3575 5373 discederet

2006 5401 2162 5471 (ἔροιὶ
2209 5403 2533 5467 habitatum,
2560 5403 2881 5460 Theodorus
2902 5415 2955 5460 et
2978 5405 3216 5462 Thomas
3239 5410 3480 5479 despotae
3518 5413 3571 5467 in

2008 5493 2380 5563 Peloponneso
2408 5507 2611 5550 essent.
2631 5498 2819 5567 itaque
2847 5497 3243 5557 Cottstantlnus
3267 5502 3357 5556 die
3378 5504 3413 5559 5
3442 5503 3573 5575 Sep-

2007 5590 2233 5642 tembris
2255 5589 2382 5642 anni
2410 5587 2548 5642 6918
2571 5590 2730 5645 Patra
2760 5609 2855 5662 per
2879 5604 3077 5648 terram
3101 5596 3165 5650 ad
3190 5595 3451 5665 Euripum
3475 5615 3572 5652 no-

2006 5681 2216 5736 biscum
2249 5679 2400 5748 abiit,
2420 5693 2471 5736 et
2504 5683 2617 5738 vela
2647 5683 2875 5742 fecimus
2898 5685 2967 5743 ab
2997 5688 3133 5743 urbe
3160 5688 3366 5757 Euripi,
3392 5692 3445 5746 iu
3477 5692 3575 5747 tri-
