3916 6196
453 257 564 314 775

1657 254 1991 331 GEORGII
2021 228 2445 314 PIIRANTZFI?

3553 265 3643 327 ’Πϐ

452 366 938 435 κατορχησάμενον
973 364 1079 416 τῶν
1124 363 1290 416 θείων
1340 363 1758 430 ἐπιταγμάτων.
1793 365 1883 432 Μὴ
1918 365 2027 430 γὰρ
2058 370 2105 425 Α
2134 341 2434 424 tat-stipa;
2459 362 2608 428 ἔσχε,
2642 360 2746 414 κᾶν
2783 361 2940 430 ὑμεῖς
2966 362 3191 432 τάληθὲς
3220 368 3423 438 σαθροῖς
3450 375 3549 428 τισὶ
3569 378 3648 432 λό’

453 459 517 529 δὴ
556 459 781 527 νομίσας
816 455 1354 525 ιϐδάπεστάλθαι
1389 472 1462 524 με
1509 455 1648 523 πρὸς
1683 456 1738 506 σὲ
1781 454 1857 516 ὡς
1885 456 2032 518 ἄξιον

454 551 584 603 ὄντα.
611 565 624 578 ·
660 549 852 617 πόρρω
882 547 992 615 γὰρ
1025 543 1072 598 εἷ
1106 548 1168 599 σὺ
1202 547 1297 597 τοῦ
1330 545 1565 606 τοιοῦτος
1609 545 1765 605 εἶναι,
1795 544 1935 597 ὥστε
1971 546 2031 596 οὐ

457 643 549 693 σοῦ
586 658 646 703 γε
683 640 863 699 ἕνεκα,
920 639 1052 689 ἀλλὰ
1100 637 1194 690 τοῦ
1257 639 1406 689 οἴκου
1447 637 1618 689 Ἰούδα
1674 639 1768 688 καὶ
1821 637 2032 689 πάντων

455 733 806 788 ἁπέσταλςιαι
840 732 948 781 τῶν
972 733 1103 782 υἱῶν
1142 730 1389 797 Ἰσραήλ.
1429 749 1446 780 ι
1490 729 1588 780 Διά
1621 729 1778 780 τοῦτο
1805 729 1897 780 οὖν
1929 729 2033 779 δώ·

456 841 536 874 σει
568 824 768 886 Κύρνος
799 823 961 880 αὐτὸς
995 822 1127 887 ὑμῖν
1164 826 1412 888 σημεῖον.
1443 821 1577 873 Ἰδοὺ
1617 822 1650 890 ἡ
1681 820 1950 888 παρθένος
1980 823 2035 872 ἐν

458 917 653 979 γαστρὶ
682 914 911 982 λήψεται
950 916 1044 966 καὶ
1076 914 1292 976 τέξεται
1338 915 1475 977 υἱὸν,
1521 915 1616 966 καὶ
1658 913 1945 964 καλέσουσι
1974 913 2034 964 τὸ

453 1004 625 1057 lia-oua
688 1006 1259 1073 αὐτοῦἘμμανουήλ.
1302 1025 1319 1056 ι
1367 1005 1428 1056 Εἰ
1483 1006 1600 1070 μὲν,
1661 1005 1734 1057 ὡς
1789 1005 1852 1056 σὺ
1907 1005 2032 1075 φῂς,

457 1100 640 1148 νεᾶνιν
669 1101 696 1148 ὁ
726 1099 1018 1163 προφήτης
1051 1100 1358 1162 προῦὶεγεν
1387 1098 1442 1147 ὲν
1478 1099 1677 1164 γαστρὶ
1709 1097 1857 1161 ἕξειν
1889 1097 2030 1161 digu-

455 1188 689 1251 ).ηκυίαν
728 1189 906 1253 ἀνδρὶ.
966 1191 1190 1254 μάταιον
1223 1185 1290 1255 ἦν
1329 1187 1566 1255 ἀτεχνῶς
1616 1189 1711 1238 καὶ
1755 1189 1875 1239 λίαν
1907 1188 2034 1240 ἀλό-

457 1298 642 1344 γιστοι
681 1282 739 1330 τὸ
796 1283 1021 1345 σημεῖον
1066 1282 1223 1331 τοῦτο
1278 1281 1486 1332 καλεῖν.
1526 1283 1688 1331 ’Ἄνευ
1729 1280 1783 1331 δὲ
1843 1281 2033 1332 τούτου

464 1375 558 1424 καὶ
586 1373 642 1422 το
679 1370 883 1435 νεᾶνις
909 1373 1026 1422 ἀντὶ
1057 1371 1151 1422 τοῦ
1197 1373 1493 1436 παρθένος
1525 1373 1777 1439 εὑρήσεις
1811 1373 2036 1438 ἐφιστὰς

463 1464 520 1512 ἐν
541 1463 615 1527 τῷ
636 1463 1062 1528 Δευτερονομίῳ.
1086 1463 1221 1528 Φησὶ
1243 1464 1352 1528 γὰρ
1374 1462 1447 1520 ὡς
1480 1479 1498 1511 ι
1529 1461 1636 1512 Ισῖάν
1666 1480 1750 1524 τις
1781 1461 2034 1529 βιάσηται

459 1557 516 1604 ἐν
542 1553 614 1617 τῷ
642 1554 805 1620 πεδίῳ
835 1554 1069 1612 νεάνιδα,
1087 1571 1104 1604 ι
1135 1553 1398 1621 παρθένον
1423 1554 1623 1621 δηλαδή
1651 1569 1665 1583 ⁸
1697 1555 1928 1623 ἀλλαχοῦ
1955 1555 2032 1618 δὲ,

467 1664 484 1695 ι
509 1644 638 1698 Ἐάν
666 1661 748 1703 τις
782 1642 916 1712 εὕρῃ
951 1645 1051 1703 τὴν
1081 1647 1244 1696 παῖδα
1270 1647 1371 1711 τὴν
1411 1648 1902 1714 μεμνηστευμένην
1941 1648 2033 1698 καὶ

2136 469 2252 518 γοις
2278 453 2371 505 καὶ
2405 452 2752 514 ἀσυστάτοις,
2780 453 3112 522 οἰκειότερον
3141 457 3192 510 δὲ
3222 461 3386 512 εἰπεῖν
3415 465 3650 535 ἀνοήτοις,

2136 543 2362 611 περιτρέ
2378 560 2493 594 πειν
2529 545 2884 612 ἐπιχειρεῖτε.
2928 546 3112 608 Ἀξιον
3147 549 3199 600 δὲ
3233 551 3361 617 μηδὲ
3392 553 3535 608 τοῦτο
3561 575 3652 611 πα-

2137 636 2423 704 ρατρέχειν
2445 636 2516 698 ὡς
2545 636 2592 686 εἰ
2617 636 2691 704 μὴ
2717 639 2770 687 ἐν
2799 640 2864 703 τῇ
2897 639 3147 707 παρθένῳ
3175 643 3352 713 Μαρίᾳ
3383 646 3436 697 τὸ
3461 654 3656 715 σημεῖον

2136 726 2326 797 εἴληφε
2387 730 2581 796 πέρας,
2626 729 2740 786 πῶς
2779 729 2835 793 ἐξ
2887 730 3054 798 αὐτῆς
3104 735 3130 784 ὁ
3162 739 3536 804 γεγεννημένος
3575 745 3661 798 οὒκ

2135 821 2198 871 ὲκ
2256 820 2570 888 θελήματος
2629 821 2832 887 σαρκὸς
2880 823 2999 874 οὐδὲ
3041 826 3101 875 ὲκ
3155 825 3442 893 θελήματος
3476 833 3657 900 ἀνδρὸς,

2140 911 2256 963 ἀλλ’
2285 913 2346 963 ὲκ
2403 912 2719 977 Πνεύματος
2752 913 2932 978 ἁγίου
2966 918 3104 967 κατὰ
3139 917 3198 967 τὸ
3238 924 3546 986 προφητικΕν
3589 924 3661 974 i6-

2136 1019 2255 1067 γιον
2315 1003 2668 1072 Ῥμμανουὴλ
2709 1005 3027 1073 ὠνομάσθη,
3075 1009 3241 1076 ἤγουν
3295 1011 3420 1062 Μεθ’
3457 1014 3594 1080 ἡνιῶν
3641 1018 3661 1067 ὁ

2135 1091 2270 1154 Θεός
2334 1094 2366 1164 ἢ
2416 1095 2657 1162 δηλονότι
2692 1098 2719 1146 ὁ
2759 1097 2889 1158 Θεὸς
2927 1099 3080 1150 ἔσται
3119 1100 3233 1166 μεθ’
3268 1103 3416 1169 ἡμῶν
3461 1104 3560 1156 τῶν
3589 1108 3664 1156 ἁν-

2138 1185 2395 1252 Θρώπιιιν,
2436 1189 2605 1254 ἤγουν
2653 1191 2840 1254 ὅμοιος
2901 1189 3030 1257 ἡμῖν
3086 1191 3366 1256 ἄνθρωπος
3413 1196 3549 1247 ἔσται
3587 1201 3664 1248 καὶ

2136 1279 2270 1340 Θεὸς
2298 1284 2322 1331 ὁ
2358 1281 2517 1342 αὐτος
2544 1280 2823 1348 ὑπάρχων.
2862 1281 3134 1342 Ὠς-πύτως
3163 1285 3214 1334 δὲ
3245 1287 3335 1337 καὶ
3367 1287 3448 1337 διά
3471 1290 3549 1338 το’
3582 1305 3664 1340 κα-

2137 1373 2400 1425 λέσουσι
2422 1378 2520 1423 τιν
2544 1373 2754 1436 πληθὺν
2776 1376 2955 1425 πᾶσαν
2978 1376 3167 1440 εἴρηκε
3197 1377 3300 1427 τῶν
3332 1377 3664 1443 ἀνθριῖιπων,ὃ

2138 1464 2233 1514 καὶ
2263 1462 2528 1528 ἐγεγόνει.
2575 1461 2798 1523 Τούτοις
2831 1462 2885 1513 δὲ
2937 1463 3027 1513 καὶ
3060 1463 3127 1514 τά
3159 1465 3213 1514 ὲν
3256 1465 3328 1528 τῷ
3365 1464 3560 1533 Βαροίιχ
3589 1463 3664 1516 τοῦ

2149 1554 2422 1622 Ἰερεμίου
2463 1556 2779 1605 παντάπασι
2813 1556 3122 1621 συμφωνεῖ·
3163 1552 3328 1615 Οὗτος
3353 1555 3474 1621 γὰρ,
3508 1555 3665 1623 φηιὶν.

2145 1667 2162 1698 ι
2190 1648 2216 1697 ὁ
2246 1647 2378 1707 Θεὸς
2410 1647 2592 1713 ἡμῶν,
2626 1647 2684 1697 οὐ
2715 1645 3109 1714 λογισθήσεται
3131 1647 3315 1712 ’ἔτερος
3349 1649 3474 1712 πρὸς
3501 1647 3662 1697 αὐτόν·

464 1735 800 1802 βιασάμενος
856 1736 1090 1804 νοιμηθῇ
1149 1739 1266 1803 μετ’
1303 1737 1494 1801 αὐτῆς,
1552 1738 1902 1790 ἀποκτενεῖτε
1947 1737 2036 1790 τὸν
2067 1721 2112 1781 Β
2146 1738 2330 1807 ἐξεῦρε
2363 1739 2527 1790 πᾶσιν
2557 1738 2674 1790 ὁδὸν
2711 1739 3043 1805 ἐπιστήμης,
3077 1758 3095 1787 ›
3131 1738 3331 1790 ὡσανεὶ
3355 1737 3542 1801 ἔλεγεν,
3566 1732 3664 1788 (li-'3:

458 1829 751 1894 ἄνθρωπον
793 1827 976 1894 μόνον,
1015 1825 1110 1878 καὶ
1143 1829 1206 1893 τῇ
1241 1827 1442 1878 νεάνιδι
1483 1827 1541 1878 οὐ
1574 1829 2036 1897 ποιήσετεοὺδέν.

467 1919 577 1970 Καὶ
601 1920 626 1968 ὁ
657 1918 896 1984 Ἔσδρας
925 1918 981 1969 δὲ
1021 1919 1238 1969 νεάνιδα
1268 1919 1425 1971 καλεῖ
1454 1919 1554 1988 τὴν
1580 1921 1657 1988 τῷ
1693 1921 1906 1988 βασιλεῖ
1948 1921 2042 1973 καὶ

463 2011 723 2079 προφήτῃ
765 2011 928 2062 Δαῦὶδ
982 2013 1322 2079 γεγηρακότι
1380 2015 1840 2082 συγκοιμωμένην
1897 2031 2039 2083 παρ-

463 2102 642 2164 θένον,
678 2103 712 2172 ἥ
763 2103 1143 2169 περιθάὶψεως
1190 2105 1342 2172 αὐτῷ
1383 2106 1546 2174 χάριν
1578 2106 1683 2158 ὑπὸ
1717 2110 1913 2173 γήρεος
1938 2124 2041 2160 κα-

462 2195 793 2264 τεψυγμένοι
838 2197 1204 2262 συνεκοιμᾶτο
1251 2199 1344 2248 καὶ
1371 2198 1524 2250 οὐδὲν
1557 2199 1746 2267 ’ἐτερόν
1777 2218 1852 2253 τι.
1903 2200 2044 2264 Φησὶ

462 2287 572 2354 γάρ
603 2289 683 2338 ὅτι
715 2289 809 2338 καὶ
834 2289 932 2339 οὐκ
963 2287 1104 2353 ἔγνω
1138 2286 1346 2356 ταύτην
1379 2292 1406 2342 ὁ
1456 2287 1736 2359 βασιλεὺς.
1770 2290 1924 2342 Ἐπεὶ
1961 2291 2040 2357 δὲ,

465 2379 654 2450 ὥσπερ
687 2378 935 2444 εἴπομεν.
983 2381 1078 2432 καὶ
1117 2381 1176 2433 τὸ
1209 2382 1495 2435 συλλαϐεῖν
1537 2385 1776 2448 γυναῖκα
1824 2400 2044 2449 συγκοι-

470 2475 730 2543 μωμένην
763 2475 918 2542 ἀνδρὶ
951 2475 1139 2527 καινδν
1165 2475 1318 2527 οὐδὲν
1342 2470 1431 2545 ἦν,
1471 2475 1594 2528 οὐδὲ
1636 2478 1865 2544 σημεῖον
1899 2477 2044 2528 εἰκό-

462 2586 571 2631 τως
603 2569 745 2621 τοῦτ’
779 2569 845 2622 ἂν
900 2571 1157 2622 ἐκάλεσεν
1198 2572 1225 2622 ὁ
1256 2574 1563 2641 προφήτης,
1607 2571 1856 2626 λείπεται
1886 2572 2044 2624 τοῦτο

465 2660 710 2727 νομίζειν
764 2661 928 2712 αὑτὸν
985 2663 1266 2732 εἰρηκέναι
1321 2665 1546 2731 σημεῖον
1595 2664 1841 2716 δεδόσθαι
1894 2663 2046 2730 παρὰ

465 2751 625 2815 Θεοῦ,
674 2753 734 2805 τὸ
770 2752 1038 2823 παρθένον
1075 2755 1203 2808 ἄνευ
1239 2756 1428 2825 ἀνδρὸς
1471 2759 1686 2810 τεκεῖνο
1719 2757 1745 2808 ὃ
1790 2756 1948 2827 169
1981 2757 2044 2827 δὴ

465 2946 586 2996 zus,
619 2947 717 2984 nec
748 2931 926 2986 facere
955 2933 1207 2999 voluerit,
1241 2934 1384 3002 quod
1419 2949 1448 2987 a
1495 2933 1601 2986 Deo
1634 2933 1682 2988 ei
1722 2935 2042 2987 mandatum

465 3025 983 3078 crat.Ai-hitramur
1039 3025 1222 3093 igitur,
1287 3041 1434 3090 eum,
1489 3025 1632 3092 quod
1678 3028 1838 3078 homo
1894 3031 2039 3078 esset

2143 1832 2322 1882 πᾶσαν
2375 1831 2692 1896 ἐπιστήμην
2743 1830 2817 1890 ὡς
2871 1830 3177 1891 αὑτοσοφία
3221 1828 3314 1891 ὢν,
3362 1833 3450 1881 καὶ
3497 1835 3665 1891 πάντας

2142 1927 2267 1985 τοὺς
2293 1924 2483 1989 λόγους
2517 1924 2694 1976 αὐτῶν
2732 1923 2808 1978 ὡς
2837 1924 3179 1993 δημιουργδς
3210 1924 3392 1976 αὐτῶν
3422 1923 3509 1984 ὢν,
3553 1943 3566 1973 ι
3595 1925 3666 1975 καὶ

2144 2015 2342 2069 ἔδωκεν
2397 2016 2568 2086 αὐτὴν
2613 2017 2814 2069 Ἰακὼὸ
2869 2017 2946 2083 τῷ
2983 2017 3140 2068 παιδὶ
3191 2015 3377 2077 αὑτοῦ,
3415 2035 3432 2066 ι
3464 2017 3568 2080 ἦτοι
3606 2015 3666 2084 τῷ

2142 2109 2311 2179 δούλῳ
2336 2108 2523 2176 αὑτοῦ,
2565 2128 2583 2161 ι
2622 2111 2721 2160 καὶ
2755 2109 2977 2176 Ἰσραὴλ
3008 2109 3087 2178 τῷ
3123 2109 3462 2178 ἠγαπημένῳ
3488 2108 3665 2161 ὑπἀὑ·

2141 2202 2269 2254 τοῦθ
2301 2201 2440 2270 μετὰ
2489 2202 2544 2252 δὲ
2603 2198 2780 2253 ταῦτα
2826 2202 2920 2252 ἐπὶ
2953 2201 3054 2267 τῆς
3114 2201 3221 2271 γῆς
3265 2197 3415 2270 ὤφθη
3461 2200 3666 2261 καὶτοῖς

2143 2293 2455 2363 ἀνθρώποις
2492 2309 2682 2345 συνανε
2695 2294 2931 2361 στράφη.
2970 2311 2988 2338 ι

2213 2384 2371 2446 Ξᾶνος
2418 2387 2599 2455 ἐρωτᾷ
2624 2402 2639 2416 ο
2696 2404 2714 2436 ι
2749 2386 2996 2453 Μηδενός
3029 2403 3118 2438 πω
3165 2386 3273 2438 τῶν
3314 2387 3368 2451 ὲξ
3418 2387 3605 2448 αἰῶνος,
3632 2381 3667 2439 ὦ

2146 2476 2389 2545 βασιλεῦ.
2447 2477 2754 2545 ἀνθρώπων
2802 2478 2942 2544 ὑπὲρ
2980 2480 3048 2530 τὰ
3090 2481 3240 2548 χίλια
3291 2479 3384 2545 ἐτη
3427 2480 3667 2548 ζήσαντος,

2144 2568 2258 2629 πῶς
2277 2569 2438 2620 αὑτὸν
2459 2571 2550 2620 τὸν
2574 2569 2818 2621 Μεσσίαν
3028 2571 3397 2639 τετρακοσίων
3419 2570 3562 2635 ἐγγίκ
3589 2567 3665 2636 ἤδη

2144 2660 2238 2711 καὶ
2273 2659 2461 2728 χιλίων
2496 2661 2902 2729 παρῳχηκότων
2933 2660 3206 2724 ἐνιαυτῶν
3235 2661 3314 2712 ἔτι
3347 2660 3441 2730 ζῇν
3484 2658 3670 2726 ὕπειλή-

2145 2769 2277 2819 φατε
2305 2769 2319 2816 ;
2358 2751 2647 2806 Ἀδύνατον
2680 2754 2810 2822 γάρ.
2844 2753 2905 2805 El
2934 2752 2978 2806 δ’
3012 2753 3314 2807 ἀποθανεῖν
3341 2753 3542 2824 φαίητε,
3567 2748 3671 2820 ψεῦ-

2143 2944 2449 2999 parumqne
2483 2931 2874 2985 convenienter
2911 2931 3016 2986 hoc
3047 2933 3320 3000 prapheta
3378 2933 3568 3002 signum
3597 2943 3675 2982 no-

2145 3024 2451 3077 minaturus
2503 3023 2719 3088 fuisset,
2761 3025 3106 3094 relinquitur,
3152 3039 3209 3080 ut
3265 3037 3521 3096 putemus,
3577 3037 3674 3077 eum

466 3118 706 3170 vanitate
740 3129 793 3170 et
830 3119 1068 3170 amentia
1099 3119 1424 3181 obstrictus,
1456 3135 1518 3172 ac
1552 3119 2039 3189 pseudoprophetis

2146 3114 2248 3166 hoc
2278 3116 2489 3180 signum
2525 3129 2553 3168 a
2597 3115 2703 3168 Deo
2733 3117 2919 3168 datum
2963 3117 3030 3170 iri
3076 3119 3295 3186 dicere,
3331 3127 3386 3171 ut
3438 3117 3588 3180 virgo,
3613 3111 3678 3163 vi-

464 3217 518 3260 ct
546 3207 786 3263 fatidicis
813 3219 867 3263 et
898 3210 1055 3263 istius
1089 3213 1304 3277 generis
1359 3212 1481 3264 aliis
1509 3213 1908 3280 impostoribus
1960 3214 2043 3267 in-

467 3301 664 3360 hiaret.
698 3302 880 3354 divina
917 3303 1169 3354 mandata
1198 3312 1551 3356 contemnere
1582 3320 1690 3357 non
1723 3315 2041 3359 cunctatum

465 3407 605 3445 esse.
648 3391 800 3445 Unde
840 3393 1029 3453 Isaias,
1068 3394 1414 3446 insolentiam
1460 3396 1618 3449 istam
1663 3407 1716 3449 ct
1754 3397 2042 3464 impuden-
2075 3402 2080 3406 ’

467 3483 596 3534 tiam
624 3483 673 3536 ei
733 3485 1119 3550 exprobrans:
1168 3502 1185 3534 ι
1227 3483 1457 3546 Idcirco,
1510 3485 1711 3554 inquit,
1779 3485 2042 3543 Dominus

466 3571 580 3638 ipse
640 3572 796 3626 dab't
860 3573 1015 3626 vobis
1075 3575 1313 3643 signum.
1357 3594 1375 3626 ι
1437 3575 1539 3640 Qui
1594 3577 1839 3630 videlicet
1895 3579 2042 3632 misit

469 3681 554 3716 ine
591 3665 656 3718 ad
700 3675 749 3718 te
785 3665 1070 3732 profanum
1102 3674 1153 3718 et
1183 3666 1408 3734 impium
1434 3680 1489 3720 et
1549 3667 1899 3722 insultantem
1945 3668 2045 3721 im-

464 3756 632 3822 periis
680 3756 900 3811 divinis.
957 3756 1070 3809 Noli
1129 3758 1274 3810 enim
1336 3758 1674 3821 existimare,
1744 3775 1829 3813 me
1869 3760 1936 3812 ad
1981 3769 2034 3814 te

467 3848 700 3902 missum
726 3865 870 3913 csse,
898 3850 1025 3918 quia
1053 3849 1252 3919 dignus
1278 3851 1352 3904 sis
1381 3870 1393 3905 :
1430 3852 1658 3904 multum
1720 3852 1895 3907 abest.
1941 3852 2046 3906 Ita—

463 3957 571 4011 que
597 3957 703 3994 non
736 3953 957 4009 propter
984 3951 1054 4004 te,
1121 3942 1214 3996 sed
1248 3954 1467 4012 propter
1493 3943 1715 3997 domum
1771 3942 1932 4009 Juda,
1988 3953 2044 3998 et

465 4034 756 4087 universos
795 4033 939 4086 lilios
975 4033 1140 4086 Israel
1184 4033 1387 4088 missus
1449 4049 1594 4087 sum.
1644 4052 1662 4084 ι
1706 4033 1912 4088 Idcirco
1945 4035 2044 4103 igi-

467 4130 556 4174 tur
587 4120 855 4174 Dominus
892 4121 1008 4189 ipse
1038 4121 1188 4175 dabit
1226 4123 1380 4177 vobis
1411 4124 1646 4190 signum.
1709 4125 1848 4178 Ecce
1891 4127 2043 4196 virgo

461 4215 756 4284 concipiet,
784 4225 838 4268 et
871 4214 1048 4283 pariet
1079 4214 1267 4276 Iilimn,
1303 4225 1357 4267 et
1381 4216 1651 4269 vocabunt
1679 4231 1875 4270 nomen
1924 4218 2043 4287 ejus

463 4305 896 4360 Emmanuelem.
939 4323 957 4355 ι
1000 4304 1156 4370 Quod
1210 4305 1279 4368 si,
1341 4317 1398 4360 ut
1454 4316 1508 4360 tu
1575 4307 1735 4372 dicis,
1781 4309 2042 4378 propheta

2147 3219 2265 3258 rum
2321 3205 2544 3257 minime
2591 3221 2775 3272 passa,
2849 3207 3018 3260 lilium
3083 3209 3321 3263 ederet:
3393 3206 3523 3276 quod
3575 3217 3680 3279 sane

2127 3300 2399 3343 'evenlum
2435 3291 2644 3353 habuit,
2701 3296 3059 3361 quantumvis
3119 3313 3227 3350 vos
3270 3298 3533 3350 veritatem
3564 3307 3679 3345 niar-
3713 3337 3716 3340 ,

2146 3382 2280 3436 cidis
2308 3383 2559 3452 maleque
2589 3385 3015 3450 cohaerentibus,
3049 3398 3175 3454 aut,
3218 3401 3274 3442 ut
3302 3389 3468 3442 diram
3493 3387 3678 3447 rectius,

2145 3473 2360 3527 stolidis
2408 3477 2746 3542 argumentis
2803 3488 3048 3533 everte-re
3082 3483 3386 3534 conamini.
3426 3478 3526 3532 Nec
3571 3475 3678 3530 illud

2146 3564 2227 3618 Ias
2258 3575 2342 3621 est
2407 3581 2512 3620 nos
2573 3567 2873 3635 praterire,
2925 3569 3029 3623 nisi
3072 3572 3123 3622 in
3173 3573 3380 3641 virgine
3414 3570 3566 3624 Maria
3599 3569 3683 3621 hoc

2145 3657 2360 3724 signum
2399 3668 2652 3710 eventum
2689 3658 2988 3722 habuisset,
3022 3663 3308 3729 quomodo
3345 3678 3408 3714 ex
3436 3681 3493 3713 ea
3528 3672 3680 3721 natus,

2146 3764 2253 3802 ιιοιι
2287 3765 2353 3804 ex
2409 3751 2686 3804 voluntate
2741 3752 2946 3816 carnis,
2997 3768 3096 3806 nec
3151 3771 3218 3809 ex
3275 3755 3540 3806 voluntate
3581 3747 3680 3813 viri,

2146 3841 2239 3896 sed
2272 3856 2337 3895 ex
2368 3839 2572 3908 Spiritu
2619 3849 2808 3895 sancto
2843 3843 3151 3896 secundum
3193 3845 3464 3912 prapheta:
3518 3854 3678 3894 oracu-

2147 3935 2256 3987 lum
2325 3943 2552 3988 vocatus
2614 3936 2686 3987 sit
2747 3931 3089 3994 Emmanuel,
3165 3935 3219 3988 id
3266 3945 3369 4000 est,
3423 3932 3680 3988 Nobiscum

2145 4025 2464 4094 Deuszquo
2487 4028 2743 4079 nimirum
2799 4026 3152 4096 signiﬁcavit,
3214 4027 3382 4082 Deum
3433 4027 3678 4080 nobiscum

2147 4118 2260 4174 fore
2289 4120 2383 4187 qui
2412 4133 2601 4173 sumus
2627 4119 2896 4180 homines,
2929 4119 3044 4174 sive
3092 4119 3344 4175 similem
3366 4119 3511 4174 nobis
3533 4114 3683 4169 homi-

2150 4227 2268 4264 nem
2298 4210 2415 4264 Iore
2443 4219 2496 4264 et
2529 4221 2710 4265 tamen
2744 4211 2997 4264 eumdem
3027 4209 3223 4266 Deum.
3253 4211 3409 4276 Quod
3431 4219 3482 4265 et
3508 4208 3679 4263 factum

2143 4311 2248 4354 est.
2298 4300 2443 4353 Idem
2499 4301 2667 4354 verbo
2726 4318 2746 4352 ι
2812 4302 3087 4357 vocabunt
3137 4321 3157 4355 ι
3224 4305 3440 4374 generis
3491 4297 3680 4355 humani

463 4397 956 4460 adolescentulam,
991 4411 1194 4462 marem
1227 4411 1466 4465 passam,
1496 4414 1886 4468 concepturam
1911 4417 2036 4458 esse

2147 4391 2558 4444 universitatem
2613 4391 2978 4460 signiﬁcavit:
3016 4395 3163 4462 quod
3201 4406 3256 4449 et
3312 4395 3486 4464 ipsum
3516 4400 3678 4446 eventu

465 4490 808 4560 praediceret,
839 4502 1070 4556 prorsus
1099 4488 1339 4563 ineptum
1402 4489 1541 4544 foret
1569 4501 1621 4546 et
1653 4493 1720 4546 ab
1775 4494 1923 4547 omni
1958 4510 2043 4547 ra-

469 4582 617 4636 tione
653 4581 915 4646 alienum,
976 4579 1120 4633 istud
1186 4581 1400 4644 signum
1437 4584 1735 4652 appellare.
1770 4585 2040 4640 Prazterea

464 4670 930 4725 adolescentulam
992 4686 1088 4738 pro
1122 4671 1329 4740 virgine
1392 4674 1624 4742 positam
1680 4674 1950 4740 invenies,
1994 4676 2038 4730 si

463 4764 783 4827 attenderis,
817 4765 870 4818 in
932 4763 1382 4828 Deuteronomio,
1439 4768 1531 4820 ubi
1597 4769 1712 4822 haec
1748 4769 2039 4840 leguntur:

437 4922 439 4924 _
472 4878 490 4909 ι
529 4858 803 4927 Si-quisin
840 4874 970 4928 agro
994 4859 1277 4915 violaverit
1309 4859 1799 4924 adolescentulam,
1830 4881 1848 4914 ι
1883 4847 2045 4919 idest

466 4949 773 5019 virginem;
841 4959 894 5003 et
951 4950 1102 5015 alibi,
1173 4969 1192 5001 ι
1243 4951 1299 5004 Si
1363 4952 1487 5020 quis
1537 4952 1810 5007 invenerit
1870 4955 2038 5010 tiliam

461 5056 724 5109 sponsam
758 5042 920 5110 eique
949 5042 998 5095 vi
1031 5041 1172 5094 facta
1207 5043 1590 5099 concubuerit.
1655 5045 1923 5098 occidetis
1949 5063 2042 5101 so-

463 5137 573 5188 lum
609 5135 904 5196 hominem,
958 5137 1011 5189 in
1064 5133 1526 5189 adolescentulam
1558 5135 1981 5194 nihilstatuctis.
2017 5159 2034 5192 ι

462 5229 642 5298 Atque
677 5229 876 5283 Esdras
911 5229 1176 5298 virginem
1210 5227 1360 5280 illaut
1416 5221 1539 5280 cum
1577 5226 1782 5283 Davide
1831 5247 1956 5300 rege
1987 5243 2042 5286 et

461 5321 725 5388 propheta
755 5321 866 5391 jam
915 5323 1070 5374 senio
1122 5318 1374 5374 confecto
1433 5321 1746 5385 cubantem,
1807 5339 1916 5376 non
1972 5327 2042 5378 ob

459 5412 628 5477 aliud,
669 5413 770 5465 nisi
807 5424 863 5463 ιιι
897 5412 1053 5465 annis
1080 5411 1190 5480 jam
1224 5411 1513 5481 frigentem
1570 5412 1796 5479 Ioveiet,
1854 5417 2040 5469 adole—-

461 5505 766 5558 seentnlam
799 5513 974 5558 vocat.
1001 5504 1143 5558 Dicit
1203 5505 1346 5557 enim
1381 5519 1407 5556 a
1453 5520 1578 5573 rege
1633 5521 1750 5557 cam
1787 5522 1892 5558 non
1936 5507 2038 5560 ini-

464 5602 572 5644 tam
615 5608 757 5647 esse.
795 5592 1064 5658 Quoniam
1096 5595 1280 5664 igitur,
1353 5603 1410 5656 ut
1458 5595 1722 5660 diximus,
1775 5594 2035 5650 feminam

462 5696 492 5734 α
543 5683 659 5736 viro
718 5699 1091 5753 compressam
1126 5687 1418 5756 concipere
1471 5686 1608 5740 nihil
1664 5703 1859 5741 ιιοιιιιιι
1902 5701 2034 5756 erat,

2145 4483 2562 4550 camprobatnm
2611 4493 2712 4536 est.
2755 4481 2890 4536 Cum
2942 4484 3027 4539 his
3072 4484 3240 4539 etiam
3295 4485 3537 4540 .leremite
3585 4485 3681 4548 qua:

2143 4581 2272 4626 sunt
2301 4573 2444 4640 apud
2481 4573 2792 4627 Baruchum
2821 4578 3032 4643 penitus
3061 4557 3440 4633 consentiunt.
3471 4577 3518 4630 Is
3541 4575 3680 4635 enim,

2151 4683 2170 4717 ι
2213 4667 2355 4721 Deus
2387 4675 2592 4731 noster,
2626 4667 2819 4736 inquit.
2853 4683 2960 4723 non
3023 4672 3324 4726 habebitur
3374 4673 3604 4725 diversus
3626 4664 3680 4718 ab

2143 4775 2227 4813 eo.
2263 4757 2471 4812 Invenit
2518 4761 2776 4815 omnibus
2805 4768 2945 4817 viam
2983 4765 3252 4827 scientiae,
3297 4784 3317 4818 ι
3369 4763 3519 4833 quasi
3554 4760 3680 4814 dice-

2146 4861 2249 4928 ret,
2308 4852 2462 4905 novit
2493 4867 2713 4906 omnem
2751 4853 3060 4919 scientiam,
3106 4862 3164 4908 ut
3220 4855 3318 4924 qui
3349 4863 3432 4910 est
3484 4855 3589 4922 ipsa
3610 4864 3680 4903 sa-

2144 4945 2381 5014 pientia,
2440 4954 2494 5000 et
2543 4960 2735 4999 omnes
2797 4960 3082 5002 sermones
3139 4964 3357 5011 eorum,
3419 4956 3474 5001 ιιι
3519 4954 3682 5000 eorum

2142 5035 2416 5099 Conditor.
2457 5054 2475 5086 ι
2523 5044 2686 5104 atque
2726 5035 2876 5089 dedit
2920 5053 3039 5090 eam
3066 5038 3274 5093 Jacobo
3324 5055 3490 5108 puero
3532 5048 3681 5096 sum!

2143 5128 2195 5181 id
2220 5137 2323 5190 est,
2352 5141 2513 5182 servo
2544 5142 2664 5192 suo,
2713 5145 2732 5178 ι
2781 5136 2833 5181 et
2864 5125 3048 5182 Israeli
3086 5145 3115 5183 a
3150 5145 3210 5183 se
3263 5131 3460 5184 dilecto
3486 5145 3498 5191 ;
3526 5137 3683 5195 postea

2144 5234 2326 5274 autem
2360 5220 2414 5274 in
2451 5229 2594 5276 terra
2633 5223 2781 5276 visus
2811 5229 2866 5275 et
2905 5237 3028 5276 cum
3063 5222 3383 5277 hominibus
3428 5228 3686 5276 conversa-

2145 5319 2231 5365 ιιιε
2255 5323 2357 5366 est.
2397 5330 2416 5363 ι

2213 5405 2400 5460 chus
2433 5403 2830 5475 interrogavit:
2863 5423 2882 5456 ι
2911 5403 3048 5461 Cum
3080 5414 3200 5474 post
3235 5403 3486 5458 homines
3531 5405 3686 5464 natos,

2145 5501 2462 5568 imperator,
2497 5501 2678 5554 nullus
2713 5514 2951 5568 unquam
2986 5501 3127 5553 ultra
3157 5513 3337 5553 annos
3378 5497 3520 5551 mille
3555 5494 3686 5546 vixe-

2147 5595 2236 5658 rit,
2273 5610 2382 5664 qno
2422 5603 2577 5660 pacto
2610 5594 2785 5664 ipsum
2817 5593 3065 5647 Messiam
3089 5595 3195 5662 jam
3227 5591 3387 5646 annis
3418 5589 3536 5658 plus
3559 5584 3686 5640 mille

2144 5700 2192 5743 ct
2219 5688 2629 5760 quadringentis
2657 5685 2946 5758 prateritis
2967 5687 3148 5741 adhuc
3165 5686 3346 5740 vivere
3368 5679 3649 5753 opinamini
3669 5677 3688 5727 7
