3916 6196
253 222 264 229 λ.
311 201 418 261 ππ
602 214 639 236 ,ρ

1361 199 1803 258 CHRONICUN
1845 198 2111 255 MMUS.
2147 221 2214 232 --
2242 197 2388 258 LIB.
2425 191 2512 259 Π.

3450 191 3575 262 778,

303 308 394 369 δος
427 303 585 366 αὖθις
614 305 916 374 περιφανὲς
945 304 1106 358 αὐτὸν
1137 299 1278 357 εἶναι
1320 309 1409 358 τὶν
1439 305 1705 359 Μεσσίαν.
1751 303 1885 355 οὐδὲ
1922 311 1963 362 Α
1993 299 2165 356 ταῦτα
2218 303 2350 372 γοῦν
2383 297 2588 366 "lilia;
2647 302 2752 356 ὑπὸ
2787 300 2924 354 Θεοῦ
2978 299 3362 370 πεμφθήσεται
3413 300 3554 362 τότε,

304 398 414 467 τὰρ
451 395 640 457 Ἠλίας
658 390 844 464 ἦλθεν,
884 393 959 456 ὥς
989 411 1178 463 φασιν,
1210 395 1723 478 αὖτὸνγεννηθέιτα
1760 395 1879 464 χρῖ-

308 505 418 541 σαι.
448 504 467 537 ι
487 487 547 539 Ὀ
570 486 828 556 βασιλεὺς
851 486 1174 555 ἀποκριθείς
1199 503 1213 518 ⁸
1239 505 1257 536 ι
1295 487 1592 548 Πλανᾶσθε,
1621 486 1770 547 Ξένε,
1807 484 1882 554 μὴ

305 581 530 642 εἰδότεςκ
562 580 661 642 τὰς
705 577 933 648 Γραφάς
990 577 1124 646 μηδὲ
1155 577 1254 646 τὴν
1302 578 1531 646 δύναμιν
1581 578 1674 631 τοῦ
1721 577 1877 630 Θεοῦ.

307 669 505 734 Ἥξειν
543 669 644 738 μὲν
692 670 804 738 γὰρ
849 669 943 721 τὸν
977 667 1247 738 Θεσϐίτην
1289 669 1477 722 Ἠλίαν
1520 673 1614 722 καὶ
1663 670 1880 736 λέγεται

305 762 402 813 καὶ
437 759 780 822 πιστεύεται,
825 761 925 813 οὐκ
955 759 1048 811 ἐπὶ
1077 760 1136 812 τὸ
1182 760 1367 830 χρῖσαί
1400 777 1463 826 γε
1498 761 1603 829 μὴν
1636 763 1724 813 τὸν
1767 761 1881 814 Κύ-

308 868 426 920 ριον
447 867 463 882 ο
497 851 614 905 ἀλλ’
642 851 878 921 ἐπείπερ
926 852 1218 904 ἀπόκειταί
1247 869 1366 904 τινα
1411 853 1738 921 γεννηθῆναι
1779 865 1881 920 μυ-

304 941 482 1010 σαρὸν
517 943 806 1012 ἄνθρωπον
837 945 900 994 ἐκ
931 943 1022 994 τοῦ
1063 943 1275 1009 γένους,
1301 942 1378 1005 ὦς
1404 944 1537 1009 φασί
1569 961 1734 1005 τινες,
1771 946 1880 998 τῶν

311 1031 614 1103 Ἐϐραίων,
648 1036 834 1087 πᾶσαν
872 1037 929 1087 ὲν
977 1033 1158 1104 ἐαυτῷ
1190 1036 1476 1103 δεξόμενον
1506 1035 1599 1088 τοῦ
1629 1037 1878 1090 διαϐόλου

304 1123 410 1191 τὴν
447 1123 756 1192 ἐνέργειαν,
783 1126 874 1178 καὶ
903 1127 1078 1177 ποιεῖν
1110 1125 1178 1177 δι’
1213 1127 1384 1195 αὐτῆς
1432 1130 1635 1196 σημεῖα
1665 1128 1758 1181 καὶ
1790 1129 1879 1182 τέο

309 1229 472 1280 ρατα,
508 1213 643 1266 Θεὸν
687 1214 882 1266 ἑαυτὸν
934 1216 1027 1267 καὶ
1059 1215 1298 1282 Χριστὸν
1346 1215 1698 1284 ὀνομάζοντα,
1739 1217 1881 1271 ὥστε

307 1305 386 1374 μὴ
422 1304 585 1372 μόνον
616 1303 848 1368 πολλοὺς
889 1305 999 1358 τῶν
1029 1305 1138 1359 τότ’
1173 1306 1343 1358 ὄντων
1373 1307 1711 1376 πλανηθῆναι
1747 1311 1881 1379 Χρι-

305 1395 570 1460 στιανῶν,
603 1396 738 1449 ἀλλὰ
760 1396 822 1448 τὸ
853 1396 1352 1466 καταλελειμμένον
1380 1397 1564 1464 ὀλίγον
1599 1401 1763 1468 μέρος
1784 1399 1879 1453 τοῦ

304 1487 504 1554 γένους
533 1488 644 1539 τῶν
669 1487 940 1540 Ἰουδαίων
968 1490 1087 1557 ἢτοι
1111 1489 1302 1552 ἔθνους
1331 1493 1396 1560 τῇ
1430 1491 1599 1564 πλάνῃ
1629 1492 1723 1543 τοῦ
1767 1493 1882 1544 Ἀν-

302 1576 588 1644 τιχρίστου
622 1579 970 1648 συναπαχθῇ,
1002 1579 1154 1648 ἥξειν
1200 1579 1335 1646 φασὶ
1367 1582 1669 1648 τηνικαῦτα
1704 1583 1796 1634 τόν
1823 1600 1880 1634 τε

1983 395 2104 462 οὐχὶ
2141 395 2208 458 δ’,
2235 396 2310 458 ὡς
2335 397 2516 464 ὑμεῖς,
2545 395 2751 466 χρίσων
2782 394 2872 448 τὴν
2903 394 3154 448 Μεσσίαν
3179 410 3192 424 ·
3229 392 3291 445 τὸ
3315 394 3426 463 γάρ
3452 412 3554 446 τοι·

1984 485 2126 537 αὕτα
2161 485 2472 552 λογοποιεῖν
2500 487 2733 555 ἀμαθῶν
2767 489 2937 548 ἐστιν,
2973 485 3048 549 ῶς
3085 484 3186 538 πού
3213 501 3276 554 γε
3319 487 3555 556 εἰρηκὼς

1984 576 2176 644 ἔφθην,
2229 578 2321 628 καὶ
2349 578 2446 643 τῆς
2494 578 2719 645 Γραφῆς
2777 579 3126 629 παντάπασιν
3175 578 3459 646 ἀμυήτων.
3501 580 3558 628 't)

1981 666 2039 718 δὲ
2070 666 2323 734 Χριστὸς.
2349 668 2485 720 καθὸ
2516 669 2616 736 μὲν
2638 668 2792 732 Θεὸς,
2821 669 2916 722 καὶ
2946 667 3102 739 ὲν,τῷ
3133 669 3348 739 οὐρανῷ
3382 671 3472 722 καὶ
3501 674 3557 721 ἐν

1983 759 2048 825 τῇ
2073 760 2142 826 γῇ
2175 759 2290 810 ἐστι
2323 760 2414 811 καὶ
2441 761 2496 811 ὲν
2519 759 2596 829 τῷ
2618 762 2895 814 παντὶκαὶ
2917 761 3055 828 ὑπὲρ
3074 762 3134 813 τὸ
3156 764 3262 815 πᾶν
3288 763 3303 829 (
3317 761 3426 815 Τὸν
3447 779 3478 829 γ
3499 783 3503 786 -
3526 779 3556 831 ρ

1983 848 2244 915 οὐρανὸν
2276 850 2373 902 καὶ
2406 850 2520 917 τῆν
2561 849 2678 918 γῆν
2707 851 2821 918 ἐγὼ
2848 851 3075 918 πληρῶ,
3104 851 3256 920 λέγει
3287 853 3513 922 Κύριος)
3537 873 3551 886 ο

1985 941 2120 992 καθὸ
2163 941 2220 994 δὲ
2250 940 2560 1011 ἄνθρωπος,
2598 943 2724 995 οὔτε
2763 941 2911 1011 χίλια
2943 943 3038 1013 ἐτη
3087 942 3281 1013 ἔζησεν
3309 943 3432 997 οὔτε
3467 948 3553 996 ἐν.

1983 1031 2160 1084 ταῦθα
2190 1034 2358 1103 ἤγουν
2406 1037 2461 1086 ὲν
2491 1037 2555 1102 τῇ
2600 1037 2670 1104 γῇ
2726 1038 2898 1098 ἐστιν,
2935 1035 3050 1087 ἀλλ’
3087 1035 3248 1104 ἔζησε
3286 1039 3385 1104 μὲν
3415 1039 3556 1104 ὑπὲρ

1981 1123 2050 1174 τά
2072 1123 2371 1191 τριάκοντα
2402 1123 2521 1192 ἔτη,
2558 1124 2896 1191 σταυρωθεὶς
2922 1124 2976 1176 δὲ
3009 1124 3114 1176 ὑπὸ
3147 1123 3255 1176 τῶν
3282 1125 3556 1176 κακίστων

1984 1215 2241 1290 πατέρων
2287 1213 2440 1282 ὑμῶν
2486 1213 2760 1282 ’τέθνηκε⁹
2793 1215 2886 1268 καὶ
2931 1214 2991 1266 τὸ
3033 1214 3132 1282 μὲν
3179 1215 3336 1280 ἅγιον
3392 1215 3554 1266 αὑτοῦ

1984 1304 2143 1370 σῶμα
2178 1306 2336 1372 ἐτέθη
2364 1307 2420 1357 ἐν
2459 1306 2732 1374 μνημείῳ,
2771 1306 2976 1374 φθορὰν
3011 1307 3111 1375 μὲν
3145 1306 3462 1374 δεξάμενον,
3494 1309 3556 1358 οὐ

1981 1396 2282 1465 διαφθοράν
2309 1399 2364 1451 δέ
2388 1414 2400 1426 °
2448 1399 2482 1468 ἠ
2511 1399 2565 1450 δὲ
2601 1398 2718 1450 θεία
2759 1400 3077 1462 ὑπόστασις,
3121 1399 3448 1468 ἀχωρίστους
3479 1399 3557 1465 τῷ

1985 1486 2382 1555 προσλήμματι
2436 1489 2710 1557 ἡνωμένη,
2759 1487 3028 1556 κατῆλθεν
3087 1489 3166 1551 είς
3200 1488 3331 1558 ᾅδου
3386 1489 3553 1557 cum

1986 1576 2082 1626 σὺν
2110 1579 2174 1642 τῇ
2207 1576 2328 1645 θείᾳ
2365 1577 2531 1645 ψυχῇ,
2567 1578 2775 1639 πάντας
2829 1577 2932 1644 μὲν
2965 1575 3074 1627 τῶν
3121 1576 3352 1644 χρονίων
3399 1577 3553 1628 ὲλευ-

314 1666 510 1720 Ἦλίαν
530 1669 627 1722 καὶ
647 1669 820 1738 Ἑνὼχ
839 1671 1290 1739 ἀπεσταλμένους
1313 1672 1417 1724 ὑπὸ
1438 1675 1572 1725 Θεοῦ
1598 1676 1881 1745 σπλάγχνα
1920 1659 1957 1714 θ
1987 1666 2277 1733 059071”-
2325 1669 2566 1736 δεσμῶνν
2622 1670 2982 1735 ἀναστήσασα
3023 1668 3078 1719 δδ
3130 1671 3248 1736 μετ’
3301 1670 3554 1733 ἐξουσίας

305 1758 613 1827 οίκτιρμῶν
646 1759 921 1824 λαὸόντος,
950 1760 1161 1827 διδάξαι
1193 1777 1252 1813 τε
1289 1763 1384 1814 καὶ
1407 1765 1735 1833 ἐπιστρέψαι
1757 1767 1884 1828 τούς

306 1867 368 1902 τε
438 1851 632 1914 ἄλλους
678 1852 776 1904 καὶ
828 1852 894 1920 δὴ
949 1852 1008 1905 τὸ
1058 1853 1406 1924 ταλαίπωρον
1463 1853 1570 1907 τῶν
1613 1857 1883 1923 Ἐὄραίων

161 5601 190 5621 σ

309 1939 464 2003 levo;
493 1943 571 2002 είς
607 1943 702 2010 τὴν
728 1943 817 1993 τοῦ
848 1944 1108 2012 Χριστοῦ,
1144 1947 1340 1996 ταυτὸν
1367 1946 1422 1996 δὲ
1449 1948 1646 2010 εἰπεῖν,
1680 1949 1760 2010 εἰς
1787 1949 1883 2018 τὴν

307 2032 406 2095 τῆς
436 2032 597 2098 ἁγίας
657 2033 881 2101 Τριάδος
917 2035 1122 2096 πίστιν,
1151 2036 1234 2088 ἵνα
1270 2035 1356 2105 μὴ·
1397 2036 1457 2088 τὸ
1494 2038 1715 2105 σύμπαν
1780 2040 1883 2092 ὑπὸ

307 2123 403 2174 τοῦ
453 2124 702 2176 διαϐόλου
750 2124 1105 2195 καταποθείη.
1148 2126 1207 2177 Et
1253 2128 1362 2194 γάρ
1415 2129 1509 2180 καὶ
1539 2128 1626 2179 διὰ
1681 2131 1772 2181 τὸν
1803 2131 1883 2193 εἰς

308 2214 402 2265 τὸν
438 2214 674 2281 Χριστὸν
705 2216 862 2282 φόνον
892 2216 1120 2284 ἐχθροὺς
1155 2218 1385 2279 ἑαυτοὺς
1424 2219 1755 2287 εἰργάσαντο
1789 2221 1882 2272 τοῦ

307 2303 451 2354 θεοῦ
493 2303 589 2354 καὶ
626 2303 719 2355 τοῦ
765 2304 1120 2372 Εὐαγγελίου,
1170 2305 1285 2359 ἀλλ’
1321 2308 1597 2377 ἀγαπητοί
1644 2311 1750 2362 είσι
1794 2311 1884 2363 διὰ

308 2394 410 2460 τὴν
440 2395 523 2455 είς
553 2395 678 2454 τοὺς
709 2397 952 2464 πατέρας
983 2397 1160 2450 αὐτῶν
1189 2396 1283 2450 τοῦ
1323 2399 1460 2452 Θεοῦ
1497 2401 1743 2470 ἀγάπην.
1773 2401 1881 2465 Οὓς

311 2485 416 2554 μὲν
468 2484 564 2539 οὖν
595 2480 736 2540 οῑδεν
769 2489 804 2557 ή
845 2487 1000 2556 17],
1032 2487 1152 2543 θεία
1197 2491 1424 2560 πρόνοια
1462 2492 1880 2562 ἁνεπιστρόφως

304 2574 539 2645 ἔχοντας
571 2577 704 2647 πρὸς
736 2581 1052 2648 μετάνοιαν,
1084 2581 1414 2634 κατέλιπεν·
1455 2581 1548 2644 οὓς
1575 2583 1632 2635 ἑὲ
1671 2584 1788 2655 ᾔδει
1819 2585 1880 2637 τὸ

305 2664 468 2719 Θεῖον
487 2668 849 2738 εὐγνωμόνως
873 2670 934 2722 τὸ
958 2669 1051 2724 τοῦ
1083 2671 1420 2740 Εὑαγγελίου
1447 2673 1712 2744 κήρυγμα
1735 2674 1882 2740 δεξο-

310 2758 541 2825 μένους,
574 2758 636 2811 οὒ
689 2760 932 2830 παρεῖδε.
967 2761 1102 2814 Τότε
1139 2762 1322 2815 τοίνυν
1371 2763 1800 2834 πληρωθήσεται
1843 2765 1878 2836 ἦ

308 2845 554 2914 λέγουσα
584 2850 892 2918 προφητεία
927 2851 1021 2903 τοῦ
1066 2851 1290 2906 Ἡσαΐου
1323 2870 1337 2884 ο
1378 2873 1397 2904 ι
1435 2853 1618 2927 Ἐὰνῂ
1664 2860 1692 2908 ό
1721 2858 1877 2928 άριθι-

1987 1755 2172 1823 θεῖκῆς
2204 1759 2262 1809 τὸ
2290 1761 2446 1828 σῶμα
2476 1761 2505 1812 δ
2539 1762 2931 1828 προσελάϐετο,
2957 1762 3056 1832 τὴν
3091 1764 3188 1832 μὲν
3215 1763 3420 1832 φθοράν
3449 1764 3550 1834 ἤδη

1988 1848 2082 1900 κα).
2120 1848 2208 1900 τὸ)
2247 1849 2477 1903 θάνατον
2525 1855 2927 1922 ἁποὸεϐληκὸς,
2971 1856 3286 1926 ἀφθαρσίαν
3341 1859 3410 1911 δὲ·
3457 1859 3552 1911 καὶ

1987 1938 2288 1991 ἀθανασίαν
2314 1941 2614 2005 ἐνδεδυκός.
2642 1946 2879 2013 Χριστὸς
2914 1947 3013 2012 μὲν
3040 1947 3133 2000 οὖν
3155 1949 3299 2001 οὔτω
3325 1953 3556 2018 τριήμε-

1987 2045 2080 2098 po;
2114 2031 2352 2094 ἀναστάς
2389 2035 2481 2084 καὶ
2535 2034 2625 2086 τὸν
2655 2035 2828 2104 ’Ᾱδὰμ
2872 2037 2980 2089 τῶν
3023 2037 3240 2105 δεσμῶν
3285 2041 3428 2102 ἀνεὶς
3461 2045 3556 2096 καὶ

1985 2121 2083 2189 τὴν
2111 2122 2242 2190 πρὶν
2274 2123 2484 2176 δίαιταν
2524 2124 2802 2194 172⁵τὸν
2845 2129 3176 2197 παράδεισον
3217 2130 3367 2201 αὐτῷ
3403 2132 3550 2196 δοὺς,

1983 2212 2096 2271 τοῖς
2125 2211 2502 2280 ὑπολειφθεῖσι
2547 2217 2653 2287 ⁴,εῶν
2686 2216 2947 2286 μαθητῶν
2997 2219 3189 2274 ἕνδεκα
3223 2227 3549 2294 συγγενόμε-

1983 2318 2071 2363 νος
2106 2303 2155 2369 (ό
2201 2305 2310 2372 γὰρ
2339 2304 2540 2367 Ἰούδας
2574 2308 2818 2376 ἀπῆλθεν
2863 2311 2941 2372 είς
2972 2309 3031 2362 ὃν
3059 2313 3107 2364 οἱ
3143 2313 3424 2383 προφῆται
3463 2317 3554 2367 τό-

1983 2406 2084 2442 πον
2115 2394 2453 2462 είρήκεισαν,
2487 2397 2567 2458 εἰς
2602 2397 2825 2451 κόλασιν
2858 2399 3101 2468 δηλονότι
3132 2403 3232 2473 τὴν
3255 2404 3549 2475 ἀτελεύτη-

1982 2483 2119 2551 τον),
2175 2485 2296 2552 μεθ⁹
2329 2487 2545 2557 ἡμέρας
2600 2489 3013 2557 τεσσαράκοντα
3057 2490 3158 2561 τῆς
3217 2494 3280 2546 ἑκ
3335 2497 3546 2566 νεκρῶν

1982 2575 2335 2639 ἀναστάσεως
2387 2579 2666 2648 ἀνελήφθη
2704 2582 2783 2643 είς
2829 2581 2956 2647 τοὺς
2992 2582 3276 2653 οὐρανοὺς,
3329 2588 3546 2642 πάντων

1979 2667 2129 2735 αὐτῷ
2182 2669 2292 2723 τῶν
2329 2670 2591 2740 μαθητῶν
2634 2671 2770 2740 ὁμοῦ
2810 2675 2877 2744 τῇ
2911 2675 3156 2745 παναγίᾳ
3189 2677 3374 2747 Μητρὶ
3405 2695 3544 2742 συμ-

1982 2762 2265 2827 παρόντων
2308 2778 2367 2813 τε
2395 2765 2487 2814 καὶ
2526 2763 2800 2832 δρώντων,
2839 2766 2936 2818 καὶ
2965 2765 3060 2818 νῦν
3108 2768 3258 2820 ἐστιν
3279 2771 3336 2822 ὲν
3374 2771 3544 2841 οὑραο

1978 2852 2088 2911 νοίς
2131 2851 2207 2919 τῷ
2259 2851 2379 2914 Θεῷ
2427 2854 2520 2906 καὶ
2576 2855 2753 2924 Πατρὶ
2805 2856 3219 2927 συγκαθήμενος
3269 2862 3364 2914 καὶ
3407 2878 3548 2929 συμ-

310 2935 416 3003 μδς
439 2935 552 2989 τῶν
573 2937 702 2990 υίῶν
722 2940 936 3010 Ἰσραὴλ
963 2941 1103 3012 ὑπὲρ
1123 2943 1222 3013 τὴν
1247 2941 1431 3012 ἄμμον
1452 2945 1550 3012 τῆς
1577 2947 1874 3015 θαλάσσης,
1905 2980 1948 3041 C
1984 2945 2459 3014 προσκυνούμενος
2507 2948 2597 3016 ὑφ’
2645 2948 2867 3024 ἁπάσης
2916 2955 3014 3023 τῆς
3060 2953 3311 3022 οὐρανίου
3360 2955 3544 3025 ίεραρ-

307 3025 372 3078 τὸ
427 3027 784 3099 κατάλειμμα
821 3031 916 3082 τοῦ
943 3032 1160 3104 Ἰσραὴλ
1217 3033 1541 3106 σωθήσεται.
1581 3055 1600 3086 ι
1642 3038 1749 3090 Καὶ
1792 3039 1878 3091 διὰ

306 3203 462 3260 Fieri
489 3220 600 3261 non
629 3216 824 3277 potest.
859 3208 954 3264 Sin
988 3219 1171 3266 autem
1198 3222 1472 3268 mortuum
1498 3231 1623 3271 eum
1653 3233 1775 3274 esse
1795 3220 1881 3274 di-

306 3296 476 3361 catis,
509 3297 612 3351 hoc
635 3314 825 3356 rursus
853 3302 1199 3357 manifestum
1228 3306 1576 3361 mendacium
1605 3311 1728 3375 erit,
1754 3327 1877 3364 eum

308 3385 573 3442 Messian:
596 3405 736 3445 esse.
756 3390 943 3461 Neque
959 3394 1104 3448 enim
1129 3395 1278 3452 Elias
1309 3399 1452 3451 venit
1479 3409 1554 3465 ut,
1581 3401 1756 3469 aiunt,
1780 3420 1879 3458 na-

305 3486 431 3532 tum
467 3491 756 3540 uncturus.
793 3502 812 3536 ι
836 3486 1195 3556 Respondens
1228 3489 1524 3559 imperator
1553 3510 1566 3547 :
1607 3512 1625 3545 ι
1653 3495 1881 3564 Erratis,

309 3574 517 3642 inquit,
551 3573 721 3643 Xene,
753 3577 1067 3647 ignorantes
1093 3578 1338 3636 Litteras
1366 3595 1418 3636 et
1442 3588 1734 3652 potentiam
1758 3589 1874 3643 Dei.

313 3665 591 3723 Venturns
611 3670 759 3725 en’hn
789 3685 909 3727 esse
932 3672 1073 3726 Elias
1088 3671 1372 3729 Thcsbites
1402 3685 1456 3730 et
1481 3677 1679 3733 dicitur
1696 3689 1751 3734 et
1768 3696 1882 3736 cre-

309 3759 488 3826 ditur,
522 3776 628 3816 non
647 3771 830 3818 tamen
865 3765 1151 3820 Dominum
1175 3777 1441 3822 uncturus
1479 3770 1612 3832 ;sed
1645 3773 1772 3840 quia
1794 3773 1878 3826 fu-

311 3864 506 3909 turum
536 3868 639 3923 est,
671 3869 729 3912 ut
760 3869 1020 3913 nascatur
1047 3860 1212 3913 homo
1233 3862 1589 3917 exsecrabilis
1612 3879 1674 3918 ex
1696 3874 1879 3941 gente.

313 3953 375 4006 ut
405 3949 630 4018 quidam
663 3951 879 4015 volunt,
930 3950 1308 4016 Hebraeorum,
1337 3953 1430 4022 qui
1481 3968 1700 4008 omnem
1728 3966 1878 4023 pote-

299 4027 522 4100 ‘statem
554 4043 753 4100 diaboli
780 4043 1002 4099 habebit
1033 4055 1084 4098 et
1115 4059 1209 4113 per
1229 4059 1346 4098 eam
1379 4045 1532 4114 signa
1553 4055 1606 4099 et
1630 4056 1880 4115 portenta

310 4134 539 4198 elﬁciet,
569 4133 732 4188 Deum
768 4151 827 4190 se
847 4143 902 4188 et
931 4134 1210 4189 Christum
1241 4135 1556 4200 nominans,
1585 4146 1767 4191 utnon
1792 4154 1880 4192 so-

309 4228 426 4282 lum
462 4226 620 4280 multi
647 4224 1088 4281 Christianorum
1113 4235 1240 4280 tunc
1297 4228 1590 4282 viventium
1645 4230 1879 4284 erraturi

1985 3035 2122 3103 χίας.
2161 3055 2180 3086 ι

1984 3233 2102 3271 rum
2123 3215 2338 3274 lsraelis
2359 3224 2698 3290 superaverit
2726 3239 2950 3282 arenam
2981 3229 3168 3296 maris,
3202 3233 3446 3303 reliquiae
3468 3237 3547 3290 ls-

1984 3308 2145 3362 rat-lis
2181 3311 2557 3367 salvabuntur.
2596 3333 2613 3365 ι
2647 3313 2797 3370 Hanc
2825 3319 2896 3371 ob
2924 3333 3147 3374 causam
3183 3323 3350 3393 igitur
3403 3327 3542 3382 Elias

1983 3409 2112 3452 tunc
2143 3415 2172 3454 a
2195 3399 2304 3455 Den
2334 3404 2600 3468 mittetur,
2634 3421 2766 3470 non,
2801 3419 2860 3462 ut
2895 3411 3246 3478 vosjactatis,
3293 3415 3544 3473 Messiam

1983 3499 2268 3547 unclurus.
2302 3492 2438 3548 Nam
2480 3496 2617 3574 tales
2650 3499 2962 3566 conﬁngere
3007 3500 3246 3570 fabulas,
3304 3507 3544 3564 indocto-

1984 3598 2102 3636 rum
2137 3583 2419 3638 hominum
2447 3595 2550 3650 est,
2572 3597 2632 3642 ut
2664 3599 2788 3644 ante
2817 3592 2952 3659 dixi,
2983 3602 3038 3647 et
3063 3609 3344 3651 sacrarum
3374 3598 3544 3652 Litte-

1985 3689 2167 3726 rarum
2213 3691 2439 3742 prorsus
2488 3683 2818 3749 expcrtium.
2881 3683 3133 3739 Christus
3188 3696 3396 3754 autem,
3439 3707 3542 3760 qun

1982 3763 2144 3828 Deus,
2172 3767 2225 3819 in
2251 3769 2392 3823 caelo
2423 3780 2476 3822 et
2507 3771 2559 3823 in
2583 3779 2723 3825 terra
2749 3783 2831 3826 est
2856 3774 2980 3827 etin
3008 3775 3266 3832 universo
3300 3790 3350 3832 et
3379 3797 3542 3848 supra

1983 3857 2299 3911 universum
2333 3859 2564 3928 (Castam
2598 3863 2742 3914 enim
2776 3872 2823 3914 et
2855 3872 3050 3916 terram
3080 3881 3173 3936 ego
3211 3867 3420 3938 impleo,
3463 3875 3541 3925 di-

1981 3946 2053 3998 cit
2079 3945 2364 4016 Dominus)
2393 3965 2408 4012 ;
2443 3965 2552 4018 qua
2583 3962 2767 4004 autem
2793 3953 2976 4017 homo,
3005 3969 3181 4024 neque
3199 3957 3345 4014 mille
3372 3975 3542 4016 annos

1983 4040 2114 4094 vixit
2142 4057 2316 4110 neque
2336 4044 2442 4109 hic,
2462 4045 2514 4098 id
2549 4056 2630 4100 est
2656 4046 2708 4100 in
2740 4048 2922 4110 terris.
2952 4059 3057 4114 cst,
3089 4054 3181 4105 sed
3213 4055 3368 4120 vixit,
3402 4057 3540 4111 ultra

1981 4148 2153 4187 annos
2194 4135 2439 4205 triginta,
2476 4136 2691 4201 deinde,
2741 4154 2768 4190 ιι
2823 4140 3268 4198 sceleratissimis
3321 4148 3540 4214 majori-

1981 4222 2082 4277 bus
2114 4223 2306 4298 vestris
2337 4224 2483 4279 cruci
2519 4225 2733 4293 aliixus,
2770 4237 3018 4283 mortuus
3040 4239 3124 4284 est
3151 4248 3165 4295 ;
3195 4241 3251 4285 et
3286 4246 3532 4288 sanctum

311 4320 447 4382 sint,
481 4315 580 4372 sed
613 4315 782 4369 etiam
799 4330 919 4385 quae
955 4315 1232 4370 restabunt
1265 4316 1471 4382 exigua!
1504 4316 1743 4384 reliquia:
1780 4315 1879 4370 Ju-
1908 4330 1955 4394 υ
1983 4327 2180 4381 corpus
2209 4315 2425 4384 ejus,in
2451 4328 2803 4372 monumento
2827 4321 3541 4390 repositum,admisitinte-

309 4407 556 4462 daeornm
576 4404 898 4458 Antichristi
920 4404 1066 4458 illius
1085 4404 1365 4458 erroribus
1393 4403 1723 4472 abripienda:
1743 4407 1874 4467 sint,

315 4506 591 4552 venturos
623 4496 713 4550 illo
742 4503 987 4563 tempore
1017 4497 1172 4548 aiunt
1195 4492 1370 4548 Etiam
1394 4505 1445 4547 et
1471 4495 1681 4558 Enoch,
1709 4510 1738 4548 a
1769 4495 1876 4548 Deo

311 4587 693 4642 misericordia
725 4594 998 4641 commoto
1030 4586 1250 4650 missos,
1287 4593 1344 4638 ut
1372 4586 1602 4640 doceant
1649 4596 1723 4640 et.
1751 4601 1875 4640 cum

309 4679 454 4734 alios
487 4690 599 4732 tum
642 4678 899 4732 miseram
929 4676 1278 4731 Hebraeorum
1309 4676 1588 4729 nationem
1618 4679 1683 4730 ad
1713 4677 1876 4731 Chri-

306 4778 459 4824 stum
484 4777 823 4830 convertant,
841 4765 1090 4835 autquod
1112 4765 1248 4819 idem
1271 4771 1375 4826 est,
1397 4764 1461 4816 ad
1483 4771 1678 4817 sancta:
1697 4763 1876 4818 Triui-

309 4862 442 4913 tatis
473 4859 658 4920 tidem,
686 4873 751 4912 ne
771 4864 880 4911 tota
911 4871 940 4910 a
961 4857 1180 4910 diabolo
1217 4855 1594 4908 absorbeatur.
1648 4853 1875 4909 Etiamsi

304 4953 456 5005 enim
481 4958 704 5023 pr0pter
730 4947 935 5002 caedem
960 4947 1015 5000 in
1038 4945 1318 5000 Christum
1353 4946 1552 4998 factam
1574 4956 1747 4999 semet
1777 4946 1875 5000 Dei

304 5054 362 5096 et
394 5042 677 5111 Evangelii
715 5037 905 5095 hostes"
926 5040 1180 5104 fecerint,
1213 5047 1394 5092 tamen
1425 5039 1578 5092 chari
1606 5037 1718 5092 Deo
1747 5047 1875 5093 sunt

307 5144 534 5202 prapter
553 5132 900 5209 charitatem.
927 5119 1104 5200 (quais
1134 5143 1323 5183 eorum
1358 5135 1540 5196 patres
1589 5127 1874 5196 amplexus

305 5224 746 5293 est.Quosigitur
767 5221 1113 5276 Providentia
1130 5219 1312 5275 divina
1331 5220 1706 5287 paenitentiam
1727 5234 1874 5272 aver-

308 5329 536 5370 saturos
553 5332 674 5370 esse
695 5317 864 5380 novit,
882 5329 975 5369 eos
993 5314 1402 5381 deseruit:quos
1427 5321 1607 5364 autem
1629 5311 1871 5364 divinam

308 5410 594 5478 Evangelii
621 5409 1053 5478 prmdicationem
1086 5407 1332 5460 studiose
1359 5405 1708 5473 amplexuros
1731 5419 1868 5472 prae-

312 5501 468 5566 vidit,
491 5517 589 5558 eos
617 5516 729 5554 non
758 5501 1012 5570 neglexit.
1044 5497 1201 5552 'unc
1230 5498 1396 5566 igitur
1415 5499 1618 5548 exitum
1649 5493 1868 5547 habebit

311 5589 468 5645 hanc
490 5592 829 5658 vaticinium,
857 5592 995 5660 quod
1019 5592 1122 5644 tale
1142 5600 1224 5643 est
1254 5607 1268 5642 :
1306 5606 1322 5640 ι
1360 5588 1416 5641 Si
1451 5602 1711 5641 numerus
1734 5587 1871 5639 tilio»

653 5685 922 5744 Parnon.
961 5688 1075 5744 Gn.
1098 5751 1101 5753 ί
1124 5683 1326 5745 CLVl.

1895 5891 1922 5901 κ

1982 4406 2168 4468 ritum,
2201 4422 2306 4461 non
2345 4411 2753 4479 corruptionem
2781 4427 2796 4478 ;
2828 4414 3010 4468 divina
3047 4427 3233 4471 autem
3289 4421 3540 4490 hyposta-

1980 4498 2076 4560 sis,
2109 4498 2387 4554 insolubili
2427 4501 2641 4556 vinculo
2675 4519 2798 4558 cum
2830 4519 2916 4568 eo,
2958 4508 3102 4574 quod
3147 4524 3535 4580 assumpserat.

1980 4589 2290 4658 conjuncta,
2315 4607 2436 4645 cum
2457 4593 2637 4648 anima
2663 4595 2844 4650 divina
2868 4596 2934 4650 ad
2961 4598 3260 4655 inferorum
3288 4606 3539 4661 tenebras

1980 4677 2285 4742 descendit,
2325 4696 2627 4751 omnesque
2667 4683 2994 4744 ediuturno.
3037 4704 3255 4744 carcere
3314 4698 3538 4765 l‘t’Ct'pil,

1979 4779 2140 4838 atque
2166 4774 2536 4840 corpus,quod
2563 4787 2955 4845 assumpserat,
2987 4781 3185 4836 virtute
3207 4782 3389 4838 divina
3417 4803 3526 4839 sus

1978 4861 2185 4925 citavit,
2226 4861 2446 4916 interitu
2477 4874 2531 4918 et
2556 4873 2733 4921 morte
2765 4866 3075 4933 liberatum,
3123 4870 3534 4943 incorruptione

1976 4959 2029 5004 et
2052 4949 2461 5006 immortalitate
2488 4955 2759 5011 indutum.
2777 4957 3223 5026 ltaqueChristus
3243 4979 3366 5018 cum
3387 4967 3530 5020 hunc

1978 5041 2030 5092 in
2067 5043 2283 5095 modum
2303 5043 2389 5097 die
2407 5045 2567 5100 tertio
2587 5049 3001 5113 resurrexisset,
3033 5059 3086 5104 et
3104 5051 3392 5114 Adamum,
3413 5057 3499 5108 vin
3515 5085 3531 5094 ο

1979 5131 2120 5186 culis
2143 5133 2407 5197 solutum,
2426 5136 2479 5187 in
2499 5137 2664 5190 vitam
2688 5138 2976 5206 pristinam
3001 5143 3232 5208 paradisi
3260 5147 3532 5198 restituisv

1974 5232 2078 5288 set,
2102 5233 2156 5277 et
2182 5241 2304 5278 cum
2327 5227 2551 5296 reliquis
2568 5228 2847 5298 discipulis
2867 5231 3114 5285 undecim
3134 5249 3274 5301 saepe
3290 5246 3536 5290 versatus

1973 5315 2346 5385 esset(Judas
2372 5319 2515 5370 enim
2569 5320 2776 5374 abierat
2801 5321 2851 5373 in
2883 5321 3086 5387 locum,
3111 5338 3268 5390 quem
3304 5327 3537 5392 prOphe-

1975 5416 2039 5460 tae
2057 5400 2328 5469 dixerant,
2355 5409 2407 5460 in
2432 5410 2754 5477 supplicium
2785 5410 3032 5465 videlicet
3067 5414 3490 5483 sempiternum)
3515 5454 3530 5477 ,

1975 5503 2096 5561 post
2131 5487 2248 5549 (fies
2306 5511 2333 5547 a
2400 5499 2804 5553 resurrectione
2857 5501 3238 5571 quadraginta,
3279 5504 3534 5558 omnibus

1973 5586 2260 5656 discipulis
2296 5597 2348 5642 et
2383 5589 2733 5645 sanctissima
2773 5591 2942 5660 ipsius
2970 5590 3138 5645 Matre
3178 5597 3447 5660 prtesentil
3473 5607 3536 5653 us

1955 5739 1983 5770 ³6
2854 5702 2857 5704 ’
3021 5731 3024 5734 .
3149 5685 3229 5743 25
