3920 6188
469 240 582 303 779

1611 206 1620 214 ’
1695 245 2024 308 GEORGII
2083 248 2506 308 tinnitum/“ta

3560 266 3646 330 7:0

547 360 750 430 Παρὼν
798 361 895 414 καὶ
943 359 1225 425 Ματθαϊος
1269 363 1297 415 ὁ
1329 362 1684 435 ἱερομόναχος
1725 366 1819 419 καὶ
1875 366 2049 436 μέγας
2082 370 2430 439 λπροτέραν
2459 361 2786 438 ἐπίφᾶνειάν
2827 386 2921 423 του
2952 371 3294 441 προθεσπίζει
3333 377 3418 429 καὶ
3446 377 3648 434 δείκνυσι

373 473 380 478 ‘
478 454 961 527 πρωτοσύγκελλος
989 453 1249 524 βασιλικῇ
1279 457 1577 526 προστάξει
1604 456 1780 511 ταῦτα
1813 457 1916 527 ἔφη
1951 459 2045 511 καὶ

474 546 858 614 ἀπελογίσατο.
897 546 1006 598 Καὶ
1045 549 1072 598 ὁ
1105 547 1202 615 μὲν
1229 547 1393 610 Ξένος
1421 547 1643 618 ἐρωτῶν
1665 545 1821 603 εἶπεν
1849 549 2042 617 οὕτως,

470 639 545 703 ὡς
565 659 584 693 ι
612 640 750 710 Ἤδη
779 639 872 692 τὸν
901 641 1004 710 μὲν
1032 641 1281 694 Μεσσίαν
1301 640 1615 709 ἐληλυθέναι
1638 643 1796 711 φατὲ,
1820 643 1912 696 τὸν
1942 642 2044 696 Θε-

474 731 664 803 σὸίτην
694 731 768 800 μὴ
789 733 996 803 ἥκοντα
1028 732 1169 786 κατά
1195 733 1291 796 τὰς
1313 734 1422 787 τῶν
1452 734 1753 804 προφητῶν
1783 735 1972 806 ῥήσεις
1991 753 2036 800 ;t

481 829 540 881 '0
566 827 846 889 Ματθαῖος
875 825 1231 895 ἀποκριθείς·
1275 844 1293 878 ι
1331 826 1618 892 Ἀκουσον,
1656 822 1701 882 ὦ
1745 828 1899 895 Ξένε,
1951 828 2044 882 καὶ

473 921 656 986 σύνες.
688 921 792 1008 Διύο
819 920 917 982 τάς
946 920 1038 972 τοῦ
1072 919 1312 991 Χριστοῦ
1343 921 1656 1001 παρουσίας
1685 922 1734 975 oi
1763 925 2041 990 προφῆται

473 1016 834 1087 κηρύττουσι,
890 1014 1098 1084 ταύτην
1126 1030 1186 1065 τε
1221 1015 1321 1084 τὴν
1367 1014 1466 1084 ήδη
1517 1016 1902 1084 γεγενημένην
1948 1016 2044 1068 καὶ

468 1110 567 1178 τὴν
623 1109 702 1170 εἰς
737 1107 929 1160 ἔπειτα
966 1110 1030 1174 τῇ
1065 1105 1290 1176 τελευτῇ
1336 1105 1428 1158 τοῦ
1485 1106 1694 1172 κόσμου
1728 1107 2041 1176 φανησομέ-

469 1218 592 1271 νην·
627 1202 722 1254 καὶ
751 1200 854 1268 τῆς
889 1200 988 1269 μὲν
1022 1201 1174 1268 μιᾶς,
1224 1200 1324 1266 τῆς
1357 1198 1618 1265 δευτέρας
1644 1197 1870 1268 δηλαδὴ,
1901 1199 2060 1268 πρό-ρ

466 1296 668 1363 δρομον
697 1291 917 1345 ἔσεσθαι
943 1291 1035 1344 τὸν
1071 1289 1264 1342 Ἠλίαν
1290 1289 1533 1356 λέγουσι,
1564 1289 1659 1358 τῆς
1689 1289 1743 1342 δὲ
1769 1291 2040 1359 προτέρας

479 1384 734 1451 Ἰωάννης
768 1382 1008 1450 ἐγένετο,
1049 1380 1109 1432 ὃν
1132 1378 1368 1446 ἄγγελον
1399 1378 1498 1447 μὲν
1532 1380 1559 1430 ὀ
1588 1379 1873 1448 προφήτης
1904 1377 2040 1431 ὠνό-

467 1493 607 1546 μασε
639 1475 948 1542 Μαλαχίας,
992 1473 1080 1525 οὐ⁹
1105 1471 1264 1540 μόνον
1291 1471 1366 1533 ὼς
1414 1471 1513 1542 τὴν
1557 1471 1830 1541 προτέραν
1871 1471 2038 1525 αὐτοῦ

463 1570 772 1641 παρουσίαν
803 1568 972 1635 ἐγγὺς
999 1562 1164 1618 οὖσαν
1200 1565 1497 1634 μηνύοντα,
1534 1565 1670 1616 ἀλλά
1699 1566 1794 1618 καὶ
1816 1565 1889 1627 ὡς
1923 1564 2037 1634 βίον

461 1664 860 1730 ἀσπασάμενον
917 1659 1117 1728 μικροῦ
1149 1658 1242 1711 τοῦ
1283 1659 1392 1710 τῶν
1416 1658 1666 1726 ἀγγέλων
1706 1658 1764 1724 ἐξ
1805 1658 2036 1726 ἐφαμίλ-

458 1757 552 1808 λου
579 1754 884 1824 χωροῦντα.
935 1751 1124 1803 Ἠλίαν
1157 1750 1213 1802 δὲ
1241 1751 1336 1802 καὶ
1367 1751 1559 1802 τοῦτον
1589 1752 1616 1801 ὁ
1646 1749 1882 1817 Χριστὸς
1911 1749 2037 1802 ἐκά-

457 1851 564 1912 λει,
598 1848 698 1901 οὐκ
725 1844 917 1914 ἐπειδὴ
959 1842 1145 1904 Ἠλίας
1177 1838 1266 1912 ἦν,
1299 1842 1414 1894 ἀλλ’
1437 1842 1592 1910 173
1627 1842 1709 1894 ὅτι
1737 1841 1837 1911 τὴν
1866 1841 2036 1912 αὐτὴν

458 1940 652 2006 ἐκείνῳ
722 1935 951 2004 πληρῶν
987 1935 1258 2001 ἐτύγχανε
1311 1934 1627 1988 διακονίαν·
1681 1932 1871 1998 ὥσπερ
1929 1933 2033 2002 γὰρ

457 2036 663 2093 ἐκεῖνος
716 2028 1026 2097 πρόδρομος
1062 2025 1218 2078 ἔσται
1261 2025 1359 2094 τῆς
1391 2025 1654 2094 δευτέρας
1701 2023 2034 2093 παρουσίας,

457 2127 600 2179 οὕτω
650 2125 746 2175 καὶ
798 2112 954 2179 οὗτος
1005 2119 1104 2186 τῆς
1158 2117 1435 2188 προτέρας
1471 2117 1711 2185 ἐγένετο.
1771 2115 1846 2169 Οὐ
1881 2115 2032 2185 παρά

458 2217 619 2272 τοῦτο
646 2214 702 2268 δὲ
748 2214 930 2282 μόνον,
966 2209 1081 2263 ἀλλ’
1115 2209 1196 2262 ὅτι
1232 2209 1328 2260 καὶ
1363 2207 1478 2277 βίον
1515 2207 1706 2277 μετῄει
1747 2207 2032 2276 κατάκρας
2080 2243 2082 2248 .

456 2310 533 2379 τῷ
563 2303 775 2374 ἐκείνου
805 2304 1196 2376 συμϐαίνοντα.
1235 2300 1376 2355 Ἀλλ’
1410 2302 1461 2354 at
1497 2300 1596 2371 μὲν
1621 2299 1902 2371 προφῆται
1935 2297 2034 2351 καὶ

454 2403 784 2474 ἀμφοτέρων
818 2399 1128 2467 μέμνηνται
1163 2395 1370 2448 τούτων
1404 2394 1498 2447 καὶ
1529 2395 1657 2456 τοὺς
1689 2391 2030 2461 προωδευκό-

452 2513 552 2558 τας
595 2493 867 2562 ἑκατέρας
902 2489 1270 2560 κηρύττουσιν
1293 2503 1306 2518 ·
1341 2487 1500 2556 ὑμεῖς
1532 2485 1588 2539 δὲ
1627 2482 1726 2556 τὴν
1758 2483 1857 2554 μὲν
1890 2499 2030 2553 προ-

450 2589 617 2661 τέραν
644 2588 770 2655 σιγῇ
808 2583 1135 2650 κακούργως
1172 2579 1540 2652 παρέρχεσθε,
1583 2578 1699 2645 είγε
1726 2577 1820 2631 καὶ
1853 2575 1930 2646 τῷ
1954 2575 2031 2647 νῷ

454 2683 557 2751 τῆς
605 2678 833 2747 Γραφῆς
865 2674 1109 2742 ἀτεχνῶς
1141 2671 1486 2735 ὲπιὸάλλετε,
1531 2670 1630 2740 τῆς
1666 2670 1724 2722 δὲ
1768 2668 2028 2735 δευτέρας

458 2769 740 2843 μέμνησθε
775 2767 966 2837 μόνης,
996 2759 1064 2836 ἦς
1091 2766 1119 2817 ὁ
1153 2763 1425 2833 Θεσὸίτης
1456 2760 1862 2832 προδραμεϊται
1893 2758 2029 2812 πάν-

414 2881 559 2926 ,τως
603 2861 816 2923 Ἠλίας.
864 2858 1033 2914 Ἀλλὰ
1083 2857 1189 2926 γὰρ
1236 2855 1334 2909 καὶ
1387 2854 1495 2907 τῶν
1529 2854 1795 2925 χρησμῶν
1844 2851 2026 2906 αὐτῶν

451 2952 840 3021 ἀκουσώμεθα.
885 2948 945 3002 '0
995 2947 1285 3010 Θεσπέσιος
1327 2945 1620 3014 Μαλαχίας
1660 2944 1760 3014 τὴν
1788 2941 1883 2994 τοῦ
1915 2942 2028 2994 Σω-

2072 1703 2114 1759 Β

2149 460 2239 514 τὸν
2273 462 2412 530 μετὰ
2436 462 2693 532 Ἰωάννην
2724 462 2814 516 τδν
2845 463 3148 532 βαπτιστήν
3190 469 3390 540 ἐκείνης
3417 475 3653 540 προηγοὺ-

2153 569 2315 621 μενον
2346 570 2358 583 ο
2384 572 2402 604 ι
2427 553 2561 606 Ἰδοὺ
2591 554 2699 623 γὰρ
2726 553 2859 622 ἐγὼ,
2893 555 3091 624 λέγων,
3119 557 3445 623 ἐξαποστελῶ
3463 564 3544 614 τον
3569 564 3652 628 ἀγα

2149 645 2307 713 γελόν
2339 665 2440 716 μου
2466 649 2574 717 πρὸ
2601 647 2900 718 προσώπου
2933 667 3050 715 σου,
3078 651 3135 712 ὃς
3181 656 3550 706 κατασκευάσει
3573 656 3654 723 τὴν

2149 735 2266 790 ὁδόν
2300 754 2393 790 σου
2423 738 2734 808 ἔμπροσθέν
2773 757 2890 803 σου,
2941 744 3039 794 καὶ
3083 743 3416 811 iniisdem:
3445 745 3546 798 ὁδὶν
3572 748 3657 815 api

2149 829 2450 900 προσώπου
2481 849 2577 885 σου
2600 849 2613 862 ·
2641 833 2739 886 καὶ
2771 832 3032 902 ἐξαίφνης
3066 835 3182 904 ἣξει
3229 838 3306 898 εἰς
3336 837 3418 887 τὸν
3447 837 3554 888 ναὸν
3583 840 3656 889 α).

2147 922 2242 976 τοῦ
2285 925 2508 987 Κύριος.
2551 944 2567 976 ι
2621 925 2844 978 Πάντων
2875 927 2981 997 γὰρ
3017 927 3341 993 ἀγνοούντων
3370 931 3395 980 ὀ
3435 932 3659 997 σωτήριος

2146 1015 2301 1078 τόκος
2345 1017 2566 1084 ἐγένετο
2593 1033 2604 1044 ·
2639 1018 2768 1068 ναὸν
2817 1019 2924 1086 γὰρ
2957 1019 3054 1086 τὴν
3088 1019 3420 1088 ἀνθρωπείαν
3447 1019 3655 1086 ὼνΰμασε

2149 1109 2334 1178 φύσιν,
2369 1111 2434 1179 ἦν
2481 1113 2510 1162 ὁ
2546 1110 2682 1171 Θεδς
2720 1112 2894 1178 Λόγος
2927 1112 3180 1164 ἀνέλαϐε.
3215 1113 3349 1180 Πρὸς
3379 1112 3522 1188 δὲοτῇ
3551 1129 3655 1178 προ-

2144 1201 2282 1271 τέρᾳ
2316 1201 2409 1252 καὶ
2451 1201 2549 1271 τὴν
2577 1202 2834 1271 δευτέραν
2879 1203 3091 1255 ἕλευσιν
3142 1204 3435 1272 ὑπογράφει
3459 1217 3470 1230 ⁸
3513 1223 3526 1250 ι
3556 1204 3656 1253 ’1ῖοῦ

2145 1292 2366 1364 ἔρχεται
2397 1293 2602 1362 Κύριος
2629 1297 3050 1364 παντοκράτωρ,
3076 1296 3173 1346 καὶ
3192 1296 3271 1358 τίς
3300 1296 3660 1363 ὑπομενεῖὴμέ-

2148 1401 2249 1454 ραν
2279 1383 2488 1437 είσόδου
2540 1383 2728 1448 αὑτοῦ,
2760 1385 2792 1453 ἢ
2825 1390 2908 1446 τίς
2959 1385 3326 1454 ὑποστήσεται
3361 1387 3415 1436 ὲν
3444 1386 3503 1452 τῇ
3536 1381 3660 1458 ι’][ι

2143 1475 2384 1546 ὀπτασίᾳ
2443 1474 2647 1542 aetati;
2704 1475 3064 1546 ἀδυσώπητος
3119 1475 3385 1529 καθιεῑται
3433 1476 3658 1543 κριτὴςὸ

2143 1568 2432 1630 ἀποδιδοὺς
2463 1569 2678 1638 ἑκάστῳ
2709 1569 2854 1622 κατὰ
2898 1569 2969 1621 τὰ
3019 1570 3163 1640 ἔργα
3193 1568 3379 1622 αὐτοῦ.
3422 1589 3437 1614 ο
3467 1560 3578 1618 Εἶτα
3605 1564 3662 1614 δια

2144 1662 2336 1716 δάσκει
2369 1660 2437 1713 τὰ
2464 1661 2606 1714 κατὰ
2643 1661 2741 1732 τὴν
2772 1662 3050 1731 προτέραν
3092 1661 3252 1723 αὖθις
3291 1659 3573 1730 παρουσίαν
3593 1656 3659 1708 ὑπ’

2144 1751 2312 1807 αὐτοῦ
2355 1751 2608 1820 δρώμενα
2633 1766 2648 1781 ·
2679 1769 2699 1803 ι
2752 1751 2898 1804 Διότι
2944 1751 3109 1814 αὐτὸς
3166 1753 3448 1821 πορεύεται
3484 1748 3548 1810 ὡς
3576 1745 3658 1815 πῦρ

2141 1847 2508 1916 χωνευτηρίου
2540 1842 2634 1898 καὶ
2677 1845 2752 1905 ὡς
2793 1845 2902 1898 πόα
2935 1844 3394 1910 πλυνόντων,’καὶ
3435 1840 3658 1896 καθιεῖται

2138 1937 2394 2009 χωνεύων
2441 1938 2538 1990 καὶ
2591 1936 2906 2005 καθαρίζων
2939 1936 3000 1989 τὸ
3047 1935 3316 2005 ἀργύριον
3361 1934 3450 1988 καὶ
3483 1934 3535 1986 τὸ
3557 1949 3658 2001 χρυ·

2141 2031 2277 2083 σίον.
2311 2047 2331 2080 ι
2366 2029 2633 2097 Σημαίνει
2662 2027 2720 2080 δὲ
2751 2026 2838 2079 διὰ
2867 2025 3076 2080 τούτων
3101 2029 3134 2080 ὁ
3183 2028 3459 2098 προφήτης
3486 2025 3570 2094 τὴν
3591 2022 3657 2074 διὰ

2138 2120 2230 2174 τοῦ
2263 2121 2420 2188 ἁγίου
2443 2118 2584 2173 Πνεύ
2595 2135 2764 2188 ματος
2792 2117 3083 2186 κάθαρσιν,
3114 2119 3186 2188 ἣν
3207 2117 3522 2186 θεανδρικῶς
3539 2118 3562 2167 ὁ
3581 2115 3658 2167 Δί’

2137 2228 2234 2275 γος
2285 2209 2756 2277 πολιτευσάμενος
2816 2209 2952 2276 ἡμῖν
2978 2207 3282 2276 ἐχαρίσατο
3305 2223 3320 2238 ο
3376 2207 3580 2274 καὶγὰρ
3615 2205 3658 2254 ἐν

2135 2303 2310 2372 τούτῳ
2365 2301 2648 2369 μυστικῶς
2679 2300 2826 2363 τοὺς
2856 2300 3193 2369 προσιόντας
3241 2297 3548 2369 ἀναχωνεύει
3588 2295 3657 2358 ιιι

2134 2394 2405 2462 νεουργεῖ,
2433 2391 2509 2461 τῷ
2542 2393 2676 2462 πυρὶ
2703 2390 2800 2445 τοῦ
2828 2391 2969 2444 Πνεύ
2979 2407 3158 2460 ματος
3179 2390 3472 2460 χρώμενος,
3495 2384 3569 2441 οἷα
3585 2386 3658 2455 δη-

2137 2485 2421 2554 μιουργὸς,
2446 2487 2475 2537 ὁ
2504 2484 2784 2553 Δεσπότης
2811 2499 2826 2515 ο
2854 2484 3110 2552 καθάπερ
3149 2485 3258 2538 τινὶ
3305 2485 3410 2554 πόα
3444 2482 3511 2552 τῷ
3539 2480 3660 2534 ὕδατι

2132 2579 2227 2632 τοῦ
2255 2577 2639 2649 βαπτίσματος
2667 2577 2760 2651 τὸν
2791 2576 2893 2646 τῆς
2925 2577 3210 2647 ἁμαρτίας
3257 2577 3422 2647 ῥύπον
3457 2574 3660 2642 ἀποσμή-

2130 2689 2236 2742 χει,
2261 2672 2360 2724 καὶ
2384 2669 2460 2740 τῷ
2497 2669 2632 2739 πυρὶ
2663 2669 2756 2723 τοῦ
2783 2669 3097 2739 Πνεῦματος
3129 2669 3229 2723 τοῦ
3257 2671 3451 2733 ταύτης
3490 2666 3558 2720 leti
3583 2668 3657 2724 τὰς

2133 2760 2408 2829 ἡμετέρας
2459 2757 2738 2827 ἐλευθεροῖ
2765 2757 2965 2828 ψυχάς.
3003 2759 3147 2812 Μεθ’
3180 2763 3246 2828 ἣν
3278 2761 3388 2822 τοῖς
3429 2758 3497 2829 μὴ
3523 2750 3656 2825 ψυλά-

2133 2850 2254 2914 ξασι
2323 2852 2405 2911 είς
2461 2849 2612 2913 τέλος
2671 2851 2771 2920 τὴν
2826 2850 3008 2920 ψυχὴν
3066 2852 3410 2920 ἀκηλίδωτον
3473 2849 3658 2917 φοὸερὸς

2131 2943 2428 3012 ὀφθήσεται
2464 2942 2561 2996 καὶ
2603 2942 2979 3012 ἀπαραίτητος
3011 2943 3315 3012 κολαστὴς,
3349 2943 3406 2995 τὸ
3449 2941 3659 3009 δεύτερον

435 3034 620 3117 Ϊτῆρος
646 3042 934 3116 βουληθεὶς
960 3038 1268 3109 παρουσίαν
1291 3035 1524 3100 διδάξαι,
1551 3035 1642 3088 καὶ
1669 3032 1744 3096 ὡς
1770 3033 1891 3102 ἥξει
1925 3031 2025 3101 τῆς
2052 3047 2096 3106 c
2130 3031 2287 3094 αὖθις
2315 3030 2577 3085 ἐπανιών.
2619 3032 2729 3084 Καὶ
2775 3033 2915 3101 μετά
2945 3050 3069 3085 τινα
3114 3035 3224 3103 τῆς
3256 3033 3502 3102 δευτέρας
3533 3031 3660 3082 πάλιν

449 3142 666 3202 δικαίας
723 3133 1144 3194 ἀνταποδόσεως
1187 3132 1214 3182 ὁ
1261 3130 1475 3198 καιρὸς,
1504 3126 1723 3196 πρῶτος
1772 3126 1872 3194 μὲν
1924 3123 2025 3194 τὴν

448 3251 950 3322 spectantibnsque,
975 3248 1027 3298 in
1053 3244 1223 3299 coelos
1241 3248 1530 3311 susceptus
1551 3246 1655 3304 est,
1675 3238 1857 3308 ibique
1879 3251 2026 3291 nunc

447 3343 666 3400 assidet
694 3339 809 3394 Deo
842 3337 1011 3396 Patri.
1047 3350 1172 3389 cum
1194 3333 1404 3387 eodem
1429 3331 1499 3386 ab
1544 3331 1803 3384 universo
1831 3336 2025 3384 sancto

450 3434 755 3491 caelestium
798 3429 968 3484 choro
1009 3428 1291 3479 adoratus.
1324 3441 1344 3475 ›

519 3522 621 3589 Qui
651 3521 777 3574 huic
797 3513 1156 3585 disputationi
1186 3513 1452 3567 intererat
1500 3511 1789 3566 Matthaeus
1835 3511 2022 3566 hiero-

448 3614 752 3671 monachus
783 3618 834 3664 et
860 3621 1090 3676 magnus
1125 3603 1583 3675 protosyncellus,
1631 3605 1788 3675 jussu
1848 3602 2022 3670 impe-

448 3709 647 3767 ratoris
671 3709 784 3762 haec
814 3704 950 3758 dixit
979 3701 1388 3771 responditque.
1409 3699 1758 3768 Interrogans
1788 3695 1978 3752 chus
2002 3713 2016 3750 :

453 3825 472 3857 ι
512 3803 642 3866 Vos,
678 3799 876 3870 inquit,
897 3795 1277 3864 Messia'mjam
1300 3793 1510 3848 venisse
1530 3793 1817 3857 dictitatis,
1843 3788 2018 3843 Thes-

443 3898 594 3952 biten
619 3909 724 3948 non
768 3891 982 3945 venisse
1005 3887 1302 3942 secundum
1336 3901 1500 3940 voces
1525 3884 1912 3954 prophetarum
1938 3882 1960 3935 2
1991 3901 2010 3934 ›

447 3984 750 4055 Respondit
775 3980 1097 4035 Matthaeus:
1129 3996 1147 4029 ι
1176 3976 1339 4037 Audi,
1367 3975 1540 4037 Xene,
1560 3983 1615 4028 et
1642 3975 1880 4028 adverte.
1909 3973 2015 4026 Du.

444 4082 638 4152 plicetn
668 4078 958 4132 adventum
1018 4070 1222 4126 Christi
1284 4073 1579 4152 praphette
1616 4068 2014 4136 praenuntiant,

442 4151 590 4235 eum,
615 4173 704 4240 qui
729 4170 839 4239 jam
874 4165 1154 4235 praeteriit,
1181 4175 1233 4216 et
1265 4164 1356 4232 qui
1391 4163 1444 4214 in
1472 4151 1583 4215 fine‘
1610 4175 1791 4213 rerum
1856 4158 2008 4211 futu-

445 4283 539 4322 rus
570 4272 653 4318 est
681 4271 772 4322 ;et
805 4258 970 4314 unius
999 4257 1242 4324 quidem,
1274 4254 1499 4317 secundi
1534 4266 1746 4318 nempe,
1777 4263 2010 4318 prtrcur-

445 4371 628 4414 sorem
659 4352 830 4406 Eliatn
868 4348 983 4401 fore
1005 4355 1228 4408 canunt,
1277 4346 1419 4397 sicut
1449 4343 1672 4395 alterius
1704 4353 2008 4407 praecursor

442 4451 683 4505 Joannes
719 4443 841 4506 fuit,
862 4454 1020 4508 quem
1043 4436 1340 4489 Malacltias
1358 4437 1617 4503 propheta
1642 4431 1888 4500 angelum
1913 4445 2005 4480 no-

444 4538 669 4608 tninayit
705 4547 850 4600 ;non
884 4530 1084 4591 solum,
1121 4529 1247 4596 quia
1280 4527 1514 4595 priorem
1551 4523 1763 4577 Domini
1805 4520 2006 4572 advctt-
2069 4593 2071 4598 Ι

441 4642 557 4688 tum
597 4630 705 4698 iam
734 4624 975 4678 vicinum
1019 4619 1304 4682 indicavit,
1332 4619 1423 4671 sed
1457 4619 1642 4681 etiam,
1691 4613 1819 4682 quia
1882 4611 2003 4663 vita:

439 4723 748 4780 institutum
785 4722 1027 4770 sectatus
1057 4721 1164 4775 est,
1208 4709 1354 4779 quod
1399 4723 1523 4763 cum
1586 4705 1833 4773 angelica
1895 4702 1999 4753 vita

414 4809 831 4901 yropemodum
861 4814 1115 4862 certaret.
1144 4803 1319 4872 Atque
1345 4802 1489 4854 hunc
1514 4812 1733 4867 quoque
1751 4795 2002 4901 Christus

439 4883 614 4962 iﬁlliam
648 4896 958 4971 appellavit,
989 4910 1102 4950 non
1132 4894 1275 4961 quod
1303 4889 1450 4946 Elias
1483 4899 1649 4953 esset,
1703 4887 1797 4941 sed
1854 4883 2000 4954 quod

436 4979 629 5055 eodem
669 4989 978 5046 ministerio
1041 4985 1389 5055 fungebatur,
1454 4995 1564 5050 quo
1619 4977 1998 5046 illefungetur.

436 5092 591 5148 Sicut
624 5085 769 5141 enim
799 5081 938 5134 alter
983 5078 1275 5132 adventum
1337 5071 1641 5128 secundum
1691 5069 1996 5131 antecedet,

435 5181 518 5240 sic
554 5177 688 5232 alter
720 5172 959 5242 priorem
991 5163 1308 5219 antecessit.
1337 5162 1449 5216 Nec
1482 5161 1552 5214 ob
1587 5173 1768 5212 'unatn
1834 5157 1996 5211 istaut

435 5282 656 5328 causam
682 5265 758 5319 ita
785 5275 910 5316 eum
945 5255 1254 5327 appellavit,
1284 5251 1376 5308 sed
1414 5253 1602 5317 etiam,
1650 5253 1777 5322 quia
1832 5250 1994 5303 vitam

431 5362 646 5421 colebat
671 5358 816 5413 illius
837 5355 959 5410 vitae
989 5362 1214 5420 prorsus
1235 5347 1492 5400 similem.
1515 5345 1802 5417 Propltetae
1832 5345 1995 5414 igitur

435 5431 732 5522 utrumque
763 5445 1402 5500 adventum'memorant
1425 5447 1477 5491 et
1518 5437 1807 5507 utriusque
1855 5452 1996 5506 pra}-

434 5545 614 5601 dicant
648 5547 1042 5610 praecursorem
1077 5548 1093 5596 ;
1129 5539 1184 5583 at
1209 5543 1302 5584 vos
1337 5529 1576 5598 priorem
1625 5530 1847 5598 quidem
1895 5529 1992 5582 ad-

433 5646 656 5690 ventum
692 5624 941 5696 nequiter
969 5623 1190 5676 silentio
1222 5620 1532 5687 [)rmteritis,
1568 5620 1837 5688 siquidem
1866 5633 1990 5673 scn-

436 5740 555 5778 sttnt
585 5721 886 5775 Scriptura:
912 5715 1056 5770 haud
1082 5711 1248 5766 dubie
1278 5714 1635 5783 assequimini
1661 5729 1676 5778 ;
1707 5726 1768 5768 ac
1813 5711 1985 5766 solum

2130 3117 2431 3187 ἐπιδημίας
2489 3118 2944 3188 ὑπομιμνήσκει·
2997 3139 3014 3171 ι
3068 3119 3211 3174 Ἰδοὺ
3261 3121 3369 3188 ἐγὼ
3417 3117 3658 3174 ἀποστελῶ

2130 3232 2488 3304 posteriorem
2515 3233 2978 3296 commemoratis,
3011 3238 3096 3288 cui
3131 3238 3364 3304 omnino
3395 3248 3656 3305 praecurso-

2127 3340 2222 3380 rus
2252 3335 2336 3382 est
2358 3325 2648 3381 Tltesbites
2684 3325 2845 3380 Elius.
2869 3327 3086 3381 Atcnint
3137 3331 3544 3398 audiutnttsipsa
3564 3340 3661 3379 ora-

2127 3419 2269 3473 cula.
2304 3417 2534 3473 Divinus
2581 3418 2877 3474 Malachizts
2914 3420 2980 3474 de
3010 3421 3304 3477 Salvatore
3349 3422 3663 3475 afluturuttos

2125 3511 2560 3575 docere'volens,
2587 3519 2639 3566 et
2669 3510 2829 3580 quale
2861 3511 3103 3565 futurum
3143 3517 3219 3569 sit
3281 3525 3490 3583 tempus
3527 3514 3658 3581 jus’tze

2123 3602 2620 3671 compensationis,
2657 3601 2897 3670 primum
2923 3603 3146 3671 quidem
3182 3606 3421 3674 priorem
3465 3604 3663 3671 alicujus

2128 3695 2421 3748 adventum
2455 3693 2790 3748 vaticinatur
2815 3693 3225 3763 significatque,
3262 3698 3354 3767 qui
3382 3695 3661 3766 pitecmsnti

2118 3786 2312 3842 Joanni
2351 3786 2600 3856 baptista:
2627 3801 2986 3841 successurus
3015 3789 3086 3840 sit
3119 3805 3132 3841 :
3176 3809 3195 3840 ε
3233 3792 3372 3844 Ecce
3417 3791 3570 3851 enim,
3599 3787 3663 3841 in-

2118 3878 2257 3948 quit,
2287 3878 2538 3945 angelum
2561 3891 2738 3930 meum
2768 3887 2894 3930 ante
2926 3877 3121 3931 faciem
3157 3891 3313 3934 tuam
3349 3876 3663 3946 tnittam,qui

2117 3975 2260 4026 viam
2296 3970 2394 4023 tibi
2427 3978 2635 4024 sternet
2691 3971 3072 4038 spectabitqne
3131 3987 3257 4024 eam
3321 3989 3444 4026 ante
3499 3972 3662 4024 faciem

2117 4073 2263 4115 tuam
2291 4079 2305 4124 ;
2327 4072 2378 4116 et
2394 4062 2581 4116 statim
2605 4063 2784 4114 veniet
2807 4062 2871 4114 ad
2892 4063 3153 4130 templum
3173 4081 3336 4118 suum
3360 4064 3618 4117 Dominus.
3642 4078 3656 4107 ι

2114 4155 2377 4210 Omnibus
2400 4155 2545 4206 enim
2580 4153 2778 4207 nesciis
2811 4160 3001 4221 partus
3037 4156 3305 4209 salutaris
3361 4155 3531 4209 factus
3575 4163 3658 4212 esi.-

2113 4248 2382 4302 Nitnirum
2419 4245 2680 4313 templum
2709 4253 2964 4298 naturam
3022 4245 3327 4300 humanam
3383 4244 3660 4315 appellavit.

2114 4354 2274 4408 quam
2306 4339 2446 4390 Deus
2466 4333 2705 4389 Verbum
2727 4339 2982 4404 suscepit.
3012 4336 3145 4390 Cum
3185 4340 3373 4406 priore
3399 4349 3568 4394 autem
3584 4339 3662 4391 ad-

2117 4438 2279 4481 ventu
2311 4427 2475 4479 etiam
2507 4425 2806 4479 secundum
2827 4425 3107 4480 describit.
3145 4445 3166 4478 ‹
3195 4428 3340 4484 Ecce
3359 4429 3663 4483 venitDomt-

2114 4535 2220 4573 ntts
2272 4519 2621 4586 Omnipotens
2679 4518 2851 4585 :quis
2896 4517 3193 4572 sustinebit
3237 4520 3384 4575 diem
3415 4522 3661 4586 ingressus

2107 4610 2248 4680 ejus,
2281 4618 2374 4662 aut
2408 4608 2531 4676 quis
2561 4606 2796 4676 prodibit
2827 4607 2882 4659 in
2916 4607 3036 4674 ejus
3077 4611 3491 4678 conspectum?
3530 4611 3660 4663 lue:-

2107 4698 2335 4752 orabilis
2357 4699 2525 4765 judex
2549 4682 2763 4749 sedebit
2793 4696 3103 4765 referetque
3131 4702 3341 4768 cuique
3389 4700 3656 4755 secundum

2105 4789 2225 4857 ejus
2256 4802 2440 4856 opera.
2485 4803 2502 4835 )
2537 4785 2742 4839 Deinde
2775 4783 2829 4838 in
2865 4786 3031 4854 priori
3067 4803 3267 4843 rursus
3287 4791 3519 4844 adventu
3538 4791 3660 4842 abeo

2105 4883 2245 4935 facta
2279 4881 2436 4932 ducet
2466 4895 2481 4931 :
2521 4896 2538 4928 ι
2572 4875 2754 4942 Quare
2786 4879 2903 4946 ipse
2935 4878 3115 4931 veniet
3155 4889 3216 4932 ttt
3249 4881 3397 4951 ignis
3450 4877 3659 4934 fornacis

2103 4983 2156 5028 et
2201 4972 2349 5024 sicut
2391 4954 2558 5024 herba
2606 4969 2894 5031 fullonum,
2933 4983 3010 5023 'ac
3067 4970 3284 5024 sedebit
3333 4970 3572 5025 conflans
3619 4975 3661 5018 et

2102 5077 2345 5137 pUrgans
2380 5069 2666 5132 argentum
2698 5069 2753 5115 et
2782 5075 3009 5114 aurum.
3042 5079 3060 5110 ι
3101 5063 3317 5127 Quibus
3357 5062 3533 5117 verbis
3556 5069 3661 5128 pro-

2099 5159 2258 5226 pheta
2291 5155 2668 5226 purgationem
2706 5167 2800 5222 per
2831 5151 3095 5221 Spiritum
3139 5163 3398 5208 sanctum
3446 5153 3658 5205 futuram

2098 5228 2392 5316 significat,
2426 5260 2590 5315 quam
2618 5243 2854 5300 Verbum
2884 5254 3114 5314 utraque
3145 5255 3346 5298 natura
3398 5243 3659 5297 nobiscum

2099 5347 2372 5392 versatum
2398 5339 2559 5389 nobis
2587 5334 2908 5403 impertivit.
2956 5333 3130 5404 Hujus
3151 5335 3302 5388 enim
3335 5349 3499 5404 opera
3523 5344 3662 5386 acce-

2095 5431 2286 5485 dentes
2309 5428 2375 5482 ad
2409 5442 2467 5482 se
2504 5428 2734 5497 mystice
2761 5426 2959 5480 confiat
2989 5442 3053 5481 ac
3099 5435 3328 5480 renovat
3387 5426 3658 5486 Dominus,

2079 5515 2219 5597 igne
2246 5525 2503 5594 Spiritus.
2529 5533 2785 5592 tanquam
2805 5502 3001 5576 ariifex
3027 5522 3323 5590 quispiam,
3356 5535 3510 5583 usus;
3535 5533 3658 5586 aqua

2096 5617 2711 5689 baptismatistanquatn
2739 5616 2904 5670 Iterba
2923 5615 3154 5684 quadam
3192 5612 3391 5665 sordes
3415 5621 3656 5680 peccato-

2092 5725 2210 5767 rum
2235 5710 2572 5775 abstergens,
2607 5717 2769 5774 atque
2802 5707 2924 5772 igne
2981 5705 3205 5772 spiritus
3273 5718 3467 5757 eorum
3531 5712 3658 5753 uuas
