3916 6196
380 282 589 349 ·783

1701 277 2034 339 GEORGII
2076 278 2506 338 Fumarsz
3567 288 3657 348 τρι

486 398 595 467 σὴφ
629 394 725 448 καὶ
756 392 850 448 τοῦ
895 391 1153 445 δεσπότου
1188 392 1293 462 κὺρ
1344 391 1659 462 Δημητρίου
1694 392 1788 443 καὶ
1837 389 2048 443 πολλῶν
2081 394 2123 449 Α
2152 405 2289 458 νην;
2326 407 2344 441 ι
2385 388 2461 441 Oti
2515 388 2603 441 διὰ
2650 388 2854 458 ταύτην
2882 387 2975 442 οὖν
3007 388 3101 459 τὴν
3143 392 3314 443 αἰτίαν
3348 389 3488 447 εἶπον
3525 399 3576 449 τ).
3600 400 3662 461 ὡς

482 490 759 559 ἀρχόντων
807 488 905 556 τῆς
937 485 1247 554 συγκλήτου
1292 487 1386 537 καὶ
1417 485 1515 553 τῆς
1562 483 1857 553 ἐκκλησίας
1893 482 2051 551 177

484 584 577 635 καὶ
608 580 824 633 πάντων
857 578 1042 647 σχεδὸν
1084 577 1195 629 τῶν
1250 576 1668 647 μητροπολιτῶν
1700 577 1793 629 καὶ
1834 575 2050 627 ἐπισκό-

484 688 600 724 ⁴ιτων
631 669 720 722 διὰ
771 667 870 738 τὴν
909 668 1304 737 μελετηθείσαν
1343 669 1438 720 καὶ
1481 667 1556 737 μὴ
1607 666 1986 735 ὠφεληθεῖσαν
2020 665 2052 733 ἢ

485 761 688 832 μᾶλλον
716 760 893 811 εἰπεῖν
937 758 1009 828 μὴ
1042 756 1407 827 ὠφελήσασαν
1440 756 1658 809 σύνοδον
1692 755 1790 826 τὴν
1821 756 1878 805 ἐν
1904 754 2053 806 Φλω-

487 853 671 923 ρεντίᾳ
725 851 1237 920 συναθροισθείσαν,
1287 849 1415 903 ἔνθα
1465 852 1559 901 καὶ
1601 850 1660 902 οὐ
1716 848 2055 919 συνεπέρασε

481 946 596 1005 τοῖς
631 944 791 996 πᾶσι.
821 942 894 995 Ού
918 939 1069 1009 λέγω
1100 940 1259 994 τοῦτο
1290 941 1430 994 κατά
1454 942 1561 993 τῶν
1586 942 1685 1008 τῆς
1728 939 2055 1008 Ἐκκλησίας

484 1036 778 1105 δογμάτων
803 1049 816 1063 ο
850 1033 1025 1086 ταῦτα
1082 1034 1189 1103 γὰρ
1224 1035 1357 1104 παρ’
1408 1033 1589 1094 ἀλλοις
1623 1031 1886 1098 ἐδόθησαν
1933 1031 2057 1097 κρί-

486 1129 702 1180 νεσθαι·
746 1125 871 1193 ἐμοὶ
901 1124 958 1176 δὲ
989 1125 1148 1194 ἀρκεῖ
1181 1126 1213 1192 ἡ
1264 1124 1508 1192 πατρική
1559 1140 1659 1188 μου
1701 1120 1922 1189 διαδοχὴ
1957 1119 2056 1188 τῆς

489 1222 744 1281 πίστεως,
799 1218 933 1269 διότι
969 1218 1029 1268 οὗ
1077 1216 1230 1284 παρά
1260 1233 1408 1276 τινος
1451 1214 1558 1266 τῶν
1610 1214 1838 1267 ἐκείνων
1872 1212 2055 1282 μερῶν

487 1313 593 1364 τῶν
631 1311 687 1373 ἐξ
743 1309 987 1371 ἐναντίας
1041 1309 1253 1377 ἤκουσα
1296 1307 1479 1375 λέγειν
1529 1307 1598 1358 τά
1630 1306 1876 1374 ἡμέτερα
1909 1304 2056 1357 κακά

486 1400 650 1459 εἶναι,
689 1401 824 1452 ἀλλὰ
868 1399 1067 1467 μᾶλλον
1103 1397 1241 1449 καλὰ
1283 1396 1377 1448 καὶ⁸
1413 1396 1640 1464 ἀρχαῖα,
1675 1392 1769 1446 καὶ
1798 1394 1865 1445 τὰ
1913 1395 2056 1445 ὲκεί-

485 1512 593 1545 νων
626 1490 788 1542 πάλιν
818 1490 877 1541 ού
926 1487 1096 1551 κακὰ,
1136 1486 1273 1539 ἀλλά
1320 1485 1483 1539 καλά.
1520 1486 1630 1537 Καὶ
1672 1484 1748 1545 ὡς
1792 1485 1968 1535 εἰπεῖν
1998 1484 2055 1533 έν

484 1580 915 1649 παραδείγματι,
964 1580 1047 1630 ὄτι
1090 1578 1189 1645 τὴν
1226 1578 1398 1645 μέσην
1430 1575 1546 1627 ὁδὸν
1575 1576 1672 1644 τῆς
1717 1575 1925 1635 πόλεως
1957 1574 2055 1643 τὴν

485 1675 751 1726 πλατεῖαν
803 1673 898 1723 καὶ
929 1669 1247 1738 εὐρύχωρον
1280 1668 1621 1737 διηρχόμεθα
1662 1667 1894 1727 πολλοὺς
1928 1665 2056 1735 χρό-

484 1782 607 1825 νους
658 1762 798 1831 μετά
838 1778 1026 1824 τινων,
1061 1760 1130 1812 δι’
1158 1756 1225 1830 ἦς
1263 1760 1622 1826 καταντῶμεν
1648 1759 1725 1821 εἰς
1761 1758 1857 1828 τὴν
1894 1758 2056 1823 ἁγίαν

487 1858 714 1923 Σοφίαν·
744 1851 863 1907 εἶτα
890 1853 1030 1921 μετά
1054 1869 1205 1911 τινας
1236 1852 1462 1919 καιροὺς
1492 1850 1689 1920 εὑρέθη
1722 1851 1874 1918 παρά
1895 1866 2057 1902 τινων

484 1949 580 1999 καὶ
615 1944 750 2011 ἄλλη
801 1941 919 2003 ὁδὸς
970 1940 1317 2002 καταντῶσα,
1352 1939 1426 1999 ὡς
1475 1939 1719 2005 λέγουσι,
1765 1943 1862 1991 καὶ
1914 1938 2055 2007 αὑτὴ

484 2040 620 2096 ἐκεῖ,
653 2038 749 2089 καὶ
788 2031 1194 2103 παροτρύνουσί
1251 2049 1317 2100 με
1370 2030 1661 2098 λέγοντεςο
1704 2048 1722 2081 ‹
1774 2030 1925 2082 Ἐλθέ
1964 2032 2059 2083 καὶ

488 2130 552 2181 σὺ
584 2128 670 2180 διὰ
691 2128 789 2195 τῆς
822 2125 942 2178 ὁδοῦ
975 2123 1199 2191 ταύτης,
1234 2124 1299 2191 ἣν
1326 2121 1561 2192 εὕρομεν
1584 2136 1597 2150 ⁸
1633 2120 1856 2189 καὶγὰρ
1889 2121 1935 2171 εἰ
1963 2119 2057 2171 καί

485 2224 636 2273 ἐστιν
686 2219 827 2289 αὕτη
874 2212 1033 2288 δι’ἦς
1086 2217 1306 2287 ἀπέρχῃ
1340 2214 1481 2284 καλὴ
1538 2215 1629 2267 καὶ
1674 2211 1899 2282 ἀρχαία,
1961 2212 2058 2264 καὶ

488 2313 622 2381 ἡμῖν
675 2309 916 2379 ἀρχῆθεν
966 2307 1185 2376 γνωστὴ
1225 2306 1320 2360 καί¹
1378 2308 1474 2359 σὺν
1534 2306 1664 2373 ὑμῖν
1710 2302 2055 2373 διερχομένη,

493 2402 628 2458 ἀλλά
648 2403 743 2456 καὶ
770 2399 932 2470 αὕτη,
962 2400 1029 2470 ἢν
1063 2398 1294 2469 εὕρομεν
1331 2398 1448 2462 νῦν,
1478 2397 1615 2466 καλή
1662 2398 1812 2448 ἔστιν
1835 2411 1850 2426 ο
1891 2412 1910 2446 ι
1948 2392 2057 2461 ἐγὼ

491 2494 548 2548 δὲ
582 2492 797 2546 ἀκούων
855 2492 1005 2559 ποιρά
1046 2490 1143 2558 μὲν
1171 2488 1280 2540 τῶν
1324 2490 1406 2540 ὅτι
1438 2488 1577 2556 καλή
1614 2488 1749 2551 ἐστι,
1806 2486 1958 2554 παρά
1998 2483 2057 2536 δὲ

488 2584 596 2637 τῶν
621 2583 706 2636 ὅτι
733 2582 794 2634 ού
819 2580 980 2651 καλὴ,
1018 2581 1115 2633 καὶ
1146 2578 1478 2645 ἀσυμφωνία
1508 2576 1643 2628 οὖσα
1679 2578 1736 2628 έν
1765 2574 1844 2643 τῷ
1885 2575 2054 2642 μέσῳ,

487 2676 576 2729 διὰ
602 2674 654 2728 τί
684 2674 758 2744 μὴ
789 2674 930 2726 εἴπω
974 2674 1091 2741 μετ’
1136 2671 1362 2740 εἰρήνης
1388 2684 1403 2699 ο
1449 2687 1467 2719 ι
1506 2664 1838 2737 Ἀπέρχεσθε
1876 2664 2057 2725 καλῶς

488 2768 568 2829 εἰς
612 2766 709 2837 τὴν
742 2764 905 2832 ἁγίαν
951 2762 1152 2829 Σοφίαν
1203 2761 1329 2815 ὅθεν
1374 2760 1668 2831 βούλεσθε’
1740 2756 1850 2823 ἐγὼ
1891 2756 2056 2809 πάλιν

486 2857 683 2911 διέλθω
714 2856 801 2909 διά
822 2857 921 2924 τῆς
953 2852 1076 2907 ὁδοῦ
1110 2854 1177 2922 ἢν
1204 2851 1299 2905 καὶ
1334 2851 1454 2920 μεθ’
1483 2849 1638 2913 ὑμῶν
1669 2846 1849 2916 πολλῷ
1880 2848 2056 2916 χρίνῳ

492 2947 655 3017 178
687 2945 1016 3016 διηρχόμην,
1064 2945 1160 2995 καὶ
1195 2941 1366 3010 καλὴν
1402 2941 1575 3007 αὐτὴν
1612 2939 1708 2991 καὶ
1736 2938 1865 3007 παρ’
1902 2935 2056 3003 ὑμῶν

488 3042 585 3094 καὶ
632 3039 739 3092 τῶν
782 3036 1065 3107 προγόνων
1123 3032 1578 3106 μαρτυρουμένην
1626 3031 1722 3083 καὶ
1774 3026 2056 3099 διερχομέ-

492 3220 674 3287 tisque
720 3227 826 3269 tam
878 3212 1142 3270 senatorii
1174 3210 1406 3274 ordinis,
1438 3225 1599 3278 quam
1638 3206 1892 3261 Ecclesiae
1924 3205 2052 3259 viris

492 3309 825 3379 primoribus
873 3316 926 3359 et
956 3303 1226 3358 universis
1255 3300 1647 3372 propemodum
1695 3298 2055 3367 metropolitis

490 3409 545 3454 et
573 3398 869 3467 episcopis,
904 3402 1127 3465 propter
1165 3406 1307 3454 eam,
1337 3403 1500 3460 quam
1527 3387 1912 3448 meditabatur,
1958 3387 2051 3441 sed

491 3493 577 3548 cui
610 3505 719 3545 non
746 3487 969 3558 profuit,
1006 3485 1109 3551 vel,
1144 3493 1202 3539 ut
1231 3483 1410 3553 aptius
1449 3481 1648 3545 dicam,
1679 3493 1800 3548 quae
1824 3478 1938 3547 ipsa
1972 3477 2055 3530 ni-

490 3587 567 3641 hil
594 3582 819 3656 profuit,
854 3576 1141 3634 Florentiae
1187 3583 1431 3630 coactam
1476 3572 1740 3644 synodum
1780 3569 2052 3624 discessit.

440 3679 548 3734 -eln
580 3693 642 3732 ea
682 3675 847 3746 igitur
894 3686 1017 3726 cum
1069 3668 1293 3737 reliquis
1332 3667 1591 3721 omnibus
1629 3663 1767 3717 nihil
1829 3660 2056 3731 profecit

492 3771 789 3838 imperator
821 3783 833 3818 :
872 3762 1022 3831 quod
1060 3774 1169 3813 non
1209 3758 1278 3813 de
1307 3756 1580 3825 dogmatis
1612 3751 1869 3808 Ecclesia:
1893 3752 2050 3806 dico:

490 3837 733 3914 eaienim
764 3854 884 3907 aliis
918 3855 1041 3904 data
1081 3855 1209 3902 sunt
1232 3844 1549 3914 iudicanda,
1586 3855 1651 3896 ac
1687 3839 1821 3893 mihi
1856 3837 2055 3892 sntiicit

490 3954 649 4026 quasi
684 3949 1000 4006 haereditate
1039 3960 1068 3998 a
1110 3941 1412 4012 majoribus
1457 3945 1679 4005 accepta
1719 3934 1874 4001 ﬁdes,
1921 3948 2055 4002 quo-

488 4024 637 4103 niam
677 4060 705 4097 a
739 4045 957 4098 nemine
978 4035 1268 4092 contrariae
1289 4031 1461 4103 partis
1488 4028 1698 4085 assecla
1724 4026 1927 4089 audivi,
1954 4024 2055 4078 do-

492 4148 670 4210 gmata
705 4145 888 4191 nostra
916 4145 1079 4201 prava
1117 4143 1260 4191 esse,
1292 4126 1402 4181 imo
1425 4124 1604 4194 pOtius
1634 4122 1857 4193 pulchra
1880 4129 1933 4173 et
1958 4133 2055 4181 an-

495 4207 664 4301 tiqua,
686 4226 997 4298 quanquam
1020 4236 1117 4276 nec
1141 4232 1239 4274 sua
1256 4218 1507 4287 dogmata
1527 4228 1716 4284 prava,
1751 4207 1843 4266 sed
1862 4220 1915 4265 et
1938 4209 2055 4275 ipsa

2160 478 2236 548 μὴ
2266 478 2649 546 ὠφελήσασαν,
2692 478 2808 531 ἀλλ’
2843 479 3028 531 ἕνεκεν
3053 480 3146 547 τῆς
3182 483 3528 550 ἀσυμφωνίας.
3564 490 3665 539 lim:

2155 570 2349 631 ἓνωσις
2380 570 2466 637 εἴη
2499 569 2607 644 τῶν
2632 568 2969 635 ἐκκλησιῶν,
2994 573 3087 621 καὶ
3114 571 3397 639 ὑστερήσαι
3428 591 3487 641 με
3512 578 3536 626 ὁ
3558 578 3668 637 θεὶς

2154 661 2266 713 τῶν
2297 661 2596 729 ὀφθαλμῶν
2637 678 2762 729 μου.
2788 661 2951 713 ’Λλλά
2981 662 3069 715 διά
3110 662 3199 726 τί;
3249 664 3326 716 ὅτι
3378 666 3465 717 καὶ
3492 668 3609 733 αὐτὴ
3640 672 3666 737 ἡ

2155 755 2257 824 τῆς
2286 753 2507 806 συνόδου
2556 753 2815 815 ὑπόθεσις
2850 748 2919 822 ἦν
2954 753 3100 805 αἰτία
3138 752 3320 825 πρώτη
3355 757 3442 806 καὶ
3490 760 3674 825 μεγάλη

2158 846 2245 897 ἶνα
2277 847 2503 914 γένηται
2554 846 2759 915 ἠκατά
2802 848 2902 914 τῆς
2946 846 3547 909 Κωνσταντινουπόλεως
3585 851 3674 900 τῶν

2159 934 2374 987 ἀσεϐῶν
2400 934 2612 1002 ἔφοδος,
2643 937 2739 988 καὶ
2769 934 2876 986 ἀπὸ
2923 937 3127 1003 ταύτης
3158 934 3313 988 πάλιν
3354 938 3386 1004 ἡ
3426 937 3677 1005 πολιορκία

2158 1027 2253 1077 καὶ
2285 1025 2635 1095 αίχμαλωσία
2669 1027 2767 1078 καὶ
2795 1026 3026 1095 τοιαύτη
3075 1027 3169 1079 καὶ
3200 1021 3426 1096 τοὸαύτη
3459 1030 3675 1095 συμφορὶ

2158 1119 2346 1186 ἡμῶν·
2384 1120 2479 1170 καὶ
2507 1118 2777 1170 ἀκούσατε
2812 1118 2997 1185 λόγους
3039 1118 3280 1187 ἀληθεῖς,
3316 1120 3406 1189 τὴν
3433 1121 3675 1188 Αύτοαλὴο

2158 1210 2311 1263 θειαν
2343 1209 2753 1278 προϐαλομένου
2792 1227 2892 1279 μου
2922 1212 3246 1279 μαρτυρίαν.

2230 1298 2398 1353 Εἶπεν
2434 1303 2460 1353 ό
2484 1300 2733 1369 ἀοίδιμος
2770 1300 3025 1368 βασιλεὺς
3056 1302 3160 1370 κὺρ
3189 1303 3435 1373 Μανουὴλ
3463 1303 3581 1372 πρδις
3604 1307 3677 1356 τὸν

2157 1393 2275 1445 υἱὸν
2310 1391 2498 1458 αὑτοῦ,
2543 1391 2635 1444 τὸν
2686 1392 2910 1460 βασιλέα
2940 1396 3044 1462 κὺρ
3070 1392 3344 1463 Ἰωάννην,
3394 1394 3539 1461 μόνος
3570 1396 3678 1461 πρδς

2160 1484 2341 1552 μόνον,
2386 1483 2567 1552 κάμοῦ
2606 1486 2771 1551 μόνου
2821 1486 3118 1550 ἱσταμένου
3154 1486 3454 1554 ἔμπροσθεν
3498 1486 3678 1537 αύτῶψ

2160 1574 2251 1626 καὶ
2294 1576 2617 1637 ἐκπεσόντος
2662 1575 2822 1642 λόγου
2866 1578 3120 1644 περὶτῆς
3152 1577 3369 1629 συνόδου
3400 1576 3493 1646 ἔφη
3523 1594 3533 1604 ’
3561 1596 3577 1627 ι
3607 1577 3679 1627 Υἱέ

2163 1683 2290 1732 μου,
2324 1666 2554 1734 βεϐαίως
2591 1668 2683 1718 καὶ
2714 1667 2936 1736 ἀληθῶς
2962 1667 3306 1735 ἐπιστάμεθα
3342 1669 3398 1718 ὲκ
3430 1668 3576 1734 μέσου
3603 1668 3679 1734 τῆς

2161 1757 2389 1824 καρδίας
2417 1758 2598 1810 αὐτῶν
2626 1759 2688 1826 δὴ
2717 1759 2826 1811 τῶν
2857 1759 3091 1823 ἀσεϐῶν,
3132 1760 3214 1812 ὅτι
3245 1760 3359 1812 λίαν
3392 1761 3679 1825 διστάζουσι,
3718 1796 3726 1805 .

2160 1848 2488 1916 φοϐούμενοι
2544 1848 2615 1915 μή
2664 1864 2780 1911 πως
2820 1852 3278 1918 συμφωνήσωμεν
3317 1852 3408 1903 καὶ
3437 1849 3680 1917 ένωθῶμεν

2160 1941 2271 2000 τοῖς
2313 1939 2552 2001 δυτικοῖς
2599 1940 2952 2007 Χριστιανοῖς
2975 1955 2988 1969 ·
3022 1940 3177 1993 δοκεῖ
3205 1942 3313 2010 γὰρ
3358 1941 3528 2002 αὐτοῖς
3555 1941 3620 1992 ὅτι
3644 1943 3680 1990 εί

2158 2027 2315 2080 τοῦτο
2339 2028 2587 2097 γένηται,
2616 2028 2907 2098 γενήσεταί
2933 2047 2985 2082 τι
3018 2032 3195 2083 κακὸν
3226 2030 3367 2098 μέγα
3396 2031 3506 2083 κατ’
3533 2030 3681 2082 αὐτῶν

2160 2119 2311 2188 παρά
2342 2108 2447 2171 τῶν
2494 2120 2614 2188 είρη
2626 2120 2800 2187 μένων
2843 2121 3079 2173 δυτικῶν
3110 2121 3179 2174 δι’
3210 2123 3377 2191 ἡμᾶς.
3422 2121 3600 2174 Λοιπὸν
3634 2124 3681 2168 τὴ

2159 2211 2288 2274 περὶ
2319 2210 2418 2276 τῆς
2449 2209 2673 2262 συνόδου
2727 2210 2927 2278 μελέτα
2968 2212 3069 2279 μὲν
3107 2212 3241 2263 αὐτὸ
3291 2213 3381 2263 καὶ
3418 2209 3574 2277 ζήτει,
3606 2210 3680 2259 καὶ

2162 2300 2394 2368 μάλιστα
2426 2302 2555 2353 ὅταν
2578 2301 2770 2368 χρείαν
2798 2300 2945 2370 ἔχεις
2977 2302 3223 2370 φοϐῆσαι
3253 2304 3378 2365 τοὺς
3401 2302 3609 2364 ἀσεϐεῖς.
3633 2300 3680 2350 τὸ

2159 2392 2216 2444 δὲ
2257 2393 2485 2458 ποιῆσαι
2527 2393 2699 2462 αὐτὴν
2748 2396 2947 2463 μηκέτι
2983 2395 3364 2465 ἐπιχειρισθῇς
3404 2396 3541 2458 αὐτὸ,
3571 2394 3679 2448 διότι

2159 2483 2234 2545 ὡς
2266 2482 2450 2550 βλέπω
2481 2484 2609 2546 τοὺς
2640 2485 2972 2553 ἡμετέρους,
3002 2485 3106 2538 οῦκ
3139 2487 3278 2538 εἰσιν
3308 2488 3540 2557 ἀρμόδιοι
3572 2487 3681 2552 πρῖς

2158 2575 2219 2627 τὸ
2247 2576 2430 2641 εὑρεῖν
2481 2576 2705 2644 μέθοδον
2738 2578 2833 2628 καὶ
2880 2578 3086 2648 τρόπον
3123 2578 3368 2642 ένώσεως
3412 2577 3681 2649 συμφωνίας

2158 2683 2217 2718 τε
2249 2668 2343 2719 καὶ
2382 2667 2605 2736 εἰρήνης
2645 2667 2803 2737 179
2845 2668 2939 2719 καὶ
2970 2669 3198 2740 ἀγάπης
3243 2670 3335 2722 καὶ
3377 2670 3615 2739 ὁμονοίας,
3643 2669 3681 2720 εί
3748 2654 3757 2666 ’

2163 2756 2236 2827 μὴ
2268 2758 2611 2826 φροντίζουσι
2655 2760 2791 2827 πρὸς
2837 2759 2897 2811 τὸ
2933 2761 3266 2830 ἐπιστρέψαι
3317 2762 3521 2823 αὐτοὺς,
3566 2761 3679 2825 λέγω

2158 2849 2284 2911 τοὺς
2308 2849 2585 2915 δυτικοὺς,
2614 2850 2688 2912 ὡς
2716 2845 2858 2919 ἦμεν
2881 2852 3152 2921 ἀρχῆθεν.
3183 2853 3353 2907 Τοῦτο
3383 2854 3435 2907 δὲ
3464 2854 3683 2907 ἀδύνατον

2159 2938 2327 3001 ὅντως
2348 2955 2361 2969 ⁸
2398 2940 2585 3008 σχεδὸν
2619 2942 2726 3010 γὰρ
2760 2941 3035 3010 φοϐοῦμαι
3071 2944 3151 3014 μὴ
3183 2946 3276 2997 καὶ
3311 2948 3483 3015 χεῖρον
3514 2944 3682 3011 σχίσμα

2081 3028 2128 3089 C
2159 3029 2411 3101 γένηταιο
2441 3032 2531 3083 καὶ
2557 3031 2665 3084 ἰδοὺ
2686 3031 3165 3106 ἀπεκαλύφθημεν
3192 3039 3306 3100 τοῖς
3328 3032 3683 3089 ἀσεϐέσιδτοῦ

2159 3223 2322 3277 quam
2354 3209 2633 3265 vobiscum
2665 3212 2757 3265 diu
2790 3216 3073 3282 usurpavi,
3112 3225 3176 3272 et
3198 3210 3473 3287 pulchram
3500 3217 3624 3271 illam
3650 3225 3691 3268 et

2157 3317 2188 3355 a
2223 3302 2490 3356 nobismet
2507 3318 2569 3355 ac
2594 3305 2891 3371 majoribus
2910 3308 3204 3375 probatam
3227 3321 3621 3380 usurpatamque
3637 3306 3680 3359 ἳι

2160 3392 2275 3446 Non
2311 3393 2410 3447 hac
2469 3394 2537 3447 de
2566 3409 2731 3449 causa
2768 3396 2935 3463 igitur
2969 3401 3250 3469 synodum
3302 3402 3432 3455 nihil
3457 3402 3691 3472 profuisse

2157 3483 2295 3551 dixi,
2324 3486 2417 3540 sed
2449 3496 2671 3555 propter
2703 3486 3058 3545 discordiam.
3093 3490 3325 3547 Utinam
3361 3496 3501 3548 fieret
3540 3492 3695 3548 conci—

2160 3577 2312 3631 liatio
2337 3577 2697 3632 ecclesiarum
2735 3579 2750 3632 l
2784 3580 2867 3634 sic
2889 3594 2989 3649 ego
3015 3597 3129 3636 non
3162 3599 3495 3649 recusarem,
3522 3584 3691 3653 privari

2159 3683 2246 3723 me
2302 3684 2333 3722 a
2370 3668 2478 3723 Deo
2499 3668 2696 3723 oculis.
2737 3668 3003 3725 Nimirum
3035 3672 3159 3741 ipsa
3195 3675 3342 3731 illius
3368 3677 3547 3747 synodi
3569 3689 3691 3743 qua!-

2158 3760 2266 3816 stio
2305 3775 2468 3814 causa
2522 3762 2699 3829 prima
2739 3770 2792 3816 et
2827 3766 3158 3832 gravissima
3199 3777 3317 3822 erat
3376 3766 3695 3838 expeditionis

2157 3855 2225 3908 ab
2252 3854 2432 3923 impiis
2450 3864 2638 3908 contra
2668 3841 2877 3924 Cpolim
2907 3868 3183 3925 susceptae
3208 3871 3375 3930 atque
3393 3861 3571 3915 deinde
3585 3874 3693 3913 con-

2156 3955 2361 4001 secutae
2388 3944 2726 4000 obsessionis
2757 3956 2813 4000 et
2841 3952 3279 4019 expugnationis
3305 3964 3358 4007 et
3388 3948 3697 4014 tantze’hujus

2156 4036 2327 4090 cladis
2383 4044 2583 4090 nostra:
2616 4053 2629 4088 :
2670 4037 2814 4107 agite
2846 4038 3031 4092 audite
3064 4058 3078 4104 ;
3114 4044 3411 4099 audituros
3461 4058 3549 4097 vos
3597 4054 3695 4095 esse

2157 4128 2498 4182 narrationes
2531 4143 2710 4192 veras,
2748 4137 2919 4183 testor
2962 4144 3110 4197 eum,
3139 4135 3341 4203 quiest
3375 4136 3483 4204 ipsa
3510 4132 3696 4187 veritas.

2228 4222 2518 4277 Gloriosus
2548 4222 2847 4290 imperator
2883 4223 3094 4279 Manuel
3132 4227 3403 4283 Joannem
3442 4228 3696 4281 tiliumim-

492 4321 716 4392 pulchra
738 4332 859 4373 esse
893 4312 1250 4369 contendunt.
1287 4310 1459 4373 Quam
1491 4321 1603 4409 rem
1628 4304 1704 4358 ita
1736 4302 1920 4357 licebit
1950 4314 2050 4409 e'x-
2077 4348 2131 4409 Β
2159 4322 2459 4383 pel-Momm
2484 4313 2632 4367 εοιιιε
2659 4314 2861 4377 solum,
2889 4329 2976 4368 me
2999 4317 3165 4371 unico
3198 4326 3561 4384 astanlewum
3586 4314 3699 4368 {om

490 4391 669 4478 eniplo
695 4407 987 4460 illustrare.
1025 4400 1082 4454 Si
1114 4399 1196 4453 via
1229 4398 1318 4452 illa
1343 4411 1438 4465 per
1477 4394 1712 4450 mediam
1750 4394 1939 4446 urbem
1971 4391 2051 4444 fe-

492 4512 645 4557 rente
681 4498 840 4568 plaua
874 4503 928 4549 et
950 4491 1129 4559 ampla
1160 4504 1255 4559 per
1283 4489 1501 4556 longum
1526 4486 1788 4553 temporis
1821 4484 2052 4551 spatium

496 4607 618 4647 cum
677 4587 801 4642 aliis
850 4581 1177 4652 quibusdam
1214 4578 1445 4649 profecti
1485 4590 1732 4631 essemus
1756 4572 1824 4626 ad
1851 4582 2055 4626 sanctae

497 4682 715 4752 Sophim
744 4677 1025 4745 templum,
1068 4670 1284 4733 deinde,
1323 4677 1447 4738 post
1488 4665 1703 4735 aliquod
1732 4676 1946 4732 tempus
1975 4664 2057 4714 in-

498 4784 656 4830 venta
693 4788 721 4824 a
774 4766 1053 4823 nonnullis
1099 4762 1203 4817 alia
1235 4762 1342 4826 via,
1370 4770 1425 4814 et
1461 4759 1607 4828 ipsa,
1652 4756 1808 4810 utilli
1838 4754 2053 4821 quidem

495 4868 759 4928 dicerent,
781 4855 971 4915 eodem
1002 4858 1229 4921 ferente,
1259 4854 1677 4908 cohortarentur
1708 4862 1794 4902 me
1821 4848 1903 4900 his
1938 4860 2058 4899 ver-

495 4960 612 5015 bis:
643 4974 661 5007 ι
690 4954 856 5010 Utare
881 4961 937 5006 tu
964 4963 1182 5020 quoque
1210 4948 1335 5013 hac,
1365 4959 1528 5015 quam
1565 4942 1898 5003 invenimus,
1923 4939 2007 4991 via
2037 4954 2052 5002 ;

494 5048 707 5106 etiamsi
736 5046 880 5102 enim
902 5045 1150 5113 ista.qua
1183 5049 1239 5094 tu
1268 5038 1458 5103 uteris,
1498 5035 1722 5106 pulchra
1752 5041 1805 5087 et
1830 5031 2052 5100 antiqua

494 5151 579 5199 est
608 5156 672 5194 ac
711 5138 870 5194 nobis
907 5134 1114 5205 pridem
1157 5142 1283 5187 nota
1323 5140 1377 5183 et
1408 5128 1688 5182 vobiscum
1724 5125 1941 5186 usitata,
1978 5131 2055 5173 ta-

496 5250 619 5289 men
633 5232 797 5287 eliam
820 5230 933 5283 haec
953 5226 1176 5295 pulchra
1200 5233 1300 5283 est,
1322 5235 1486 5291 quam
1509 5233 1653 5273 nunc
1669 5215 2006 5276 invenimus;
2036 5230 2054 5261 ›

494 5340 595 5395 ego
630 5332 813 5377 autent
854 5319 923 5374 ab
963 5318 1084 5372 aliis
1118 5314 1387 5377 audirem,
1426 5310 1708 5380 pulchram
1745 5320 1863 5359 eam
1908 5317 2055 5365 esse,

498 5421 564 5467 ab
588 5414 729 5477 aliis,
761 5426 869 5466 non
902 5408 1201 5480 pulchram,
1222 5413 1470 5472 essetque
1495 5402 1637 5455 inter
1657 5410 1914 5466 utrosque
1940 5397 2062 5450 dis-

497 5504 684 5561 sensio
714 5511 768 5557 et
794 5498 1063 5563 discordia
1091 5515 1104 5551 :
1140 5495 1329 5565 quidni
1371 5508 1469 5564 ego
1500 5493 1680 5562 quiete
1724 5490 1797 5542 ita
1828 5501 2058 5555 respou—

2163 4407 2227 4457 de
2257 4405 2464 4474 synodo
2502 4404 2708 4458 mentio
2741 4406 3046 4471 incidisset,
3085 4407 3170 4462 sic
3205 4419 3291 4464 est
3320 4410 3544 4463 affatus:
3577 4425 3595 4457 ι
3616 4403 3696 4457 Fili

2163 4495 2258 4558 mi,
2280 4494 2479 4562 inquit,
2514 4509 2644 4547 vere
2697 4510 2762 4549 ac
2785 4504 2935 4549 certo
2975 4498 3187 4553 scimus
3220 4501 3517 4569 exploratis
3540 4496 3701 4565 impio-

2164 4601 2279 4638 rum
2304 4585 2511 4640 intimis
2538 4587 2813 4649 sensibus,
2847 4590 3203 4645 vehementer
3236 4608 3336 4648 eos
3368 4594 3487 4661 angi
3524 4606 3580 4645 ac
3608 4588 3698 4641 for-

2164 4678 2391 4743 midare,
2451 4693 2517 4730 ne
2581 4680 2800 4747 quando
2852 4681 3212 4737 conciliemur
3246 4696 3302 4741 et
3341 4686 3700 4754 conjungemur

2164 4784 2285 4822 cum
2309 4768 2636 4822 Christianis
2662 4769 3114 4825 occidentalibus.
3147 4772 3265 4829 Hoc
3289 4778 3433 4829 enim
3464 4776 3505 4828 si
3526 4774 3626 4835 tiat,
3643 4770 3697 4822 ab

2166 4863 2255 4926 iis,
2301 4876 2437 4931 quos
2481 4860 2613 4921 dixi,
2658 4860 3085 4918 oet-identalibus
3132 4881 3339 4935 magno
3379 4885 3497 4924 sese
3528 4869 3698 4921 damno

2164 4965 2385 5025 propter
2408 4970 2507 5008 nos
2534 4964 2825 5008 mactatum
2851 4956 2914 5007 iri
2942 4966 3152 5022 putant.
3173 4958 3444 5012 Caeterum
3466 4958 3626 5025 cogita
3645 4955 3698 5008 de

2164 5047 2369 5117 synodo
2400 5054 2453 5099 et
2488 5059 2599 5098 rem
2644 5060 2789 5098 cura!
2827 5047 2988 5112 habe,
3027 5050 3363 5116 praesertim,
3418 5066 3535 5105 eum
3574 5045 3701 5115 impii

2161 5139 2257 5191 tibi
2289 5135 2515 5190 timendi
2546 5145 2707 5201 sunt;
2738 5152 2929 5205 cogere
2959 5149 3139 5192 autem
3170 5155 3292 5193 eam
3318 5157 3383 5195 ne
3408 5142 3515 5210 jam
3543 5151 3703 5207 aggre-

2161 5229 2334 5291 diare,
2361 5228 2621 5293 quoniam
2655 5235 2947 5291 nostrates,
2978 5238 3037 5282 ut
3068 5230 3199 5282 mihi
3242 5232 3466 5299 quidem
3497 5230 3701 5289 videtur,

2163 5319 2228 5371 ad
2257 5318 2630 5370 inveniendam
2658 5318 2926 5371 rationem
2954 5320 3290 5389 modumque
3307 5318 3702 5389 conjunuionis,

2163 5425 2484 5472 consensus,
2528 5402 2697 5477 pacis,
2750 5408 3037 5465 charitatis
3064 5421 3115 5465 et
3168 5412 3481 5470 concordiae
3528 5422 3708 5478 nequa-

2167 5515 2329 5569 quam
2370 5500 2477 5568 apti
2536 5509 2686 5563 sunt,
2718 5494 2811 5554 sed
2862 5515 2979 5567 eos,
3020 5502 3385 5558 occidentales
3415 5504 3552 5565 dico,
3598 5502 3709 5552 tales

496 5598 716 5650 durem:
751 5612 769 5645 ι
810 5593 884 5647 Ite
931 5604 1047 5656 vos,
1078 5604 1183 5659 qua
1220 5587 1416 5657 placet,
1447 5587 1512 5640 ad
1568 5583 1818 5651 templum
1863 5589 2055 5635 sancta!

2173 5594 2349 5663 facere
2368 5593 2608 5644 animum
2633 5594 2923 5660 inducunt,
2945 5594 3136 5664 quales
3168 5593 3380 5648 fuimus
3410 5592 3707 5661 antiquitus.

506 5685 723 5755 Sophia:
757 5704 772 5751 ;
804 5698 904 5754 ego
935 5683 1161 5753 posthac
1191 5695 1407 5751 quoque
1436 5676 1715 5747 usurpabo
1750 5676 1886 5729 viam
1920 5688 2061 5740 eam,

2174 5683 2323 5749 Quod
2374 5682 2615 5754 profecto
2645 5686 2762 5742 fieri
2792 5701 2899 5743 non
2933 5698 3145 5758 potest;
3177 5701 3241 5744 ac
3270 5688 3435 5743 timeo
3470 5697 3618 5754 pene,
3656 5693 3711 5731 ιιε
