3920 6188
303 284 410 349 ’ἶκὸ

1352 286 1793 351 CHRONICON
1826 289 2102 354 MAJUS.
2127 315 2191 325 —
2234 290 2386 350 LIB.
2431 290 2512 349 II.

3421 287 3532 351 ’188

290 395 345 447 es
379 391 660 460 βασιλέως,
686 392 853 458 ἔδοξε,
883 393 956 464 μὴ
988 394 1288 465 δεξαμένου
1319 399 1410 452 τὸν
1433 399 1592 467 λόγον
1620 401 1714 453 τοῦ
1749 419 1856 456 πα⁴
1885 401 1934 460 Λ
1961 402 2053 455 τοῦ
2111 404 2380 472 βασιλέως
2439 401 2548 455 ἀπὸ
2594 370 2690 472 τῆς
2724 401 2929 463 πόλεως
2983 403 3079 456 καὶ
3105 403 3530 471 «ἀπερχομένου,

290 488 416 558 τρδς
450 482 640 551 αὐτοῦ,
681 487 846 556 μηδὲν
887 487 1056 540 εἰπὼν
1091 490 1328 551 ἀναστάς
1358 493 1592 562 ἀπῆλθε.
1629 495 1738 546 Καὶ
1775 513 1859 562 μι-

289 578 420 648 κρὸν
482 577 705 640 σύννους
759 579 996 645 γεγονὼς
1040 582 1067 634 6
1105 585 1418 652 μακαρίτης
1469 587 1563 638 καὶ
1616 586 1858 653 ἀοίδιμος

291 672 473 740 πατὴρ
499 669 688 734 αὑτοῦ,
743 671 1020 741 ἐμϐλέψας
1072 676 1208 744 πρὸς
1243 676 1310 744 μὲ
1356 671 1510 730 εἶπε·
1542 697 1558 729 ι
1597 681 1753 732 Δοκεῖ
1780 680 1858 747 τῷ

292 763 504 832 βασιλεί
532 762 608 831 τῷ
641 762 741 831 υίῷ
778 779 882 833 μου
917 763 1054 838 εἶναι
1098 767 1262 820 αὑτὸν
1293 769 1558 838 ἁρμόδιον
1607 771 1854 841 βασιλέα,

291 856 433 925 πὶὴν
461 855 522 908 οὐ
550 854 644 908 τοῦ
673 857 942 925 παρόντος
971 859 1170 930 καιροῦ
1189 878 1202 892 ο
1233 861 1422 929 βλέπει
1449 851 1561 933 ¹γὰρ
1589 867 1682 917 καὶ
1722 882 1854 935 φροο

289 945 639 1014 νεῖμε-γάλα,
681 949 774 999 καὶ
799 950 1023 1002 τοιαῦτα
1053 945 1140 1002 οἷα
1189 953 1239 1003 οἱ
1269 955 1455 1021 καιροὶ⁸
1502 954 1732 1024 ἔχρῃζον
1766 956 1860 1008 ἐπὶ

293 1037 392 1100 τῆς
422 1035 725 1104 εὐημερίας
758 1037 867 1089 τῶν
901 1041 1183 1108 προγόνων
1208 1043 1387 1111 ἡμῶν.
1423 1044 1570 1113 Πλὴν
1591 1049 1654 1115 τῇ
1687 1048 1859 1116 σήμε-

294 1141 387 1190 ρον
407 1125 483 1189 ὡς
508 1129 1012 1198 παρακολουθοῦσιν
1043 1133 1191 1201 ἡμᾶς
1222 1133 1290 1186 τὰ
1316 1135 1634 1205 πράγματα,
1663 1139 1724 1190 οὐ
1763 1140 1860 1206 βα-

292 1215 446 1270 σιλέα
478 1218 620 1271 θέλει
644 1219 799 1289 ἡμῶν
821 1223 852 1291 ἡ
877 1223 1044 1293 ἀρχὴ,
1076 1223 1193 1276 ἀλλ’
1229 1225 1515 1293 οἰκονόμον
1537 1245 1550 1258 ·
1584 1221 1859 1297 (ροϐοῦμαι

289 1307 398 1376 γάρ
430 1309 504 1377 μή
535 1326 666 1361 ποτε
695 1311 757 1362 ἐκ
785 1311 892 1362 τῶν
926 1315 1247 1383 ποιημάτων
1280 1317 1375 1370 καὶ
1410 1319 1859 1389 ἐπιχειρημάτων

290 1400 456 1452 αὐτοῦ
495 1402 716 1471 γένηται
745 1404 1026 1475 χαλασμδς
1058 1406 1153 1460 τοῦ
1182 1409 1333 1462 οίκου
1361 1409 1550 1463 τούτου
1570 1428 1582 1440 '
1612 1412 1860 1481 προεῖδον

291 1493 402 1559 γὰρ
451 1494 552 1546 καὶ
597 1494 694 1556 τὰς
738 1495 1065 1565 ἐνθυμήσεις
1117 1501 1306 1561 αὑτοῦ,
1351 1502 1444 1554 καὶ
1480 1503 1581 1556 ὅσα
1636 1505 1858 1568 ὲδόξασε

273 1582 640 1667 κατορθῶσαι
685 1589 823 1654 μετά
853 1588 947 1640 τοῦ
990 1591 1318 1660 Μουσταφᾶ,
1348 1594 1442 1645 καὶ
1484 1590 1623 1647 εἶδον
1669 1596 1861 1650 καὶτὰ

290 1669 419 1740 τέλη
473 1672 602 1728 τῶν.
632 1673 942 1743 δογμάτων,
995 1680 1053 1730 ἐν
1098 1679 1204 1734 τίνι
1262 1683 1494 1754 κινδύνῳ
1532 1686 1677 1754 ἡμᾶς
1722 1687 1858 1757 ἠγα-

291 1776 454 1827 γον.)

361 1851 589 1924 Ἕτερον
619 1855 873 1924 βεϐαιοῦν
920 1862 1019 1930 τήν
1061 1880 1191 1916 ποτε
1227 1865 1428 1936 βουλὴν
1467 1867 1563 1920 τοῦ
1609 1869 1858 1940 ἀοιδίμου

288 1947 498 2011 πατρὸς
556 1947 742 2002 αὑτοῦ.
813 1949 900 2016 Ὦς
955 1953 1175 2024 ἔκρινεν
1223 1957 1312 2010 ἵνα
1371 1961 1582 2032 ἀπέλθῃ
1635 1963 1714 2026 είς
1759 1964 1860 2033 τὴν

287 2032 530 2099 σύνοδον,
564 2039 768 2109 ἐστάλη
802 2044 939 2115 πρὸς
966 2047 1058 2102 τὸν
1091 2049 1320 2120 ἀμηρᾶν
1367 2053 1611 2121 πρέσϐυς
1642 2032 1861 2126 ’Δνδρδ-

288 2143 438 2190 νικος
482 2133 509 2182 6
557 2132 780 2202 Ἰαγρος
833 2137 1078 2206 δηλῶσαι
1129 2142 1291 2212 τοῦτο
1344 2145 1480 2212 πρὸς
1530 2148 1736 2201 ἐκεῖνον
1786 2149 1861 2211 ὡς

285 2217 430 2287 τάχα
460 2222 612 2288 φίλον
643 2229 738 2278 καὶ
761 2226 994 2297 ἀδελφόν
1014 2245 1029 2260 °
1058 2233 1309 2298 κάκεῖνος
1340 2235 1680 2304 ἀπεκρίνατο
1701 2239 1862 2309 180

283 2311 368 2364 ὃτι
400 2333 418 2363 ι
452 2315 525 2367 Οὐ
555 2318 810 2383 φαίνεταί
845 2338 936 2390 μοι
961 2324 1128 2378 καλὸν
1156 2321 1299 2380 εἶναι
1331 2328 1417 2381 ἵνα
1443 2328 1630 2402 ὑπάγῃ
1658 2331 1749 2382 καὶ
1769 2347 1859 2383 το-

285 2403 480 2457 σοῦτον
530 2408 783 2481 μοχθησῃ
829 2416 924 2467 καὶ
973 2418 1340 2492 καταναλώσῃ
1382 2420 1474 2474 τὸν
1506 2421 1622 2492 βίον
1665 2423 1856 2488 αὑτοῦ,

282 2497 381 2548 καὶ
414 2500 712 2566 μετέπειτα
741 2505 793 2556 τί
827 2505 888 2558 τὸ
919 2507 1147 2577 κέρδος;
1186 2512 1318 2565 ’ἰδοὺ
1353 2513 1466 2580 ἐγὼ
1491 2514 1633 2584 ὑπὲρ
1667 2515 1855 2580 αὐτοῦ,

281 2591 327 2641 εί
359 2593 557 2660 χρείαν
591 2593 703 2662 ἔχει
733 2601 1034 2666 χρημάτων
1064 2600 1132 2652 δι’
1169 2600 1348 2665 ἔξοδον
1380 2606 1474 2656 καὶ
1502 2605 1712 2659 εἴσοδον
1761 2608 1856 2660 καὶ

280 2681 415 2734 ἄλλο
441 2701 490 2736 τι
526 2687 664 2752 πρὸς
712 2687 1016 2758 Θεραπείαν
1046 2693 1236 2756 αὑτοῦ,
1275 2695 1500 2764 ἕτοιμός
1543 2698 1662 2767 εἰμι
1699 2698 1858 2768 θερα-

285 2773 490 2828 πεῦσαι
525 2777 740 2832 αὐτόν.)
774 2783 883 2834 Καὶ
911 2785 1130 2851 ἐγένετο
1156 2787 1326 2852 πολὺς
1351 2788 1510 2857 λόγος
1544 2791 1637 2843 καὶ
1668 2790 1854 2861 βουλὴ.

280 2865 519 2936 πότερον
550 2869 777 2941 γένηται
804 2874 863 2925 τὸ
895 2876 987 2928 τοῦ
1019 2879 1215 2947 ἀμηρᾶ
1244 2879 1482 2950 θέλημα,
1523 2883 1554 2951 ἢ
1593 2884 1855 2939 ἀπελθεῖν

281 2958 486 3021 αὐτοὺς
516 2962 595 3022 είς
621 2963 720 3031 τὴν
754 2963 992 3020 σύνοδον.
1021 2969 1210 3037 Ὅμως
1243 2971 1464 3036 ἐγένετο
1489 2971 1626 3042 ὅπερ
1659 2973 1855 3044 ἤθελεν

1963 494 2322 548 ἐϐουλεύσατο
2380 496 2406 547 6
2449 494 2676 564 ἀμηρᾶς
2723 494 2948 564 ποιῆσαι
3007 493 3188 564 μάχην
3242 496 3384 548 κατὰ
3437 499 3534 564 τῆς

1962 588 2171 648 πόλεως
2219 587 2311 638 καὶ
2362 585 2705 654 στρατόπεδα
2757 585 2974 654 πέμψαι
3027 586 3150 640 κατ’
3194 586 3388 655 αὐτῆς.
3423 589 3536 641 Kal.

1959 677 2118 730 τοῦτο
2160 677 2311 746 παρὰ
2343 678 2479 728 πᾶσι
2514 679 2626 738 τοῖς
2659 677 2824 730 αὐτοῦ
2876 676 3182 746 ἐϐεϐαιώθη
3238 677 3332 730 καὶ
3381 679 3535 730 ἐστε-

1965 767 2167 838 ρεώθη,
2198 770 2324 822 ἄνευ
2369 768 2534 838 μόνου
2570 768 2662 820 τοῦ
2697 767 2868 820 Χαλὶλ
2915 755 3158 836 μτέασίᾶ,
3188 770 3336 829 ὅστις
3371 769 3531 821 ἀντέ-

1963 878 2085 930 στη.
2106 861 2279 929 λέγων
2305 864 2385 914 ὅτι
2417 880 2436 913 ι
2458 863 2517 914 Εἰ
2538 862 2679 915 κατὰ
2699 862 2800 930 τῆς
2822 863 3031 925 πόλεως
3053 864 3302 929 ποιήσεις
3325 863 3530 931 μάχην,

1965 956 2165 1024 μᾶλλόν
2219 957 2368 1008 ἐστιν
2420 955 2735 1017 ὲπιϐλαϐὲς,
2782 957 2857 1025 μή
2921 973 3037 1018 πως
3086 957 3114 1006 6
3171 953 3430 1024 βασιλεὺς
3475 954 3536 1018 ἐξ

1961 1045 2207 1113 ἀνάγκης
2255 1045 2469 1112 δεηθεὶς
2505 1045 2659 1114 παρὰ
2682 1045 2791 1098 τῶν
2820 1045 3071 1098 Λατίνων
3091 1043 3362 1113 «βοήθειαν
3413 1047 3536 1096 ἐπι-

1963 1137 2187 1207 κυρώσῃ
2217 1136 2285 1189 τὰ
2319 1137 2570 1204 δόγματα
2605 1135 2810 1201 αὐτῶν,
2844 1134 2938 1189 καὶ
2963 1135 3371 1204 ὁμονοήσαντες
3399 1133 3535 1202 ὁμοῦ

1960 1231 2302 1300 γενήσονται,
2336 1230 2474 1295 ὅπερ
2502 1228 2874 1297 ἐνδοιάζομεν.
2908 1226 3053 1279 Ἀλλ’
3087 1225 3226 1292 ἄφες
3252 1223 3385 1276 αὐτὸ
3419 1223 3536 1284 νῦν,

1959 1322 2064 1384 ἕως
2116 1320 2183 1375 ἂν
2225 1320 2339 1392 ῐδῃς
2387 1321 2440 1372 τί
2488 1320 2687 1388 πράξει
2718 1321 2900 1381 αύτδς,
2935 1317 3027 1370 καὶ⁵
3077 1319 3125 1369 εί
3178 1315 3280 1384 μὲν
3308 1315 3539 1382 ὁμονοήο

1963 1430 2122 1476 σωσι,
2150 1414 2215 1466 σὺ
2270 1413 2495 1481 ἀγάπην
2542 1413 2631 1481 ἔχε
2688 1415 2805 1482 μετ’
2843 1411 3070 1465 ἐκείνων
3100 1409 3195 1463 καὶ⁸
3224 1411 3426 1477 ὅρκους
3457 1407 3539 1467 εἰς

1959 1507 2020 1560 τὸ
2050 1507 2236 1576 πρόσω
2267 1506 2434 1559 πάλιν
2457 1520 2471 1535 '
2506 1507 2580 1568 ὡς
2609 1505 2750 1576 ἴδῃς,
2783 1506 2950 1580 οὕτω,
2978 1504 3074 1557 καὶ⁸
3105 1501 3338 1572 πράξεις
3360 1515 3376 1531 ο
3415 1500 3465 1550 εἰ
3492 1497 3537 1549 δ’

1959 1599 2055 1666 οὐχ
2093 1600 2439 1667 ὁμονοήσωσι
2467 1637 2482 1659 ,
2538 1598 2660 1650 τότε
2725 1595 2929 1666 μᾶλλον
2966 1595 3252 1664 ἐξέρχεται
3301 1593 3330 1644 6
3381 1592 3535 1658 λογι-

1963 1692 2119 1758 σμδς,
2146 1693 2238 1745 καὶ
2265 1691 2405 1758 μετά
2436 1690 2680 1750 πλείονος
2709 1689 2945 1758 θάρσους
2971 1689 3218 1757 ποιήσεις
3239 1685 3267 1739 ὃ
3294 1683 3480 1755 βούλῃ.
3511 1702 3528 1732 ι

1965 1783 2073 1834 Καὶ
2127 1781 2267 1850 αὕτη
2316 1783 2349 1851 ἡ
2401 1781 2566 1852 βουλὴ
2619 1781 2711 1833 τὶν
2762 1781 2862 1848 μὲν
2911 1781 3136 1848 ἀμηρᾶν
3182 1777 3278 1830 τοῦ
3329 1773 3534 1828 σκοποῦ

1964 1866 2261 1932 ἐκώλυσεν,
2299 1870 2430 1940 περὶ
2475 1869 2534 1922 δὲ
2575 1868 2671 1921 τοῦ
2717 1869 2890 1922 mn
2929 1869 3144 1937 μπασιᾶ
3190 1867 3289 1937 τὴν
3337 1863 3535 1933 βουλὴν

1962 1963 2145 2024 δόντος
2177 1963 2256 2031 τῷ
2289 1962 2467 2034 καιρῷ
2501 1963 2695 2035 μαθεῖν
2726 1965 2875 2034 ἡμᾶς
2899 1963 3034 2017 ἄλλα
3066 1965 3174 2014 τῶν
3205 1960 3408 2014 ἄλλων.

2037 2054 2192 2123 181
2243 2054 2301 2107 '0
2360 2049 2454 2108 οὖν
2499 2054 2766 2122 αὐθέντης
2821 2071 2925 2122 μου
2977 2053 3006 2103 6
3051 2052 3322 2118 δεσπότης
3357 2052 3451 2103 καὶ
3485 2052 3534 2104 οξ

1963 2145 2224 2216 ἄρχοντες
2274 2145 2604 2214 ὲξώρθωσαν
2653 2145 2744 2197 τὸν
2791 2143 3157 2210 Παλαιο).όγον
3203 2142 3407 2211 Θωμᾶν
3442 2141 3538 2194 καὶ

1963 2237 2101 2307 πρὸς
2158 2237 2249 2290 τὸν
2287 2237 2510 2307 βασιλέα
2561 2236 2930 2289 ἀπέστειλαν·
2983 2237 3078 2287 καὶ
3128 2234 3391 2302 λογισμὸς
3442 2233 3538 2285 καὶ

1961 2328 2230 2397 τρικυμία
2281 2331 2340 2380 ἐν
2377 2330 2446 2399 τῇ
2491 2328 2646 2381 πόλει
2694 2327 2991 2396 περιέπεσε
3047 2325 3300 2394 πλείστη.
3336 2325 3440 2382 ἕως
3475 2316 3537 2377 οῦ

1963 2420 2128 2471 πάλιν
2181 2417 2461 2488 ἐμάθομεν
2505 2419 2607 2489 τὴν
2649 2418 2954 2488 ἰσχύσασαν
2995 2416 3194 2487 βουλὴν
3233 2415 3327 2467 τοῦ
3365 2413 3537 2467 Kal")

1965 2508 2206 2578 μπασιᾶ.
2252 2508 2361 2562 Καὶ
2395 2508 2526 2574 ἰδοὺ,
2553 2507 2630 2570 ὼς
2660 2511 2770 2576 ἐγὼ
2800 2506 3086 2578 προεῖπον,
3111 2505 3189 2576 μὴ
3214 2505 3404 2559 ἕνεκεν
3433 2505 3541 2556 τῶν

1959 2599 2220 2651 τοιούτων
2254 2600 2594 2664 σκανδάλων,
2628 2602 2688 2654 τὸ
2713 2601 2788 2664 ὡς
2827 2601 2902 2672 μὴ
2931 2598 3108 2669 ὢφελε
3142 2597 3407 2666 γενέσθαι
3439 2597 3550 2667 τὴν,

1947 2691 2207 2752 ρύνοδον.

2033 2785 2142 2836 Καὶ
2172 2785 2270 2852 τὴν
2311 2785 2410 2852 μὲν
2457 2782 2564 2836 ἀπὸ
2598 2782 3232 2843 Κωνσταντινουπόλεως
3279 2782 3360 2844 είς
3396 2758 3568 2833 Ἰταέ

1959 2874 2082 2926 λίαν
2137 2875 2408 2943 περίοδον.
2444 2875 2521 2936 ὡς
2577 2875 2848 2946 περισσὴν
2898 2873 3085 2931 οὖσαν.
3119 2875 3308 2942 γραφῇ
3361 2887 3541 2938 παρα-

1958 2965 2143 3017 δοῦναι
2192 2966 2279 3017 διὰ
2307 2965 2364 3017 τὸ
2405 2965 2582 3034 μῆκος
2613 2964 2820 3032 ταύτην
2865 2965 3015 3017 ἐάσω
3042 2981 3056 2995 ο
3107 2963 3209 3032 τὴν
3238 2962 3295 3015 δὲ
3330 2962 3410 3021 είς
3441 2961 3540 3025 τὴν

282 3051 311 3100 6
351 3050 612 3118 βασιλεὺς
642 3054 675 3124 ἢ
709 3057 911 3125 μᾶλλον
951 3060 982 3128 ἡ
1022 3062 1165 3130 κακὴ
1197 3061 1356 3132 τύχη.
1395 3062 1738 3129 Ἐξελθόντος
1767 3066 1858 3120 οὖν
1885 3051 1928 3109 C
1972 3055 2214 3109 Ἑνετίαν
2247 3055 2551 3109 εἰσέλευσιν
2583 3054 2677 3108 τοῦ
2722 3054 2990 3124 βασιλέως
3014 3053 3271 3106 Ἰωάννου
3305 3051 3400 3105 καὶ
3430 3048 3540 3100 τῶν

279 3233 450 3286 etiam
480 3234 719 3290 deterius
743 3238 978 3292 schisma
1006 3241 1222 3296 eveniat
1245 3260 1258 3295 :
1279 3251 1333 3298 et
1357 3260 1455 3300 nos
1477 3261 1602 3302 ecce
1627 3253 1862 3318 expositi

281 3325 534 3377 loremus
561 3325 762 3394 impiis.
799 3346 818 3380 ι
849 3330 1144 3398 Imperator
1175 3349 1284 3387 non
1320 3336 1566 3404 probata,
1601 3348 1659 3391 ut
1686 3340 1860 3395 visum

281 3425 392 3476 est,
429 3416 598 3483 patris
647 3419 944 3483 sententia,
982 3422 1179 3476 tacitus
1217 3428 1454 3480 surrexit
1488 3443 1552 3483 ac
1586 3429 1860 3485 discessit.

283 3505 430 3560 Tum
475 3509 692 3577 paulum
746 3526 929 3566 secum
972 3526 1231 3582 reputans
1282 3519 1453 3574 beatae
1499 3524 1775 3576 memoriae
1813 3533 1868 3578 et

282 3599 618 3654 venerabilis
640 3611 792 3669 pater
809 3601 948 3671 ejus,
971 3620 1163 3674 meque
1181 3607 1432 3663 intuens:
1463 3611 1718 3667 «Videtur
1735 3615 1864 3678 sibi,

287 3690 494 3757 inquit,
527 3689 668 3745 ﬁlius
712 3709 862 3748 mens
898 3697 1192 3763 pratclarus
1243 3699 1544 3769 imperator
1573 3718 1696 3758 esse
1733 3723 1747 3758 :
1782 3715 1868 3760 est

288 3781 440 3834 haud
469 3781 654 3848 dubie,
687 3785 779 3838 sed
813 3801 917 3840 non
966 3787 1092 3843 huic
1120 3791 1264 3844 aetati
1291 3800 1451 3858 aptus
1475 3792 1566 3847 ille
1594 3803 1698 3849 est.
1728 3794 1868 3864 Spe-

288 3882 404 3926 ctat
434 3875 681 3944 sapitque
715 3892 932 3945 magna,
966 3887 1020 3934 et
1047 3881 1197 3944 talia,
1227 3883 1408 3951 qualia
1466 3884 1740 3953 majorum
1772 3902 1870 3942 no-

290 3975 535 4019 strorum
571 3983 829 4037 prospera
861 3980 1101 4040 tempora
1129 3975 1499 4042 postulabant.
1523 3975 1649 4042 Sed,
1684 3986 1744 4032 ut
1767 3979 1868 4033 ho-

293 4058 383 4111 die
411 4073 503 4112 res
534 4070 682 4122 sunt,
733 4077 840 4114 non
893 4062 1244 4131 imperatore,
1270 4066 1363 4120 sed
1397 4067 1761 4135 gubernatore
1789 4083 1872 4124 re-

293 4165 467 4217 gnum
497 4160 742 4205 nostrum
779 4163 920 4222 eget.
953 4154 1131 4210 Metuo
1165 4158 1309 4211 enim
1343 4174 1410 4212 ne
1446 4159 1670 4228 quando
1725 4175 1754 4215 e
1792 4160 1874 4215 fa-

295 4243 588 4297 cinoribus
634 4246 1034 4314 conatibosque
1065 4248 1184 4314 ejus
1215 4248 1378 4316 hujus
1403 4250 1563 4318 quasi
1599 4250 1754 4304 navis
1785 4249 1872 4304 in-

1967 3242 2291 3311 imperator,
2312 3239 2426 3292 sive
2457 3241 2637 3307 potius
2670 3236 2839 3291 fatum
2857 3235 3094 3291 volebat.
3121 3219 3356 3304 Egresso
3377 3232 3544 3301 igitur

1966 3350 2028 3386 ex
2067 3336 2199 3386 urbe
2255 3315 2586 3400 imperatore
2637 3337 2692 3382 et
2741 3331 2844 3383 iter
2904 3335 3292 3396 prosequente,
3329 3339 3544 3379 ameras

1967 3427 2177 3495 Cpolim
2213 3437 2531 3494 oppugnare
2554 3423 2853 3491 copiasque
2876 3421 3141 3474 adversus
3173 3433 3292 3472 eam
3328 3417 3544 3470 mittere

1968 3518 2280 3574 constituit.
2317 3517 2617 3571 Suaserunt
2671 3515 2776 3568 hoc
2824 3511 3308 3580 approbaruntque
3355 3521 3547 3561 omnes

1970 3611 2270 3667 consiliarii
2292 3610 2434 3679 ejus.
2455 3622 2564 3662 uno
2584 3605 2918 3661 Chalilbasia
2949 3614 3200 3673 excepto,
3216 3602 3306 3671 qui
3329 3596 3546 3655 ‘carteris

1969 3714 2278 3769 repugnans
2305 3716 2320 3753 :
2360 3719 2377 3749 ι
2417 3697 2530 3750 lmo
2559 3696 2762 3766 potius,
2792 3695 2991 3764 inquit,
3012 3696 3204 3749 urbem
3232 3705 3546 3762 oppugnare

1971 3789 2259 3845 exitiosum
2293 3788 2815 3856 videtur,quoniam
2853 3798 3031 3840 metus
3066 3795 3170 3848 est.
3205 3801 3272 3841 ne
3305 3786 3544 3852 impera-

1973 3888 2078 3944 tor,
2099 3881 2428 3935 necessitate
2449 3889 2670 3933 coactus
2691 3891 2849 3945 opem
2872 3877 3194 3930 Latinorum
3227 3875 3544 3944 implorare,

1973 3985 2160 4028 eorum
2193 3971 2447 4041 dogmata
2500 3969 2884 4038 amplectatur,
2920 3978 2977 4023 et
3007 3969 3080 4021 ita
3123 3969 3362 4030 eveniat,
3397 3965 3545 4032 quod

1975 4077 2253 4126 veremur,
2305 4070 2366 4114 ut
2405 4059 2706 4114 concordes
2758 4059 2836 4113 illi
2885 4059 3016 4112 ﬁant
3054 4057 3545 4125 concilienturque.

1975 4153 2156 4219 Quare
2200 4166 2347 4206 nunc
2397 4150 2552 4204 mitte
2588 4165 2709 4204 eam
2760 4164 2876 4204 rem
2902 4189 2917 4215 ,
2955 4149 3131 4203 donec
3167 4147 3372 4202 videris
3415 4146 3547 4217 quid

1974 4242 2212 4298 Joannes
2243 4255 2345 4296 sua
2399 4247 2592 4309 sponte
2639 4238 2884 4293 facturus
2918 4237 3009 4293 sit.
3053 4236 3189 4291 Nam
3236 4237 3281 4290 si
3321 4237 3376 4290 in
3412 4251 3548 4292 con-

296 4339 500 4392 teritus
561 4341 860 4393 exoriatur.
905 4339 1149 4412 Namque
1203 4344 1463 4410 praesensi
1511 4345 1874 4416 cogitationes
1907 4333 2220 4430 DCOI‘diam
2260 4331 2545 4395 redierim.
2581 4338 2698 4384 ιιιιθ
2747 4329 2980 4398 Ροειιιθο
3013 4342 3202 4383 “mus
3248 4326 3547 4382 amiculam

295 4431 432 4500 ejus
454 4441 506 4483 et
547 4446 665 4500 quae
710 4447 770 4485 se
802 4448 926 4486 cum
960 4433 1243 4503 Mustapha
1279 4435 1650 4506 perfecturum
1689 4452 1875 4507 spera-

298 4524 418 4588 bat,
454 4525 908 4590 atque'intellexi,
943 4525 995 4578 in
1032 4528 1174 4594 quod
1207 4529 1512 4596 perieulum
1551 4542 1650 4584 nos
1679 4530 1866 4597 praeci-

298 4613 532 4684 pitarint
563 4614 872 4667 sanctiones
899 4615 1266 4683 dogmatum.)

375 4705 456 4758 En
487 4705 582 4758 tibi
611 4705 779 4764 aliud,
803 4720 912 4771 quo
936 4707 1293 4761 cornﬁrmatur
1318 4708 1541 4778 gloriosi
1569 4709 1740 4778 patris
1756 4710 1874 4781 ejus

293 4797 619 4852 consilium.
649 4795 944 4865 Postquam
981 4798 1044 4850 ad
1075 4799 1344 4868 synodum
1386 4801 1662 4868 proﬁcisci
1688 4800 1876 4856 decre-

296 4889 402 4950 vit,
449 4886 515 4938 ad
553 4901 789 4940 ameram
824 4888 1034 4955 legatus
1065 4890 1267 4945 missus
1293 4900 1377 4945 est
1413 4891 1758 4946 Andronicus
1785 4894 1872 4947 la-

298 4993 463 5047 grus,
500 4977 588 5046 qui
623 4978 674 5030 id
709 4978 782 5030 illi
828 4987 1085 5047 tanquam
1126 4981 1301 5035 amico
1337 4989 1392 5035 et
1437 4982 1590 5034 fratri
1623 4981 1875 5038 videlicet

299 5069 668 5139 signiﬁcaret.
716 5068 1020 5137 Respondit.
1061 5086 1298 5137 ameras,
1328 5087 1436 5126 non
1467 5073 1572 5144 sibi
1629 5074 1873 5141 probari,

299 5177 432 5214 eum
463 5161 636 5220 abire,
657 5171 916 5230 tantoque
941 5161 1122 5217 labore
1151 5172 1322 5217 semet
1353 5165 1638 5219 coniicere.
1678 5183 1696 5216 ι
1733 5165 1873 5230 Quid

298 5249 479 5311 enim,
520 5268 538 5298 ι
579 5247 776 5318 inquit,
811 5269 828 5300 ι
868 5249 993 5303 inde
1020 5253 1372 5306 emolumenti
1405 5253 1876 5324 reportabit‘IEgo

304 5349 516 5402 tamen,
545 5337 589 5392 si
616 5339 862 5407 pecuniis
893 5341 958 5394 ad
993 5341 1199 5396 abitum
1227 5351 1276 5396 et
1297 5343 1530 5396 reditum
1551 5341 1633 5396 vel
1657 5342 1724 5396 ad
1743 5341 1878 5398 alios

307 5443 450 5484 usus
480 5430 705 5500 indiget,
747 5443 970 5499 paratus
1023 5449 1142 5488 sum
1176 5434 1225 5487 ei
1261 5449 1606 5489 succurrere.
1636 5453 1655 5487 ι
1695 5434 1879 5489 Multis

308 5520 508 5577 deinde
565 5523 908 5578 sermonibus
938 5534 991 5578 et
1027 5526 1520 5581 consultationibus
1553 5527 1754 5594 agitata
1793 5542 1878 5581 res

306 5619 418 5672 est,
446 5623 626 5666 utrum
661 5628 856 5667 amerae
889 5615 1195 5670 auctoritati
1230 5616 1552 5685 parendum,
1585 5632 1651 5668 an
1685 5619 1752 5669 ad
1786 5632 1876 5686 sy-

310 5698 852 5767 nodumabeundum
876 5717 1037 5760 esset.
1085 5707 1336 5763 Sedeni-n
1362 5705 1561 5760 factum
1604 5715 1707 5772 est,
1734 5707 1876 5775 quod

1979 4440 2107 4482 cum
2153 4423 2222 4480 iis
2252 4439 2317 4480 ae
2351 4421 2530 4490 foedus
2568 4430 2819 4488 servato,
2851 4436 2915 4476 ac
2943 4420 3109 4476 facito
3143 4421 3288 4490 quod
3336 4419 3436 4474 tibi
3467 4419 3554 4473 vi-

1981 4518 2236 4573 debitur:
2275 4516 2320 4571 si
2355 4516 2498 4570 inter
2546 4529 2644 4569 eos
2673 4528 2781 4568 non
2826 4514 3167 4577 convenerit,
3209 4522 3323 4568 tum
3355 4512 3552 4567 melius

1979 4607 2161 4662 evenit
2187 4604 2502 4667 consilium,
2528 4603 2830 4674 majorique
2849 4603 3182 4659 conﬁdentia
3201 4603 3552 4672 facies,qnod

1982 4698 2246 4753 volueris.
2286 4715 2304 4747 ι
2362 4694 2480 4750 Hoc
2517 4694 2807 4750 consilium
2859 4710 3099 4750 ameram
3132 4704 3311 4764 empto
3371 4694 3558 4764 probi-

1985 4789 2102 4844 buit
2129 4805 2144 4853 ;
2179 4787 2248 4842 de
2273 4785 2607 4842 Chalilbasia
2636 4797 2842 4852 autem,
2872 4787 3087 4843 consilii
3117 4796 3424 4858 opportune
3454 4803 3556 4842 au-

1981 4892 2157 4942 ctore.
2188 4880 2294 4934 alia
2322 4894 2386 4934 ex
2421 4879 2546 4934 aliis
2575 4879 2956 4950 cognovimus.

2055 4973 2316 5029 Dominus
2363 4987 2520 5028 meus
2565 4972 2753 5042 igitur,
2785 4973 3186 5028 Constantinus
3225 4973 3471 5041 despota,
3502 4979 3557 5024 rt

1980 5067 2257 5138 principes
2298 5066 2564 5122 Thomam
2613 5066 2980 5135 Palaeologum
3021 5067 3335 5119 exeitarunt
3387 5073 3554 5130 atque

1983 5159 2051 5213 ad
2096 5159 2484 5226 imperatorem
2531 5157 2826 5211 miserunt.
2866 5155 3074 5207 Interea
3107 5155 3158 5206 in
3195 5153 3553 5221 cogitationes

1984 5260 2039 5304 et
2067 5249 2268 5304 ﬂuctus
2299 5262 2556 5302 curarum
2617 5248 2864 5317 ingentes
2907 5243 3177 5313 Cpolitani
3216 5243 3552 5302 inciderunt.

1984 5341 2114 5396 dum
2143 5341 2525 5409 c0gnovimus,
2556 5338 2697 5407 quod
2735 5337 2995 5401 obtinuit,
3024 5335 3318 5389 consilium
3349 5333 3556 5389 Chalil-

1987 5433 2178 5487 basim.
2222 5429 2379 5484 Vides
2408 5430 2542 5497 jam,
2575 5430 2720 5498 quod
2759 5439 2924 5497 supra
2967 5427 3101 5487 dixi.
3137 5435 3355 5495 propter
3378 5435 3559 5481 tantas

1988 5521 2318 5579 offensiones
2353 5536 2460 5573 non
2491 5520 2749 5574 debuisse
2781 5519 3047 5590 synodum
3082 5520 3236 5572 istam
3275 5519 3414 5572 ﬁeri.

2058 5613 2163 5668 lter
2190 5611 2536 5680 imperatoris
2560 5611 2710 5681 Cpoli
2750 5613 2804 5666 in
2838 5611 3046 5667 italiam
3084 5609 3313 5674 factum,
3346 5621 3405 5665 ut
3439 5625 3553 5664 rem

1989 5719 2470 5775 supervacaneam,
2531 5705 2729 5764 litteris
2769 5705 3005 5771 tradere,
3035 5706 3162 5777 quia
3194 5706 3414 5776 longum
3449 5712 3559 5770 est,
