3920 6188
124 328 142 349 ο
232 246 341 310 889

1225 250 1659 314 CHRONICON
1705 247 1969 310 MAJUS.
2009 274 2075 283 --
2108 250 2251 312 LIB.
2287 250 2401 309 IlI.

3352 248 3458 311 810

238 378 400 433 ρεων,
430 361 529 416 zeal
579 362 735 434 παρὰ
784 362 1006 419 πάντων
1048 365 1331 429 ἀσπασίως
1386 366 1578 436 ἐδέχθη
1614 365 1642 417 ό
1677 365 1795 426 νέος
1819 361 1872 425 Δ
1898 381 2006 417 των
2038 364 2343 435 ἐδέχθημεν
2381 367 2520 434 μετά
2554 366 2754 436 χαρᾶς,
2806 366 2900 419 zeal
2948 365 3298 436 κρουομένων
3352 365 3463 416 τῶν

234 452 372 517 ἄναξ
394 453 533 523 μετά
558 457 750 525 χαρᾶς,
770 456 1144 527 ἐμπλησμένοι
1167 459 1406 517 ἅπαντας
1422 457 1801 525 ἀγαλλιάσεως

236 542 333 595 zeal
370 543 736 614 εὐφροσύνης,
769 547 861 597 zeal
892 545 1196 617 θριάμϐους
1221 547 1490 616 μεγάλους
1541 547 1807 612 ποιήσαν-

235 649 348 695 τες,
364 632 437 693 ὡς
457 634 578 696 ἔθος
606 635 753 688 ἐστὶν
778 638 892 698 τοῖς
918 636 1112 690 νεωστί
1134 638 1489 706 ἐστεμμένοις
1523 633 1803 704 βασιλεῦσι

242 726 445 779 ποιεῖν.
470 724 627 778 Μετά
667 725 724 777 δέ
770 744 923 790 τινας
954 728 1169 796 ἡμέρας
1205 726 1300 781 τδν
1326 726 1663 792 αὐτάδελφον
1705 724 1806 778 αὐ-

236 816 331 868 τοῦ
363 818 459 869 τὸν
483 817 551 869 κὺ
561 834 592 885 ρ
624 818 828 885 Θωμᾶν
845 818 937 873 τὸν
959 819 1391 872 αὐθεντόπουλον
1418 820 1497 881 εἰς
1523 817 1584 869 τὸ
1607 815 1805 868 δεσπο-

237 908 394 959 τικὸν
422 906 644 976 ἀξίωμα
673 897 993 965 ἀνεϐίϐασε.
1034 911 1145 963 Kal
1164 909 1242 980 τῷ
1277 909 1425 977 αὐτῷ
1452 908 1561 961 ἔτει
1586 909 1645 963 ἐν
1670 905 1805 977 μηνὶ

238 999 541 1069 Αὐγούστῳ
569 999 802 1066 ἐξελθὼν
830 1002 931 1067 τῆς
963 1001 1215 1066 meme
1242 999 1583 1072 προρῤηθεὶς
1606 998 1805 1052 δεσπό-

239 1105 342 1157 της
378 1091 486 1159 κύρ
515 1088 721 1158 Θωμᾶς
751 1091 999 1159 ἀπῆλθεν
1036 1094 1117 1152 εἰς
1160 1092 1592 1160 Πελοπόννησον.
1632 1090 1711 1159 Τῇ
1744 1088 1803 1141 δέ

241 1177 439 1250 πρώτῃ
464 1180 841 1251 Σεπτεμϐρίου
868 1183 965 1236 τοῦ
994 1182 1175 1250 ’ςὲνεθ
1203 1183 1363 1246 ἔτους
1401 1181 1596 1251 ἐξῆλθε
1632 1179 1727 1233 zeal
1780 1180 1809 1233 ό

243 1266 522 1338 δεσπότης
570 1272 598 1323 ό
655 1272 1174 1343 πορφυρογέννητος
1206 1276 1314 1345 κὺρ
1335 1276 1669 1345 Δημήτριος,
1703 1271 1802 1324 zeal

241 1360 455 1429 ἀπῆλθε
482 1362 737 1426 κάκείνος
764 1366 847 1426 εἰς
892 1364 1324 1435 Πελοπόννησον,
1366 1365 1461 1420 zeal
1502 1363 1807 1434 συμϐάσεις

245 1451 368 1521 μεθ’
398 1452 578 1520 ὅρκων
605 1453 859 1523 φρικτῶν
893 1455 1002 1528 πρὸ
1044 1455 1141 1509 τοῦ
1172 1455 1414 1521 ἐξελθεῖν
1451 1456 1655 1519 αὐτοὺς
1705 1457 1807 1525 τῆς

245 1542 459 1606 πόλεως
490 1545 726 1597 ἐνώπιον
751 1544 854 1615 τῆς
884 1546 1080 1616 κυρίας
1102 1547 1312 1617 μητρὸς
1342 1547 1527 1602 αὐτῶν
1578 1548 1677 1602 zeal
1702 1547 1802 1617 βα-

242 1634 497 1703 σιλίσσης
531 1641 627 1689 καὶ
674 1637 769 1689 τοῦ
820 1638 1227 1707 αὐτοκράτορος
1272 1639 1366 1691 zeal
1417 1637 1647 1706 ἀδελφοῦ
1707 1639 1805 1692 καὶ

243 1730 464 1780 πάντων
504 1727 614 1782 τῶν
666 1729 765 1797 τῆς
824 1730 1134 1799 συγκλήτου
1193 1730 1468 1801 ἐγκρίτων
1525 1731 1804 1801 ἀρχόντων

244 1808 721 1888 ποιήσαντες,’τνα
753 1820 944 1889 μηδεὶς
968 1819 1064 1873 τοῦ
1094 1820 1288 1890 ἐτέρου
1315 1822 1444 1883 τοὺς
1475 1821 1675 1885 τόπους
1706 1822 1806 1876 zeal

242 1913 370 1981 ὅρια
400 1912 693 1983 ὑπερπηδᾷ
709 1913 802 1965 καὶ
829 1912 1075 1984 ἁρπάζῃ,
1107 1912 1223 1966 ἀλλ’
1251 1913 1547 1983 εἰρηνικῶς
1573 1915 1799 1982 διάγειν.

246 1999 408 2059 (ὦτοι
438 2005 493 2056 δέ
525 2006 665 2073 μετά
713 2005 888 2057 ταῦτα
926 2004 1003 2073 μή
1057 2004 1402 2073 τηρήσαντες
1453 2006 1577 2069 τοὺς
1607 2005 1806 2076 ὅρκους

242 2096 342 2147 καὶ
396 2096 495 2157 τὰς
548 2095 828 2165 συνθήκας
878 2096 1177 2165 ἠθέτησαν.
1242 2098 1345 2149 Διά
1394 2095 1555 2149 τοῦτο
1608 2098 1665 2149 ἐν
1709 2097 1807 2149 ὑσ-

247 2187 450 2253 τέροις,
496 2187 583 2251 ,ὡς
648 2188 822 2257 ἐφάνη
883 2189 978 2242 zeal
1034 2182 1177 2241 εἶδον
1230 2186 1409 2252 κάγὼ,
1464 2189 1650 2250 κακῶς
1674 2187 1811 2242 ἀπᾶ-

243 2279 413 2331 λαϐον
464 2281 560 2331 zeal
618 2278 757 2349 πρὸς
818 2277 1082 2345 ἀλλήλους
1131 2279 1477 2346 διετέθησαν,
1518 2280 1594 2341 ὠς
1619 2281 1808 2349 πρόσω

237 2372 575 2440 διηγήσομαι
631 2370 699 2422 τὰ
774 2369 1337 2440 παρακολουθήσαντα
1364 2370 1677 2437 ἀναμεταξὺ
1708 2370 1808 2424 αύ-

239 2480 374 2516 των.

313 2554 396 2622 Τῇ
426 2554 482 2607 δὲ
511 2553 752 2624 τετάρτῃ
788 2552 883 2605 τοῦ
915 2552 1255 2623 Ὀκτωϐρίου
1288 2552 1462 2623 μηνὸς
1491 2550 1586 2605 τοῦ
1634 2551 1804 2604 αὐτοῦ

240 2644 401 2707 ἔτους
430 2646 668 2714 ἐστάλην
698 2644 808 2711 ἐγὼ
834 2645 990 2712 παρὰ
1024 2645 1120 2697 τοῦ
1154 2643 1416 2697 assem»
1453 2660 1553 2712 μου
1589 2644 1683 2697 zeal
1715 2643 1809 2712 βα-

241 2738 445 2797 σιλέως
478 2734 617 2804 πρὸς
648 2734 741 2787 τὸν
791 2733 952 2803 207
979 2733 1078 2800 τῆς
1117 2733 1360 2802 Ἰϐηρίας
1394 2732 1584 2803 κύριον
1627 2733 1808 2802 Γεὼρο

150 2844 169 2869 ε
238 2847 367 2897 γιον
399 2830 611 2891 Μέπεν,
640 2827 700 2890 δς
733 2826 867 2896 παρ’
902 2828 1037 2895 ἡμῖν
1084 2823 1189 2895 ρήξ
1234 2824 1474 2893 λέγεται,
1524 2825 1623 2878 καὶ
1670 2825 1807 2895 πρὸς

237 2924 332 2976 τὸν
371 2919 599 2989 βασιλέα
627 2917 1050 2988 Τραπεζοῦντος
1079 2916 1189 2986 κὺρ
1234 2916 1485 2985 Ἰωάννην
1523 2915 1620 2971 τὸν
1649 2916 1806 2982 Κομ-

1907 456 2189 523 μουσικῶν
2255 456 2416 509 εἰδῶν
2454 458 2550 510 zeal
2595 456 2850 525 ὁργάνων
2893 456 3101 521 πάντες
3148 458 3199 510 οἰ
3250 456 3462 510 ἐκεῖθεν

1901 547 2129 618 ἔτρεχον
2165 549 2295 602 ἰδεῖν
2315 551 2409 601 καὶ
2427 550 2762 619 ἐθαύμαζον,
2793 550 3048 619 λέγοντες
3078 551 3159 604 ὃτι
3187 549 3462 620 ἠκούομεν

1904 639 2035 706 περὶ
2064 637 2295 702 τούτων,
2327 637 2443 692 ἀλλ’
2468 640 2747 709 αἰσθητῶς
2774 641 2851 703 ὡς
2880 642 2949 695 τά
2979 641 3076 694 νῦν
3116 641 3216 693 οὐκ
3246 641 3462 709 εἴδομεν

1900 726 2025 780 οὐτε
2058 726 2395 796 ἠκούσαμεν.
2426 730 2559 799 Οὐχὶ
2595 729 2760 797 μόνον
2806 729 2915 781 ἀπὸ
2945 728 3047 797 τῆς
3087 726 3328 797 Ἰϐηρίας
3362 727 3461 779 πό-

1903 819 2065 882 λεως,
2094 819 2231 873 ἀλλά
2262 820 2358 873 zeal
2407 821 2472 873 ἐκ
2502 821 2610 873 τῶν
2643 820 2804 889 πέριξ
2854 821 3025 889 αὐτῆς
3079 820 3174 873 zeal
3205 820 3461 889 περάτων

1900 908 2127 978 ἔτρεχον
2190 908 2321 962 ἰδεῖν
2377 909 2473 963 zeal
2530 909 2784 970 ἀκοῦσαι,
2827 909 2909 962 δτι
2962 911 3024 962 τδ
3052 909 3226 979 ὄνομα
3280 909 3461 962 αὐτῶν

1902 1001 2123 1070 ἢκουον,
2150 1002 2205 1056 τί
2230 1002 2288 1054 δέ
2317 1002 2466 1055 ἐστιν
2516 1002 2617 1055 οὐκ
2653 1001 2972 1067 ἐγίνωσκον.
3029 1001 3141 1054 Kal
3196 1000 3462 1053 ἐλθόντων

1904 1093 2139 1157 πολλῶν,
2178 1094 2236 1145 ἐν
2264 1092 2451 1155 αὐτοῖς
2480 1088 2549 1162 ἦν
2580 1096 2677 1145 καί
2729 1108 2816 1153 τις
2861 1091 3093 1161 γηραιὸς
3152 1088 3282 1141 ὡσεὶ
3325 1090 3461 1141 ἐτῶν

1906 1183 2129 1245 ἑκατὸν,
2164 1184 2260 1237 zeal
2284 1183 2413 1236 τάδε
2441 1199 2533 1251 μοι
2559 1183 2885 1253 διηγήσατο.
2922 1177 3035 1235 Ἦν
3093 1180 3331 1249 τοῦνομα
3384 1180 3464 1247 τῷ

1906 1273 2190 1343 πρεσϐύτῃ
2250 1272 2514 1342 Ἐφραὶμ,
2571 1274 2891 1343 ὁρμώμενος
2921 1275 2983 1326 ἐκ
3012 1272 3111 1341 τῆς
3138 1272 3351 1342 περιφή
3363 1287 3463 1337 μου

1905 1365 2003 1433 τῆς
2046 1364 2284 1434 Ἰϐηρίας
2317 1363 2529 1427 πόλεως
2565 1364 2896 1435 λεγομένης.
2922 1404 2936 1419 .
2961 1401 2977 1418 .
3003 1401 3017 1417 .
3046 1402 3061 1418 .
3095 1380 3110 1394 ⁸
3142 1364 3200 1427 ὃς
3252 1366 3315 1417 ἐκ
3348 1363 3462 1415 νεό-

1904 1473 2069 1525 τητος
2100 1454 2266 1509 αὐτοῦ
2288 1456 2682 1527 ᾐχμαλωτίσθη
2737 1458 2842 1510 ὑπὸ
2876 1456 3170 1527 βαρϐάρων
3204 1457 3300 1509 zeal
3334 1456 3463 1508 ἀσε-

1906 1546 2018 1599 ϐῶν
2047 1545 2156 1599 τῶν
2190 1547 2402 1600 ἐκεῖθεν
2429 1547 2625 1614 ἐθνῶν,
2680 1548 2776 1602 zeal
2830 1547 3127 1616 ἐπώλησαν
3181 1548 3347 1599 αὐτὸν
3383 1550 3464 1607 εἰς

1906 1636 1974 1691 τά
2001 1636 2256 1707 ἐνδότερα
2296 1639 2438 1708 μέρη
2464 1638 2574 1692 τῶν
2610 1637 2864 1708 Περσῶν.
2902 1638 2961 1691 '0
2990 1637 3048 1691 δὲ
3082 1639 3271 1708 κύριος
3296 1636 3462 1690 αὐτοῦ

1906 1729 2149 1799 ἔμπορος
2169 1729 2267 1795 ὢν,
2305 1730 2400 1782 zeal
2431 1728 2571 1799 μετὰ
2600 1730 2805 1796 ἐτέρων
2842 1729 3051 1782 πολλῶν
3079 1719 3343 1798 ἐμπ’όρων
3373 1727 3465 1781 θέ-
3501 1796 3504 1801 γ

1906 1821 2094 1884 λοντες
2124 1821 2301 1875 ἐλθεῖν
2331 1822 2472 1874 κατὰ
2492 1821 2566 1874 τὰ
2590 1820 2701 1874 τῶν
2734 1820 2914 1874 Ἰνδῶν
2938 1820 3083 1890 μέρη
3111 1822 3345 1889 ποιῆσαι
3366 1820 3466 1887 τὴν

1907 1911 2093 1975 αὐτοῖς
2123 1912 2531 1980 νενομισμένην
2559 1911 2860 1978 ἐμπορίαν,
2892 1912 2988 1966 zeal
3027 1911 3469 1981 περιπατοῦντες

1907 2003 2121 2073 ἡμέρας
2152 2002 2252 2056 οὐκ
2277 2003 2470 2070 ὀλίγας
2495 2003 2738 2072 ήγγισαν
2773 2004 2927 2057 ἔνδον
2974 2005 3072 2072 τῆς
3121 2003 3231 2055 τῶν
3290 2003 3469 2057 Ἰνδῶν

1908 2093 2115 2163 χώρας.
2161 2094 2221 2147 '0
2255 2095 2421 2157 αὐτὸς
2462 2095 2709 2164 Ἐφραὶμ
2744 2095 3027 2166 ἐπιθυμῶν
3054 2095 3219 2164 208
3244 2096 3471 2164 φεύγειν

1906 2185 2005 2239 τοῦ
2028 2186 2200 2255 ζυγοῦ
2223 2187 2322 2253 τῆς
2347 2188 2728 2256 αἰχμαλωσίας
2765 2188 2949 2258 ἐζήτει
3008 2189 3297 2258 εὐκαιρίαν
3323 2204 3337 2219 ’
3379 2190 3474 2243 zeol

1908 2280 1967 2334 ἐν
2000 2280 2102 2352 μιᾷ
2128 2280 2286 2333 νυκτί
2304 2281 2629 2350 πανσελήνῳ
2659 2282 2688 2333 ὁ
2710 2280 2902 2350 κύριος
2920 2281 3086 2334 αὐτοῦ
3119 2282 3473 2343 κεκοπιακὼς

1908 2371 1974 2423 ἐκ
2016 2370 2119 2440 τῆς
2152 2368 2464 2438 ὁδοιπορίας
2507 2370 2604 2423 zeal
2636 2369 2815 2439 ἕτεροι
2857 2370 3259 2440 συνοδοιπόροι,
3311 2371 3474 2435 αὐτὸς

1909 2462 2012 2531 τῆς
2045 2461 2221 2533 τύχης
2255 2463 2398 2532 φορᾷ
2428 2464 2782 2531 χρησάμενος
2814 2463 3061 2533 ἐγερθεὶς
3096 2465 3276 2532 φυγάς
3297 2462 3474 2534 ᾤχετο

1909 2553 1975 2605 ἐκ
2008 2551 2178 2605 τόπου
2213 2554 2293 2616 τίς
2322 2552 2515 2617 τόπον.
2554 2555 2875 2623 περιπατῶν
2905 2555 3121 2625 ἡμέρας
3183 2557 3385 2615 πολλὰς
3410 2558 3471 2609 ἐν

1908 2643 2143 2714 ἐρήμοις
2193 2644 2387 2708 τόποις
2440 2647 2536 2699 zeal
2587 2645 2830 2709 ἀϐάτοις.
2864 2646 3139 2713 Ἐφθασεν
3198 2649 3279 2710 εἰς
3323 2664 3473 2710 τινας

1909 2737 2127 2802 νήσους.
2163 2737 2222 2787 ἐν
2253 2728 2344 2798 αἷς
2381 2735 2627 2789 οἰκοῦσιν
2663 2738 2714 2789 oi
2768 2737 3095 2808 Μακρόϐιοιο
3135 2738 3475 2808 μακροϐίους

1909 2826 2020 2896 γὰρ
2049 2825 2383 2895 ὀνομάζουσι
2417 2826 2509 2880 διὰ
2536 2827 2594 2880 τὸ
2624 2827 2726 2898 ζῇν
2756 2828 2940 2880 πλεῖον
2969 2828 3002 2897 ἢ
3036 2829 3233 2882 ἑκατὸν
3273 2832 3475 2899 πεντή-

1909 2926 2077 2973 κοντα
2115 2918 2210 2989 ἐτη
2244 2919 2478 2978 ἕκαστος
2512 2919 2714 2974 αὐτῶν.
2764 2920 2877 2972 Kal
2905 2918 3065 2973 τοῦτο
3122 2921 3180 2973 δέ
3239 2922 3472 2989 γίνεται,

237 3011 425 3080 νηνδν,
486 3008 628 3079 μιτά
668 3006 859 3079 δώρων
914 3006 1137 3076 ἀγλαῶν
1188 3006 1283 3059 zeal
1365 3004 1569 3075 πολλῆς
1627 3022 1811 3074 παρα·
1838 3002 1882 3059 C
1915 3009 2160 3079 λέγουσι,
2192 3010 2285 3063 διὰ
2306 3010 2406 3079 τὴν
2433 3009 2533 3063 τοῦ
2572 3010 2736 3079 ἀέρος
2772 3010 3074 3079 εὐκρασίαν
3107 3013 3203 3066 zeal
3233 3012 3476 3084 καθαρό-

237 3101 476 3169 σκευῆς,
514 3099 655 3169 μετά
677 3099 959 3169 ἀρχόντων
1016 3098 1114 3151 zeal
1156 3097 1511 3165 στρατιωτῶν
1547 3100 1643 3151 zeal
1665 3098 1811 3167 lepo-

239 3193 511 3263 μονάχων
537 3192 633 3243 zeal
662 3190 917 3261 μοναχῶν
951 3190 1047 3245 zeal
1100 3188 1324 3259 ψαλτῶν
1380 3189 1660 3259 μουσικῶν
1715 3190 1812 3243 zeal

239 3287 453 3357 ἰατρῶν
502 3284 599 3338 καί
645 3290 843 3337 τινων⁸
860 3284 1170 3353 κρουόντων
1222 3282 1435 3351 ὄργανα
1498 3284 1591 3336 zeal
1643 3282 1810 3352 ἐτερα

238 3381 364 3449 εἴδη
394 3377 663 3447 μουσικά.
714 3377 827 3429 Kal
855 3370 1105 3438 ἐλθόντες
1137 3376 1220 3439 εἰς
1261 3373 1504 3443 Ἰϐηρίαν
1535 3374 1641 3429 ὑπὸ
1671 3374 1813 3429 πάνυ

240 3568 332 3614 sto
360 3572 554 3612 mense
573 3570 644 3611 ex
669 3555 808 3611 urbe
838 3570 1088 3625 egressus
1108 3557 1162 3610 in
1194 3554 1626 3625 Peloponnesum
1658 3559 1811 3616 abiit.

239 3650 506 3705 Kalendis
533 3647 947 3718 Septembribus
980 3648 1106 3701 anni
1137 3646 1280 3704 6955
1305 3648 1467 3701 etiam
1507 3647 1813 3706 Demetrius

238 3746 474 3813 despota
498 3742 989 3812 porphyrogenitus
1012 3740 1267 3797 discessit
1287 3741 1644 3812 similiterque
1679 3742 1814 3797 abiit

241 3838 298 3891 in
330 3836 791 3904 Peloponnesum.
811 3833 873 3887 lli
896 3843 1187 3903 antequam
1215 3848 1277 3887 ex
1307 3834 1441 3887 urbe
1463 3833 1810 3899 excederent,

237 3942 432 3984 coram
471 3936 639 3981 matre
669 3925 1015 3994 imperatrice
1047 3933 1102 3979 et
1131 3925 1459 3993 imperatore
1485 3923 1653 3979 fratre
1676 3939 1812 3979 cun-

238 4022 463 4089 ctisque
497 4017 751 4072 senatorii
797 4016 1006 4071 ordinis
1050 4016 1181 4071 viris
1213 4016 1549 4079 primoribus
1582 4018 1811 4070 horren-

238 4112 330 4167 dis
362 4111 719 4166 sacrameutis
749 4124 808 4164 se
838 4109 1228 4169 astrinxerant,
1262 4114 1321 4160 ut
1353 4116 1540 4161 neuter
1588 4107 1811 4162 alterius

238 4202 365 4256 loca
430 4202 673 4269 ﬁnesque
725 4199 1005 4255 invaderet
1051 4207 1144 4253 aut
1196 4206 1454 4262 vastaret,
1485 4199 1576 4250 sed
1622 4213 1809 4266 pacem

237 4300 493 4348 servaret
524 4300 773 4359 uterque.
796 4292 864 4342 At
895 4304 1040 4352 mox,
1083 4288 1344 4356 neglectis
1371 4302 1435 4341 ac
1462 4288 1679 4343 violatis
1721 4303 1810 4342 sa-

234 4382 545 4438 cramentis
600 4380 1077 4449 pactionibusque,
1129 4388 1336 4447 postea,
1390 4387 1451 4432 ut
1502 4380 1810 4446 comparuit

232 4487 457 4543 egoque
490 4473 606 4541 ipse
647 4472 779 4535 vidi,
819 4471 957 4525 male
989 4470 1127 4525 inter
1173 4486 1229 4525 se
1259 4470 1439 4525 allecti
1494 4480 1547 4523 et
1582 4470 1809 4523 animati

232 4563 518 4627 fuerunt;
560 4561 703 4615 unde
737 4576 857 4630 quae
890 4570 1076 4615 exorta
1136 4562 1246 4616 sint
1299 4562 1443 4615 inter
1493 4575 1611 4628 eos,
1670 4559 1809 4614 infra

227 4652 551 4722 explicabo.

311 4745 417 4799 Die
440 4750 634 4813 quarto
658 4742 911 4798 Octobris
933 4743 1176 4812 ejusdem
1202 4743 1331 4797 anni
1362 4741 1430 4796 ab
1454 4742 1807 4811 imperatore,

223 4837 475 4892 domino
507 4850 651 4897 meo,
695 4835 760 4888 ad
791 4824 1095 4903 principem
1126 4834 1339 4899 lberim,
1372 4832 1665 4900 Georgium
1700 4829 1811 4883 Me-

224 4944 371 4998 pen,
400 4925 495 4993 qui
539 4941 568 4979 a
602 4926 763 4980 nobis
797 4940 888 4979 rex
922 4925 1143 4989 dicitur,
1194 4932 1249 4977 et
1270 4922 1533 4977 Joannem
1577 4921 1813 4974 Comne-

224 5033 400 5083 num,
434 5015 790 5086 Trapezuutis
834 5031 1036 5084 regem,
1087 5014 1290 5069 missus
1323 5027 1444 5067 sum
1494 5025 1617 5064 eum
1651 5009 1811 5063 donis

224 5108 550 5180 Splendidis
582 5110 865 5176 multoque
899 5114 1163 5177 apparatu
1221 5120 1344 5160 cum
1376 5103 1505 5157 viris
1536 5101 1810 5156 nobilibus

221 5210 288 5256 et
345 5198 638 5263 satellitio,
701 5212 827 5252 cum
888 5194 1333 5250 hieromonachis
1376 5203 1431 5247 et
1480 5192 1809 5256 monachis,

222 5303 370 5344 cum
397 5287 591 5356 psaltis
613 5295 669 5340 et
692 5286 943 5349 medicis,
976 5286 1215 5354 aliisque
1245 5280 1574 5353 quibusdam
1606 5295 1811 5352 organa

220 5391 289 5436 et
327 5379 444 5433 alia
490 5380 850 5433 instrumenta
885 5378 1097 5432 musica
1144 5373 1420 5430 tractandi
1458 5373 1667 5441 peritis.
1709 5368 1811 5425 Ubi

224 5472 291 5526 in
348 5470 583 5524 lbet-iam
614 5471 885 5537 venimus,
937 5468 1125 5524 cuncti
1154 5481 1277 5527 nos
1312 5466 1421 5519 laeti
1452 5471 1808 5532 exceperunt,

222 5562 592 5634 pulsatisque
620 5564 841 5633 organis
871 5561 1194 5630 eaeterisque
1228 5558 1627 5621 instrumentis,
1663 5555 1815 5609 inco-

219 5656 299 5711 la
341 5664 742 5710 concursantes
786 5654 975 5708 mirari
1006 5667 1069 5707 ac
1101 5650 1365 5721 profiteri,
1394 5648 1616 5703 audisse
1656 5661 1715 5703 se
1745 5646 1813 5701 de

598 5747 861 5806 iurant.
908 5747 1027 5805 Gn.
1071 5739 1249 5805 CLVI

1913 3120 2075 3173 τητα,
2111 3101 2203 3155 διά
2232 3101 2291 3154 τὶ
2322 3100 2424 3171 μὲν
2471 3102 2529 3152 ἐν
2566 3101 2797 3164 ἐκείνοις
2846 3104 2961 3165 τοῖς
3017 3103 3245 3173 μέρεσιν
3276 3106 3335 3158 οὐ
3365 3106 3477 3157 λεί-

1915 3211 2113 3247 πονται
2146 3193 2361 3262 ὀπῶραι
2394 3194 2648 3246 παντοῖαι
2678 3193 2746 3245 δι’
2781 3193 2906 3246 ὅλου
2934 3193 3031 3246 τοῦ
3062 3194 3341 3257 ἐνιαυτοῦ,
3378 3203 3474 3249 καὶ

1915 3285 1982 3338 ea.
2010 3285 2109 3354 μέν
2124 3284 2374 3351 ἀνθοῦσι,
2397 3285 2467 3337 τὰ
2494 3285 2552 3337 δὲ
2577 3283 2974 3352 όμφακίζουσι,
3004 3284 3073 3338 τὰ
3103 3286 3159 3338 δέ
3177 3287 3473 3355 τρυγᾶται.

1947 3377 2079 3431 Εκεί
2108 3375 2166 3428 δέ
2214 3374 2419 3429 καίτά
2450 3375 2667 3445 μεγάλα
2726 3375 2926 3428 Ἰνδικὰ
2988 3374 3234 3445 γίνονται
3295 3377 3480 3449 κάρυα

1918 3556 2116 3611 talibus
2148 3553 2337 3620 rebus,
2383 3564 2690 3621 nunquam,
2726 3558 2786 3605 ut
2816 3566 2985 3615 nunc,
3033 3551 3289 3607 sensibus
3317 3566 3479 3607 usur-

1914 3656 2093 3713 passe.
2126 3638 2311 3709 Neque
2340 3638 2519 3693 solum
2548 3652 2617 3691 ex
2653 3638 2808 3705 urbe,
2854 3638 2949 3692 sed
2981 3641 3148 3694 etiam
3191 3656 3221 3695 e
3259 3642 3391 3696 locis
3419 3650 3477 3695 et

1917 3732 2240 3803 regionibus
2274 3731 2525 3797 ﬁnitimis
2574 3730 2641 3783 ad
2683 3730 2990 3785 .videnduru
3035 3731 3477 3800 audiendumque

1915 3830 2300 3885 accurrerunt,
2349 3818 2610 3887 quoniam
2657 3817 2874 3871 illarum
2905 3833 3090 3871 rerum
3126 3816 3349 3870 nomina
3381 3832 3479 3870 au-

1915 3915 2181 3977 diverant,
2221 3909 2415 3978 quales
2460 3908 2565 3963 illae
2594 3916 2798 3970 essent,
2832 3907 3184 3975 ignorabant.
3227 3905 3476 3973 Cumque

1914 4001 2072 4057 multi
2118 3998 2541 4065 conﬂuxissent,
2589 3997 2691 4052 fuit
2736 3997 2879 4050 inter
2921 3997 3020 4050 bos
3046 4010 3214 4049 senex
3252 3996 3474 4063 quidam

1915 4106 2132 4151 centum
2164 4092 2388 4148 circiter
2417 4104 2711 4156 annorum,
2750 4088 2843 4157 qui
2879 4088 2997 4142 haec
3029 4088 3160 4141 mibi
3204 4089 3473 4142 narravit.

1915 4186 2047 4241 Erat
2080 4199 2277 4239 nomen
2319 4184 2439 4238 seni
2468 4181 2744 4252 Epliraiut,
2780 4190 2835 4234 et
2862 4178 3131 4234 oriundus
3160 4189 3277 4234 erat
3310 4194 3340 4234 e
3370 4197 3474 4234 no-

1917 4280 2011 4334 bili
2045 4277 2235 4333 Iberiaz
2274 4276 2428 4339 urbe,
2461 4288 2584 4343 qua:
2613 4272 2918 4343 appellatur
2956 4312 2969 4326 .
3006 4314 3019 4329 .
3054 4313 3067 4326 .
3116 4272 3256 4327 Puer
3283 4284 3475 4343 captus

1918 4390 1949 4427 a
2002 4370 2252 4428 barbaris
2278 4377 2332 4424 et
2360 4367 2541 4437 impiis
2585 4365 2694 4420 illis
2722 4365 2993 4434 gentibus,
3025 4366 3275 4422 venditus
3304 4376 3387 4422 est
3420 4368 3472 4422 in

1914 4468 2206 4530 interiores
2228 4460 2479 4528 regiones
2507 4458 2819 4513 Persarum.
2851 4455 2986 4511 Cum
3020 4454 3185 4513 herus
3217 4457 3473 4539 ejus,qui

1913 4567 2182 4619 mercator
2201 4560 2343 4615 erat,
2365 4547 2420 4605 α
2449 4548 2540 4603 alii
2570 4549 2723 4603 multi
2758 4557 3115 4611 mercatores,
3141 4554 3282 4618 apud
3313 4548 3476 4605 Indos

1912 4650 2132 4705 solitum
2176 4641 2279 4697 sibi
2323 4646 2620 4692 mercatum
2671 4635 2894 4703 facturi,
2943 4638 3060 4690 dies
3109 4638 3319 4707 aliquot
3374 4640 3477 4693 iter

1914 4740 2192 4797 fecissent,
2213 4732 2436 4801 jamque
2457 4725 2957 4795 appropinquarent
2980 4728 3177 4783 ﬁnibus
3195 4729 3475 4797 ludorum,

1916 4826 2195 4900 Ephraim,
2240 4822 2371 4891 jugo
2402 4817 2611 4873 servitii
2647 4831 2707 4871 se
2743 4817 3073 4873 subtrahere
3105 4820 3353 4889 cupiens,
3387 4821 3477 4875 fu-

1914 4934 1993 4988 gae
2025 4912 2491 4985 opportunitatem
2529 4907 2834 4977 quaerebat,
2878 4922 2943 4962 ac
2994 4920 3150 4965 noete
3195 4911 3477 4977 plcniltlnii

1915 5010 2121 5065 lumine
2148 5007 2437 5062 illustrata.
2458 5015 2582 5055 cum
2602 5001 2766 5055 herus
2783 5014 2908 5054 cum
2932 5000 3160 5069 reliquis
3182 5002 3477 5057 comitibus

1915 5102 2092 5157 fessus
2118 5106 2264 5154 esset
2296 5110 2362 5150 ex
2394 5093 2613 5157 itinere,
2645 5092 2761 5161 ipse
2792 5091 3025 5146 fortuna:
3060 5092 3325 5157 conﬁsus,
3355 5108 3479 5146 sur-

1914 5192 2054 5247 rexit
2083 5188 2447 5259 fugiendoque
2480 5186 2597 5238 loca
2632 5184 2882 5247 mutavit,
2909 5194 2962 5235 et
2988 5182 3106 5237 dies
3135 5197 3244 5236 non
3275 5197 3476 5252 paucos

1916 5298 2009 5353 per
2035 5280 2181 5334 invia
2207 5293 2271 5331 ac
2302 5277 2514 5330 deserta
2545 5276 3007 5339 circumvagatus.
3041 5272 3284 5339 pervenit
3312 5273 3366 5325 in
3392 5271 3477 5325 iu-

1916 5373 2062 5429 sulas
2079 5369 2365 5439 quasdam,
2389 5380 2523 5433 quas
2542 5362 2791 5433 Longazvi
2816 5362 3080 5415 habitant.
3099 5361 3309 5431 Quippe
3330 5361 3479 5416 Lon-

1916 5476 2094 5535 gazvos
2134 5460 2235 5513 ltos
2261 5456 2531 5524 appellant
2562 5461 2870 5525 propterea,
2895 5455 3043 5523 quod
3080 5453 3272 5523 singuli
3305 5453 3474 5507 vitam

1917 5568 2082 5622 supra
2120 5562 2296 5604 annos
2329 5554 2545 5600 centum
2578 5556 2635 5600 et
2679 5545 3075 5615 quinquaginta
3119 5546 3428 5615 producunt
3460 5563 3474 5599 :

1918 5648 1971 5702 id
2008 5642 2151 5717 quod
2184 5640 2296 5698 ﬁeri
2334 5640 2489 5694 aiunt
2522 5650 2739 5708 propter
2760 5639 2906 5695 aeris
2932 5640 3253 5709 temperiem
3289 5648 3342 5692 et
3379 5652 3479 5708 pu-

2934 5732 3011 5791 26
