3916 6196
478 247 589 313 811

1716 245 2040 307 GEORGII
2083 247 2505 311 ΡΗΗΑΝΤΖΕ

492 364 587 416 καὶ
618 360 959 429 δυσπόριστα
978 358 1111 427 ἡμῖν
1139 356 1234 412 καὶ
1260 358 1404 411 πάνυ
1434 354 1758 425 ἐπιθυμητὰ
1779 357 2053 428 ἀρώματα
2087 372 2132 428 Α
2157 358 2205 408 οἳ
2242 359 2334 411 καὶ
2372 360 2639 430 ἀγεληδὸν
2670 364 3035 434 πορευόμενοι
3070 365 3379 435 βόσκονται.
3432 371 3734 441 Διατρίψας

490 452 587 505 διαὶ
617 454 646 505 6
677 449 964 520 μαγνήτης
1016 446 1184 509 λίθος.
1220 446 1432 508 Οἵτινες
1487 445 1682 515 ἄνδρες
1714 445 1871 507 ἔθνος
1916 446 2058 499 είσὶν

493 542 716 603 εὐσεϐὲς
750 540 847 593 καὶ
876 539 1013 603 ζῶσι
1045 537 1194 608 ζωὴν
1229 538 1519 606 ἀκτήμονά
1545 537 1642 590 καὶ
1673 536 1762 588 τὸν
1807 536 1944 589 Θεὸν
1976 537 2061 589 δο-

495 635 775 701 ξάζουσιν.
817 631 914 685 Ἐκ
943 632 1055 683 τῶν
1078 630 1291 684 ἐκεῖθεν
1314 632 1409 683 καὶ
1437 630 1465 681 6
1512 628 1760 697 ποταμὸς
1791 631 1820 681 ό
1864 628 2059 690 Νεῖλος

494 730 669 800 ἀρχὴν
692 726 984 795 λαμϐάνεν
1011 727 1039 777 6
1063 725 1120 777 δὲ
1150 724 1353 793 τρόπος
1382 722 1521 774 ὅπου
1547 724 1574 774 6
1603 722 1865 796 1101:0in;
1898 720 2057 782 οὗτος

493 824 571 890 τῷ
616 820 822 889 Ἰουλίῳ
882 818 978 871 καὶ
1013 816 1313 884 Αὐγούστῳ
1371 815 1506 883 μηνὶ
1565 814 1912 883 πλημμυρεῖ,
1962 811 2060 864 καὶ

496 914 617 981 οὐχὶ
665 912 842 981 ἑτέρῳ
872 909 1048 979 καιρῷ
1090 909 1164 971 ὼς
1198 910 1246 959 οί
1283 906 1435 961 ἄλλοι
1480 906 1741 973 ποταμοὶ,
1805 903 2059 971 λέγουσιν

494 1002 639 1058 εἶναι
668 1003 842 1065 οὕτως
866 1018 879 1032 ·
904 1003 987 1054 ὅτι
1016 1001 1065 1054 οί
1096 1000 1190 1052 δύο
1221 999 1377 1052 αὐτοὶ
1409 1000 1577 1067 μῆνες
1607 998 1664 1049 ὲν
1691 998 1923 1058 ὲκείνοις
1946 997 2058 1057 τοῖς

499 1096 724 1167 μέρεσιν
758 1094 1070 1163 ὑπάρχουσι
1116 1091 1445 1160 ψυχρότεροι
1480 1089 1590 1143 τῶν
1618 1090 1795 1142 ἄλλων
1849 1090 2056 1159 μηνῶν,

494 1188 682 1240 διότιό
711 1186 863 1255 ἥλιος
893 1185 1129 1252 ὑπάρχει
1173 1183 1309 1251 πρὸς
1349 1184 1499 1251 ἡμᾶς
1555 1184 1649 1234 καὶ
1696 1182 1832 1250 πρὸς
1879 1181 2059 1251 1636-

499 1296 667 1349 ρειον.
715 1278 1022 1347 ’Υψώνεται
1044 1275 1133 1329 διὰ
1161 1274 1321 1328 τοῦτο
1344 1275 1468 1327 τότε
1498 1274 1796 1344 μεσοῦντος
1829 1274 1925 1326 τοῦ
1974 1274 2061 1328 θέ-

500 1388 651 1440 ρους,
686 1370 785 1439 τὴν
820 1368 1097 1435 Αἴγυπτον
1134 1366 1444 1428 ἐπικλύζει,
1494 1366 1566 1429 ὥς
1620 1364 1719 1418 τοῦ
1748 1365 1901 1434 ἡλίου
1959 1366 2059 1434 τὴν

497 1461 847 1533 βορειοτέραν
870 1460 1179 1521 διαθέοντος
1208 1458 1370 1527 209
1402 1457 1584 1527 ζώνην
1614 1459 1708 1511 καὶ⁵
1738 1461 1851 1520 τοῖς
1878 1459 2059 1520 ἄλλοις

499 1553 965 1624 παρενοχλοῦντος
1021 1554 1311 1620 ποταμοῖς.
1359 1550 1632 1620 Ἐπέρασε
1691 1552 1747 1602 δὲ
1800 1551 1894 1603 καί
1939 1569 2060 1603 τινα

495 1646 657 1699 ἄλλον
692 1643 938 1711 ποταμὸν
976 1642 1119 1695 πάνυ
1160 1640 1527 1704 ἐπικίνδυνον,
1579 1641 1665 1693 ἵνα
1719 1642 1909 1711 ὑπάγῃ
1951 1641 2059 1692 06-

493 1737 610 1790 τόθι
647 1738 724 1797 εἰς
765 1736 893 1796 τοὺς
942 1732 1319 1802 Μακροϐίους,
1369 1732 1458 1785 διά
1506 1750 1558 1784 τι
1613 1730 1754 1794 ζῶον
1795 1732 2060 1801 ἀμφίϐιον

499 1830 641 1896 μέγα
666 1826 892 1894 σφόδρα,
918 1825 945 1877 ὃ
975 1826 1224 1876 κατοικεῖ
1253 1825 1311 1875 ὲν
1336 1824 1546 1875 ἐκείνου
1578 1823 1670 1874 106
1700 1823 1947 1891 ποταμοῦ
1980 1822 2058 1890 τῷ

495 1917 669 1979 ὕδατι,
696 1912 1034 1981 καλούμενον
1065 1914 1129 1979 τῇ
1182 1910 1406 1962 ἐκείνων
1464 1911 1732 1980 διαλέκτῳ
1777 1910 2059 1963 όδοντοτύ-

499 2020 719 2073 ραννον,
754 1998 867 2054 οἷον
918 2002 1013 2053 καὶ
1062 2000 1333 2066 ἐλέφαντα
1389 2003 1682 2054 καταπιεῖν
1738 2002 2055 2071 ὁλόκληρον.

496 2096 861 2165 Εὑρίσκονται
896 2093 953 2145 δὲ
979 2095 1038 2146 ὲν
1066 2092 1300 2153 ἐκείνοις
1336 2094 1451 2153 τοῖς
1483 2092 1717 2162 ἐρήμοις
1747 2093 1934 2155 τόποις
1965 2095 2059 2146 καὶ

494 2189 662 2255 ἔτερα
695 2186 868 2239 πολλὰ
922 2185 1290 2253 φοϐερώτατα
1321 2184 1438 2247 ζῶα
1475 2184 1572 2236 καὶ
1632 2183 1819 2253 θηρία,
1874 2184 1934 2248 ἐξ
1984 2177 2060 2238 ὧν

498 2282 608 2331 εἰσὶ
636 2279 929 2344 δράκοντες
964 2275 1213 2327 πλεῖστοι
1235 2274 1330 2326 καὶ
1357 2275 1611 2342 μέγιστοι
1664 2274 1876 2344 σφόδρα
1926 2276 2060 2327 ὡσεὶ

498 2369 688 2440 πηχῶν
715 2367 1119 2438 ἑϐδομήκοντα,
1162 2365 1224 2417 τὸ
1276 2365 1334 2417 δὲ
1358 2365 1592 2430 μέγεθος
1648 2364 1745 2417 καὶ
1796 2365 1856 2418 τὸ
1886 2366 2059 2434 πάχος

496 2460 753 2512 πολὺκαὶ
779 2457 1247 2527 φρικωδέστατον,
1313 2453 1569 2525 σκορπίοι
1627 2455 1727 2522 μὲν
1775 2457 2055 2523 πηχυαῖοι,

495 2554 543 2604 οί
569 2552 623 2604 δὲ
653 2550 944 2621 μύρμηκες
979 2549 1327 2618 σπιθαμιαῖοι
1361 2550 1457 2601 καὶ
1519 2549 1719 2609 πλέον,,
1740 2547 2059 2615 νυκτερίδες

494 2643 551 2696 δὲ
574 2643 648 2703 ὠς
681 2641 926 2708 κάρακες
949 2640 1176 2710 θερινοὶ,
1219 2643 1373 2710 μυῖαι
1410 2641 1466 2692 δὲ
1500 2641 1634 2693 ὡσεὶ
1679 2639 1942 2709 στρουθία
1994 2640 2059 2691 τά

500 2732 591 2786 ἐπὶ
617 2732 891 2801 δώματος.
917 2732 1016 2784 Διά
1051 2732 1212 2785 τοῦτο
1244 2735 1337 2785 καὶ
1392 2735 1589 2786 ἐκεῖνοι
1624 2734 1673 2786 οί
1718 2735 1874 2785 τόποι
1923 2735 2061 2784 είσ“ιν

2164 450 2220 502 δὲ
2273 446 2431 515 οὗτος
2462 454 2517 505 ὲν
2550 456 2737 527 ἐκείνῃ
2768 459 2832 527 τῇ
2892 456 3049 528 χώρᾳ
3112 458 3290 528 καιρῷ
3328 462 3440 512 τινὶ
3483 463 3579 513 καὶ
3635 466 3740 530 τὴν

2162 540 2443 595 διάλεκτον
2494 543 2592 596 τοῦ
2630 546 2798 597 τόπου
2865 544 3084 598 ἐκείνου
3130 548 3314 611 καλῶς
3363 550 3587 619 ἔμαθεν,
3640 553 3741 603 καὶ

2162 630 2475 700 ἐνεθυμήθη
2507 632 2594 684 ἵνα
2628 634 2685 685 ὲν
2718 637 2786 703 τῇ
2842 636 3065 705 πατρίδι
3118 638 3413 708 ἐπανέλθῃ.
3479 642 3587 693 Καί
3623 659 3741 693 τινι

2158 721 2271 773 τῶν
2304 723 2570 776 ἐντοπίων
2596 724 2695 793 τὴν
2720 724 2952 796 γνώμην
2983 728 3154 780 06106
3185 729 3377 792 είπὼν,
3424 732 3740 799 παρέλαϐεν

2162 814 2327 866 αὐτὸν
2358 816 2451 867 καὶ
2481 816 2691 884 ἢγαγεν
2720 817 2779 867 ὲν
2812 818 2964 887 τόπῳ
2993 819 3102 871 τινὶ
3127 818 3259 871 ἔνθα
3295 821 3359 871 ἐκ
3384 820 3493 872 τῶν
3531 823 3741 885 ἔξωθεν

2174 905 2355 958 Ἰνδῶν
2386 906 2588 959 ἀκάτια
2616 908 2895 977 ἐρχόμενα
2920 910 3016 961 καὶ
3046 911 3247 979 φόρτον
3286 912 3547 965 ποιοῦντα
3582 917 3737 982 ἀρω-

2166 999 2353 1065 μάτων
2378 993 2465 1068 ἧν.
2494 999 2603 1051 Καὶ
2626 1000 2802 1065 ἐμϐὰς
2833 1002 2861 1052 6
2888 1001 3051 1070 210
3088 1003 3421 1071 Ἐφραιμτὲν
3479 1005 3560 1055 ἑνὶ
3615 1006 3732 1056 τῶν

2161 1089 2409 1143 ἀκατίων
2433 1093 2528 1143 καὶ
2573 1091 2743 1143 ἐλθὼν
2769 1088 2898 1160 εὗρε
2952 1095 3057 1160 νῆα
3113 1094 3478 1163 παμμέγεθον
3523 1097 3737 1165 Ἰϐηρι-

2150 1178 2285 1247 κὴν,
2346 1181 2440 1231 καὶ
2498 1179 2741 1242 πλεύσας
2796 1180 2867 1232 δι’
2920 1180 3093 1248 αὐτῆς
3143 1177 3308 1249 ἦλθεν
3349 1186 3432 1245 είς
3482 1184 3734 1252 Ἰϐηρίαν

2162 1271 2282 1340 ἦτοι
2322 1271 2609 1325 Ἱσπανίαν
2656 1272 2801 1325 κατά
2856 1272 2956 1340 τὴν
3002 1273 3436 1340 Πορτογαλλίαν,
3469 1274 3737 1327 κάκεῖθεν

2138 1364 2230 1415 ’δι’
2268 1363 2433 1432 ἄλλης
2467 1365 2597 1432 νηὸς
2642 1363 2888 1426 πλεύσας
2933 1367 3076 1417 κατά
3105 1368 3199 1426 τὰς
3237 1366 3613 1433 Βρεταννικάς
3642 1367 3738 1433 νήε-

2164 1470 2292 1515 σους
2340 1454 2435 1505 καὶ
2469 1454 2702 1523 πλησίον
2754 1453 3067 1523 Γερμανίας
3103 1455 3376 1525 ἐπέρασεν
3401 1457 3459 1507 ὲν
3487 1458 3553 1525 τῇ
3588 1456 3705 1524 ’16η
3726 1488 3737 1494 -

2165 1546 2259 1614 ptq.
2294 1544 2423 1596 ἔνθα
2458 1543 2614 1610 κάγὼ
2656 1542 2889 1610 ἔφθασα,
2928 1544 3026 1596 κα)⁸
3075 1542 3249 1605 οὕτως
3274 1543 3447 1599 ταῦτά
3486 1561 3581 1613 μοι
3606 1544 3738 1613 ἑξη-

2164 1638 2392 1706 γήσατο.

2250 1727 2518 1797 Ἀπῆλθον
2548 1724 2643 1779 οὖν
2689 1728 2800 1795 ἐγὼ
2843 1730 2899 1781 ὲν
2944 1730 3136 1798 ἐκείνῳ
3173 1727 3250 1795 τῷ
3283 1728 3434 1796 τόπῳ
3466 1728 3557 1780 διὰ
3597 1745 3739 1795 συμ-

2166 1820 2475 1889 πενθερίαν,
2502 1820 2640 1871 ὅπου
2677 1819 2720 1871 δ’
2764 1818 2873 1889 ἄρα
2921 1836 3013 1887 μοι
3059 1818 3363 1886 φανήσεται
3400 1818 3462 1870 ἐκ
3500 1818 3614 1869 τῶν
3644 1817 3737 1869 δύο

2162 1911 2356 1978 γενῶν.
2394 1911 2539 1962 Ἐδει
2568 1906 2662 1963 06v
2694 1910 2781 1962 ἵνα
2819 1910 2954 1978 μετά
3002 1909 3351 1979 γράμματος,
3379 1909 3465 1961 διὰ
3492 1911 3554 1961 16
3577 1910 3737 1961 ἀναί-

2162 2004 2274 2055 τιόν
2314 2019 2415 2070 μου
2448 2002 2633 2063 πλέον,
2666 2001 2895 2069 δηλώσω
2948 2002 3024 2070 τῷ
3074 2001 3286 2070 βασιλεί
3330 2002 3401 2054 τὰ
3436 2002 3583 2053 καλά
3623 2003 3734 2069 ἀμ-

2164 2098 2409 2163 φοτέρων
2440 2094 2549 2146 τῶν
2581 2095 2785 2163 μερῶν,
2821 2095 2916 2146 καὶ
2955 2096 2981 2146 6
3016 2093 3284 2162 αὐθέντης
3331 2110 3433 2163 μου
3466 2093 3737 2158 ἀπελογί-

2165 2199 2314 2235 σατο.
2344 2183 2453 2235 Καὶ
2489 2184 2769 2252 ἐρχόμενοι
2810 2183 2939 2251 περὶ
2984 2181 3081 2250 τὴν
3123 2182 3349 2249 Ἀμισὸν
3382 2182 3733 2250 ἐναυάγησα.

2136 2298 2139 2301 λ
2173 2274 2385 2327 Ἐκεῐσε
2417 2273 2731 2342 προσδοκῶν
2778 2272 2888 2338 ἐγὼ
2921 2272 3023 2339 τὴν
3057 2272 3352 2338 ἀπολογίαν
3384 2272 3644 2341 διέτριψα
3675 2275 3734 2324 ἐν

2164 2368 2390 2425 ἐκείνοις
2423 2368 2535 2427 τοῖς
2561 2365 2788 2433 μέρεσιν
2818 2362 2911 2431 ἔτη
2934 2362 3027 2415 δύο
3050 2362 3146 2416 καί⁵
3171 2363 3383 2433 ἡμέρας
3403 2364 3733 2430 τριάκοντα.

2173 2452 2261 2504 Ἕν
2286 2452 2421 2519 τῷδε
2450 2452 2527 2519 τῷ
2556 2452 2734 2521 καιρῷ
2760 2455 2825 2519 τῇ
2864 2456 2949 2518 κγ’
2989 2450 3083 2503 τοῦ
3120 2450 3363 2518 Μαρτίου
3414 2452 3589 2522 μηνὸς
3635 2454 3731 2505 τοῦ

2160 2542 2327 2595 αὑτοῦ
2360 2544 2513 2604 ἔτους
2542 2543 2807 2611 τέθνηκεν
2840 2545 2895 2594 ὲν
2935 2542 3180 2619 μακαρίᾳ
3210 2544 3275 2611 τῇ
3317 2542 3468 2610 λήξει
3497 2545 3530 2613 ἡ
3564 2544 3734 2596 ἀοίδι-
3774 2604 3777 2607 Α

2165 2652 2263 2702 pro;
2295 2636 2550 2688 δέσποινα
2578 2634 2789 2705 Εἰρήνη
2818 2636 2849 2703 ἠ
2883 2634 2971 2686 διὰ
3001 2633 3094 2685 τοῦ
3129 2634 3275 2686 θείου
3307 2636 3402 2686 καὶ
3428 2634 3733 2701 ἀγγελικοῦ

2163 2728 2437 2795 σχήματος
2491 2729 2957 2795 μετονομασθεῖσα
3015 2724 3295 2794 Ύπομονὴ
3336 2726 3547 2794 μοναχή
3575 2740 3591 2754 ⁸
3637 2727 3740 2777 καὶ

3617 261 3733 326 8ιὲ
3810 318 3819 329 .

496 2826 768 2894 ἀοίκητοι,
798 2824 888 2878 διά
926 2824 995 2877 τὰ
1027 2823 1239 2893 φοϐερά
1272 2824 1440 2893 θηρία
1468 2826 1566 2877 καὶ
1604 2824 1968 2894 φαρμακώδη.
1996 2825 2057 2876 Oi
2160 2820 2335 2886 ἐτάφη
2364 2820 2443 2879 είς
2471 2821 2567 2885 τὴν
2620 2817 2785 2886 μονὴν
2826 2817 2920 2870 τοῦ
2972 2817 3443 2887 Παντοκράτορος.
3494 2816 3735 2885 πλησίον

472 2919 795 2987 ,ἐλέφαντες
815 2918 871 2971 δὲ
902 2917 1024 2971 κατ’
1060 2919 1281 2986 ἐκείνην
1317 2917 1420 2989 τὴν
1447 2917 1631 2988 χώραν
1684 2918 1789 2969 είσὶ
1821 2918 1883 2969 τὸ
1925 2916 2060 2985 πλῆ-
2162 2911 2254 2961 103
2289 2911 2590 2980 μακαρίτου
2622 2909 2715 2962 καὶ
2764 2909 3014 2979 ἀοιδίμου
3064 2909 3328 2979 βασιλέως
3357 2907 3452 2963 τοῦ
3488 2907 3737 2973 συζύγου

497 3006 589 3071 θος
619 3006 810 3076 ὥσπερ
836 3004 961 3058 καθ’
981 3004 1131 3076 ἡμᾶς
1164 3004 1216 3057 οί
1244 3003 1368 3073 βόες
1402 3005 1499 3057 καὶ
1524 3004 1719 3071 ἀγέλαι
1747 3004 2055 3073 προϐάτων,
2089 3041 2130 3098 c
2165 3001 2356 3069 αὐτῆς.
2384 3001 2494 3051 Καὶ
2525 3002 2602 3069 τῷ
2645 3000 2999 3094 Φεϐρουαρίῳ
3039 3002 3171 3071 μηνὶ
3216 3002 3310 3054 τοῦ
3336 3043 3350 3065 ,
3369 3003 3538 3068 ςῇνθ¹
3578 3000 3738 3065 ἔτους

502 3184 741 3247 ritatem,
768 3190 994 3252 propter
1024 3196 1186 3251 quam
1211 3181 1320 3235 illis
1344 3180 1397 3234 in
1428 3180 1744 3249 regionibus
1767 3188 2058 3249 pertotum
2163 3182 2327 3234 etiam
2372 3180 2602 3234 habitari
2646 3190 2929 3250 nequeunt
2961 3182 3065 3234 illa:
3098 3183 3369 3251 regiones,
3401 3191 3633 3249 promer
3667 3183 3733 3235 il-

502 3289 705 3345 annum
729 3288 835 3326 non
861 3271 1120 3327 deliciunt
1149 3271 1328 3324 omnis
1355 3270 1571 3338 generis
1596 3270 1804 3336 fruges,
1827 3286 2059 3337 quarum
2168 3274 2266 3337 Ias,
2300 3272 2441 3335 dico,
2484 3273 2755 3327 terribiles
2778 3280 2836 3327 et
2874 3282 3173 3328 venenatas
3202 3275 3428 3328 bestias.
3457 3274 3734 3343 Elephan-

500 3364 622 3419 alize
664 3362 880 3425 ﬂorent,
937 3361 1059 3416 alia:
1092 3361 1277 3416 cruda:
1326 3370 1477 3424 sunt,
1530 3360 1650 3414 alia:
1681 3359 1792 3427 jam
1837 3370 2062 3415 matura:

502 3454 853 3522 colliguntur.
880 3452 1083 3506 Ibidem
1110 3451 1441 3521 proveniunt
1476 3466 1687 3519 magna:
1721 3465 1886 3503 nuces
1917 3449 2062 3503 Iudi-

501 3562 597 3613 cas,
628 3555 683 3600 et
706 3553 951 3600 aromata
984 3543 1141 3600 nobis
1168 3558 1318 3613 paene
1344 3551 1537 3614 negata
1560 3544 1652 3597 sed
1689 3544 2056 3612 optatissima,

501 3651 556 3697 et
591 3654 813 3709 magnes
845 3638 1005 3707 lapis.
1057 3635 1204 3691 Gens
1256 3650 1318 3689 ea
1376 3637 1463 3705 pia
1519 3645 1602 3689 est
1632 3636 1908 3703 vitamque
1953 3637 2062 3703 agit

504 3732 836 3785 moderatam
878 3737 931 3782 et
971 3727 1137 3781 Deum
1188 3727 1343 3781 colit.
1374 3726 1448 3781 Es
1500 3726 1686 3778 eadem
1724 3726 1944 3791 regione
1972 3726 2063 3779 Ni-

502 3824 590 3877 lus
623 3821 888 3889 originem
931 3819 1101 3887 capit,
1150 3831 1503 3880 causamque,
1537 3824 1760 3885 propter
1799 3833 1961 3887 quam
2017 3820 2062 3873 is

502 3914 701 3968 ﬂuvius
736 3911 882 3966 Julio
934 3918 987 3964 et
1016 3910 1262 3979 Augusto
1293 3909 1576 3962 mensibus
1618 3909 1900 3973 increscit,
1951 3924 2060 3962 non

502 4004 608 4058 alio
638 4012 904 4071 tempore,
933 4006 992 4053 ut
1013 3998 1225 4066 reliqua
1256 3996 1505 4062 ﬂumina,
1534 3997 1675 4051 hanc
1700 4012 1822 4051 esse
1852 3998 2062 4059 dicunt,

500 4091 645 4162 quod
671 4091 723 4144 bi
748 4090 856 4143 duo
882 4101 1095 4142 menses
1120 4086 1226 4139 illis
1244 4086 1296 4137 in
1323 4086 1639 4153 regionibus
1666 4087 1879 4140 ett-teris
1905 4102 2061 4141 men-

472 4184 657 4238 sibus
689 4181 995 4251 frigidiores
1045 4179 1176 4241 sint,
1217 4187 1509 4247 propterea
1547 4180 1691 4247 quod
1725 4189 1835 4233 tum
1871 4181 1956 4233 sol
1990 4179 2060 4232 ad

502 4282 745 4330 nostram
784 4272 1061 4342 regionem
1110 4270 1494 4336 borealemqne
1540 4270 1823 4337 procedat.
1849 4272 1967 4334 Qua
1996 4271 2063 4323 de

2168 3374 2344 3418 torum
2381 3373 2560 3417 autem
2596 3364 2791 3418 ibidem
2848 3373 2995 3417 tanta
3036 3364 3330 3418 multitudo
3367 3374 3473 3430 est,
3524 3376 3731 3433 quanta

2164 3457 2301 3524 apud
2336 3472 2435 3510 nos
2481 3456 2640 3508 boum
2675 3466 2841 3524 atque
2872 3457 3081 3517 ovium,
3128 3466 3537 3524 pascunturth
3565 3460 3729 3511 etiam

2164 3548 2423 3616 gregatim
2460 3546 2738 3611 vagantes.
2772 3547 2868 3599 Ille
2894 3561 3014 3600 cum
3046 3560 3108 3600 ea
3144 3546 3197 3599 in
3231 3547 3448 3615 regione
3475 3549 3731 3614 aliquan-

2165 3642 2252 3693 diu
2288 3648 2658 3693 commoratus
2709 3646 2853 3693 esset
2896 3637 3122 3706 jamque
3176 3638 3403 3705 pulchre
3444 3640 3731 3693 didicisset

2162 3730 2340 3797 gentis
2364 3743 2695 3790 sermonem,
2729 3729 2780 3779 in
2816 3729 3048 3796 patriam
3082 3726 3261 3781 redire
3295 3729 3544 3795 cupivit;
3580 3746 3736 3783 θειω-

2163 3835 2271 3888 que
2319 3826 2552 3872 mentem
2611 3833 2763 3873 suam
2822 3818 3128 3872 incolarum
3170 3818 3338 3873 alicui
3389 3822 3729 3886 aperuisset,

2164 3908 2429 3963 deductus
2462 3908 2529 3961 ab
2555 3924 2620 3962 eo
2647 3918 2729 3962 est
2765 3909 2817 3962 in
2844 3909 3022 3963 locum
3053 3910 3365 3979 quemdam,
3399 3926 3513 3979 quo
3547 3913 3617 3965 ab
3646 3928 3738 3967 ex-

2167 3998 2338 4052 ternis
2376 3998 2524 4051 Indis
2557 3999 2822 4052 naviculae
2872 4001 3132 4053 aromatis
3166 4010 3375 4054 onustae
3409 4002 3610 4069 appelli
3649 4018 3735 4056 so-

2166 4090 2367 4143 lebant.
2411 4089 2609 4142 llarum
2646 4105 2749 4141 una
2784 4084 3088 4144 conscensa
3138 4098 3193 4143 et
3242 4092 3379 4143 matri
3413 4094 3727 4154 commissa,

2168 4196 2290 4233 mox
2317 4195 2508 4234 navem
2543 4182 2801 4248 grandem
2842 4182 3101 4236 lbericam
3137 4183 3363 4248 invenit,
3391 4200 3502 4253 qua
3531 4186 3588 4238 in
3620 4186 3726 4239 lbe-
3758 4170 3779 4229 ί

2169 4271 2301 4323 riam
2340 4272 2453 4325 sive
2488 4271 2803 4339 Hispaniam
2839 4272 3328 4341 Portugalliensem
3378 4278 3593 4331 delatus
3626 4288 3724 4336 est,

502 4382 562 4420 re
593 4364 831 4432 augescit
872 4359 1027 4414 Nilus
1072 4359 1246 4413 media
1293 4367 1479 4413 aestate
1514 4358 1851 4429 inundatque
1897 4360 2057 4430 Aﬁgy-
2094 4362 2138 4415 ι)
2172 4361 2403 4429 indeque
2450 4363 2554 4416 alia
2597 4364 2718 4415 navi
2772 4364 2827 4417 in
2860 4364 3068 4418 insulas
3101 4364 3446 4439 Britannicas
3484 4381 3537 4423 et
3566 4388 3723 4438 prope

502 4468 681 4525 ptum,
718 4461 906 4521 utpote
934 4451 1046 4505 sole
1073 4464 1267 4503 zonam
1304 4452 1478 4515 magis
1509 4450 1778 4503 borealem
1828 4451 2065 4504 obeunte

502 4556 555 4599 et
584 4545 825 4597 instante
857 4541 979 4595 aliis
1013 4539 1352 4593 ﬂuminibus.
1377 4537 1836 4607 Trajebitautem
1868 4540 1981 4606 ille,
2008 4550 2066 4594 ut

504 4636 571 4688 ad
622 4633 921 4701 Longaevos
980 4630 1311 4699 perveniret,
1344 4631 1509 4685 etiam
1562 4632 1728 4685 alium
1772 4633 2061 4699 quemdam

502 4727 754 4789 ﬂuvium,
791 4723 947 4779 valde
995 4723 1361 4793 periculosum
1393 4733 1614 4793 pr0pter
1662 4724 1855 4793 ingens
1882 4728 2064 4793 quod—

506 4819 632 4873 dam
666 4816 868 4870 animal
899 4815 1258 4885 ampbibium,
1288 4817 1434 4886 quod
1467 4818 1521 4869 in
1555 4832 1621 4871 eo
1646 4817 1872 4871 ﬂumine
1908 4818 2063 4881 vivit,

506 4911 721 4965 illorum
744 4923 995 4963 sermone
1017 4909 1511 4978 odontotyrannum
1535 4911 1890 4979 appellatum,
1917 4910 2064 4978 quod

503 4999 588 5053 vel
621 4999 893 5068 integrum
941 4998 1115 5067 possit
1167 4999 1513 5065 elephantum
1566 5000 1853 5052 devorare.
1911 5000 2066 5054 Inve-

505 5088 813 5145 niuntur‘in
857 5090 965 5145 illis
1000 5089 1136 5145 locis
1169 5088 1401 5143 desertis
1430 5098 1694 5156 praterea
1725 5090 1847 5143 aliae
1881 5091 2065 5144 multa:

506 5180 795 5236 horrendae
830 5180 1012 5235 bestiae
1035 5189 1088 5233 et
1116 5177 1330 5243 bellum,
1367 5179 1514 5231 velut
1540 5180 1806 5233 dracones
1847 5179 2063 5248 plurimi

502 5283 557 5327 et
586 5274 852 5344 ingentes,
875 5271 1209 5341 longitudine
1225 5270 1533 5325 cubitorum
1561 5270 1673 5325 fere
1701 5273 2062 5341 septuaginta,

501 5364 789 5419 altitudine
827 5373 881 5416 et
915 5363 1201 5417 latitudine
1237 5362 1397 5431 longe
1443 5362 1854 5426 terribilissiini,
1904 5378 2063 5417 scor-

501 5454 694 5518 piones
719 5453 1011 5519 cubitales,
1058 5453 1303 5509 formicae
1337 5468 1502 5508 unius
1537 5454 1821 5523 spithumte
1850 5463 1903 5509 et
1945 5470 2062 5508 am-

501 5544 664 5611 plius,
696 5545 1106 5612 vespertiliones
1149 5559 1443 5599 corvorum
1499 5548 1815 5599 mstivorum
1866 5545 2059 5607 instar,

502 5647 703 5687 musca:
748 5634 1061 5703 passeribus
1094 5648 1253 5704 pares
1282 5635 1674 5705 magnitudine.
1717 5637 2062 5705 Quapropter

2169 4451 2515 4507 Germaniam
2550 4454 2850 4521 profectus,
2896 4456 2949 4509 in
2983 4456 3214 4509 Iberiam
3248 4473 3366 4509 eam
3402 4461 3637 4527 traiecit,
3672 4466 3723 4514 in

2168 4560 2275 4612 qua
2304 4560 2400 4615 ego
2440 4547 2555 4614 ipse
2586 4563 2710 4602 eum
2744 4548 2924 4601 inveni
2976 4561 3142 4617 atque
3172 4548 3286 4604 haec
3333 4550 3411 4605 ita
3434 4553 3509 4606 ab
3537 4569 3601 4608 eo
3637 4570 3723 4607 au-

2169 4639 2298 4691 divi.
3114 4630 3125 4635 ’

2240 4728 2478 4782 Discessi
2506 4746 2605 4799 ego
2630 4730 2776 4783 illam
2805 4731 2860 4785 in
2885 4732 3161 4801 regionem
3180 4732 3252 4786 ob
3273 4733 3584 4802 conjugium
3607 4751 3723 4787 cum

2168 4819 2425 4875 alterutra
2460 4822 2685 4883 familia,
2718 4833 2879 4891 proot
2918 4824 3047 4876 mihi
3078 4824 3379 4885 videretur,
3414 4824 3712 4877 concilian-

2169 4912 2318 4965 dum.
2348 4912 2585 4967 Necesse
2609 4924 2787 4967 autem
2829 4924 2967 4977 erat,
2997 4931 3105 4983 quo
3137 4916 3311 4968 tutior
3348 4931 3524 4968 essent
3555 4932 3581 4967 ει
3608 4917 3726 4967 cul-

2170 5016 2258 5069 pa,
2291 5004 2683 5070 utimperatori
2726 5004 3007 5071 utriusque
3036 5001 3257 5073 generis
3295 5006 3578 5057 commoda
3630 5017 3730 5069 per

2169 5092 2383 5147 litteras
2402 5094 2790 5163 signiﬁcarem,
2822 5110 3051 5163 quorum
3077 5096 3163 5148 ille
3185 5095 3412 5149 duceret
3440 5096 3721 5147 rationem.

2168 5185 2245 5237 Ad
2289 5186 2533 5239 Aniisum
2589 5186 2688 5240 feci
2726 5187 3333 5255 naufragium,ibique
3386 5182 3725 5253 imperatoris

2168 5287 2496 5343 exspectans
2547 5292 2867 5346 responsum
2912 5278 3061 5330 circa
3117 5291 3211 5330 eas
3260 5276 3510 5344 regiones
3555 5287 3722 5326 annos

2168 5368 2306 5420 duos
2338 5368 2540 5422 et‘dies
2577 5370 2795 5439 triginta
2848 5378 3231 5423 commoratus
3259 5383 3403 5422 sum.
3441 5368 3536 5420 Illo
3586 5378 3723 5417 tem-

2170 5471 2319 5524 pore,
2357 5456 2532 5511 Martii
2566 5460 2893 5516 mensisdie
2923 5460 2996 5513 23
3043 5460 3289 5529 ejusdem
3338 5458 3489 5521 anni,
3516 5458 3579 5509 ad
3603 5456 3726 5507 bea-

2170 5558 2350 5602 torum
2386 5551 2540 5605 sedes
2563 5553 2730 5606 cessit
2760 5552 2997 5621 gloriosa
3020 5553 3281 5621 desptena
3312 5549 3489 5612 lrene,
3522 5562 3614 5617 per
3632 5545 3723 5598 di-

2170 5640 2353 5693 vinum
2391 5651 2438 5695 et
2478 5642 2779 5710 angelicum
2818 5642 3063 5696 habitum
3118 5651 3328 5695 mutato
3362 5639 3578 5691 nomine
3614 5636 3726 5703 Hy-
