3920 6188
301 222 408 285 813

1319 188 1773 277 CHRONICON
1806 212 2075 275 MAJ'US.
2120 234 2180 248 -—
2235 213 2385 275 LIB.
2433 196 2553 273 ut.

3442 211 3551 271 814

302 333 579 391 ἀπέθανεν
606 329 633 382 6
668 329 892 399 ἀμηρᾶς
923 332 952 383 ό
993 329 1370 400 Ἀμουράτης,
1412 329 1441 382 δ
1490 328 1648 397 κάγὼ
1674 325 1882 398 ἔμαθον
1912 343 1953 395 Α
1983 328 2077 383 καὶ
2108 329 2140 398 ή
2175 327 2327 391 πόλις
2357 324 2681 398 ὴπορημένη
2716 323 2835 378 ἐστὶ
2893 320 2984 381 διὰ
3016 323 3108 377 τὸν
3138 321 3407 392 αὐθέντην
3445 340 3549 391 μου

301 422 479 478 ετιῶν
507 423 569 476 ἐν
593 423 660 491 τῇ
692 419 924 491 Ἰϐηρίᾳ.
953 420 1042 484 Ὠς
1058 417 1154 477 οὖν
1174 417 1340 492 ἦλθον
1362 423 1443 484 είς
1462 418 1876 490 Τραπεζοῦντα,

274 511 492 583 ,εῑρηκέ
524 527 615 579 μοι
635 511 665 562 6
695 509 948 579 βασιλεὺς
974 510 1171 565 τοιάδε·
1203 527 1223 561 ι
1253 512 1427 580 Κύριε
1456 508 1685 578 πρέσϐυ,
1717 508 1875 583 211

301 605 479 655 εἰπεῖν
512 619 595 655 σοι
638 601 778 654 θέλω
827 600 1076 672 χρηστὰς
1108 601 1394 669 ἀγγελίας,
1416 601 1475 655 εί
1512 598 1587 670 μὴ
1617 600 1699 653 δεῖ
1745 601 1881 652 ἁπο-

300 693 489 748 δοῦναί
538 710 599 746 σε
629 694 763 764 ἡμῖν
794 711 849 746 τι
876 692 1050 758 δῶρον
1079 693 1322 763 χάριτος.
1367 711 1387 744 ι
1436 692 1609 761 Κάγὼ
1639 690 1879 761 ἀναστὰς

302 787 696 859 προσεκύνησα
723 787 888 841 αὐτὸν
917 788 1091 842 είπὼν
1117 803 1163 840 ἰ
1199 787 1261 843 Ὀ
1288 788 1422 851 Θεδς
1457 785 1879 857 μακροημερεύ-

301 894 389 930 σοι
422 879 522 948 τὴν
567 878 731 946 ἁγίαν
765 895 859 930 σου
896 878 1203 948 βασιλείαν,
1231 878 1291 943 δς
1338 879 1687 949 πολυτρόπως
1722 880 1878 949 εὐερ-

299 972 482 1036 γετεῖς
502 970 652 1039 ἡμᾶς
678 984 694 999 ο
719 967 892 1034 οὕτως
916 970 1009 1024 καὶ
1033 971 1124 1027 διὰ
1145 970 1243 1033 τὰς
1269 970 1365 1025 νῦν
1380 963 1591 1038 ἀγαθὰς
1616 971 1880 1039 ἀγγελίας

298 1057 873 1131 αὖθιςεύεργετήσεις
898 1062 1069 1132 apag.
1109 1061 1250 1117 Ἀλλ’
1294 1063 1427 1131 ἡμῖν
1459 1062 1562 1119 οὐκ
1603 1061 1751 1116 ἔστιν
1780 1062 1878 1117 ἀν·-

296 1149 485 1212 τάξιόν
510 1139 892 1204 τιάποδοῦναι
921 1152 988 1221 τῇ
1023 1150 1277 1221 βασιλείᾳ
1306 1166 1400 1204 σου
1428 1153 1497 1221 τῇ
1528 1151 1683 1224 ἁγίᾳ.
1717 1169 1737 1203 ›
1767 1151 1879 1207 Καὶ

300 1240 467 1303 εὐθὺς
506 1238 632 1294 εῐπέ
681 1257 774 1310 μοι
808 1241 939 1312 περὶ
992 1241 1088 1294 τοῦ
1141 1241 1376 1297 θανάτου
1411 1240 1508 1296 τοῦ
1534 1244 1753 1314 ἀμηρᾶ,
1782 1242 1879 1297 καὶ

300 1332 422 1395 πῶς
454 1335 484 1385 6
519 1331 635 1395 υἱὸς
688 1332 855 1387 αὐτοῦ
904 1333 1123 1401 ἐγένετο
1168 1334 1437 1405 αὐθέντης
1490 1336 1586 1389 καὶ
1617 1335 1877 1397 πλείστας

299 1424 536 1493 χάριτας
565 1424 794 1494 ἐποίησε
818 1425 900 1494 τῷ
926 1424 1147 1491 ἄνακτι,
1195 1428 1291 1481 καὶ
1323 1428 1517 1498 είρήνη
1562 1424 1718 1490 αὖθις
1750 1428 1877 1480 ἐπε-

302 1516 528 1586 κυρώθη
578 1515 899 1586 ἀναμεταξὺ
956 1516 1143 1571 αὐτῶν
1188 1521 1379 1589 τηρεῖν
1412 1518 1610 1588 αὐτὴν,
1655 1517 1731 1581 ὡς
1782 1520 1876 1572 καὶ

300 1602 504 1674 πρώην
535 1604 675 1674 μετὰ
700 1604 796 1658 τοῦ
828 1605 1038 1675 πατρὸς
1069 1606 1236 1660 αὐτοῦ
1277 1603 1424 1677 εῖχεν
1450 1609 1479 1661 6
1524 1606 1749 1662 ἐκείνων
1792 1602 1875 1660 oi-

1986 416 2080 469 καὶ
2115 416 2340 485 βασιλέα
2376 416 2574 468 νεωστὶ
2598 414 2668 468 τὰ
2693 414 2951 484 σκῆπτρα
2993 412 3250 479 λαϐόντα,
3280 411 3338 474 ὃς
3367 415 3461 464 καὶ
3488 412 3550 463 ἐκ

1982 508 2092 562 τῶν
2122 509 2223 577 τῆς
2273 509 2557 579 βασιλείας
2611 507 2986 577 είσοδημάτων
3020 505 3194 560 πολλά
3222 504 3432 574 ὀφείλει
3462 504 3551 556 διὰ

1981 597 2079 661 τὰς
2106 598 2319 663 ἐξόδους
2342 600 2436 652 καὶ
2457 598 2527 653 τὰ
2549 597 2842 668 φιλόδωρα,
2868 596 2904 651 ἃ
2932 596 3226 668 ἐχαρίσατο
3249 597 3361 656 τοῖς
3387 611 3552 665 στρα-

1980 686 2209 750 τιώταις
2238 688 2335 742 καὶ
2371 689 2523 758 πάσῃ
2548 690 2614 758 τῇ
2654 689 2794 757 αὐλῇ
2822 704 2837 718 ·
2862 688 2940 740 διὸ
2968 686 3140 742 δεῖται
3176 686 3371 758 καιροῦ
3400 687 3552 756 είρη·

1982 776 2134 830 νικοῦ
2166 778 2304 848 πρὸς
2333 778 2395 831 τὸ
2432 760 2851 848 ἐξοικονομῆσαι
2882 778 2949 831 τά
2977 778 3076 845 τῆς
3112 779 3292 847 μάχης
3319 776 3415 828 καὶ
3454 776 3549 830 τοῦ

1982 868 2223 939 πολέμου
2253 868 2534 939 ἀναγκαῖα
2565 867 2660 922 καὶ
2688 869 2995 938 ἐπιτήδεια.
3046 858 3156 921 Καὶ
3182 869 3280 921 ἐὰν
3324 867 3413 922 διὰ
3452 866 3549 943 τὰς

1981 959 2258 1030 ἁμαρτίας
2293 960 2451 1030 ἡμῶν
2482 960 2510 1012 6
2539 959 2674 1022 Θεὸς
2722 961 3125 1031 παραχωρήσῃ,
3168 959 3264 1012 καὶ
3312 958 3473 1021 αὐτὸς
3522 961 3550 1010 6

1979 1051 2261 1121 ἀλιτήριος
2291 1051 2399 1107 ὑπὸ
2427 1036 2525 1123 τῆς
2558 1052 2813 1123 νεότητος
2838 1051 3005 1105 αὐτοῦ
3033 1052 3130 1105 καὶ
3158 1049 3548 1119 κακογνωμίας

1978 1145 2216 1216 δρμήσοι
2246 1145 2314 1201 ἂν
2349 1147 2533 1216 μάχην
2582 1147 2809 1215 ποιῆσαι
2859 1146 3003 1200 κατὰ
3034 1145 3135 1214 τῆς
3180 1144 3412 1208 πόλεως,
3448 1143 3550 1195 οὐκ

1978 1230 2097 1289 οἶδα
2124 1236 2178 1288 τί
2214 1237 2507 1306 γενήσεται
2528 1239 2609 1301 είς
2635 1239 2806 1307 ἡμᾶς.
2838 1236 2949 1290 Ναὶ
2975 1235 3191 1305 ἀληθῶς
3217 1235 3550 1305 εὐφρόσυνος

1979 1325 2211 1393 ἀγγελία
2242 1322 2330 1397 ἦν,
2365 1328 2414 1379 εί
2454 1326 2728 1382 ἀπέθανεν
2761 1328 2790 1379 6
2819 1326 2915 1380 νῦν
2948 1324 3186 1394 γεγονὼς
3236 1325 3355 1387 νέος
3404 1326 3551 1395 ἀμη-

1982 1416 2102 1483 ρᾶς,
2127 1417 2253 1469 ἐπεὶ
2278 1418 2307 1470 6
2339 1416 2523 1487 πατὴρ
2569 1416 2738 1470 αὑτοῦ
2780 1417 2880 1470 οὐκ
2910 1412 3057 1486 εῖχεν
3089 1417 3247 1470 ἄλλον
3279 1416 3420 1477 υἱὸν,
3456 1414 3552 1466 καὶ

1978 1508 2056 1579 τῷ
2082 1508 2303 1578 γηραιῷ
2328 1510 2391 1562 ἐκ
2412 1510 2513 1580 τῆς
2543 1508 2718 1577 λύπης
2742 1508 2946 1563 ἐδίδοτο
2968 1508 3242 1572 ἀσθένεια,
3273 1505 3334 1571 ἐξ
3359 1500 3426 1576 ἧς
3455 1504 3553 1558 καὶ

1976 1600 2360 1670 ὀλιγοχρονία·
2394 1601 2489 1655 καὶ
2525 1596 2738 1655 ’τούτου
2791 1600 2983 1654 ἐνεκεν
3029 1601 3109 1662 είς
3157 1599 3403 1651 κίνδυνον
3455 1598 3551 1650 καὶ

300 1711 420 1756 κος.
447 1693 621 1762 Κάγὼ
649 1695 891 1758 ἀκούσας
915 1693 1088 1758 οὕτως
1122 1697 1391 1767 ἐγενόμην
1424 1697 1638 1767 ἄφωνος
1661 1698 1756 1752 καὶ
1782 1714 1872 1752 τοο
1903 1702 1945 1760 Β
1975 1693 2328 1762 διχοστασίαν
2357 1693 2602 1764 μεγάλην
2639 1694 2931 1747 ἐνέπιπτεν
2958 1694 2991 1763 ἡ
3013 1694 3119 1745 τῶν
3145 1689 3358 1755 ἀσεϐῶν
3379 1688 3548 1761 ἀρχὴ,

306 1782 484 1851 σαύτη
514 1783 676 1854 ὀδύνη
711 1800 804 1853 μοι
836 1785 1145 1857 περιείχετο
1175 1785 1251 1848 ὡς
1280 1787 1329 1839 εί
1356 1787 1484 1858 περὶ
1512 1787 1605 1840 τοῦ
1637 1789 1871 1845 θανάτου

301 1876 415 1932 τῶν
440 1876 590 1948 ἐμῶν
617 1878 893 1948 φιλτάτων
923 1880 1205 1950 ηκούκειν.
1238 1882 1348 1935 Καὶ
1379 1882 1575 1952 μικρὸν
1598 1882 1876 1951 ,κατηφιά-

304 1987 407 2034 σας
437 1970 583 2040 λέγω
604 1985 621 2003 ο
654 1989 675 2023 ι
706 1970 959 2028 Δέσποτά
991 1989 1115 2043 μου,
1150 1972 1292 2043 αὕτη
1315 1974 1378 2041 οὐ
1402 1973 1676 2045 χαρίεσσα
1704 1976 1877 2044 ἐπαγ-

304 2062 467 2130 γελία
490 2063 660 2129 ἐστὶν,
693 2064 832 2117 ἀλλὰ
863 2065 960 2117 καὶ
1004 2064 1125 2127 λίαν
1174 2064 1434 2137 ὀδυνηρά.
1468 2083 1486 2117 ι
1543 2065 1605 2119 Ὀ
1635 2065 1693 2118 δὲ
1726 2065 1875 2135 λέγει

308 2173 328 2205 ι
358 2154 469 2208 Καὶ
484 2154 623 2220 πῶς,
639 2155 842 2225 χρηστέ
864 2156 1064 2226 ιάνερ;
1095 2174 1114 2209 ι
1138 2155 1316 2225 κάγὼ,
1340 2174 1359 2208 ι
1385 2158 1529 2210 Διότι
1553 2158 1582 2210 6
1602 2156 1877 2227 τεθνηκὼς

300 2247 531 2314 ἀμηρᾱς
571 2241 640 2316 ἦν
674 2245 875 2315 γέρων,
912 2248 1009 2300 καὶ
1054 2250 1117 2299 τὸ
1167 2248 1307 2302 κατά
1341 2247 1445 2317 τῆς
1495 2247 1707 2310 πόλεως
1738 2249 1877 2303 ἀπε-

260 2375 286 2394 .
306 2336 585 2408 πειράσθη
613 2337 788 2408 αὐτῷ,
820 2340 914 2393 καὶ
945 2339 1129 2393 οὐκέτι
1161 2338 1414 2393 ἐϐούλετο
1458 2339 1878 2411 ἐγχειρισθῆναι

301 2446 359 2483 τι
391 2431 728 2502 κατάύτῆς,
755 2429 894 2485 ἀλλά
932 2431 1092 2499 μόνον
1118 2430 1279 2501 ἧθελε
1309 2431 1513 2501 μᾶλλον
1541 2430 1875 2501 εἰρηνεύειν·

303 2527 334 2576 ὁ
361 2522 421 2578 δὲ
451 2525 546 2577 νῦν
572 2522 814 2594 γεγονώς
847 2524 965 2577 ἐστι
995 2523 1114 2587 νέος
1143 2522 1237 2576 καὶ
1282 2524 1561 2578 παιδιόθεν
1590 2524 1782 2596 ἐχθρὸς
1806 2521 1880 2596 ἦν

303 2617 419 2669 τῶν
452 2616 800 2689 Χριστιανῶν
832 2617 970 2687 πρὸς
1019 2615 1082 2670 τὸ
1130 2615 1375 2686 ὑϐρίζειν
1420 2616 1515 2675 καὶ
1559 2615 1880 2670 ἐπαπειλεῖν

307 2709 534 2773 αὐτοὺς,
560 2708 741 2776 λέγων
771 2709 857 2762 ὃτι
882 2709 1011 2767 ὅταν
1049 2706 1243 2778 καιρὸν
1272 2705 1413 2777 εὕρῃ
1440 2707 1747 2778 ἐπιτήδειον
1783 2709 1879 2762 καὶ

305 2799 407 2870 τὴν
432 2800 531 2868 τῆς
566 2799 846 2869 βασιλείας
876 2798 1130 2867 ἐξουσίαν
1161 2799 1243 2862 είς
1265 2800 1470 2869 »χεῖρας
1502 2798 1669 2852 αὑτοῦ
1701 2798 1878 2869 λήψη-

306 2908 421 2955 ται,
459 2890 560 2959 τὴν
606 2891 783 2963 ἀρχὴν
816 2890 927 2945 τῶν
968 2890 1258 2959 Ῥωμαίων
1285 2892 1399 2956 ⁸καὶ.
1449 2890 1670 2944 πάντων
1715 2892 1876 2961 212

306 2985 656 3056 Χριστιανῶν
687 2984 801 3055 ἔχει
826 2982 1209 3053 ἐξολαθρεῦσαι
1233 2984 1328 3038 καὶ
1356 2985 1642 3053 ἀφανίσαι.
1671 2982 1750 3039 Τὰ
1780 2984 1876 3037 νῦν

309 3179 546 3233 pomone
579 3163 845 3219 monacba
879 3164 1045 3219 dicta.
1077 3161 1301 3235 Sepulta
1326 3172 1413 3218 est
1448 3164 1503 3218 in
1541 3167 1875 3219 monasterio

311 3256 746 3322 Pantocratoris,
775 3255 930 3325 juxta
961 3256 1180 3312 beatum
1210 3263 1265 3310 et
1306 3254 1605 3323 gloriosum
1637 3255 1874 3326 impera-

312 3360 511 3413 torem,
537 3349 823 3419 coniugem
868 3345 1008 3417 ejus.
1039 3347 1225 3403 Mense
1266 3346 1563 3402 Februario
1586 3350 1713 3403 anni
1736 3348 1877 3403 6959

308 3444 605 3497 Amurates
634 3456 853 3497 ameras
900 3440 1057 3505 obiit,
1102 3440 1247 3509 quod
1274 3455 1376 3508 ego
1407 3440 1462 3494 in
1490 3440 1665 3495 Iberia
1709 3442 1875 3496 etiam

311 3544 426 3588 tum
460 3534 664 3602 degens
708 3532 916 3602 accepi.
969 3529 1367 3601 Trapezuntem
1414 3532 1581 3602 igitur
1634 3543 1694 3587 ut
1727 3534 1876 3596 veni,

311 3627 612 3694 imperator
641 3625 726 3680 his
756 3640 844 3680 me
871 3624 1052 3680 verbis
1076 3624 1298 3694 excepit
1327 3642 1340 3678 :
1371 3640 1390 3676 ι
1423 3622 1649 3678 Domine
1679 3624 1874 3694 legate,

314 3724 557 3777 faustum
613 3721 710 3775 tibi
763 3721 1022 3779 nuntium
1070 3720 1352 3790 impertire
1401 3718 1544 3785 volo,
1584 3718 1688 3773 nisi
1730 3719 1876 3786 quod

316 3829 514 3870 munus
553 3813 771 3884 aliquod
810 3814 948 3882 grati
972 3811 1143 3867 animi
1174 3810 1446 3885 rependas
1485 3802 1627 3869 mihi“
1650 3824 1878 3865 necesse

311 3917 414 3962 cst.
444 3925 463 3958 ι
491 3906 569 3961 Ad
590 3921 711 3975 quae
732 3920 830 3977 ego
849 3919 1078 3972 surgens
1098 3917 1333 3970 eumque
1348 3903 1583 3957 adorans
1605 3919 1619 3955 :
1649 3901 1872 3965 «Deus,»

314 4002 564 4069 inquam,
594 4016 612 4050 ι
638 3998 759 4053 dies
790 3998 1055 4065 producat
1090 4006 1292 4051 sancte
1326 3994 1598 4063 maiestati
1634 3985 1759 4060 tua},
1784 3992 1879 4061 qui

318 4091 482 4145 nobis
513 4105 635 4145 cum
673 4088 861 4142 multis
880 4088 1059 4142 modis
1089 4084 1423 4149 benefacias,
1468 4095 1581 4139 tum
1618 4098 1716 4152 per
1745 4084 1881 4137 istos

314 4195 463 4234 nunc
499 4178 718 4234 nuntios
746 4177 1071 4233 benefacies.
1099 4174 1300 4231 Verum
1327 4176 1465 4230 nihil
1489 4189 1588 4230 nos
1619 4162 1881 4229 habemus

312 4271 564 4340 dignum,
602 4268 743 4338 quod
767 4269 1132 4335 rependamus
1155 4274 1359 4321 sancta:
1396 4263 1668 4333 maiestati
1699 4271 1822 4317 tuae.
1855 4280 1873 4313 ι

313 4360 458 4413 Tum
492 4361 674 4413 statim
704 4359 841 4413 dixit
869 4357 1001 4411 mihi
1029 4357 1096 4412 de
1137 4364 1314 4413 morte
1351 4355 1647 4417 Amuratis,
1691 4367 1881 4409 narra-
1919 4377 1959 4431 ι)

318 4453 529 4521 sitque,
564 4450 843 4520 quomodo
880 4450 1001 4517 ejus
1025 4440 1168 4504 filius
1207 4448 1464 4517 princeps
1506 4449 1681 4501 factus
1716 4454 1881 4508 esset,

312 4554 372 4598 et
404 4544 635 4611 plurima
661 4541 767 4598 sibi
790 4539 1437 4610 beneficiapraastilisset,
1466 4546 1521 4593 et
1541 4553 1644 4607 pax
1669 4551 1885 4591 rursum

319 4638 468 4689 inter
496 4636 641 4704 ipsos
669 4643 812 4691 esset
839 4633 1179 4699 confirmata,
1213 4630 1391 4701 qualis
1416 4631 1580 4686 etiam
1610 4637 1735 4684 ante
1761 4629 1889 4683 huic

315 4727 512 4781 domui
554 4741 676 4780 cum
709 4734 861 4795 patre
892 4725 1011 4793 ejus
1044 4726 1458 4779 intercesserat.
1496 4721 1629 4786 Quae
1663 4722 1752 4775 ubi
1789 4736 1882 4774 auo

317 4818 460 4882 divi,
496 4816 767 4880 obmutui,
803 4824 1097 4882 tantusque
1125 4813 1282 4867 dolor
1314 4825 1402 4866 me
1444 4810 1687 4873 incessit,
1719 4827 1885 4880 quam

318 4913 369 4966 si
420 4911 700 4964 hominum
739 4908 872 4962 mihi
900 4904 1357 4961 cbariSsimorum
1407 4910 1637 4955 mortem
1669 4915 1887 4969 compc-

320 5001 547 5055 rissem.
582 4997 788 5052 Deinde
839 4995 1079 5051 demisso
1110 4993 1316 5057 animo,
1360 5010 1378 5043 ι
1417 4990 1488 5045 Mi
1518 4991 1769 5060 despota,
1801 4990 1884 5044 iu-

319 5107 513 5162 qnam,
551 5091 656 5146 iste
684 5089 903 5159 quidem
937 5101 1044 5140 non
1069 5093 1257 5152 gratus
1283 5082 1508 5138 nuntius
1531 5092 1636 5148 est,
1664 5082 1759 5137 sed
1787 5081 1887 5137 ad-

321 5184 546 5239 modum
569 5184 733 5238 etiam
769 5180 1018 5235 acerbus.
1051 5196 1070 5229 ι
1109 5174 1245 5231 Tum
1268 5176 1390 5230 ille:
1422 5193 1441 5226 ‹
1468 5175 1775 5241 Quomodo.
1806 5174 1889 5228 vir

324 5273 514 5327 hone?
548 5290 566 5322 ι
609 5290 627 5325 ι
655 5271 814 5335 Quia,
850 5268 1096 5336 inquam,
1139 5266 1206 5330 is,
1244 5265 1337 5333 qui
1372 5264 1532 5324 obiit,
1563 5277 1773 5317 ameras
1801 5277 1890 5316 se-

326 5380 434 5419 nex
462 5375 598 5428 erat,
638 5364 940 5430 urbemque
970 5362 1106 5415 satis
1141 5358 1392 5417 tentavit,
1438 5371 1538 5410 nec
1575 5356 1689 5424 jam
1725 5354 1888 5407 ador-

326 5467 488 5511 turus
519 5470 636 5509 eam
670 5465 808 5519 erat,
847 5453 945 5507 sed
975 5465 1159 5521 pacem
1209 5463 1373 5517 quam
1424 5446 1624 5521 bellum
1670 5445 1885 5498 maluit.

331 5551 396 5601 At
429 5547 519 5616 qui
556 5561 700 5600 nunc
735 5545 913 5600 factus
935 5552 1018 5598 εει
1050 5555 1290 5602 ameras,
1323 5538 1369 5592 is
1395 5536 1690 5607 etjuvenis
1726 5545 1809 5590 est
1835 5544 1890 5589 et

329 5654 358 5692 a
388 5652 560 5707 puero
593 5637 1029 5692 Christianorum
1065 5631 1342 5695 inimicus,
1378 5628 1773 5685 contumeliose
1793 5643 1885 5682 eos

1977 1787 2072 1837 καὶ
2105 1786 2161 1837 ἐν
2187 1784 2266 1848 τῷ
2300 1787 2453 1856 μέσῳ
2482 1786 2672 1841 τούτου
2705 1787 2799 1840 τοῦ
2834 1785 3028 1856 καιροῦ
3057 1784 3279 1836 ἐδύνατο
3305 1781 3371 1835 ἂν
3396 1781 3547 1850 διορ-
3651 1800 3653 1803 '

1978 1876 2150 1930 οῶσαι
2186 1879 2281 1931 καὶ
2308 1879 2664 1949 οἰκονομῆσαι
2697 1878 2766 1931 τὰ
2802 1879 3001 1943 πάντα,
3027 1876 3121 1927 καὶ
3153 1876 3185 1945 ἡ
3218 1873 3425 1927 ἑαυτοῦ
3453 1875 3550 1943 βα-

1984 1967 2163 2021 σιλεία
2198 1967 2467 2029 διέϐαινεν
2511 1971 2594 2032 είς
2620 1969 2907 2038 κρείττονα
2944 1966 3305 2036 προτίμησιν.
3341 1980 3362 2015 ι
3404 1965 3463 2019 '0
3491 1965 3547 2033 δέ

1974 2056 2235 2128 βασιλεὺς
2291 2058 2707 2131 Τραπεζοῦντος
2754 2058 2930 2111 ταῦτά
2981 2074 3073 2127 μοι
3118 2056 3265 2126 ἔφη’
3303 2074 3322 2108 ι
3373 2056 3548 2119 Αὐτὸς

1981 2151 2247 2222 ὑπάρχεις
2279 2147 2361 2216 εἷς
2395 2153 2503 2207 τῶν
2533 2151 2815 2221 φρονίμων
2845 2151 3126 2220 ἀρχόντων
3172 2151 3270 2203 καὶ
3313 2166 3549 2221 πρακτιο

1979 2244 2089 2297 κῶν
2116 2244 2215 2314 τῆς
2245 2244 2417 2316 αὐλῆς
2441 2245 2677 2316 ἐκείνης,
2696 2242 2797 2303 καὶ
2816 2234 3113 2315 γινώσκεις
3142 2234 3392 2313 κρεῖττον
3418 2259 3485 2294 πε
3496 2242 3549 2312 pi.

1977 2334 2184 2388 τούτων
2209 2351 2223 2366 ·
2259 2336 2409 2407 ὅμως
2456 2337 2485 2390 6
2534 2337 2690 2399 Θεὸς,
2735 2335 2811 2399 ὡς
2862 2333 3106 2400 δυνατὸς,
3138 2335 3355 2403 ποιησει
3386 2333 3548 2386 αὑτὸν

1979 2427 2058 2489 είς
2098 2424 2325 2494 ἀγαθόν.
2363 2447 2383 2481 ι
2421 2428 2591 2492 Κάγὼ
2622 2425 2942 2499 ἀποκριθεὶς
2973 2422 3101 2479 εἶπα
3128 2440 3142 2455 ⁸
3169 2444 3188 2477 ι
3216 2425 3351 2478 Δίαν
3380 2423 3549 2497 ,εὐχα-

1981 2520 2151 2596 ριστῶ
2199 2524 2265 2591 τῇ
2317 2521 2696 2592 καλοκαγαθία
2738 2521 2832 2575 καὶ
2882 2520 3207 2592 προαιρέσει
3237 2518 3401 2605 213
3447 2518 3545 2571 τοῦ

1980 2611 2218 2680 κράτους
2247 2628 2366 2676 σου,
2384 2612 2521 2667 διότι
2545 2611 2655 2681 ἐγὼ
2679 2612 2780 2666 οὒκ
2813 2613 2932 2682 είμι
2961 2610 3230 2681 τοσαύτης
3258 2609 3549 2680 ποιότητος

1978 2701 2054 2765 ὡς
2089 2703 2122 2772 ἡ
2157 2702 2405 2772 βασιλεία
2442 2721 2536 2759 σου
2582 2703 2897 2768 ἐκέλευσας.
2937 2721 2957 2755 ο
3004 2703 3271 2764 ’Δκούσας
3302 2703 3409 2774 γὰρ
3436 2702 3547 2770 ἐγὼ

1979 2792 2060 2846 ἐτι
2085 2795 2167 2847 ὅτι
2198 2797 2230 2866 η
2261 2795 2352 2848 τοῦ
2386 2795 2790 2867 προρῤηθέντος
2836 2797 3030 2865 ἀμηρᾶ
3059 2795 3218 2864 γυνὴ,
3248 2795 3281 2864 ἡ
3314 2794 3411 2847 καὶ
3450 2792 3546 2848 τοῦ

1980 2887 2077 2955 τῆς
2107 2886 2335 2956 Σερϐίας
2361 2887 2623 2941 δεσπότου
2657 2886 2929 2958 θυγάτηρ,
2952 2887 3090 2956 μετὰ
3114 2885 3213 2956 τὴν
3233 2886 3330 2939 τοῦ
3353 2887 3547 2958 ἀμηρᾶ

1981 2978 2076 3031 καὶ
2108 2979 2302 3050 ἀνδρὸς
2349 2980 2522 3049 αὐτῆς
2562 2978 2727 3049 θανὴν
2781 2978 3016 3048 ἐντίμως
3042 2981 3141 3036 καὶ
3171 2978 3355 3043 καλῶς
3404 2981 3546 3041 ἀπε-

1984 3153 2186 3209 habere
2220 3157 2571 3225 minatusque
2590 3156 2774 3212 dicere
2801 3156 3033 3221 solebat,
3057 3172 3140 3224 se,
3162 3173 3282 3213 cum
3307 3158 3542 3228 primum

1984 3244 2328 3299 occasionem
2365 3244 2668 3301 invenisset
2701 3256 2755 3301 et
2783 3260 2949 3321 regno
2976 3246 3185 3315 potitus
3222 3255 3390 3312 esset,
3432 3248 3544 3303 Ro-

1986 3350 2295 3401 manorum,
2342 3336 2453 3393 imo
2483 3337 2923 3395 Christianorum
2957 3338 3202 3393 omnium
3250 3339 3545 3409 imperium

1985 3426 2334 3494 perditurum
2368 3437 2425 3482 et
2472 3427 2804 3483 deleturum.
2843 3415 2908 3483 Et
2942 3442 3071 3482 vero
3119 3427 3251 3483 urbs
3298 3444 3445 3484 nunc
3489 3429 3547 3486 in

1984 3518 2253 3585 angustiis
2277 3527 2358 3573 est
2392 3528 2613 3588 propter
2646 3518 2953 3589 principem
2990 3533 3174 3577 meum
3206 3527 3264 3574 et
3310 3519 3548 3589 impera—

1990 3618 2161 3664 torem
2198 3624 2388 3663 recens
2437 3625 2665 3679 regnum
2714 3610 2995 3678 adeptuin,
3047 3610 3135 3665 cui
3170 3610 3237 3665 de
3282 3611 3549 3671 reditibus

1986 3699 2195 3766 imperii
2223 3700 2426 3766 grande
2449 3714 2524 3755 aes
2555 3701 2793 3755 alienum
2832 3703 3153 3758 solvendum
3183 3711 3290 3768 est,
3331 3712 3546 3772 propter

1983 3787 2357 3857 expeditiones
2384 3797 2437 3843 et
2461 3789 2713 3843 donativa
2738 3799 2849 3844 tum
2875 3791 3161 3859 militibus,
3193 3802 3307 3849 tum
3333 3792 3546 3847 cunctis

1986 3878 2181 3932 aulicis
2200 3878 2395 3934 collata
2414 3879 2731 3948 conﬂatum.
2755 3879 2936 3946 Quare
2959 3882 3297 3949 temporibus
3320 3884 3547 3951 placatis

1987 3982 2125 4037 opus
2151 3975 2253 4030 est,
2280 3977 2338 4020 ut
2368 3970 2531 4023 rebus
2556 3968 2621 4023 ad
2650 3968 2850 4023 bellum
2884 3970 3215 4025 necessariis
3248 3981 3303 4024 et
3333 3971 3547 4026 idoneis

1988 4071 2047 4111 se
2085 4056 2340 4111 instruat.
2373 4054 2529 4121 Quod
2574 4056 2620 4111 si
2654 4056 2797 4115 Deus
2829 4065 3051 4126 propter
3083 4067 3316 4126 peccata
3356 4068 3545 4114 nostra

1987 4148 2337 4213 concesserit,
2367 4158 2677 4217 utnequam
2701 4149 2809 4215 ille,
2830 4149 3061 4219 juvenili
3089 4149 3319 4204 audacia
3348 4159 3403 4205 et
3430 4155 3551 4206 ani-

1989 4242 2061 4296 mi
2087 4242 2349 4311 pravitate
2373 4251 2549 4307 actus,
2578 4241 2764 4295 urbem
2796 4240 3332 4312 belloaggrediatur.
3358 4245 3546 4299 nescio

1989 4331 2266 4401 equidem.
2300 4331 2430 4398 quid
2466 4331 2625 4387 nobis
2674 4331 2920 4387 futurum
2972 4334 3065 4387 sit.
3116 4332 3373 4389 Profecto
3420 4334 3546 4389 felix

1990 4428 2218 4477 nuntius
2248 4422 2409 4488 foret,
2446 4427 2490 4479 si
2514 4424 2793 4493 juvenem.
2824 4424 2919 4495 qui
2948 4440 3099 4483 nunc
3125 4439 3339 4479 ameras
3371 4427 3549 4481 factus

1988 4524 2094 4574 est.
2121 4514 2328 4573 obiisse
2376 4517 2684 4587 nuntiares,
2720 4516 2998 4587 siquidem
3026 4527 3180 4592 pater
3216 4519 3338 4588 ejus
3383 4520 3547 4574 alium

1991 4608 2173 4666 ﬁlium,
2203 4624 2312 4663 non
2360 4610 2583 4664 habere:
2612 4620 2665 4664 et
2695 4612 2812 4665 seni
2835 4626 2874 4665 .e
2907 4610 3059 4667 luctu
3107 4611 3344 4667 oriretur
3379 4626 3550 4681 aegro-

1992 4699 2142 4765 tatio,
2172 4716 2235 4753 es
2265 4703 2618 4770 aegrotatione
2640 4702 2949 4758 deminutio
2991 4705 3115 4757 vita:
3146 4721 3160 4756 :
3194 4703 3338 4759 unde
3374 4704 3427 4756 in
3455 4720 3548 4772 pe-

1990 4791 2224 4845 riculum
2253 4802 2305 4845 et
2329 4807 2579 4860 magnam
2610 4794 2935 4849 seditionem
2963 4795 3228 4849 incideret
3254 4774 3549 4864 impiorum

1990 4884 2301 4952 imperium,
2346 4895 2530 4939 nostra
2560 4893 2743 4943 autem
2781 4887 2999 4940 interim
3035 4887 3219 4942 omnia
3252 4872 3471 4943 resiitui
3497 4897 3552 4941 et

1992 4976 2363 5030 administrari
2386 4972 2635 5045 possent,
2657 4978 3037 5039 utauctoritas
3058 4977 3405 5046 imperatoris
3427 4977 3553 5032 inde

1992 5072 2138 5127 haud
2169 5071 2331 5141 paulo
2362 5069 2681 5127 honoratior
2723 5084 2954 5124 evasura
2991 5068 3203 5122 fuisset.
3237 5084 3256 5118 ι
3297 5064 3432 5120 Tum
3456 5056 3550 5118 re:

1993 5162 2390 5231 Trapezuntius
2417 5163 2488 5215 ita
2513 5161 2793 5230 respondit
2823 5177 2837 5213 :
2876 5178 2894 5209 ι
2923 5159 3003 5211 Tu
3027 5172 3152 5211 cum
3177 5156 3295 5224 ipse
3316 5155 3393 5208 sis
3415 5168 3554 5206 unus

1990 5269 2021 5308 e
2058 5255 2423 5323 prudentibus
2453 5261 2507 5307 et
2554 5253 2743 5321 peritis
2773 5249 2906 5302 viris
2957 5247 3105 5303 illius
3146 5247 3306 5308 aulae,
3363 5244 3557 5297 melius

1993 5347 2179 5412 utique
2198 5346 2298 5397 ista
2323 5342 2543 5397 novisti.
2561 5337 2849 5395 Enimvero
2879 5339 3039 5402 Deus,
3063 5351 3169 5405 qua
3192 5344 3275 5388 est
3297 5336 3554 5402 potentia,

1992 5437 2131 5502 frugi
2168 5436 2320 5488 illum
2356 5436 2539 5488 faciet.
2577 5452 2594 5483 ι
2655 5431 2751 5485 llic
2782 5445 2902 5499 ego,
2964 5447 2983 5479 ι
3015 5427 3260 5496 Magnas,
3306 5425 3552 5494 inquam,

1992 5530 2194 5600 gratias
2242 5544 2343 5598 ago
2395 5525 2692 5594 integritati
2746 5533 2803 5578 et
2856 5521 3089 5577 consilio
3125 5518 3376 5588 potentiae
3423 5524 3553 5578 tuae,

1996 5624 2256 5694 quoniam
2289 5635 2393 5675 non
2440 5628 2624 5674 tantus
2670 5627 2840 5683 sum,‘
2869 5624 3134 5686 quantum
3182 5610 3440 5680 maiestas
3468 5620 3557 5665 tua
