  <div class='ocr_page' id='page_1' title='image "/cluster/home/n/w/nwhite01/storage/ocr_20150623/156/hvd.32044073502650/413.png"; bbox 0 0 3920 6188; ppageno 0'>
   <div class='ocr_carea' id='block_1_1' title="bbox 434 236 549 299">
    <p class='ocr_par' dir='ltr' id='par_1_1' title="bbox 434 236 549 299">
     <span class='ocr_line' id='line_1_1' title="bbox 434 236 549 299; baseline 0 -2"><span class='ocrx_word' id='word_1_1' title='bbox 434 236 505 299; x_wconf 67' lang='lat'><strong>‘81</strong></span> <span class='ocrx_word' id='word_1_2' title='bbox 520 240 549 296; x_wconf 82' lang='grc'>5</span> 
     </span>
    </p>
   </div>
   <div class='ocr_carea' id='block_1_2' title="bbox 1663 206 3607 301">
    <p class='ocr_par' dir='ltr' id='par_1_2' title="bbox 1663 206 3607 301">
     <span class='ocr_line' id='line_1_2' title="bbox 1663 206 3607 301; baseline 0.004 -8"><span class='ocrx_word' id='word_1_3' title='bbox 1663 206 1983 296; x_wconf 69' lang='lat' dir='ltr'><strong>neuneu</strong></span> <span class='ocrx_word' id='word_1_4' title='bbox 2019 231 2444 294; x_wconf 55' lang='lat' dir='ltr'><strong>purumne</strong></span> <span class='ocrx_word' id='word_1_5' title='bbox 3520 236 3607 301; x_wconf 78' lang='lat'><strong>816</strong></span> 
     </span>
    </p>
   </div>
   <div class='ocr_carea' id='block_1_3' title="bbox 447 347 3614 423">
    <p class='ocr_par' dir='ltr' id='par_1_3' title="bbox 447 347 3614 423">
     <span class='ocr_line' id='line_1_3' title="bbox 447 347 3614 423; baseline 0.001 -19"><span class='ocrx_word' id='word_1_6' title='bbox 447 350 664 421; x_wconf 81' lang='grc' dir='ltr'>στράφη</span> <span class='ocrx_word' id='word_1_7' title='bbox 716 350 851 413; x_wconf 75' lang='grc' dir='ltr'>πρὸς</span> <span class='ocrx_word' id='word_1_8' title='bbox 901 350 1027 412; x_wconf 74' lang='grc' dir='ltr'>τοὺς</span> <span class='ocrx_word' id='word_1_9' title='bbox 1072 351 1247 417; x_wconf 79' lang='grc' dir='ltr'><strong>γονεῖς</strong></span> <span class='ocrx_word' id='word_1_10' title='bbox 1284 349 1454 420; x_wconf 76' lang='grc' dir='ltr'>αὐτῆς</span> <span class='ocrx_word' id='word_1_11' title='bbox 1489 351 1548 404; x_wconf 83' lang='grc' dir='ltr'><strong>ὲν</strong></span> <span class='ocrx_word' id='word_1_12' title='bbox 1576 351 1654 419; x_wconf 82' lang='grc' dir='ltr'>τῷ</span> <span class='ocrx_word' id='word_1_13' title='bbox 1688 353 1803 421; x_wconf 89' lang='grc' dir='ltr'>ἰδίῳ</span> <span class='ocrx_word' id='word_1_14' title='bbox 1847 354 2001 421; x_wconf 73' lang='grc' dir='ltr'>οἴκῳ.</span> <span class='ocrx_word' id='word_1_15' title='bbox 2034 360 2074 412; x_wconf 74' lang='grc' dir='ltr'>Α</span> <span class='ocrx_word' id='word_1_16' title='bbox 2109 352 2357 421; x_wconf 60' lang='grc' dir='ltr'>βασιλεία</span> <span class='ocrx_word' id='word_1_17' title='bbox 2389 367 2483 403; x_wconf 92' lang='grc' dir='ltr'><strong>σου</strong></span> <span class='ocrx_word' id='word_1_18' title='bbox 2536 348 2841 417; x_wconf 72' lang='grc' dir='ltr'><strong>αἰτιωμένη</strong></span> <span class='ocrx_word' id='word_1_19' title='bbox 2872 347 2934 401; x_wconf 87' lang='grc' dir='ltr'><strong>ού</strong></span> <span class='ocrx_word' id='word_1_20' title='bbox 2967 347 3159 417; x_wconf 81' lang='grc' dir='ltr'><strong>πράξει</strong></span> <span class='ocrx_word' id='word_1_21' title='bbox 3192 347 3361 415; x_wconf 85' lang='grc' dir='ltr'>τοῦτο,</span> <span class='ocrx_word' id='word_1_22' title='bbox 3406 351 3449 403; x_wconf 82' lang='grc' dir='ltr'><strong>εί</strong></span> <span class='ocrx_word' id='word_1_23' title='bbox 3495 354 3614 423; x_wconf 69' lang='grc' dir='ltr'>αὐτῇ</span> 
     </span>
    </p>
   </div>
   <div class='ocr_carea' id='block_1_4' title="bbox 443 442 2007 511">
    <p class='ocr_par' dir='ltr' id='par_1_4' title="bbox 443 442 2007 511">
     <span class='ocr_line' id='line_1_4' title="bbox 443 442 2007 511; baseline 0.001 -16"><span class='ocrx_word' id='word_1_24' title='bbox 443 444 550 495; x_wconf 71' lang='grc' dir='ltr'>ἔδει</span> <span class='ocrx_word' id='word_1_25' title='bbox 582 460 649 511; x_wconf 87' lang='grc' dir='ltr'><strong>με</strong></span> <span class='ocrx_word' id='word_1_26' title='bbox 680 444 787 511; x_wconf 85' lang='grc' dir='ltr'>γὰρ</span> <span class='ocrx_word' id='word_1_27' title='bbox 822 444 1173 510; x_wconf 84' lang='grc' dir='ltr'>ἐναπομεῖναι</span> <span class='ocrx_word' id='word_1_28' title='bbox 1207 444 1285 505; x_wconf 89' lang='grc' dir='ltr'><strong>εἰς</strong></span> <span class='ocrx_word' id='word_1_29' title='bbox 1314 442 1704 511; x_wconf 79' lang='grc' dir='ltr'>Τραπεζοῦντα</span> <span class='ocrx_word' id='word_1_30' title='bbox 1737 444 1826 497; x_wconf 85' lang='grc' dir='ltr'><strong>διά</strong></span> <span class='ocrx_word' id='word_1_31' title='bbox 1857 458 2007 506; x_wconf 86' lang='grc' dir='ltr'>τινας</span> 
     </span>
    </p>
   </div>
   <div class='ocr_carea' id='block_1_5' title="bbox 444 532 2008 604">
    <p class='ocr_par' dir='ltr' id='par_1_5' title="bbox 444 532 2008 604">
     <span class='ocr_line' id='line_1_5' title="bbox 444 532 2008 604; baseline 0.001 -19"><span class='ocrx_word' id='word_1_32' title='bbox 444 534 542 585; x_wconf 79' lang='grc' dir='ltr'><strong>οὐκ</strong></span> <span class='ocrx_word' id='word_1_33' title='bbox 576 534 764 599; x_wconf 78' lang='grc' dir='ltr'>ὀλίγας</span> <span class='ocrx_word' id='word_1_34' title='bbox 814 532 1017 594; x_wconf 86' lang='grc' dir='ltr'>αἰτίας.</span> <span class='ocrx_word' id='word_1_35' title='bbox 1065 534 1160 585; x_wconf 78' lang='grc' dir='ltr'><strong>καί</strong></span> <span class='ocrx_word' id='word_1_36' title='bbox 1197 534 1373 603; x_wconf 82' lang='grc' dir='ltr'>εὑρών</span> <span class='ocrx_word' id='word_1_37' title='bbox 1410 552 1534 588; x_wconf 89' lang='grc' dir='ltr'>τινα</span> <span class='ocrx_word' id='word_1_38' title='bbox 1568 536 1671 604; x_wconf 80' lang='grc' dir='ltr'><strong>νῆα</strong></span> <span class='ocrx_word' id='word_1_39' title='bbox 1706 536 2008 603; x_wconf 77' lang='grc' dir='ltr'>μέλλουσαν</span> 
     </span>
    </p>
   </div>
   <div class='ocr_carea' id='block_1_6' title="bbox 443 621 2007 695">
    <p class='ocr_par' dir='ltr' id='par_1_6' title="bbox 443 621 2007 695">
     <span class='ocr_line' id='line_1_6' title="bbox 443 621 2007 695; baseline 0.003 -22"><span class='ocrx_word' id='word_1_40' title='bbox 443 626 523 684; x_wconf 85' lang='grc' dir='ltr'><strong>εἰς</strong></span> <span class='ocrx_word' id='word_1_41' title='bbox 582 623 1161 674; x_wconf 78' lang='grc' dir='ltr'>Κωνσταντινούπολιν</span> <span class='ocrx_word' id='word_1_42' title='bbox 1215 623 1579 687; x_wconf 83' lang='grc' dir='ltr'>ἀποπλεῦσαι,</span> <span class='ocrx_word' id='word_1_43' title='bbox 1614 625 1735 692; x_wconf 85' lang='grc' dir='ltr'>μεθ’</span> <span class='ocrx_word' id='word_1_44' title='bbox 1780 621 1847 695; x_wconf 81' lang='grc' dir='ltr'>ἦς</span> <span class='ocrx_word' id='word_1_45' title='bbox 1895 624 2007 691; x_wconf 85' lang='grc' dir='ltr'><strong>ἐγὼ</strong></span> 
     </span>
    </p>
   </div>
   <div class='ocr_carea' id='block_1_7' title="bbox 441 714 2005 785">
    <p class='ocr_par' dir='ltr' id='par_1_7' title="bbox 441 714 2005 785">
     <span class='ocr_line' id='line_1_7' title="bbox 441 714 2005 785; baseline 0.003 -19"><span class='ocrx_word' id='word_1_46' title='bbox 441 714 740 767; x_wconf 77' lang='grc' dir='ltr'>ἀπέστειλά</span> <span class='ocrx_word' id='word_1_47' title='bbox 774 730 928 776; x_wconf 85' lang='grc' dir='ltr'>τινας</span> <span class='ocrx_word' id='word_1_48' title='bbox 980 714 1204 779; x_wconf 74' lang='grc' dir='ltr'>ἵππους,</span> <span class='ocrx_word' id='word_1_49' title='bbox 1254 717 1343 767; x_wconf 65' lang='grc' dir='ltr'>καὶ</span> <span class='ocrx_word' id='word_1_50' title='bbox 1382 715 1475 767; x_wconf 86' lang='grc' dir='ltr'><strong>δύο</strong></span> <span class='ocrx_word' id='word_1_51' title='bbox 1526 715 1621 778; x_wconf 79' lang='grc' dir='ltr'><strong>οὓς</strong></span> <span class='ocrx_word' id='word_1_52' title='bbox 1672 719 1698 768; x_wconf 89' lang='grc' dir='ltr'>ὁ</span> <span class='ocrx_word' id='word_1_53' title='bbox 1753 716 2005 785; x_wconf 80' lang='grc' dir='ltr'>βασιλεὺς</span> 
     </span>
    </p>
   </div>
   <div class='ocr_carea' id='block_1_8' title="bbox 453 804 2004 875">
    <p class='ocr_par' dir='ltr' id='par_1_8' title="bbox 453 804 2004 875">
     <span class='ocr_line' id='line_1_8' title="bbox 453 804 2004 875; baseline 0.001 -19"><span class='ocrx_word' id='word_1_54' title='bbox 453 806 694 874; x_wconf 69' lang='grc' dir='ltr'>Ἰϐηρίας</span> <span class='ocrx_word' id='word_1_55' title='bbox 727 821 818 873; x_wconf 90' lang='grc' dir='ltr'><strong>μοι</strong></span> <span class='ocrx_word' id='word_1_56' title='bbox 848 804 1163 874; x_wconf 84' lang='grc' dir='ltr'>ἐδωρήσατο</span> <span class='ocrx_word' id='word_1_57' title='bbox 1190 806 1251 857; x_wconf 87' lang='grc' dir='ltr'><strong>ἐκ</strong></span> <span class='ocrx_word' id='word_1_58' title='bbox 1281 805 1387 857; x_wconf 76' lang='grc' dir='ltr'>τῶν</span> <span class='ocrx_word' id='word_1_59' title='bbox 1408 805 1499 856; x_wconf 83' lang='grc' dir='ltr'>ὑπ’</span> <span class='ocrx_word' id='word_1_60' title='bbox 1529 805 1693 858; x_wconf 80' lang='grc' dir='ltr'>αὑτοῦ</span> <span class='ocrx_word' id='word_1_61' title='bbox 1723 807 2004 875; x_wconf 85' lang='grc' dir='ltr'>αἰχμαλω-</span> 
     </span>
    </p>
   </div>
   <div class='ocr_carea' id='block_1_9' title="bbox 438 897 2004 966">
    <p class='ocr_par' dir='ltr' id='par_1_9' title="bbox 438 897 2004 966">
     <span class='ocr_line' id='line_1_9' title="bbox 438 897 2004 966; baseline 0.001 -15"><span class='ocrx_word' id='word_1_62' title='bbox 438 898 750 957; x_wconf 76' lang='grc' dir='ltr'>τισθέντων,</span> <span class='ocrx_word' id='word_1_63' title='bbox 785 897 873 949; x_wconf 84' lang='grc' dir='ltr'>ὅτε</span> <span class='ocrx_word' id='word_1_64' title='bbox 919 897 1045 959; x_wconf 81' lang='grc' dir='ltr'>τοὺς</span> <span class='ocrx_word' id='word_1_65' title='bbox 1099 898 1475 966; x_wconf 75' lang='grc' dir='ltr'><strong>αἰχμαλώτους</strong></span> <span class='ocrx_word' id='word_1_66' title='bbox 1523 900 1864 953; x_wconf 82' lang='grc' dir='ltr'>ἐσκύλευσεν.</span> <span class='ocrx_word' id='word_1_67' title='bbox 1898 902 2004 953; x_wconf 84' lang='lat' dir='ltr'><strong>Kal</strong></span> 
     </span>
    </p>
   </div>
   <div class='ocr_carea' id='block_1_10' title="bbox 438 988 2005 1060">
    <p class='ocr_par' dir='ltr' id='par_1_10' title="bbox 438 988 2005 1060">
     <span class='ocr_line' id='line_1_10' title="bbox 438 988 2005 1060; baseline 0.003 -19"><span class='ocrx_word' id='word_1_68' title='bbox 438 991 601 1057; x_wconf 75' lang='grc' dir='ltr'>ἕτερα</span> <span class='ocrx_word' id='word_1_69' title='bbox 651 988 825 1041; x_wconf 85' lang='grc' dir='ltr'>πολλά</span> <span class='ocrx_word' id='word_1_70' title='bbox 875 1005 994 1041; x_wconf 87' lang='grc' dir='ltr'>τινα</span> <span class='ocrx_word' id='word_1_71' title='bbox 1043 988 1155 1057; x_wconf 71' lang='grc' dir='ltr'>εἴδη</span> <span class='ocrx_word' id='word_1_72' title='bbox 1213 989 1511 1043; x_wconf 78' lang='grc' dir='ltr'>ἀπέστειλα</span> <span class='ocrx_word' id='word_1_73' title='bbox 1567 992 2005 1060; x_wconf 69' lang='grc' dir='ltr'>φιλιδωρηοέντα</span> 
     </span>
    </p>
   </div>
   <div class='ocr_carea' id='block_1_11' title="bbox 442 1080 2003 1151">
    <p class='ocr_par' dir='ltr' id='par_1_11' title="bbox 442 1080 2003 1151">
     <span class='ocr_line' id='line_1_11' title="bbox 442 1080 2003 1151; baseline 0.002 -20"><span class='ocrx_word' id='word_1_74' title='bbox 442 1084 572 1149; x_wconf 81' lang='grc' dir='ltr'>ἡμῖν</span> <span class='ocrx_word' id='word_1_75' title='bbox 607 1081 758 1148; x_wconf 85' lang='grc' dir='ltr'>παρά</span> <span class='ocrx_word' id='word_1_76' title='bbox 786 1097 969 1144; x_wconf 85' lang='grc' dir='ltr'>τινων,</span> <span class='ocrx_word' id='word_1_77' title='bbox 1018 1081 1111 1133; x_wconf 69' lang='grc' dir='ltr'>καὶ</span> <span class='ocrx_word' id='word_1_78' title='bbox 1144 1080 1279 1148; x_wconf 71' lang='grc' dir='ltr'>πρὸς</span> <span class='ocrx_word' id='word_1_79' title='bbox 1329 1080 1421 1133; x_wconf 70' lang='grc' dir='ltr'>τὸν</span> <span class='ocrx_word' id='word_1_80' title='bbox 1474 1083 1743 1151; x_wconf 71' lang='grc' dir='ltr'>αὐθέντην</span> <span class='ocrx_word' id='word_1_81' title='bbox 1778 1101 1877 1151; x_wconf 83' lang='grc' dir='ltr'><strong>μου</strong></span> <span class='ocrx_word' id='word_1_82' title='bbox 1913 1084 2003 1134; x_wconf 68' lang='grc' dir='ltr'><strong>τὸν</strong></span> 
     </span>
    </p>
   </div>
   <div class='ocr_carea' id='block_1_12' title="bbox 444 1163 2003 1241">
    <p class='ocr_par' dir='ltr' id='par_1_12' title="bbox 444 1163 2003 1241">
     <span class='ocr_line' id='line_1_12' title="bbox 444 1163 2003 1241; baseline 0.003 -18"><span class='ocrx_word' id='word_1_83' title='bbox 444 1172 666 1241; x_wconf 77' lang='grc' dir='ltr'>βασιλέα</span> <span class='ocrx_word' id='word_1_84' title='bbox 692 1172 871 1223; x_wconf 86' lang='grc' dir='ltr'>τοιάδε</span> <span class='ocrx_word' id='word_1_85' title='bbox 899 1170 1108 1239; x_wconf 69' lang='grc' dir='ltr'>ἔγραψα</span> <span class='ocrx_word' id='word_1_86' title='bbox 1140 1173 1265 1239; x_wconf 69' lang='grc' dir='ltr'>περὶ</span> <span class='ocrx_word' id='word_1_87' title='bbox 1298 1163 1371 1224; x_wconf 82' lang='grc' dir='ltr'><strong>ὧν</strong></span> <span class='ocrx_word' id='word_1_88' title='bbox 1401 1173 1478 1233; x_wconf 81' lang='grc' dir='ltr'><strong>είς</strong></span> <span class='ocrx_word' id='word_1_89' title='bbox 1513 1171 1753 1241; x_wconf 78' lang='grc' dir='ltr'>Ἰϐηρίαν</span> <span class='ocrx_word' id='word_1_90' title='bbox 1792 1172 2003 1241; x_wconf 72' lang='grc' dir='ltr'>ἔπραξα</span> 
     </span>
    </p>
   </div>
   <div class='ocr_carea' id='block_1_13' title="bbox 442 1256 2002 1332">
    <p class='ocr_par' dir='ltr' id='par_1_13' title="bbox 442 1256 2002 1332">
     <span class='ocr_line' id='line_1_13' title="bbox 442 1256 2002 1332; baseline 0.001 -17"><span class='ocrx_word' id='word_1_91' title='bbox 442 1264 534 1315; x_wconf 80' lang='grc' dir='ltr'><strong>καί</strong></span> <span class='ocrx_word' id='word_1_92' title='bbox 565 1256 637 1316; x_wconf 84' lang='grc' dir='ltr'>ὧν</span> <span class='ocrx_word' id='word_1_93' title='bbox 688 1265 767 1323; x_wconf 87' lang='grc' dir='ltr'><strong>εἰς</strong></span> <span class='ocrx_word' id='word_1_94' title='bbox 798 1262 1187 1332; x_wconf 77' lang='grc' dir='ltr'><strong>Τραπεζοῦντα</strong></span> <span class='ocrx_word' id='word_1_95' title='bbox 1244 1263 1562 1315; x_wconf 82' lang='grc' dir='ltr'>ὑπώπτευον</span> <span class='ocrx_word' id='word_1_96' title='bbox 1613 1264 1857 1329; x_wconf 77' lang='grc' dir='ltr'>ποιῆσαι,</span> <span class='ocrx_word' id='word_1_97' title='bbox 1908 1267 2002 1316; x_wconf 71' lang='grc' dir='ltr'>καὶ</span> 
     </span>
    </p>
   </div>
   <div class='ocr_carea' id='block_1_14' title="bbox 443 1352 2003 1422">
    <p class='ocr_par' dir='ltr' id='par_1_14' title="bbox 443 1352 2003 1422">
     <span class='ocr_line' id='line_1_14' title="bbox 443 1352 2003 1422; baseline -0.003 -14"><span class='ocrx_word' id='word_1_98' title='bbox 443 1359 620 1408; x_wconf 84' lang='grc' dir='ltr'>πάντα</span> <span class='ocrx_word' id='word_1_99' title='bbox 651 1355 718 1406; x_wconf 74' lang='grc' dir='ltr'>τὰ</span> <span class='ocrx_word' id='word_1_100' title='bbox 755 1352 1038 1421; x_wconf 75' lang='grc' dir='ltr'>συμϐάντα</span> <span class='ocrx_word' id='word_1_101' title='bbox 1080 1353 1225 1422; x_wconf 85' lang='grc' dir='ltr'>αὐτῷ</span> <span class='ocrx_word' id='word_1_102' title='bbox 1272 1353 1539 1421; x_wconf 82' lang='grc' dir='ltr'>ἐδήλωσα.</span> <span class='ocrx_word' id='word_1_103' title='bbox 1588 1355 1696 1406; x_wconf 81' lang='grc' dir='ltr'><strong>Καὶ</strong></span> <span class='ocrx_word' id='word_1_104' title='bbox 1739 1354 1862 1416; x_wconf 62' lang='grc' dir='ltr'>δοὺς</span> <span class='ocrx_word' id='word_1_105' title='bbox 1905 1356 2003 1418; x_wconf 81' lang='grc' dir='ltr'>τὰς</span> 
     </span>
    </p>
   </div>
   <div class='ocr_carea' id='block_1_15' title="bbox 441 1444 1998 1515">
    <p class='ocr_par' dir='ltr' id='par_1_15' title="bbox 441 1444 1998 1515">
     <span class='ocr_line' id='line_1_15' title="bbox 441 1444 1998 1515; baseline -0.002 -15"><span class='ocrx_word' id='word_1_106' title='bbox 441 1446 656 1515; x_wconf 79' lang='grc' dir='ltr'>γραφάς</span> <span class='ocrx_word' id='word_1_107' title='bbox 678 1446 765 1498; x_wconf 74' lang='grc' dir='ltr'>ἐνὶ</span> <span class='ocrx_word' id='word_1_108' title='bbox 799 1446 909 1496; x_wconf 84' lang='grc' dir='ltr'>τῶν</span> <span class='ocrx_word' id='word_1_109' title='bbox 943 1444 1040 1496; x_wconf 77' lang='grc' dir='ltr'><strong>σὺν</strong></span> <span class='ocrx_word' id='word_1_110' title='bbox 1077 1446 1198 1511; x_wconf 73' lang='grc' dir='ltr'>ἐμοὶ</span> <span class='ocrx_word' id='word_1_111' title='bbox 1252 1444 1530 1512; x_wconf 72' lang='grc' dir='ltr'><strong>ἀρχόντων</strong></span> <span class='ocrx_word' id='word_1_112' title='bbox 1564 1444 1781 1497; x_wconf 75' lang='grc' dir='ltr'>ἔστειλα</span> <span class='ocrx_word' id='word_1_113' title='bbox 1815 1446 1998 1509; x_wconf 71' lang='grc' dir='ltr'>αὑτὸν,</span> 
     </span>
    </p>
   </div>
   <div class='ocr_carea' id='block_1_16' title="bbox 438 1532 2001 1604">
    <p class='ocr_par' dir='ltr' id='par_1_16' title="bbox 438 1532 2001 1604">
     <span class='ocr_line' id='line_1_16' title="bbox 438 1532 2001 1604; baseline -0.003 -15"><span class='ocrx_word' id='word_1_114' title='bbox 438 1538 531 1589; x_wconf 76' lang='grc' dir='ltr'><strong>καὶ</strong></span> <span class='ocrx_word' id='word_1_115' title='bbox 553 1532 894 1603; x_wconf 78' lang='grc' dir='ltr'><strong>παρήγγειλα</strong></span> <span class='ocrx_word' id='word_1_116' title='bbox 938 1533 1085 1602; x_wconf 84' lang='grc' dir='ltr'>αύτῷ</span> <span class='ocrx_word' id='word_1_117' title='bbox 1113 1534 1199 1585; x_wconf 84' lang='grc' dir='ltr'><strong>ἵνα</strong></span> <span class='ocrx_word' id='word_1_118' title='bbox 1238 1533 1332 1602; x_wconf 84' lang='grc' dir='ltr'>τὴν</span> <span class='ocrx_word' id='word_1_119' title='bbox 1362 1537 1459 1603; x_wconf 74' lang='grc' dir='ltr'>μὲν</span> <span class='ocrx_word' id='word_1_120' title='bbox 1488 1535 1617 1603; x_wconf 86' lang='grc' dir='ltr'>μίαν</span> <span class='ocrx_word' id='word_1_121' title='bbox 1638 1535 1749 1587; x_wconf 83' lang='grc' dir='ltr'><strong>τῶν</strong></span> <span class='ocrx_word' id='word_1_122' title='bbox 1773 1536 2001 1604; x_wconf 75' lang='grc' dir='ltr'>γραφῶν</span> 
     </span>
    </p>
   </div>
   <div class='ocr_carea' id='block_1_17' title="bbox 2107 440 3617 512">
    <p class='ocr_par' dir='ltr' id='par_1_17' title="bbox 2107 440 3617 512">
     <span class='ocr_line' id='line_1_17' title="bbox 2107 440 3617 512; baseline -0.001 -17"><span class='ocrx_word' id='word_1_123' title='bbox 2107 441 2279 507; x_wconf 67' lang='grc' dir='ltr'>δόξαι</span> <span class='ocrx_word' id='word_1_124' title='bbox 2310 442 2526 512; x_wconf 84' lang='grc' dir='ltr'>πρῶτον</span> <span class='ocrx_word' id='word_1_125' title='bbox 2563 441 2662 510; x_wconf 86' lang='grc' dir='ltr'>μέν</span> <span class='ocrx_word' id='word_1_126' title='bbox 2689 440 2752 492; x_wconf 77' lang='grc' dir='ltr'><strong>τὸ</strong></span> <span class='ocrx_word' id='word_1_127' title='bbox 2787 440 3008 493; x_wconf 76' lang='grc' dir='ltr'>ἔλαττον</span> <span class='ocrx_word' id='word_1_128' title='bbox 3038 440 3131 493; x_wconf 80' lang='grc' dir='ltr'><strong>τοῦ</strong></span> <span class='ocrx_word' id='word_1_129' title='bbox 3161 440 3370 508; x_wconf 79' lang='grc' dir='ltr'>γένους·</span> <span class='ocrx_word' id='word_1_130' title='bbox 3398 440 3617 512; x_wconf 79' lang='grc' dir='ltr'>δεύτερον</span> 
     </span>
    </p>
   </div>
   <div class='ocr_carea' id='block_1_18' title="bbox 2106 532 3620 604">
    <p class='ocr_par' dir='ltr' id='par_1_18' title="bbox 2106 532 3620 604">
     <span class='ocr_line' id='line_1_18' title="bbox 2106 532 3620 604; baseline -0.001 -17"><span class='ocrx_word' id='word_1_131' title='bbox 2106 535 2161 587; x_wconf 83' lang='grc' dir='ltr'>δὲ</span> <span class='ocrx_word' id='word_1_132' title='bbox 2193 536 2266 604; x_wconf 85' lang='grc' dir='ltr'>μή</span> <span class='ocrx_word' id='word_1_133' title='bbox 2315 551 2433 595; x_wconf 87' lang='grc' dir='ltr'><strong>πως</strong></span> <span class='ocrx_word' id='word_1_134' title='bbox 2462 535 2557 586; x_wconf 77' lang='grc' dir='ltr'><strong>καί</strong></span> <span class='ocrx_word' id='word_1_135' title='bbox 2592 535 2625 603; x_wconf 78' lang='grc' dir='ltr'>ἡ</span> <span class='ocrx_word' id='word_1_136' title='bbox 2661 532 2927 602; x_wconf 76' lang='grc' dir='ltr'><strong>ἐκκλησία</strong></span> <span class='ocrx_word' id='word_1_137' title='bbox 2957 533 3046 586; x_wconf 82' lang='grc' dir='ltr'>διὰ</span> <span class='ocrx_word' id='word_1_138' title='bbox 3077 532 3170 601; x_wconf 72' lang='grc' dir='ltr'>τὴν</span> <span class='ocrx_word' id='word_1_139' title='bbox 3218 533 3513 599; x_wconf 77' lang='grc' dir='ltr'>συγγένειαν</span> <span class='ocrx_word' id='word_1_140' title='bbox 3535 534 3620 602; x_wconf 78' lang='grc' dir='ltr'>τὴν</span> 
     </span>
    </p>
   </div>
   <div class='ocr_carea' id='block_1_19' title="bbox 2106 614 3621 694">
    <p class='ocr_par' dir='ltr' id='par_1_19' title="bbox 2106 614 3621 694">
     <span class='ocr_line' id='line_1_19' title="bbox 2106 614 3621 694; baseline -0.001 -18"><span class='ocrx_word' id='word_1_141' title='bbox 2106 627 2200 677; x_wconf 90' lang='grc' dir='ltr'><strong>τοῦ</strong></span> <span class='ocrx_word' id='word_1_142' title='bbox 2256 626 2433 694; x_wconf 84' lang='grc' dir='ltr'><strong>γάμου</strong></span> <span class='ocrx_word' id='word_1_143' title='bbox 2490 624 2795 693; x_wconf 82' lang='grc' dir='ltr'>ἱερολογίαν</span> <span class='ocrx_word' id='word_1_144' title='bbox 2844 614 3063 692; x_wconf 84' lang='grc' dir='ltr'>κωλύσῃ</span> <span class='ocrx_word' id='word_1_145' title='bbox 3086 639 3101 653; x_wconf 75' lang='grc' dir='ltr'><strong><em>ο</em></strong></span> <span class='ocrx_word' id='word_1_146' title='bbox 3138 622 3310 691; x_wconf 88' lang='grc' dir='ltr'>τρίτον</span> <span class='ocrx_word' id='word_1_147' title='bbox 3350 623 3477 676; x_wconf 83' lang='grc' dir='ltr'><strong>ὅτιὸ</strong></span> <span class='ocrx_word' id='word_1_148' title='bbox 3503 624 3621 694; x_wconf 80' lang='grc' dir='ltr'>ἀνὴρ</span> 
     </span>
    </p>
   </div>
   <div class='ocr_carea' id='block_1_20' title="bbox 2108 710 3623 785">
    <p class='ocr_par' dir='ltr' id='par_1_20' title="bbox 2108 710 3623 785">
     <span class='ocr_line' id='line_1_20' title="bbox 2108 710 3623 785; baseline -0.001 -18"><span class='ocrx_word' id='word_1_149' title='bbox 2108 715 2279 783; x_wconf 75' lang='grc' dir='ltr'>αὐτῆς</span> <span class='ocrx_word' id='word_1_150' title='bbox 2294 711 2362 785; x_wconf 79' lang='grc' dir='ltr'><strong>ἦν</strong></span> <span class='ocrx_word' id='word_1_151' title='bbox 2378 715 2619 785; x_wconf 82' lang='grc' dir='ltr'>Τοῦρκος</span> <span class='ocrx_word' id='word_1_152' title='bbox 2634 728 2649 743; x_wconf 77' lang='grc'><strong>⁸</strong></span> <span class='ocrx_word' id='word_1_153' title='bbox 2666 714 2925 779; x_wconf 84' lang='grc' dir='ltr'>τέταρτον</span> <span class='ocrx_word' id='word_1_154' title='bbox 2949 713 3030 765; x_wconf 83' lang='grc' dir='ltr'>ὅτι</span> <span class='ocrx_word' id='word_1_155' title='bbox 3052 714 3492 783; x_wconf 81' lang='grc' dir='ltr'>πεντηκονταετὴς</span> <span class='ocrx_word' id='word_1_156' title='bbox 3507 710 3623 767; x_wconf 79' lang='grc' dir='ltr'>οὖσα</span> 
     </span>
    </p>
   </div>
   <div class='ocr_carea' id='block_1_21' title="bbox 2106 804 3624 879">
    <p class='ocr_par' dir='ltr' id='par_1_21' title="bbox 2106 804 3624 879">
     <span class='ocr_line' id='line_1_21' title="bbox 2106 804 3624 879; baseline -0.001 -19"><span class='ocrx_word' id='word_1_157' title='bbox 2106 810 2171 877; x_wconf 82' lang='grc' dir='ltr'>τῇ</span> <span class='ocrx_word' id='word_1_158' title='bbox 2209 808 2413 879; x_wconf 73' lang='grc' dir='ltr'>ἡλικίᾳ,</span> <span class='ocrx_word' id='word_1_159' title='bbox 2448 809 2497 860; x_wconf 87' lang='grc' dir='ltr'><strong>εἰ</strong></span> <span class='ocrx_word' id='word_1_160' title='bbox 2524 807 2660 877; x_wconf 80' lang='grc' dir='ltr'>τύχῃ</span> <span class='ocrx_word' id='word_1_161' title='bbox 2692 806 2784 859; x_wconf 82' lang='grc' dir='ltr'>καὶ</span> <span class='ocrx_word' id='word_1_162' title='bbox 2814 804 3153 873; x_wconf 79' lang='grc' dir='ltr'>συλλήψηται</span> <span class='ocrx_word' id='word_1_163' title='bbox 3177 806 3233 857; x_wconf 85' lang='grc' dir='ltr'><strong>ἐν</strong></span> <span class='ocrx_word' id='word_1_164' title='bbox 3260 805 3465 874; x_wconf 77' lang='grc' dir='ltr'>γαστρὶ,</span> <span class='ocrx_word' id='word_1_165' title='bbox 3486 807 3537 859; x_wconf 83' lang='grc' dir='ltr'><strong>ἐν</strong></span> <span class='ocrx_word' id='word_1_166' title='bbox 3560 806 3624 874; x_wconf 81' lang='grc' dir='ltr'><strong>τῷ</strong></span> 
     </span>
    </p>
   </div>
   <div class='ocr_carea' id='block_1_22' title="bbox 2110 898 3627 971">
    <p class='ocr_par' dir='ltr' id='par_1_22' title="bbox 2110 898 3627 971">
     <span class='ocr_line' id='line_1_22' title="bbox 2110 898 3627 971; baseline 0.001 -20"><span class='ocrx_word' id='word_1_167' title='bbox 2110 900 2324 969; x_wconf 83' lang='grc' dir='ltr'>μέλλειν</span> <span class='ocrx_word' id='word_1_168' title='bbox 2354 902 2535 953; x_wconf 75' lang='grc' dir='ltr'>τεκεῖν</span> <span class='ocrx_word' id='word_1_169' title='bbox 2567 898 2912 971; x_wconf 81' lang='grc' dir='ltr'><strong>κινδυνεύσῃ,</strong></span> <span class='ocrx_word' id='word_1_170' title='bbox 2940 899 3016 962; x_wconf 83' lang='grc' dir='ltr'><strong>ὡς</strong></span> <span class='ocrx_word' id='word_1_171' title='bbox 3052 899 3102 952; x_wconf 84' lang='grc' dir='ltr'><strong>οἰ</strong></span> <span class='ocrx_word' id='word_1_172' title='bbox 3151 900 3366 967; x_wconf 67' lang='grc' dir='ltr'>φυσικοὶ</span> <span class='ocrx_word' id='word_1_173' title='bbox 3404 898 3627 966; x_wconf 80' lang='grc' dir='ltr'>λέγουσιν</span> 
     </span>
    </p>
   </div>
   <div class='ocr_carea' id='block_1_23' title="bbox 2104 984 3625 1060">
    <p class='ocr_par' dir='ltr' id='par_1_23' title="bbox 2104 984 3625 1060">
     <span class='ocr_line' id='line_1_23' title="bbox 2104 984 3625 1060; baseline 0 -17"><span class='ocrx_word' id='word_1_174' title='bbox 2104 992 2178 1055; x_wconf 85' lang='grc' dir='ltr'>ὡς</span> <span class='ocrx_word' id='word_1_175' title='bbox 2213 992 2302 1044; x_wconf 77' lang='grc' dir='ltr'><strong>ἐπὶ</strong></span> <span class='ocrx_word' id='word_1_176' title='bbox 2331 993 2391 1044; x_wconf 79' lang='grc' dir='ltr'>τὺ</span> <span class='ocrx_word' id='word_1_177' title='bbox 2420 991 2672 1045; x_wconf 85' lang='grc' dir='ltr'>πλεῖστον</span> <span class='ocrx_word' id='word_1_178' title='bbox 2700 988 3109 1059; x_wconf 74' lang='grc' dir='ltr'>ὲπισυμϐαίνει,</span> <span class='ocrx_word' id='word_1_179' title='bbox 3137 991 3257 1042; x_wconf 76' lang='grc' dir='ltr'>ἐπεὶ</span> <span class='ocrx_word' id='word_1_180' title='bbox 3280 984 3344 1057; x_wconf 79' lang='grc' dir='ltr'><strong>ἦν</strong></span> <span class='ocrx_word' id='word_1_181' title='bbox 3371 992 3541 1060; x_wconf 82' lang='grc' dir='ltr'>στεῖρα</span> <span class='ocrx_word' id='word_1_182' title='bbox 3564 990 3625 1060; x_wconf 81' lang='grc' dir='ltr'>μὴ</span> 
     </span>
    </p>
   </div>
   <div class='ocr_carea' id='block_1_24' title="bbox 2104 1080 3627 1151">
    <p class='ocr_par' dir='ltr' id='par_1_24' title="bbox 2104 1080 3627 1151">
     <span class='ocr_line' id='line_1_24' title="bbox 2104 1080 3627 1151; baseline -0.001 -17"><span class='ocrx_word' id='word_1_183' title='bbox 2104 1082 2340 1136; x_wconf 81' lang='grc' dir='ltr'>τεκοῦσά</span> <span class='ocrx_word' id='word_1_184' title='bbox 2377 1099 2529 1137; x_wconf 86' lang='grc' dir='ltr'>ποτε.</span> <span class='ocrx_word' id='word_1_185' title='bbox 2576 1083 2697 1134; x_wconf 86' lang='grc' dir='ltr'><strong>Τῶν</strong></span> <span class='ocrx_word' id='word_1_186' title='bbox 2750 1084 3032 1151; x_wconf 82' lang='grc' dir='ltr'><strong>τεσσάρων</strong></span> <span class='ocrx_word' id='word_1_187' title='bbox 3076 1080 3171 1133; x_wconf 74' lang='grc' dir='ltr'>οὖν</span> <span class='ocrx_word' id='word_1_188' title='bbox 3218 1080 3416 1134; x_wconf 84' lang='grc' dir='ltr'>τούτων</span> <span class='ocrx_word' id='word_1_189' title='bbox 3462 1082 3627 1135; x_wconf 80' lang='grc' dir='ltr'>αἰτιῶν</span> 
     </span>
    </p>
   </div>
   <div class='ocr_carea' id='block_1_25' title="bbox 2103 1172 3627 1243">
    <p class='ocr_par' dir='ltr' id='par_1_25' title="bbox 2103 1172 3627 1243">
     <span class='ocr_line' id='line_1_25' title="bbox 2103 1172 3627 1243; baseline 0 -17"><span class='ocrx_word' id='word_1_190' title='bbox 2103 1174 2203 1242; x_wconf 80' lang='grc' dir='ltr'><strong>τὴν</strong></span> <span class='ocrx_word' id='word_1_191' title='bbox 2227 1174 2471 1228; x_wconf 84' lang='grc' dir='ltr'>διάλυσιν</span> <span class='ocrx_word' id='word_1_192' title='bbox 2497 1174 2746 1243; x_wconf 82' lang='grc' dir='ltr'>λέξομαι.</span> <span class='ocrx_word' id='word_1_193' title='bbox 2777 1174 3002 1243; x_wconf 86' lang='grc' dir='ltr'>Πρῶτον</span> <span class='ocrx_word' id='word_1_194' title='bbox 3052 1175 3151 1242; x_wconf 74' lang='grc' dir='ltr'>μὲν</span> <span class='ocrx_word' id='word_1_195' title='bbox 3194 1172 3342 1225; x_wconf 80' lang='grc' dir='ltr'>οὐδέν</span> <span class='ocrx_word' id='word_1_196' title='bbox 3371 1174 3506 1224; x_wconf 83' lang='grc' dir='ltr'>ἐστιν</span> <span class='ocrx_word' id='word_1_197' title='bbox 3539 1190 3627 1226; x_wconf 82' lang='grc' dir='ltr'>πα-</span> 
     </span>
    </p>
   </div>
   <div class='ocr_carea' id='block_1_26' title="bbox 2108 1263 3624 1335">
    <p class='ocr_par' dir='ltr' id='par_1_26' title="bbox 2108 1263 3624 1335">
     <span class='ocr_line' id='line_1_26' title="bbox 2108 1263 3624 1335; baseline -0.003 -16"><span class='ocrx_word' id='word_1_198' title='bbox 2108 1264 2330 1335; x_wconf 81' lang='grc' dir='ltr'>ράδοξον</span> <span class='ocrx_word' id='word_1_199' title='bbox 2355 1267 2403 1318; x_wconf 90' lang='grc' dir='ltr'><strong>εἰ</strong></span> <span class='ocrx_word' id='word_1_200' title='bbox 2426 1265 2634 1332; x_wconf 87' lang='grc' dir='ltr'>ταύτην</span> <span class='ocrx_word' id='word_1_201' title='bbox 2661 1264 2832 1334; x_wconf 77' lang='grc' dir='ltr'>λάϐῃς</span> <span class='ocrx_word' id='word_1_202' title='bbox 2861 1266 2940 1327; x_wconf 79' lang='grc' dir='ltr'><strong>είς</strong></span> <span class='ocrx_word' id='word_1_203' title='bbox 2990 1266 3244 1332; x_wconf 87' lang='grc' dir='ltr'>γυναῖκα,</span> <span class='ocrx_word' id='word_1_204' title='bbox 3268 1265 3346 1315; x_wconf 81' lang='grc' dir='ltr'>ὅτι</span> <span class='ocrx_word' id='word_1_205' title='bbox 3375 1263 3624 1324; x_wconf 80' lang='grc' dir='ltr'>ἐλάττονος</span> 
     </span>
    </p>
   </div>
   <div class='ocr_carea' id='block_1_27' title="bbox 2104 1354 3625 1425">
    <p class='ocr_par' dir='ltr' id='par_1_27' title="bbox 2104 1354 3625 1425">
     <span class='ocr_line' id='line_1_27' title="bbox 2104 1354 3625 1425; baseline -0.001 -19"><span class='ocrx_word' id='word_1_206' title='bbox 2104 1356 2295 1421; x_wconf 82' lang='grc' dir='ltr'>γένους</span> <span class='ocrx_word' id='word_1_207' title='bbox 2322 1356 2423 1407; x_wconf 88' lang='grc' dir='ltr'><strong>ούκ</strong></span> <span class='ocrx_word' id='word_1_208' title='bbox 2452 1355 2602 1407; x_wconf 78' lang='grc' dir='ltr'>ἔστιν</span> <span class='ocrx_word' id='word_1_209' title='bbox 2631 1356 2730 1424; x_wconf 81' lang='grc' dir='ltr'>τῆς</span> <span class='ocrx_word' id='word_1_210' title='bbox 2776 1355 2971 1425; x_wconf 90' lang='grc' dir='ltr'>κυρίας</span> <span class='ocrx_word' id='word_1_211' title='bbox 3007 1372 3107 1423; x_wconf 86' lang='grc' dir='ltr'><strong>μου</strong></span> <span class='ocrx_word' id='word_1_212' title='bbox 3148 1356 3243 1407; x_wconf 77' lang='grc' dir='ltr'><strong>καὶ</strong></span> <span class='ocrx_word' id='word_1_213' title='bbox 3292 1354 3519 1421; x_wconf 76' lang='grc' dir='ltr'>ἀοιδίμου</span> <span class='ocrx_word' id='word_1_214' title='bbox 3548 1371 3625 1405; x_wconf 87' lang='grc' dir='ltr'><strong>σου</strong></span> 
     </span>
    </p>
   </div>
   <div class='ocr_carea' id='block_1_28' title="bbox 2108 1443 3628 1516">
    <p class='ocr_par' dir='ltr' id='par_1_28' title="bbox 2108 1443 3628 1516">
     <span class='ocr_line' id='line_1_28' title="bbox 2108 1443 3628 1516; baseline -0.001 -20"><span class='ocrx_word' id='word_1_215' title='bbox 2108 1449 2333 1515; x_wconf 84' lang='grc' dir='ltr'>μητρός.</span> <span class='ocrx_word' id='word_1_216' title='bbox 2368 1446 2651 1516; x_wconf 83' lang='grc' dir='ltr'>Δεύτερον,</span> <span class='ocrx_word' id='word_1_217' title='bbox 2683 1448 2732 1498; x_wconf 89' lang='grc' dir='ltr'><strong>εἰ</strong></span> <span class='ocrx_word' id='word_1_218' title='bbox 2770 1448 2865 1498; x_wconf 78' lang='grc' dir='ltr'>καὶ</span> <span class='ocrx_word' id='word_1_219' title='bbox 2906 1447 2969 1499; x_wconf 73' lang='grc' dir='ltr'>τὸ</span> <span class='ocrx_word' id='word_1_220' title='bbox 3006 1446 3341 1499; x_wconf 75' lang='grc' dir='ltr'>συνοικέσιον</span> <span class='ocrx_word' id='word_1_221' title='bbox 3386 1445 3512 1513; x_wconf 84' lang='grc' dir='ltr'>μετὰ</span> <span class='ocrx_word' id='word_1_222' title='bbox 3546 1443 3628 1511; x_wconf 80' lang='grc' dir='ltr'>τῆς</span> 
     </span>
    </p>
   </div>
   <div class='ocr_carea' id='block_1_29' title="bbox 2103 1533 3629 1607">
    <p class='ocr_par' dir='ltr' id='par_1_29' title="bbox 2103 1533 3629 1607">
     <span class='ocr_line' id='line_1_29' title="bbox 2103 1533 3629 1607; baseline -0.005 -16"><span class='ocrx_word' id='word_1_223' title='bbox 2103 1538 2195 1591; x_wconf 86' lang='grc' dir='ltr'><strong>τοῦ</strong></span> <span class='ocrx_word' id='word_1_224' title='bbox 2220 1536 2638 1607; x_wconf 78' lang='grc' dir='ltr'>Τραπεζοῦντος</span> <span class='ocrx_word' id='word_1_225' title='bbox 2678 1536 2941 1605; x_wconf 77' lang='grc' dir='ltr'>βασιλέως</span> <span class='ocrx_word' id='word_1_226' title='bbox 2978 1536 3252 1604; x_wconf 77' lang='grc' dir='ltr'>Θυγατρδς</span> <span class='ocrx_word' id='word_1_227' title='bbox 3288 1536 3516 1603; x_wconf 79' lang='grc' dir='ltr'>γένηται,</span> <span class='ocrx_word' id='word_1_228' title='bbox 3535 1533 3629 1585; x_wconf 78' lang='grc' dir='ltr'>ἐνε-</span> 
     </span>
    </p>
   </div>
   <div class='ocr_carea' id='block_1_30' title="bbox 438 1624 3627 1700">
    <p class='ocr_par' dir='ltr' id='par_1_30' title="bbox 438 1624 3627 1700">
     <span class='ocr_line' id='line_1_30' title="bbox 438 1624 3627 1700; baseline -0.001 -21"><span class='ocrx_word' id='word_1_229' title='bbox 438 1629 584 1697; x_wconf 77' lang='grc' dir='ltr'>δώσῃ</span> <span class='ocrx_word' id='word_1_230' title='bbox 617 1630 693 1694; x_wconf 80' lang='grc' dir='ltr'>τῷ</span> <span class='ocrx_word' id='word_1_231' title='bbox 748 1625 958 1694; x_wconf 79' lang='grc' dir='ltr'>βασιλεῖ</span> <span class='ocrx_word' id='word_1_232' title='bbox 991 1626 1047 1678; x_wconf 83' lang='grc' dir='ltr'><strong>ἐν</strong></span> <span class='ocrx_word' id='word_1_233' title='bbox 1094 1625 1171 1695; x_wconf 83' lang='grc' dir='ltr'>τῷ</span> <span class='ocrx_word' id='word_1_234' title='bbox 1216 1628 1596 1695; x_wconf 77' lang='grc' dir='ltr'>προσκυνῆσαι</span> <span class='ocrx_word' id='word_1_235' title='bbox 1649 1626 1833 1691; x_wconf 80' lang='grc' dir='ltr'>αὑτὸν,</span> <span class='ocrx_word' id='word_1_236' title='bbox 1862 1626 2000 1694; x_wconf 73' lang='grc' dir='ltr'>ἔφην</span> <span class='ocrx_word' id='word_1_237' title='bbox 2037 1699 2045 1700; x_wconf 17' lang='lat'><em>7</em></span> <span class='ocrx_word' id='word_1_238' title='bbox 2106 1651 2200 1685; x_wconf 84' lang='grc' dir='ltr'><strong>κεν</strong></span> <span class='ocrx_word' id='word_1_239' title='bbox 2226 1633 2323 1700; x_wconf 82' lang='grc' dir='ltr'>τῆς</span> <span class='ocrx_word' id='word_1_240' title='bbox 2358 1632 2677 1699; x_wconf 75' lang='grc' dir='ltr'>συγγενείας</span> <span class='ocrx_word' id='word_1_241' title='bbox 2701 1628 2863 1698; x_wconf 73' lang='lat'><strong>215</strong></span> <span class='ocrx_word' id='word_1_242' title='bbox 2894 1629 3195 1697; x_wconf 76' lang='grc' dir='ltr'>ἐλπίζομεν</span> <span class='ocrx_word' id='word_1_243' title='bbox 3251 1624 3627 1694; x_wconf 68' lang='grc' dir='ltr'>συγχωρηθῆναι</span> 
     </span>
    </p>
   </div>
   <div class='ocr_carea' id='block_1_31' title="bbox 436 1699 3625 1794">
    <p class='ocr_par' dir='ltr' id='par_1_31' title="bbox 436 1699 3625 1794">
     <span class='ocr_line' id='line_1_31' title="bbox 436 1699 3625 1794; baseline -0.003 -21"><span class='ocrx_word' id='word_1_244' title='bbox 436 1718 606 1787; x_wconf 79' lang='grc' dir='ltr'>αὐτῷ,</span> <span class='ocrx_word' id='word_1_245' title='bbox 656 1716 751 1770; x_wconf 70' lang='grc' dir='ltr'><strong>καὶ</strong></span> <span class='ocrx_word' id='word_1_246' title='bbox 802 1716 891 1768; x_wconf 74' lang='grc' dir='ltr'><strong>διὰ</strong></span> <span class='ocrx_word' id='word_1_247' title='bbox 927 1717 1219 1785; x_wconf 76' lang='grc' dir='ltr'>στόματοςν</span> <span class='ocrx_word' id='word_1_248' title='bbox 1245 1718 1331 1770; x_wconf 70' lang='grc' dir='ltr'><strong>ἰνα</strong></span> <span class='ocrx_word' id='word_1_249' title='bbox 1364 1718 1434 1770; x_wconf 68' lang='grc' dir='ltr'>τὰ</span> <span class='ocrx_word' id='word_1_250' title='bbox 1464 1718 1589 1771; x_wconf 74' lang='grc' dir='ltr'>καθ’</span> <span class='ocrx_word' id='word_1_251' title='bbox 1638 1720 1784 1787; x_wconf 77' lang='grc' dir='ltr'>ἡμᾶς</span> <span class='ocrx_word' id='word_1_252' title='bbox 1822 1718 1997 1770; x_wconf 70' lang='grc' dir='ltr'>πάντα</span> <span class='ocrx_word' id='word_1_253' title='bbox 2033 1699 2072 1750; x_wconf 75' lang='grc' dir='ltr'><strong>Β</strong></span> <span class='ocrx_word' id='word_1_254' title='bbox 2102 1726 2257 1778; x_wconf 86' lang='grc' dir='ltr'>τοῦτο</span> <span class='ocrx_word' id='word_1_255' title='bbox 2285 1699 2442 1794; x_wconf 81' lang='grc' dir='ltr'>παρὰ</span> <span class='ocrx_word' id='word_1_256' title='bbox 2472 1725 2571 1791; x_wconf 84' lang='grc' dir='ltr'><strong>τῆς</strong></span> <span class='ocrx_word' id='word_1_257' title='bbox 2621 1722 2938 1791; x_wconf 73' lang='grc' dir='ltr'>ἐκκλησίας,</span> <span class='ocrx_word' id='word_1_258' title='bbox 2965 1724 3013 1772; x_wconf 90' lang='grc' dir='ltr'><strong>εἰ</strong></span> <span class='ocrx_word' id='word_1_259' title='bbox 3064 1722 3143 1780; x_wconf 83' lang='grc' dir='ltr'><strong>εἰς</strong></span> <span class='ocrx_word' id='word_1_260' title='bbox 3180 1719 3421 1788; x_wconf 74' lang='grc' dir='ltr'>πτωχοὺς</span> <span class='ocrx_word' id='word_1_261' title='bbox 3449 1720 3533 1770; x_wconf 68' lang='grc' dir='ltr'><strong>καὶ</strong></span> <span class='ocrx_word' id='word_1_262' title='bbox 3552 1716 3625 1783; x_wconf 80' lang='grc' dir='ltr'><strong>ὁρ-</strong></span> 
     </span>
    </p>
   </div>
   <div class='ocr_carea' id='block_1_32' title="bbox 435 1807 3625 1887">
    <p class='ocr_par' dir='ltr' id='par_1_32' title="bbox 435 1807 3625 1887">
     <span class='ocr_line' id='line_1_32' title="bbox 435 1807 3625 1887; baseline -0.006 -11"><span class='ocrx_word' id='word_1_263' title='bbox 435 1813 683 1881; x_wconf 77' lang='grc' dir='ltr'>ἀναφέρῃ</span> <span class='ocrx_word' id='word_1_264' title='bbox 740 1811 826 1863; x_wconf 72' lang='grc' dir='ltr'><strong>διὰ</strong></span> <span class='ocrx_word' id='word_1_265' title='bbox 874 1809 1053 1876; x_wconf 79' lang='grc' dir='ltr'>ζώσης</span> <span class='ocrx_word' id='word_1_266' title='bbox 1108 1812 1315 1878; x_wconf 66' lang='grc' dir='ltr'>φωνῆς,</span> <span class='ocrx_word' id='word_1_267' title='bbox 1342 1812 1438 1880; x_wconf 73' lang='grc' dir='ltr'><strong>τὴν</strong></span> <span class='ocrx_word' id='word_1_268' title='bbox 1469 1810 1524 1863; x_wconf 76' lang='grc' dir='ltr'>δὲ</span> <span class='ocrx_word' id='word_1_269' title='bbox 1558 1812 1753 1879; x_wconf 77' lang='grc' dir='ltr'>ἑτέραν</span> <span class='ocrx_word' id='word_1_270' title='bbox 1783 1813 1998 1882; x_wconf 76' lang='grc' dir='ltr'>γραφὴν</span> <span class='ocrx_word' id='word_1_271' title='bbox 2102 1819 2303 1887; x_wconf 77' lang='grc' dir='ltr'>φανοὺς</span> <span class='ocrx_word' id='word_1_272' title='bbox 2332 1816 2426 1868; x_wconf 79' lang='grc' dir='ltr'>καὶ</span> <span class='ocrx_word' id='word_1_273' title='bbox 2457 1815 2759 1885; x_wconf 78' lang='grc' dir='ltr'>ἐκκλησίας</span> <span class='ocrx_word' id='word_1_274' title='bbox 2789 1814 3046 1883; x_wconf 81' lang='grc' dir='ltr'>χρήματα</span> <span class='ocrx_word' id='word_1_275' title='bbox 3076 1812 3415 1880; x_wconf 83' lang='grc' dir='ltr'>δοθήσονται.</span> <span class='ocrx_word' id='word_1_276' title='bbox 3457 1807 3625 1869; x_wconf 84' lang='grc' dir='ltr'>Τοσοῦ-</span> 
     </span>
    </p>
   </div>
   <div class='ocr_carea' id='block_1_33' title="bbox 435 1900 1996 1974">
    <p class='ocr_par' dir='ltr' id='par_1_33' title="bbox 435 1900 1996 1974">
     <span class='ocr_line' id='line_1_33' title="bbox 435 1900 1996 1974; baseline 0 -17"><span class='ocrx_word' id='word_1_277' title='bbox 435 1905 527 1957; x_wconf 75' lang='grc' dir='ltr'><strong>ἐπὶ</strong></span> <span class='ocrx_word' id='word_1_278' title='bbox 556 1903 655 1973; x_wconf 85' lang='grc' dir='ltr'><strong>τὴν</strong></span> <span class='ocrx_word' id='word_1_279' title='bbox 690 1901 880 1969; x_wconf 77' lang='grc' dir='ltr'>αῠριον</span> <span class='ocrx_word' id='word_1_280' title='bbox 906 1901 982 1969; x_wconf 85' lang='grc' dir='ltr'><strong>τῷ</strong></span> <span class='ocrx_word' id='word_1_281' title='bbox 1017 1902 1224 1971; x_wconf 83' lang='grc' dir='ltr'>βασιλεῖ</span> <span class='ocrx_word' id='word_1_282' title='bbox 1251 1902 1409 1965; x_wconf 75' lang='grc' dir='ltr'>αὖθις</span> <span class='ocrx_word' id='word_1_283' title='bbox 1437 1903 1604 1973; x_wconf 84' lang='grc' dir='ltr'>δώσῃ.</span> <span class='ocrx_word' id='word_1_284' title='bbox 1632 1900 1755 1974; x_wconf 77' lang='grc' dir='ltr'>Εἶχε</span> <span class='ocrx_word' id='word_1_285' title='bbox 1802 1905 1858 1957; x_wconf 82' lang='grc' dir='ltr'>δὲ</span> <span class='ocrx_word' id='word_1_286' title='bbox 1904 1902 1996 1957; x_wconf 73' lang='grc' dir='ltr'>οὗ·</span> 
     </span>
    </p>
   </div>
   <div class='ocr_carea' id='block_1_34' title="bbox 436 1991 1997 2063">
    <p class='ocr_par' dir='ltr' id='par_1_34' title="bbox 436 1991 1997 2063">
     <span class='ocr_line' id='line_1_34' title="bbox 436 1991 1997 2063; baseline -0.001 -17"><span class='ocrx_word' id='word_1_287' title='bbox 436 1996 604 2063; x_wconf 87' lang='grc' dir='ltr'>τωςή</span> <span class='ocrx_word' id='word_1_288' title='bbox 643 1994 852 2061; x_wconf 76' lang='grc' dir='ltr'>γραφήο</span> <span class='ocrx_word' id='word_1_289' title='bbox 891 2010 909 2041; x_wconf 79' lang='grc' dir='ltr'><strong>ι</strong></span> <span class='ocrx_word' id='word_1_290' title='bbox 966 1991 1107 2058; x_wconf 87' lang='grc' dir='ltr'><strong>Ἐγὼ</strong></span> <span class='ocrx_word' id='word_1_291' title='bbox 1156 1994 1214 2045; x_wconf 82' lang='grc' dir='ltr'>ἐν</span> <span class='ocrx_word' id='word_1_292' title='bbox 1264 1992 1341 2061; x_wconf 81' lang='grc' dir='ltr'>τῷ</span> <span class='ocrx_word' id='word_1_293' title='bbox 1388 1992 1739 2061; x_wconf 76' lang='grc' dir='ltr'>ἀποσωθῆναί</span> <span class='ocrx_word' id='word_1_294' title='bbox 1794 2012 1860 2062; x_wconf 91' lang='grc' dir='ltr'><strong>με</strong></span> <span class='ocrx_word' id='word_1_295' title='bbox 1915 1996 1997 2057; x_wconf 88' lang='grc' dir='ltr'><strong>εἰς</strong></span> 
     </span>
    </p>
   </div>
   <div class='ocr_carea' id='block_1_35' title="bbox 437 2082 1995 2156">
    <p class='ocr_par' dir='ltr' id='par_1_35' title="bbox 437 2082 1995 2156">
     <span class='ocr_line' id='line_1_35' title="bbox 437 2082 1995 2156; baseline -0.003 -15"><span class='ocrx_word' id='word_1_296' title='bbox 437 2085 830 2156; x_wconf 77' lang='grc' dir='ltr'>Τραπεζοῦντα</span> <span class='ocrx_word' id='word_1_297' title='bbox 861 2082 1063 2151; x_wconf 74' lang='grc' dir='ltr'>ἔμαθον</span> <span class='ocrx_word' id='word_1_298' title='bbox 1088 2084 1155 2135; x_wconf 84' lang='grc' dir='ltr'>τὰ</span> <span class='ocrx_word' id='word_1_299' title='bbox 1184 2085 1307 2153; x_wconf 74' lang='grc' dir='ltr'>περὶ</span> <span class='ocrx_word' id='word_1_300' title='bbox 1333 2083 1427 2136; x_wconf 89' lang='grc' dir='ltr'><strong>τοῦ</strong></span> <span class='ocrx_word' id='word_1_301' title='bbox 1460 2084 1691 2138; x_wconf 78' lang='grc' dir='ltr'>Θανάτου</span> <span class='ocrx_word' id='word_1_302' title='bbox 1720 2084 1882 2155; x_wconf 60' lang='grc'><strong>214</strong></span> <span class='ocrx_word' id='word_1_303' title='bbox 1904 2085 1995 2137; x_wconf 87' lang='grc' dir='ltr'><strong>τοῦ</strong></span> 
     </span>
    </p>
   </div>
   <div class='ocr_carea' id='block_1_36' title="bbox 436 2172 1998 2246">
    <p class='ocr_par' dir='ltr' id='par_1_36' title="bbox 436 2172 1998 2246">
     <span class='ocr_line' id='line_1_36' title="bbox 436 2172 1998 2246; baseline -0.002 -15"><span class='ocrx_word' id='word_1_304' title='bbox 436 2177 631 2246; x_wconf 71' lang='grc' dir='ltr'>ἀμηρᾶ</span> <span class='ocrx_word' id='word_1_305' title='bbox 655 2177 805 2243; x_wconf 78' lang='grc' dir='ltr'>παρὰ</span> <span class='ocrx_word' id='word_1_306' title='bbox 833 2172 926 2226; x_wconf 86' lang='grc' dir='ltr'><strong>τοῦ</strong></span> <span class='ocrx_word' id='word_1_307' title='bbox 962 2172 1227 2241; x_wconf 85' lang='grc' dir='ltr'>βασιλέως</span> <span class='ocrx_word' id='word_1_308' title='bbox 1257 2175 1514 2238; x_wconf 85' lang='grc' dir='ltr'>ἐνταῦθα,</span> <span class='ocrx_word' id='word_1_309' title='bbox 1538 2176 1633 2229; x_wconf 71' lang='grc' dir='ltr'><strong>καὶ</strong></span> <span class='ocrx_word' id='word_1_310' title='bbox 1658 2177 1774 2238; x_wconf 86' lang='grc' dir='ltr'><strong>πῶς</strong></span> <span class='ocrx_word' id='word_1_311' title='bbox 1797 2178 1829 2244; x_wconf 73' lang='grc' dir='ltr'>ἡ</span> <span class='ocrx_word' id='word_1_312' title='bbox 1854 2177 1998 2244; x_wconf 84' lang='grc' dir='ltr'><strong>ἀμή-</strong></span> 
     </span>
    </p>
   </div>
   <div class='ocr_carea' id='block_1_37' title="bbox 441 2267 1999 2349">
    <p class='ocr_par' dir='ltr' id='par_1_37' title="bbox 441 2267 1999 2349">
     <span class='ocr_line' id='line_1_37' title="bbox 441 2267 1999 2349; baseline 0.001 -26"><span class='ocrx_word' id='word_1_313' title='bbox 441 2288 601 2341; x_wconf 76' lang='grc' dir='ltr'>ρεσσα</span> <span class='ocrx_word' id='word_1_314' title='bbox 629 2271 661 2328; x_wconf 80' lang='grc' dir='ltr'><strong>Ι)</strong></span> <span class='ocrx_word' id='word_1_315' title='bbox 698 2269 887 2321; x_wconf 87' lang='grc' dir='ltr'>τούτου</span> <span class='ocrx_word' id='word_1_316' title='bbox 927 2267 1192 2335; x_wconf 70' lang='grc' dir='ltr'>ἐξαδέλφη</span> <span class='ocrx_word' id='word_1_317' title='bbox 1227 2269 1631 2339; x_wconf 74' lang='grc' dir='ltr'>ἐπανέστρεψεν</span> <span class='ocrx_word' id='word_1_318' title='bbox 1666 2272 1745 2333; x_wconf 83' lang='grc' dir='ltr'><strong>εἰς</strong></span> <span class='ocrx_word' id='word_1_319' title='bbox 1776 2270 1875 2340; x_wconf 83' lang='grc' dir='ltr'>τὴν</span> <span class='ocrx_word' id='word_1_320' title='bbox 1898 2289 1999 2349; x_wconf 78' lang='grc' dir='ltr'>πα-</span> 
     </span>
    </p>
   </div>
   <div class='ocr_carea' id='block_1_38' title="bbox 434 2360 1992 2433">
    <p class='ocr_par' dir='ltr' id='par_1_38' title="bbox 434 2360 1992 2433">
     <span class='ocr_line' id='line_1_38' title="bbox 434 2360 1992 2433; baseline -0.001 -16"><span class='ocrx_word' id='word_1_321' title='bbox 434 2364 589 2433; x_wconf 80' lang='grc' dir='ltr'>τρίδα</span> <span class='ocrx_word' id='word_1_322' title='bbox 624 2362 792 2431; x_wconf 78' lang='grc' dir='ltr'>αὐτῆς</span> <span class='ocrx_word' id='word_1_323' title='bbox 838 2360 975 2430; x_wconf 75' lang='grc' dir='ltr'>πρὸς</span> <span class='ocrx_word' id='word_1_324' title='bbox 1006 2360 1136 2421; x_wconf 76' lang='grc' dir='ltr'>τοὺς</span> <span class='ocrx_word' id='word_1_325' title='bbox 1177 2363 1355 2424; x_wconf 85' lang='grc' dir='ltr'>γονεῖς</span> <span class='ocrx_word' id='word_1_326' title='bbox 1399 2362 1633 2430; x_wconf 76' lang='grc' dir='ltr'>ἐντίμως</span> <span class='ocrx_word' id='word_1_327' title='bbox 1667 2362 1761 2415; x_wconf 72' lang='grc' dir='ltr'>καὶ</span> <span class='ocrx_word' id='word_1_328' title='bbox 1794 2361 1992 2423; x_wconf 86' lang='grc' dir='ltr'>καλῶς.</span> 
     </span>
    </p>
   </div>
   <div class='ocr_carea' id='block_1_39' title="bbox 445 2452 1996 2525">
    <p class='ocr_par' dir='ltr' id='par_1_39' title="bbox 445 2452 1996 2525">
     <span class='ocr_line' id='line_1_39' title="bbox 445 2452 1996 2525; baseline -0.003 -17"><span class='ocrx_word' id='word_1_329' title='bbox 445 2459 532 2518; x_wconf 86' lang='grc' dir='ltr'>Ὠς</span> <span class='ocrx_word' id='word_1_330' title='bbox 562 2457 767 2525; x_wconf 75' lang='grc' dir='ltr'>ἤκουσα</span> <span class='ocrx_word' id='word_1_331' title='bbox 806 2453 884 2515; x_wconf 84' lang='grc' dir='ltr'><strong>δὲ,</strong></span> <span class='ocrx_word' id='word_1_332' title='bbox 931 2452 1367 2521; x_wconf 78' lang='grc' dir='ltr'>ἐσυλλογισάμην</span> <span class='ocrx_word' id='word_1_333' title='bbox 1413 2454 1554 2506; x_wconf 79' lang='grc' dir='ltr'>κατὰ</span> <span class='ocrx_word' id='word_1_334' title='bbox 1588 2454 1679 2505; x_wconf 77' lang='grc' dir='ltr'><strong>τὸν</strong></span> <span class='ocrx_word' id='word_1_335' title='bbox 1708 2454 1838 2524; x_wconf 74' lang='grc' dir='ltr'>ἐμὸν</span> <span class='ocrx_word' id='word_1_336' title='bbox 1867 2472 1996 2508; x_wconf 87' lang='grc' dir='ltr'>σκο-</span> 
     </span>
    </p>
   </div>
   <div class='ocr_carea' id='block_1_40' title="bbox 436 2542 1992 2614">
    <p class='ocr_par' dir='ltr' id='par_1_40' title="bbox 436 2542 1992 2614">
     <span class='ocr_line' id='line_1_40' title="bbox 436 2542 1992 2614; baseline 0 -15"><span class='ocrx_word' id='word_1_337' title='bbox 436 2548 534 2598; x_wconf 67' lang='grc' dir='ltr'>πὸν</span> <span class='ocrx_word' id='word_1_338' title='bbox 578 2548 672 2597; x_wconf 73' lang='grc' dir='ltr'><strong>καὶ</strong></span> <span class='ocrx_word' id='word_1_339' title='bbox 719 2544 778 2597; x_wconf 82' lang='grc' dir='ltr'><strong>τὸ</strong></span> <span class='ocrx_word' id='word_1_340' title='bbox 818 2542 1009 2596; x_wconf 85' lang='grc' dir='ltr'>δοκοῦν</span> <span class='ocrx_word' id='word_1_341' title='bbox 1046 2561 1134 2610; x_wconf 93' lang='grc' dir='ltr'><strong>μοι</strong></span> <span class='ocrx_word' id='word_1_342' title='bbox 1166 2542 1520 2611; x_wconf 80' lang='grc' dir='ltr'>δηλοποιῆσαι</span> <span class='ocrx_word' id='word_1_343' title='bbox 1548 2545 1623 2612; x_wconf 83' lang='grc' dir='ltr'><strong>τῷ</strong></span> <span class='ocrx_word' id='word_1_344' title='bbox 1654 2546 1843 2614; x_wconf 71' lang='grc' dir='ltr'>κράτει</span> <span class='ocrx_word' id='word_1_345' title='bbox 1875 2564 1992 2608; x_wconf 71' lang='grc' dir='ltr'>σου,</span> 
     </span>
    </p>
   </div>
   <div class='ocr_carea' id='block_1_41' title="bbox 433 2626 1990 2703">
    <p class='ocr_par' dir='ltr' id='par_1_41' title="bbox 433 2626 1990 2703">
     <span class='ocr_line' id='line_1_41' title="bbox 433 2626 1990 2703; baseline -0.001 -12"><span class='ocrx_word' id='word_1_346' title='bbox 433 2640 517 2691; x_wconf 82' lang='grc' dir='ltr'><strong>ὅτι</strong></span> <span class='ocrx_word' id='word_1_347' title='bbox 551 2637 661 2690; x_wconf 85' lang='grc' dir='ltr'><strong>τῶν</strong></span> <span class='ocrx_word' id='word_1_348' title='bbox 696 2636 789 2688; x_wconf 82' lang='grc' dir='ltr'><strong>δύο</strong></span> <span class='ocrx_word' id='word_1_349' title='bbox 821 2635 1202 2697; x_wconf 79' lang='grc' dir='ltr'>συνοικεσίων,</span> <span class='ocrx_word' id='word_1_350' title='bbox 1230 2635 1355 2703; x_wconf 66' lang='grc' dir='ltr'>περὶ</span> <span class='ocrx_word' id='word_1_351' title='bbox 1381 2626 1456 2688; x_wconf 82' lang='grc' dir='ltr'><strong>ὧν</strong></span> <span class='ocrx_word' id='word_1_352' title='bbox 1494 2636 1682 2688; x_wconf 78' lang='grc' dir='ltr'>ἐνθάδε</span> <span class='ocrx_word' id='word_1_353' title='bbox 1736 2638 1990 2702; x_wconf 69' lang='grc' dir='ltr'>ἐλήλυθα,</span> 
     </span>
    </p>
   </div>
   <div class='ocr_carea' id='block_1_42' title="bbox 433 2726 1993 2800">
    <p class='ocr_par' dir='ltr' id='par_1_42' title="bbox 433 2726 1993 2800">
     <span class='ocr_line' id='line_1_42' title="bbox 433 2726 1993 2800; baseline -0.001 -18"><span class='ocrx_word' id='word_1_354' title='bbox 433 2728 859 2799; x_wconf 81' lang='grc' dir='ltr'>συμφερώτερον</span> <span class='ocrx_word' id='word_1_355' title='bbox 879 2729 944 2797; x_wconf 81' lang='grc' dir='ltr'>τῇ</span> <span class='ocrx_word' id='word_1_356' title='bbox 971 2726 1215 2797; x_wconf 81' lang='grc' dir='ltr'>βασιλείᾳ</span> <span class='ocrx_word' id='word_1_357' title='bbox 1245 2743 1337 2777; x_wconf 89' lang='grc' dir='ltr'><strong>σου</strong></span> <span class='ocrx_word' id='word_1_358' title='bbox 1364 2726 1535 2779; x_wconf 78' lang='grc' dir='ltr'>ἔσεται</span> <span class='ocrx_word' id='word_1_359' title='bbox 1560 2728 1652 2779; x_wconf 83' lang='grc' dir='ltr'>καὶ</span> <span class='ocrx_word' id='word_1_360' title='bbox 1672 2728 1789 2780; x_wconf 90' lang='grc' dir='ltr'>λίαν</span> <span class='ocrx_word' id='word_1_361' title='bbox 1812 2732 1993 2800; x_wconf 80' lang='grc' dir='ltr'>κρεῖτ-</span> 
     </span>
    </p>
   </div>
   <div class='ocr_carea' id='block_1_43' title="bbox 430 2816 1992 2886">
    <p class='ocr_par' dir='ltr' id='par_1_43' title="bbox 430 2816 1992 2886">
     <span class='ocr_line' id='line_1_43' title="bbox 430 2816 1992 2886; baseline 0 -14"><span class='ocrx_word' id='word_1_362' title='bbox 430 2837 522 2873; x_wconf 85' lang='grc' dir='ltr'><strong>τον</strong></span> <span class='ocrx_word' id='word_1_363' title='bbox 552 2820 644 2871; x_wconf 77' lang='grc' dir='ltr'><strong>καί</strong></span> <span class='ocrx_word' id='word_1_364' title='bbox 678 2818 952 2886; x_wconf 79' lang='grc' dir='ltr'>ὠφέλιμον</span> <span class='ocrx_word' id='word_1_365' title='bbox 980 2818 1061 2879; x_wconf 88' lang='grc' dir='ltr'><strong>είς</strong></span> <span class='ocrx_word' id='word_1_366' title='bbox 1105 2816 1282 2869; x_wconf 85' lang='grc' dir='ltr'>πάντα</span> <span class='ocrx_word' id='word_1_367' title='bbox 1332 2816 1421 2869; x_wconf 80' lang='grc' dir='ltr'><strong>διὰ</strong></span> <span class='ocrx_word' id='word_1_368' title='bbox 1478 2818 1678 2881; x_wconf 73' lang='grc' dir='ltr'>πολλὰς</span> <span class='ocrx_word' id='word_1_369' title='bbox 1714 2820 1915 2880; x_wconf 78' lang='grc' dir='ltr'>αἰτίας,</span> <span class='ocrx_word' id='word_1_370' title='bbox 1942 2821 1992 2872; x_wconf 88' lang='grc' dir='ltr'><strong>εἰ</strong></span> 
     </span>
    </p>
   </div>
   <div class='ocr_carea' id='block_1_44' title="bbox 431 2908 1991 2981">
    <p class='ocr_par' dir='ltr' id='par_1_44' title="bbox 431 2908 1991 2981">
     <span class='ocr_line' id='line_1_44' title="bbox 431 2908 1991 2981; baseline -0.003 -18"><span class='ocrx_word' id='word_1_371' title='bbox 431 2911 657 2981; x_wconf 65' lang='grc' dir='ltr'>ἀρεστόν</span> <span class='ocrx_word' id='word_1_372' title='bbox 687 2912 803 2962; x_wconf 86' lang='grc' dir='ltr'>ἐστι</span> <span class='ocrx_word' id='word_1_373' title='bbox 828 2908 903 2979; x_wconf 83' lang='grc' dir='ltr'>τῷ</span> <span class='ocrx_word' id='word_1_374' title='bbox 933 2908 1122 2978; x_wconf 79' lang='grc' dir='ltr'>κράτει</span> <span class='ocrx_word' id='word_1_375' title='bbox 1150 2925 1243 2960; x_wconf 91' lang='grc' dir='ltr'><strong>σου</strong></span> <span class='ocrx_word' id='word_1_376' title='bbox 1270 2908 1495 2977; x_wconf 81' lang='grc' dir='ltr'>ποιῆσαι</span> <span class='ocrx_word' id='word_1_377' title='bbox 1517 2910 1717 2977; x_wconf 86' lang='grc' dir='ltr'>τρόπον</span> <span class='ocrx_word' id='word_1_378' title='bbox 1741 2909 1834 2961; x_wconf 71' lang='grc' dir='ltr'>καὶ</span> <span class='ocrx_word' id='word_1_379' title='bbox 1858 2909 1991 2961; x_wconf 82' lang='grc' dir='ltr'><strong>ἀνα-</strong></span> 
     </span>
    </p>
   </div>
   <div class='ocr_carea' id='block_1_45' title="bbox 2098 1900 3625 1978">
    <p class='ocr_par' dir='ltr' id='par_1_45' title="bbox 2098 1900 3625 1978">
     <span class='ocr_line' id='line_1_45' title="bbox 2098 1900 3625 1978; baseline -0.008 -14"><span class='ocrx_word' id='word_1_380' title='bbox 2098 1928 2190 1964; x_wconf 88' lang='grc' dir='ltr'><strong>τον</strong></span> <span class='ocrx_word' id='word_1_381' title='bbox 2243 1910 2444 1978; x_wconf 83' lang='grc' dir='ltr'>μᾶλλον</span> <span class='ocrx_word' id='word_1_382' title='bbox 2491 1907 2921 1977; x_wconf 76' lang='grc' dir='ltr'>εὐσκοπωτέρως</span> <span class='ocrx_word' id='word_1_383' title='bbox 2956 1904 3439 1975; x_wconf 83' lang='grc' dir='ltr'>συγχωρηθήσεται</span> <span class='ocrx_word' id='word_1_384' title='bbox 3475 1902 3556 1954; x_wconf 77' lang='grc' dir='ltr'>καὶ</span> <span class='ocrx_word' id='word_1_385' title='bbox 3578 1900 3625 1951; x_wconf 71' lang='grc' dir='ltr'>τὺ</span> 
     </span>
    </p>
   </div>
   <div class='ocr_carea' id='block_1_46' title="bbox 2099 1986 3627 2071">
    <p class='ocr_par' dir='ltr' id='par_1_46' title="bbox 2099 1986 3627 2071">
     <span class='ocr_line' id='line_1_46' title="bbox 2099 1986 3627 2071; baseline -0.001 -14"><span class='ocrx_word' id='word_1_386' title='bbox 2099 2004 2197 2071; x_wconf 82' lang='grc' dir='ltr'>τῆς</span> <span class='ocrx_word' id='word_1_387' title='bbox 2222 2005 2316 2062; x_wconf 76' lang='grc' dir='ltr'><strong>τοῦ</strong></span> <span class='ocrx_word' id='word_1_388' title='bbox 2344 1986 2606 2056; x_wconf 78' lang='grc' dir='ltr'>δεσπότου</span> <span class='ocrx_word' id='word_1_389' title='bbox 2640 2001 2704 2051; x_wconf 84' lang='grc' dir='ltr'>Σε</span> <span class='ocrx_word' id='word_1_390' title='bbox 2716 1998 2872 2071; x_wconf 79' lang='grc' dir='ltr'>ρὸίας</span> <span class='ocrx_word' id='word_1_391' title='bbox 2903 1997 3201 2065; x_wconf 78' lang='grc' dir='ltr'>θυγατρὸς,</span> <span class='ocrx_word' id='word_1_392' title='bbox 3227 1996 3367 2064; x_wconf 71' lang='grc' dir='ltr'>λέγω</span> <span class='ocrx_word' id='word_1_393' title='bbox 3393 1995 3483 2063; x_wconf 80' lang='grc' dir='ltr'><strong>τῆς</strong></span> <span class='ocrx_word' id='word_1_394' title='bbox 3506 1994 3627 2061; x_wconf 78' lang='grc' dir='ltr'>εἰρη-</span> 
     </span>
    </p>
   </div>
   <div class='ocr_carea' id='block_1_47' title="bbox 2102 2083 3623 2163">
    <p class='ocr_par' dir='ltr' id='par_1_47' title="bbox 2102 2083 3623 2163">
     <span class='ocr_line' id='line_1_47' title="bbox 2102 2083 3623 2163; baseline -0.009 -15"><span class='ocrx_word' id='word_1_395' title='bbox 2102 2096 2270 2163; x_wconf 80' lang='grc' dir='ltr'>μένης</span> <span class='ocrx_word' id='word_1_396' title='bbox 2323 2094 2658 2162; x_wconf 85' lang='grc' dir='ltr'>ἀμηρίσσας,</span> <span class='ocrx_word' id='word_1_397' title='bbox 2700 2089 2791 2143; x_wconf 78' lang='grc' dir='ltr'>διὰ</span> <span class='ocrx_word' id='word_1_398' title='bbox 2841 2089 2942 2151; x_wconf 84' lang='grc' dir='ltr'>τὰς</span> <span class='ocrx_word' id='word_1_399' title='bbox 2989 2087 3262 2147; x_wconf 77' lang='grc' dir='ltr'>τοσαύτας</span> <span class='ocrx_word' id='word_1_400' title='bbox 3302 2086 3516 2155; x_wconf 83' lang='grc' dir='ltr'>χάριτας</span> <span class='ocrx_word' id='word_1_401' title='bbox 3554 2083 3623 2135; x_wconf 66' lang='grc' dir='ltr'>καὶ</span> 
     </span>
    </p>
   </div>
   <div class='ocr_carea' id='block_1_48' title="bbox 2098 2176 3603 2255">
    <p class='ocr_par' dir='ltr' id='par_1_48' title="bbox 2098 2176 3603 2255">
     <span class='ocr_line' id='line_1_48' title="bbox 2098 2176 3603 2255; baseline -0.01 -17"><span class='ocrx_word' id='word_1_402' title='bbox 2098 2185 2413 2255; x_wconf 73' lang='grc' dir='ltr'>εὐεργεσίας</span> <span class='ocrx_word' id='word_1_403' title='bbox 2444 2182 2510 2245; x_wconf 76' lang='grc' dir='ltr'>ἃς</span> <span class='ocrx_word' id='word_1_404' title='bbox 2556 2180 2870 2250; x_wconf 83' lang='grc' dir='ltr'>ὀφείλουσιν</span> <span class='ocrx_word' id='word_1_405' title='bbox 2903 2179 3039 2249; x_wconf 78' lang='grc' dir='ltr'>αὐτῇ</span> <span class='ocrx_word' id='word_1_406' title='bbox 3076 2178 3207 2231; x_wconf 80' lang='grc' dir='ltr'>καθ’</span> <span class='ocrx_word' id='word_1_407' title='bbox 3250 2178 3477 2243; x_wconf 77' lang='grc' dir='ltr'>ἑκάστην</span> <span class='ocrx_word' id='word_1_408' title='bbox 3502 2176 3529 2242; x_wconf 72' lang='grc' dir='ltr'><strong>ἡ</strong></span> <span class='ocrx_word' id='word_1_409' title='bbox 3554 2176 3603 2225; x_wconf 79' lang='grc' dir='ltr'>ἐκ</span> 
     </span>
    </p>
   </div>
   <div class='ocr_carea' id='block_1_49' title="bbox 2098 2266 3625 2345">
    <p class='ocr_par' dir='ltr' id='par_1_49' title="bbox 2098 2266 3625 2345">
     <span class='ocr_line' id='line_1_49' title="bbox 2098 2266 3625 2345; baseline -0.01 -13"><span class='ocrx_word' id='word_1_410' title='bbox 2098 2278 2294 2345; x_wconf 86' lang='grc' dir='ltr'>κλησία</span> <span class='ocrx_word' id='word_1_411' title='bbox 2328 2292 2385 2328; x_wconf 88' lang='grc' dir='ltr'><strong>τε</strong></span> <span class='ocrx_word' id='word_1_412' title='bbox 2418 2274 2514 2327; x_wconf 80' lang='grc' dir='ltr'>καὶ</span> <span class='ocrx_word' id='word_1_413' title='bbox 2558 2274 2608 2326; x_wconf 78' lang='grc' dir='ltr'><strong>οἱ</strong></span> <span class='ocrx_word' id='word_1_414' title='bbox 2647 2272 2986 2342; x_wconf 84' lang='grc' dir='ltr'>ίερομόναχοι</span> <span class='ocrx_word' id='word_1_415' title='bbox 3018 2270 3113 2323; x_wconf 69' lang='grc' dir='ltr'>καὶ</span> <span class='ocrx_word' id='word_1_416' title='bbox 3151 2269 3382 2339; x_wconf 75' lang='grc' dir='ltr'>μοναχοὶ</span> <span class='ocrx_word' id='word_1_417' title='bbox 3423 2267 3507 2319; x_wconf 75' lang='grc' dir='ltr'>καὶ</span> <span class='ocrx_word' id='word_1_418' title='bbox 3541 2266 3625 2324; x_wconf 76' lang='grc' dir='ltr'>πᾶς</span> 
     </span>
    </p>
   </div>
   <div class='ocr_carea' id='block_1_50' title="bbox 2096 2356 3625 2439">
    <p class='ocr_par' dir='ltr' id='par_1_50' title="bbox 2096 2356 3625 2439">
     <span class='ocr_line' id='line_1_50' title="bbox 2096 2356 3625 2439; baseline -0.01 -17"><span class='ocrx_word' id='word_1_419' title='bbox 2096 2372 2124 2422; x_wconf 79' lang='grc' dir='ltr'>ὁ</span> <span class='ocrx_word' id='word_1_420' title='bbox 2152 2368 2250 2439; x_wconf 84' lang='grc' dir='ltr'>τῆς</span> <span class='ocrx_word' id='word_1_421' title='bbox 2284 2365 2581 2435; x_wconf 82' lang='grc' dir='ltr'>ἐκκλησίας</span> <span class='ocrx_word' id='word_1_422' title='bbox 2604 2363 2823 2432; x_wconf 83' lang='grc' dir='ltr'>κλῆρος.</span> <span class='ocrx_word' id='word_1_423' title='bbox 2869 2361 3063 2430; x_wconf 82' lang='grc' dir='ltr'>Τρίτον</span> <span class='ocrx_word' id='word_1_424' title='bbox 3089 2361 3197 2412; x_wconf 83' lang='grc' dir='ltr'><strong>οὐκ</strong></span> <span class='ocrx_word' id='word_1_425' title='bbox 3223 2359 3401 2411; x_wconf 76' lang='grc' dir='ltr'>ἔσεται</span> <span class='ocrx_word' id='word_1_426' title='bbox 3426 2356 3625 2426; x_wconf 75' lang='grc' dir='ltr'>παράδο-</span> 
     </span>
    </p>
   </div>
   <div class='ocr_carea' id='block_1_51' title="bbox 2098 2450 3625 2525">
    <p class='ocr_par' dir='ltr' id='par_1_51' title="bbox 2098 2450 3625 2525">
     <span class='ocr_line' id='line_1_51' title="bbox 2098 2450 3625 2525; baseline -0.008 -14"><span class='ocrx_word' id='word_1_427' title='bbox 2098 2459 2187 2525; x_wconf 79' lang='grc' dir='ltr'><strong>ζον</strong></span> <span class='ocrx_word' id='word_1_428' title='bbox 2228 2459 2276 2510; x_wconf 90' lang='grc' dir='ltr'><strong>εἰ</strong></span> <span class='ocrx_word' id='word_1_429' title='bbox 2304 2457 2545 2525; x_wconf 84' lang='grc' dir='ltr'>Τοῦρκον</span> <span class='ocrx_word' id='word_1_430' title='bbox 2596 2455 2753 2524; x_wconf 78' lang='grc' dir='ltr'>ἔσχεν</span> <span class='ocrx_word' id='word_1_431' title='bbox 2804 2453 3000 2522; x_wconf 77' lang='grc' dir='ltr'>ἄνδρα,</span> <span class='ocrx_word' id='word_1_432' title='bbox 3045 2453 3175 2505; x_wconf 70' lang='grc' dir='ltr'>ἐπεὶ</span> <span class='ocrx_word' id='word_1_433' title='bbox 3224 2454 3319 2505; x_wconf 72' lang='grc' dir='ltr'>καὶ</span> <span class='ocrx_word' id='word_1_434' title='bbox 3350 2453 3381 2521; x_wconf 82' lang='grc' dir='ltr'>ἠ</span> <span class='ocrx_word' id='word_1_435' title='bbox 3410 2450 3625 2504; x_wconf 77' lang='grc' dir='ltr'>δέσποινα</span> 
     </span>
    </p>
   </div>
   <div class='ocr_carea' id='block_1_52' title="bbox 2098 2539 3627 2617">
    <p class='ocr_par' dir='ltr' id='par_1_52' title="bbox 2098 2539 3627 2617">
     <span class='ocr_line' id='line_1_52' title="bbox 2098 2539 3627 2617; baseline -0.009 -15"><span class='ocrx_word' id='word_1_436' title='bbox 2098 2548 2349 2611; x_wconf 82' lang='grc' dir='ltr'>Εύδοκία,</span> <span class='ocrx_word' id='word_1_437' title='bbox 2373 2548 2443 2617; x_wconf 76' lang='grc' dir='ltr'><strong>ἣν</strong></span> <span class='ocrx_word' id='word_1_438' title='bbox 2470 2548 2497 2599; x_wconf 81' lang='grc' dir='ltr'><strong>ὁ</strong></span> <span class='ocrx_word' id='word_1_439' title='bbox 2534 2546 2761 2609; x_wconf 83' lang='grc' dir='ltr'>πάππος</span> <span class='ocrx_word' id='word_1_440' title='bbox 2792 2562 2889 2597; x_wconf 86' lang='grc' dir='ltr'><strong>σου</strong></span> <span class='ocrx_word' id='word_1_441' title='bbox 2922 2544 3115 2599; x_wconf 76' lang='grc' dir='ltr'>ἐλαϐεν</span> <span class='ocrx_word' id='word_1_442' title='bbox 3146 2548 3235 2605; x_wconf 81' lang='grc' dir='ltr'><strong>εἰς</strong></span> <span class='ocrx_word' id='word_1_443' title='bbox 3284 2543 3521 2610; x_wconf 77' lang='grc' dir='ltr'>γυναῖκα,</span> <span class='ocrx_word' id='word_1_444' title='bbox 3555 2539 3627 2590; x_wconf 78' lang='grc' dir='ltr'><strong>ἇν-</strong></span> 
     </span>
    </p>
   </div>
   <div class='ocr_carea' id='block_1_53' title="bbox 2097 2631 3623 2708">
    <p class='ocr_par' dir='ltr' id='par_1_53' title="bbox 2097 2631 3623 2708">
     <span class='ocr_line' id='line_1_53' title="bbox 2097 2631 3623 2708; baseline -0.007 -17"><span class='ocrx_word' id='word_1_445' title='bbox 2097 2642 2195 2706; x_wconf 86' lang='grc' dir='ltr'><strong>δρα</strong></span> <span class='ocrx_word' id='word_1_446' title='bbox 2222 2638 2454 2708; x_wconf 72' lang='grc' dir='ltr'>προέσχε</span> <span class='ocrx_word' id='word_1_447' title='bbox 2486 2635 2591 2688; x_wconf 89' lang='grc' dir='ltr'><strong>Τοῦ</strong></span> <span class='ocrx_word' id='word_1_448' title='bbox 2602 2652 2731 2704; x_wconf 78' lang='grc' dir='ltr'>ρκον</span> <span class='ocrx_word' id='word_1_449' title='bbox 2776 2636 2869 2686; x_wconf 68' lang='grc' dir='ltr'><strong>καὶ</strong></span> <span class='ocrx_word' id='word_1_450' title='bbox 2913 2632 3111 2702; x_wconf 86' lang='grc' dir='ltr'>μικροῦ</span> <span class='ocrx_word' id='word_1_451' title='bbox 3160 2635 3262 2684; x_wconf 69' lang='grc' dir='ltr'>καὶ</span> <span class='ocrx_word' id='word_1_452' title='bbox 3286 2632 3465 2699; x_wconf 75' lang='grc' dir='ltr'>ὀλίγου</span> <span class='ocrx_word' id='word_1_453' title='bbox 3486 2631 3623 2682; x_wconf 78' lang='grc' dir='ltr'>τόπου</span> 
     </span>
    </p>
   </div>
   <div class='ocr_carea' id='block_1_54' title="bbox 2095 2719 3622 2797">
    <p class='ocr_par' dir='ltr' id='par_1_54' title="bbox 2095 2719 3622 2797">
     <span class='ocr_line' id='line_1_54' title="bbox 2095 2719 3622 2797; baseline -0.007 -15"><span class='ocrx_word' id='word_1_454' title='bbox 2095 2730 2382 2797; x_wconf 84' lang='grc' dir='ltr'>αὐθέντην,</span> <span class='ocrx_word' id='word_1_455' title='bbox 2418 2728 2511 2780; x_wconf 73' lang='grc' dir='ltr'><strong>καὶ</strong></span> <span class='ocrx_word' id='word_1_456' title='bbox 2547 2726 2739 2779; x_wconf 86' lang='grc' dir='ltr'>παιδία</span> <span class='ocrx_word' id='word_1_457' title='bbox 2778 2724 2895 2793; x_wconf 86' lang='grc' dir='ltr'>μετ’</span> <span class='ocrx_word' id='word_1_458' title='bbox 2927 2724 3134 2779; x_wconf 80' lang='grc' dir='ltr'>ἐκείνου</span> <span class='ocrx_word' id='word_1_459' title='bbox 3177 2723 3366 2777; x_wconf 73' lang='grc' dir='ltr'>ἔτεκεν</span> <span class='ocrx_word' id='word_1_460' title='bbox 3389 2739 3403 2754; x_wconf 77' lang='grc' dir='ltr'><strong>ο</strong></span> <span class='ocrx_word' id='word_1_461' title='bbox 3435 2722 3556 2788; x_wconf 75' lang='grc' dir='ltr'>αῦτη</span> <span class='ocrx_word' id='word_1_462' title='bbox 3580 2719 3622 2771; x_wconf 77' lang='grc' dir='ltr'>δὲ</span> 
     </span>
    </p>
   </div>
   <div class='ocr_carea' id='block_1_55' title="bbox 2093 2806 3621 2890">
    <p class='ocr_par' dir='ltr' id='par_1_55' title="bbox 2093 2806 3621 2890">
     <span class='ocr_line' id='line_1_55' title="bbox 2093 2806 3621 2890; baseline -0.009 -14"><span class='ocrx_word' id='word_1_463' title='bbox 2093 2823 2351 2875; x_wconf 84' lang='grc' dir='ltr'>τοσούτου</span> <span class='ocrx_word' id='word_1_464' title='bbox 2386 2820 2625 2890; x_wconf 88' lang='grc' dir='ltr'>μεγάλου</span> <span class='ocrx_word' id='word_1_465' title='bbox 2666 2817 2929 2873; x_wconf 83' lang='grc' dir='ltr'>αύθέντου</span> <span class='ocrx_word' id='word_1_466' title='bbox 2966 2819 3060 2869; x_wconf 75' lang='grc' dir='ltr'>καὶ</span> <span class='ocrx_word' id='word_1_467' title='bbox 3087 2818 3295 2885; x_wconf 71' lang='lat' dir='ltr'><strong>dp.qu</strong></span> <span class='ocrx_word' id='word_1_468' title='bbox 3327 2815 3457 2885; x_wconf 83' lang='grc' dir='ltr'>γυνὴ</span> <span class='ocrx_word' id='word_1_469' title='bbox 3496 2806 3621 2873; x_wconf 74' lang='grc' dir='ltr'>οὖσι,</span> 
     </span>
    </p>
   </div>
   <div class='ocr_carea' id='block_1_56' title="bbox 2095 2903 3624 2977">
    <p class='ocr_par' dir='ltr' id='par_1_56' title="bbox 2095 2903 3624 2977">
     <span class='ocr_line' id='line_1_56' title="bbox 2095 2903 3624 2977; baseline -0.006 -14"><span class='ocrx_word' id='word_1_470' title='bbox 2095 2912 2187 2964; x_wconf 80' lang='grc' dir='ltr'>καὶ</span> <span class='ocrx_word' id='word_1_471' title='bbox 2212 2910 2289 2971; x_wconf 85' lang='grc' dir='ltr'>ὡς</span> <span class='ocrx_word' id='word_1_472' title='bbox 2320 2909 2614 2977; x_wconf 80' lang='grc' dir='ltr'>ἀκούομεν,</span> <span class='ocrx_word' id='word_1_473' title='bbox 2640 2907 2740 2959; x_wconf 85' lang='grc' dir='ltr'><strong>οὐκ</strong></span> <span class='ocrx_word' id='word_1_474' title='bbox 2772 2906 3068 2977; x_wconf 83' lang='grc' dir='ltr'>ἐγνώρισεν</span> <span class='ocrx_word' id='word_1_475' title='bbox 3097 2906 3301 2971; x_wconf 77' lang='grc' dir='ltr'>αὐτὴν,</span> <span class='ocrx_word' id='word_1_476' title='bbox 3328 2907 3403 2958; x_wconf 85' lang='grc' dir='ltr'><strong>διὸ</strong></span> <span class='ocrx_word' id='word_1_477' title='bbox 3424 2907 3505 2956; x_wconf 71' lang='grc' dir='ltr'><strong>καὶ</strong></span> <span class='ocrx_word' id='word_1_478' title='bbox 3524 2903 3624 2955; x_wconf 77' lang='grc' dir='ltr'>ἄτε-</span> 
     </span>
    </p>
   </div>
   <div class='ocr_carea' id='block_1_57' title="bbox 430 2993 3623 3080">
    <p class='ocr_par' dir='ltr' id='par_1_57' title="bbox 430 2993 3623 3080">
     <span class='ocr_line' id='line_1_57' title="bbox 430 2993 3623 3080; baseline -0.003 -25"><span class='ocrx_word' id='word_1_479' title='bbox 430 3004 590 3072; x_wconf 81' lang='grc' dir='ltr'>6ολὴν</span> <span class='ocrx_word' id='word_1_480' title='bbox 624 3004 708 3056; x_wconf 78' lang='grc' dir='ltr'><strong>ἵνα</strong></span> <span class='ocrx_word' id='word_1_481' title='bbox 749 3002 917 3072; x_wconf 78' lang='grc' dir='ltr'>λάϐῃς</span> <span class='ocrx_word' id='word_1_482' title='bbox 972 3000 1071 3067; x_wconf 82' lang='grc' dir='ltr'>τὴν</span> <span class='ocrx_word' id='word_1_483' title='bbox 1101 2998 1399 3069; x_wconf 76' lang='grc' dir='ltr'>εἰρημένην</span> <span class='ocrx_word' id='word_1_484' title='bbox 1433 3001 1747 3070; x_wconf 80' lang='grc' dir='ltr'>άμήρισσαν</span> <span class='ocrx_word' id='word_1_485' title='bbox 1777 3001 1855 3061; x_wconf 81' lang='grc' dir='ltr'><strong>εἰς</strong></span> <span class='ocrx_word' id='word_1_486' title='bbox 1892 3016 1990 3066; x_wconf 79' lang='grc' dir='ltr'>γυο</span> <span class='ocrx_word' id='word_1_487' title='bbox 2015 3019 2061 3080; x_wconf 79' lang='lat' dir='ltr'>C</span> <span class='ocrx_word' id='word_1_488' title='bbox 2095 3002 2219 3063; x_wconf 86' lang='grc' dir='ltr'>κνός</span> <span class='ocrx_word' id='word_1_489' title='bbox 2250 3002 2385 3053; x_wconf 80' lang='grc' dir='ltr'>ἐστι.</span> <span class='ocrx_word' id='word_1_490' title='bbox 2420 3000 2556 3067; x_wconf 81' lang='grc' dir='ltr'>Περὶ</span> <span class='ocrx_word' id='word_1_491' title='bbox 2603 2999 2661 3051; x_wconf 86' lang='grc' dir='ltr'>δὲ</span> <span class='ocrx_word' id='word_1_492' title='bbox 2707 2996 2850 3051; x_wconf 83' lang='grc' dir='ltr'>κατὰ</span> <span class='ocrx_word' id='word_1_493' title='bbox 2879 2998 2941 3050; x_wconf 82' lang='grc' dir='ltr'><strong>τὸ</strong></span> <span class='ocrx_word' id='word_1_494' title='bbox 2964 2998 3261 3066; x_wconf 85' lang='grc' dir='ltr'>τέταρτον,</span> <span class='ocrx_word' id='word_1_495' title='bbox 3291 2999 3337 3049; x_wconf 92' lang='grc' dir='ltr'><strong>εἰ</strong></span> <span class='ocrx_word' id='word_1_496' title='bbox 3384 2997 3471 3049; x_wconf 73' lang='grc' dir='ltr'>καὶ</span> <span class='ocrx_word' id='word_1_497' title='bbox 3512 2993 3623 3047; x_wconf 80' lang='grc' dir='ltr'>ἐτῶν</span> 
     </span>
    </p>
   </div>
   <div class='ocr_carea' id='block_1_58' title="bbox 427 3082 1987 3159">
    <p class='ocr_par' dir='ltr' id='par_1_58' title="bbox 427 3082 1987 3159">
     <span class='ocr_line' id='line_1_58' title="bbox 427 3082 1987 3159; baseline -0.003 -14"><span class='ocrx_word' id='word_1_498' title='bbox 427 3096 607 3148; x_wconf 82' lang='grc' dir='ltr'>ναίκα.</span> <span class='ocrx_word' id='word_1_499' title='bbox 660 3092 915 3159; x_wconf 83' lang='grc' dir='ltr'>Τέσσαρα</span> <span class='ocrx_word' id='word_1_500' title='bbox 965 3089 1072 3157; x_wconf 82' lang='grc' dir='ltr'>γὰρ</span> <span class='ocrx_word' id='word_1_501' title='bbox 1122 3087 1260 3157; x_wconf 89' lang='grc' dir='ltr'>μόνα</span> <span class='ocrx_word' id='word_1_502' title='bbox 1294 3087 1531 3157; x_wconf 81' lang='grc' dir='ltr'>εὑρίσκω</span> <span class='ocrx_word' id='word_1_503' title='bbox 1560 3087 1709 3142; x_wconf 78' lang='grc' dir='ltr'>αἴτια</span> <span class='ocrx_word' id='word_1_504' title='bbox 1741 3088 1810 3141; x_wconf 82' lang='grc' dir='ltr'>δι’</span> <span class='ocrx_word' id='word_1_505' title='bbox 1845 3082 1920 3142; x_wconf 84' lang='grc' dir='ltr'><strong>ὦν</strong></span> <span class='ocrx_word' id='word_1_506' title='bbox 1954 3089 1987 3158; x_wconf 82' lang='grc' dir='ltr'>ἡ</span> 
     </span>
    </p>
   </div>
   <div class='ocr_carea' id='block_1_59' title="bbox 427 3252 1985 3341">
    <p class='ocr_par' dir='ltr' id='par_1_59' title="bbox 427 3252 1985 3341">
     <span class='ocr_line' id='line_1_59' title="bbox 427 3252 1985 3341; baseline -0.003 -14"><span class='ocrx_word' id='word_1_507' title='bbox 427 3288 515 3327; x_wconf 91' lang='lat' dir='ltr'><strong>me</strong></span> <span class='ocrx_word' id='word_1_508' title='bbox 546 3252 779 3341; x_wconf 58' lang='lat' dir='ltr'><strong>patavlt.</strong></span> <span class='ocrx_word' id='word_1_509' title='bbox 810 3289 827 3321; x_wconf 74' lang='grc' dir='ltr'><strong>ι</strong></span> <span class='ocrx_word' id='word_1_510' title='bbox 866 3270 1197 3337; x_wconf 83' lang='lat' dir='ltr'><strong>Acceperam</strong></span> <span class='ocrx_word' id='word_1_511' title='bbox 1234 3275 1519 3336; x_wconf 57' lang='lat' dir='ltr'><strong>praeterea,</strong></span> <span class='ocrx_word' id='word_1_512' title='bbox 1570 3282 1793 3331; x_wconf 67' lang='lat' dir='ltr'><strong>ameraz,</strong></span> <span class='ocrx_word' id='word_1_513' title='bbox 1825 3267 1985 3337; x_wconf 87' lang='lat' dir='ltr'><strong>cujus</strong></span> 
     </span>
    </p>
   </div>
   <div class='ocr_carea' id='block_1_60' title="bbox 426 3358 1986 3427">
    <p class='ocr_par' dir='ltr' id='par_1_60' title="bbox 426 3358 1986 3427">
     <span class='ocr_line' id='line_1_60' title="bbox 426 3358 1986 3427; baseline -0.003 -10"><span class='ocrx_word' id='word_1_514' title='bbox 426 3373 549 3417; x_wconf 88' lang='lat' dir='ltr'><strong>ante</strong></span> <span class='ocrx_word' id='word_1_515' title='bbox 582 3362 786 3415; x_wconf 89' lang='lat' dir='ltr'><strong>mentio</strong></span> <span class='ocrx_word' id='word_1_516' title='bbox 835 3359 979 3413; x_wconf 84' lang='lat' dir='ltr'><strong>facta</strong></span> <span class='ocrx_word' id='word_1_517' title='bbox 1006 3370 1108 3421; x_wconf 87' lang='lat' dir='ltr'><strong>est,</strong></span> <span class='ocrx_word' id='word_1_518' title='bbox 1142 3374 1390 3422; x_wconf 79' lang='lat' dir='ltr'><strong>uxorem,</strong></span> <span class='ocrx_word' id='word_1_519' title='bbox 1423 3359 1661 3427; x_wconf 68' lang='lat' dir='ltr'><strong>despotaa</strong></span> <span class='ocrx_word' id='word_1_520' title='bbox 1689 3358 1892 3413; x_wconf 76' lang='lat' dir='ltr'><strong>Servize</strong></span> <span class='ocrx_word' id='word_1_521' title='bbox 1921 3361 1986 3412; x_wconf 85' lang='lat' dir='ltr'><strong>li-</strong></span> 
     </span>
    </p>
   </div>
   <div class='ocr_carea' id='block_1_61' title="bbox 430 3449 1982 3520">
    <p class='ocr_par' dir='ltr' id='par_1_61' title="bbox 430 3449 1982 3520">
     <span class='ocr_line' id='line_1_61' title="bbox 430 3449 1982 3520; baseline 0 -14"><span class='ocrx_word' id='word_1_522' title='bbox 430 3455 582 3515; x_wconf 90' lang='lat' dir='ltr'><strong>liam,</strong></span> <span class='ocrx_word' id='word_1_523' title='bbox 633 3461 758 3520; x_wconf 88' lang='lat' dir='ltr'><strong>post</strong></span> <span class='ocrx_word' id='word_1_524' title='bbox 793 3450 973 3504; x_wconf 87' lang='lat' dir='ltr'><strong>mariti</strong></span> <span class='ocrx_word' id='word_1_525' title='bbox 1005 3460 1234 3503; x_wconf 90' lang='lat' dir='ltr'><strong>mortem</strong></span> <span class='ocrx_word' id='word_1_526' title='bbox 1272 3449 1534 3518; x_wconf 69' lang='lat' dir='ltr'><strong>pra&#39;claro</strong></span> <span class='ocrx_word' id='word_1_527' title='bbox 1570 3459 1623 3503; x_wconf 91' lang='lat' dir='ltr'><strong>et</strong></span> <span class='ocrx_word' id='word_1_528' title='bbox 1678 3451 1982 3506; x_wconf 87' lang='lat' dir='ltr'><strong>honorilico</strong></span> 
     </span>
    </p>
   </div>
   <div class='ocr_carea' id='block_1_62' title="bbox 425 3538 1986 3608">
    <p class='ocr_par' dir='ltr' id='par_1_62' title="bbox 425 3538 1986 3608">
     <span class='ocr_line' id='line_1_62' title="bbox 425 3538 1986 3608; baseline -0.002 -11"><span class='ocrx_word' id='word_1_529' title='bbox 425 3542 686 3597; x_wconf 68' lang='lat' dir='ltr'><strong>cotuitatu</strong></span> <span class='ocrx_word' id='word_1_530' title='bbox 714 3542 932 3595; x_wconf 87' lang='lat' dir='ltr'><strong>domum</strong></span> <span class='ocrx_word' id='word_1_531' title='bbox 954 3540 1018 3593; x_wconf 88' lang='lat' dir='ltr'><strong>ad</strong></span> <span class='ocrx_word' id='word_1_532' title='bbox 1046 3549 1300 3608; x_wconf 89' lang='lat' dir='ltr'><strong>parentes</strong></span> <span class='ocrx_word' id='word_1_533' title='bbox 1325 3539 1569 3594; x_wconf 82' lang='lat' dir='ltr'><strong>rediisse.</strong></span> <span class='ocrx_word' id='word_1_534' title='bbox 1600 3538 1735 3593; x_wconf 87' lang='lat' dir='ltr'><strong>Cum</strong></span> <span class='ocrx_word' id='word_1_535' title='bbox 1766 3550 1986 3608; x_wconf 67' lang='lat' dir='ltr'><strong>promer</strong></span> 
     </span>
    </p>
   </div>
   <div class='ocr_carea' id='block_1_63' title="bbox 424 3627 1985 3699">
    <p class='ocr_par' dir='ltr' id='par_1_63' title="bbox 424 3627 1985 3699">
     <span class='ocr_line' id='line_1_63' title="bbox 424 3627 1985 3699; baseline 0.003 -19"><span class='ocrx_word' id='word_1_536' title='bbox 424 3631 687 3699; x_wconf 82' lang='lat' dir='ltr'><strong>quasdam</strong></span> <span class='ocrx_word' id='word_1_537' title='bbox 721 3644 828 3682; x_wconf 87' lang='lat' dir='ltr'><strong>non</strong></span> <span class='ocrx_word' id='word_1_538' title='bbox 862 3628 1008 3682; x_wconf 84' lang='lat' dir='ltr'><strong>leves</strong></span> <span class='ocrx_word' id='word_1_539' title='bbox 1044 3643 1239 3681; x_wconf 83' lang='lat' dir='ltr'><strong>causas</strong></span> <span class='ocrx_word' id='word_1_540' title='bbox 1268 3627 1612 3696; x_wconf 84' lang='lat' dir='ltr'><strong>Trapezunte</strong></span> <span class='ocrx_word' id='word_1_541' title='bbox 1648 3645 1733 3681; x_wconf 86' lang='lat' dir='ltr'><strong>nte</strong></span> <span class='ocrx_word' id='word_1_542' title='bbox 1762 3646 1985 3685; x_wconf 85' lang='lat' dir='ltr'><strong>manere</strong></span> 
     </span>
    </p>
   </div>
   <div class='ocr_carea' id='block_1_64' title="bbox 424 3719 1982 3788">
    <p class='ocr_par' dir='ltr' id='par_1_64' title="bbox 424 3719 1982 3788">
     <span class='ocr_line' id='line_1_64' title="bbox 424 3719 1982 3788; baseline 0.001 -13"><span class='ocrx_word' id='word_1_543' title='bbox 424 3737 647 3776; x_wconf 80' lang='lat' dir='ltr'><strong>necesse</strong></span> <span class='ocrx_word' id='word_1_544' title='bbox 692 3730 857 3782; x_wconf 90' lang='lat' dir='ltr'><strong>esset,</strong></span> <span class='ocrx_word' id='word_1_545' title='bbox 908 3720 1125 3773; x_wconf 88' lang='lat' dir='ltr'><strong>inventa</strong></span> <span class='ocrx_word' id='word_1_546' title='bbox 1176 3719 1321 3783; x_wconf 89' lang='lat' dir='ltr'><strong>navi,</strong></span> <span class='ocrx_word' id='word_1_547' title='bbox 1359 3734 1481 3788; x_wconf 79' lang='lat' dir='ltr'><strong>quae</strong></span> <span class='ocrx_word' id='word_1_548' title='bbox 1520 3720 1729 3788; x_wconf 84' lang='lat' dir='ltr'><strong>Cpolim</strong></span> <span class='ocrx_word' id='word_1_549' title='bbox 1770 3723 1982 3776; x_wconf 86' lang='lat' dir='ltr'><strong>solvere</strong></span> 
     </span>
    </p>
   </div>
   <div class='ocr_carea' id='block_1_65' title="bbox 420 3809 1982 3879">
    <p class='ocr_par' dir='ltr' id='par_1_65' title="bbox 420 3809 1982 3879">
     <span class='ocr_line' id='line_1_65' title="bbox 420 3809 1982 3879; baseline 0.003 -16"><span class='ocrx_word' id='word_1_550' title='bbox 420 3814 601 3877; x_wconf 76' lang='lat' dir='ltr'><strong>vellet,</strong></span> <span class='ocrx_word' id='word_1_551' title='bbox 627 3810 904 3866; x_wconf 71' lang='lat' dir='ltr'><strong>transmisi</strong></span> <span class='ocrx_word' id='word_1_552' title='bbox 938 3824 1108 3879; x_wconf 89' lang='lat' dir='ltr'><strong>equos</strong></span> <span class='ocrx_word' id='word_1_553' title='bbox 1139 3809 1403 3879; x_wconf 89' lang='lat' dir='ltr'><strong>quosdam</strong></span> <span class='ocrx_word' id='word_1_554' title='bbox 1435 3818 1487 3863; x_wconf 91' lang='lat' dir='ltr'><strong>et</strong></span> <span class='ocrx_word' id='word_1_555' title='bbox 1518 3824 1715 3877; x_wconf 88' lang='lat' dir='ltr'><strong>pueros</strong></span> <span class='ocrx_word' id='word_1_556' title='bbox 1751 3812 1889 3867; x_wconf 83' lang='lat' dir='ltr'><strong>duos</strong></span> <span class='ocrx_word' id='word_1_557' title='bbox 1915 3815 1982 3867; x_wconf 86' lang='lat' dir='ltr'><strong>ab</strong></span> 
     </span>
    </p>
   </div>
   <div class='ocr_carea' id='block_1_66' title="bbox 418 3898 1981 3969">
    <p class='ocr_par' dir='ltr' id='par_1_66' title="bbox 418 3898 1981 3969">
     <span class='ocr_line' id='line_1_66' title="bbox 418 3898 1981 3969; baseline 0.002 -15"><span class='ocrx_word' id='word_1_558' title='bbox 418 3902 695 3957; x_wconf 88' lang='lat' dir='ltr'><strong>lberorum</strong></span> <span class='ocrx_word' id='word_1_559' title='bbox 727 3915 851 3969; x_wconf 89' lang='lat' dir='ltr'><strong>rege</strong></span> <span class='ocrx_word' id='word_1_560' title='bbox 882 3900 946 3955; x_wconf 90' lang='lat' dir='ltr'><strong>de</strong></span> <span class='ocrx_word' id='word_1_561' title='bbox 982 3900 1235 3969; x_wconf 77' lang='lat' dir='ltr'><strong>captivis,</strong></span> <span class='ocrx_word' id='word_1_562' title='bbox 1282 3914 1422 3969; x_wconf 92' lang='lat' dir='ltr'><strong>quos</strong></span> <span class='ocrx_word' id='word_1_563' title='bbox 1457 3898 1681 3962; x_wconf 86' lang='lat' dir='ltr'><strong>fecerat,</strong></span> <span class='ocrx_word' id='word_1_564' title='bbox 1720 3901 1854 3955; x_wconf 89' lang='lat' dir='ltr'><strong>mihi</strong></span> <span class='ocrx_word' id='word_1_565' title='bbox 1882 3903 1981 3957; x_wconf 90' lang='lat' dir='ltr'><strong>do-</strong></span> 
     </span>
    </p>
   </div>
   <div class='ocr_carea' id='block_1_67' title="bbox 418 3995 1977 4068">
    <p class='ocr_par' dir='ltr' id='par_1_67' title="bbox 418 3995 1977 4068">
     <span class='ocr_line' id='line_1_67' title="bbox 418 3995 1977 4068; baseline 0.001 -20"><span class='ocrx_word' id='word_1_566' title='bbox 418 4004 594 4060; x_wconf 80' lang='lat' dir='ltr'><strong>natos,</strong></span> <span class='ocrx_word' id='word_1_567' title='bbox 621 3995 834 4064; x_wconf 91' lang='lat' dir='ltr'><strong>aliaque</strong></span> <span class='ocrx_word' id='word_1_568' title='bbox 856 3995 1024 4048; x_wconf 89' lang='lat' dir='ltr'><strong>multa</strong></span> <span class='ocrx_word' id='word_1_569' title='bbox 1053 4009 1340 4051; x_wconf 71' lang='lat' dir='ltr'><strong>munerum</strong></span> <span class='ocrx_word' id='word_1_570' title='bbox 1367 4012 1562 4067; x_wconf 90' lang='lat' dir='ltr'><strong>genera</strong></span> <span class='ocrx_word' id='word_1_571' title='bbox 1590 4014 1619 4052; x_wconf 92' lang='lat' dir='ltr'><strong>a</strong></span> <span class='ocrx_word' id='word_1_572' title='bbox 1650 3998 1977 4068; x_wconf 82' lang='lat' dir='ltr'><strong>quibusdam</strong></span> 
     </span>
    </p>
   </div>
   <div class='ocr_carea' id='block_1_68' title="bbox 417 4087 1976 4159">
    <p class='ocr_par' dir='ltr' id='par_1_68' title="bbox 417 4087 1976 4159">
     <span class='ocr_line' id='line_1_68' title="bbox 417 4087 1976 4159; baseline -0.001 -16"><span class='ocrx_word' id='word_1_573' title='bbox 417 4089 717 4143; x_wconf 76' lang='lat' dir='ltr'><strong>liberaliter</strong></span> <span class='ocrx_word' id='word_1_574' title='bbox 739 4089 791 4141; x_wconf 90' lang='lat' dir='ltr'><strong>in</strong></span> <span class='ocrx_word' id='word_1_575' title='bbox 817 4102 902 4141; x_wconf 90' lang='lat' dir='ltr'><strong>me</strong></span> <span class='ocrx_word' id='word_1_576' title='bbox 927 4087 1147 4151; x_wconf 89' lang='lat' dir='ltr'><strong>collata,</strong></span> <span class='ocrx_word' id='word_1_577' title='bbox 1174 4089 1477 4159; x_wconf 85' lang='lat' dir='ltr'><strong>scripsique</strong></span> <span class='ocrx_word' id='word_1_578' title='bbox 1499 4090 1564 4143; x_wconf 89' lang='lat' dir='ltr'><strong>ad</strong></span> <span class='ocrx_word' id='word_1_579' title='bbox 1589 4091 1976 4158; x_wconf 76' lang='lat' dir='ltr'><strong>imperatorem</strong></span> 
     </span>
    </p>
   </div>
   <div class='ocr_carea' id='block_1_69' title="bbox 417 4179 1976 4252">
    <p class='ocr_par' dir='ltr' id='par_1_69' title="bbox 417 4179 1976 4252">
     <span class='ocr_line' id='line_1_69' title="bbox 417 4179 1976 4252; baseline 0.002 -20"><span class='ocrx_word' id='word_1_580' title='bbox 417 4179 699 4233; x_wconf 90' lang='lat' dir='ltr'><strong>dominum</strong></span> <span class='ocrx_word' id='word_1_581' title='bbox 729 4194 933 4242; x_wconf 88' lang='lat' dir='ltr'><strong>meum,</strong></span> <span class='ocrx_word' id='word_1_582' title='bbox 968 4186 1107 4241; x_wconf 90' lang='lat' dir='ltr'><strong>tum,</strong></span> <span class='ocrx_word' id='word_1_583' title='bbox 1129 4192 1250 4247; x_wconf 62' lang='lat' dir='ltr'><strong>qua!</strong></span> <span class='ocrx_word' id='word_1_584' title='bbox 1280 4182 1333 4234; x_wconf 93' lang='lat' dir='ltr'><strong>in</strong></span> <span class='ocrx_word' id='word_1_585' title='bbox 1360 4180 1534 4236; x_wconf 84' lang='lat' dir='ltr'><strong>Iberia</strong></span> <span class='ocrx_word' id='word_1_586' title='bbox 1569 4182 1976 4252; x_wconf 73' lang='lat' dir='ltr'><strong>transegissem,</strong></span> 
     </span>
    </p>
   </div>
   <div class='ocr_carea' id='block_1_70' title="bbox 416 4268 1974 4339">
    <p class='ocr_par' dir='ltr' id='par_1_70' title="bbox 416 4268 1974 4339">
     <span class='ocr_line' id='line_1_70' title="bbox 416 4268 1974 4339; baseline 0.003 -16"><span class='ocrx_word' id='word_1_587' title='bbox 416 4279 551 4333; x_wconf 89' lang='lat' dir='ltr'><strong>tum,</strong></span> <span class='ocrx_word' id='word_1_588' title='bbox 575 4286 694 4339; x_wconf 64' lang='lat' dir='ltr'><strong>quae</strong></span> <span class='ocrx_word' id='word_1_589' title='bbox 716 4268 1060 4338; x_wconf 80' lang='lat' dir='ltr'><strong>Trapezunte</strong></span> <span class='ocrx_word' id='word_1_590' title='bbox 1085 4280 1487 4326; x_wconf 90' lang='lat' dir='ltr'><strong>transacturum</strong></span> <span class='ocrx_word' id='word_1_591' title='bbox 1515 4288 1601 4327; x_wconf 90' lang='lat' dir='ltr'><strong>me</strong></span> <span class='ocrx_word' id='word_1_592' title='bbox 1618 4275 1974 4338; x_wconf 81' lang='lat' dir='ltr'><strong>confiderem,</strong></span> 
     </span>
    </p>
   </div>
   <div class='ocr_carea' id='block_1_71' title="bbox 2091 3086 3627 3161">
    <p class='ocr_par' dir='ltr' id='par_1_71' title="bbox 2091 3086 3627 3161">
     <span class='ocr_line' id='line_1_71' title="bbox 2091 3086 3627 3161; baseline -0.008 -14"><span class='ocrx_word' id='word_1_593' title='bbox 2091 3092 2353 3147; x_wconf 88' lang='grc' dir='ltr'>πλειόνων</span> <span class='ocrx_word' id='word_1_594' title='bbox 2397 3091 2656 3161; x_wconf 85' lang='grc' dir='ltr'>ὑπάρχει,</span> <span class='ocrx_word' id='word_1_595' title='bbox 2687 3092 2779 3144; x_wconf 83' lang='grc' dir='ltr'><strong>ἐὰν</strong></span> <span class='ocrx_word' id='word_1_596' title='bbox 2816 3089 3051 3159; x_wconf 74' lang='grc' dir='ltr'>συλλάϐῃ</span> <span class='ocrx_word' id='word_1_597' title='bbox 3081 3091 3316 3158; x_wconf 75' lang='grc' dir='ltr'>γαστρὶ,</span> <span class='ocrx_word' id='word_1_598' title='bbox 3344 3090 3402 3142; x_wconf 81' lang='grc' dir='ltr'><strong>τὸ</strong></span> <span class='ocrx_word' id='word_1_599' title='bbox 3425 3086 3508 3141; x_wconf 82' lang='grc' dir='ltr'><strong>τοῦ</strong></span> <span class='ocrx_word' id='word_1_600' title='bbox 3537 3086 3627 3137; x_wconf 73' lang='lat' dir='ltr'><strong>Ku-</strong></span> 
     </span>
    </p>
   </div>
   <div class='ocr_carea' id='block_1_72' title="bbox 2088 3272 3625 3336">
    <p class='ocr_par' dir='ltr' id='par_1_72' title="bbox 2088 3272 3625 3336">
     <span class='ocr_line' id='line_1_72' title="bbox 2088 3272 3625 3336; baseline -0.007 -7"><span class='ocrx_word' id='word_1_601' title='bbox 2088 3289 2278 3329; x_wconf 89' lang='lat' dir='ltr'><strong>curam</strong></span> <span class='ocrx_word' id='word_1_602' title='bbox 2304 3273 2581 3336; x_wconf 76' lang='lat' dir='ltr'><strong>adhibere,</strong></span> <span class='ocrx_word' id='word_1_603' title='bbox 2610 3282 2669 3327; x_wconf 90' lang='lat' dir='ltr'><strong>ut</strong></span> <span class='ocrx_word' id='word_1_604' title='bbox 2694 3276 3011 3328; x_wconf 78' lang='lat' dir='ltr'><strong>amerissnm</strong></span> <span class='ocrx_word' id='word_1_605' title='bbox 3037 3272 3198 3327; x_wconf 84' lang='lat' dir='ltr'><strong>illam</strong></span> <span class='ocrx_word' id='word_1_606' title='bbox 3222 3272 3387 3328; x_wconf 85' lang='lat' dir='ltr'><strong>ducas</strong></span> <span class='ocrx_word' id='word_1_607' title='bbox 3413 3283 3625 3325; x_wconf 78' lang='lat' dir='ltr'><strong>uxorem.</strong></span> 
     </span>
    </p>
   </div>
   <div class='ocr_carea' id='block_1_73' title="bbox 2089 3363 3625 3434">
    <p class='ocr_par' dir='ltr' id='par_1_73' title="bbox 2089 3363 3625 3434">
     <span class='ocr_line' id='line_1_73' title="bbox 2089 3363 3625 3434; baseline -0.003 -17"><span class='ocrx_word' id='word_1_608' title='bbox 2089 3363 2307 3419; x_wconf 85' lang='lat' dir='ltr'><strong>Etenim</strong></span> <span class='ocrx_word' id='word_1_609' title='bbox 2332 3372 2568 3432; x_wconf 86' lang='lat' dir='ltr'><strong>quatuor</strong></span> <span class='ocrx_word' id='word_1_610' title='bbox 2590 3363 2750 3418; x_wconf 87' lang='lat' dir='ltr'><strong>modo</strong></span> <span class='ocrx_word' id='word_1_611' title='bbox 2775 3378 2971 3418; x_wconf 84' lang='lat' dir='ltr'><strong>causas</strong></span> <span class='ocrx_word' id='word_1_612' title='bbox 2995 3364 3249 3430; x_wconf 84' lang='lat' dir='ltr'><strong>invenio,</strong></span> <span class='ocrx_word' id='word_1_613' title='bbox 3282 3372 3493 3434; x_wconf 86' lang='lat' dir='ltr'><strong>propter</strong></span> <span class='ocrx_word' id='word_1_614' title='bbox 3511 3373 3625 3430; x_wconf 77' lang='lat' dir='ltr'><strong>quas</strong></span> 
     </span>
    </p>
   </div>
   <div class='ocr_carea' id='block_1_74' title="bbox 2092 3450 3626 3523">
    <p class='ocr_par' dir='ltr' id='par_1_74' title="bbox 2092 3450 3626 3523">
     <span class='ocr_line' id='line_1_74' title="bbox 2092 3450 3626 3523; baseline -0.005 -14"><span class='ocrx_word' id='word_1_615' title='bbox 2092 3455 2366 3523; x_wconf 75' lang='lat' dir='ltr'><strong>maiestati</strong></span> <span class='ocrx_word' id='word_1_616' title='bbox 2443 3464 2547 3508; x_wconf 84' lang='lat' dir='ltr'><strong>tuae</strong></span> <span class='ocrx_word' id='word_1_617' title='bbox 2606 3453 2708 3507; x_wconf 74' lang='lat' dir='ltr'><strong>illa</strong></span> <span class='ocrx_word' id='word_1_618' title='bbox 2766 3454 3008 3509; x_wconf 92' lang='lat' dir='ltr'><strong>conditio</strong></span> <span class='ocrx_word' id='word_1_619' title='bbox 3076 3455 3423 3523; x_wconf 84' lang='lat' dir='ltr'><strong>repudianda</strong></span> <span class='ocrx_word' id='word_1_620' title='bbox 3476 3450 3626 3519; x_wconf 62' lang='lat' dir='ltr'><strong>gvideri</strong></span> 
     </span>
    </p>
   </div>
   <div class='ocr_carea' id='block_1_75' title="bbox 2086 3542 3623 3617">
    <p class='ocr_par' dir='ltr' id='par_1_75' title="bbox 2086 3542 3623 3617">
     <span class='ocr_line' id='line_1_75' title="bbox 2086 3542 3623 3617; baseline -0.006 -17"><span class='ocrx_word' id='word_1_621' title='bbox 2086 3556 2248 3617; x_wconf 89' lang='lat' dir='ltr'><strong>queat</strong></span> <span class='ocrx_word' id='word_1_622' title='bbox 2276 3566 2287 3600; x_wconf 88' lang='lat'><strong>:</strong></span> <span class='ocrx_word' id='word_1_623' title='bbox 2313 3549 2569 3615; x_wconf 88' lang='lat' dir='ltr'><strong>primum,</strong></span> <span class='ocrx_word' id='word_1_624' title='bbox 2599 3545 2743 3616; x_wconf 93' lang='lat' dir='ltr'><strong>quod</strong></span> <span class='ocrx_word' id='word_1_625' title='bbox 2776 3560 2972 3614; x_wconf 78' lang='lat' dir='ltr'><strong>genere</strong></span> <span class='ocrx_word' id='word_1_626' title='bbox 3029 3542 3623 3617; x_wconf 47' lang='lat' dir='ltr'><strong>inferiorzest;deiude,</strong></span> 
     </span>
    </p>
   </div>
   <div class='ocr_carea' id='block_1_76' title="bbox 2087 3639 3627 3707">
    <p class='ocr_par' dir='ltr' id='par_1_76' title="bbox 2087 3639 3627 3707">
     <span class='ocr_line' id='line_1_76' title="bbox 2087 3639 3627 3707; baseline -0.005 -14"><span class='ocrx_word' id='word_1_627' title='bbox 2087 3656 2153 3693; x_wconf 92' lang='lat' dir='ltr'><strong>ne</strong></span> <span class='ocrx_word' id='word_1_628' title='bbox 2181 3639 2318 3693; x_wconf 92' lang='lat' dir='ltr'><strong>forte</strong></span> <span class='ocrx_word' id='word_1_629' title='bbox 2344 3639 2582 3693; x_wconf 88' lang='lat' dir='ltr'><strong>Ecclesia</strong></span> <span class='ocrx_word' id='word_1_630' title='bbox 2613 3641 2840 3693; x_wconf 87' lang='lat' dir='ltr'><strong>istarum</strong></span> <span class='ocrx_word' id='word_1_631' title='bbox 2870 3639 3185 3707; x_wconf 86' lang='lat' dir='ltr'><strong>nuptiarum</strong></span> <span class='ocrx_word' id='word_1_632' title='bbox 3234 3655 3386 3694; x_wconf 89' lang='lat' dir='ltr'><strong>sacra</strong></span> <span class='ocrx_word' id='word_1_633' title='bbox 3438 3645 3627 3706; x_wconf 84' lang='lat' dir='ltr'><strong>propter</strong></span> 
     </span>
    </p>
   </div>
   <div class='ocr_carea' id='block_1_77' title="bbox 2084 3727 3627 3801">
    <p class='ocr_par' dir='ltr' id='par_1_77' title="bbox 2084 3727 3627 3801">
     <span class='ocr_line' id='line_1_77' title="bbox 2084 3727 3627 3801; baseline -0.006 -15"><span class='ocrx_word' id='word_1_634' title='bbox 2084 3733 2465 3800; x_wconf 81' lang='lat' dir='ltr'><strong>cognationem</strong></span> <span class='ocrx_word' id='word_1_635' title='bbox 2527 3732 2830 3801; x_wconf 86' lang='lat' dir='ltr'><strong>impediat;</strong></span> <span class='ocrx_word' id='word_1_636' title='bbox 2866 3739 3022 3797; x_wconf 87' lang='lat' dir='ltr'><strong>tum,</strong></span> <span class='ocrx_word' id='word_1_637' title='bbox 3078 3732 3230 3800; x_wconf 89' lang='lat' dir='ltr'><strong>quod</strong></span> <span class='ocrx_word' id='word_1_638' title='bbox 3284 3732 3477 3799; x_wconf 82' lang='lat' dir='ltr'><strong>conjux</strong></span> <span class='ocrx_word' id='word_1_639' title='bbox 3527 3727 3627 3793; x_wconf 73' lang='lat' dir='ltr'><strong>eius</strong></span> 
     </span>
    </p>
   </div>
   <div class='ocr_carea' id='block_1_78' title="bbox 2085 3821 3624 3893">
    <p class='ocr_par' dir='ltr' id='par_1_78' title="bbox 2085 3821 3624 3893">
     <span class='ocr_line' id='line_1_78' title="bbox 2085 3821 3624 3893; baseline -0.006 -15"><span class='ocrx_word' id='word_1_640' title='bbox 2085 3824 2264 3878; x_wconf 88' lang='lat' dir='ltr'><strong>Turca</strong></span> <span class='ocrx_word' id='word_1_641' title='bbox 2318 3822 2458 3889; x_wconf 84' lang='lat' dir='ltr'><strong>fuit;</strong></span> <span class='ocrx_word' id='word_1_642' title='bbox 2492 3834 2793 3893; x_wconf 88' lang='lat' dir='ltr'><strong>postremo,</strong></span> <span class='ocrx_word' id='word_1_643' title='bbox 2840 3823 3006 3890; x_wconf 88' lang='lat' dir='ltr'><strong>quod,</strong></span> <span class='ocrx_word' id='word_1_644' title='bbox 3052 3834 3113 3875; x_wconf 88' lang='lat' dir='ltr'><strong>ut</strong></span> <span class='ocrx_word' id='word_1_645' title='bbox 3156 3821 3624 3892; x_wconf 82' lang='lat' dir='ltr'><strong>quinquagenaria.</strong></span> 
     </span>
    </p>
   </div>
   <div class='ocr_carea' id='block_1_79' title="bbox 2082 3908 3625 3984">
    <p class='ocr_par' dir='ltr' id='par_1_79' title="bbox 2082 3908 3625 3984">
     <span class='ocr_line' id='line_1_79' title="bbox 2082 3908 3625 3984; baseline -0.004 -15"><span class='ocrx_word' id='word_1_646' title='bbox 2082 3916 2131 3969; x_wconf 85' lang='lat' dir='ltr'><strong>si</strong></span> <span class='ocrx_word' id='word_1_647' title='bbox 2171 3916 2501 3983; x_wconf 89' lang='lat' dir='ltr'><strong>conceperit,</strong></span> <span class='ocrx_word' id='word_1_648' title='bbox 2540 3930 2663 3969; x_wconf 89' lang='lat' dir='ltr'><strong>cum</strong></span> <span class='ocrx_word' id='word_1_649' title='bbox 2709 3914 2957 3984; x_wconf 83' lang='lat' dir='ltr'><strong>periculo</strong></span> <span class='ocrx_word' id='word_1_650' title='bbox 3003 3915 3208 3983; x_wconf 86' lang='lat' dir='ltr'><strong>pariet.</strong></span> <span class='ocrx_word' id='word_1_651' title='bbox 3248 3914 3393 3984; x_wconf 86' lang='lat' dir='ltr'><strong>quod</strong></span> <span class='ocrx_word' id='word_1_652' title='bbox 3442 3908 3625 3983; x_wconf 82' lang='lat' dir='ltr'><strong>physici</strong></span> 
     </span>
    </p>
   </div>
   <div class='ocr_carea' id='block_1_80' title="bbox 2083 4003 3629 4074">
    <p class='ocr_par' dir='ltr' id='par_1_80' title="bbox 2083 4003 3629 4074">
     <span class='ocr_line' id='line_1_80' title="bbox 2083 4003 3629 4074; baseline -0.003 -17"><span class='ocrx_word' id='word_1_653' title='bbox 2083 4005 2402 4074; x_wconf 88' lang='lat' dir='ltr'><strong>plerumque</strong></span> <span class='ocrx_word' id='word_1_654' title='bbox 2448 4005 2563 4059; x_wconf 85' lang='lat' dir='ltr'><strong>fieri</strong></span> <span class='ocrx_word' id='word_1_655' title='bbox 2621 4006 2854 4068; x_wconf 90' lang='lat' dir='ltr'><strong>dicunt,</strong></span> <span class='ocrx_word' id='word_1_656' title='bbox 2932 4005 3416 4073; x_wconf 83' lang='lat' dir='ltr'><strong>quandoquidem,</strong></span> <span class='ocrx_word' id='word_1_657' title='bbox 3475 4003 3629 4056; x_wconf 82' lang='lat' dir='ltr'><strong>adhuc</strong></span> 
     </span>
    </p>
   </div>
   <div class='ocr_carea' id='block_1_81' title="bbox 2081 4094 3628 4165">
    <p class='ocr_par' dir='ltr' id='par_1_81' title="bbox 2081 4094 3628 4165">
     <span class='ocr_line' id='line_1_81' title="bbox 2081 4094 3628 4165; baseline -0.005 -15"><span class='ocrx_word' id='word_1_658' title='bbox 2081 4096 2305 4161; x_wconf 85' lang='lat' dir='ltr'><strong>sterilis,</strong></span> <span class='ocrx_word' id='word_1_659' title='bbox 2342 4096 2550 4151; x_wconf 90' lang='lat' dir='ltr'><strong>nullum</strong></span> <span class='ocrx_word' id='word_1_660' title='bbox 2614 4112 2851 4165; x_wconf 88' lang='lat' dir='ltr'><strong>unquam</strong></span> <span class='ocrx_word' id='word_1_661' title='bbox 2895 4106 3109 4165; x_wconf 89' lang='lat' dir='ltr'><strong>partum</strong></span> <span class='ocrx_word' id='word_1_662' title='bbox 3154 4097 3355 4151; x_wconf 88' lang='lat' dir='ltr'><strong>edidit.</strong></span> <span class='ocrx_word' id='word_1_663' title='bbox 3410 4094 3628 4161; x_wconf 86' lang='lat' dir='ltr'><strong>Quatuor</strong></span> 
     </span>
    </p>
   </div>
   <div class='ocr_carea' id='block_1_82' title="bbox 2081 4182 3625 4257">
    <p class='ocr_par' dir='ltr' id='par_1_82' title="bbox 2081 4182 3625 4257">
     <span class='ocr_line' id='line_1_82' title="bbox 2081 4182 3625 4257; baseline -0.003 -17"><span class='ocrx_word' id='word_1_664' title='bbox 2081 4186 2166 4241; x_wconf 88' lang='lat' dir='ltr'><strong>bis</strong></span> <span class='ocrx_word' id='word_1_665' title='bbox 2199 4188 2382 4241; x_wconf 90' lang='lat' dir='ltr'><strong>causis</strong></span> <span class='ocrx_word' id='word_1_666' title='bbox 2410 4188 2483 4240; x_wconf 89' lang='lat' dir='ltr'><strong>ita</strong></span> <span class='ocrx_word' id='word_1_667' title='bbox 2527 4187 2637 4255; x_wconf 89' lang='lat' dir='ltr'><strong>jam</strong></span> <span class='ocrx_word' id='word_1_668' title='bbox 2677 4201 3053 4242; x_wconf 87' lang='lat' dir='ltr'><strong>occurramus.</strong></span> <span class='ocrx_word' id='word_1_669' title='bbox 3091 4188 3171 4241; x_wconf 86' lang='lat' dir='ltr'><strong>Ad</strong></span> <span class='ocrx_word' id='word_1_670' title='bbox 3227 4190 3460 4257; x_wconf 89' lang='lat' dir='ltr'><strong>primttm</strong></span> <span class='ocrx_word' id='word_1_671' title='bbox 3508 4182 3625 4238; x_wconf 86' lang='lat' dir='ltr'><strong>nihil</strong></span> 
     </span>
    </p>
   </div>
   <div class='ocr_carea' id='block_1_83' title="bbox 2088 4276 3625 4346">
    <p class='ocr_par' dir='ltr' id='par_1_83' title="bbox 2088 4276 3625 4346">
     <span class='ocr_line' id='line_1_83' title="bbox 2088 4276 3625 4346; baseline 0.002 -17"><span class='ocrx_word' id='word_1_672' title='bbox 2088 4277 2367 4346; x_wconf 83' lang='lat' dir='ltr'><strong>singulare</strong></span> <span class='ocrx_word' id='word_1_673' title='bbox 2437 4276 2636 4343; x_wconf 85' lang='lat' dir='ltr'><strong>facies,</strong></span> <span class='ocrx_word' id='word_1_674' title='bbox 2688 4278 2735 4331; x_wconf 90' lang='lat' dir='ltr'><strong>si</strong></span> <span class='ocrx_word' id='word_1_675' title='bbox 2790 4278 2935 4331; x_wconf 86' lang='lat' dir='ltr'><strong>illam</strong></span> <span class='ocrx_word' id='word_1_676' title='bbox 2998 4294 3221 4333; x_wconf 80' lang='lat' dir='ltr'><strong>uxorem</strong></span> <span class='ocrx_word' id='word_1_677' title='bbox 3279 4282 3463 4336; x_wconf 86' lang='lat' dir='ltr'><strong>ducas.</strong></span> <span class='ocrx_word' id='word_1_678' title='bbox 3524 4289 3625 4344; x_wconf 62' lang='lat' dir='ltr'><strong>qua</strong></span> 
     </span>
    </p>
   </div>
   <div class='ocr_carea' id='block_1_84' title="bbox 414 4357 1984 4438">
    <p class='ocr_par' dir='ltr' id='par_1_84' title="bbox 414 4357 1976 4430">
     <span class='ocr_line' id='line_1_84' title="bbox 414 4357 1976 4430; baseline 0.003 -19"><span class='ocrx_word' id='word_1_679' title='bbox 414 4358 815 4424; x_wconf 86' lang='lat' dir='ltr'><strong>certioremque</strong></span> <span class='ocrx_word' id='word_1_680' title='bbox 844 4373 967 4411; x_wconf 92' lang='lat' dir='ltr'><strong>eum</strong></span> <span class='ocrx_word' id='word_1_681' title='bbox 997 4358 1101 4411; x_wconf 91' lang='lat' dir='ltr'><strong>feci</strong></span> <span class='ocrx_word' id='word_1_682' title='bbox 1130 4357 1196 4411; x_wconf 89' lang='lat' dir='ltr'><strong>de</strong></span> <span class='ocrx_word' id='word_1_683' title='bbox 1227 4359 1393 4413; x_wconf 86' lang='lat' dir='ltr'><strong>rebus</strong></span> <span class='ocrx_word' id='word_1_684' title='bbox 1418 4362 1696 4425; x_wconf 90' lang='lat' dir='ltr'><strong>omnibus,</strong></span> <span class='ocrx_word' id='word_1_685' title='bbox 1727 4377 1847 4430; x_wconf 82' lang='lat' dir='ltr'><strong>quae</strong></span> <span class='ocrx_word' id='word_1_686' title='bbox 1885 4377 1976 4415; x_wconf 84' lang='lat' dir='ltr'><strong>ac-</strong></span> 
     </span>
    </p>
   </div>
   <div class='ocr_carea' id='block_1_85' title="bbox 2091 4357 3623 4438">
    <p class='ocr_par' dir='ltr' id='par_1_85' title="bbox 2091 4367 3623 4438">
     <span class='ocr_line' id='line_1_85' title="bbox 2091 4367 3623 4438; baseline 0 -19"><span class='ocrx_word' id='word_1_687' title='bbox 2091 4368 2363 4421; x_wconf 86' lang='lat' dir='ltr'><strong>nobilitate</strong></span> <span class='ocrx_word' id='word_1_688' title='bbox 2392 4367 2627 4421; x_wconf 65' lang='lat' dir='ltr'><strong>dominae</strong></span> <span class='ocrx_word' id='word_1_689' title='bbox 2661 4383 2810 4431; x_wconf 59' lang='lat' dir='ltr'><strong>mea,</strong></span> <span class='ocrx_word' id='word_1_690' title='bbox 2859 4370 3112 4438; x_wconf 74' lang='lat' dir='ltr'><strong>gloriosa:</strong></span> <span class='ocrx_word' id='word_1_691' title='bbox 3158 4372 3323 4424; x_wconf 88' lang='lat' dir='ltr'><strong>matri</strong></span> <span class='ocrx_word' id='word_1_692' title='bbox 3359 4382 3481 4430; x_wconf 64' lang='lat' dir='ltr'><strong>tute.</strong></span> <span class='ocrx_word' id='word_1_693' title='bbox 3511 4368 3623 4421; x_wconf 83' lang='lat' dir='ltr'><strong>nihil</strong></span> 
     </span>
    </p>
   </div>
   <div class='ocr_carea' id='block_1_86' title="bbox 413 4447 1970 4519">
    <p class='ocr_par' dir='ltr' id='par_1_86' title="bbox 413 4447 1970 4519">
     <span class='ocr_line' id='line_1_86' title="bbox 413 4447 1970 4519; baseline 0.003 -18"><span class='ocrx_word' id='word_1_694' title='bbox 413 4449 681 4501; x_wconf 90' lang='lat' dir='ltr'><strong>eidcrant.</strong></span> <span class='ocrx_word' id='word_1_695' title='bbox 714 4447 844 4501; x_wconf 87' lang='lat' dir='ltr'><strong>Dedi</strong></span> <span class='ocrx_word' id='word_1_696' title='bbox 874 4448 1132 4515; x_wconf 89' lang='lat' dir='ltr'><strong>epistolas</strong></span> <span class='ocrx_word' id='word_1_697' title='bbox 1164 4448 1260 4501; x_wconf 88' lang='lat' dir='ltr'><strong>ttni</strong></span> <span class='ocrx_word' id='word_1_698' title='bbox 1302 4449 1369 4502; x_wconf 92' lang='lat' dir='ltr'><strong>de</strong></span> <span class='ocrx_word' id='word_1_699' title='bbox 1407 4450 1706 4515; x_wconf 88' lang='lat' dir='ltr'><strong>nobilibus,</strong></span> <span class='ocrx_word' id='word_1_700' title='bbox 1736 4451 1825 4519; x_wconf 91' lang='lat' dir='ltr'><strong>qui</strong></span> <span class='ocrx_word' id='word_1_701' title='bbox 1859 4467 1970 4506; x_wconf 86' lang='lat' dir='ltr'><strong>me-</strong></span> 
     </span>
    </p>
   </div>
   <div class='ocr_carea' id='block_1_87' title="bbox 412 4538 1969 4605">
    <p class='ocr_par' dir='ltr' id='par_1_87' title="bbox 412 4538 1969 4605">
     <span class='ocr_line' id='line_1_87' title="bbox 412 4538 1969 4605; baseline 0.003 -16"><span class='ocrx_word' id='word_1_702' title='bbox 412 4554 536 4591; x_wconf 79' lang='lat' dir='ltr'><strong>cum</strong></span> <span class='ocrx_word' id='word_1_703' title='bbox 573 4545 749 4600; x_wconf 90' lang='lat' dir='ltr'><strong>erant,</strong></span> <span class='ocrx_word' id='word_1_704' title='bbox 782 4552 1017 4605; x_wconf 90' lang='lat' dir='ltr'><strong>eumque</strong></span> <span class='ocrx_word' id='word_1_705' title='bbox 1049 4538 1231 4593; x_wconf 86' lang='lat' dir='ltr'><strong>dimisi</strong></span> <span class='ocrx_word' id='word_1_706' title='bbox 1274 4539 1614 4604; x_wconf 88' lang='lat' dir='ltr'><strong>cohortatus,</strong></span> <span class='ocrx_word' id='word_1_707' title='bbox 1647 4549 1705 4595; x_wconf 91' lang='lat' dir='ltr'><strong>ut</strong></span> <span class='ocrx_word' id='word_1_708' title='bbox 1739 4542 1969 4594; x_wconf 90' lang='lat' dir='ltr'><strong>alteram</strong></span> 
     </span>
    </p>
   </div>
   <div class='ocr_carea' id='block_1_88' title="bbox 409 4629 1967 4697">
    <p class='ocr_par' dir='ltr' id='par_1_88' title="bbox 409 4629 1967 4697">
     <span class='ocr_line' id='line_1_88' title="bbox 409 4629 1967 4697; baseline 0.003 -15"><span class='ocrx_word' id='word_1_709' title='bbox 409 4629 735 4697; x_wconf 88' lang='lat' dir='ltr'><strong>imperatori</strong></span> <span class='ocrx_word' id='word_1_710' title='bbox 785 4629 990 4693; x_wconf 90' lang='lat' dir='ltr'><strong>statim,</strong></span> <span class='ocrx_word' id='word_1_711' title='bbox 1047 4644 1171 4683; x_wconf 92' lang='lat' dir='ltr'><strong>cum</strong></span> <span class='ocrx_word' id='word_1_712' title='bbox 1215 4645 1339 4684; x_wconf 90' lang='lat' dir='ltr'><strong>eum</strong></span> <span class='ocrx_word' id='word_1_713' title='bbox 1394 4637 1671 4697; x_wconf 87' lang='lat' dir='ltr'><strong>adoraret,</strong></span> <span class='ocrx_word' id='word_1_714' title='bbox 1708 4636 1967 4697; x_wconf 85' lang='lat' dir='ltr'><strong>traderet,</strong></span> 
     </span>
    </p>
   </div>
   <div class='ocr_carea' id='block_1_89' title="bbox 411 4703 1981 4790">
    <p class='ocr_par' dir='ltr' id='par_1_89' title="bbox 411 4703 1981 4790">
     <span class='ocr_line' id='line_1_89' title="bbox 411 4703 1981 4790; baseline 0.003 -18"><span class='ocrx_word' id='word_1_715' title='bbox 411 4725 767 4785; x_wconf 83' lang='lat' dir='ltr'><strong>narraretque</strong></span> <span class='ocrx_word' id='word_1_716' title='bbox 796 4732 978 4772; x_wconf 85' lang='lat' dir='ltr'><strong>coram</strong></span> <span class='ocrx_word' id='word_1_717' title='bbox 1000 4719 1204 4785; x_wconf 91' lang='lat' dir='ltr'><strong>omnia,</strong></span> <span class='ocrx_word' id='word_1_718' title='bbox 1235 4736 1355 4790; x_wconf 72' lang='lat' dir='ltr'><strong>quae</strong></span> <span class='ocrx_word' id='word_1_719' title='bbox 1378 4723 1443 4775; x_wconf 90' lang='lat' dir='ltr'><strong>ad</strong></span> <span class='ocrx_word' id='word_1_720' title='bbox 1472 4736 1571 4775; x_wconf 90' lang='lat' dir='ltr'><strong>nos</strong></span> <span class='ocrx_word' id='word_1_721' title='bbox 1595 4724 1926 4790; x_wconf 84' lang='lat' dir='ltr'><strong>pertinerent</strong></span> <span class='ocrx_word' id='word_1_722' title='bbox 1951 4703 1981 4789; x_wconf 62' lang='grc'><strong>;²</strong></span> 
     </span>
    </p>
   </div>
   <div class='ocr_carea' id='block_1_90' title="bbox 409 4806 1962 4878">
    <p class='ocr_par' dir='ltr' id='par_1_90' title="bbox 409 4806 1962 4878">
     <span class='ocr_line' id='line_1_90' title="bbox 409 4806 1962 4878; baseline 0.003 -19"><span class='ocrx_word' id='word_1_723' title='bbox 409 4814 634 4860; x_wconf 88' lang='lat' dir='ltr'><strong>alteram</strong></span> <span class='ocrx_word' id='word_1_724' title='bbox 666 4806 837 4859; x_wconf 86' lang='lat' dir='ltr'><strong>eidem</strong></span> <span class='ocrx_word' id='word_1_725' title='bbox 876 4807 960 4861; x_wconf 89' lang='lat' dir='ltr'><strong>die</strong></span> <span class='ocrx_word' id='word_1_726' title='bbox 998 4810 1252 4876; x_wconf 88' lang='lat' dir='ltr'><strong>sequenti</strong></span> <span class='ocrx_word' id='word_1_727' title='bbox 1298 4813 1473 4864; x_wconf 89' lang='lat' dir='ltr'><strong>daret.</strong></span> <span class='ocrx_word' id='word_1_728' title='bbox 1522 4812 1737 4878; x_wconf 87' lang='lat' dir='ltr'><strong>Scripta</strong></span> <span class='ocrx_word' id='word_1_729' title='bbox 1780 4821 1962 4865; x_wconf 90' lang='lat' dir='ltr'><strong>autem</strong></span> 
     </span>
    </p>
   </div>
   <div class='ocr_carea' id='block_1_91' title="bbox 407 4895 1958 4969">
    <p class='ocr_par' dir='ltr' id='par_1_91' title="bbox 407 4895 1958 4969">
     <span class='ocr_line' id='line_1_91' title="bbox 407 4895 1958 4969; baseline 0.004 -21"><span class='ocrx_word' id='word_1_730' title='bbox 407 4906 521 4948; x_wconf 88' lang='lat' dir='ltr'><strong>erat</strong></span> <span class='ocrx_word' id='word_1_731' title='bbox 550 4895 778 4961; x_wconf 83' lang='lat' dir='ltr'><strong>epistola</strong></span> <span class='ocrx_word' id='word_1_732' title='bbox 827 4895 929 4949; x_wconf 87' lang='lat' dir='ltr'><strong>hoc</strong></span> <span class='ocrx_word' id='word_1_733' title='bbox 962 4899 1211 4965; x_wconf 82' lang='lat' dir='ltr'><strong>exemplo</strong></span> <span class='ocrx_word' id='word_1_734' title='bbox 1238 4915 1252 4952; x_wconf 91' lang='lat'><strong>:</strong></span> <span class='ocrx_word' id='word_1_735' title='bbox 1287 4918 1305 4951; x_wconf 76' lang='grc' dir='ltr'><strong>ι</strong></span> <span class='ocrx_word' id='word_1_736' title='bbox 1336 4900 1530 4955; x_wconf 89' lang='lat' dir='ltr'><strong>Salvus</strong></span> <span class='ocrx_word' id='word_1_737' title='bbox 1565 4900 1958 4969; x_wconf 83' lang='lat' dir='ltr'><strong>Trapezuntem</strong></span> 
     </span>
    </p>
   </div>
   <div class='ocr_carea' id='block_1_92' title="bbox 406 4982 1959 5055">
    <p class='ocr_par' dir='ltr' id='par_1_92' title="bbox 406 4982 1959 5055">
     <span class='ocr_line' id='line_1_92' title="bbox 406 4982 1959 5055; baseline 0.005 -20"><span class='ocrx_word' id='word_1_738' title='bbox 406 4982 640 5043; x_wconf 69' lang='lat' dir='ltr'><strong>delatus,</strong></span> <span class='ocrx_word' id='word_1_739' title='bbox 684 4996 749 5034; x_wconf 79' lang='lat' dir='ltr'><strong>ex</strong></span> <span class='ocrx_word' id='word_1_740' title='bbox 784 4982 889 5036; x_wconf 86' lang='lat' dir='ltr'><strong>hoc</strong></span> <span class='ocrx_word' id='word_1_741' title='bbox 918 4998 1043 5051; x_wconf 84' lang='lat' dir='ltr'><strong>rege</strong></span> <span class='ocrx_word' id='word_1_742' title='bbox 1081 4996 1312 5040; x_wconf 90' lang='lat' dir='ltr'><strong>mortem</strong></span> <span class='ocrx_word' id='word_1_743' title='bbox 1363 5002 1562 5042; x_wconf 59' lang='lat' dir='ltr'><strong>amera‘.</strong></span> <span class='ocrx_word' id='word_1_744' title='bbox 1608 4990 1866 5055; x_wconf 80' lang='lat' dir='ltr'><strong>cognovi,</strong></span> <span class='ocrx_word' id='word_1_745' title='bbox 1903 4998 1959 5042; x_wconf 92' lang='lat' dir='ltr'><strong>et</strong></span> 
     </span>
    </p>
   </div>
   <div class='ocr_carea' id='block_1_93' title="bbox 406 5074 1967 5147">
    <p class='ocr_par' dir='ltr' id='par_1_93' title="bbox 406 5074 1967 5147">
     <span class='ocr_line' id='line_1_93' title="bbox 406 5074 1967 5147; baseline 0.004 -21"><span class='ocrx_word' id='word_1_746' title='bbox 406 5075 750 5136; x_wconf 79' lang='lat' dir='ltr'><strong>amerissam,</strong></span> <span class='ocrx_word' id='word_1_747' title='bbox 777 5074 940 5144; x_wconf 89' lang='lat' dir='ltr'><strong>hujus</strong></span> <span class='ocrx_word' id='word_1_748' title='bbox 970 5091 1001 5130; x_wconf 89' lang='lat' dir='ltr'><strong>e</strong></span> <span class='ocrx_word' id='word_1_749' title='bbox 1023 5091 1214 5132; x_wconf 90' lang='lat' dir='ltr'><strong>sorore</strong></span> <span class='ocrx_word' id='word_1_750' title='bbox 1259 5089 1497 5146; x_wconf 83' lang='lat' dir='ltr'><strong>neptem,</strong></span> <span class='ocrx_word' id='word_1_751' title='bbox 1532 5080 1759 5147; x_wconf 87' lang='lat' dir='ltr'><strong>pulchre</strong></span> <span class='ocrx_word' id='word_1_752' title='bbox 1790 5093 1842 5133; x_wconf 91' lang='lat' dir='ltr'><strong>et</strong></span> <span class='ocrx_word' id='word_1_753' title='bbox 1870 5081 1967 5133; x_wconf 80' lang='lat' dir='ltr'><strong>lio-</strong></span> 
     </span>
    </p>
   </div>
   <div class='ocr_carea' id='block_1_94' title="bbox 405 5166 1964 5237">
    <p class='ocr_par' dir='ltr' id='par_1_94' title="bbox 405 5166 1964 5237">
     <span class='ocr_line' id='line_1_94' title="bbox 405 5166 1964 5237; baseline 0.005 -19"><span class='ocrx_word' id='word_1_754' title='bbox 405 5166 626 5220; x_wconf 88' lang='lat' dir='ltr'><strong>noritice</strong></span> <span class='ocrx_word' id='word_1_755' title='bbox 644 5166 699 5218; x_wconf 90' lang='lat' dir='ltr'><strong>in</strong></span> <span class='ocrx_word' id='word_1_756' title='bbox 720 5168 948 5234; x_wconf 87' lang='lat' dir='ltr'><strong>patriam</strong></span> <span class='ocrx_word' id='word_1_757' title='bbox 968 5168 1033 5221; x_wconf 89' lang='lat' dir='ltr'><strong>ad</strong></span> <span class='ocrx_word' id='word_1_758' title='bbox 1060 5180 1317 5237; x_wconf 91' lang='lat' dir='ltr'><strong>parentes</strong></span> <span class='ocrx_word' id='word_1_759' title='bbox 1340 5186 1611 5225; x_wconf 87' lang='lat' dir='ltr'><strong>reversam</strong></span> <span class='ocrx_word' id='word_1_760' title='bbox 1632 5186 1774 5225; x_wconf 92' lang='lat' dir='ltr'><strong>esse.</strong></span> <span class='ocrx_word' id='word_1_761' title='bbox 1808 5172 1964 5236; x_wconf 85' lang='lat' dir='ltr'><strong>Quod</strong></span> 
     </span>
    </p>
   </div>
   <div class='ocr_carea' id='block_1_95' title="bbox 405 5259 1963 5331">
    <p class='ocr_par' dir='ltr' id='par_1_95' title="bbox 405 5259 1963 5331">
     <span class='ocr_line' id='line_1_95' title="bbox 405 5259 1963 5331; baseline 0.006 -21"><span class='ocrx_word' id='word_1_762' title='bbox 405 5259 494 5311; x_wconf 89' lang='lat' dir='ltr'><strong>ubi</strong></span> <span class='ocrx_word' id='word_1_763' title='bbox 525 5259 785 5326; x_wconf 89' lang='lat' dir='ltr'><strong>comperi,</strong></span> <span class='ocrx_word' id='word_1_764' title='bbox 834 5262 1095 5313; x_wconf 92' lang='lat' dir='ltr'><strong>constitui</strong></span> <span class='ocrx_word' id='word_1_765' title='bbox 1132 5263 1271 5329; x_wconf 88' lang='lat' dir='ltr'><strong>apud</strong></span> <span class='ocrx_word' id='word_1_766' title='bbox 1330 5262 1596 5324; x_wconf 89' lang='lat' dir='ltr'><strong>animum,</strong></span> <span class='ocrx_word' id='word_1_767' title='bbox 1632 5264 1776 5331; x_wconf 92' lang='lat' dir='ltr'><strong>quod</strong></span> <span class='ocrx_word' id='word_1_768' title='bbox 1832 5266 1963 5319; x_wconf 77' lang='lat' dir='ltr'><strong>mihi</strong></span> 
     </span>
    </p>
   </div>
   <div class='ocr_carea' id='block_1_96' title="bbox 402 5350 1957 5421">
    <p class='ocr_par' dir='ltr' id='par_1_96' title="bbox 402 5350 1957 5421">
     <span class='ocr_line' id='line_1_96' title="bbox 402 5350 1957 5421; baseline 0.007 -22"><span class='ocrx_word' id='word_1_769' title='bbox 402 5350 577 5401; x_wconf 89' lang='lat' dir='ltr'><strong>visum</strong></span> <span class='ocrx_word' id='word_1_770' title='bbox 613 5357 715 5413; x_wconf 89' lang='lat' dir='ltr'><strong>est,</strong></span> <span class='ocrx_word' id='word_1_771' title='bbox 763 5352 1022 5417; x_wconf 65' lang='lat' dir='ltr'><strong>potentiae</strong></span> <span class='ocrx_word' id='word_1_772' title='bbox 1068 5361 1174 5405; x_wconf 64' lang='lat' dir='ltr'><strong>tua:</strong></span> <span class='ocrx_word' id='word_1_773' title='bbox 1220 5353 1550 5420; x_wconf 75' lang='lat' dir='ltr'><strong>significare,</strong></span> <span class='ocrx_word' id='word_1_774' title='bbox 1599 5353 1817 5410; x_wconf 90' lang='lat' dir='ltr'><strong>duobus</strong></span> <span class='ocrx_word' id='word_1_775' title='bbox 1852 5358 1957 5421; x_wconf 90' lang='lat' dir='ltr'><strong>his,</strong></span> 
     </span>
    </p>
   </div>
   <div class='ocr_carea' id='block_1_97' title="bbox 401 5439 1959 5505">
    <p class='ocr_par' dir='ltr' id='par_1_97' title="bbox 401 5439 1959 5505">
     <span class='ocr_line' id='line_1_97' title="bbox 401 5439 1959 5505; baseline 0.01 -17"><span class='ocrx_word' id='word_1_776' title='bbox 401 5439 469 5490; x_wconf 91' lang='lat' dir='ltr'><strong>ob</strong></span> <span class='ocrx_word' id='word_1_777' title='bbox 500 5453 619 5505; x_wconf 71' lang='lat' dir='ltr'><strong>qua:</strong></span> <span class='ocrx_word' id='word_1_778' title='bbox 662 5442 761 5493; x_wconf 88' lang='lat' dir='ltr'><strong>hoc</strong></span> <span class='ocrx_word' id='word_1_779' title='bbox 809 5442 909 5494; x_wconf 91' lang='lat' dir='ltr'><strong>iter</strong></span> <span class='ocrx_word' id='word_1_780' title='bbox 938 5441 1065 5503; x_wconf 85' lang='lat' dir='ltr'><strong>feci,</strong></span> <span class='ocrx_word' id='word_1_781' title='bbox 1117 5446 1410 5499; x_wconf 91' lang='lat' dir='ltr'><strong>couuubiis</strong></span> <span class='ocrx_word' id='word_1_782' title='bbox 1454 5447 1637 5502; x_wconf 87' lang='lat' dir='ltr'><strong>multis</strong></span> <span class='ocrx_word' id='word_1_783' title='bbox 1669 5448 1736 5502; x_wconf 89' lang='lat' dir='ltr'><strong>de</strong></span> <span class='ocrx_word' id='word_1_784' title='bbox 1774 5452 1959 5503; x_wconf 84' lang='lat' dir='ltr'><strong>causis</strong></span> 
     </span>
    </p>
   </div>
   <div class='ocr_carea' id='block_1_98' title="bbox 402 5528 1957 5607">
    <p class='ocr_par' dir='ltr' id='par_1_98' title="bbox 402 5528 1957 5607">
     <span class='ocr_line' id='line_1_98' title="bbox 402 5528 1957 5607; baseline 0.011 -30"><span class='ocrx_word' id='word_1_785' title='bbox 402 5529 587 5582; x_wconf 86' lang='lat' dir='ltr'><strong>utilius</strong></span> <span class='ocrx_word' id='word_1_786' title='bbox 604 5528 722 5583; x_wconf 87' lang='lat' dir='ltr'><strong>fore</strong></span> <span class='ocrx_word' id='word_1_787' title='bbox 748 5532 1015 5598; x_wconf 87' lang='lat' dir='ltr'><strong>majestati</strong></span> <span class='ocrx_word' id='word_1_788' title='bbox 1043 5543 1149 5589; x_wconf 70' lang='lat' dir='ltr'><strong>tuae</strong></span> <span class='ocrx_word' id='word_1_789' title='bbox 1170 5545 1224 5590; x_wconf 92' lang='lat' dir='ltr'><strong>et</strong></span> <span class='ocrx_word' id='word_1_790' title='bbox 1244 5537 1399 5607; x_wconf 90' lang='lat' dir='ltr'><strong>longe</strong></span> <span class='ocrx_word' id='word_1_791' title='bbox 1430 5540 1620 5593; x_wconf 88' lang='lat' dir='ltr'><strong>melius</strong></span> <span class='ocrx_word' id='word_1_792' title='bbox 1646 5541 1713 5594; x_wconf 91' lang='lat' dir='ltr'><strong>ad</strong></span> <span class='ocrx_word' id='word_1_793' title='bbox 1739 5544 1957 5595; x_wconf 85' lang='lat' dir='ltr'><strong>omnia-</strong></span> 
     </span>
    </p>
   </div>
   <div class='ocr_carea' id='block_1_99' title="bbox 401 5620 1944 5698">
    <p class='ocr_par' dir='ltr' id='par_1_99' title="bbox 401 5620 1944 5698">
     <span class='ocr_line' id='line_1_99' title="bbox 401 5620 1944 5698; baseline 0.012 -30"><span class='ocrx_word' id='word_1_794' title='bbox 401 5631 506 5683; x_wconf 84' lang='lat' dir='ltr'><strong>que</strong></span> <span class='ocrx_word' id='word_1_795' title='bbox 536 5620 736 5687; x_wconf 86' lang='lat' dir='ltr'><strong>aptius,</strong></span> <span class='ocrx_word' id='word_1_796' title='bbox 774 5622 819 5677; x_wconf 77' lang='lat' dir='ltr'><strong>si</strong></span> <span class='ocrx_word' id='word_1_797' title='bbox 856 5627 1105 5691; x_wconf 79' lang='lat' dir='ltr'><strong>potentiae</strong></span> <span class='ocrx_word' id='word_1_798' title='bbox 1154 5638 1258 5683; x_wconf 71' lang='lat' dir='ltr'><strong>tuae</strong></span> <span class='ocrx_word' id='word_1_799' title='bbox 1308 5632 1540 5698; x_wconf 89' lang='lat' dir='ltr'><strong>placeat,</strong></span> <span class='ocrx_word' id='word_1_800' title='bbox 1580 5632 1844 5687; x_wconf 86' lang='lat' dir='ltr'><strong>rationem</strong></span> <span class='ocrx_word' id='word_1_801' title='bbox 1880 5648 1944 5686; x_wconf 89' lang='lat' dir='ltr'><strong>ac</strong></span> 
     </span>
    </p>
   </div>
   <div class='ocr_carea' id='block_1_100' title="bbox 2084 4455 3623 4530">
    <p class='ocr_par' dir='ltr' id='par_1_100' title="bbox 2084 4455 3623 4530">
     <span class='ocr_line' id='line_1_100' title="bbox 2084 4455 3623 4530; baseline 0 -19"><span class='ocrx_word' id='word_1_802' title='bbox 2084 4457 2249 4511; x_wconf 88' lang='lat' dir='ltr'><strong>cedit.</strong></span> <span class='ocrx_word' id='word_1_803' title='bbox 2285 4455 2509 4523; x_wconf 89' lang='lat' dir='ltr'><strong>Deinde,</strong></span> <span class='ocrx_word' id='word_1_804' title='bbox 2540 4458 2581 4511; x_wconf 91' lang='lat' dir='ltr'><strong>si</strong></span> <span class='ocrx_word' id='word_1_805' title='bbox 2611 4458 2665 4511; x_wconf 91' lang='lat' dir='ltr'><strong>in</strong></span> <span class='ocrx_word' id='word_1_806' title='bbox 2697 4459 3103 4514; x_wconf 89' lang='lat' dir='ltr'><strong>matrimonium</strong></span> <span class='ocrx_word' id='word_1_807' title='bbox 3174 4472 3391 4530; x_wconf 88' lang='lat' dir='ltr'><strong>peteres</strong></span> <span class='ocrx_word' id='word_1_808' title='bbox 3444 4461 3623 4528; x_wconf 86' lang='lat' dir='ltr'><strong>Trape-</strong></span> 
     </span>
    </p>
   </div>
   <div class='ocr_carea' id='block_1_101' title="bbox 2088 4550 3624 4625">
    <p class='ocr_par' dir='ltr' id='par_1_101' title="bbox 2088 4550 3624 4625">
     <span class='ocr_line' id='line_1_101' title="bbox 2088 4550 3624 4625; baseline 0 -22"><span class='ocrx_word' id='word_1_809' title='bbox 2088 4551 2405 4604; x_wconf 88' lang='lat' dir='ltr'><strong>zuntiorum</strong></span> <span class='ocrx_word' id='word_1_810' title='bbox 2494 4550 2638 4618; x_wconf 84' lang='lat' dir='ltr'><strong>regis</strong></span> <span class='ocrx_word' id='word_1_811' title='bbox 2728 4550 2938 4615; x_wconf 85' lang='lat' dir='ltr'><strong>filiam,</strong></span> <span class='ocrx_word' id='word_1_812' title='bbox 3012 4556 3359 4622; x_wconf 80' lang='lat' dir='ltr'><strong>cognationis</strong></span> <span class='ocrx_word' id='word_1_813' title='bbox 3421 4556 3624 4625; x_wconf 79' lang='lat' dir='ltr'><strong>gratiam</strong></span> 
     </span>
    </p>
   </div>
   <div class='ocr_carea' id='block_1_102' title="bbox 2076 4641 3625 4710">
    <p class='ocr_par' dir='ltr' id='par_1_102' title="bbox 2076 4641 3625 4710">
     <span class='ocr_line' id='line_1_102' title="bbox 2076 4641 3625 4710; baseline 0.001 -15"><span class='ocrx_word' id='word_1_814' title='bbox 2076 4656 2357 4710; x_wconf 86' lang='lat' dir='ltr'><strong>speramus</strong></span> <span class='ocrx_word' id='word_1_815' title='bbox 2398 4642 2490 4695; x_wconf 87' lang='lat' dir='ltr'><strong>tibi</strong></span> <span class='ocrx_word' id='word_1_816' title='bbox 2536 4641 2738 4696; x_wconf 87' lang='lat' dir='ltr'><strong>factum</strong></span> <span class='ocrx_word' id='word_1_817' title='bbox 2782 4642 2849 4695; x_wconf 91' lang='lat' dir='ltr'><strong>iri</strong></span> <span class='ocrx_word' id='word_1_818' title='bbox 2881 4644 2949 4697; x_wconf 89' lang='lat' dir='ltr'><strong>ab</strong></span> <span class='ocrx_word' id='word_1_819' title='bbox 2981 4641 3243 4709; x_wconf 87' lang='lat' dir='ltr'><strong>Ecclesia,</strong></span> <span class='ocrx_word' id='word_1_820' title='bbox 3280 4647 3326 4700; x_wconf 87' lang='lat' dir='ltr'><strong>si</strong></span> <span class='ocrx_word' id='word_1_821' title='bbox 3380 4648 3433 4700; x_wconf 90' lang='lat' dir='ltr'><strong>in</strong></span> <span class='ocrx_word' id='word_1_822' title='bbox 3488 4660 3625 4699; x_wconf 85' lang='lat' dir='ltr'><strong>men-</strong></span> 
     </span>
    </p>
   </div>
   <div class='ocr_carea' id='block_1_103' title="bbox 2078 4733 3623 4804">
    <p class='ocr_par' dir='ltr' id='par_1_103' title="bbox 2078 4733 3623 4804">
     <span class='ocr_line' id='line_1_103' title="bbox 2078 4733 3623 4804; baseline 0.001 -17"><span class='ocrx_word' id='word_1_823' title='bbox 2078 4733 2251 4793; x_wconf 85' lang='lat' dir='ltr'><strong>dicos.</strong></span> <span class='ocrx_word' id='word_1_824' title='bbox 2313 4735 2586 4800; x_wconf 71' lang='lat' dir='ltr'><strong>orpltanos</strong></span> <span class='ocrx_word' id='word_1_825' title='bbox 2663 4742 2717 4787; x_wconf 89' lang='lat' dir='ltr'><strong>et</strong></span> <span class='ocrx_word' id='word_1_826' title='bbox 2774 4734 3036 4788; x_wconf 88' lang='lat' dir='ltr'><strong>ecclesias</strong></span> <span class='ocrx_word' id='word_1_827' title='bbox 3094 4740 3386 4804; x_wconf 88' lang='lat' dir='ltr'><strong>pecuniam</strong></span> <span class='ocrx_word' id='word_1_828' title='bbox 3444 4752 3623 4803; x_wconf 63' lang='grc' dir='ltr'>ιιι-οεο-</span> 
     </span>
    </p>
   </div>
   <div class='ocr_carea' id='block_1_104' title="bbox 2081 4821 3620 4891">
    <p class='ocr_par' dir='ltr' id='par_1_104' title="bbox 2081 4821 3620 4891">
     <span class='ocr_line' id='line_1_104' title="bbox 2081 4821 3620 4891; baseline 0.001 -17"><span class='ocrx_word' id='word_1_829' title='bbox 2081 4822 2173 4875; x_wconf 91' lang='lat' dir='ltr'><strong>ris.</strong></span> <span class='ocrx_word' id='word_1_830' title='bbox 2231 4821 2342 4875; x_wconf 90' lang='lat' dir='ltr'><strong>lloc</strong></span> <span class='ocrx_word' id='word_1_831' title='bbox 2398 4832 2550 4875; x_wconf 91' lang='lat' dir='ltr'><strong>tanto</strong></span> <span class='ocrx_word' id='word_1_832' title='bbox 2583 4822 2756 4891; x_wconf 84' lang='lat' dir='ltr'><strong>magis</strong></span> <span class='ocrx_word' id='word_1_833' title='bbox 2806 4831 2861 4875; x_wconf 90' lang='lat' dir='ltr'><strong>et</strong></span> <span class='ocrx_word' id='word_1_834' title='bbox 2906 4823 3124 4878; x_wconf 78' lang='lat' dir='ltr'><strong>facilius</strong></span> <span class='ocrx_word' id='word_1_835' title='bbox 3164 4827 3495 4880; x_wconf 88' lang='lat' dir='ltr'><strong>concedetur</strong></span> <span class='ocrx_word' id='word_1_836' title='bbox 3538 4824 3620 4877; x_wconf 85' lang='lat' dir='ltr'><strong>tibi</strong></span> 
     </span>
    </p>
   </div>
   <div class='ocr_carea' id='block_1_105' title="bbox 2082 4912 3619 4981">
    <p class='ocr_par' dir='ltr' id='par_1_105' title="bbox 2082 4912 3619 4981">
     <span class='ocr_line' id='line_1_105' title="bbox 2082 4912 3619 4981; baseline 0.004 -19"><span class='ocrx_word' id='word_1_837' title='bbox 2082 4912 2490 4964; x_wconf 83' lang='lat' dir='ltr'><strong>matrimonium</strong></span> <span class='ocrx_word' id='word_1_838' title='bbox 2524 4913 2646 4966; x_wconf 72' lang='lat' dir='ltr'><strong>lilia:</strong></span> <span class='ocrx_word' id='word_1_839' title='bbox 2679 4914 2919 4981; x_wconf 71' lang='lat' dir='ltr'><strong>despota:</strong></span> <span class='ocrx_word' id='word_1_840' title='bbox 2976 4913 3199 4981; x_wconf 69' lang='lat' dir='ltr'><strong>Serviw,</strong></span> <span class='ocrx_word' id='word_1_841' title='bbox 3240 4922 3519 4973; x_wconf 79' lang='lat' dir='ltr'><strong>amerissze</strong></span> <span class='ocrx_word' id='word_1_842' title='bbox 3551 4920 3619 4970; x_wconf 87' lang='lat' dir='ltr'><strong>iu-</strong></span> 
     </span>
    </p>
   </div>
   <div class='ocr_carea' id='block_1_106' title="bbox 2078 5005 3619 5079">
    <p class='ocr_par' dir='ltr' id='par_1_106' title="bbox 2078 5005 3619 5079">
     <span class='ocr_line' id='line_1_106' title="bbox 2078 5005 3619 5079; baseline 0.005 -26"><span class='ocrx_word' id='word_1_843' title='bbox 2078 5017 2265 5071; x_wconf 87' lang='lat' dir='ltr'><strong>quam,</strong></span> <span class='ocrx_word' id='word_1_844' title='bbox 2300 5014 2522 5071; x_wconf 90' lang='lat' dir='ltr'><strong>propter</strong></span> <span class='ocrx_word' id='word_1_845' title='bbox 2550 5012 2701 5057; x_wconf 84' lang='lat' dir='ltr'><strong>tanta</strong></span> <span class='ocrx_word' id='word_1_846' title='bbox 2732 5005 2822 5057; x_wconf 83' lang='lat' dir='ltr'><strong>illa</strong></span> <span class='ocrx_word' id='word_1_847' title='bbox 2856 5005 3031 5060; x_wconf 85' lang='lat' dir='ltr'><strong>ollicia</strong></span> <span class='ocrx_word' id='word_1_848' title='bbox 3064 5018 3119 5061; x_wconf 87' lang='lat' dir='ltr'><strong>et</strong></span> <span class='ocrx_word' id='word_1_849' title='bbox 3156 5025 3411 5073; x_wconf 91' lang='lat' dir='ltr'><strong>munera,</strong></span> <span class='ocrx_word' id='word_1_850' title='bbox 3441 5011 3619 5079; x_wconf 86' lang='lat' dir='ltr'><strong>quibus</strong></span> 
     </span>
    </p>
   </div>
   <div class='ocr_carea' id='block_1_107' title="bbox 2077 5094 3617 5164">
    <p class='ocr_par' dir='ltr' id='par_1_107' title="bbox 2077 5094 3617 5164">
     <span class='ocr_line' id='line_1_107' title="bbox 2077 5094 3617 5164; baseline 0.004 -19"><span class='ocrx_word' id='word_1_851' title='bbox 2077 5095 2317 5161; x_wconf 79' lang='lat' dir='ltr'><strong>quatidie</strong></span> <span class='ocrx_word' id='word_1_852' title='bbox 2370 5095 2447 5148; x_wconf 89' lang='lat' dir='ltr'><strong>illi</strong></span> <span class='ocrx_word' id='word_1_853' title='bbox 2496 5094 2806 5164; x_wconf 78' lang='lat' dir='ltr'><strong>obligantur</strong></span> <span class='ocrx_word' id='word_1_854' title='bbox 2858 5095 3138 5162; x_wconf 89' lang='lat' dir='ltr'><strong>Ecclesia,</strong></span> <span class='ocrx_word' id='word_1_855' title='bbox 3191 5101 3617 5161; x_wconf 82' lang='lat' dir='ltr'><strong>hieromonachi,</strong></span> 
     </span>
    </p>
   </div>
   <div class='ocr_carea' id='block_1_108' title="bbox 2078 5186 3617 5253">
    <p class='ocr_par' dir='ltr' id='par_1_108' title="bbox 2078 5186 3617 5253">
     <span class='ocr_line' id='line_1_108' title="bbox 2078 5186 3617 5253; baseline 0.002 -16"><span class='ocrx_word' id='word_1_856' title='bbox 2078 5186 2352 5247; x_wconf 80' lang='lat' dir='ltr'><strong>monachi,</strong></span> <span class='ocrx_word' id='word_1_857' title='bbox 2390 5187 2679 5239; x_wconf 84' lang='lat' dir='ltr'><strong>universus</strong></span> <span class='ocrx_word' id='word_1_858' title='bbox 2720 5186 2963 5253; x_wconf 81' lang='lat' dir='ltr'><strong>denique</strong></span> <span class='ocrx_word' id='word_1_859' title='bbox 2997 5190 3201 5243; x_wconf 89' lang='lat' dir='ltr'><strong>clerus.</strong></span> <span class='ocrx_word' id='word_1_860' title='bbox 3241 5192 3382 5245; x_wconf 88' lang='lat' dir='ltr'><strong>Illud</strong></span> <span class='ocrx_word' id='word_1_861' title='bbox 3426 5201 3617 5247; x_wconf 87' lang='lat' dir='ltr'><strong>autem,</strong></span> 
     </span>
    </p>
   </div>
   <div class='ocr_carea' id='block_1_109' title="bbox 2074 5274 3619 5351">
    <p class='ocr_par' dir='ltr' id='par_1_109' title="bbox 2074 5274 3619 5351">
     <span class='ocr_line' id='line_1_109' title="bbox 2074 5274 3619 5351; baseline 0.005 -26"><span class='ocrx_word' id='word_1_862' title='bbox 2074 5275 2219 5340; x_wconf 89' lang='lat' dir='ltr'><strong>quod</strong></span> <span class='ocrx_word' id='word_1_863' title='bbox 2270 5274 2501 5328; x_wconf 72' lang='lat' dir='ltr'><strong>Tuream</strong></span> <span class='ocrx_word' id='word_1_864' title='bbox 2536 5277 2789 5328; x_wconf 87' lang='lat' dir='ltr'><strong>maritum</strong></span> <span class='ocrx_word' id='word_1_865' title='bbox 2842 5277 3055 5344; x_wconf 89' lang='lat' dir='ltr'><strong>habuit,</strong></span> <span class='ocrx_word' id='word_1_866' title='bbox 3093 5281 3319 5335; x_wconf 89' lang='lat' dir='ltr'><strong>minime</strong></span> <span class='ocrx_word' id='word_1_867' title='bbox 3360 5283 3619 5351; x_wconf 85' lang='lat' dir='ltr'><strong>singulare</strong></span> 
     </span>
    </p>
   </div>
   <div class='ocr_carea' id='block_1_110' title="bbox 2075 5367 3621 5442">
    <p class='ocr_par' dir='ltr' id='par_1_110' title="bbox 2075 5367 3621 5442">
     <span class='ocr_line' id='line_1_110' title="bbox 2075 5367 3621 5442; baseline 0.002 -23"><span class='ocrx_word' id='word_1_868' title='bbox 2075 5375 2180 5426; x_wconf 85' lang='lat' dir='ltr'><strong>est,</strong></span> <span class='ocrx_word' id='word_1_869' title='bbox 2214 5367 2472 5432; x_wconf 84' lang='lat' dir='ltr'><strong>quoniam</strong></span> <span class='ocrx_word' id='word_1_870' title='bbox 2499 5368 2663 5420; x_wconf 90' lang='lat' dir='ltr'><strong>etiam</strong></span> <span class='ocrx_word' id='word_1_871' title='bbox 2709 5368 2946 5423; x_wconf 89' lang='lat' dir='ltr'><strong>Eudocia</strong></span> <span class='ocrx_word' id='word_1_872' title='bbox 2986 5372 3266 5438; x_wconf 70' lang='lat' dir='ltr'><strong>despmtta,</strong></span> <span class='ocrx_word' id='word_1_873' title='bbox 3304 5389 3426 5442; x_wconf 76' lang='lat' dir='ltr'><strong>qua:</strong></span> <span class='ocrx_word' id='word_1_874' title='bbox 3448 5376 3528 5426; x_wconf 83' lang='lat' dir='ltr'><strong>avi</strong></span> <span class='ocrx_word' id='word_1_875' title='bbox 3552 5372 3621 5423; x_wconf 91' lang='lat' dir='ltr'><strong>tui</strong></span> 
     </span>
    </p>
   </div>
   <div class='ocr_carea' id='block_1_111' title="bbox 2075 5458 3621 5535">
    <p class='ocr_par' dir='ltr' id='par_1_111' title="bbox 2075 5458 3621 5535">
     <span class='ocr_line' id='line_1_111' title="bbox 2075 5458 3621 5535; baseline 0.005 -25"><span class='ocrx_word' id='word_1_876' title='bbox 2075 5473 2210 5510; x_wconf 79' lang='lat' dir='ltr'><strong>uxor</strong></span> <span class='ocrx_word' id='word_1_877' title='bbox 2253 5458 2370 5520; x_wconf 88' lang='lat' dir='ltr'><strong>fuit,</strong></span> <span class='ocrx_word' id='word_1_878' title='bbox 2400 5470 2523 5511; x_wconf 88' lang='lat' dir='ltr'><strong>ante</strong></span> <span class='ocrx_word' id='word_1_879' title='bbox 2555 5460 2785 5513; x_wconf 86' lang='lat' dir='ltr'><strong>Turcam</strong></span> <span class='ocrx_word' id='word_1_880' title='bbox 2820 5464 3104 5531; x_wconf 86' lang='lat' dir='ltr'><strong>conjugem</strong></span> <span class='ocrx_word' id='word_1_881' title='bbox 3133 5464 3417 5531; x_wconf 86' lang='lat' dir='ltr'><strong>habuerat,</strong></span> <span class='ocrx_word' id='word_1_882' title='bbox 3457 5478 3621 5535; x_wconf 69' lang='lat' dir='ltr'><strong>parva:</strong></span> 
     </span>
    </p>
   </div>
   <div class='ocr_carea' id='block_1_112' title="bbox 2073 5550 3619 5625">
    <p class='ocr_par' dir='ltr' id='par_1_112' title="bbox 2073 5550 3619 5625">
     <span class='ocr_line' id='line_1_112' title="bbox 2073 5550 3619 5625; baseline 0.006 -24"><span class='ocrx_word' id='word_1_883' title='bbox 2073 5558 2126 5601; x_wconf 85' lang='lat' dir='ltr'><strong>et</strong></span> <span class='ocrx_word' id='word_1_884' title='bbox 2153 5550 2312 5602; x_wconf 66' lang='lat' dir='ltr'><strong>exilis</strong></span> <span class='ocrx_word' id='word_1_885' title='bbox 2346 5552 2582 5618; x_wconf 77' lang='lat' dir='ltr'><strong>regionis</strong></span> <span class='ocrx_word' id='word_1_886' title='bbox 2615 5556 2934 5624; x_wconf 86' lang='lat' dir='ltr'><strong>principem,</strong></span> <span class='ocrx_word' id='word_1_887' title='bbox 2969 5558 3054 5609; x_wconf 91' lang='lat' dir='ltr'><strong>cui</strong></span> <span class='ocrx_word' id='word_1_888' title='bbox 3086 5560 3251 5612; x_wconf 86' lang='lat' dir='ltr'><strong>etiam</strong></span> <span class='ocrx_word' id='word_1_889' title='bbox 3286 5558 3493 5611; x_wconf 87' lang='lat' dir='ltr'><strong>liberos</strong></span> <span class='ocrx_word' id='word_1_890' title='bbox 3530 5570 3619 5625; x_wconf 77' lang='lat' dir='ltr'><strong>pe-</strong></span> 
     </span>
    </p>
   </div>
   <div class='ocr_carea' id='block_1_113' title="bbox 2074 5639 3622 5718">
    <p class='ocr_par' dir='ltr' id='par_1_113' title="bbox 2074 5639 3622 5718">
     <span class='ocr_line' id='line_1_113' title="bbox 2074 5639 3622 5718; baseline 0.008 -28"><span class='ocrx_word' id='word_1_891' title='bbox 2074 5650 2313 5708; x_wconf 81' lang='lat' dir='ltr'><strong>pererat.</strong></span> <span class='ocrx_word' id='word_1_892' title='bbox 2338 5639 2540 5697; x_wconf 86' lang='lat' dir='ltr'><strong>Contra</strong></span> <span class='ocrx_word' id='word_1_893' title='bbox 2566 5644 2678 5699; x_wconf 63' lang='lat' dir='ltr'><strong>haec</strong></span> <span class='ocrx_word' id='word_1_894' title='bbox 2712 5656 2818 5699; x_wconf 92' lang='lat' dir='ltr'><strong>tam</strong></span> <span class='ocrx_word' id='word_1_895' title='bbox 2849 5648 3033 5703; x_wconf 81' lang='lat' dir='ltr'><strong>eximii</strong></span> <span class='ocrx_word' id='word_1_896' title='bbox 3068 5649 3325 5718; x_wconf 86' lang='lat' dir='ltr'><strong>principis</strong></span> <span class='ocrx_word' id='word_1_897' title='bbox 3355 5659 3411 5705; x_wconf 81' lang='lat' dir='ltr'><strong>et</strong></span> <span class='ocrx_word' id='word_1_898' title='bbox 3435 5659 3622 5703; x_wconf 61' lang='lat' dir='ltr'><strong>amen!</strong></span> 
     </span>
    </p>
   </div>
  </div>
