3916 6196
264 363 368 432 817

1258 376 1707 440 CHRONICON
1746 382 2018 449 MAJUS.
2051 408 2120 421 ·-
2152 385 2296 451 LIB;
2346 386 2462 448 III.

3415 383 3537 448 8'18‘

269 489 390 557 ρίου
424 483 637 556 θέλημα
665 488 990 558 γενήσηται,
1026 490 1148 544 ἐπεὶ
1174 495 1454 564 συμφέρον
1488 498 1553 567 τῇ
1591 495 1842 569 βασιλείᾳ
1868 503 1920 560 Α
1945 504 2124 568 γονεῖς
2146 504 2315 574 αὐτῆς
2346 505 2520 574 ήδέως
2542 504 2635 560 καὶ
2657 506 2913 574 ἀσμένως
2942 504 3034 558 τὸν
3055 505 3216 573 λόγον
3240 503 3518 570 ἐδέξαντο,

266 576 361 630 σού
391 580 508 631 ἐστι
558 579 624 630 τὰ
671 580 1048 649 προειρημένα
1082 583 1208 652 τρία
1253 585 1544 649 αἷτια,ἐάν
1592 591 1840 656 γένηται,

266 669 492 739 μᾶλλον.
528 671 637 722 Καὶ
661 673 712 724 οἱ
755 676 934 739 γονεῖς
965 673 1139 742 αὐτῆς
1171 677 1487 746 περιχαρῶς
1541 680 1636 732 καὶ
1671 681 1843 750 ἀσμέ-

264 777 373 823 νως
406 761 650 825 δέξονται
699 763 880 818 τοῦτο.
941 764 1354 830 Ἐξαπόστειλον
1398 763 1493 821 οὖν
1523 769 1686 832 εὐθύς
1715 786 1842 823 τινα

264 852 459 904 πιστὸν
488 852 598 906 τῶν
626 853 721 906 τοῦ
753 853 1015 908 παλατίου
1049 872 1143 909 σου
1191 857 1472 928 ἀρχόντων
1504 859 1536 930 ἢ
1565 861 1675 913 τῶν
1702 863 1844 932 ἱερο-

263 945 584 1016 μονάχωνή
629 946 909 1015 μοναχῶν,
949 948 1064 1002 καὶ,
1094 948 1162 1000 τὰ
1205 951 1338 1019 περὶ
1385 953 1579 1003 τούτου
1615 953 1844 1022 διορθώ-

263 1054 439 1099 σουσι,
471 1038 566 1090 καὶ
616 1038 856 1108 ἀναϐολὴ
904 1039 1131 1108 οὐδεμία
1176 1043 1492 1113 γενήσεται.
1529 1068 1550 1097 ο
1595 1046 1843 1100 Ἀποσω-

260 1129 466 1182 θέντων
495 1126 591 1182 οὖν
618 1130 728 1182 τῶν
768 1135 1348 1202 γραμματοκομιστῶν
1397 1137 1536 1204 μετά
1576 1139 1676 1205 τῆς
1712 1139 1841 1207 νηὸς

257 1224 317 1274 ὲν
342 1225 410 1292 τῇ
443 1222 602 1274 πόλει
632 1226 696 1292 τῇ
733 1223 820 1294 κη’
847 1224 1055 1288 Μαΐου,
1103 1227 1199 1279 καὶ
1249 1230 1277 1280 6
1331 1227 1585 1296 βασιλεὺς
1630 1230 1706 1282 ὣν
1759 1235 1840 1294 εἰς

259 1315 455 1382 χοιράγ
468 1331 591 1384 ραν,
619 1314 694 1378 ὡς
721 1316 972 1387 ἐμηνύθη
1000 1318 1151 1389 αὐτῷ
1185 1319 1350 1390 216
1371 1322 1455 1373 ὅτι
1479 1323 1622 1384 τινὲς
1651 1325 1716 1376 ἐκ
1741 1324 1840 1391 τῆς

219 1396 232 1406 ’
271 1404 519 1472 Ἰϐηρίας
565 1405 912 1475 ἐληλύθασιν,
964 1409 1132 1472 ἐάσας
1183 1413 1264 1464 τὸθ
1299 1413 1562 1482 συάγριον
1614 1415 1672 1467 ἐν
1727 1417 1839 1477 τοῖς

258 1496 589 1566 ἀνακτόροις
617 1491 751 1566 ἦλθε
783 1499 924 1568 μετά
969 1503 1170 1572 χαρᾶς.
1219 1502 1308 1554 Ἐν
1348 1496 1392 1570 ᾧ
1431 1504 1496 1574 δὴ
1535 1505 1716 1576 καιρῷ
1745 1504 1839 1573 ἔφ-

256 1587 434 1640 θασαν
463 1588 515 1640 οἱ
545 1595 1002 1660 χαρτοκομισταὶ,
1035 1595 1103 1663 τῇ
1132 1600 1218 1662 κη’
1245 1594 1340 1648 τοῦ
1370 1597 1572 1660 Μαΐου,
1599 1600 1664 1668 τῇ
1697 1599 1835 1670 αὐτῇ

255 1678 419 1730 νυκτὶ
450 1678 746 1732 ὑπνώττων
783 1681 957 1752 ἐφάνη
1012 1701 1102 1753 μοι
1153 1685 1275 1738 κατ’
1319 1686 1452 1754 ὄναρ
1483 1688 1564 1742 ὅτι
1595 1689 1690 1742 καὶ
1725 1689 1838 1757 ἐγὼ

253 1770 334 1832 εἰς
366 1769 470 1839 τὴν
513 1771 1092 1828 Κωνσταντινούπολιν
1125 1775 1363 1844 ἔφθασα,
1393 1780 1488 1832 καὶ
1524 1781 1840 1850 προσσπεύ-

256 1877 358 1924 σας
403 1861 483 1932 τῷ
532 1862 748 1932 βασιλεῖ
797 1867 1152 1935 ἀσπασθῆναί
1198 1887 1265 1939 με
1301 1873 1426 1936 τούς
1459 1873 1630 1937 πόδας
1671 1873 1838 1928 αὐτοῦ

254 1954 357 2006 οὐκ
391 1954 558 2008 εἴασέ.
577 1974 671 2024 με,
695 1957 813 2010 ἀλλ’
841 1959 1121 2013 ἐπιλαϐὼν
1151 1963 1420 2031 ἀνέστησέ
1454 1981 1522 2033 με
1553 1965 1648 2016 καὶ
1674 1982 1839 2017 κατε-

253 2045 452 2117 φίλησέ
489 2065 592 2118 μου
639 2050 1128 2121 τούςρφθαλμούς.
1161 2054 1378 2122 Ἔγωγε
1412 2055 1644 2122 ἔξυπνος
1689 2056 1842 2122 γενό-

264 2157 430 2208 μενος
469 2137 624 2196 εἶπον
663 2145 776 2206 τοῖς
811 2147 943 2216 περὶ
995 2146 1099 2215 ἐμὲ
1145 2147 1375 2202 ύπνοῦσι
1409 2149 1468 2201 τὸ
1501 2150 1708 2220 ὅραμα,
1738 2152 1836 2204 καὶ

250 2232 406 2294 ὅπως
432 2230 535 2300 τῆς
559 2231 777 2303 ἡμέρας
806 2237 1246 2304 μνημονεύσωσι.
1291 2238 1440 2292 Ἰδὼν
1477 2239 1569 2292 οὖν
1595 2242 1622 2292 6
1646 2240 1840 2293 αὐθέν-

247 2337 348 2390 της
393 2338 498 2389 μου
543 2325 638 2375 καὶ
687 2323 944 2393 βασιλεὺς
976 2326 1054 2397 μὴ
1102 2327 1278 2382 ἐλθεῖν
1314 2346 1412 2395 με,
1447 2327 1566 2382 ἀλλ’
1609 2329 1675 2382 ἐκ
1728 2329 1846 2383 τῶν

249 2415 350 2466 σὺν
394 2415 542 2484 ἐμοὶ,
570 2417 666 2468 καὶ
704 2416 803 2492 τὴν
835 2417 1064 2488 πρώτην
1099 2421 1320 2491 γραφὴν
1365 2423 1696 2490 ἀναγνώσας
1736 2440 1837 2476 πε-

249 2504 489 2573 ρίλυπος
518 2507 741 2574 ἐγένετο
771 2510 866 2562 καὶ
890 2511 1184 2581 ἐδυσφόρει
1207 2514 1535 2583 κατηγορῶν
1561 2515 1662 2583 τὴν
1691 2514 1834 2585 ἐμὴν

247 2597 564 2667 βραδύτητα
583 2614 598 2629 ο
627 2599 703 2663 ώς
731 2601 789 2653 δὲ
819 2601 916 2672 τὴν
964 2603 1162 2673 ἑτέραν
1191 2607 1416 2676 γραφὴν
1451 2606 1546 2658 ἐπὶ
1594 2606 1694 2678 τὴν
1728 2607 1828 2660 αὐο

248 2706 366 2756 ριον
426 2690 664 2760 ἀνέγνω,
720 2681 817 2746 καὶ
866 2693 1054 2762 μαθὼν
1090 2697 1312 2766 μέλλειν
1360 2697 1537 2752 ἐλθεῖν
1591 2697 1682 2752 διὰ
1730 2699 1832 2769 τῆς

247 2781 497 2850 γραφῆς,
529 2784 638 2837 ίδοὺ
663 2785 909 2856 ἠρκέσθη
943 2787 1034 2840 καὶ
1083 2787 1301 2858 χαρίεις
1335 2792 1664 2860 ἐναπέμεινε
1689 2807 1703 2822 ο
1736 2794 1832 2846 καὶ

246 2874 415 2939 εὐθὺς
465 2878 834 2946 οἰκονομήσας
880 2879 1138 2952 Μανουὴλ
1188 2881 1284 2935 τὸν
1342 2883 1708 2953 Παλαιολόγον
1737 2885 1833 2940 τὸν

245 2968 344 3036 τῆς
408 2967 877 3039 Καντακουζηνῆς
928 2972 1029 3042 τῆς
1074 2962 1666 3047 πρωτοστρατορίσσης
1701 2978 1830 3030 ave.

239 3059 394 3127 ψιδν,
424 3060 812 3126 ἐξαπέστειλεν
837 3063 1000 3117 αὐτὸν
1027 3065 1163 3136 πρὸς
1200 3067 1294 3119 τὸν
1323 3066 1426 3136 τῆς
1475 3067 1708 3137 Σερϐίας
1737 3069 1826 3122 δε-

1949 593 2043 644 καὶ
2071 593 2303 662 ἑτοίμως
2323 591 2473 664 εἶχον
2505 596 2862 666 ἐκπληρῶσαι
2891 600 2986 650 καὶ
3015 598 3076 649 τὸ
3105 599 3289 666 ἔργον.
3325 597 3524 650 Ἀλλον

1947 684 2058 754 γὰρ
2087 686 2189 738 οὐκ
2223 686 2466 739 ἐκώλυσε
2497 688 2557 741 τὸ
2605 689 2850 742 τοιοῦτον
2888 691 3223 743 συνοικέσιον
3251 691 3299 742 εἰ
3336 690 3410 758 μὴ
3437 689 3524 741 ὅτι

1945 774 1980 843 ἡ
2017 773 2304 843 ἀμήρισσα
2342 774 2536 845 ἐδεήθη
2568 775 2665 827 τοῦ
2713 775 2849 830 Θεοῦ
2883 777 3156 846 εὐχομένη
3193 775 3406 840 τάξασα
3442 773 3525 825 ἐτι

1946 864 2151 928 ζῶντος
2186 865 2277 918 τοῦ
2308 865 2502 936 ἁμηρᾶ
2546 868 2639 920 καὶ
2669 867 2865 937 ἀνδρὸς
2904 867 3096 935 αὐτῆς,
3127 869 3175 919 εἰ
3208 869 3236 920 6
3269 866 3402 928 Θεὸς
3428 865 3525 934 οἴῳ

1943 955 2007 1025 δή
2049 972 2177 1009 ποτε
2201 956 2391 1026 τρόπῳ
2419 957 2762 1029 ἐλευθερώσῃ
2801 957 2971 1028 αὐτὴν
3006 959 3070 1009 ἐκ
3104 959 3203 1021 τὰς
3239 959 3348 1008 τῶν
3398 959 3527 1010 ἀσι-

1945 1045 2056 1099 ϐῶν
2083 1049 2290 1117 χεῖρας,
2321 1047 2497 1117 ἑτέρῳ
2531 1047 2686 1118 ἀνδρὶ
2735 1051 2935 1118 μηκέτι
2968 1048 3027 1100 ἐν
3081 1051 3146 1116 τῇ
3208 1047 3369 1115 217
3409 1045 3522 1115 ζωῇ

1945 1136 2119 1206 αὐτῆς
2144 1137 2496 1207 συζευχθείη,
2518 1139 2655 1190 ἀλλά
2685 1140 2872 1208 μένειν
2899 1137 3070 1205 αὐτὴν
3099 1139 3156 1190 ἐν
3190 1137 3523 1206 σοφρωσύνῃ

1943 1230 2392 1296 παρθενεύουσαν
2442 1234 2538 1285 καὶ
2591 1232 2736 1285 κατά
2790 1231 2854 1284 τὸ
2907 1231 3136 1283 δυνατὸν
3193 1227 3526 1298 θεραπεύειν

1941 1320 2062 1390 Θεῴ
2096 1321 2173 1390 τῷ
2200 1323 2300 1393 τήν
2335 1324 2652 1393 ἐλευθερίαν
2690 1323 2864 1392 αὐτῆς
2897 1322 3310 1392 χορηγήσαντι·
3343 1319 3412 1372 δι’
3460 1318 3528 1388 ἡν

1941 1412 2125 1466 αἰτίαν
2155 1413 2215 1465 τὸ
2250 1414 2590 1468 συνοικέσιον
2628 1415 2788 1467 τοῦτο
2822 1415 2920 1468 οὐκ
2950 1415 3194 1482 ἐγένετο.
3451 1415 3453 1417 ’

2011 1504 2101 1573 Τῷ
2132 1505 2228 1557 τοῦ
2279 1505 2445 1559 αὐτοῦ
2481 1506 2634 1570 ἔτους
2681 1507 2982 1576 Αὐγούστῳ
3038 1510 3172 1576 μηνὶ
3211 1505 3369 1574 διέϐη
3415 1503 3526 1559 ἀπὸ

1940 1596 2039 1665 τῆς
2069 1595 2280 1660 πόλεως
2302 1597 2380 1660 ὡς
2411 1599 2587 1666 φυγὰς
2612 1600 2640 1650 ό
2671 1591 3022 1668 πατριάρχης
3052 1599 3159 1668 κὺρ
3190 1599 3523 1670 Γρηγόριοςο

1940 1688 2035 1740 καὶ
2071 1687 2181 1756 ἐγὼ
2225 1691 2290 1758 τῇ
2345 1689 2406 1742 ιδ’
2442 1689 2537 1742 τοῦ
2589 1690 2968 1760 Σεπτεμϐρίου
3019 1692 3189 1761 μηνὺς
3243 1691 3336 1743 τοῦ
3368 1690 3522 1757 ,ςῇξ

1941 1779 2096 1841 ἔτους
2143 1781 2224 1842 εἰς
2282 1781 2862 1834 Κωνσταντινούπολιν
2912 1783 3177 1836 ἀπέσωσα
3235 1782 3375 1853 μετά
3424 1785 3526 1852 τῆς

1943 1871 2072 1940 νηὸς
2103 1871 2200 1923 τοῦ
2241 1871 2413 1924 καλοῦ
2441 1872 2732 1926 Ἀντωνίου
2776 1874 3012 1938 Ῥίτζου,
3041 1874 3134 1926 τοῦ
3170 1877 3268 1927 καὶ
3294 1873 3527 1944 ὕστερον

1946 1958 2402 2030 μαρτυρήσαντος
2448 1959 2591 2031 ὑπὲρ
2650 1961 2753 2031 τῆς
2807 1963 2887 2024 είς
2937 1961 3181 2031 Χριστὸν
3227 1961 3390 2015 αὐτοῦ
3439 1961 3529 2014 πί-

1945 2068 2141 2112 στεως.
2623 2063 2627 2068 ’

2013 2141 2083 2212 β’.
2117 2141 2360 2206 Τελέσας
2383 2139 2478 2198 οὖν
2511 2144 2622 2213 ἐγὼ
2653 2145 2712 2198 τὸ
2740 2144 3080 2198 συνοικέσιον
3113 2147 3168 2198 ἐν
3195 2148 3260 2216 τῇ
3294 2144 3528 2218 Ἰϐηρίᾳ,

1940 2233 2030 2287 ἵνα
2065 2234 2209 2306 λάϐῃ
2251 2235 2280 2288 6
2309 2236 2578 2306 αὐθέντης
2612 2254 2714 2306 μου
2749 2238 2844 2307 τὴν
2890 2238 2984 2290 τοῦ
3015 2239 3195 2314 ἐκεῖσε
3228 2238 3399 2306 ρηγὸς
3433 2237 3531 2290 θυ-

1939 2328 2172 2398 γατέρα,
2203 2327 2354 2390 είδὼς
2388 2329 2472 2382 ὅτι
2504 2333 2756 2400 κρεῖττον
2799 2326 2870 2402 ἦν
2903 2332 2964 2383 τὸ
3002 2332 3060 2384 ἐν
3099 2333 3164 2400 τῇ
3193 2330 3408 2401 Ἰϐηρίᾳ
3432 2331 3529 2384 τοῦ

1938 2420 2037 2489 τῆς
2094 2418 2534 2488 Τραπεζοῦντος.
2589 2415 2724 2474 Εἰπέ
2783 2438 2873 2489 μοι
2904 2421 3015 2490 γὰρ
3068 2425 3096 2474 6
3146 2423 3246 2490 τῆς
3283 2419 3528 2491 Ἰϐηρίας

1939 2511 2343 2582 προειρημένος
2376 2511 2478 2583 me
2500 2511 2702 2565 τοιάδε·
2739 2530 2759 2564 ι
2797 2514 2912 2565 Οὐκ
2942 2514 3058 2566 ἐστι
3094 2511 3365 2583 συνήθεια
3393 2493 3529 2584 παρ’

1937 2604 2070 2674 ήμῖν
2100 2603 2188 2656 ἶνα
2211 2590 2430 2656 διδῶσιν
2459 2605 2722 2674 χρήματα
2744 2606 2798 2657 αἱ
2823 2605 3084 2672 γυναῖκες
3111 2606 3226 2666 τοῖς
3257 2605 3522 2674 ἀνδράσιν

1935 2681 2032 2757 οὒς
2061 2695 2320 2765 μέλλουσι
2349 2696 2560 2760 λαϐεῖν,
2591 2697 2706 2750 ἀλλ’
2739 2697 2787 2749 οἱ
2823 2697 3016 2766 ἀνδρες
3051 2688 3172 2760 ταῖς
3208 2697 3522 2765 γυναιξίν.»

1949 2784 2094 2854 Ἐγὼ
2123 2786 2182 2838 δὲ
2207 2786 2530 2856 ἀποκριθεὶς
2550 2787 2720 2840 αἰτῶν
2749 2787 2979 2856 ίλασμδν
3004 2786 3137 2856 παρ’
3165 2786 3330 2839 αὐτοῦ
3359 2787 3526 2852 λέγω·

1942 2894 1962 2927 ι
1995 2878 2111 2930 Οὐκ
2142 2877 2352 2948 ἥκουσα
2377 2881 2596 2930 πώποτε
2628 2878 2887 2948 τοιαύτην
2918 2878 3212 2948 συνήθειαν
3245 2881 3337 2931 καὶ
3363 2879 3528 2947 νόμον

1934 2969 2010 3032 ὡς
2042 2971 2072 3040 ή
2105 2969 2356 3040 βασιλεία
2408 2989 2500 3024 σου
2553 2975 2942 3042 προστάττεις.
2984 2988 3002 3020 ι
3062 2971 3122 3024 '0
3174 2971 3232 3024 δέ
3267 2971 3527 3042 βασιλεὺς

1933 3064 2194 3132 γελάσας,
2239 3067 2378 3134 τάχα
2413 3065 2714 3134 θαυμάζων
2761 3065 2888 3127 τοὺς
2913 3066 3106 3130 λόγους
3163 3081 3287 3134 μου,
3337 3061 3516 3117 εἶπενο

244 3155 484 3223 σπότην,
525 3154 612 3207 ἵνα
646 3155 921 3227 δοκιμάσῃ
966 3158 1063 3213 καὶ
1099 3159 1189 3234 ιδῃ
1248 3161 1378 3230 περὶ
1421 3159 1482 3214 οὗ
1516 3165 1572 3215 ἐν
1618 3165 1684 3232 τῇ
1720 3165 1828 3234 ἐμῇ
1861 3163 1907 3226 c
1943 3173 1962 3207 ι
1997 3157 2110 3208 Οὐκ
2141 3150 2307 3219 οἶδας,
2339 3153 2637 3225 τιμιώτατε
2667 3155 2821 3224 ἄνερ,
2845 3153 2897 3208 τί
2923 3172 3091 3225 φησιν
3123 3157 3150 3208 6
3176 3157 3354 3225 μέγας
3387 3157 3527 3209 Και-

240 3247 515 3319 ἐπιστολῇ
544 3247 802 3321 γέγραφα
839 3253 1207 3307 συνοικεσίου.
1257 3254 1369 3308 Καὶ
1415 3255 1754 3321 ἀκούσαντες
1781 3258 1856 3326 οίΓ

244 3436 394 3478 uxor
428 3421 553 3488 fuit,
586 3434 642 3479 et
689 3425 759 3480 ab
791 3441 880 3492 eo,
915 3427 1096 3494 aiunt,
1146 3445 1214 3484 ne
1251 3439 1400 3490 tacta
1431 3429 1658 3501 quidem
1693 3440 1776 3485 est
1812 3445 1827 3484 :

243 3529 427 3584 quare
455 3532 554 3572 nec
577 3517 874 3574 liberorum
901 3522 1204 3592 quidquam
1229 3525 1436 3588 genuit.
1467 3526 1546 3578 Ad
1574 3534 1828 3594 quartam

240 3607 358 3672 jam
403 3609 676 3666 rationem
703 3613 851 3681 quod
892 3615 1110 3680 attinet,
1152 3617 1372 3670 etiamsi
1401 3632 1610 3671 annosa
1635 3627 1742 3681 est,
1780 3617 1827 3672 si

245 3703 586 3770 conceperit,
639 3703 731 3759 lict
781 3706 970 3775 utique
1000 3707 1254 3763 voluntas
1301 3707 1416 3774 Dei,
1449 3711 1672 3778 quando
1712 3718 1828 3762 tres

244 3803 375 3846 ante
398 3806 838 3851 commemorata:
854 3800 1095 3855 rationes
1113 3800 1383 3869 majestati
1402 3813 1506 3856 tua:
1525 3801 1830 3858 commoda:

243 3897 432 3938 erunt.
459 3885 720 3943 Parentes
753 3890 877 3960 ejus
911 3901 1093 3947 autem
1125 3892 1363 3947 libenter
1390 3902 1447 3948 et
1479 3892 1675 3963 cupide
1703 3908 1824 3947 eam

244 3977 624 4033 conditionem
673 3983 958 4052 arripient.
997 3983 1080 4038 Tu
1123 3984 1236 4054 jam
1280 3983 1577 4040 confestim
1617 3985 1822 4039 mittito

245 4068 390 4123 mihi
421 4069 632 4126 fidelem
662 4076 975 4144 quempiam
1017 4075 1086 4130 de
1120 4076 1456 4144 primoribus
1485 4077 1698 4146 palatii,
1733 4086 1830 4132 aut

245 4165 728 4230 hieromonachis,
779 4179 876 4223 aut
922 4170 1230 4238 nmnacltis,
1264 4187 1461 4242 resque
1500 4173 1615 4228 haec
1645 4173 1826 4228 admi-

245 4254 602 4321 nistrabitur,
634 4273 739 4316 nec
763 4260 870 4337 ulla
905 4277 1063 4316 mora
1092 4263 1217 4319 erit.
1249 4281 1268 4315 ›
1303 4263 1441 4319 Cum
1476 4264 1513 4320 ii
1554 4265 1646 4334 qui
1674 4265 1828 4320 litte-

246 4362 338 4402 ras
365 4349 685 4417 portabant,
710 4353 849 4407 salvi
884 4353 951 4409 ad
988 4356 1178 4411 urbem
1205 4359 1551 4428 appulissent
1571 4359 1660 4414 die
1694 4359 1820 4414 Maii

241 4438 338 4506 88,
388 4440 712 4510 imperator,
749 4445 843 4515 qui
876 4444 1017 4501 forte
1047 4462 1210 4518 apros
1251 4452 1580 4518 venabatur,
1619 4452 1826 4507 certior

245 4529 456 4597 factus,
483 4534 774 4592 advenisse
800 4540 1067 4610 quosdam
1100 4555 1166 4596 ex
1194 4540 1396 4608 Iberia,
1435 4544 1625 4599 relicta
1666 4559 1831 4599 vena-

246 4627 429 4691 tione,
484 4629 830 4690 laztabundus
869 4635 1133 4705 palatium
1181 4639 1358 4708 petiit.
1420 4640 1542 4708 Quo
1589 4650 1838 4712 tempore

247 4719 526 4776 tabellarii
552 4724 913 4791 advenerunt,
949 4729 1037 4784 die
1058 4729 1130 4785 28
1159 4730 1308 4794 Maii,
1331 4731 1521 4786 eadem
1550 4741 1713 4788 nocte
1737 4749 1834 4802 per

242 4827 515 4869 somnum
547 4815 697 4871 visus
719 4819 856 4875 mihi
887 4836 1010 4877 sum
1038 4835 1092 4878 et
1117 4823 1232 4894 ipse
1253 4824 1446 4879 adesse
1467 4825 1646 4895 Cpoli,
1674 4839 1834 4880 cum-

242 4925 356 4977 que
415 4909 735 4967 festinarem
771 4915 838 4969 ad
878 4919 1289 4987 imperatorem,
1325 4935 1502 4992 genua
1539 4920 1662 4990 ejus
1718 4936 1838 4975 am-

245 5002 539 5068 plexurus,
581 5006 801 5060 retineri
831 5009 902 5062 ab
930 5025 996 5066 eo
1025 5017 1082 5064 et
1124 5012 1404 5066 sublevari
1431 5021 1486 5067 et
1517 5014 1714 5068 osculo
1745 5028 1838 5068 sa-

247 5093 443 5148 lutari.
472 5093 924 5167 Expergefactus,
955 5101 1020 5156 iis
1048 5103 1142 5172 qui
1172 5103 1318 5157 circa
1349 5118 1437 5158 me
1459 5104 1832 5167 dormiebant,

249 5187 532 5242 somnium
573 5191 814 5258 narravi,
846 5200 1011 5261 atque
1041 5193 1176 5260 dixi,
1207 5206 1266 5249 ut
1289 5195 1396 5251 diei
1432 5195 1835 5250 meminissent.

251 5278 561 5346 Imperator
594 5291 803 5346 autem,
856 5285 1115 5340 dominus
1155 5301 1336 5351 meus,
1375 5287 1465 5340 ubi
1506 5300 1615 5340 non
1656 5285 1832 5354 ipsum

253 5387 366 5437 me,
399 5372 494 5427 sed
530 5388 562 5428 e
593 5367 887 5461 comitibus
924 5377 1162 5446 aliquem
1191 5378 1386 5432 adesse
1415 5379 1832 5444 animadvertit,

253 5472 311 5516 et
363 5465 605 5532 priorem
638 5467 772 5536 legit
802 5469 1115 5544 epistolam,
1152 5478 1384 5524 moestus
1424 5467 1623 5532 factus,
1651 5470 1836 5540 segni-

255 5558 394 5610 tiam
423 5573 601 5614 meam
631 5576 776 5631 tegre
803 5563 930 5617 tulit
965 5563 1383 5633 accusavitque.
1418 5561 1520 5617 Ubi
1549 5570 1732 5616 autem
1760 5563 1838 5616 al-

257 5653 439 5701 teram
471 5647 560 5704 die
588 5652 839 5720 sequenti
882 5653 1010 5723 legit
1040 5669 1237 5723 meque
1266 5661 1557 5707 venturum
1588 5667 1710 5707 esse
1749 5652 1837 5706 di-

258 5737 421 5803 dicit,
439 5741 717 5810 acquievit
737 5751 791 5798 et
814 5743 1016 5799 laetitia:
1038 5759 1100 5800 se
1121 5745 1292 5809 dedit,
1321 5745 1618 5814 statimque
1647 5759 1830 5798 rerum

262 5833 465 5889 notitia
492 5835 816 5893 instructum
854 5835 1157 5893 Manuciem
1194 5835 1581 5907 Palaeologum,
1631 5835 1835 5890 Canta-

1937 3247 2162 3318 σάριος;
2195 3250 2482 3316 Διαφόρων
2514 3248 2685 3302 ἐθνῶν
2720 3249 2924 3322 τρόπον
2970 3265 3030 3302 τε
3081 3251 3177 3303 καὶ
3207 3251 3374 3319 νόμον
3400 3250 3526 3320 ἐξη-

1934 3448 2156 3488 camenae
2182 3431 2674 3503 protostratorissa:
2697 3430 3120 3495 consobrinum,
3147 3430 3216 3485 ad
3237 3431 3525 3500 despotam

1934 3525 2138 3581 Servis:
2171 3526 2466 3594 ablegavit,
2506 3533 2566 3578 ut
2611 3525 2657 3578 is
2689 3523 2758 3578 de
2789 3525 3064 3594 conjugio,
3095 3523 3164 3578 de
3209 3538 3322 3593 quo
3353 3525 3532 3593 scrip-

1933 3617 2463 3687 seram,inqnireret
2499 3631 2563 3670 ac
2591 3616 2826 3670 videret.
2863 3615 3122 3670 Parentes
3152 3615 3273 3683 ejus
3299 3617 3531 3668 libenter

1932 3709 2201 3777 etcupide
2243 3709 2609 3763 conditionem
2644 3717 3004 3777 acceperunt,
3037 3715 3093 3761 et
3117 3709 3183 3760 ad
3213 3723 3325 3762 rem
3362 3707 3528 3776 perii-

1931 3800 2181 3855 ciendam
2214 3799 2388 3868 parati
2412 3808 2588 3853 erant.
2613 3797 2773 3851 Nulla
2806 3799 2951 3852 enim
2982 3799 3087 3852 alia
3126 3813 3212 3852 res
3256 3798 3307 3852 id
3331 3799 3528 3867 conju-

1931 3892 2078 3962 gium
2104 3891 2450 3957 impediebat,
2474 3893 2578 3946 nisi
2606 3892 2750 3961 quod
2782 3891 3065 3953 amerissa,
3093 3907 3215 3945 Vivo
3241 3892 3526 3945 etiamtum

1930 3997 2115 4038 amera
2171 3983 2425 4052 conjuge,
2470 3982 2536 4036 ad
2570 3981 2742 4036 Deum
2792 3991 3007 4050 precata
3057 3985 3441 4045 constituerat,
3483 3981 3529 4034 si

1934 4075 2076 4130 Deus
2095 4091 2205 4145 quo
2237 4076 2450 4130 tandem
2475 4091 2692 4145 cunque
2719 4075 2875 4129 modo
2908 4075 3273 4129 liberasset-se
3293 4091 3322 4128 e
3355 4075 3528 4126 inani-

1929 4170 2031 4222 bus
2064 4170 2375 4238 impiorum,
2407 4167 2500 4222 alii
2535 4167 2740 4222 nemini
2778 4183 2870 4238 per
2905 4177 3070 4221 totam
3101 4168 3264 4220 vitam
3293 4167 3521 4230 nubere,

1929 4259 2022 4314 sed
2060 4259 2113 4313 in
2142 4259 2392 4314 castitate
2428 4260 2700 4329 virginali,
2733 4264 2876 4330 quod
2906 4268 3138 4313 restaret
3165 4259 3306 4323 vitae,
3351 4268 3524 4312 trans-

1931 4351 2078 4420 igere
2127 4360 2182 4406 et
2212 4367 2312 4421 pro
2341 4351 2547 4406 viribus
2577 4351 2708 4418 Deo,
2761 4351 3039 4405 liberatori
3081 4365 3200 4414 suo,
3243 4353 3472 4406 servire.

2012 4444 2271 4514 Ejusdem
2323 4444 2452 4498 anni
2481 4459 2673 4500 mense
2694 4445 2948 4515 Augusto
2981 4460 3049 4500 ex
3082 4445 3218 4499 urbe
3252 4444 3525 4514 profugus

1943 4537 2078 4592 abiit
2101 4537 2400 4608 Gregorius
2430 4539 2766 4607 patriarcha,
2807 4547 2972 4610 atque
3004 4555 3106 4610 ego
3147 4539 3236 4593 die
3269 4541 3336 4593 Η
3368 4557 3526 4592 men-

1944 4631 2023 4686 sis
2073 4631 2415 4700 Septembris
2476 4633 2605 4685 auni
2639 4631 2781 4687 6960
2819 4632 3030 4701 Cpolim
3081 4631 3282 4687 reverti
3312 4634 3367 4684 in
3403 4632 3527 4685 navi

1942 4724 2048 4778 viri
2089 4725 2282 4794 optimi
2347 4725 2572 4778 Antonii
2637 4723 2821 4792 Ritzi,
2875 4725 3122 4795 ejusdem
3181 4727 3273 4794 qui
3337 4737 3524 4795 postea

1943 4826 2167 4887 propter
2201 4816 2359 4870 fidem
2390 4817 2599 4871 Christi
2632 4818 2956 4886 martyrium
2993 4817 3240 4886 pertulit.

2013 4909 2072 4963 2.
2098 4907 2324 4964 Confeci
2356 4909 2522 4979 igitur
2538 4909 2854 4980 conjugium
2883 4908 3152 4972 inlberia,
3179 4909 3525 4964 ut'dominus

1944 5017 2103 5057 meus
2165 5004 2312 5057 illius
2338 5005 2484 5074 regis
2545 5003 2714 5057 tiliam
2761 5002 3012 5057 duceret.
3047 5001 3318 5065 Noveram
3351 5003 3519 5061 enim,

1943 5097 2284 5152 connubium
2319 5097 2584 5153 lbericum
2621 5109 2882 5168 praestare
2927 5097 3319 5167 Trapezuntio.
3350 5097 3520 5150 Nam-

1944 5203 2051 5257 que
2079 5189 2152 5242 ita
2195 5188 2328 5242 milii
2363 5189 2578 5242 dixerat
2619 5180 2901 5241 [berorum
2932 5201 3025 5239 rex
3058 5203 3071 5239 :
3115 5185 3314 5240 «Nobis
3347 5184 3518 5237 moris

1943 5295 2051 5333 non
2090 5289 2194 5343 est,
2228 5289 2288 5333 ut
2340 5281 2521 5333 dotem
2555 5283 2687 5332 dent
2719 5277 2932 5331 femina:
2967 5277 3122 5338 viris,
3169 5277 3370 5344 quibus
3419 5291 3519 5328 uu-

1941 5381 2118 5440 ptura:
2143 5382 2294 5431 sunt,
2315 5371 2409 5424 sed
2431 5371 2530 5423 viri
2552 5369 2825 5423 feminis.)
2854 5368 2964 5436 Ego
2988 5368 3247 5436 praefatus
3277 5365 3515 5431 veniam,

1944 5477 2222 5531 nunquam
2251 5477 2336 5516 me
2366 5463 2434 5516 de
2462 5463 2566 5516 isto
2613 5475 2763 5514 more
2794 5461 3046 5530 autlege,
3095 5459 3314 5528 qualem
3354 5459 3522 5529 maje-

1943 5563 2060 5608 stas
2094 5553 2267 5620 ipsius
2294 5553 2523 5615 diceret,
2550 5553 2776 5606 audisse
2807 5553 3084 5622 respondi.
3109 5551 3248 5606 Tum
3277 5568 3370 5605 rex
3394 5553 3524 5606 sub-

1942 5647 2127 5702 ridens
2148 5656 2204 5700 et
2227 5645 2386 5716 quasi
2415 5647 2624 5700 mirans
2647 5647 2812 5700 verba
2848 5662 2967 5701 mea
2993 5665 3007 5702 :
3042 5646 3289 5709 «Scisne,
3322 5646 3521 5714 inquit,

1945 5741 2030 5794 vir
2075 5739 2540 5805 bonoratissime,
2577 5739 2712 5810 quid
2749 5755 2979 5810 magnus
3019 5741 3163 5794 dicat
3201 5737 3524 5792 Cmsarius?

1943 5831 2294 5921 Diversarum
2315 5831 2556 5902 gentium
2580 5847 2761 5888 mores
2781 5842 2834 5888 ct
2850 5833 3104 5888 instituta
3124 5832 3407 5900 explicans
3466 5846 3521 5899 ιη
