3920 6188
333 313 344 318 ”
373 327 483 404 819

1619 349 1950 411 GEORGII
1989 350 2410 413 PHRANTZAE

3507 357 3603 418 820

379 455 644 524 γοῦμενος
671 457 729 508 ἓν
750 457 986 527 ἐπιτομῇ
1016 457 1192 511 τοιάδε
1231 459 1451 526 φάσκει·
1496 461 1583 514 Ἐν
1610 464 1816 534 ἑκάστῃ
1838 463 1950 534 γὰρ
1980 467 2028 527 Α
2057 467 2236 534 μελῶς
2265 468 2362 521 καὶ
2390 467 2774 539 ὲκτρέφουσιν.
2804 468 2988 531 Οὕτως
3022 469 3117 523 καὶ
3144 467 3211 520 τά
3254 466 3506 532 ἐνταῦθα,
3538 467 3609 530 ὼς

376 544 531 616 χώρᾳ
562 547 654 600 καὶ
675 547 886 599 ἔθνεσιν
907 549 964 599 ἐν
988 552 1100 609 τοῖς
1132 550 1231 618 μὲν
1259 550 1556 620 ἐγγράφως
1584 552 1747 622 νόμος
1769 555 1943 619 ἐστὶν,

376 639 436 686 ὲν
457 637 570 698 τοῖς
602 635 658 688 δὲ
689 637 856 706 218
883 638 1149 706 ἀγράφως
1178 641 1269 692 καὶ
1311 641 1602 710 συνήθεια·
1637 644 1796 712 νόμος
1833 645 1947 714 γάρ

375 721 443 772 τά
467 722 676 791 πάτρια
699 724 846 776 δοκεῖ
876 720 1036 781 εἶναι.
1073 727 1161 790 Ὠς
1187 728 1402 797 πρῶτον
1427 732 1599 800 Σῆρες
1628 735 1677 784 οἱ
1698 734 1756 785 τὸ
1778 734 1948 803 ἀκρον

373 815 476 884 τῆς
507 816 612 884 γῆς
666 817 944 881 οἰκοῦντες
975 819 1174 888 νόμους
1223 820 1407 889 έχουσι
1455 824 1522 874 τά
1573 825 1777 891 πάτρια
1822 826 1944 892 ἔθη,

381 907 458 978 μὴ
492 911 778 978 πορνεύειν
829 911 864 979 ἢ
897 911 1169 965 ’κλέπτειν
1216 914 1246 980 ἢ
1299 914 1562 984 λοιδορεῖν
1610 917 1945 984 ἥφονεύειν.

378 1000 566 1067 Νόμος
600 1000 654 1052 δὲ
694 1001 844 1072 παρὰ
874 1004 1286 1074 Βακτριανοῖςή
1319 1007 1383 1059 ὲκ
1410 1009 1694 1075 προγὸνων
1729 1011 1948 1061 παιδεία

380 1089 480 1141 καὶ
509 1089 779 1156 εὐσέδεια,
819 1093 892 1160 μὴ
942 1096 1286 1161 κρεωφαγείν
1332 1095 1364 1164 ἢ
1421 1099 1720 1148 οἰνοποτεῖν
1771 1098 1803 1166 ἢ
1850 1098 1949 1149 λα-

383 1180 598 1246 γνεύειν
649 1180 682 1250 ἢ
731 1185 960 1235 παντοῖα
997 1185 1140 1235 κακά
1183 1186 1629 1254 διαπράττεσθαι,
1671 1189 1846 1240 καίτοι
1883 1206 1945 1253 γε

385 1269 493 1320 τῶν
517 1273 942 1341 παρακειμένων
977 1275 1162 1332 αὐτοῖς
1197 1275 1374 1328 Ἰνδῶν
1396 1278 1656 1330 τάναντία
1685 1279 1952 1349 διαπρατ-

384 1361 626 1428 τομένων
657 1362 851 1424 ἀδεῶς.
897 1365 987 1416 Ἐν
1016 1365 1072 1417 δὲ
1103 1368 1219 1427 τοῖς
1267 1367 1564 1437 ἐνδοτέροις
1599 1370 1790 1438 μέρεσι
1826 1372 1950 1422 τού-

385 1465 494 1501 των
553 1449 978 1517 ἀνθρωποφάγοι
1032 1452 1139 1504 εἰσὶ
1193 1454 1286 1504 καὶ
1335 1455 1459 1516 τοὺς
1512 1457 1952 1523 ὲπιξενωμένους

385 1537 745 1602 ἀναιροῦντες
794 1535 1064 1594 ἐσθίουσις
1095 1542 1274 1610 Νόμος
1312 1544 1604 1607 Χαλδαίοις
1637 1548 1732 1596 καὶ
1777 1546 1954 1598 Βαϐυ-

385 1625 597 1690 λωνίοις
659 1629 949 1697 ἀσελγείας
1001 1633 1098 1685 καὶ
1167 1629 1560 1703 αἰσχρουργίας
1623 1635 1949 1704 ἀνάμεστος.

390 1717 583 1780 ’Λλλος
617 1718 671 1770 δὲ
699 1721 852 1787 παρά
883 1717 1146 1788 Πηλαίοις
1179 1723 1362 1790 νόμος,
1386 1725 1652 1791 γυναῖκας
1686 1728 1955 1794 γεωργεῖν

388 1811 484 1862 καὶ
532 1810 840 1879 οἰκοδομεῖν
871 1815 965 1864 καὶ
993 1808 1062 1864 τὰ
1093 1814 1201 1865 τῶν
1240 1815 1452 1884 ἀνδρῶν
1488 1815 1771 1884 πράττειν,
1822 1815 1956 1867 ἀλλὰ

388 1900 481 1950 καὶ
515 1901 802 1968 πορνεύειν
857 1903 931 1964 ὼς
975 1903 1275 1971 βούλονται,
1328 1904 1405 1974 μὴ
1461 1907 1805 1972 κωλυόμενοιι
1853 1907 1958 1958 ὑπὸ

385 1990 494 2042 τῶν
529 1991 739 2061 ἀνδρῶν
769 1993 949 2045 αὐτῶν
983 1996 1283 2058 παντελῶς⁹
1321 1998 1378 2048 ὲν
1415 1992 1504 2059 αἷς
1532 1999 1840 2066 ὑπάρχουσι
1863 2000 1957 2050 καὶ

389 2080 646 2133 πλεῖσται
701 2083 1146 2153 πολεμικώταται
1186 2088 1282 2139 καὶ
1333 2086 1579 2158 θηρῶσαι
1613 2091 1679 2140 τὰ
1719 2090 1793 2159 μὴ
1839 2090 1959 2143 λίαν

394 2159 728 2240 ἰσχυρότατα
758 2173 866 2225 τῶν
899 2175 1124 2243 θηρίων.
1168 2176 1256 2228 Ἐν
1287 2176 1586 2248 Βρεταννία
1620 2179 1675 2230 δὲ
1718 2181 1959 2231 πλεῖστοι

388 2260 498 2313 τῶν
532 2263 742 2330 ἀνδρῶν
768 2267 869 2333 μιᾷ
902 2267 1335 2332 συγκαθεύδουσι
1364 2269 1604 2336 γυναικὶ,
1643 2271 1734 2322 καὶ
1768 2270 1959 2322 πολλαὶ

391 2349 649 2416 γυναῐκες
683 2355 762 2406 ἑνὶ
807 2355 1172 2425 ἑταιρίζονται
1199 2359 1369 2426 ἀνδρί.
1405 2361 1470 2411 Αἱ
1500 2361 1814 2428 ’Λμαζῶναι
1863 2365 1960 2430 μέν

394 2458 526 2495 ποτε
553 2445 730 2514 καιρῷ
776 2446 977 2516 ἄνδρας
1024 2449 1123 2501 οὐκ
1154 2448 1390 2519 εἴχασιν,
1430 2451 1548 2502 ἀλλ’
1571 2451 1645 2510 ὡς
1689 2453 1754 2504 τὰ
1793 2452 1962 2518 ἄλογα

395 2535 510 2599 ζῶα
541 2535 689 2600 ἅπαξ
711 2536 807 2589 τοῦ
840 2523 1089 2594 ἐνιαυτοῦ
1130 2542 1260 2610 περὶ
1285 2541 1383 2611 τὴν
1420 2542 1641 2612 ἐαρινὴν
1669 2544 1961 2614 ἰσημερίαν

394 2628 681 2697 ὑπερόριοι
709 2630 975 2696 γίνονται,
1005 2633 1098 2685 καὶ
1129 2626 1461 2702 μιγνύμενάι
1496 2638 1608 2697 τοῖς
1654 2636 1963 2704 γειτνιῶσιν

394 2719 658 2790 ἀνδράσιν
691 2722 766 2786 ὡς
823 2725 1131 2795 πανήγυρίν
1180 2743 1308 2780 τινα
1344 2728 1441 2780 καὶ
1477 2729 1722 2798 μεγάλην
1769 2730 1963 2798 ἑορτὴν

393 2810 474 2880 τῷ
505 2812 683 2882 καιρῷ
718 2815 913 2886 ἐκείνῳ
962 2816 1244 2885 ἡγοῦνται·
1282 2819 1342 2883 ἐξ
1389 2813 1465 2873 ὧν
1515 2820 1610 2874 καὶ
1655 2822 1712 2874 ὲν
1764 2821 1964 2892 γαστρὶ

399 2903 874 2974 συλλαμϐάνουσαι
1091 2910 1517 2981 παλινδρομοῦσι
1555 2913 1739 2967 οἴκαδε
1769 2917 1964 2968 πᾶσαν

394 2997 473 3066 τῷ
497 2998 553 3051 δὲ
589 3000 769 3069 καιρῷ
810 3002 909 3070 τῆς
942 3003 1305 3073 ἀποκυήσεως
1332 3005 1400 3058 τὰ
1443 3007 1540 3075 μὲν
1576 3008 1781 3078 ἄρρενα
1812 3007 1966 3076 φθεί-

2050 553 2204 612 εῐπόν
2237 576 2345 626 σσι,
2371 556 2609 630 ὑπάρχει
2646 561 2679 629 ἡ
2722 561 2969 630 ἡμετέρα
2997 559 3277 628 συνήθεια,
3311 556 3384 620 ὥς
3439 558 3612 621 καθὼς

2050 650 2144 702 καὶ
2169 649 2332 712 αὺτδς
2367 649 2582 718 μέλλεις
2619 650 2812 720 μαθεῖν
2845 651 2999 719 παρά
3027 649 3362 713 ἀξιοπίστων
3390 646 3612 715 ἀνδρῶν.

2052 743 2158 794 Καὶ
2195 741 2272 812 μὴ
2301 741 2575 810 θαύμαζε,
2602 743 2903 812 τιμιώτατε
2936 741 3070 808 ἄνερ
3098 739 3204 810 κὺρ
3229 738 3493 808 Γεώργιε.
3521 739 3614 790 Διά

2049 834 2208 887 τοῦτο
2259 836 2524 904 ποιοῦμεν
2555 836 2617 887 τὸ
2673 835 2848 904 παρὸν
2889 832 3228 886 συνοικέσιον
3281 829 3399 900 μετ’
3442 828 3615 890 αἰδοῦς

2051 928 2144 980 καὶ
2175 927 2273 980 οὐκ
2304 927 2665 996 άσυμθούλως
2697 913 2830 990 τῶνξ
2867 927 2963 977 καὶ
2996 923 3306 992 ὑπόσχομαι
3333 915 3526 976 δοῦναι
3557 923 3613 986 τῇ

2051 1018 2280 1088 θυγατρί
2318 1037 2419 1087 μου
2449 1018 2580 1072 ἀνευ
2611 1017 2720 1070 τῶν
2748 1013 3064 1084 πολυτίμων
3098 1013 3307 1066 σκευῶν
3352 1009 3614 1079 ἀργυρίου

2051 1109 2145 1162 καὶ
2197 1111 2421 1178 χρυσίου
2473 1112 2568 1163 καὶ
2618 1108 2781 1161 λίθων
2833 1106 3148 1175 πολυτίμων
3185 1105 3279 1157 καὶ
3336 1101 3616 1172 μανακίων

2050 1198 2448 1269 διαμαργάρων
2476 1199 2827 1269 καιχρυσίου
2854 1199 2949 1251 καὶ
2985 1196 3186 1264 ἑτέρων
3224 1195 3412 1256 λίθων,
3454 1194 3617 1261 χωρὶς

2051 1288 2161 1338 τῶν
2185 1290 2500 1358 ἐνδυμάτων
2527 1292 2620 1342 καὶ
2638 1289 2982 1359 ὑφασμάτων
3004 1287 3304 1341 πολυειδῶν
3331 1285 3412 1345 εἰς
3441 1286 3617 1351 ὑπηρ-

2053 1381 2207 1431 εσίαν
2238 1381 2430 1449 αὐτῆς,
2455 1381 2550 1432 καὶ
2575 1379 2752 1450 πάρεξ
2781 1380 2989 1432 τούτων
3019 1379 3200 1449 χρυσᾶ
3222 1377 3425 1444 νούμια
3447 1374 3617 1442 χιλιά-

2051 1468 2518 1537 δαςςπεντήκοντα
2548 1470 2647 1522 καὶ
2701 1468 2780 1533 ἓξ.
2819 1468 2941 1521 Ἔτι
2972 1467 3028 1520 δὲ
3073 1467 3166 1520 καὶ
3198 1466 3319 1518 κατ’
3357 1465 3484 1526 ἔτος
3535 1463 3619 1531 ἕλῃ

2053 1562 2246 1628 ἐτέρας
2277 1560 2524 1629 χιλιάδας
2559 1562 2712 1630 τρεῖς
2748 1560 2843 1614 τοῦ
2899 1561 3082 1612 ποιεῖν
3123 1555 3501 1626 ἐλεημοσύνας
3553 1556 3620 1615 είς

2055 1653 2326 1722 πτωχοὺς,
2356 1652 2451 1706 καὶ
2480 1653 2614 1705 ὅπου
2647 1652 2694 1704 δ’
2739 1653 2806 1706 ἂν
2836 1651 2963 1722 δόξῃ
3013 1651 3172 1721 αὐτῇ.
3222 1649 3292 1701 Σὲ
3340 1648 3397 1700 δὲ
3446 1648 3624 1699 ἀκούω

2057 1739 2204 1809 ἔχειν
2229 1741 2418 1794 παιδία
2452 1740 2565 1794 δύο.
2599 1741 2674 1793 Τὸ
2706 1741 2806 1809 μὲν
2842 1741 3013 1812 άῤῥεν
3053 1742 3080 1792 ὁ
3117 1735 3370 1807 βασιλεὺς
3404 1738 3625 1804 ἀνεγέν-

2063 1850 2193 1900 νησε
2225 1833 2316 1886 διά
2351 1831 2444 1884 τοῦ
2478 1831 2624 1885 θείου
2665 1832 3067 1902 βαπτίσματος,
3132 1830 3226 1882 καὶ
3259 1827 3422 1882 αὐτοῦ
3453 1830 3628 1882 ἐκεῖνο

2061 1925 2175 1978 ἐστι
2209 1927 2300 1979 καὶ
2327 1927 2501 1979 ἔσται·
2534 1926 2595 1979 τὸ
2623 1927 2680 1979 δὲ
2710 1926 2844 1996 Θῆλυ
2874 1926 3012 1978 ἔστω
3057 1927 3118 1976 ἐκ
3164 1924 3262 1990 τῆς
3291 1922 3542 1991 σήμερον
3567 1923 3623 1988 τῇ

2061 2019 2291 2088 θυγατρί
2325 2036 2449 2089 μου,
2471 2019 2506 2089 ἦ
2543 2019 2635 2072 καὶ
2655 2018 2922 2094 ὀφειλέτω
2951 2015 3044 2068 τοῦ
3068 2013 3443 2084 ὕπανδρεῦσαι
3473 2013 3622 2076 αὐτὸ,

2061 2109 2199 2161 ὅπου
2246 2108 2292 2162 δ’
2325 2111 2391 2162 ἂν
2425 2109 2488 2160 σὺ
2527 2107 2721 2180 κρίνῃς
2751 2105 2895 2161 εῖναι
2925 2107 3074 2172 ἀξιον
3103 2105 3288 2158 τόπον.
3339 2103 3453 2156 Καὶ
3509 2103 3627 2155 ὅταν

2061 2196 2222 2268 ἔλθῃς
2252 2198 2348 2250 σὺν
2375 2198 2496 2267 Θεῷ
2522 2194 2654 2265 ἆραι
2680 2197 2875 2268 αὐτὴν,
2900 2196 3025 2250 τότε
3051 2195 3300 2248 ἐπιδώσω
3329 2209 3414 2245 σοι
3439 2194 3628 2261 φορτία

2064 2290 2294 2359 σηρικοῦ
2347 2290 2620 2360 τέτταρα·
2655 2291 2770 2342 ἐστι
2825 2289 2934 2361 γὰρ
2986 2291 3019 2358 ἡ
3075 2286 3282 2356 μέταξα
3311 2287 3500 2354 ἐκείνη
3542 2285 3629 2337 οὐκ

2064 2381 2329 2450 ἐξίτηλος,
2357 2384 2451 2435 καὶ
2481 2382 2555 2445 ὡς
2591 2382 2934 2452 ἠκούσαμεν,
2969 2382 3267 2450 πράττεται
3303 2377 3362 2429 τὸ
3415 2376 3629 2446 φορτίον

2064 2474 2150 2527 διά
2185 2473 2407 2542 χρυσῶν
2437 2472 2676 2542 νουμίων
2707 2473 3106 2526 πεντακοσίων.
3147 2489 3166 2522 ι

2137 2565 2302 2634 220
2348 2562 2436 2627 Ὠς
2463 2563 2556 2616 οῦν
2600 2564 2778 2617 πάντα
2814 2565 2884 2617 τὰ
2926 2565 2985 2616 ὲν
3031 2567 3096 2634 τῇ
3127 2564 3338 2636 Ἰϐηρίᾳ
3365 2566 3464 2619 καὶ
3495 2563 3629 2631 Τρα-

2069 2655 2330 2719 πεζοῦντι
2358 2656 2712 2717 καταλεπτῶς
2745 2656 3131 2726 ὲδιηγησάμην
3160 2657 3237 2726 τῷ
3283 2655 3501 2724 βασιλεῖ
3545 2653 3630 2705 καὶ

2070 2749 2305 2820 αὐθέντῃ
2335 2766 2438 2815 μου
2480 2749 2554 2811 ὡς
2589 2747 2818 2813 ἄνωθεν,
2851 2750 3115 2818 ἠρώτησα
3148 2748 3339 2818 μαθεῖν
3368 2748 3466 2800 καὶ
3506 2744 3628 2814 περὶ

2068 2842 2163 2895 τοῦ
2195 2845 2292 2913 τῆς
2323 2844 2555 2912 Σερϐίας
2587 2842 2927 2894 συνοικεσίου
2956 2860 2968 2873 ο
3004 2843 3098 2895 καὶ
3146 2839 3474 2910 ἀποκριθεὶς
3515 2833 3629 2890 εἰπέ

2072 2950 2185 3005 μοι’
2225 2952 2242 2985 ι
2279 2935 2421 3002 Ἐγώ
2469 2952 2550 2986 σοι
2583 2935 2783 3003 ὀφείλω
2813 2934 2986 2988 πολλὰ
3015 2933 3104 2987 διὰ
3132 2933 3232 3003 τὴν
3256 2933 3393 3001 πρός
3437 2947 3504 3000 με
3539 2927 3630 2996 σὴν

2071 3024 2292 3092 ἀγάπην
2325 3025 2419 3076 καὶ
2448 3025 2637 3078 πίστιν
2669 3024 2946 3078 παιδιόθεν
2971 3025 3066 3078 καὶ
3093 3023 3191 3094 τὴν
3217 3022 3488 3090 τοσαύτην
3518 3019 3632 3072 δου-

399 3108 577 3161 Ρουσιο
610 3095 678 3148 τά
716 3093 771 3147 δὲ
803 3095 938 3164 θῆλυ
984 3095 1318 3164 ζωογονοῦσι
1359 3098 1453 3151 καὶ
1497 3097 1806 3168 τιθηνοῦσιν
1845 3100 1964 3151 έπι-
1994 3123 2037 3175 (ς
2075 3111 2324 3182 λοσύνην·
2355 3113 2495 3167 άλλά
2522 3115 2681 3167 τοῦτο
2713 3114 2777 3186 δὴ
2810 3115 2994 3168 πλεῖον
3021 3093 3265 3185 σήμερον
3292 3113 3357 3166 τὺ
3381 3112 3477 3182 τῆς
3507 3111 3635 3180 Σερ·

397 3292 564 3348 breve
595 3303 871 3349 contracta
889 3295 1004 3350 haec
1022 3297 1202 3352 docet.
1239 3296 1667 3352 Cuivisterraeet
1695 3300 1842 3368 genti
1881 3309 1972 3354 aut

400 3383 600 3452 scripta
619 3385 706 3439 lex
721 3394 804 3439 est
821 3393 916 3439 aut
932 3401 1039 3440 non
1059 3387 1261 3455 scripta
1279 3396 1332 3440 et
1348 3400 1500 3441 more
1517 3389 1836 3442 constituta.
1862 3388 1972 3443 Lex

401 3474 550 3527 enim
579 3489 703 3530 esse
731 3476 986 3530 videntur
1013 3476 1190 3546 patria
1208 3477 1480 3542 instituta,
1507 3478 1968 3547 quemadmodum

400 3567 664 3635 primum,
699 3567 795 3637 qui
843 3568 896 3621 in
931 3575 1180 3622 extremo
1213 3569 1348 3624 orbe
1398 3569 1667 3628 habitant.
1703 3569 1864 3624 Seres
1896 3570 1974 3625 le-

403 3672 529 3725 gum
563 3658 686 3712 loco
709 3659 884 3728 patria
933 3659 1184 3713 instituta
1223 3659 1447 3726 habent,
1498 3674 1564 3714 ne
1605 3661 1972 3725 moechentur,

403 3760 496 3802 aut
528 3748 800 3818 furentur,
839 3759 933 3804 aut
966 3751 1395 3818 calumniantur,
1427 3761 1521 3806 aut
1548 3751 1829 3806 occidant.
1865 3751 1973 3806 Lex

403 3852 485 3895 est
513 3844 656 3910 apud
684 3843 1004 3898 Bactrianos
1031 3858 1062 3897 a
1101 3844 1400 3914 majoribus
1432 3854 1655 3912 accepta
1681 3844 1974 3913 disciplina

401 3943 456 3988 et
479 3935 673 4002 pietas,
708 3950 776 3991 ne
811 3936 1073 3991 carnibus
1101 3948 1395 3990 vescamur
1420 3936 1728 3990 autbibant
1760 3937 1975 4000 vinum,

402 4041 537 4081 neve
562 4027 774 4083 libidini
809 4030 894 4082 vel
927 4029 1022 4082 ulli
1053 4029 1240 4098 generi
1274 4029 1563 4099 pravitatis
1589 4029 1775 4084 locum
1807 4027 1979 4082 relin-

405 4130 602 4186 quant,
658 4136 783 4174 cum
844 4122 1058 4175 ﬁnitimi
1092 4122 1203 4177 illis
1254 4120 1368 4175 ludi
1423 4122 1651 4189 impune
1699 4119 1977 4174 contraria

408 4221 604 4278 agant:
636 4227 873 4282 quorum
902 4215 997 4282 qui
1031 4213 1088 4266 in
1143 4214 1462 4282 regionibus
1491 4213 1848 4268 interioribus
1880 4213 1979 4266 lia-

404 4300 602 4366 bitant,
656 4303 1091 4371 antliropopliagi
1146 4311 1277 4356 sunt
1321 4313 1377 4357 et
1405 4303 1648 4359 advenas
1713 4303 1978 4358 occidunt

377 4397 832 4464 comeduntque.
865 4395 1137 4450 Chaldaeis
1176 4405 1230 4449 et
1259 4395 1571 4465 Babyloniis
1614 4397 1696 4450 lex
1736 4397 1979 4450 lasciviae

2074 3297 2237 3350 etiam
2276 3297 2432 3350 nobis
2467 3296 2577 3360 hic,
2612 3305 2670 3349 ut
2703 3295 2800 3350 tibi
2835 3295 2972 3361 dixi,
3007 3304 3196 3350 nostra
3228 3301 3313 3348 est
3347 3302 3635 3348 consuetu-

2074 3385 2164 3448 do,
2199 3388 2248 3439 id
2293 3389 2434 3456 quod
2467 3401 2495 3440 a
2532 3387 2659 3441 viris
2693 3389 2796 3441 ﬁde
2826 3387 3004 3456 dignis
3054 3387 3257 3456 poteris
3290 3398 3632 3456 cognoscere.

2078 3478 2276 3534 Verum
2313 3496 2381 3533 ne
2431 3480 2652 3544 mirare,
2681 3481 2762 3533 vir
2790 3479 3213 3534 bonoratissime
3239 3477 3471 3547 Georgi:
3499 3490 3635 3546 pra:-

2078 3588 2205 3628 sens
2233 3573 2428 3627 horum
2459 3572 2794 3628 connubium
2848 3581 3171 3627 reverenter
3205 3585 3306 3626 nec
3338 3568 3634 3624 inconsulto

2079 3663 2442 3729 instituimus,
2507 3664 2900 3733 polliceorque,
2955 3671 3155 3734 prazter
3211 3661 3502 3731 pretiosam
3553 3674 3636 3712 ar-

2080 3757 2226 3825 genti
2261 3767 2312 3810 et
2340 3756 2458 3810 auri
2500 3741 2886 3825 supellectilem
2909 3796 2924 3822 ,
2962 3764 3160 3824 prater
3183 3769 3432 3826 gemmas
3451 3763 3504 3808 et
3528 3766 3637 3806 mo-

2083 3849 2212 3901 nilia
2239 3848 2572 3918 margaritis,
2609 3863 2746 3902 auro
2773 3857 2827 3902 et
2856 3849 3055 3916 lapillis
3087 3846 3421 3915 composita,
3450 3852 3632 3914 praeter

2081 3949 2264 3994 vestes
2315 3949 2369 3993 et
2405 3941 2611 3994 textilia
2651 3941 2786 3994 varii
2817 3940 3056 4009 generis,
3093 3940 3266 4008 lpsms
3325 3938 3447 3992 usui
3475 3933 3632 3990 desti-

2083 4041 2232 4096 nata,
2261 4040 2456 4101 praeter
2485 4032 2598 4085 haec
2632 4031 2801 4100 igitur
2833 4032 3085 4086 daturum
3108 4046 3194 4084 me
3219 4045 3340 4084 esse
3369 4041 3631 4084 nummum

2082 4135 2375 4175 aureorum
2406 4121 2796 4189 quinquaginta
2818 4135 2910 4174 sex
2941 4120 3130 4174 millia.
3164 4119 3242 4171 Ad
3267 4119 3384 4172 haec
3404 4119 3455 4171 in
3475 4127 3632 4169 annos

2085 4211 2332 4280 singulos
2383 4212 2743 4280 accipiet'alia
2771 4225 3058 4265 aureorum
3083 4211 3187 4264 tria
3216 4209 3409 4273 millia,
3435 4223 3549 4276 qua:
3578 4206 3628 4258 in

2086 4305 2254 4373 stipes
2292 4319 2591 4373 pauperum
2649 4313 2744 4358 aut
2789 4303 3158 4372 quodcunque
3197 4302 3301 4371 ipsi
3353 4299 3629 4360 videbitur,

2087 4397 2386 4466 impendat.
2421 4394 2497 4450 Te
2526 4406 2706 4451 autem
2767 4396 2902 4449 duos
2953 4396 3157 4449 habere
3205 4394 3410 4448 liberos
3458 4390 3627 4449 audio.

406 4497 462 4541 ct
488 4487 841 4554 turpitudinis
866 4487 1042 4554 plena.
1063 4489 1218 4554 Apud
1245 4487 1449 4539 Pelzeos
1470 4498 1648 4541 autem
1679 4488 1765 4541 lex
1801 4496 1979 4554 est,ut
2012 4477 2056 4536 D
2085 4504 2317 4556 quorum
2344 4490 2647 4543 masculum
2692 4476 2988 4558 imperator
3029 4503 3061 4541 e
3103 4498 3261 4541 sacro
3285 4484 3431 4539 fonte
3459 4497 3630 4538 susce-

409 4580 673 4634 mulieres
691 4589 848 4648 agros
869 4580 1051 4632 colant
1068 4589 1123 4633 et
1147 4579 1339 4634 domos
1361 4579 1630 4635 aediﬁcent
1659 4581 1980 4648 czeterisque

409 4673 652 4725 virorum
706 4672 965 4741 operibus
1012 4673 1336 4742 fungantur,
1389 4684 1444 4726 at
1491 4690 1621 4728 vero
1651 4675 1816 4728 etiam
1850 4689 1986 4729 mae-

410 4763 663 4829 chentur,
692 4774 957 4833 quantum
990 4765 1139 4830 libet,
1177 4781 1204 4818 a
1245 4765 1378 4820 viris
1411 4766 1568 4834 plane
1593 4783 1698 4820 non
1749 4767 1980 4836 impedi-

409 4867 479 4911 ta:
506 4876 519 4912 :
549 4858 603 4911 in
636 4858 837 4928 quibus
871 4859 1004 4912 adeo
1035 4860 1281 4928 plurimae
1312 4859 1744 4914 bellicosissima!
1773 4869 1982 4914 suutac

356 4980 362 4986 -
413 4953 620 5006 bestias
645 4968 751 5006 non
773 4952 930 5031 plape
953 4952 1326 5007 validissimas
1351 4961 1641 5005 venantur.
1678 4952 1735 5005 In
1768 4951 1986 5004 Biitan-

415 5047 506 5100 nia
523 5055 701 5100 autem
733 5045 974 5114 plerique
999 5045 1100 5098 viri
1135 5043 1228 5097 uni
1260 5045 1627 5098 concumbunt
1657 5044 1892 5108 mulieri,
1933 5053 1986 5096 et

415 5137 601 5200 multa:
648 5139 907 5192 mulieres
957 5138 1050 5192 uni
1083 5137 1224 5192 viro.
1258 5137 1566 5189 Amazones
1613 5133 1742 5189 olim
1774 5134 1986 5188 maritis

415 5231 680 5285 carebant
710 5245 773 5284 ac
821 5229 1122 5284 bestiarum
1192 5229 1368 5282 instar
1423 5228 1595 5282 semel
1660 5226 1982 5296 quotannis,

415 5323 562 5376 circa
617 5336 842 5376 vernum
903 5321 1310 5390 aequinoctium,
1364 5319 1620 5374 elinibus
1669 5334 1903 5388 egressae
1934 5328 1986 5372 et

417 5412 841 5465 concumbentes
897 5424 1020 5465 cum
1082 5409 1214 5462 viris
1271 5409 1541 5473 ﬁnitimis,
1575 5410 1733 5477 quasi
1783 5407 1984 5463 festum

417 5501 708 5570 quemdam
757 5501 1503 5578 eonventumpelcbrabant:
1536 5499 1680 5554 unde
1709 5500 1990 5568 conceptis

421 5591 621 5648 ictibus
647 5603 858 5648 cunctae
884 5595 1104 5647 domum
1126 5609 1185 5647 se
1218 5593 1555 5661 recipiebant
1580 5608 1596 5657 ;
1637 5592 1832 5645 deinde
1860 5605 1983 5645 cum

419 5691 639 5749 pnl'llllll
674 5683 998 5749 edidissent,
1058 5697 1234 5736 mares
1262 5683 1549 5745 necabam,
1592 5681 1825 5734 feminas
1855 5694 1989 5733 cou-

425 5773 751 5838 servabant,
797 5775 1081 5840 diligenter
1131 5775 1400 5829 lactabant
1440 5773 1866 5844 edttcabautqne.
1927 5770 1984 5825 Si

2088 4581 2194 4649 pit:
2225 4581 2270 4635 is
2304 4581 2466 4648 igitur
2492 4581 2640 4635 illius
2659 4581 2996 4650 esteritque;
3031 4588 3083 4632 at
3110 4578 3371 4647 puellaab
3392 4577 3628 4632 hodierno

2086 4673 2171 4726 die
2205 4682 2325 4727 esto
2390 4673 2514 4727 ﬁlia:
2580 4688 2733 4737 mete,
2784 4674 2942 4743 cujus
2971 4672 3077 4725 erit
3103 4687 3221 4724 eam
3280 4669 3557 4730 collocare,
3583 4666 3625 4717 in

2087 4781 2247 4834 quem
2275 4775 2327 4818 tu
2365 4765 2547 4818 locum
2579 4764 2705 4818 boni
2727 4763 3093 4818 consulueris.
3120 4760 3268 4814 .Tum
3301 4770 3503 4821 autem,
3522 4771 3626 4812 cum

2087 4873 2204 4911 eam
2249 4865 2526 4924 receptum
2553 4855 2761 4919 venies,
2790 4857 2836 4908 si
2869 4853 2977 4908 Deo
3022 4853 3095 4906 ita
3121 4852 3414 4920 placuerit,
3445 4847 3627 4903 donabo

2089 4949 2184 5002 tibi
2218 4949 2442 5018 insuper
2459 4962 2624 5002 onera
2652 4945 2812 5002 serici
2841 4952 3099 5016 quatuor.
3113 4943 3208 4996 Est
3235 4944 3384 4996 enim
3410 4959 3510 4996 non
3532 4935 3629 4988 vul-

2089 5042 2235 5112 garis
2268 5041 2354 5094 illa
2402 5049 2636 5102 metaxa,
2698 5038 2947 5106 solvique
2992 5051 3089 5104 pro
3141 5034 3374 5104 singulis
3401 5031 3629 5088 oneribus

2090 5148 2344 5188 nummos
2378 5147 2573 5186 aureos
2615 5131 2941 5199 quingentos
2963 5127 3164 5196 accepi.
3205 5146 3222 5177 ι

2161 5226 2298 5280 Cum
2339 5225 2502 5293 igitur
2540 5223 2725 5276 omnia
2755 5221 2806 5274 in
2837 5218 3011 5273 Iberia
3043 5230 3091 5272 et
3133 5215 3481 5285 Trapezunte
3506 5222 3631 5283 gesta

2092 5316 2360 5371 subtiliter
2382 5312 2686 5382 imperatori
2705 5309 2926 5366 domino
2949 5323 3070 5362 meo
3089 5316 3143 5362 et
3165 5323 3194 5360 a
3221 5308 3490 5376 principio
3504 5315 3632 5358 enar-

2093 5421 2321 5471 t'assem,
2337 5407 2404 5459 de
2426 5404 2685 5459 Serviano
2707 5400 2980 5457 connubio
2998 5413 3122 5453 eum
3141 5407 3493 5467 percontatus
3513 5403 3630 5449 sum.

2095 5509 2258 5567 atque
2286 5498 2371 5550 ille
2397 5497 2470 5550 ita
2493 5496 2622 5550 mihi
2649 5493 2979 5564 respouditu
3015 5489 3280 5559 Equidem
3307 5487 3530 5542 multum
3553 5480 3630 5535 tibi

2095 5591 2267 5642 debeo
2295 5597 2516 5657 promer
2541 5603 2703 5651 eam,
2732 5601 2894 5655 quam
2923 5600 2951 5637 a
2978 5596 3150 5652 puero
3181 5596 3310 5650 erga
3341 5593 3424 5631 me
3446 5573 3633 5646 prmsti-

2097 5683 2232 5746 tisti,
2275 5679 2704 5734 benevolentiam
2729 5687 2781 5731 et
2814 5675 2970 5730 ﬁdem
3018 5683 3281 5740 tantaque
3331 5667 3636 5729 0iIicia;_\'t"

2101 5787 2218 5824 rum
2248 5787 2387 5826 nunc
2416 5769 2741 5826 Servianum
2783 5769 2885 5823 hoc
2922 5764 3200 5836 negotium
3231 5754 3635 5818 benevolentiam
