3920 6188
284 305 386 371 821
1126 333 1136 340 ·
1297 310 1746 407 ΕΗΗΟΝΙΟΟΝ
1784 311 2052 401 MAJUS.
2078 337 2148 349 -
2176 313 2324 375 LIB.
2360 313 2476 374 ῐίΙ.
3406 307 3535 373 822~

283 421 408 485 δίας
442 420 732 491 βεϐαίωσις
771 424 868 478 καὶ
902 424 1167 493 ἀσφάλεια
1193 427 1290 480 καὶ
1319 428 1710 499 ἐκσφράγισμά
1735 428 1850 481 ἐστι
1878 426 1929 485 Δ
1964 426 2022 480 Ὀ
2051 425 2152 495 μὲν
2178 426 2734 499 Καντακουζηνδς,δς
2754 423 2864 479 ἀπὸ
2888 424 3000 481 τῶν
3023 424 3199 481 ἄλλων
3228 423 3523 494 άπροσπα·

287 513 384 584 τῆς
414 515 491 576 είς
532 514 632 584 ἐμέ
669 531 768 568 σου
801 516 1026 586 ἀγάπης
1065 517 1159 572 καὶ
1181 518 1533 587 δουλοσύνης,
1563 519 1657 572 καὶ
1684 520 1852 571 άντα⁸
1955 517 2062 580 θῶς
2093 517 2374 580 ἐϐούλευε.
2405 518 2502 573 καὶ
2532 518 2691 582 αὐτὸς
2743 516 3036 578 ἀπέθανεν·
3089 519 3118 571 ό
3154 514 3212 581 δὲ
3242 516 3461 580 Λουκᾶς
3491 517 3521 569 ό

286 605 485 672 μοιὸήν
531 621 617 658 σοι
648 605 851 672 ὀφείλω
892 607 999 689 νέως
1048 608 1119 681 ἐν
1150 611 1263 670 τοῖς
1293 607 1462 672 ζῶσιν
1493 608 1847 679 εὑρίσκομαι,
1952 605 2212 680 Νοταρᾶς
2242 610 2495 680 φανερῶς
2532 610 2626 663 καὶ
2651 610 2875 678 ἀφανῶς
2910 609 3061 678 λέγει
3098 608 3180 663 ὅτι
3210 608 3385 672 οὐδεὶς
3410 608 3520 661 τῶν

286 698 409 751 ἐπεὶ
436 697 693 752 τοσοῦτον
724 699 1068 761 κεκοπίακας
1100 700 1189 753 ἀεὶ
1221 700 1362 770 ὑπὲρ
1392 699 1551 770 ἐμοῦ,
1583 700 1679 754 καὶ
1719 702 1854 770 μᾶλ-
1956 701 2137 757 ἄλλων
2171 700 2351 771 πάρεξ
2395 700 2562 755 αὑτοῦ
2609 697 2719 755 οἶδε
2772 701 2825 755 τί
2878 703 3050 767 ποιεῖ,
3096 701 3147 753 εί
3177 699 3253 769 μὴ
3281 699 3354 752 τά
3386 698 3520 768 παρ’

285 791 378 843 λον
407 790 479 843 τὰ
511 790 608 843 νῦν
636 791 1002 859 ἐγκατέλιπες
1026 791 1115 845 τδν
1165 787 1314 845 οἶκόν
1347 809 1465 859 σου,
1498 793 1755 851 τοσοῦτον,
1787 792 1852 863 δὴ
1958 790 2122 847 αὑτοῦ
2153 792 2424 859 λεγόμενα
2451 791 2546 844 καὶ
2579 792 2884 858 ποιούμενα
2905 789 3304 859 διισχυρίζεται
3342 788 3525 858 ἀληθῆ

284 884 478 954 καιρὸν
506 884 695 953 πόρῤω
717 884 821 953 τῆς
848 886 947 953 σῆς
968 885 1228 954 πατρίδος
1254 884 1407 951 ξένας
1426 884 1608 959 χώρας
1634 902 1856 957 περιερ-
1958 885 2053 939 καὶ
2082 882 2224 937 καλά
2252 879 2409 945 εἶναι,
2434 881 2527 935 καὶ
2552 881 2733 935 πάντα
2756 879 2908 934 λίθον
2933 883 3095 945 κινεῖ,
3125 880 3187 933 τὸ
3216 879 3310 933 τοῦ
3334 879 3522 948 λόγου,

284 977 539 1045 χόμενος.
570 974 737 1029 Ὅθεν
761 975 811 1027 οἱ
844 977 1023 1028 ἐκεῖσε
1054 977 1399 1044 κυριεύοντες
1426 977 1671 1046 μεγάλας
1697 978 1854 1048 εὐερ-
1958 969 2035 1033 ὡς
2066 969 2161 1024 καὶ
2189 971 2351 1033 αὐτὸς
2380 967 2562 1033 καλῶς
2589 966 2900 1021 ἐπίστασαι.
2943 968 3002 1020 '0
3049 966 3223 1035 μέγας
3271 966 3522 1035 δομέστι-

284 1066 479 1132 γεσίας
514 1066 614 1119 καλ⁸
638 1066 806 1134 τιμὰς
839 1065 1247 1133 ἐπηγγέλλοντό
1277 1082 1358 1118 σοι
1386 1066 1590 1132 δοῦναι,
1627 1067 1770 1135 λέγω
1806 1069 1854 1120 οἱ
1960 1075 2054 1118 XO:
2088 1058 2378 1129 ἐχθρωδῶς
2425 1057 2699 1112 διάκειται
2746 1074 2769 1109 ε
2781 1058 2826 1119 ις
2882 1054 2951 1109 τὰ
2989 1055 3089 1124 τῆς
3141 1055 3396 1124 Σερϐιας.
3429 1056 3524 1108 καὶ

286 1155 390 1222 τῆς
436 1154 679 1223 Ἰϐηρίας
723 1157 818 1210 καί⁸
845 1156 1258 1227 Τραπεζοῦντος
1287 1155 1545 1210 δεσπόται
1577 1157 1671 1211 καὶ
1700 1157 1855 1226 βασι-
1959 1150 2263 1220 ὁμονοησας
2318 1148 2459 1218 μετὰ
2490 1148 2583 1201 τοῦ
2626 1144 3087 1216 Καντακουζηνοῦ
3125 1144 3376 1199 Ἰωάννου
3412 1163 3523 1206 πα-

284 1245 422 1307 λεῖς,
462 1245 693 1307 ἕκαστος
738 1245 921 1299 αὐτῶν
962 1247 1141 1315 ζητῶν
1198 1264 1282 1301 σοι
1331 1248 1469 1317 ὑπὲρ
1529 1249 1717 1313 αὑτοῦ,
1772 1250 1856 1301 ἵνα
1963 1240 2314 1310 ροτρύνοντές
2346 1255 2414 1308 με
2445 1239 2532 1292 ἀεὶ
2562 1239 2651 1298 ἵνα
2680 1238 2742 1291 τὸ
2773 1238 2871 1308 τῆς
2898 1236 3311 1307 Τραπεζοῦντος
3342 1253 3525 1290 συνοι-

289 1334 633 1389 συνοικέσιον
696 1337 814 1405 μετ’
846 1337 980 1405 ἐμοῦ
1036 1338 1282 1410 τελέσῃς.
1337 1339 1507 1400 Αὐτὸς
1552 1338 1607 1391 δὲ
1641 1338 1717 1401 ὡς
1749 1340 1855 1392 σώ-
1961 1330 2147 1383 κέσιον
2204 1329 2443 1400 γένηται.
2485 1330 2603 1382 Τίνι
2650 1331 2756 1399 γὰρ
2802 1328 2926 1382 τότε
2966 1328 3243 1401 ἐδυνάμην
3293 1327 3540 1396 συμϐουέ

282 1444 446 1505 λφρων
493 1427 588 1480 καὶ
644 1429 835 1491 πιστὸς
879 1430 1135 1503 θεράπων
1162 1430 1441 1500 διέκρινας
1470 1432 1531 1484 τὸ
1579 1433 1858 1502 συμφέρον
1960 1424 2216 1477 λεύεσθαι
2236 1444 2251 1493 ;
2273 1425 2430 1480 Μετὰ
2455 1425 2706 1496 μοναχῶν
2732 1426 2828 1479 καὶ
2861 1424 2971 1479 τῶν
2992 1424 3280 1490 τοιούτων;
3313 1424 3531 1493 απράγ-

290 1535 384 1586 μοι
411 1518 507 1571 καὶ
541 1519 988 1591 ὠφελιμώτερον,
1009 1524 1106 1578 καὶ
1133 1523 1386 1592 ἔδρασας,
1407 1526 1504 1579 καὶ
1533 1526 1568 1579 ἃ
1597 1526 1859 1597 νενόηκας
1964 1516 2126 1586 μονές
2150 1517 2281 1572 εἶσι·
2330 1518 2490 1571 Μετά
2539 1517 2845 1588 ἀρχόντωνς
2896 1516 2992 1570 καὶ
3019 1516 3195 1578 οὐδεὶς
3232 1516 3522 1587 ἐφρόντιζε

289 1609 540 1679 ἔγραψάς
576 1628 670 1680 μοι
721 1613 1129 1680 συμϐουλεύων.
1170 1615 1343 1669 Τοῦτο
1386 1612 1454 1687 ἦν
1496 1618 1640 1687 μέγα
1670 1635 1724 1672 τι
1764 1619 1857 1672 ἐκ..
1920 1664 1926 1670 ,
1965 1605 2043 1676 μὴ
2075 1606 2436 1677 προκείμενός
2470 1624 2597 1671 τινι,
2632 1608 2707 1679 μή
2750 1598 2866 1671 πὶυς
2891 1606 3225 1678 δημοσιεύσῃ
3252 1606 3392 1666 αὐτὰ
3416 1606 3529 1666 τοῖς

294 1702 599 1772 μαρτύριον
628 1703 729 1772 τῆς
772 1704 912 1774 πρὸς
944 1707 1047 1775 ἐμὲ
1096 1723 1191 1758 σου
1226 1682 1440 1771 εὐνοίας
1487 1682 1856 1779 καὶηὰγσὶεπης⁸
1895 1751 1936 1805 Β
1967 1686 2168 1760 ἄλλοις.
2203 1697 2405 1750 Λοιπὸν
2429 1698 2590 1767 222
2621 1697 2734 1765 ἐγὼ
2766 1697 3152 1751 ἐδεινοπάθουν
3174 1697 3253 1759 εἰς
3284 1697 3384 1764 τὴν
3430 1697 3530 1766 σὴν

289 1797 385 1847 καὶ
417 1794 872 1866 πληροφορήθητι
901 1797 1120 1865 άληθῶς
1149 1799 1233 1851 ὅτι
1263 1800 1359 1853 καὶ
1397 1802 1526 1869 παρ’
1554 1801 1689 1870 ἐμοῦ
1720 1801 1862 1867 ἕξεις
1895 1787 1936 1805 ν
1966 1788 2303 1859 βραδύτητα.
2347 1789 2644 1858 Ἐλθούσης
2674 1790 2731 1841 δὲ
2757 1788 2857 1858 τῆς
2886 1788 3107 1859 γραφῆς
3141 1804 3260 1853 σου,
3292 1787 3403 1841 ἰδοὺ
3436 1787 3532 1841 καὶ

290 1884 451 1950 ἀξίαν
476 1887 573 1957 τὴν
604 1886 955 1957 ἀντάμειψιν,
1011 1889 1119 1953 τως
1160 1891 1217 1945 ἐν
1250 1894 1363 1955 τοῖς
1408 1890 1576 1956 ζῶσιν
1608 1894 1858 1965 ὑπάρχω.
1967 1880 2029 1934 σι
2052 1877 2159 1935 ’καὶ
2194 1881 2293 1951 τὴν
2324 1880 2555 1951 γνώμην
2596 1897 2688 1934 σου
2723 1879 2962 1948 ἔγνωκα·
2988 1879 3083 1933 καὶ
3108 1876 3147 1932 ἃ
3173 1878 3396 1948 εἴχομεν
3435 1878 3533 1930 καὶ

293 1976 433 2045 Περὶ
468 1976 526 2029 δὲ
574 1976 671 2032 τοῦ
727 1979 785 2032 ἐν
819 1978 1018 2050 repet;
1058 1981 1402 2035 συνοικεσίου
1446 1975 1621 2055 οὗπερ
1652 1987 1866 2056 ἐρωτᾷς
1936 1973 2130 2041 ,ἡμεῖς
2156 1975 2659 2042 προσυνιστάμενα.
2678 1973 2962 2042 φρονίμως
2992 1971 3089 2026 καὶ
3110 1970 3295 2031 καλῶς
3314 1968 3529 2032 ἔλυσας.

1952 2063 2074 2117 Καὶ
2137 2063 2299 2127 εὐθὺς
2355 2063 2450 2116 τὸν
2502 2062 2870 2130 Παλαιολόγον
2921 2061 3018 2116 καὶ
3074 2059 3168 2114 τδν
3224 2058 3535 2128 Εὐδαίμονα

1980 2153 2234 2224 Ἰωάννην
2268 2152 2592 2218 ἀπέστειλα,
2640 2153 2706 2207 δι’
2737 2153 2872 2208 ἄλλα
2933 2154 3031 2222 μὲν
3071 2152 3132 2207 τὸ
3182 2149 3534 2222 φαινόμενον,

1967 2246 2042 2307 ὠς
2075 2245 2184 2299 ἁπδ
2234 2246 2337 2313 τῆς
2394 2244 2545 2308 Θείας
2587 2244 2752 2310 αὑτοῦ
2798 2245 2900 2314 τῆς
2943 2242 3535 2314 πρῳτοστρατορίσσης

1968 2334 2101 2406 εἴπῃ
2134 2334 2314 2388 τοῦτο.
2344 2336 2453 2391 Καὶ
2504 2335 2615 2388 ίδοὺ
2650 2335 2966 2404 ἠκούσαμεν
2995 2335 3057 2386 τὸ
3100 2334 3274 2388 αἴτιον
3302 2332 3396 2386 τοῦ
3426 2351 3536 2386 κως

1966 2426 2230 2496 λύματος,
2262 2427 2356 2480 καὶ
2411 2408 2750 2495 ἐπαύσαμεν.
2787 2427 2989 2480 Λοιπὸν
3020 2428 3118 2479 σὺν
3150 2425 3271 2497 Θεῷ
3298 2425 3544 2487 τελὲσιοο,

1973 2534 2073 2585 μεν
2102 2518 2163 2570 τὸ
2195 2518 2286 2570 τοῦ
2316 2517 2583 2588 βασιλέως
2614 2517 2713 2586 τῆς
2744 2516 3012 2588 Ἰϐηρίας.
3045 2534 3065 2569 t
3107 2517 3220 2572 Καὶ
3249 2517 3538 2587 γεγονότος

1971 2607 2370 2688 χρυσοὸούλλου
2404 2611 2497 2660 καὶ
2527 2608 2964 2679 ὑπογραφέντος,
3016 2610 3294 2680 περιεῖχεν
3341 2607 3536 2672 οὕτως,

1971 2698 2052 2750 ὅτι
2082 2697 2291 2751 ἐκείνου
2317 2698 2421 2767 μὲν
2454 2699 2488 2768 ἡ
2511 2699 2760 2768 θυγάτηρ
2794 2697 2937 2751 ἔστω
2971 2698 3109 2769 γυνὴ
3138 2696 3234 2750 τοῦ
3272 2695 3540 2768 βασιλέως

1973 2790 2064 2841 καὶ
2109 2787 2366 2842 δέσποινα
2408 2790 2507 2855 τῆς
2555 2789 3203 2853 Κωνσταντινουπόλεως,
3250 2787 3346 2849 καὶ
3377 2788 3541 2851 αὐτὸς

295 2083 389 2136 με,
420 2069 851 2139 τοιουτοτρόποις
878 2071 1358 2141 παρηκολούθησε.
1391 2075 1547 2128 Μετὰ
1581 2074 1643 2129 τὸ
1681 2075 1867 2130 θανεῖν

292 2158 387 2211 τὸν
415 2160 637 2229 ἀμηρᾶν
673 2160 766 2213 καὶ
800 2150 1090 2232 τὴν22ι
1140 2164 1329 2217 τούτου
1367 2165 1603 2234 σύζυγον
1656 2168 1866 2221 ἐπανα-

296 2247 608 2318 πρὲψασαν
632 2249 768 2320 πρὸς
794 2250 885 2303 τὸν
917 2253 1017 2320 τῆς
1056 2251 1289 2323 Σερῦἱας
1325 2253 1597 2327 δεσπότην
1642 2259 1733 2312 τὸν
1765 2273 1869 2312 πα·

292 2340 431 2408 τέρα
474 2340 666 2409 αὐτῆς,
698 2340 976 2410 προσῆλθέ
1017 2359 1108 2409 μοι
1138 2343 1549 2414 συλλαλήσασα
1580 2347 1613 2416 ὴ
1654 2362 1869 2415 πρωτο-

294 2430 663 2499 στρατόρισσα
712 2433 747 2500 ἠ
799 2434 1067 2501 συγγενὴς
1118 2433 1288 2513 αὐτῆς
1316 2436 1450 2505 περὶ
1480 2436 1580 2505 τῆς
1610 2438 1869 2508 τοιαύτης

293 2517 633 2583 ὑποθέσεως,
662 2520 758 2572 καὶ
790 2520 1051 2584 πλείστας
1085 2521 1264 2585 δόσεις
1291 2524 1387 2578 καὶ
1416 2526 1659 2593 προῖκας
1696 2526 1867 2594 ἐπηγ-

292 2609 517 2676 γέλλετό
556 2627 672 2678 μοι,
705 2612 796 2664 καὶ
831 2612 968 2667 ἄλλα
1006 2613 1180 2667 πολλὰ
1210 2614 1613 2685 ὠφελιμώτατα
1641 2616 1868 2670 ἐτασσεν

292 2701 649 2773 ὑποσχομένη
677 2706 734 2755 ἐν
763 2702 842 2773 τῷ
874 2704 1149 2772 μέλλοντι,
1176 2704 1323 2775 ἅπερ
1346 2706 1502 2774 κάγὼ
1526 2707 1632 2760 ἀπὸ
1660 2708 1871 2761 πολλῶν

294 2792 493 2846 αἰτιῶν
530 2794 761 2863 ἐνόμισα
786 2794 967 2850 ταῦτα
996 2796 1174 2867 ἀληθῆ
1209 2792 1352 2851 εἶναι
1379 2799 1470 2850 καὶ
1499 2798 1873 2868 συμφέροντα..

297 2881 499 2950 Ὅμως
523 2882 583 2936 δὲ
609 2885 667 2936 ἐν
696 2885 871 2956 τούτῳ
891 2885 997 2939 ἔδει
1027 2887 1119 2940 καὶ
1142 2887 1309 2958 ἐτέρα
1341 2888 1504 2958 βουλὴ
1530 2888 1626 2940 καὶ
1657 2887 1870 2958 σκέψις,
1972 2879 2037 2949 δὴ
2066 2881 2093 2933 ὁ
2129 2879 2388 2948 βασιλεὺς
2433 2879 2575 2935 ἔστω
2625 2880 2767 2951 ἀνὴρ
2801 2880 2993 2953 αὐτῆς.
3041 2879 3190 2934 κατὰ
3224 2879 3406 2943 πάσας
3442 2878 3542 2942 τὰς

296 2972 461 3041 κάγὼ
488 2975 590 3029 οὐκ
633 2972 780 3046 εἶχον
815 2976 955 3043 μετά
985 2994 1129 3041 τινος
1164 2978 1638 3048 συμϐουλευθῆναι
1673 2979 1765 3033 διὰ
1813 2981 1874 3033 τὸ
1976 2970 2296 3040 συμφωνίας
2327 2970 2393 3034 ἃς
2429 2969 2548 3040 μετ’
2577 2971 2711 3040 ἐμοῦ
2744 2971 2973 3041 ἔστησεν
3020 2973 3048 3024 ὁ
3084 2970 3291 3046 ῥηθεὶς,
3310 2969 3414 3039 ρὴε
3442 2969 3542 3037 τῆς

298 3065 516 3128 πάντας
573 3066 895 3137 παθητικῶς
940 3068 1270 3126 διακεῖσθαι.
1328 3069 1394 3124 Ἦ
1448 3070 1619 3142 κυρία
1670 3088 1772 3139 μου
1838 3071 1873 3142 ἠ
1902 3085 1947 3147 C
1989 3064 2245 3134 Ἰϐηρίας.
2303 3064 2412 3121 Καὶ
2468 3063 2693 3135 κληθεὶς
2749 3062 3025 3134 προσῆλθε
3063 3062 3404 3118 κατενώπιον
3447 3058 3543 3116 τοῦ

295 3155 565 3217 δέσποινα
597 3159 690 3213 καὶ
727 3162 909 3229 μήτηρ
940 3160 1034 3213 τοῦ
1083 3162 1353 3231 παρόντος
1395 3160 1512 3232 βίου
1546 3163 1869 3234 ἐξεδήμησε.
1977 3155 2244 3225 βασιλέως
2277 3158 2306 3210 ὁ
2339 3158 2404 3210 ὲκ
2461 3155 2563 3225 τῆς
2603 3155 2845 3227 Ἰϐηρίας
2906 3156 3028 3226 μετ’
3075 3154 3212 3227 δμοῦ
3265 3152 3546 3226 ἐληλυθὼς

300 3342 460 3387 tuam
488 3347 552 3387 ac
575 3334 815 3389 studium
841 3334 1003 3390 etiam
1029 3336 1204 3405 magis
1237 3335 1545 3399 conﬁrmat,
1569 3338 1876 3393 communit
1978 3333 2156 3389 Lucas
2204 3331 2437 3387 Notaras
2494 3342 2679 3387 autem
2727 3331 2905 3401 palam
2949 3337 3005 3385 et
3058 3329 3273 3385 occulte
3307 3327 3543 3390 dictitat.

300 3435 362 3481 et
387 3424 543 3490 quasi
563 3425 829 3495 obsignat,
860 3426 1072 3497 tibique
1123 3427 1396 3496 obligatus
1423 3442 1567 3491 sum,
1593 3428 1775 3499 quoad
1814 3428 1870 3484 in
1982 3434 2176 3493 przeter
2206 3439 2267 3479 se
2309 3423 2585 3478 neminem
2612 3422 2858 3478 omnium
2890 3419 3065 3488 scire,
3089 3419 3216 3490 quid
3244 3418 3387 3474 facto
3407 3431 3547 3486 opus
3572 3463 3581 3472 .

301 3518 453 3573 vivis
480 3532 595 3584 ero,
630 3533 753 3574 cum
805 3534 1020 3589 semper
1047 3533 1170 3574 mea
1210 3534 1376 3574 causa
1416 3534 1761 3590 summopere
1800 3521 1879 3575 la-
1980 3518 2071 3582 sit,
2104 3515 2259 3582 nihil,
2308 3515 2414 3570 nisi
2445 3514 2595 3585 quod
2647 3514 2764 3584 ipse
2801 3513 2937 3569 dicit
2971 3511 3231 3582 facitque,
3256 3525 3447 3565 verum
3484 3524 3549 3563 ac

304 3610 615 3677 horaveris,
650 3625 798 3665 nunc
835 3625 965 3665 vero
1006 3621 1167 3666 etiam
1208 3610 1431 3665 domum
1464 3610 1736 3681 tuam‘per
1764 3611 1883 3665 lon-
1985 3609 2187 3662 bonum
2208 3621 2333 3663 esse
2354 3605 2614 3671 afﬁrmat,
2645 3617 2973 3674 omnemque
3003 3603 3235 3673 lapidem
3262 3608 3463 3676 movet,
3490 3609 3552 3655 ut

310 3719 445 3774 gum
472 3713 687 3773 tempus
717 3703 1033 3773 reliqueris,
1068 3702 1260 3771 procul
1299 3718 1327 3757 a
1352 3704 1529 3772 patria
1552 3712 1769 3758 exteras
1795 3718 1881 3758 re.
1987 3705 2108 3751 utar
2144 3694 2456 3764 proverbio,
2489 3691 2545 3747 id
2584 3690 2729 3760 quod
2769 3692 2885 3758 ipse
2923 3689 3065 3744 bene
3116 3687 3284 3743 nosti.
3325 3686 3550 3774 Magnus

236 3780 247 3792 ’
309 3772 508 3865 rgiones
539 3772 763 3851 obiens:
802 3772 945 3850 unde
973 3809 1121 3858 cum,
1149 3793 1243 3862 qui
1272 3793 1385 3848 illic
1413 3802 1665 3863 regnant,
1686 3808 1884 3863 magna
1986 3783 2318 3840 domesticus
2337 3778 2611 3834 infestoin
2635 3776 2858 3831 Servios
2885 3779 3070 3830 animo
3086 3782 3169 3829 est
3189 3772 3548 3865 conspirans-

311 3887 417 3941 tibi
449 3887 590 3941 dona
639 3887 990 3955 honoresque
1013 3857 1423 3955 promitterent,
1450 3857 1885 3938 lberiaescili'cet
1987 3890 2093 3944 (tne
2137 3888 2260 3957 cum
2291 3871 2500 3928 Joanne
2516 3867 2900 3923 Cantacuzeno
2934 3864 3181 3957 quotidie
3203 3876 3291 3915 me
3328 3862 3393 3913 ad
3413 3857 3551 3913 Tra-

313 3986 371 4031 ct
397 3974 761 4044 Trapezuntis
782 3951 1028 4044 despotai
1045 3988 1332 4043 regesque,
1356 3982 1584 4043 uterque
1601 3981 1652 4026 te
1666 3986 1885 4041 rogans,
1989 3954 2305 4034 pezuntium
2331 3959 2664 4018 connubium
2730 3957 3073 4010 adhortatur.
3127 3951 3266 4044 cum
3308 3962 3551 4044 quonam

315 4069 425 4137 ipsi
463 4077 523 4121 ut
555 4068 881 4124 conciliares
915 4069 1019 4121 hoc
1050 4050 1416 4129 conuu‘hium,
1456 4073 1516 4119 ut
1565 4064 1808 4134 prudens
1836 4073 1891 4118 et

318 4160 498 4213 ﬁdelis
529 4158 778 4213 minister
798 4157 1085 4213 decrevisti
1112 4165 1167 4211 et
1196 4154 1397 4221 fecisti,
1419 4154 1562 4225 quod
1590 4154 1720 4208 mihi
1744 4168 1893 4210 come

316 4254 547 4309 modum
580 4262 635 4309 et
654 4251 1003 4306 utilissimum
1039 4256 1205 4314 esset,
1232 4257 1281 4303 et
1310 4248 1440 4315 quid
1469 4245 1564 4301 tibi
1590 4246 1888 4309 videretur,

320 4360 422 4414 per
450 4345 663 4399 litteras
692 4344 825 4396 mihi
854 4343 1100 4397 suasisti.
1132 4339 1268 4394 Illud
1290 4354 1545 4408 maguum
1578 4338 1711 4391 mihi
1740 4337 1895 4391 testi-

1992 4058 2157 4128 igitur
2176 4055 2535 4111 deliberarem
2559 4053 2584 4105 ἲ
2603 4050 2738 4106 Cum
2773 4045 3053 4103 monachis
3073 4053 3127 4098 et
3147 4040 3423 4110 ejusmodi
3453 4041 3551 4094 ho.

1994 4147 2278 4204 minibus?
2328 4153 2385 4199 at
2430 4157 2549 4198 rem
2602 4139 2878 4212 publicam
2928 4137 3043 4191 'non
3088 4133 3383 4201 attingunt.
3414 4131 3552 4186 Cum

1993 4235 2348 4312 proceribus?
2394 4242 2451 4290 at
2500 4246 2661 4290 nemo
2710 4246 2825 4287 rem
2879 4238 3250 4299 perpensurus
3286 4229 3427 4284 erat,
3460 4220 3555 4286 qui

1995 4330 2129 4387 nulli
2153 4327 2476 4401 propensior
2516 4331 2683 4390 esset,
2713 4331 2775 4377 ut
2799 4318 3101 4377 timendum
3142 4320 3309 4379 esset,
3342 4325 3413 4366 ne
3434 4324 3555 4365 eam

319 4401 568 4489 monium
594 4443 710 4488 erat
729 4443 835 4489 tuae
857 4449 984 4503 erga
1004 4447 1088 4486 me
1106 4401 1409 4486 voluntatis
1426 4440 1478 4485 et
1494 4429 1849 4498 benignitatis
1873 4447 1888 4485 :
1921 4407 1975 4470 Ῐ)
1999 4436 2124 4477 cum
2146 4419 2357 4477 caeteris
2382 4414 2835 4473 communicaret.
2860 4411 3049 4479 itaque
3070 4420 3172 4477 ⁸80
3200 4403 3442 4503 ίιιῖξιυιιιε
3475 4401 3557 4455 τίδ’

318 4537 378 4582 et
431 4534 588 4581 certo
633 4526 792 4586 scito,
846 4526 1009 4597 digna
1059 4537 1148 4577 me
1178 4521 1273 4577 tibi
1303 4520 1530 4592 praemia
1556 4520 1889 4586 soluturum,

318 4616 505 4687 quoad
556 4617 609 4669 in
640 4616 779 4671 vivis
819 4630 935 4670 ero.
985 4612 1143 4681 Quod
1168 4620 1374 4687 autem‘
1411 4613 1479 4666 de
1511 4611 1777 4666 Serviano
1806 4627 1894 4668 me

318 4703 605 4761 connubio
639 4708 844 4772 rogas,
882 4717 969 4758 res
995 4715 1058 4756 ea
1097 4700 1170 4756 ita
1217 4700 1421 4755 evenit.
1449 4700 1646 4754 Amera
1674 4709 1895 4755 mortuo

318 4807 380 4853 et
419 4794 652 4866 conjuge
708 4796 831 4863 ejus
861 4809 1085 4850 reversa
1112 4793 1180 4848 ad
1207 4792 1492 4862 despotam
1526 4791 1752 4857 Servi-aa,
1777 4791 1898 4857 ejus

319 4898 564 4960 patrem,
610 4889 742 4942 adiit
782 4903 867 4943 me
894 4902 1060 4957 super
1101 4886 1196 4941 illo
1237 4888 1454 4957 negotio
1508 4881 1899 4955 cognata'ejus

320 4978 828 5049 protostr.ttorissa,
863 4976 1262 5046 spoponditque
1292 4976 1424 5028 mihi
1451 4974 1893 5029 cumulatissima

323 5071 478 5126 dona
509 5068 822 5136 dotemque,
842 5076 898 5122 et
931 5067 1036 5120 alia
1056 5065 1227 5120 multa
1247 5065 1536 5121 utilissima
1566 5078 1900 5120 commemo-

326 5160 475 5215 ravit
531 5170 584 5213 et
614 5159 668 5213 in
691 5159 932 5213 futurum
977 5157 1261 5227 promisit:
1316 5172 1435 5226 qum
1469 5170 1570 5223 ego
1622 5155 1808 5210 multis
1831 5154 1899 5210 de

319 5250 521 5307 causis
552 5264 680 5304 vera
726 5259 827 5304 ete
856 5264 916 5303 re
960 5263 1083 5303 mea
1133 5245 1252 5303 fore
1276 5247 1609 5321 existimavi.
1644 5246 1900 5300 Attamen

328 5342 444 5397 alio
467 5341 701 5395 consilio
734 5350 787 5395 et
830 5338 1224 5396 deliberatione
1263 5339 1321 5391 in
1347 5338 1438 5390 tali
1478 5344 1538 5391 re
1582 5351 1721 5407 opus
1760 5346 1901 5402 erat,

331 5446 438 5487 nec
464 5430 765 5495 habebam,
810 5446 971 5501 quem
1028 5429 1394 5491 consulerem,
1418 5428 1678 5493 quoniam
1710 5442 1903 5483 omnes

332 5521 523 5575 animo
576 5519 969 5576 vehementiori
1011 5526 1190 5573 erant.
1223 5518 1449 5571 Domina
1477 5526 1533 5571 et
1569 5526 1743 5570 mater
1784 5530 1905 5571 mea

334 5610 658 5680 imperatrix
690 5624 720 5664 e
753 5609 865 5664 vita
902 5618 1180 5674 cesserat;
1224 5606 1682 5672 Cantacuzenus,
1738 5606 1834 5677 qui
1873 5620 1904 5661 e

335 5701 567 5772 reliquis
590 5716 698 5756 non
724 5700 920 5770 cupide
946 5701 1249 5774 judicabat,
1272 5707 1327 5755 et
1352 5698 1471 5767 ipse
1488 5705 1739 5753 mortuus
1767 5703 1905 5753 erat.

1995 4515 2181 4570 rebam
2215 4524 2394 4567 moras
2418 4518 2562 4564 tuas.
2598 4503 2839 4574 Epistula
2896 4508 3075 4555 autem
3101 4507 3193 4553 tua
3220 4495 3289 4550 ad
3322 4508 3410 4549 me
3431 4500 3558 4563 per-

1996 4605 2132 4670 lata,
2158 4612 2213 4659 et
2231 4611 2284 4658 te
2304 4610 2360 4655 et
2388 4596 2716 4653 sententiam
2740 4603 2888 4648 tuam
2915 4590 3169 4662 cognovi,
3203 4600 3437 4657 quaeque
3460 4598 3560 4639 nos

1992 4708 2217 4764 quoque
2241 4692 2390 4762 prius
2416 4687 2714 4744 constituta
2773 4683 3135 4746 habebamus,
3174 4679 3475 4749 prudenter
3505 4684 3564 4730 ct

1997 4786 2281 4842 commode
2321 4781 2695 4848 expediveras.
2735 4774 2935 4831 Statim
2984 4772 3150 4842 igitur
3196 4768 3561 4837 Palmologum

2000 4873 2134 4930 cum'
2167 4871 2380 4926 Joanne
2403 4867 2753 4931 Eudaemone,
2805 4863 3041 4919 aliarum
3062 4873 3245 4915 rerum
3272 4863 3562 4928 praetextu,

1999 4966 2167 5034 misi,
2206 4979 2239 5019 a
2290 4960 2805 5035 protostratorissa,
2860 4962 3154 5009 matertera
3235 4964 3370 5035 sua,
3432 4948 3563 5003 illud

2004 5033 2333 5114 nuntiatum.
2360 5052 2503 5109 Ecce
2545 5060 2727 5106 autem
2746 5090 2761 5114 ,
2789 5060 3010 5102 causam
3038 5057 3161 5113 quae
3187 5056 3299 5096 rem
3325 5033 3567 5108 impedi-

2001 5162 2106 5216 ret,
2154 5149 2529 5219 cognovimus,
2553 5154 2608 5199 et
2649 5142 2980 5198 destitimus.
3043 5135 3310 5190 Caeterum
3331 5171 3346 5195 ,
3378 5131 3423 5184 si
3454 5130 3566 5183 Deo

2005 5241 2202 5311 placet,
2252 5237 2602 5308 perﬁciamus
2655 5247 2777 5286 cum
2837 5230 3117 5283 lberorum
3191 5237 3317 5291 rege
3358 5235 3569 5274 connu-

1995 5320 2211 5385 biom.»
2248 5328 2334 5383 Fit
2360 5328 2526 5398 igitur
2554 5325 2697 5379 bulla
2732 5335 2917 5380 aurea.
2944 5317 3034 5371 cui
3065 5315 3435 5381 subscriptum
3461 5320 3567 5374 est.

2007 5422 2063 5475 in
2095 5422 2236 5474 hanc
2270 5415 2594 5471 sententiam
2619 5453 2633 5475 ,
2662 5421 2723 5465 ut
2752 5409 2903 5464 illius
2925 5406 3031 5461 illia
3059 5414 3205 5460 esset
3226 5417 3367 5457 uxor
3395 5401 3570 5470 impe-

2006 5512 2208 5568 ratoris
2241 5519 2294 5565 et
2328 5506 2650 5577 imperatrix
2683 5501 2893 5573 Cpolis,
2940 5500 3244 5567 imperator
3269 5502 3417 5550 esset
3448 5497 3570 5562 ejus

2009 5602 2258 5665 maritus,
2286 5596 2585 5656 secundum
2614 5591 2965 5650 conditiones
2995 5602 3187 5643 omnes
3213 5600 3351 5657 quas
3383 5584 3573 5639 Ibero-

2010 5708 2131 5750 rum
2162 5706 2257 5749 rex
2286 5702 2500 5747 mecum
2530 5690 2936 5756 composuerat.
2987 5675 3229 5736 Vocatur
3255 5678 3313 5734 in
3347 5688 3577 5745 conspe-

2870 5863 2894 5902 ϐ
