3920 6188
398 317 505 378 8ἓῖ3

1659 328 1910 390 GEURG
1924 332 1982 391 Ῐι
2023 333 2220 393 ΙἨΙίΑ
2236 335 2457 395 ΝΤΖἍΕ

3518 345 3617 404 824

391 430 659 524 πρέσϐυς.
684 430 785 483 Καὶ
830 434 858 483 6
914 431 1171 500 βασιλεὺς
1215 436 1589 509 οἰκειοχείρως
1640 442 1952 510 ἔμπροσθεν
1983 458 2030 511 Α
2062 448 2258 517 κυρίαν
2287 466 2407 502 σου.
2434 469 2451 501 ι
2502 451 2715 516 Ἔγωγε
2740 452 3063 521 ἀποκριθεὶς
3094 449 3249 507 εἷπον
3282 453 3452 524 αύτῷ·
3489 474 3509 507 ι
3540 460 3613 511 Ού

391 523 581 577 τούτου
632 524 858 591 ἐποίησε
911 528 1182 595 σταυροὺς
1219 531 1368 597 τρεῖς
1421 532 1560 600 μετὰ
1618 536 1957 605 κιναϐάρεως

390 617 469 677 εἰς
490 617 551 667 τὸ
577 615 849 686 ἀνώτερον
880 616 975 669 τοῦ
1004 622 1407 687 χρυσοϐούλλου
1451 625 1703 691 μέτωπον
1742 628 1823 689 εἰς
1870 627 1959 695 3s-

392 704 618 759 ϐαίωσιν
649 709 793 761 κατὰ
820 709 919 779 τὴν
945 712 1170 765 ἐκείνων
1206 715 1519 783 συνήθειαν,
1551 718 1643 769 καὶ
1672 717 1836 771 ἐδωσε
1864 719 1956 771 τὸν

393 796 791 864 χρυσόϐουλλον
836 801 931 851 ἐπὶ
975 801 1075 863 τὰς
1116 804 1307 873 χεῖρας
1354 804 1446 855 τοῦ
1504 806 1817 875 πρέσϐεως,
1860 808 1955 862 καί

390 904 557 957 φησιν
611 888 793 958 αὐτῷ’
842 910 859 940 t
907 892 1039 945 Ἰδοὺ
1080 892 1237 953 οὗτος
1274 912 1291 945 ι
1332 895 1433 962 ἐμὲ
1476 895 1741 950 δεικνύων
1797 917 1815 950 ι
1857 899 1957 952 σὺν

390 980 510 1049 Θεῷ
556 981 632 1050 τῷ
674 982 956 1052 ἐρχομένῳ
1008 985 1129 1054 ἔαρι
1184 986 1463 1039 ἐλεύσεται
1506 989 1643 1058 μετὰ
1683 991 1955 1060 τριῆρεων

390 1073 733 1141 παραλαϐεῖν
780 1074 881 1143 τὴν
933 1076 1072 1145 ἐμὴν
1128 1077 1381 1132 σύνευνον
1422 1080 1518 1147 τὴν
1561 1080 1882 1151 νεόνυμφον.
1930 1101 1960 1134 ι⁴

391 1165 780 1234 Προσκυνήσας
809 1162 899 1218 οὖν
929 1169 956 1219 ὁ
989 1168 1236 1235 πρέσϐυς
1264 1170 1633 1239 ἀνεχώρησεν.

460 1254 618 1323 223
663 1255 814 1308 Ἐπεὶ
858 1256 913 1308 δὲ
945 1256 1052 1309 ἀπὸ
1085 1258 1186 1325 τῆς
1237 1258 1414 1328 ἀρχῆς
1462 1261 1556 1313 τοῦ
1590 1262 1754 1315 αὑτοῦ
1803 1263 1953 1327 ἔτους

388 1344 736 1415 ἐψιθυρίζετο
766 1349 847 1400 ὅτι
885 1350 913 1401 6
962 1349 1188 1419 ἀμηρᾶς
1219 1350 1472 1404 ἐϐούλετο
1504 1352 1680 1406 ἐλθεῖν
1729 1357 1870 1408 κατὰ
1895 1356 1954 1408 τὸ

390 1435 576 1487 στενὸν
607 1438 772 1503 ἐγγὺς
806 1438 898 1490 τοῦ
950 1440 1227 1508 ἁνωτέρου
1286 1441 1485 1510 μέρους
1532 1445 1632 1510 τῆς
1666 1445 1759 1496 τοῦ
1786 1445 1955 1496 Ἀσω-

389 1527 561 1591 μάτου
603 1526 794 1596 κώμης
824 1530 1182 1599 οἰκοδομῆσαί
1221 1549 1271 1584 τι
1311 1534 1594 1603 φρούριον,
1637 1536 1729 1588 καὶ
1762 1536 1953 1605 βουλῆς

387 1620 687 1689 γενομένης
715 1622 801 1673 ἵνα
832 1624 859 1675 6
905 1622 1160 1691 βασιλεὺς
1200 1625 1280 1688 εἰς
1319 1627 1727 1695 Πελοπόννησον
1768 1629 1951 1700 στείλῃ

391 1710 611 1777 μηνύων
653 1710 748 1765 τοῦ⁹
787 1713 962 1766 ἐλθεῖν
998 1716 1095 1767 ἕνα
1126 1716 1232 1768 τῶν
1282 1719 1635 1787 αὑταδέλφων
1673 1720 1863 1779 αὐτοῦ.
1892 1720 1953 1780 ὃς

2061 538 2302 607 δύναμαι
2334 540 2645 609 παραϐῆναι
2674 541 2734 593 τὸ
2763 542 3092 613 πρόσταγμά
3122 562 3242 608 σου,
3276 544 3369 599 τοῦ
3422 547 3499 617 μὴ
3531 549 3621 601 ἐκ-

2057 631 2274 684 τελέσαι
2322 632 2396 693 ὠς
2436 630 2719 693 κελεύεις*
2752 631 2868 684 ἀλλ’
2899 635 2932 703 ἡ
2965 634 3253 697 σύντεκνος
3304 637 3399 690 καὶ
3455 637 3621 707 δούλη

2056 725 2156 793 τῆς
2190 722 2467 788 βασιλείας
2504 738 2620 788 σου,
2654 722 2687 793 ή
2717 725 2854 794 γυνή
2896 741 3024 793 μου,
3057 725 3345 781 ὑποπτεύω
3380 729 3455 797 μή
3488 746 3624 782 ποτε

2056 815 2143 867 διὰ
2172 814 2234 868 τὸ
2273 818 2539 883 συχνάκις
2568 833 2636 884 με
2669 815 3025 880 ἀπουσιάζειν
3055 816 3225 885 αὐτῆς
3250 819 3619 886 ἀγανακτῶσα

2058 907 2484 976 ἀποκαρήσηται
2528 905 2691 978 224
2722 906 2952 977 μοναχῆ,
3011 908 3044 977 ἢ
3097 909 3193 962 καὶ
3241 910 3377 980 ἐάσῃ
3420 928 3489 980 με
3528 914 3624 963 καὶ

2058 999 2218 1053 ἄλλον
2248 999 2412 1070 λάϐῃσ
2454 999 2582 1068 χθὲς
2607 1002 2713 1069 γάρ
2752 1000 2991 1069 ἐλήλυθα
3034 1002 3144 1055 ἀπὸ
3196 1003 3460 1073 Ἰϐηρίας,
3507 1004 3624 1057 διας

2064 1090 2265 1161 τρίψας
2300 1091 2418 1144 ἐκεῖ
2444 1090 2539 1159 ἐτη
2579 1091 2707 1155 δύο,
2756 1090 2851 1143 καὶ
2897 1092 2948 1144 εἰ
2995 1093 3332 1162 ἀναχωρήσω
3379 1094 3537 1158 αὖθις
3566 1096 3625 1147 ἐν

2059 1179 2411 1251 βραχημερίᾳ
2454 1180 2686 1244 οἴκοθεν,
2743 1179 2967 1247 εὔλογον
3011 1183 3193 1235 αἰτίαν
3241 1182 3470 1252 εὑρήσει
3530 1187 3625 1238 καὶ

2055 1267 2270 1320 δικαίαν
2332 1266 2610 1336 πρόφασιν
2650 1267 2744 1321 τοῦ
2809 1268 3011 1338 πρᾶξαι
3060 1270 3118 1349 ἐν
3149 1270 3207 1337 ἐξ
3239 1264 3312 1324 ὧν
3340 1274 3554 1342 εἴρηκα.
3599 1294 3629 1327 ›

2067 1359 2125 1411 '0
2154 1360 2207 1412 δὲ
2228 1359 2483 1429 βασιλεὺς
2515 1360 2748 1426 γελάσας
2771 1355 2893 1414 εἶπέ
2932 1379 3018 1429 μοι
3044 1378 3059 1393 ·
3097 1381 3114 1413 t
3161 1362 3298 1415 Ἀλλ’
3332 1366 3496 1428 αὐτὸς
3534 1366 3630 1418 λέο

2055 1448 2144 1513 εον
2171 1450 2310 1520 αὐτῇ
2347 1450 2433 1503 ἵνα
2458 1450 2666 1519 ταύτην
2687 1451 2781 1503 καὶ
2815 1452 2981 1519 μόνην
3009 1452 3109 1521 τὴν
3145 1455 3457 1525 ὁδοιπορίαν
3492 1472 3627 1523 συγο

2052 1542 2279 1610 χωρήσῃ
2300 1558 2380 1595 σοι
2406 1541 2653 1609 ποιῆσαι,
2682 1543 2774 1593 καὶ
2797 1542 3004 1612 ἐνόρκῳ
3032 1544 3417 1613 προστάγματι
3437 1546 3632 1599 τάσσω

2058 1631 2255 1699 μηκέτι
2286 1647 2344 1683 σε
2390 1630 2680 1701 ἐνοχλῆσαι
2722 1632 2816 1684 τοῦ
2866 1633 3101 1696 ἐξελθεῖν
3160 1651 3218 1687 σε
3270 1636 3624 1705 πατριδόθεν.

2055 1724 2168 1775 Καὶ
2202 1722 2344 1789 μάλα
2380 1722 2557 1783 καλῶς
2585 1723 2876 1775 ἐπίστασαι
2923 1724 2991 1776 τά
3026 1725 3124 1778 ὅσα
3176 1742 3257 1778 σοι
3289 1726 3630 1797 ἐπηγγειλάο

391 1802 456 1853 ἂν
488 1802 818 1871 βουλήσηται
846 1806 1073 1866 τούτων,
1107 1809 1200 1859 καὶ
1251 1810 1581 1880 ὁμοφωνὴσῃ
1630 1814 1709 1872 εἰς
1744 1813 1842 1865 ὅσα
1892 1812 1949 1863 αἰ
1979 1812 2026 1870 Β
2058 1831 2165 1883 μην
2206 1812 2563 1883 εὐεργετῆσαί
2592 1830 2670 1878 σε,
2711 1815 2803 1867 καὶ
2826 1814 2880 1867 τί
2906 1815 2974 1868 τὰ
3022 1817 3124 1869 ἀνὰ
3176 1817 3333 1885 ήμῶν
3364 1818 3631 1887 συλλαλη-

390 1890 671 1957 βασιλικαὶ
700 1899 911 1961 γραφαὶ
956 1897 1341 1965 διελάμϐανον,
1386 1901 1471 1952 ἵνα
1512 1903 1755 1968 ἀνάγκης
1801 1903 1958 1955 ἐπελ-

387 1985 590 2049 θούσης
620 1987 805 2039 ἴδωσιν
832 1989 878 2040 εἰ
903 1990 928 2041 6
953 1991 1177 2058 ἀμηρᾶς
1209 1992 1460 2060 βούλεται
1494 1994 1699 2061 πρᾶξαί
1729 2010 1782 2045 τι
1813 1996 1955 2046 κατὰ
1990 2032 1993 2033 ν

384 2076 485 2144 τῆς
520 2077 730 2140 πόλεως
755 2078 877 2148 ἤτοι
923 2081 1023 2148 τῆς
1054 2081 1357 2150 βασιλείας,
1416 2085 1510 2137 καὶ
1557 2085 1765 2154 ἀπέλθῃ
1818 2085 1956 2153 πρὸς

386 2169 511 2230 τοὺς
543 2171 790 2234 δυτικοὺς
831 2171 1097 2237 αὐθέντας
1140 2176 1235 2227 καὶ
1270 2178 1593 2246 συμμαχίαν
1624 2179 1857 2248 αἰτήσῃ,
1898 2180 1954 2230 ἐν

385 2260 521 2329 τῷδε
548 2261 625 2331 τῷ
658 2262 809 2334 μέσῳ
834 2264 1111 2334 παρῆλθον
1133 2267 1339 2335 ήμέραι
1363 2268 1529 2330 τινὲς.
1564 2265 1684 2321 εἰτα
1714 2270 1954 2338 προστά-

388 2350 484 2415 ξας
511 2352 683 2405 ἐλθεῖν
715 2370 783 2422 με
811 2354 1044 2409 ἐνώπιον
1073 2356 1241 2409 αὐτοῦ
1280 2354 1402 2411 εἰπέ
1436 2376 1527 2428 μοι
1554 2360 1707 2411 τάδε’
1749 2379 1767 2411 ι
1802 2361 1957 2429 Πρω-

385 2442 788 2515 τοϐεστιαρῖτα,
831 2446 963 2516 περὶ
1008 2448 1109 2517 τῆς
1147 2448 1341 2518 βουλῆς
1376 2444 1443 2521 ἧς
1472 2452 1783 2521 ἐστήσαμεν
1813 2453 1953 2505 ἐτοι-

390 2535 629 2606 μάσθητι
655 2535 750 2589 τοῦ
790 2538 1048 2592 ἀπελθεῖν
1076 2557 1136 2593 σε
1168 2543 1251 2603 είς
1288 2542 1716 2613 Πελοπόννησοψ
1750 2544 1843 2597 καὶ
1880 2545 1957 2607 ὡς

388 2626 455 2678 ἂν
484 2626 787 2697 διορθὼσῃς
816 2629 915 2699 τὴν
946 2632 1123 2684 ἐκεῖσε
1150 2632 1428 2698 ὑπόθεσιν,
1451 2634 1537 2687 ἵνα
1562 2653 1645 2698 τις
1669 2637 1778 2688 τῶν
1804 2635 1958 2689 ἀδελ-

384 2724 502 2791 φῶν
543 2742 648 2793 μου
681 2726 969 2798 ἐλεύσηται
1010 2728 1219 2795 ἐνθάδε,
1254 2731 1556 2799 ἀναγκαῖόν
1601 2732 1748 2784 ἐστιν
1785 2731 1956 2783 ἀπελ-

384 2816 499 2868 θεῖν
529 2834 587 2869 crs
615 2818 825 2872 ἐκεῖθεν
853 2822 933 2884 είς
974 2822 1196 2892 Κύπρον
1236 2824 1374 2893 πρὸς
1412 2825 1511 2893 τὴν
1543 2826 1687 2897 ἐμὴν
1717 2826 1951 2894 ἀδελφάο

388 2908 555 2961 παιδα
594 2909 692 2979 τὴν
724 2914 1020 2982 ρήγισσαν.
1058 2917 1253 2986 Ἡμεῖς
1299 2919 1356 2971 δὲ
1390 2919 1622 2974 ἐνταῦθα
1653 2921 1955 2989 ἑτοιμάσω-

392 3002 491 3069 μέν
522 3020 605 3056 σοι
642 3006 707 3058 τὰ
743 3008 1028 3078 ἐπιτήδεια
1056 3010 1157 3078 τῆς
1186 3011 1332 3064 ὁδοῦ.
1359 3011 1518 3065 Μετά
1540 3013 1601 3065 τὸ
1633 3012 1871 3078 ἐξελθεῖν
1895 3031 1954 3066 σε

390 3094 643 3148 κάκεῖθεν
688 3098 932 3169 πορεύσῃ
981 3094 1136 3162 αὖθις
1193 3101 1275 3163 εἰς
1329 3102 1430 3170 τὴν
1490 3103 1753 3174 Ἰϐηρίαν,
1806 3104 1955 3165 ὅπως

2058 1907 2251 1981 θέντα..
2272 1908 2364 1960 καὶ
2392 1907 2444 1960 τί
2470 1906 2771 1976 βουλόμεθα
2796 1908 3039 1976 ποιῆσαι.
3086 1910 3197 1963 Καὶ
3218 1909 3377 1962 τοῦτο
3408 1909 3626 1979 βέϐαιόν

2057 2000 2175 2050 ἐστι
2208 1999 2299 2051 καὶ
2330 2000 2495 2067 χωρἐς
2530 1999 2753 2068 ἐνόρκου
2785 2000 3224 2069 προστάγματος,
3255 2000 3339 2053 ὅτι
3372 2001 3429 2052 αἰ
3456 2017 3630 2070 πρεσ-

2057 2091 2198 2142 ϐεῖαι
2229 2090 2322 2143 καί
2358 2090 2657 2158 ὀδοιπορίαι
2683 2092 2736 2142 αἱ
2765 2090 2868 2141 ὑπὸ
2912 2091 3006 2143 σοῦ
3040 2090 3327 2145 παύσουσι.
3383 2091 3629 2160 Μηνύσω

2055 2177 2111 2229 δὲ
2145 2179 2238 2230 καὶ
2271 2179 2406 2249 πρὸς
2433 2181 2524 2231 τὸν
2561 2179 2733 2248 μέγαν
2761 2179 2926 2233 δοῦκα
2947 2180 3036 2232 τὸν
3060 2181 3311 2247 Νοταρᾶν
3360 2182 3443 2233 ὅτι
3504 2182 3629 2233 ἐπεὶ

2055 2267 2115 2320 τὸ
2146 2268 2239 2321 τοῦ
2272 2270 2510 2338 μεγάλου
2540 2270 2725 2333 δουκὸς
2753 2270 3007 2338 όφιρίκιον
3037 2271 3251 2339 κτῆται,
3289 2272 3351 2325 οὐ
3402 2271 3628 2327 δύναται

2056 2360 2199 2429 ἔχειν
2232 2364 2325 2413 καὶ
2354 2360 2414 2414 τὸ
2443 2361 2786 2428 μεσαστικόν.
2836 2363 2944 2414 Καὶ
3000 2361 3156 2415 τοῦτο
3208 2362 3347 2429 λέγω
3395 2362 3484 2415 ἵνα
3542 2380 3626 2414 σοι

2055 2451 2404 2521 δωρήσωμαι.
2450 2452 2593 2507 Ἀλλ’
2615 2454 2765 2521 ὅμως
2784 2454 2883 2507 οὐκ
2911 2455 3025 2507 ἔστι
3058 2456 3266 2525 πρέπον
3321 2454 3412 2506 ῖνα
3465 2454 3628 2520 ἀφαι-

2060 2544 2199 2609 ρέσω
2227 2544 2356 2597 αὐτὸ
2378 2546 2436 2612 ἐξ
2465 2545 2628 2599 αὐτοῦ
2658 2563 2671 2577 ·
2724 2546 2839 2598 ἐστι
2874 2545 2982 2613 γὰρ
3028 2545 3104 2608 ὡς
3150 2547 3530 2614 καταφρονεῖν,
3578 2547 3631 2597 εί

2059 2634 2134 2704 μὴ
2169 2634 2552 2705 ἀναϐολὴνκαὶ
2580 2636 2779 2706 τρόπον
2836 2638 3133 2706 ποιήσομεν
3188 2638 3273 2690 ἵνα
3325 2636 3630 2698 αύτοθελῶς

2054 2726 2421 2797 ἐγκαταλείψῃ
2449 2728 2578 2779 αὐτὸ
2602 2729 2831 2790 ἐκεῖνος.
2890 2728 2999 2780 Καὶ
3029 2729 3200 2797 ἐχέτω
3246 2727 3311 2797 δὴ
3367 2728 3533 2782 πάλιν
3566 2727 3631 2779 τε

2058 2816 2323 2882 πρωτεῖον
2348 2814 2446 2883 τῆς
2473 2816 2714 2878 στάσεως
2754 2818 2846 2868 καί⁵
2880 2817 2976 2884 τῆς
3008 2816 3226 2885 βουλῆς,
3252 2817 3345 2869 καί
3375 2836 3434 2869 τι
3478 2834 3628 2885 σιτη-

2061 2906 2237 2974 ρέσιον
2265 2904 2334 2958 δι’
2364 2906 2525 2959 άλλου
2551 2906 2776 2975 τρόπου,
2819 2908 2939 2959 ἐπεὶ
2969 2908 3071 2978 χρὴ
3104 2908 3324 2976 ποιῆσαι
3370 2908 3519 2976 κάμὲ
3538 2906 3645 2961 δύο.

2055 2997 2163 3049 τῶν
2209 2996 2487 3067 ἀρχόντων
2550 2998 2907 3067 συμϐούλους,
2960 2999 3033 3062 ὡς
3086 3001 3179 3052 καὶ
3227 3002 3254 3053 6
3314 2999 3631 3069 βασιλεὺςό

2056 3087 2286 3155 ἀδελφός
2313 3106 2416 3157 μου
2447 3083 2613 3159 εἶχεν,
2644 3090 2711 3142 ἵν’
2742 3084 2840 3143 ὦσι
2894 3089 3013 3159 μετ’
3061 3072 3194 3157 ἐμοῦ
3246 3090 3317 3143 δι’
3369 3090 3501 3159 ὅλης
3533 3090 3630 3159 τῆς

384 3187 524 3256 ἄρῃς
551 3186 651 3258 τὴν
681 3190 985 3259 νεόνυμφον
1022 3192 1119 3262 τήν
1149 3190 1288 3263 ἐμὴν
1322 3194 1579 3248 σύνευνον
1631 3196 1729 3266 τὴν
1767 3196 1953 3264 μελλο-
1979 3174 2021 3231 c
2053 3181 2266 3250 ἡμέρας
2288 3182 2345 3233 ὲν
2375 3180 2453 3249 τῷ
2506 3181 2754 3251 παλατίφ
2807 3181 2901 3235 τοῦ
2953 3182 3278 3252 προελέπειν
3316 3181 3630 3252 διορθὼνείν

385 3303 535 3347 ctum
565 3295 913 3364 imperatoris
936 3299 1029 3367 qui
1063 3314 1279 3353 mecum
1304 3315 1369 3355 ex
1400 3301 1572 3355 Iberia
1605 3302 1817 3371 legatus
1848 3319 1947 3357 ve-

386 3392 565 3446 nerat,
594 3392 648 3436 et
676 3399 858 3438 coram
912 3385 1017 3441 hoc
1067 3391 1364 3456 imperator
1397 3404 1560 3444 manu
1588 3406 1685 3445 sua
1714 3392 1768 3444 in
1794 3406 1952 3461 supe-

390 3473 533 3527 riore
592 3474 753 3528 bullae
792 3475 967 3530 fronte
1000 3478 1217 3532 rubrica
1268 3488 1381 3535 tres
1415 3495 1610 3536 cruces
1648 3483 1846 3537 scribit
1875 3483 1945 3537 ad

387 3564 817 3620 conﬁrmandam
852 3569 1162 3635 pactionem
1182 3586 1246 3623 ex
1279 3571 1497 3627 illorum
1523 3577 1949 3640 consuetudine,

388 3655 662 3725 traditque
722 3657 923 3713 bullam
994 3660 1046 3716 in
1113 3677 1309 3718 manus
1370 3663 1535 3734 legati
1587 3665 1673 3721 ltis
1732 3667 1950 3722 verbis:

392 3768 410 3799 ι
448 3748 545 3803 Hic
582 3751 666 3805 vir
701 3754 829 3820 (me
861 3754 1224 3825 ostendebat)
1254 3755 1361 3811 Deo
1402 3759 1643 3828 propitio
1700 3762 1952 3829 proximo

388 3853 514 3894 vere
542 3856 666 3894 cum
690 3840 1003 3897 triremibus
1028 3844 1235 3911 veniet,
1262 3845 1531 3917 virginem
1555 3848 1688 3903 mibi
1720 3848 1955 3919 despon-

389 3944 503 3983 sam
533 3926 928 3989 abducturus»
963 3933 1151 4004 Itaque
1191 3936 1427 4006 legatus,
1457 3937 1687 3995 adorato
1720 3940 1957 4008 imperav

388 4033 525 4087 tore,
554 4023 828 4080 discessit.

456 4113 591 4167 Cum
625 4115 783 4170 initio
810 4117 1053 4188 ejusdem
1081 4121 1210 4174 anni
1240 4122 1383 4176 fama
1410 4132 1682 4189 manaret,
1710 4139 1952 4181 ameram

388 4203 452 4255 ad
470 4207 751 4274 angustias
778 4222 943 4277 prope
968 4214 1309 4278 superiorem
1333 4224 1542 4281 partem
1577 4214 1682 4269 vici
1707 4214 1955 4271 Asomati

386 4310 506 4349 esse
526 4306 839 4362 venturum,
862 4311 920 4352 ut
945 4302 1016 4355 ibi
1031 4312 1339 4357 exstrueret
1356 4306 1671 4371 castellum,
1692 4322 1949 4376 cumque,

389 4387 622 4442 concilio
654 4388 861 4453 habito,
882 4391 1060 4445 visum
1090 4402 1256 4455 esset,
1297 4404 1355 4448 ut
1380 4394 1682 4464 imperator
1718 4397 1771 4451 in
1801 4397 1957 4453 Pelo-

2051 3293 2289 3348 futuram
2314 3293 2595 3349 dominam
2624 3305 2840 3350 tuam».
2859 3294 2939 3349 Ad
2966 3311 3087 3365 quze
3103 3310 3205 3367 ego
3234 3295 3307 3349 ita
3332 3295 3587 3364 respondi
3609 3314 3627 3350 :

2058 3382 2205 3439 tNon
2234 3400 2458 3454 possum
2494 3386 2755 3455 equidem
2790 3386 3068 3441 declinare
3099 3386 3419 3440 mandatum
3452 3395 3627 3451 tuum,

2051 3484 2112 3530 ut
2141 3491 2248 3531 non
2280 3476 2500 3542 faciam,
2530 3477 2676 3548 quod
2704 3477 2897 3547 jubes;
2937 3493 3133 3533 verum
3184 3478 3492 3547 majestatis
3526 3488 3632 3533 tua

2053 3560 2351 3623 commater
2377 3577 2432 3623 et
2466 3584 2645 3634 serva,
2667 3568 2868 3640 conjux
2913 3585 3057 3634 mea,
3102 3584 3318 3635 vereor,
3351 3584 3422 3625 ne
3448 3584 3630 3637 quan-

2053 3660 2144 3722 do,
2196 3670 2416 3729 propter
2470 3662 2721 3715 crebram
2770 3661 3072 3716 abscntiam
3104 3676 3281 3717 meam
3320 3661 3628 3732 indignata,

2054 3750 2340 3805 monachis
2374 3766 2434 3806 se
2478 3750 2737 3823 adiungat
2766 3763 2859 3809 aut
2899 3768 2987 3808 me
3035 3754 3279 3833 deserto.
3308 3753 3481 3808 nubat
3512 3752 3624 3807 alii.

2054 3841 2378 3914 Nuperrime
2405 3844 2551 3900 enim
2577 3861 2646 3900 ex
2674 3845 3030 3910 lberiaredii,
3055 3862 3232 3902 annos
3265 3846 3341 3902 ibi
3365 3846 3480 3901 dno
3512 3858 3629 3899 mo-

2055 3946 2233 4002 ratus,
2294 3944 2456 4006 atque
2510 3936 2555 3993 si
2613 3938 2755 3992 intra
2789 3952 3000 4007 paucos
3025 3937 3143 3993 dies
3173 3938 3372 3992 iterum
3405 3951 3630 4007 peregre

2056 4029 2265 4093 abiero,
2296 4044 2519 4099 causam
2542 4029 2792 4085 idoneam
2812 4040 2867 4085 et
2884 4030 3092 4101 justam
3124 4029 3369 4085 inveniet
3389 4028 3628 4083 faciendi

2056 4122 2285 4174 alterum
2303 4120 2533 4185 Jtorum.
2573 4134 2695 4190 qua:
2720 4119 2853 4174 dixi.
2881 4138 2901 4171 ι
2944 4118 3246 4174 Subridens
3277 4118 3585 4189 imperator
3609 4135 3629 4170 :

2064 4228 2083 4261 ι
2108 4210 2177 4263 At
2195 4221 2273 4272 tu.
2295 4212 2491 4280 inquit,
2514 4211 2599 4265 fac
2611 4219 2669 4265 ut
2693 4226 2856 4268 unum
2878 4211 2982 4266 hoc
3008 4211 3113 4265 iter
3130 4211 3426 4268 etiamnum
3452 4209 3628 4265 facere

2060 4301 2155 4355 tibi
2194 4304 2491 4369 permittat,
2534 4316 2596 4356 se
2620 4302 2741 4371 jure
2768 4302 3009 4371 jurando
3045 4303 3143 4356 tibi
3181 4302 3453 4372 spondeo,
3482 4310 3625 4371 post-

2058 4389 2160 4444 hac
2188 4406 2272 4443 me
2299 4405 2406 4444 non
2434 4390 2548 4459 jam
2581 4400 2895 4446 creaturum
2934 4392 3033 4446 tibi
3066 4392 3376 4447 molestiam
3410 4392 3623 4448 itineris

390 4492 697 4543 pmtnesum
720 4479 787 4533 ad
816 4480 1041 4535 fratrem
1076 4483 1471 4539 arcessendum
1510 4488 1775 4551 mitteret,
1806 4498 1947 4543 ttter-
1981 4508 2025 4563 υ
2056 4490 2207 4535 extra
2237 4482 2469 4551 patriam
2502 4482 2763 4537 faciendi.
2794 4482 2916 4538 Scis
2943 4492 3152 4548 autem.
3181 4498 3302 4553 quae
3336 4484 3435 4538 tibi
3464 4484 3625 4539 bene-

388 4584 603 4638 t-unque
654 4571 869 4625 illorum
926 4573 1115 4629 venire
1148 4576 1330 4642 vellet,
1388 4586 1443 4633 et
1473 4579 1520 4634 is
1553 4581 1953 4648 comprobaret,

388 4676 731 4731 quaecunque
758 4662 1127 4733 imperatoriis
1184 4666 1385 4724 litteris
1420 4672 1722 4726 constituta
1746 4683 1955 4737 essent,

390 4760 574 4820 atque,
601 4754 646 4807 si
683 4754 979 4809 necessitas
1036 4756 1256 4814 adesset
1286 4759 1673 4829 vidissentque
1709 4776 1954 4816 emeram

390 4841 651 4897 adversus
668 4843 856 4899 urbem
874 4844 961 4900 vel
984 4846 1277 4916 imperium
1295 4851 1503 4921 aliquid
1523 4854 1863 4920 moliturum,
1887 4855 1953 4909 ad

389 4930 759 4990 occidentales
796 4936 1073 5007 principes
1089 4954 1245 5010 opem
1278 4942 1626 5011 imploratum
1644 4946 1958 5015 proficisce-

391 5031 562 5077 retur:
584 5023 696 5079 ntec
713 5024 880 5095 igitur
896 5026 1023 5081 dum
1047 5027 1200 5092 tiunt,
1222 5033 1411 5099 paucis
1430 5031 1621 5088 diebus
1636 5035 1956 5103 interjectis,

347 5164 363 5177 ,
390 5116 686 5184 imperator
705 5132 791 5172 me
811 5118 877 5172 ad
905 5133 965 5174 se
994 5122 1320 5177 arcessitum
1349 5123 1420 5177 ita
1445 5124 1714 5181 allocutus
1742 5136 1852 5181 est:
1883 5126 1957 5180 «Ε

392 5208 646 5273 consilio,
667 5212 811 5280 quod
842 5215 1109 5280 repimus,
1142 5229 1272 5283 para
1307 5226 1378 5280 te,
1422 5217 1860 5284 protovestiarie,
1897 5228 1957 5273 ut

390 5300 443 5351 in
469 5296 899 5369 Peloponnesum
931 5303 1298 5371 proﬁciscare,
1326 5308 1514 5377 ibique
1545 5310 1824 5378 negotium
1853 5310 1956 5366 hoc

392 5388 659 5459 perﬁcias,
685 5402 746 5444 ut
769 5392 1027 5446 alteruter
1057 5392 1289 5448 fratrum
1322 5412 1568 5453 meorum
1602 5399 1711 5455 huc
1739 5400 1949 5455 veniat.

392 5476 520 5530 Inde
569 5490 782 5547 oportet
834 5492 884 5537 te
926 5483 979 5537 in
1029 5482 1267 5554 Cyprum
1324 5488 1391 5542 ad
1431 5490 1700 5559 reginam,
1732 5500 1949 5560 neptem

390 5582 588 5631 meam,
623 5570 723 5625 iter
751 5570 953 5627 facere.
994 5574 1104 5630 Nos
1137 5578 1225 5633 hic
1246 5582 1557 5635 necessaria
1602 5582 1785 5636 itineri
1818 5597 1947 5650 pro-

388 5655 712 5712 \idebitnus.
770 5660 897 5715 lnde
940 5678 1193 5720 reversus
1239 5676 1419 5723 autem
1470 5670 1522 5722 in
1566 5669 1795 5723 lberiatn
1838 5669 1951 5724 dis-

395 5742 570 5810 cedes,
607 5757 661 5800 ut
702 5749 936 5805 advcltas
981 5768 1168 5810 recens
1219 5758 1347 5810 mihi
1403 5774 1663 5827 sponsam
1698 5775 1943 5824 uxorem,

2059 4573 2180 4628 ﬁcia
2201 4574 2569 4642 promiserim,
2587 4589 2709 4645 qua
2732 4574 2875 4630 inter
2890 4590 2991 4631 nos
3014 4575 3182 4631 locuti
3212 4576 3390 4632 simus
3419 4586 3478 4633 et
3498 4576 3622 4647 quid

2057 4662 2237 4719 facere
2259 4665 2586 4733 cogitemus,
2618 4675 2783 4733 atque
2823 4667 2927 4722 hoc
2957 4669 3179 4738 quidem
3206 4670 3370 4723 etiam
3396 4670 3518 4723 sine
3538 4683 3621 4724 sa-

2058 4756 2329 4811 cramenti
2356 4755 2617 4826 religione
2638 4766 2849 4812 certum
2877 4768 2978 4823 est,
3020 4759 3322 4829 legationes
3350 4769 3409 4813 et
3434 4762 3619 4814 itinera

2058 4856 2151 4901 tua
2202 4850 2364 4901 tinem
2404 4846 2654 4902 habitura
2687 4862 2830 4903 esse.
2868 4847 3200 4918 Signiﬁcabo
3241 4858 3430 4903 autem
3462 4848 3621 4905 Nota-

2058 4953 2152 5000 τε,
2182 4952 2379 5007 magno
2402 4938 2549 5004 duci,
2586 4953 2711 4992 cum
2767 4939 2951 5009 magni
2988 4939 3145 4995 ducis
3178 4955 3411 4995 munere
3440 4941 3621 5009 funga-

2057 5041 2164 5094 tur,
2196 5045 2305 5086 non
2336 5044 2495 5099 posse
2532 5044 2657 5085 eum
2685 5045 2918 5100 praeesse
2945 5032 3113 5087 etiam
3160 5031 3618 5087 administratoris

2055 5122 2251 5178 officio.
2306 5124 2484 5193 Atque
2532 5122 2637 5177 hoc
2699 5122 2847 5186 dico,
2876 5131 2939 5177 ut
2966 5131 3020 5178 te
3064 5137 3130 5178 eo
3158 5137 3387 5178 munere
3418 5137 3616 5178 ornem.

2054 5211 2241 5283 Neque
2270 5221 2450 5267 tamen
2480 5213 2656 5277 decet,
2675 5213 2911 5282 spoliare
2935 5228 3169 5267 meeum
3199 5215 3302 5268 ista
3324 5213 3605 5285 dignitate.

2054 5304 2418 5359 Contemnere
2440 5304 2587 5358 enim
2619 5320 2744 5358 eum
2776 5305 3082 5368 videamur,
3108 5305 3214 5359 nisi
3239 5315 3615 5374 exspectemus

2054 5395 2453 5465 aliquantisper
2477 5404 2531 5449 et
2553 5395 2774 5449 modum
2809 5397 3218 5466 excogitetnus,
3238 5413 3349 5465 quo
3364 5412 3496 5467 eam
3513 5399 3619 5465 ipse

2054 5502 2152 5543 sua
2184 5497 2377 5555 sponte
2407 5486 2667 5555 deponat.
2691 5487 2988 5543 Enimvero
3018 5489 3241 5543 habebit
3278 5504 3475 5542 rursus
3509 5485 3616 5555 pri-

2053 5596 2171 5635 mas
2220 5581 2271 5633 in
2337 5580 2589 5645 consilio,
2618 5586 2695 5633 et
2743 5578 2966 5634 aliunde
3001 5580 3222 5647 aliquod
3253 5579 3605 5648 stipendium,

2052 5670 2489 5739 quandoquidem
2532 5684 2616 5723 me
2664 5684 2879 5739 quoque
2906 5668 3045 5725 duos
3066 5685 3093 5725 e
3124 5670 3409 5725 nobilitate
3439 5666 3611 5722 consi-

2054 5760 2262 5825 liarios,
2307 5760 2494 5830 quales
2578 5760 2767 5821 habuit
2836 5762 3157 5829 imperator,
3223 5761 3389 5819 frater
3437 5773 3602 5821 meus,
