3920 6188
476 314 581 378 827

1711 302 2027 364 GEORGII
2069 297 2494 360 ΡΗΒΑΝΤΖΕ

3595 283 3694 350 828

468 422 861 494 ἀρχοντισσῶν.
894 438 912 472 ι
945 419 1058 473 Καὶ
1091 418 1264 479 οὕτως
1297 416 1491 485 καιροῦ
1519 415 1581 482 δὴ
1609 415 1760 477 ὄντος
1792 413 1885 467 τοῦ
1915 416 2038 482 ἀρι-
2068 415 2110 471 Α
2141 430 2278 476 κιον,
2313 411 2372 465 16
2403 408 2497 463 τοῦ
2533 406 2769 478 μεγάλου
2823 403 3131 473 λογοθὲτου.
3170 419 3190 454 ›
3235 402 3293 453 Ὃ
3319 401 3374 454 δὲ
3415 399 3538 466 δοῐδξ
3564 401 3710 464 ἀπιο-¹

473 534 671 584 στησαι
702 517 1087 584 προσκυνήσας
1114 511 1224 578 ἐγὼ
1269 510 1512 570 ἀπῆλθον
1545 509 1747 560 οἴκαδε.
1797 505 1950 561 Μετὰ
1980 507 2038 558 δὲ

467 610 530 660 16
563 608 784 677 ἄριστον
811 605 1054 665 ἐλθόντος
1099 604 1194 656 τοῦ
1237 602 1476 671 μεγάλου
1492 601 1695 663 ,δουκδς
1730 601 1786 652 ὲν
1818 599 1896 662 τῷ
1930 616 2036 650 πα-

468 700 637 768 λατίῳ
669 701 911 768 ἑφήσατο
955 697 1104 766 αὑτῷ
1137 698 1164 748 6
1197 694 1450 764 βασιλεὺς
1488 694 1557 746 τὰ
1607 693 1706 746 ὅσα
1750 692 1867 761 μετ’
1902 689 2037 759 ἐμοῦ

470 792 701 859 ἐλάλησε
751 794 882 858 περὶ
915 788 1008 842 τοῦ
1059 788 1302 857 πρέσϐυν
1345 804 1410 853 με
1465 785 1739 848 ἀπελθεῖν,
1775 783 1890 837 ἀλλ’
1941 783 2037 835 οὐκ

469 880 827 955 ἀπεκάλυψεν
860 881 1007 948 αὑτῴ
1034 880 1103 931 δι’
1134 880 1199 949 ἣν
1225 879 1405 930 αἰτίαν
1427 893 1439 904 ·
1479 878 1576 930 καὶ
1611 876 1914 946 προσέθηκε
1945 880 2040 928 καὶ

470 976 650 1036 τοῦτο,
681 974 762 1026 ὅτι
795 973 1119 1039 Ἀναγκαῖον
1138 975 1252 1024 ἐστι
1287 957 1609 1040 τιμῆσωμεν
1644 971 1741 1023 καὶ
1765 973 1924 1038 ἡμεῖς
1949 971 2039 1022 τὸν

471 1066 775 1134 Φραντζῆν,
821 1065 955 1117 διότι
1013 1065 1074 1116 16
1119 1065 1370 1130 ὀφφέκιον
1410 1065 1437 1116 6
1471 1064 1736 1132 κέκτηται
1765 1063 1862 1115 οὐκ
1894 1063 2039 1114 ἔστιν

472 1157 796 1225 εὐχαριστία
827 1156 1052 1224 οὐδεμία
1088 1156 1224 1224 πρὸς
1268 1157 1442 1225 ἡμᾶς,
1473 1155 1607 1207 διότι
1638 1155 1786 1222 παρὰ
1811 1153 1903 1207 τοῦ
1942 1153 2040 1222 βι-

476 1250 665 1311 σιλὲως
713 1249 805 1301 τοῦ
835 1250 1066 1316 ἁδελφοῦ
1123 1268 1223 1318 μου
1270 1251 1618 1319 εὐηργετήῦη
1677 1251 1834 1302 τοῦτο
1869 1251 2038 1318 αὐτῷ.

473 1344 563 1394 Διὸ
587 1343 737 1408 λέξον
765 1343 914 1412 αὑτῴ
960 1345 1112 1395 ποῖον
1147 1342 1276 1395 ἄλλο
1307 1343 1417 1396 τῶν
1444 1343 1717 1410 δφςρικῐων
1760 1343 2038 1412 ὀρέγεται,

472 1434 567 1486 καὶ
600 1435 942 1503 ἀκούσωμεν.
995 1436 1102 1487 Καὶ
1147 1435 1374 1498 ἐξελθὼν
1403 1438 1430 1487 6
1456 1435 1581 1498 δοὺξ
1617 1437 1710 1487 καὶ
1753 1436 1930 1504 εὑρών
1973 1454 2040 1503 με

473 1527 810 1579 ἐπυνθάνετο
842 1528 895 1579 τί
923 1528 981 1579 16
1007 1527 1265 1594 ὀφφίκιον
1289 1527 1581 1597 ὠρεγόμην
1611 1528 1696 1580 ἵνα
1729 1528 2042 1597 δωρήσητιί

475 1634 565 1684 μοι
595 1620 622 1670 6
641 1617 918 1685 βασιλεὺς.
937 1617 1077 1684 Ἐγὼ
1107 1617 1162 1669 δὲ
1192 1619 1511 1688 ἀποκριθεὶς
1533 1614 1689 1671 εἷπον
1720 1607 1799 1671 ὂτὶ
1833 1637 1851 1668 ι
1886 1618 2042 1672 Κατὰ.

471 1708 596 1763 νοῦν
626 1705 770 1778 εἶχον
802 1711 891 1762 καὶ
943 1707 1060 1776 ἐγὼ
1105 1712 1325 1778 αἰτῆσαι
1359 1713 1546 1777 μεῖζον
1592 1710 1872 1778 ὀφφίκιον,
1903 1711 2041 1780 ὅπερ
2077 1751 2114 1802 Β

471 1802 532 1852 06
563 1803 826 1869 κέκτηται
850 1802 1029 1864 ἄλλος,
1062 1803 1156 1853 καὶ
1182 1801 1307 1853 οὔτε
1333 1801 1532 1863 ζῶντός
1569 1819 1669 1868 μου
1703 1801 2040 1871 εὐεργετήσῃ

472 1892 579 1942 τινὶ
614 1891 784 1961 ἑτέρῳ
832 1893 974 1958 πλὴν
1009 1893 1144 1958 ἐμοῦ
1172 1907 1188 1921 ⁵
1215 1892 1310 1945 καὶ
1341 1892 1403 1944 16
1462 1894 1674 1958 πρέπον
1721 1891 1896 1952 οὕτως
1955 1909 2046 1959 μοι

475 1983 622 2033 δοκεῖ
654 1979 816 2045 εἶναι,
851 1984 876 2034 ὃ
911 1983 1003 2036 καὶ
1025 1984 1317 2050 ὀρέγομαι,
1357 1985 1479 2037 ἐπεὶ
1507 1988 1600 2039 καὶ
1627 1984 1731 2053 πρὸ
1764 1985 1858 2036 τοῦ
1884 1983 2048 2036 ἁπελο

477 2074 591 2124 Οεῖν
629 2091 695 2141 με
738 2075 817 2134 εἱς
842 2073 1230 2142 Τραπεζοῦντα
1262 2074 1504 2126 τοσαῦτα.
1541 2074 1716 2141 ὀνείδη
1751 2076 1846 2127 καὶ
1878 2090 2047 2139 κατη-

476 2166 668 2234 γορίας
705 2166 916 2234 ἤκουσα
965 2167 1062 2219 καὶ
1103 2167 1354 2235 ὑπέφερα
1390 2166 1479 2219 διὰ
1523 2167 1586 2218 16
1620 2163 1760 2218 εἶναι
1795 2168 1886 2218 καὶ
1932 2167 2047 2217 ἑτέ-

481 2273 605 2323 ρους
635 2258 802 2327 228
834 2258 930 2311 δύο
975 2260 1247 2327 ἄρχοντας
1296 2261 1354 2310 ἐν
1402 2260 1479 2330 τῷ
1518 2259 1754 2329 ὀφφικῖῳ
1801 2260 1829 2312 6
1863 2259 1990 2326 ἔχω,
2021 2257 2048 2309 6

475 2348 576 2399 οὐκ
609 2349 796 2418 ἦθελα.
844 2349 987 2402 Ἀλλ’
1021 2351 1106 2402 ἵνα
1137 2349 1407 2420 βεϐαιωθῇ
1441 2353 1467 2402 6
1496 2350 1652 2416 λόγος
1682 2367 1808 2418 μου,
1847 2349 1921 2411 ὣς
1954 2366 2047 2417 μοι

478 2443 706 2510 εἴρηκας
753 2441 909 2510 κάγὼ
965 2443 1256 2512 ὀρέγομαι,
1295 2443 1342 2494 εἰ
1389 2443 1482 2494 καὶ
1538 2441 1766 2510 ἀρεστόν
1820 2443 1938 2492 ἐστι
1970 2440 2047 2508 τῷ

478 2535 714 2604 αὐθέντῃ
757 2550 858 2604 μου
888 2535 968 2603 τῷ
1004 2535 1236 2604 βασιλεῖ,
1277 2534 1618 2603 εὐεργετήσῃ
1674 2551 1763 2600 μοι
1798 2533 1856 2585 τὸ
1890 2534 2050 2600 6196(-

481 2643 598 2678 κιον
630 2627 725 2678 τοῦ
757 2627 996 2696 μεγάλου
1031 2620 1452 2679 κοντοσταὺλου.
1492 2646 1510 2677 ι
1543 2628 1650 2678 και
1679 2627 1852 2687 οὕτως
1878 2627 2048 2695 ἀπῆλ-

479 2720 570 2771 θεν
599 2720 628 2771 δ
669 2719 919 2790 Νοταρᾶς
977 2720 1070 2773 καὶ
1109 2720 1343 2789 ἀνέφερε
1382 2718 1560 2772 πάντα
1607 2718 1684 2786 τῷ
1745 2718 1990 2788 βασιλεῖ·
2021 2719 2048 2770 6

477 2806 533 2859 δὲ
558 2807 879 2878 ἀποκριθεῒς
911 2805 1067 2862 εἶπεν
1095 2809 1244 2878 αὑτῷ
1265 2824 1282 2838 ·
1321 2827 1338 2860 ι
1381 2809 1522 2861 A616
1554 2807 1662 2879 γὰρ
1700 2809 1760 2861 16
1793 2808 2051 2876 6:pcplxt0v

478 2900 539 2952 οὐ
571 2900 762 2971 δίδωμι
815 2901 1016 2967 οὐδενὶ,
1049 2902 1130 2955 ὅτι
1159 2903 1186 2955 6
1236 2901 1430 2972 πρώην
1465 2919 1568 2971 μου
1617 2901 1881 2969 πενθερός
1931 2903 2048 2952 ἐστι

481 2994 656 3061 μέγας
707 2996 1122 3059 κοντόσταυλος,
1157 2995 1397 3064 γεγονὼς
1439 2996 1496 3047 ὲν
1540 2997 1603 3063 τῇ
1658 2993 2052 3063 Πελοποννήσῳ

2144 503 2355 575 κριθεὶς
2382 500 2503 554 εἷπε
2529 518 2544 532 ο
2585 519 2602 551 ι
2641 500 2747 552 Καὶ
2772 498 2823 550 τί
2851 499 3144 566 γενήσεται
3178 494 3315 562 μετὰ
3344 491 3439 545 τοῦ
3468 490 3698 546 Παλαιο-

2139 596 2303 662 λόγου
2348 593 2441 646 τοῦ
2478 591 2817 661 Μετοχίτου;
2861 608 2879 640 ›
2924 589 2982 640 '0
3011 587 3266 656 Νοταρᾶς
3312 580 3463 636 εἷπεν
3513 583 3592 636 ἔτι
3629 583 3701 653 τῷ

2145 687 2354 756 βασιλεῖ
2385 687 2473 740 ἵνα
2498 685 2831 752 εὐεργετήσῃ
2868 698 2934 750 με
2968 681 3032 732 16
3083 677 3177 730 τοῦ
3219 677 3461 746 μεγάλου
3511 691 3703 743 πριμι-

2145 778 2361 848 κηρίον,
2386 779 2413 829 6
2436 779 2550 829 ἐστι
2590 775 2728 843 μετὰ
2761 773 2823 825 16
2854 771 2950 825 τοῦ
2984 768 3488 840 στρατοπεδάρχου,
3521 767 3621 818 καὶ
3647 768 3702 819 o6

2121 871 2322 934 τοῦτο,
2343 868 2500 932 λέξας
2531 868 2613 920 ὅτι
2639 885 2658 917 ι
2680 863 2742 917 Ἥ
2784 861 3030 933 βασιλεία
3050 877 3143 912 σου
3162 859 3384 927 ζητήσει
3408 857 3501 909 τοῦ
3523 856 3705 908 δεσπό-

2143 977 2238 1012 του
2271 950 2379 1011 τοιῖ
2397 955 2627 1025 ἁδελφοῦ
2659 973 2764 1022 σου
2796 952 3065 1021 ἐποίησας
3097 949 3593 1020 στρατοπεδάρχην
3623 949 3704 999 16v

2142 1048 2236 1101 τοῦ
2271 1044 2734 1113 Καντακουζηνοῦ
2766 1043 2882 1096 υἱὸν
2918 1043 3007 1094 διὰ
3027 1030 3133 1110 ’τὴν
3167 1039 3558 1108 συγγαμϐρέας
3591 1054 3703 1104 συγ-

2145 1142 2362 1208 γένειαν
2390 1139 2482 1192 καὶ
2509 1139 2594 1203 διὰ
2633 1138 2724 1190 τὸν
2758 1132 3221 1205 πρωτοστρὰτορα
3248 1132 3341 1184 τὸν
3376 1129 3584 1183 ἑαυτοῦ
3617 1147 3704 1181 πα-

2145 1232 2300 1302 τέρα.
2338 1231 2447 1284 Καὶ
2472 1231 2564 1283 ἐὰν
2593 1227 2772 1299 δώσεις
2803 1225 2881 1296 τῷ
2909 1222 3159 1294 Φραντζῇ
3201 1223 3259 1274 16
3289 1221 3542 1274 τοιοῦτον
3570 1220 3705 1286 ὀφεί-

2145 1338 2284 1385 κιον,
2312 1321 2339 1373 6
2368 1324 2490 1373 ἐστι
2540 1319 2756 1385 πρῶτον
2801 1315 2894 1369 τοῦ
2929 1314 3166 1381 μεγάλου
3209 1310 3703 1380 στρατοπεδάρχου,

2143 1413 2195 1463 1i
2231 1414 2523 1481 γενήσεται
2554 1431 2566 1477 ;
2611 1412 2802 1478 Ὅμως
2847 1408 2896 1462 ει
2936 1405 3167 1475 ἀρεστόν
3199 1406 3313 1456 ἐστι
3341 1406 3407 1472 τῇ
3463 1401 3704 1471 βασιλείᾳ

2147 1523 2266 1566 σου,
2320 1503 2685 1572 εὐεργέτησον
2738 1499 2887 1568 αὐτῷ
2923 1498 2983 1550 16
3013 1497 3107 1550 τοῦ
3161 1495 3399 1564 μεγάλου
3438 1509 3733 1561 πριμικηο.

2149 1596 2266 1664 ρίου
2297 1595 2575 1662 ὀφφίκιον,
2607 1593 2634 1644 6
2665 1594 2781 1644 ἐστι
2827 1590 2965 1659 μετὰ
2986 1586 3047 1639 16
3089 1584 3184 1638 τοῦ
3215 1582 3454 1655 μεγάλου
3486 1595 3705 1648 στρατο-

2147 1689 2440 1758 πεδὲῳχου.
2482 1707 2505 1740 ι
2533 1688 2592 1740 ὐ
2629 1685 2685 1737 δὲ
2719 1683 2972 1753 βασιλεὺς
2999 1677 3186 1735 εἶπεν·
3220 1697 3240 1730 ι
3288 1675 3433 1741 Ἐγώ
3461 1691 3550 1726 σοι
3583 1688 3702 1740 προ-

2147 1785 2298 1834 εῖπον
2326 1783 2408 1834 ὅτι
2431 1781 2459 1832 6
2497 1777 2782 1847 Φραντζῆς
2824 1775 2888 1828 o6
2922 1772 3136 1841 δέχεται
3174 1767 3337 1838 229
3372 1765 3530 1819 οὐδὲν
3558 1762 3704 1829 ὀφεί-

2147 1889 2266 1926 κιον
2323 1871 2454 1939 παρ’
2506 1867 2668 1922 ἄλλου
2724 1864 3121 1935 κρατούμενον,
3151 1861 3204 1911 ει
3251 1859 3346 1912 καὶ
3398 1854 3706 1925 μειζότερον

2148 1964 2232 2031 εἴη
2260 1979 2275 1994 ·
2307 1962 2425 2024 πῶς
2469 1956 2567 2015 οὖν
2597 1957 2962 2027 καταδέξηται
3001 1955 3062 2007 16
3093 1951 3190 2006 τοῦ
3237 1949 3474 2020 μεγάλου
3525 1963 3705 2014 πριμι·

2149 2057 2344 2126 κηρίου
2371 2071 2387 2121 ;
2412 2055 2562 2123 ὅμως
2595 2055 2660 2106 ὲκ
2688 2051 2942 2120 δευτέρου
2975 2047 3211 2116 λάλησον
3263 2041 3434 2110 αὐτῷ,
3467 2040 3568 2092 καὶ
3604 2037 3708 2090 ἴδω-

2153 2167 2254 2218 μεν
2291 2148 2387 2216 τὴν
2419 2147 2646 2215 γνώμην
2697 2143 2887 2198 αὐτοῦ.
2925 2160 2944 2194 ι
2977 2140 3181 2194 Λοιπὸν
3226 2136 3383 2197 αὖθις
3411 2129 3554 2204 ἦλθε
3587 2131 3706 2200 πρὸς

2153 2258 2217 2310 με
2250 2243 2276 2292 ὁ
2315 2241 2486 2308 μέγας
2515 2238 2643 2301 δοὺξ
2685 2236 2860 2302 λέγων
2881 2248 2896 2264 ο
2930 2252 2949 2284 ι
3001 2235 3062 2285 '0
3105 2229 3362 2300 βασιλεὺς
3398 2225 3507 2295 ἔφη
3540 2226 3622 2277 ὅτι
3655 2222 3708 2274 16

2149 2331 2243 2385 τοῦ
2277 2332 2518 2400 μεγάλου
2557 2326 2952 2383 κοντοσταύλου
2993 2323 3270 2392 ὀφφίκιον,
3303 2321 3428 2372 ἐπεὶ
3473 2322 3500 2372 6
3533 2317 3708 2369 πενθεο

2152 2427 2242 2494 ρὸς
2275 2423 2438 2477 αὑτοῦ
2471 2423 2585 2491 ἔχει
2611 2419 2792 2483 τοῦτο,
2818 2417 2943 2471 οὒτε
2977 2418 3062 2470 σοὶ
3091 2414 3218 2468 οὔτε
3251 2413 3398 2482 ἄλλῳ
3430 2411 3543 2463 τινὶ
3569 2411 3707 2475 εὐερ-

2147 2515 2371 2583 γετήσει
2403 2513 2553 2577 a616,
2602 2511 2735 2566 ἀλλὰ
2771 2510 2932 2564 δώσει
2963 2524 3047 2560 σοι
3086 2506 3147 2558 τὸ
3175 2503 3270 2557 τοῦ
3321 2501 3566 2573 μεγάλου
3598 2516 3708 2568 11p:-

2154 2609 2436 2677 μικηρέου,
2471 2606 2610 2673 ὅπερ
2641 2603 2757 2655 οιαὶ
2800 2601 3016 2670 πρῶτον
3060 2597 3251 2651 τούτου
3311 2596 3453 2646 ὲστί.
3501 2613 3520 2644 ι
3558 2592 3708 2657 Κάγὼ

2151 2696 2304 2752 εἷπον
2328 2697 2476 2767 αὑτῷ
2510 2698 2592 2749 ὅτι
2615 2714 2633 2747 ι
2665 2695 2725 2746 El
2749 2695 2847 2748 καὶ
2872 2690 3092 2764 πρῶτόν
3121 2691 3234 2743 ἔστι
3261 2689 3322 2740 16
3350 2685 3447 2739 τοῦ
3485 2685 3706 2754 μεγάλου

2151 2790 2342 2852 δουκδς
2383 2788 2662 2856 ὀιρφίκιον,
2694 2785 2855 2838 τοῦτο
2906 2784 2966 2836 06
3000 2781 3139 2835 Θέλω
3190 2776 3565 2847 ἀφαιρεθῆναι
3605 2771 3708 2839 6116

2151 2884 2314 2937 ἄλλου
2348 2883 2441 2934 καὶ
2470 2881 2690 2950 δοθῆναι
2721 2880 2866 2949 ἐμοι·
2897 2896 2916 2930 ι
2958 2876 3051 2930 καὶ
3081 2874 3256 2935 οὕτως
3295 2869 3520 2939 διελύθη
3547 2871 3574 2921 6
3595 2866 3708 2918 σύλ-

2151 2976 2330 3042 λογος,
2357 2973 2750 3034 Βουλευθέντος
2773 2971 2827 3024 δέ
2861 2985 2964 3040 μου
2997 2968 3133 3037 μετὰ
3159 2966 3268 3018 τῶν
3301 2961 3590 3031 συγγενῶν
3615 2975 3707 3027 μου

479 3055 633 3151 παρὰ
662 3086 756 3138 τοῦ
791 3087 1058 3156 βασιλέως
1080 3055 1186 3141 ⁷τοῖλ
1221 3055 1430 3154 πατρδς
1483 3055 1607 3155 p.06,
1641 3087 1731 3138 ὅτε
1779 3055 2051 3156 ᾠκοδόμει
2081 3087 2121 3143 C
2153 3069 2250 3122 καὶ
2276 3067 2446 3136 φίλων
2471 3067 2563 3119 καὶ
2593 3064 2810 3118 οἶκείων
2839 3062 2970 3132 περὶ
2991 3055 3064 3115 ὧν
3090 3063 3118 3114 ὁ
3144 3056 3396 3129 βασιλεύὸ
3427 3073 3524 3124 μοι
3549 3056 3710 3120 ἐπητο

479 3178 571 3228 τδν
612 3176 845 3246 Ἰσθμόν.
881 3180 1028 3249 Πλὴν
1071 3178 1227 3231 δώσω
1270 3179 1419 3247 αὐτῷ
1445 3177 1634 3246 ἕτερον
1663 3177 1848 3247 μεῖζον
1893 3175 2054 3244 699:9!-

483 3303 590 3341 nozt
643 3287 884 3343 obstabit
939 3289 1174 3343 fortasse
1205 3331 1219 3356 ,
1285 3289 1580 3359 quominus
1631 3289 1896 3342 voluntati
1950 3299 2054 3342 tua:

483 3380 757 3446 otiisequar
779 3394 792 3430 :
819 3394 981 3448 quam
1001 3379 1198 3443 beabo,
1219 3395 1340 3433 cum
1360 3380 1585 3444 docebo,
1611 3396 1731 3448 quae
1753 3381 2053 3451 maiestatis

484 3479 588 3523 tua:
612 3473 782 3540 gratia
809 3473 873 3526 de
896 3472 1006 3526 lilia
1032 3488 1150 3540 mea
1185 3473 1500 3528 collocanda
1519 3473 1840 3539 decreverit,
1877 3473 2054 3542 deque

483 3560 704 3616 ditionis
731 3571 784 3616 et
806 3562 1068 3618 honorum
1099 3566 1359 3633 praamiis,
1415 3581 1522 3635 prae
1552 3565 1777 3633 reliquis
1836 3565 2054 3620 feminis

483 3655 759 3708 nubilibus
792 3671 910 3710 eam
943 3668 1217 3712 evectura.
1267 3658 1401 3718 plta
1453 3673 1575 3712 cum
1627 3668 1842 3727 tempus
1890 3674 2055 3724 pran.

485 3744 825 3809 diiadesset,
885 3748 1202 3803 adoratione
1273 3747 1465 3812 facta,
1517 3748 1739 3802 domum
1801 3748 2050 3802 discessi.

484 3837 613 3892 Post
637 3839 924 3908 prandium
972 3858 1168 3910 magno
1216 3844 1341 3898 duci
1389 3843 1442 3897 in
1495 3843 1752 3912 palatium
1816 3843 2053 3896 venienti

486 3931 783 3999 imperator
817 3934 1022 4000 retulit,
1057 3951 1178 4005 qua:
1204 3936 1272 3990 de
1297 3937 1542 3990 obeunda
1594 3935 1729 3988 mihi
1783 3935 2056 4004 legatione

486 4038 696 4077 meeum
753 4017 972 4097 egisset,
1011 4043 1237 4084 causam
1291 4039 1469 4084 tamen
1505 4046 1610 4084 non
1646 4030 1898 4098 aperuit;
1957 4029 2055 4080 ad-

488 4115 627 4168 didit
658 4129 861 4184 autem,
919 4136 1142 4176 nereSse
1205 4137 1348 4187 esse,
1416 4132 1474 4175 ut
1534 4124 1648 4192 ipse
1705 4135 1925 4191 quoque
1970 4133 2056 4175 me

488 4211 890 4270 colioncstaret.
920 4215 1175 4282 quoniam
1224 4231 1446 4277 munus,
1478 4229 1587 4281 quo
1630 4213 1905 4282 fungerer,
1946 4226 2052 4265 non

489 4317 588 4355 sua
621 4303 816 4368 gratia,
854 4306 946 4358 sed
996 4306 1366 4373 imperatoris,
1433 4303 1620 4359 fratris
1674 4306 1781 4370 sui,
1820 4306 2056 4358 benevo-

490 4395 652 4448 lentia
684 4397 813 4449 milii
850 4397 1191 4466 impertitum
1249 4406 1438 4458 esset;
1480 4397 1867 4466 mandavitque
1921 4396 2057 4462 ei,ut
2089 4414 2132 4468 ι)

382 4519 396 4533 .
491 4489 632 4554 quod
677 4504 876 4543 munus
903 4499 1167 4558 optarem,
1195 4505 1261 4544 ex
1292 4504 1376 4544 me
1409 4499 1678 4558 quaereret
1730 4499 1783 4544 et
1817 4489 1920 4543 sibi
1975 4504 2060 4542 re-

495 4577 788 4631 nuntiaret.
864 4579 1051 4648 Itaque
1104 4581 1366 4635 dimissus
1422 4581 1552 4644 dux,
1615 4580 1706 4634 ubi
1761 4594 1848 4633 me
1902 4579 2057 4645 vidit,

495 4669 724 4738 rogavit,
791 4671 935 4740 quod
993 4687 1191 4726 munus
1229 4673 1296 4727 ab
1354 4673 1684 4741 imperatore
1740 4671 1871 4725 milii
1937 4669 2063 4724 dari

495 4775 775 4828 cuperem.
807 4762 886 4816 Ad
918 4778 1038 4832 qua:
1064 4764 1135 4818 ita
1171 4766 1454 4832 respondi:
1494 4783 1510 4815 ι
1564 4764 1779 4819 Possim
1806 4763 2059 4832 equidem

499 4868 695 4906 munus
733 4856 907 4924 majus
942 4871 1085 4910 nunc
1119 4868 1320 4926 petere,
1354 4858 1494 4927 quod
1531 4857 1670 4911 alius
1708 4871 1815 4910 non
1842 4855 2061 4916 habeat,

495 4947 748 5015 quodque
781 4964 867 5003 me
901 4949 1022 5002 vivo
1084 4962 1280 5020 praeter
1333 4966 1414 5003 tne
1455 4950 1661 5003 nemini
1695 4947 2062 5014 impertiatur.

496 5039 649 5104 Quod
717 5041 942 5096 honeSIe
977 5045 1245 5112 petiturus
1288 5044 1419 5096 mihi
1459 5041 1666 5105 videor,
1701 5040 1852 5109 quia,
1906 5047 2063 5092 antc-

495 5147 658 5200 quam
716 5133 1112 5204 Trapezuntem
1148 5135 1398 5196 discessi,
1437 5133 1701 5202 plurimas
1758 5116 2065 5184 calumnias

495 5226 1016 5282 et-criminationcs
1075 5237 1332 5295 expertus
1389 5241 1510 5279 sum
1549 5239 1610 5276 ac
1649 5223 1870 5291 pertuli,
1932 5220 2061 5289 quia

496 5317 586 5368 alii
629 5317 736 5372 duo
765 5334 1019 5387 proceres
1050 5320 1098 5370 in
1133 5319 1307 5373 oﬂieio
1332 5327 1538 5382 essent,
1575 5315 1718 5385 quod
1764 5316 1978 5368 habeo:
2011 5312 2062 5366 id

498 5411 642 5474 quod
675 5411 847 5464 nolui.
876 5411 1085 5480 Itaque,
1113 5422 1168 5464 ut
1205 5421 1457 5464 eventum
1495 5409 1687 5461 habt-at
1715 5409 1888 5460 oratio
1924 5419 2065 5468 mea,

499 5505 716 5566 quando
748 5513 804 5556 tu
838 5503 1110 5572 itajubes,
1145 5503 1304 5570 cupio
1337 5502 1612 5570 equidem,
1647 5499 1688 5552 si
1730 5497 2068 5565 imperatm'i,

503 5600 724 5652 domin
751 5611 890 5660 meo,
915 5605 1195 5665 acceptum
1243 5595 1335 5658 sit,
1383 5603 1439 5647 ut
1476 5593 1748 5661 impertiat
1786 5591 1916 5643 mihi
1947 5603 2069 5640 mu-

509 5703 608 5745 nus
671 5689 852 5757 magni
911 5689 1257 5742 eontostauli.
1295 5705 1338 5756 ,ι
1393 5681 1781 5739 lia-discessit
1841 5680 2070 5734 Notaras

2157 3162 2403 3230 γείλατο,
2435 3159 2532 3213 καὶ
2560 3157 2740 3221 καλῶς
2761 3157 2929 3211 πᾶσιν
2955 3155 3134 3218 ἔδοξεν
3173 3153 3260 3206 ἶνα
3286 3153 3348 3204 16
3379 3146 3708 3202 συνοικέσιον

2157 3281 2212 3326 et
2243 3280 2442 3326 cuneta
2473 3271 2660 3326 retulit
2694 3266 3052 3340 imperatori:
3097 3265 3192 3334 qui
3226 3266 3341 3318 haec
3393 3261 3442 3316 ei
3495 3273 3708 3328 respon-

2155 3365 2268 3418 dit:
2308 3382 2326 3416 ι
2363 3363 2496 3419 Illud
2539 3362 2755 3432 quidem
2795 3374 2995 3415 munus
3042 3356 3247 3412 nemini
3282 3353 3558 3424 impertio.
3589 3365 3711 3420 quo-

2157 3460 2300 3509 niam
2344 3456 2604 3525 pristinus
2647 3452 2824 3508 amnis
2868 3465 3025 3506 meus
3076 3463 3305 3517 magnus
3349 3443 3712 3500 contostaulus

2157 3557 2260 3613 est,
2295 3557 2523 3601 ornatus
2563 3561 2626 3601 ea
2666 3544 2935 3615 dignitate
2971 3542 3026 3596 in
3083 3539 3458 3608 Peloponneso
3489 3553 3516 3590 a
3572 3545 3713 3604 patre

2158 3653 2278 3693 meo
2303 3639 2648 3707 imperatore,
2669 3652 2791 3691 cum
2819 3633 3348 3690 lstlimum'muniret.
3368 3626 3558 3682 Verum
3585 3627 3714 3680 dabo

2157 3733 2229 3786 illi
2256 3733 2403 3786 aliud
2459 3733 2634 3797 majus
2666 3743 2884 3792 munus,
2946 3725 3128 3796 magni
3171 3724 3479 3792 logotlietae.
3523 3739 3540 3772 ι
3585 3721 3712 3772 'I‘um

2156 3823 2265 3874 dux
2293 3840 2308 3874 :
2349 3840 2368 3872 ι
2399 3819 2540 3886 Quid
2563 3819 2747 3887 igitur,
2781 3817 2980 3886 inquit,
3010 3816 3074 3869 de
3101 3801 3408 3882 Palazologo
3433 3810 3711 3864 Metocbita

2158 3913 2287 3968 ﬁet?
2320 3931 2339 3964 ι
2405 3911 2759 3979 Addiditque,
2823 3918 2884 3963 ut
2930 3907 3111 3976 magni
3145 3905 3443 3974 primicerii
3503 3915 3710 3963 munus,

2158 4005 2305 4074 quod
2369 4014 2493 4073 post
2545 4000 3006 4072 stratopcdarcbae
3067 4012 3267 4052 munus
3316 3997 3574 4065 sequitur,
3613 4009 3712 4045 non

2160 4101 2282 4161 hoc,
2325 4096 2454 4149 mihi
2482 4095 2658 4149 daret.
2702 4113 2720 4144 ι
2762 4092 2882 4162 Ipsa
2908 4091 3078 4152 enim,
3107 4090 3303 4157 inquit,
3345 4088 3597 4156 majestas
3629 4096 3709 4138 tua

2160 4189 2346 4244 fratris
2397 4188 2634 4256 despom
2709 4195 2900 4255 rogatu
2963 4183 3468 4251 stratopedarcliam
3542 4178 3709 4232 fecisti

2157 4277 2720 4350 Cantacuzenililium
2778 4285 2998 4344 propter
3056 4272 3380 4339 ,allinitatem
3433 4279 3484 4325 et
3516 4279 3706 4338 patrem

2161 4373 2279 4442 ejus
2312 4379 2786 4441 protostratorem.
2817 4367 3100 4428 Plirantzze
3129 4366 3294 4432 igitur
3325 4364 3370 4418 si
3391 4364 3596 4417 dederis
3619 4366 3710 4412 hoc

2163 4462 2424 4526 oﬂiciuin,
2457 4460 2604 4530 quod
2630 4460 2807 4528 majus
2846 4468 2927 4513 est
2955 4456 3218 4525 dignitate
3245 4445 3704 4523 stratopedarcliie,

2162 4556 2293 4624 quid
2324 4555 2568 4608 futurum
2603 4553 2726 4607 est?
2767 4549 2871 4605 Sed
2918 4559 3122 4614 tamen,
3171 4549 3214 4602 si
3259 4547 3433 4616 placet
3465 4547 3535 4599 ita
3561 4543 3711 4606 maie-

2163 4646 2290 4700 stati
2318 4655 2444 4709 tuae,
2466 4645 2647 4712 magni
2671 4641 2964 4710 priinicerii
2993 4656 3190 4694 munus
3217 4640 3290 4693 illi
3321 4640 3554 4707 imperti,
3580 4633 3706 4703 quod

2165 4750 2364 4804 magno
2420 4735 2878 4803 stratopedarcliaa
2942 4733 3250 4800 proximum
3305 4739 3411 4784 est.
3453 4749 3473 4780 ι
3532 4729 3707 4782 Contra

2169 4826 2282 4881 haec
2307 4827 2636 4896 imperator:
2698 4843 2716 4876 ι
2754 4822 2872 4878 Jam
2927 4833 3056 4877 ante
3109 4822 3204 4876 tibi
3244 4821 3378 4884 dixi,
3426 4821 3706 4874 Phrantzen

2169 4935 2276 4974 non
2305 4929 2656 4989 accepturum
2688 4918 3031 4987 dignitatem,
3061 4930 3224 4984 quam
3265 4929 3390 4968 cum
3445 4915 3551 4966 alio
3579 4923 3712 4964 eom-

2172 5027 2389 5065 muuem
2448 5010 2738 5064 habiturus
2781 5008 2870 5070 sit.
2931 5005 3144 5060 etiamsi
3205 5004 3275 5058 sit
3330 5001 3711 5072 praestabilior:

2169 5104 2445 5174 quomodo
2471 5102 2631 5172 igitur
2660 5101 2894 5169 accipiet
2929 5113 3133 5153 munus
3169 5096 3350 5165 magni
3394 5087 3716 5164 primiceer

2172 5211 2359 5249 verum
2395 5204 2447 5248 tu
2499 5195 2692 5248 iterum
2749 5205 2872 5244 eum
2935 5189 3190 5252 conveni,
3248 5197 3305 5241 ut
3341 5195 3714 5256 cognoscamus

2169 5289 2505 5343 voluntatem
2530 5286 2701 5355 ejus.»
2739 5269 2926 5351 ltaqﬁe
2954 5282 3147 5336 iterum
3177 5279 3243 5334 ad
3266 5295 3353 5334 me
3373 5279 3594 5332 veniens
3613 5285 3716 5325 ma-

2171 5395 2310 5448 gnus
2337 5378 2487 5432 dux:
2531 5395 2549 5427 ι
2586 5376 2906 5444 Imperator,
2931 5372 3026 5438 ait,
3075 5373 3228 5433 dixit,
3285 5370 3468 5440 magni
3544 5371 3716 5419 conto-

2174 5472 2338 5525 stauli
2381 5468 2639 5532 ofﬁcium,
2695 5483 2803 5535 quo
2841 5463 3015 5534 ipsius
3071 5462 3241 5516 aﬂiuis
3268 5533 3270 5535 _
3297 5461 3569 5529 fungatur,
3618 5464 3714 5505 nec

2178 5563 2274 5616 tibi
2311 5577 2411 5616 nec
2445 5561 2538 5615 alii
2579 5562 2831 5629 cuiquam
2881 5574 2939 5614 se
2975 5558 3250 5619 daturum,
3283 5554 3377 5609 sed
3409 5554 3710 5607 ornatarum

2179 5664 2230 5711 te
2264 5670 2388 5711 esse
2426 5653 2605 5723 magni
2640 5652 2936 5722 priniicerii
2979 5663 3223 5711 munere,
3255 5646 3396 5716 quod
3427 5644 3580 5698 etiam
3610 5645 3716 5686 lua-
