3920 6188
185 317 292 382 829

1241 321 1678 383 αΠΒοΝΙοοΝ
1719 324 1988 387 MAJUS.
2017 349 2084 360 —
2106 298 2258 386 ΠΒ.
2301 326 2417 386 ill.

3335 329 3436 394 830

186 443 285 511 τῆς
325 442 468 511 ὲμῆς
500 437 776 509 θυγατρὸς
810 438 1038 506 γένηται
1066 453 1078 468 ’
1111 439 1239 508 περὶ
1275 439 1331 492 δὲ
1361 440 1458 493 τοῦ
1480 439 1760 508 ὀφφικίου,
1790 435 1838 493 Δ
1868 440 1966 508 ρᾶν
1989 440 2040 491 τί
2070 439 2159 493 διὰ
2188 440 2282 492 τοῦ
2315 439 2508 509 ἱερέως
2540 440 2836 496 ’Δντωνίου
2868 442 3059 512 μηνύει
3098 461 3225 512 μοις
3259 465 3277 498 ›
3311 443 3442 500 Εἶτα

185 535 257 598 ῶς
287 535 350 586 τὺ
374 534 536 601 φέρον
571 532 736 601 φέρῃ,
778 530 872 586 καὶ
899 530 1124 584 ἀπέλθω
1158 534 1253 586 καὶ
1299 532 1380 594 εἰς
1427 532 1765 598 Πελοπόννη-

187 645 280 680 σον
316 629 411 680 καὶ
444 625 696 694 Κύπρον,
722 625 818 678 καὶ
848 625 944 677 σὺν
974 625 1099 693 ἐμοὶ
1127 624 1245 694 άρω
1291 625 1384 676 καὶ
1419 625 1508 676 τὸν
1540 624 1762 688 ἄριστόν

189 739 292 789 μου
354 719 472 770 υἰὸν
510 719 606 770 τὸν
643 717 739 769 καὶ
788 717 1075 783 κρείττονα
1103 718 1290 786 σχεδὸν
1321 718 1498 768 εἰπεῖν
1544 717 1763 769 πάντων

185 814 292 866 τῶν
322 811 736 880 συνηλικιωτῶν
764 810 957 872 αὑτοῦ,
991 810 1085 862 καὶ
1131 809 1240 861 ἀπὸ
1269 808 1364 877 τῆς
1405 808 1630 877 κινητῆς
1660 824 1760 876 μου

187 905 512 974 περιουσίας
539 904 600 956 τὸ
634 904 799 958 πλέον
854 903 1048 972 μέρος,
1078 903 1175 955 καὶ
1203 902 1462 956 ἀπελθεῖν
1500 904 1648 971 ἡμᾶς
1675 903 1764 956 διὰ

188 995 380 1063 ξηρᾶς,
412 995 562 1057 ὅπως
594 995 848 1057 κάκεῖνος
888 994 973 1064 ἴδῃ
1009 996 1135 1057 τοὺς
1173 995 1372 1057 τόπους
1403 995 1500 1049 καὶ
1539 995 1762 1048 παιδευ-

187 1087 417 1154 θήσεται
475 1088 555 1149 εἰς
603 1087 714 1139 πᾶν
741 1087 806 1139 τὸ
856 1088 1134 1157 χρήσιμον
1171 1089 1230 1140 ἐν
1277 1089 1356 1155 τῷ
1397 1087 1530 1157 βίῳ·
1564 1087 1660 1140 καὶ
1717 1090 1766 1140 εί

188 1178 392 1248 ἴδωμεν
423 1179 509 1232 ὅτι
539 1179 765 1247 ἀμηρᾶς
792 1177 921 1231 καθ’
953 1177 1110 1248 ήμῶν
1150 1177 1402 1248 βούλεταί
1431 1195 1482 1229 τι
1515 1178 1763 1246 ποιῆσαι,

188 1270 339 1323 ἐάσω
369 1271 464 1323 τὸν
494 1270 609 1322 υἱόν
643 1287 745 1339 μου
780 1271 839 1322 ὲν
868 1273 934 1341 τῇ
975 1271 1369 1340 Πελοποννήσῳ
1395 1271 1532 1338 μετά
1564 1272 1660 1339 τῆς
1683 1289 1768 1324 κι-

189 1362 363 1431 νητῆς
395 1379 500 1431 μου
529 1362 818 1430 ὑπάρξεως
843 1363 997 1432 παρὰ
1023 1365 1134 1428 τοῖς
1155 1366 1442 1432 μητρικοῖς
1476 1364 1637 1434 23o
1663 1382 1766 1434 μου

191 1454 439 1518 γνησίοις
501 1455 819 1520 συγγενέσι,
851 1457 964 1517 τοῖς
1013 1455 1364 1508 κατοικοῦσιν
1403 1458 1460 1509 ὲν
1506 1459 1625 1518 ταῖς
1658 1458 1769 1526 χῶσ-

193 1562 317 1614 ραις
370 1545 467 1598 τοῦ
510 1546 930 1616 μελλογάμῦρου
961 1551 1082 1616 ’μου
1108 1561 1123 1578 ⁸
1159 1550 1210 1601 εἰ
1244 1548 1301 1601 δὲ
1351 1549 1452 1601 οὑκ
1508 1550 1692 1603 ἔσεταί
1719 1569 1768 1602 τι

192 1636 318 1689 καθ’
360 1637 544 1705 ἡμῶν,
580 1639 967 1709 ὲπαναστρέψῃ
1001 1639 1163 1692 πάλιν
1195 1640 1294 1693 σὺν
1329 1642 1453 1710 ἐμοὶ
1488 1642 1543 1694 ὲν
1569 1646 1634 1711 τῇ
1665 1661 1769 1696 πα-

191 1729 358 1797 τρίδι.
403 1729 636 1782 Ἕνεκεν
697 1731 888 1784 λοιπὸν
924 1732 1036 1784 τῶν
1095 1734 1407 1802 εἰρημένων
1457 1735 1650 1788 πασῶν
1681 1738 1770 1788 αἰ-

192 1821 348 1888 τιῶν,
378 1822 628 1892 δηλονότι
677 1823 776 1876 τοῦ
835 1825 1176 1877 συνοικεσίου
1215 1825 1314 1894 τῆς
1360 1825 1628 1894 θυγατρός
1665 1843 1766 1895 μου

196 1913 294 1966 καὶ
323 1914 428 1982 τῆς
463 1915 649 1984 μάχης
684 1915 929 1984 ὑποψίας
970 1919 1068 1970 καὶ
1095 1917 1206 1970 τῶν
1248 1916 1475 1981 λοιπῶν,
1508 1917 1583 1979 ὡς
1611 1918 1767 1987 προεί

193 2022 394 2075 πομεν,
422 2008 456 2076 ή
490 2006 746 2070 σύνευνός
799 2025 900 2078 μου
937 2009 1287 2080 συνεχώρησε
1317 2009 1416 2078 τὴν
1458 2009 1620 2063 πάλιν
1649 2009 1768 2073 ἐξέ-

194 2100 381 2152 λευσίν
425 2117 550 2168 μου.
599 2101 686 2164 Ὣς
715 2101 810 2154 οὖν
839 2103 899 2154 τὸ
936 2101 1036 2165 τῆς
1083 2087 1348 2172 θυγατρός
1386 2120 1487 2171 μου
1520 2103 1768 2155 συνοικέ-

195 2209 314 2245 σιον
348 2193 763 2263 διωρθώσαμεν,
819 2195 1150 2262 ποιήσαντες
1199 2198 1265 2249 τὰ
1302 2196 1768 2266 προικοσύμιρωνα

191 2283 286 2334 καὶ
327 2282 635 2351 ἰερολογίαν
663 2285 762 2336 τοῦ
800 2284 1146 2355 ἀρῤαὸῶνος,
1184 2285 1280 2336 καὶ
1319 2285 1496 2354 χαράν
1528 2284 1616 2336 διὰ
1641 2285 1768 2347 τοὺς

189 2372 410 2442 γάμους
470 2375 823 2449 ποιήσαντες,
879 2374 1056 2428 πάντα
1103 2375 1169 2427 τὰ
1230 2375 1507 2442 ἀναγκαῖα
1552 2375 1639 2428 διὰ
1670 2378 1768 2444 τὴν

187 2469 305 2520 ὁδὸν
359 2468 818 2536 ᾠκονομήσαμεν,
881 2470 928 2521 εἰ
983 2467 1061 2538 μὴ
1130 2468 1290 2538 μόνον
1338 2468 1435 2530 τὰς
1484 2466 1768 2535 βασιλικὰς

187 2560 526 2630 προστάξεις
580 2561 671 2614 διὰ
731 2562 1082 2630 γραμμάτων
1135 2560 1508 2631 προσεδὸκουν
1559 2559 1766 2614 λαϐεῖν.

187 2654 298 2706 Καὶ
313 2652 567 2706 ἀπελθὼν
588 2654 667 2717 εἰς
689 2653 750 2708 τὸ
769 2654 1025 2708 παλάτιον
1047 2653 1367 2724 εἰσελήλυθα
1391 2653 1537 2706 ἔνδον
1562 2652 1655 2705 τοῦ
1675 2651 1768 2705 τοῦ

187 2741 454 2812 βασιλέως
475 2742 711 2809 κελλίου,
743 2744 819 2808 ῶς
850 2741 1078 2812 σύνηθές
1108 2760 1218 2813 μοι,
1253 2745 1346 2797 καὶ
1361 2743 1459 2814 οὐχ
1483 2743 1642 2812 εὖρον
1673 2743 1772 2796 αὑ-

184 2839 300 2892 τόν.
331 2835 468 2906 Περὶ
500 2837 560 2889 οὗ
583 2836 865 2906 ἠρώτησα,
885 2838 982 2890 καὶ
1005 2837 1202 2908 ὲῤῥέθη
1227 2853 1318 2906 μοι
1335 2837 1484 2890 ὃτιὲν
1511 2835 1588 2907 τῷ
1605 2853 1773 2906 τρασ-

188 2930 345 2999 σάρῳ
370 2929 634 2999 δωματίῳ
661 2929 837 3000 ἑτέρῳ
887 2930 1121 2999 πλησίον
1185 2927 1282 2982 τοῦ
1306 2928 1539 2998 Ικελλίου
1605 2928 1771 2982 αὐτοῦ

187 3022 344 3075 συνελ
356 3021 476 3076 ἀλει
511 3023 588 3091 τῷ
620 3023 757 3091 ἱερεῖ
794 3021 1060 3092 Ἀντωνίῳ
1086 3007 1385 3092 τῷῬοδίῳ.
1405 3021 1576 3096 Κάγῲ
1602 3039 1772 3091 προσ-

1869 530 2196 600 παραλιπὼν
2233 531 2332 598 τὴν
2381 531 2538 601 ὕϐριν
2567 531 2718 600 λέγει
2774 550 2868 602 μοι
2917 536 3100 600 πάλιν,
3143 555 3162 587 ι
3205 537 3277 589 Σὺ
3317 537 3441 605 ἐζή-

1869 639 2042 692 τησας
2072 623 2134 675 τὸ
2163 625 2420 691 ὀφερίκιον
2449 625 2546 678 τοῦ
2591 627 2832 694 μεγάλου
2864 629 3256 682 κοντοςταὺλου
3277 647 3292 662 ο
3329 631 3440 697 ἐγὼ

1871 712 2026 768 εἷπον
2053 716 2131 785 τῷ
2156 717 2381 787 Νοταρᾷ
2408 718 2490 769 ὅτι
2521 717 2644 770 οὔτε
2675 719 2824 788 άλλῳ
2850 719 2960 772 τινὶ
2986 721 3143 774 δώσω
3173 723 3261 776 διά
3289 740 3441 785 τινας

1871 808 2053 872 αἰτίας
2088 809 2164 872 ῶς
2202 805 2390 862 εἴπονο
2416 809 2534 863 ἀλλ’
2582 811 2722 880 ἔφην
2753 812 2902 883 αὑτῴ
2947 816 3037 868 ἵνα
3070 814 3226 868 δώσω
3261 834 3344 869 σοι
3380 816 3441 866 τὸ

1870 902 2128 971 ὀφφίκιον
2156 901 2251 956 τοῦ
2287 903 2530 972 μεγάλου
2559 904 2870 972 λογοθέτου.
2915 905 2974 961 '0
3005 908 3060 960 δὲ
3088 904 3208 961 εἶπέ
3238 926 3328 976 μοι
3360 911 3441 962 ὅτι

1874 995 1921 1046 εἰ
1959 995 1990 1047 6
2041 995 2416 1062 Παλαιολόγος
2463 996 2620 1066 231
2659 1000 2686 1050 6
2729 997 2906 1066 μέγας
2959 1001 3443 1070 στρατοπεδάρχης

1871 1085 2080 1156 ἀκούσῃ
2109 1083 2290 1149 τοῦτο,
2332 1087 2384 1140 τί
2428 1089 2757 1156 γενήσεται,
2795 1089 2846 1140 εἰ
2890 1089 2972 1142 σοὶ
3005 1091 3350 1158 εὐεργετήσω
3386 1092 3444 1141 το

1873 1177 2116 1229 τοιοῦτον
2169 1178 2407 1248 ἀξίωμα.
2459 1181 2574 1233 Καὶ
2625 1182 2868 1249 σήμερον
2913 1181 3152 1234 ἔστειλεν
3208 1182 3266 1234 ὃν
3307 1178 3445 1243 εἶδες

1876 1265 2133 1331 ἐξελθεῖν,
2163 1268 2255 1322 τὸν
2283 1271 2344 1320 ὲν
2368 1270 2614 1338 σχήματι
2648 1271 2748 1323 καὶ
2766 1271 2974 1342 θεωρίᾳ
3002 1273 3336 1340 ἐπιτήδειον,
3369 1272 3444 1342 τῷ

1873 1357 1929 1410 δὲ
1955 1360 2144 1429 τρόπῳ
2171 1361 2269 1414 καὶ
2296 1359 2380 1413 νοῒ
2412 1363 2676 1431 ἄγροικον
2707 1362 2808 1416 καὶ
2853 1364 3300 1432 ἀνωφελὲστατον
3326 1366 3450 1419 Ἀν-

1874 1450 2066 1504 τὼνιον
2094 1453 2268 1520 ἱερέα,
2296 1453 2467 1505 αἰτῶν
2518 1471 2606 1523 μοι
2643 1454 2730 1506 ἵνα
2769 1457 2989 1523 τιμήσω
3029 1457 3153 1518 τοὺς
3184 1460 3445 1510 σκαιοτά-

1875 1557 2000 1604 τους
2025 1544 2120 1596 καὶ
2178 1544 2475 1606 ἀσυνέτους
2528 1546 2681 1607 υἱοὺς
2711 1545 2905 1607 αὐτοῦ,
2951 1546 3040 1598 τὸν
3075 1548 3172 1615 μὲν
3229 1549 3445 1616 πρῶτον

1882 1635 2053 1702 μέγαν
2079 1634 2394 1705 λογοθέτην,
2423 1637 2515 1690 τὸν
2545 1637 2599 1689 δὲ
2639 1637 2892 1707 δεύτερον
2924 1639 3099 1706 μέγαν
3127 1641 3448 1693 κοντόσταυ-

1877 1727 1989 1788 λον,
2040 1729 2184 1781 ἐπεὶ.
2216 1729 2310 1781 καὶ
2342 1731 2468 1791 τοὺς
2519 1731 2755 1800 ἐσθῆτας
2813 1733 3017 1795 ἐκεῖνος
3063 1733 3244 1802 ἄρχει,
3308 1737 3444 1804 ὅπερ

1873 1820 2019 1872 ἐστὶν
2048 1823 2079 1889 ἡ
2113 1821 2390 1891 ὑπηρεσία
2419 1821 2514 1874 τοῦ
2546 1823 2712 1876 αὑτοῦ
2747 1826 3028 1893 ὀφφικίου.
3062 1826 3266 1880 Λοιπὸν
3298 1826 3445 1896 λέγω

1869 1913 2221 1985 εὐεργετήσω
2255 1917 2439 1978 αὐτοῖς
2482 1916 2621 1970 ἀλλα
2660 1917 2896 1984 ὀφφίκια
2951 1919 3089 1986 μετά
3133 1921 3348 1987 καιρὸν,
3384 1923 3443 1972 οὐ

1869 2005 2142 2074 τοσαύτης
2200 2006 2356 2070 ἀξίας
2405 2008 2578 2076 ὅμως,
2629 2007 2746 2060 ἀλλ’
2802 2007 3105 2060 ἐλάττοναο
3135 2009 3201 2060 σὺ
3237 2010 3292 2062 δὲ
3346 2010 3444 2079 ἔσῃ

1869 2098 1978 2150 ἀπὸ
2013 2098 2107 2149 τοῦ
2142 2097 2238 2151 νῦν
2289 2099 2464 2167 μέγας
2491 2099 3018 2170 λογοθέτης..Τοῦτο
3049 2099 3107 2152 δὲ
3150 2101 3245 2154 καὶ
3283 2099 3446 2169 μόνον

1870 2189 2238 2259 παραγγέλλω
2270 2208 2370 2251 σοι,
2405 2193 2487 2244 ὅτι
2534 2191 2626 2244 διὰ
2655 2192 2722 2245 τά
2771 2190 3062 2259 συμὸάντα
3095 2189 3192 2244 τοῦ
3250 2191 3445 2260 καιροῦ

1870 2281 1965 2332 καὶ
1991 2279 2090 2342 τὰς
2124 2281 2472 2344 ποικιλώδεις
2495 2281 2730 2352 ¹γνώμας
2759 2281 2866 2334 τῶν
2901 2281 3185 2350 ἀρχόντων
3223 2281 3317 2334 καὶ
3350 2281 3443 2334 άλ-

1869 2373 1966 2435 λας
2013 2374 2186 2436 αἰτίας
2242 2375 2316 2444 μὴ
2379 2375 2783 2445 προσκυνήσεις
2821 2386 2891 2444 μι
2957 2374 3039 2437 εἰς
3093 2377 3441 2444 παράστασιν

1870 2465 2087 2535 ἑορτῆς,
2126 2465 2203 2529 ὡς
2231 2466 2409 2532 ἔξεστι
2433 2466 2510 2538 τῷ
2543 2468 2784 2536 ὀφφικίῳ
2817 2485 2936 2532 σου,
2963 2469 3012 2521 εἰ
3040 2469 3113 2540 μὴ
3136 2470 3162 2520 6
3196 2469 3446 2538 Νοταρᾶς

1869 2559 2071 2628 γράψει
2097 2561 2156 2614 ὲν
2188 2563 2310 2624 ταῖς
2351 2561 2487 2631 πρὸς
2520 2561 2650 2624 τοὺς
2680 2561 3052 2632 αὑταδέλφους
3096 2578 3196 2632 μου
3226 2563 3319 2614 καὶ
3351 2563 3445 2628 τὴν

1869 2651 2101 2720 ἀνεψιάν
2157 2669 2260 2721 μου
2293 2651 2396 2721 τὴν
2443 2653 2716 2723 ῥήγισσαν
2743 2652 3082 2717 ἐπιστολαῖς,
3114 2654 3209 2706 καὶ
3260 2654 3446 2716 ἁπλῶς

1871 2743 2009 2812 πρὸς
2064 2741 2274 2804 πάντας
2309 2741 2405 2806 οὒς
2441 2743 2625 2811 μέλλω
2673 2742 2906 2812 γράψειν
2956 2744 3217 2813 περὶτῆς
3268 2747 3446 2796 ἐκεῖσε

1871 2834 2204 2905 ἀποδημίας,
2245 2834 2311 2886 σὺ
2363 2834 2420 2887 δὲ
2449 2835 2810 2903 ἀντιγράψεις
2855 2833 3022 2886 πάλιν
3061 2836 3271 2887 ἐκεῖθεν
3313 2836 3448 2904 πρὸς

1875 2942 1943 2995 με
1971 2927 2066 2980 καὶ
2095 2927 2233 2996 πρὸς
2260 2927 2473 2989 πάντας
2509 2926 2604 2979 τοῦ
2627 2927 2780 2979 οἴκου
2814 2944 2929 2983 σου.
2969 2928 3031 2979 Εἰ
3073 2927 3167 2978 καὶ
3191 2928 3246 2976 ὲν
3274 2925 3448 2993 τοὺτῳ

1872 3016 1950 3087 τῷ
1988 3016 2141 3086 μέσῳ
2179 3017 2459 3071 ἀκούσωσι
2494 3018 2544 3070 οἰ
2577 3018 2650 3087 μὴ
2682 3013 2954 3084 θέλοντες,
2985 3019 3078 3071 καὶ
3117 3017 3166 3068 εἰ
3214 3016 3448 3086 φανήσε-

187 3115 387 3183 μείνας
419 3113 641 3185 μικρὸν,
677 3114 790 3168 ἰδοὺ
818 3114 847 3166 6
898 3113 1151 3183 βασιλεὺς
1198 3113 1561 3184 ἐξερχόμενος
1594 3113 1767 3180 θυμοῦ
1795 3136 1838 3196 c
1875 3129 1964 3165 ται
1993 3112 2178 3176 αὐτοῖς
2209 3112 2481 3181 αὐστηρὸν
2509 3112 2539 3182 ἦ
2581 3111 2802 3180 πικρὸν,
2846 3110 3098 3172 θέλοντες
3137 3109 3228 3160 καὶ
3257 3107 3330 3174 μὴ
3365 3108 3451 3159 θέ-

185 3205 377 3259 πνέων
405 3205 554 3275 λέγει
598 3222 688 3276 μοι
713 3221 726 3235 ·
767 3223 786 3258 ι
825 3202 984 3269 Εἶδες
1012 3206 1108 3258 τὸν
1140 3205 1454 3276 μεσάςοντα
1479 3205 1569 3258 τὸν
1597 3206 1770 3260 Νοτα-

179 3391 275 3460 jus
305 3388 403 3443 illo
431 3396 536 3443 est.
563 3407 581 3440 ι
629 3387 727 3442 Cui
763 3387 1049 3457 reSpondi,
1078 3385 1292 3441 etiamsi
1332 3387 1512 3455 majus
1543 3393 1688 3442 esset
1716 3387 1769 3441 id

183 3481 427 3536 cilicium
462 3480 640 3548 magni
671 3479 826 3536 ducis
883 3479 1080 3544 otllcio,
1113 3487 1294 3533 tamen
1331 3493 1439 3533 non
1479 3493 1768 3548 passurum

187 3587 280 3627 me
309 3587 456 3638 esse,
490 3572 577 3626 alii
622 3571 674 3625 id
711 3573 1030 3640 derogatum
1073 3571 1128 3625 in
1185 3584 1273 3624 me
1306 3570 1570 3636 conterri,
1606 3580 1771 3640 atque

188 3669 268 3722 ita
305 3667 471 3720 linem
524 3665 713 3720 habuit
761 3666 1123 3735 colloquium.
1173 3664 1536 3719 Consultante
1591 3657 1768 3719 autem

186 3773 282 3813 me
317 3773 439 3813 cum
481 3758 744 3826 cognatis,
797 3756 988 3811 amicis
1033 3765 1087 3812 et
1132 3755 1502 3810 familiaribus
1565 3755 1633 3809 de
1681 3755 1767 3817 iis.

185 3864 316 3920 quae
348 3850 639 3918 imperator
668 3849 798 3904 mihi
826 3858 1204 3919 propOSuerat.
1264 3847 1520 3902 omnibus
1548 3847 1770 3902 videba-

188 3954 303 4004 tur,
325 3951 386 3997 ut
411 3941 724 4011 coniugium
752 3941 874 3996 lilia:
907 3957 1037 3996 mea:
1073 3942 1244 4005 ﬂeret,
1269 3941 1336 3995 de
1386 3940 1561 3994 cilicio
1587 3949 1768 3995 autem

189 4038 428 4090 fortuna:
466 4050 551 4090 me
579 4036 996 4099 committerem,
1025 4043 1189 4104 atque
1226 4033 1280 4087 in
1335 4032 1768 4102 Peloponnesum

187 4138 247 4184 ct
276 4128 513 4197 Cyprum
553 4127 926 4197 proﬁciscerer
957 4138 1012 4181 et
1062 4134 1348 4194 assumpto
1391 4125 1505 4178 lilio
1559 4123 1769 4193 Optimo

187 4237 279 4285 ac,
326 4225 497 4290 pmpe
548 4221 749 4284 dicam,
802 4220 1106 4288 aequalibus
1172 4219 1291 4272 suis
1325 4217 1580 4272 omnibus
1635 4231 1773 4286 prm-

186 4315 488 4382 stantiore,
518 4322 573 4367 et
629 4313 837 4383 majore
869 4319 1021 4382 parte
1079 4325 1241 4380 opum
1305 4309 1614 4372 mobilium,
1673 4323 1771 4378 per

186 4407 566 4459 continentem
604 4405 707 4460 iter
740 4404 1000 4469 facerem,
1037 4412 1094 4458 ut
1143 4403 1236 4458 ille
1285 4416 1505 4472 quoque
1555 4413 1648 4453 eas
1687 4415 1778 4454 re-

1875 3204 2058 3268 λοντες
2089 3204 2436 3258 καταγίζωσιν
2468 3205 2622 3259 αὐτό.
2659 3221 2680 3256 ι
2727 3202 2868 3272 Ἐγὼ
2911 3203 2969 3256 δὲ
3021 3201 3332 3273 ἀπεκρίθην
3372 3201 3460 3282 τῷ

1872 3387 2139 3443 Palatium
2179 3389 2346 3458 igitur
2373 3395 2428 3443 et
2457 3387 2766 3444 cubiculum
2811 3385 3158 3455 imperatoris
3194 3398 3293 3454 pro
3322 3398 3453 3438 con-

1872 3481 2157 3537 suetudine
2187 3497 2306 3538 mea
2343 3481 2647 3551 ingressus,
2687 3481 2868 3550 ipsum
2906 3496 3014 3534 non
3061 3480 3300 3534 invenio.
3344 3479 3454 3533 Ro-

1871 3575 2019 3644 ganti
2055 3575 2188 3629 mihi
2220 3589 2544 3645 responsum
2597 3581 2706 3639 est,
2740 3573 2985 3644 colloqui
3047 3589 3174 3627 cum
3245 3574 3296 3626 in
3324 3587 3454 3626 con-

1873 3662 2008 3716 clavi
2041 3656 2295 3719 cubiculo
2325 3664 2506 3718 vicino
2529 3679 2654 3719 cum
2687 3663 2928 3718 Antonio
2962 3663 3268 3722 sacerdote,
3303 3661 3452 3714 Rho-

1872 3754 1984 3808 dio.
2011 3754 2201 3823 Itaque
2219 3757 2504 3824 prtestolor
2525 3756 2866 3824 aliquandiu,
2891 3771 3016 3810 cum
3042 3770 3169 3810 ecce
3197 3756 3453 3822 prodiens

1872 3845 2166 3914 imperator
2218 3847 2295 3900 ira
2347 3846 2605 3903 incensus
2662 3861 2749 3900 me
2802 3846 3094 3900 inclamat:
3144 3864 3161 3896 ι
3211 3844 3450 3909 Nostine,

1876 3934 2077 4005 inquit,
2108 3936 2200 4005 qui
2235 3949 2266 3988 a
2297 3936 2570 3990 mandatis
2604 3936 2736 3990 mihi
2769 3946 2853 3990 est
2897 3933 3126 3988 Notaras
3176 3934 3303 4002 quid
3360 3949 3454 4001 per

1871 4030 2166 4082 Antonium
2199 4031 2536 4084 sacerdotem
2579 4027 2710 4082 mihi
2740 4026 3050 4097 signiﬁcet?
3079 4046 3097 4078 ι
3133 4027 3334 4080 Deinde
3370 4042 3456 4078 re-

1871 4125 2037 4177 missa
2109 4122 2383 4190 superbia,
2437 4121 2628 4175 addit:
2692 4139 2711 4172 ι
2780 4119 3052 4189 Cupivisti
3102 4127 3158 4172 tu
3213 4117 3449 4172 omnium

1874 4214 2050 4281 magni
2085 4212 2413 4267 contostauli
2445 4228 2458 4264 :
2494 4212 2636 4280 quod
2689 4226 2791 4266 nec
2843 4210 2939 4264 alii
2990 4211 3245 4279 cuiquam
3299 4211 3458 4264 datu-

1873 4322 1994 4360 rum
2038 4321 2122 4360 me
2148 4321 2268 4360 esse
2298 4315 2520 4374 propter
2558 4321 2776 4371 causas,
2828 4320 2967 4375 quas
3000 4304 3450 4364 commemorari.

1869 4397 2084 4451 Notarae
2121 4397 2308 4451 edixi:
2341 4397 2436 4451 tibi
2482 4412 2613 4452 vero
2658 4397 2912 4452 daturum
2970 4411 3055 4451 me
3088 4411 3209 4450 esse
3271 4397 3450 4460 magni

187 4499 387 4568 gioncs
417 4507 778 4565 cognosceret
802 4505 856 4552 et
885 4497 951 4551 ad
1011 4509 1231 4550 omnem
1291 4493 1600 4556 scientiam,
1652 4508 1772 4562 quae
1807 4477 1847 4527 θ
1880 4491 2164 4560 logothetze
2193 4491 2452 4546 cilicium.
2488 4490 2570 4545 Ad
2605 4506 2726 4560 qua:
2764 4491 2853 4545 ille
2891 4489 3209 4557 respondit:
3264 4487 3320 4544 Si
3354 4489 3456 4542 hac

185 4591 326 4657 quid
390 4593 551 4644 habet
616 4590 680 4643 ad
747 4590 915 4644 vitam
995 4589 1284 4653 commodi,
1356 4589 1770 4653 institueretur,

184 4695 382 4750 atque,
417 4682 463 4737 si
481 4682 1123 4745 sensissemus,ameram
1155 4679 1360 4749 aliquid
1379 4681 1643 4736 adversus
1674 4697 1775 4736 nos

107 4795 114 4798 ·
184 4773 401 4835 moliri,
444 4773 614 4825 tilium
646 4787 769 4826 cum
826 4772 986 4826 bouis
1037 4772 1333 4826 mobilibus
1389 4771 1443 4825 in
1506 4771 1774 4841 Pelopon-

187 4879 332 4917 neso
360 4863 502 4930 apud
540 4872 818 4917 maternus
843 4871 1132 4932 cognatos,
1163 4863 1217 4917 in
1251 4877 1382 4932 agro
1412 4863 1574 4916 futuri
1600 4863 1776 4917 allinis

188 4953 300 5005 mei
343 4952 664 5017 habitantes,
693 4952 1099 5021 relinquerem;
1155 4951 1240 5005 sin
1281 4951 1415 5004 nihil
1449 4960 1638 5004 contra
1672 4967 1773 5005 nos

190 5045 424 5096 uisurus
457 5051 619 5107 esset,
651 5059 776 5097 eum
805 5059 1020 5096 mecum
1055 5044 1109 5096 in
1163 5043 1391 5111 patriam
1427 5043 1770 5098 reducerem.

187 5133 466 5186 Caeterum
499 5132 570 5187 ob
600 5148 792 5186 omnes
828 5133 948 5187 illas
982 5147 1200 5196 causas,
1233 5147 1373 5197 quos
1432 5147 1771 5187 commemo-

193 5222 337 5284 ravi,
400 5222 522 5277 lilia:
556 5223 898 5292 coniugium,
963 5223 1334 5291 suspicionem
1398 5224 1523 5277 belli
1552 5233 1604 5277 et
1647 5224 1774 5278 reli-

192 5329 324 5381 qua.
363 5313 561 5382 conjux
592 5330 732 5378 mea,
765 5326 824 5370 ut
857 5329 1020 5383 supra
1053 5316 1186 5376 dixi,
1214 5316 1393 5369 denuo
1434 5329 1520 5368 me
1552 5330 1774 5384 peregre

195 5405 474 5472 proﬁcisci
499 5421 658 5475 passa
695 5414 798 5462 est.
832 5407 1122 5476 Postquam
1184 5408 1349 5476 igitur
1406 5407 1528 5460 ﬁliae
1584 5407 1773 5475 conju-

193 5499 345 5564 gium
399 5497 746 5567 perfecimus.
828 5508 1047 5566 peracta
1129 5499 1275 5554 dotis
1335 5511 1389 5553 ct
1445 5498 1771 5553 arrhabonis

195 5588 520 5654 sponsione,
560 5590 756 5660 gaudio
803 5600 1023 5660 propter
1069 5591 1285 5660 nuptias
1330 5591 1554 5659 impleti,
1589 5590 1770 5644 ouutia

195 5679 262 5732 ad
299 5679 601 5735 faciendum
634 5684 734 5737 iter
769 5683 1073 5738 necessaria
1134 5682 1494 5752 providimus,
1536 5699 1634 5737 nec
1657 5683 1768 5752 jam

197 5787 336 5839 opus
401 5781 540 5837 crat,
612 5774 713 5828 nisi
783 5777 998 5846 scriptis
1053 5776 1323 5830 mandatis
1403 5775 1767 5842 i.i:pcrat'.~ris.

1884 4593 1936 4637 te
1961 4584 2222 4653 dignitate
2252 4599 2557 4647 ornassem,
2610 4584 2742 4652 quid
2805 4582 3049 4636 futurum
3106 4592 3270 4644 esset,
3331 4598 3454 4635 cum

1884 4677 2218 4745 Palmologus
2251 4677 2950 4752 magnusStratopedarcha
2983 4677 3035 4730 id
3079 4677 3454 4746 cognovisset?

1881 4767 1997 4822 Jam
2032 4769 2193 4822 hodie
2244 4768 2391 4822 misit
2438 4768 2504 4821 ad
2568 4784 2676 4832 me,
2702 4784 2862 4837 quem
2895 4779 3188 4823 exeuntem
3241 4769 3453 4830 vidisti,

1885 4861 2067 4912 habitu
2098 4869 2150 4912 et
2183 4859 2367 4926 specie
2402 4859 2686 4923 idoneum,
2717 4860 2967 4914 moribus
2993 4868 3046 4914 et
3083 4859 3303 4928 ingenio
3339 4860 3458 4912 hor-

1885 4951 2060 5004 ridum
2083 4960 2135 5004 et
2162 4949 2471 5019 improbum
2504 4951 2802 5006 Antonium
2839 4952 3206 5013 sacerdotem,
3233 4967 3456 5020 rogans.

1887 5053 1944 5096 ut
1977 5044 2346 5112 iueptissimos
2379 5044 2552 5114 ipsius
2584 5055 2638 5098 et
2693 5044 2924 5100 stolidos
2987 5045 3150 5109 lilios,
3188 5045 3294 5114 maj
3321 5060 3451 5098 n-cm

1887 5152 2136 5206 magnum
2166 5139 2515 5210 logothetam,
2548 5137 2814 5191 minorem
2845 5153 3096 5204 magnum
3143 5147 3461 5191 contustau-

1884 5226 1994 5279 lum
2019 5241 2217 5291 crcem,
2241 5243 2364 5281 cum
2398 5227 2486 5282 ille
2503 5227 2662 5282 etiam
2692 5226 3031 5280 vestimentis
3082 5225 3285 5292 praesit,
3310 5225 3455 5293 quod

1883 5317 2162 5386 preprium
2195 5316 2315 5385 ejus
2343 5332 2539 5370 munus
2573 5326 2678 5370 est.
2705 5317 2953 5368 Attamen
2984 5315 3294 5377 consentio,
3331 5330 3454 5382 pro-

1881 5411 2105 5464 cedente
2135 5417 2374 5477 tempore
2404 5410 2657 5463 daturum
2692 5424 2776 5462 me
2826 5409 2893 5462 iis
2945 5424 3069 5462 esse
3111 5409 3216 5462 alia
3253 5406 3450 5470 cilicia,

1882 5513 1988 5552 non
2021 5497 2152 5550 tanti
2192 5507 2370 5551 tamen
2405 5498 2685 5566 ponderis,
2725 5497 2818 5553 sed
2865 5499 3110 5564 leviora;
3176 5509 3230 5551 tu
3267 5507 3451 5551 autem

1881 5588 2079 5643 dehinc
2107 5603 2334 5658 magnus
2364 5587 2640 5658 logotheta
2673 5589 2804 5643 eris.
2839 5588 3036 5642 Verum
3077 5589 3178 5644 hoc
3203 5605 3366 5642 unum
3401 5597 3456 5643 te

1882 5695 2098 5746 moneo,
2129 5688 2186 5734 ut
2212 5677 2432 5750 propter
2467 5681 2728 5749 temporis
2781 5690 2969 5736 eventa
3021 5693 3071 5738 et
3107 5682 3286 5736 varias
3330 5696 3454 5750 pro-

1829 5767 1832 5770 ’
1881 5789 2062 5830 cerum
2096 5775 2400 5832 voluntates
2433 5774 2677 5846 aliasque
2714 5789 2911 5834 causas
2957 5775 3009 5832 in
3047 5777 3305 5833 festorum
3335 5773 3451 5830 die-
