3920 6188
533 311 634 376 S‘il

1779 324 2105 386 GEORGII
2151 292 2575 392 mamma

3585 350 3665 412 832

531 431 745 533 βασιλεῖ
796 430 1321 533 λέγωνὶΑιΚύριος
1357 437 1385 488 ὁ
1434 435 1565 499 Θεὸς
1613 441 2101 533 μακρμοημερεύσοι
2137 451 2173 502 Λ
2209 446 2315 497 Καὶ
2374 451 2809 519 προσμείναντες
2859 453 3036 522 ὀλίγον
3088 457 3170 511 ἵνα
3222 459 3422 529 ἴδωμεν,
3470 464 3533 533 μή
3568 485 3668 523 ποτε

527 522 588 573 τὸ
613 522 813 591 κράτος
837 539 958 578 σου.
983 524 1173 593 Ὅμως
1194 525 1451 593 δεόμενος
1477 530 1786 596 παρακαλῶ
1809 532 1909 599 τὴν
1936 533 2099 597 ἁγίαν

529 628 623 663 σου
656 613 956 680 βασιλείαν,
987 615 1082 667 ὲὰν
1113 618 1279 688 μέλλῃ
1313 621 1585 689 συμϐῆναι
1613 623 1682 675 δι’
1712 623 1812 692 ὲμέ
1847 641 1898 676 τι
1936 624 2096 693 232

527 703 828 759 σκάνδαλον
869 706 937 759 δι’
969 708 1028 759 οὗ
1075 710 1545 779 προξενηθήσεται
1596 712 1741 783 λύπη
1798 714 1877 783 τῷ
1904 716 2097 784 κράτει

526 813 641 859 σου,
683 798 755 865 μὴ
797 798 1009 865 γένοιτο
1034 802 1112 863 εἰς
1136 802 1227 855 τὸν
1249 803 1448 867 αἰῶνα,
1503 805 1639 857 ἀλλὰ
1673 806 1875 874 μᾶλλον
1904 806 2012 858 ’καὶ
2035 807 2096 858 τὸ

522 886 703 955 δέρμα
742 907 841 955 μου
876 891 1201 961 ἀφαίρεσον,
1232 897 1277 946 εί
1325 896 1405 958 εἰς
1436 898 1658 967 εἰρήνην
1692 899 1788 951 καὶ
1824 898 2095 967 εὐφροσύ-

522 995 619 1043 νην
651 982 717 1048 τῇ
775 982 1025 1053 βασιλείᾳ
1057 1002 1152 1037 σου
1188 989 1294 1057 εἴη.
1336 1005 1355 1038 ι
1403 987 1461 1041 ’0
1506 989 1562 1042 δὲ
1594 986 1714 1041 εῐπέ
1763 1005 1887 1057 μοι’
1935 1009 1954 1042 r
2004 990 2093 1054 Ὧς

524 1071 714 1134 πιστὸς
746 1072 1003 1142 θεράπων
1038 1076 1289 1147 εἴρηκας.
1323 1080 1513 1150 Ὅμως
1558 1083 1632 1149 μὴ
1674 1082 1933 1151 φρόντιζε
1962 1084 2093 1152 περὶ

519 1159 714 1212 τούτου
740 1163 892 1215 οὐδέν
913 1181 926 1195 ·
955 1164 1235 1235 λυποῦμαι
1265 1170 1376 1239 γὰρ
1406 1170 1523 1231 πῶς
1554 1172 1627 1239 μὴ
1660 1173 2092 1241 περισκεπτόμε-

519 1267 600 1303 νοι
628 1253 728 1314 τὰς
756 1256 892 1323 πρός
920 1274 987 1325 με
1035 1260 1304 1323 τοσαύτας
1330 1262 1503 1329 παρὰε
1532 1262 1625 1315 σοῦ
1661 1262 1963 1333 θεραπείας
1996 1267 2091 1319 καὶ

519 1344 727 1410 φιλίας,
766 1345 1049 1412 βούλονται
1108 1351 1252 1404 κατὰ
1306 1351 1595 1421 σύγκρισιν
1656 1354 1766 1423 τῶν
1804 1355 1914 1407 σῶν
1966 1357 2089 1418 ταῖς

519 1436 730 1489 ἑαυτῶν
791 1438 1125 1507 ὑπολήψεσιν
1179 1442 1469 1515 ἁποπηδᾷν
1522 1445 1652 1508 τοὺς
1707 1448 2087 1514 προσήκοντας

518 1525 764 1595 βαθμοὺς
791 1531 899 1582 τῶν
926 1531 1218 1600 όφφικίων.
1255 1533 1403 1601 Πλὴν
1436 1535 1813 1605 προσκάλεσον
1853 1536 2086 1591 ἐνταῦθα

515 1622 604 1673 τὸν
640 1623 707 1676 τὰ
737 1624 939 1694 ταύτης
974 1626 1072 1694 τῆς
1113 1628 1418 1700 ὑπηρεσίας
1458 1630 1897 1700 ὲμπιστευθὲντα
1928 1631 2086 1684 νοτά-

515 1731 648 1783 ριον.
696 1733 712 1766 ι
751 1717 859 1768 Καὶ
919 1718 1089 1771 ἐλθὼν
1115 1721 1141 1772 ό
1172 1721 1443 1789 νοτάριος,
1496 1722 1808 1791 προστάξας
1855 1726 1883 1776 ὁ
1925 1723 2083 1793 βασι-

511 1807 638 1870 λεὺς
664 1804 818 1861 εἶπεν
848 1811 998 1881 αὐτῷ
1024 1827 1037 1842 ”
1081 1830 1099 1862 ‹
1149 1814 1496 1882 Προείπομέν
1539 1832 1621 1866 σοι
1656 1815 1793 1885 πρὸς
1831 1815 1954 1868 τίνα
1984 1817 2079 1869 καὶ

509 1902 629 1954 τίνα
665 1903 770 1954 ἔδει
827 1921 887 1956 σε
922 1905 1159 1975 γράφειν
1203 1906 1299 1967 τὰς
1338 1906 1439 1973 τῆς
1489 1907 1726 1970 πίστεως
1765 1908 2076 1972 ἐπιστολὰς,

507 1987 588 2053 οἷς
622 1994 833 2062 γράψον
867 1995 952 2047 ὃτι
982 1997 1238 2065 μέλλουσι
1269 2000 1462 2068 μαθεῖν
1493 2001 1553 2051 τδ
1584 2003 1691 2054 πᾶν
1722 2001 1825 2053 ὑπὸ
1851 2001 1943 2054 τοῦ
1979 2020 2078 2069 με-

508 2085 677 2150 γάλου
703 2086 991 2153 λογοθέτου
1026 2091 1302 2161 Γεωργίου
1333 2093 1426 2145 τοῦ
1459 2095 1709 2162 Φραντζῆ
1734 2112 1746 2124 ·
1782 2096 1874 2147 καὶ
1900 2098 1947 2147 εί
1979 2097 2077 2163 μὲν

508 2177 766 2247 ζήσωμεν
812 2183 904 2232 καὶ
942 2181 1150 2252 πρόσω,
1196 2183 1433 2253 γράψεις
1482 2184 1643 2237 αὑτὸν
1692 2186 1785 2239 καὶ
1840 2188 2074 2257 συγγενῆ

504 2270 664 2338 ήμῶν
696 2269 855 2326 εἶναι.
892 2275 1001 2327 Καὶ
1036 2274 1129 2327 ἐάν
1171 2293 1277 2329 τινι
1313 2277 1410 2328 οὐκ
1443 2278 1635 2348 ἀρέσῃ,
1686 2278 1915 2341 ἄκοντες
1944 2280 2078 2331 ὐπο-

509 2364 761 2430 μείνωσι,
789 2366 885 2419 καὶ
918 2368 1040 2421 ἀντὶ
1066 2368 1330 2439 νέκταρος
1358 2369 1390 2439 ἢ
1439 2371 1744 2439 μυρεψικοῦ
1786 2373 1952 2425 ποτοῦ
1978 2373 2077 2441 τὴν

505 2456 668 2526 χολὴν
731 2461 1175 2516 καταπιέτωσαν.
1210 2463 1272 2514 El
1307 2462 1379 2533 μὴ
1424 2464 1520 2516 καὶ
1557 2464 1642 2528 σὺ,
1701 2465 1940 2534 νοτάριε,
1985 2465 2076 2534 ἔχε

504 2548 662 2601 τοῦτο
692 2548 765 2612 ὡς
817 2552 1136 2622 ἀπόκρυφον
1179 2552 1344 2622 μέχρι
1399 2554 1627 2622 ἡμερῶν
1680 2555 1864 2609 τινῶν.
1913 2575 1931 2607 ι
1966 2556 2077 2607 Καὶ

506 2645 1038 2710 συγκατασκευάσας
1089 2646 1158 2699 τὰ
1204 2647 1510 2717 πράγματα
1568 2648 1735 2702 ἔλαϐα
1785 2649 1947 2713 αὐτὰ,
1980 2649 2075 2702 καὶ

503 2736 868 2804 προσεδόκουν
906 2740 1148 2806 σήμερον
1176 2739 1206 2809 ἢ
1244 2739 1438 2809 αὔριον
1467 2742 1850 2809 προσκυνῆσαι
1879 2740 1956 2809 τῷ
1982 2741 2076 2805 βα-

503 2828 644 2877 σιλεῖ
670 2828 838 2897 ῆγουν
862 2827 1048 2882 λαϐεῖν
1076 2830 1263 2885 ἄδειαν
1299 2832 1386 2884 ἵνα
1418 2832 1663 2887 ἀπέλθω.
1706 2832 1843 2887 Ἰδοὺ
1880 2832 2071 2901 ἐξῆλθε

500 2920 602 2989 τῆς
632 2921 1163 2994 Ἀνδριανουπόλεως
1187 2929 1214 2979 ὁ
1234 2928 1454 2997 ἀμηρᾶς
1484 2926 1715 2996 βαδίζων
1738 2927 1860 2981 καθ’
1892 2928 2069 2997 ήμῶν.

2202 537 2343 589 κατὰ
2376 540 2477 607 τὴν
2505 543 2623 595 ὁδὸν
2662 548 2968 616 συναντήσῃ
2998 547 3122 615 ήμῖν
3146 567 3196 600 τι
3225 552 3532 607 ἁπευκταίον.

2270 626 2429 698 233
2464 628 2532 694 γ’.
2565 630 2713 684 Ἰδὼν
2760 634 2856 686 καὶ
2899 635 3108 689 ἀκούων
3136 639 3164 690 ό
3192 637 3393 708 ἀμηρᾶς
3437 643 3670 715 Μεεμέτης

2197 716 2296 778 τὰς
2323 718 2415 769 τοῦ
2454 722 2659 788 πατρὸς
2703 722 2869 775 αὑτοῦ
2903 725 3053 786 νίκας
3083 728 3175 780 καὶ
3214 729 3455 798 πολέμους
3483 750 3671 801 περιφα-

2199 808 2303 867 νεῖς
2337 809 2431 859 καὶ
2467 812 2575 862 τῶν
2610 811 2813 881 ἐτέρων
2846 815 3010 867 αὑτοῦ
3060 821 3475 886 τρισκαταράτων
3516 826 3668 892 προγὸ-

2197 915 2323 965 νων,
2358 901 2414 952 ἐν
2442 901 2621 973 ἑαυτῷ
2648 905 2980 973 ὲφαντάζετο
3017 909 3068 960 τί
3096 910 3199 977 ἄρα
3227 912 3317 964 καὶ
3346 913 3489 974 αὐτὸς
3516 917 3666 985 ποιήσῃ

2195 991 2346 1055 ἀξιον
2388 995 2627 1064 μνήμης.
2679 998 2863 1050 Ταῦτα
2910 999 3003 1053 οὖν
3054 1002 3189 1053 κατὰ
3221 1002 3337 1055 νοῦν
3386 1003 3666 1069 λογιζόμενος

2196 1082 2357 1151 βουλῇ
2390 1088 2535 1155 κακῇ
2576 1087 2703 1140 καθ’
2732 1090 2888 1158 ἡμῶν
2915 1092 3250 1162 χρησάμενος
3277 1090 3359 1161 ἢν,
3388 1093 3465 1145 ἴνα
3490 1095 3666 1158 πόλεμον

2192 1175 2379 1247 ἐγείρῃ
2404 1177 2545 1229 κατὰ
2569 1179 2667 1244 τῆς
2696 1180 2902 1242 πόλεως
2922 1198 2934 1213 ·
2961 1182 3110 1249 ἔλεγε
3130 1185 3232 1251 γὰρ
3260 1184 3312 1235 ὲν
3336 1184 3510 1251 ἐαυτῷ·
3535 1203 3550 1233 ‹
3575 1186 3664 1236 Ἐὰν

2189 1266 2290 1335 τὴν
2318 1266 2741 1338 πόλιν“νικήσω,
2776 1272 2916 1340 ὑπὲρ
2941 1274 3147 1336 πάντας
3181 1274 3301 1335 τοὺς
3331 1275 3427 1345 πρὸ
3459 1274 3569 1342 ἐμοῦ
3596 1277 3664 1344 ἥδη

2190 1358 2442 1425 ἐποίησα,
2489 1360 2624 1413 διότι
2659 1363 2813 1415 αὐτοὶ
2867 1365 2965 1433 μὲν
3017 1367 3156 1417 κατὰ
3200 1366 3352 1433 τῆσδε
3396 1367 3480 1433 τῆς
3508 1366 3664 1426 πόλεως

2191 1448 2448 1512 πολλάκις
2501 1454 2889 1521 πειρασθέντες
2928 1457 3082 1509 οὐδὲν
3132 1456 3519 1527 ἐκατὼρθωσαν.
3549 1477 3563 1508 ι
3596 1462 3665 1509 Διὰ

2186 1543 2394 1611 ταύτην
2452 1540 2545 1598 οὖν
2601 1546 2698 1617 τὴν
2756 1548 3249 1617 ὑποκεκρυμμένην
3310 1551 3496 1602 ἔννοιαν
3547 1550 3663 1601 καλὸν

2188 1638 2360 1703 ἐφάνη
2411 1638 2560 1706 αὐτῷ
2612 1638 2699 1691 ἵνα
2750 1641 2890 1694 κατὰ
2930 1641 2991 1693 τὸ
3028 1642 3138 1693 τῶν
3182 1642 3489 1711 ’Δσωμάτων
3530 1643 3663 1693 στενὸν

2186 1728 2322 1780 ἄστυ
2347 1730 2530 1799 κτίσῃ,
2560 1733 2634 1794 ὡς
2655 1733 3004 1804 προείρηται,
3031 1735 3120 1786 ἵνα
3147 1734 3446 1802 καταφυγὴν
3469 1732 3550 1801 ἔχῃ
3571 1731 3663 1782 αὐτὸ

2184 1823 2309 1891 περὶ
2339 1818 2411 1874 ὧν
2434 1824 2663 1891 ἐμελέτα
2692 1827 2934 1893 ποιῆσαι,
2968 1829 3118 1890 ὅπως
3146 1827 3291 1879 οὐδὲν
3316 1826 3413 1877 τῶν
3434 1824 3662 1892 πλοιαρῐων

2185 1913 2378 1982 μικρὸν
2429 1914 2460 1983 ἢ
2498 1917 2639 1982 μέγα
2669 1916 2923 1987 δυνηθείη
2954 1919 3232 1971 κατελθεῖν
3269 1919 3329 1969 ὲκ
3359 1917 3442 1968 τοῦ
3470 1915 3660 1979 Εὐξείνου

2182 2005 2379 2076 πόντου
2410 2005 2552 2057 κατὰ
2580 2006 2679 2074 τὴν
2708 2008 2883 2073 πόλιν,
2923 2010 3012 2061 καὶ
3048 2009 3141 2062 ἵνα
3168 2010 3343 2079 ῥᾴδιον
3372 2007 3515 2077 ἔχωσι
3538 2007 3583 2058 τὸ
3601 2005 3665 2055 πέ-

2184 2113 2335 2164 ραμα
2386 2097 2451 2149 ὲκ
2504 2098 2601 2166 τῆς
2632 2083 2817 2159 Ἀἇίας
2872 2101 2951 2161 εἰς
2995 2098 3284 2170 Εὐρώπην.
3325 2098 3483 2151 θέλων
3520 2095 3663 2147 δὲκαὶ

2181 2187 2502 2257 βιαζόμενος
2556 2189 2642 2241 ἵνα
2674 2190 2742 2240 τὰ
2801 2190 3183 2257 μελετούμενα
3230 2190 3316 2243 ὑπ’
3344 2188 3491 2244 αὑτοῦ
3538 2186 3662 2255 ἀρχὴν

2178 2279 2439 2342 λαὸωσιν,
2485 2280 2596 2333 ἰδοὺ
2642 2284 2707 2348 τῇ
2737 2279 2829 2343 κς’
2863 2281 3117 2352 Μαρτίου
3157 2281 3248 2334 τοῦ
3278 2273 3661 2349 ἐξακισχιλιοστοῦ

2177 2370 2592 2423 ἐννακοσιοοτοῢ
2621 2371 2917 2441 ἑξηκοστοῦ
2947 2372 3106 2435 ἔτους
3133 2373 3299 2425 ἐλθὼν
3338 2371 3510 2422 ἔπεσεν
3538 2368 3598 2428 εἰς
3622 2365 3662 2416 τὸ

2177 2463 2382 2527 στενὸν,
2411 2462 2496 2515 ἵνα
2519 2463 2847 2533 οἱκοδομήσῃ
2873 2464 2932 2514 τὺ
2956 2464 3119 2517 ἄστυ.
3144 2463 3289 2517 Ἰδὼν
3313 2461 3398 2515 οὖν
3421 2464 3444 2512 ὀ
3470 2458 3663 2530 βασιλεὺς

2174 2553 2272 2615 τὰς
2305 2553 2641 2624 πανουργίας
2672 2553 2839 2606 αὑτοῦ
2875 2554 3147 2624 ἐϐουλήθη
3192 2552 3510 2619 ἀποκαλύψαι
3547 2549 3663 2609 αὐτὸς

2176 2645 2393 2711 πρῶτον
2426 2643 2527 2711 τὴν
2570 2645 2773 2714 μάχην,
2822 2645 2967 2707 ὅπως
3028 2647 3199 2700 αὐτὸν
3243 2643 3507 2715 δμποδίσῃ.
3552 2639 3666 2698 Τινὲς

2172 2736 2229 2788 δὲ
2276 2736 2383 2787 τῶν
2412 2735 2513 2804 τῆς
2570 2736 2875 2807 συγκλήτου
2925 2739 3245 2808 ἱερωμένων
3287 2754 3343 2789 τε
3394 2736 3476 2788 καὶ
3513 2728 3665 2784 λαῒκῶν

2175 2826 2458 2880 ἐκώλυσαν
2506 2828 2603 2898 τὴν
2656 2828 2881 2897 γνώμην
2929 2830 3024 2883 καὶ
3082 2831 3281 2901 βουλὴν
3326 2830 3412 2883 τοῦ
3445 2826 3664 2899 βασιλέως,

2375 2921 2625 2989 λέγοντες
2662 2921 2738 2993 μὴ
2775 2922 3220 2994 ἁποκαλυφθήτω
3248 2924 3280 2995 ἠ
3313 2924 3451 2993 μάχη
3483 2920 3563 2989 τῆς
3595 2916 3666 2987 βα-

500 3121 617 3158 rnm
652 3106 1092 3162 solemnitatibus
1155 3122 1223 3161 ne
1285 3122 1369 3161 me
1432 3124 1524 3177 pro
1578 3122 1728 3162 more
1774 3106 1933 3162 oﬂicii
1996 3107 2071 3160 tui
2104 3117 2147 3178 ς
2178 3104 2247 3159 At
2276 3112 2331 3158 tu
2368 3118 2606 3174 quoque,
2664 3103 2897 3167 notarie,
2945 3106 3049 3159 hoc
3107 3104 3227 3159 dies
3275 3102 3468 3171 aliquot
3504 3092 3667 3153 silentio

500 3197 719 3250 adores.
757 3196 1079 3265 Quanquam
1114 3198 1364 3253 notarius
1414 3199 1489 3251 rei
1530 3200 1853 3251 mentionem
1915 3198 2075 3253 faciet

502 3292 556 3343 in
588 3290 788 3343 litteris
830 3291 895 3344 ad
926 3291 1120 3344 fratres
1165 3306 1318 3346 meos
1372 3299 1425 3344 et
1464 3304 1747 3360 cognatam
1782 3306 1954 3344 meam
1984 3307 2074 3345 re-

498 3383 704 3449 ginam,
736 3382 970 3452 denique
998 3383 1064 3435 ad
1118 3397 1332 3447 omnes,
1364 3383 1428 3436 ad
1472 3399 1608 3452 quos
1644 3384 1709 3437 de
1745 3384 1939 3436 itinere
1977 3393 2071 3437 tuo

507 3475 811 3541 srripturus
868 3490 1013 3539 sum,
1065 3490 1129 3529 ac
1187 3483 1241 3529 tu
1301 3475 1450 3529 illinc
1495 3476 1733 3530 vicissim
1774 3476 1838 3529 ad
1898 3489 1984 3529 me
2018 3484 2075 3529 et

495 3581 879 3636 quemcunque
935 3566 1131 3621 domus
1182 3575 1286 3622 tuae
1340 3568 1607 3633 scribens,
1657 3568 1870 3622 titulum
1928 3568 2072 3626 hunc

495 3660 808 3727 nsurpabis.
843 3659 1048 3727 Quodsi
1108 3661 1315 3715 interea
1368 3675 1483 3714 rem
1541 3662 1917 3730 cognoverint,
1975 3657 2067 3730 qui

493 3752 739 3806 invident
771 3753 891 3813 tibi,
930 3752 1181 3820 quamvis
1230 3751 1297 3808 iis
1343 3752 1540 3807 durum
1579 3754 1952 3823 acerbumque
1986 3755 2067 3806 vi—

494 3846 718 3908 deatur,
750 3845 999 3901 volentes
1057 3842 1307 3898 nolentes
1339 3858 1457 3897 eam
1516 3843 1842 3898 devoranto.
1883 3863 1901 3896 ι
1961 3843 2070 3899 Re-

493 3936 686 4005 spondi
720 3936 791 3989 ita
822 3936 1174 4006 imperatori:
1215 3954 1233 3987 r
1276 3936 1416 3992 Deus
1470 3936 1736 3991 Dominus
1801 3938 2069 4006 producat

493 4024 781 4095 imperium
814 4035 990 4081 tuum.
1036 4025 1140 4081 Sed
1170 4036 1351 4081 tamen
1385 4028 1712 4097 suppliciter
1760 4043 1894 4099 rogo
1934 4044 2065 4083 san-

488 4127 629 4171 ctam
668 4117 1003 4181 maiestatem
1030 4125 1202 4183 tuam,
1251 4118 1297 4171 si
1333 4132 1453 4171 mea
1500 4132 1667 4172 causa
1731 4118 1835 4170 ulla
1881 4116 2064 4171 futura

489 4212 559 4263 sit
584 4211 833 4275 offensio,
860 4210 1001 4264 unde
1038 4210 1169 4279 quid
1202 4210 1515 4265 detrimenti
1560 4211 1741 4280 capiat
1773 4211 2063 4280 imperium

489 4314 665 4365 tuum,
696 4316 936 4369 unquam
969 4315 1034 4353 ne
1060 4300 1168 4363 fiat,
1203 4300 1348 4369 quod
1374 4301 1675 4363 meditaris,
1722 4301 1833 4354 imo
1879 4301 2063 4368 potius

488 4394 678 4455 pellem
720 4392 852 4446 mihi
884 4392 1167 4454 detrahas,
1208 4392 1253 4446 si
1281 4390 1346 4444 ad
1381 4391 1682 4459 maiestatis
1740 4400 1847 4445 tum
1912 4400 2064 4446 trau-

488 4483 810 4548 qnillitatem
853 4492 906 4537 et
939 4498 1124 4550 pacem
1154 4483 1443 4537 conducat.
1485 4501 1503 4534 ι
1539 4483 1678 4537 Tum
1732 4484 2052 4554 imperator:

494 4595 511 4624 ι
556 4572 625 4627 Ut
656 4575 922 4640 minister,
962 4573 1057 4637 ait,
1093 4573 1264 4628 fidelis
1300 4573 1512 4629 locutus
1538 4588 1622 4628 es.
1684 4572 1787 4628 Sed
1846 4589 1915 4628 ne
1960 4575 2059 4629 tibi

490 4667 589 4719 ista
624 4680 711 4719 res
736 4680 881 4720 curae
904 4668 975 4720 sit
1003 4665 1109 4720 ullo
1136 4665 1316 4720 modo.
1351 4666 1517 4720 Doleo
1543 4666 1713 4731 enim,
1744 4667 1889 4736 quod
1921 4668 2058 4722 nihil

486 4759 990 4828 circumspicientes
1011 4767 1159 4812 tanta
1186 4768 1276 4813 tua
1297 4774 1423 4829 erga
1447 4775 1532 4814 me
1546 4760 1721 4815 oﬂicia
1736 4770 1787 4815 et
1804 4763 2057 4829 obserittia

487 4858 540 4904 et
574 4862 786 4904 tuorum
840 4849 1154 4904 meritorum
1209 4850 1674 4918 comparationem
1740 4851 2060 4907 aﬂ‘ectantes

487 4943 687 4998 animis
745 4943 946 5012 gradus
997 4942 1294 4997 ofliciorum
1325 4944 1715 4998 convenientes
1756 4944 2061 4998 transsilire

486 5045 779 5089 conantur.
834 5032 1036 5087 Verum
1097 5046 1317 5088 arcesse
1352 5034 1458 5086 huc
1508 5033 1621 5101 jam
1676 5048 1905 5088 munere
1957 5034 2062 5089 hoc

487 5128 800 5197 fungentem
859 5128 1153 5180 notarium.
1200 5143 1219 5177 ι
1281 5127 1595 5180 Venientem
1656 5128 1925 5181 notat-ium
1963 5130 2063 5183 im-

490 5228 711 5287 perator
742 5219 815 5273 ita
847 5220 1117 5272 allocutus
1168 5229 1279 5273 est:
1323 5236 1340 5268 ι
1388 5221 1527 5272 Ante
1576 5218 1675 5273 tibi
1732 5219 2063 5287 significavi-

491 5328 632 5377 mus,
675 5328 795 5382 qna:
821 5319 874 5365 et
902 5312 966 5365 ad
1015 5327 1153 5379 quos
1208 5311 1438 5379 publica:
1494 5311 1615 5365 fidei
1669 5311 1915 5381 epistolis
1965 5315 2061 5369 tibi

488 5404 780 5460 scribenda
810 5404 958 5457 sint:
993 5404 1077 5457 his
1107 5403 1265 5468 adde,
1309 5418 1405 5458 eos
1440 5412 1609 5457 totam
1667 5419 1778 5457 rem
1813 5406 2066 5476 cognitu-

494 5512 582 5551 ros
622 5510 743 5550 esse
779 5510 807 5549 e
841 5494 1076 5564 Georgio
1130 5493 1365 5549 Phratze
1394 5510 1592 5565 magno
1646 5495 1961 5565 logotheta;
2000 5513 2064 5553 ac

490 5588 535 5639 si
562 5587 667 5639 vita
699 5587 1143 5655 suppeditatcrit,
1181 5586 1387 5641 scribes
1414 5587 1597 5650 etiam,
1626 5589 1879 5642 eumdem
1906 5589 2065 5643 nobis

491 5675 702 5728 :ttiinem
732 5690 872 5731 esse.
903 5674 1013 5730 Hoc
1048 5677 1135 5730 cui
1164 5675 1521 5744 displicuerit,
1554 5677 1799 5744 ringatnr
1836 5678 1983 5740 licet,
2011 5687 2068 5733 et
2094 5750 2105 5762 .

492 5782 586 5833 pro
616 5776 831 5824 nectare
860 5779 950 5825 aut
986 5780 1119 5838 potu
1168 5769 1464 5823 aromatico
1526 5769 1686 5824 bilem
1729 5782 2056 5839 concoquat.

2096 4450 2139 4502 D

2179 3210 2315 3266 tege.
2361 3217 2378 3249 ι
2414 3196 2597 3252 Rebus
2620 3197 2813 3252 deinde
2838 3197 3144 3260 adornatis,
3168 3196 3454 3251 instructus
3488 3192 3543 3245 iis
3568 3201 3656 3241 sum

2176 3298 2340 3357 atque
2382 3288 2787 3359 exspectabam,
2838 3301 2904 3343 eo
2959 3288 3079 3358 ipso
3111 3287 3204 3342 die
3237 3296 3327 3341 aut
3357 3281 3580 3356 postridie
3605 3290 3665 3328 me

2175 3380 2524 3436 adoraturum
2584 3383 2966 3450 imperatorem
3023 3390 3075 3433 et
3134 3380 3363 3434 abeundi
3417 3380 3667 3446 potestatem

2174 3483 2523 3542 accepturum
2553 3486 2693 3533 esse,
2728 3487 2851 3525 cum
2886 3471 3067 3526 subito
3096 3470 3437 3538 Adrianopoli
3466 3474 3663 3535 egressus

2173 3580 2385 3620 ameras
2425 3564 2686 3619 adversus
2713 3579 2811 3618 nos
2844 3564 3241 3633 proﬁciscitur.
3299 3563 3472 3631 Itaque
3499 3564 3671 3629 praesto-

2169 3657 2267 3711 lati
2322 3671 2511 3711 sumus
2540 3656 2875 3721 aliquandiu,
2908 3670 2976 3710 ne
3006 3655 3150 3712 forte
3186 3657 3241 3710 in
3274 3656 3454 3709 itinere
3499 3648 3663 3704 contin-

2171 3757 2321 3820 geret
2350 3749 2504 3802 nobis
2533 3748 2659 3816 quid
2710 3747 3031 3802 iniaustum.

2237 3842 2292 3896 5.
2323 3841 2647 3895 Mehemetes
2672 3855 2887 3894 ameras
2944 3854 3068 3894 cum
3126 3840 3331 3909 patris‘
3361 3838 3674 3907 maiorumque

2169 3931 2731 3985 exsecratissimorum
2757 3930 3047 3999 praeclaras
3069 3932 3331 3985 victorias
3349 3939 3397 3983 et
3426 3944 3509 3982 res.
3529 3933 3670 3995 gestas

2168 4024 2375 4077 videret
2399 4022 2738 4092 audiretque,
2774 4022 3062 4090 reputabat
3093 4037 3305 4083 secum,
3332 4020 3451 4089 quid
3495 4020 3587 4084 ipse
3619 4014 3675 4064 fa-

2167 4123 2314 4167 ceret
2344 4112 2566 4182 dignum
2591 4104 2871 4167 memoria.
2894 4112 3015 4167 llaac
3040 4115 3290 4183 cogitans
3321 4112 3452 4182 apud
3479 4108 3669 4162 animum
3690 4118 3697 4137 ε

2167 4220 2351 4271 suum,
2382 4206 2527 4259 malo
2553 4205 2784 4259 consilio
2812 4207 3026 4268 statuit,
3052 4214 3109 4257 ut
3139 4207 3337 4259 bellum
3361 4204 3590 4257 adversus
3604 4211 3671 4249 ur-

2164 4294 2286 4348 bem
2318 4305 2558 4363 pararet.
2592 4294 2683 4348 Sic
2711 4296 2857 4348 enim
2897 4310 3081 4349 secum
3118 4294 3567 4349 ratiocinabatur:
3599 4284 3671 4335 «Si

2166 4388 2355 4439 urbem
2387 4386 2590 4452 vicero,
2620 4388 2827 4455 priores
2854 4402 3046 4440 omnes
3078 4388 3446 4455 praecellnero.
3470 4378 3673 4450 quoniam

2166 4477 2240 4530 illi
2273 4492 2390 4531 eam
2430 4479 2617 4531 urbem
2651 4494 2792 4546 smpe
2833 4479 3074 4548 aggressi
3110 4478 3310 4532 frustra
3346 4479 3672 4530 laborarunt.t

2167 4567 2242 4622 Ex
2271 4571 2369 4623 ltac
2391 4570 2603 4624 occulta
2626 4569 3150 4638 cogitationeigitur
3180 4572 3353 4623 visum
3381 4570 3425 4622 ei
3449 4575 3537 4626 est,
3560 4564 3675 4631 Ῑιιιι³

2166 4664 2550 4715 Asomatorum
2584 4663 2867 4730 angustias
2906 4670 3146 4715 castrum
3182 4662 3435 4724 condere,
3465 4666 3518 4711 ut
3549 4664 3677 4721 snpm

2169 4754 2505 4815 monuimus,
2527 4769 2635 4822 quo
2660 4752 2925 4821 refugium
2950 4755 3198 4816 haberet.
3222 4755 3346 4806 dum
3368 4755 3550 4806 faceret
3590 4756 3679 4810 qua?

2169 4847 2555 4909 meditabatur,
2588 4862 2722 4900 neve
2748 4846 2918 4899 ullum
2942 4848 3057 4898 sive
3083 4861 3310 4915 parvum
3337 4846 3444 4899 sive
3475 4845 3677 4905 magnum

2170 4939 2447 5006 navigium
2482 4953 2511 4990 e
2537 4937 2713 4991 Ponto
2743 4936 2959 4991 Euxino
2993 4938 3047 4990 in
3084 4937 3275 4990 urbem
3310 4941 3485 5004 posset
3532 4937 3681 4996 per“?

2168 5032 2308 5094 nire,
2341 5040 2509 5100 utque
2528 5029 2829 5084 faciliorem
2854 5032 3117 5085 haberent
3146 5045 3209 5083 ex
3236 5028 3362 5081 Asia
3384 5028 3433 5078 in
3459 5023 3679 5084 Europam

2171 5130 2483 5183 transitum.
2502 5124 2793 5180 Festinans
2821 5126 2986 5193 igitur
3013 5134 3066 5178 et
3087 5125 3318 5183 instans.
3338 5128 3396 5173 ut
3422 5108 3685 5169 meditatis:

2157 5234 2227 5274 'se
2252 5230 2501 5272 eventum
2520 5218 2692 5282 daret,
2713 5231 2840 5271 ecce
2865 5216 2953 5271 die
2973 5215 3043 5269 26
3066 5214 3238 5270 Martii
3263 5213 3387 5267 anni
3406 5207 3532 5263 6960
3546 5198 3686 5259 subito

2172 5310 2373 5365 invasit
2388 5310 2690 5381 angustias,
2710 5320 2951 5363 castrum
2972 5315 3368 5362 cxstructurus.
3386 5295 3688 5354 Animadver-

2171 5412 2295 5455 tens
2326 5380 2583 5455 astutiam
2614 5384 3070 5468 ejusimperator,
3119 5398 3233 5465 ipse
3276 5395 3498 5463 primum
3527 5380 3686 5440 bellum

2172 5506 2519 5546 eomtnovere
2541 5490 2605 5544 ad
2632 5506 2755 5544 eum
2783 5488 3179 5556 impediendum
3203 5484 3407 5539 statuit.
3429 5482 3493 5532 At
3508 5470 3688 5543 quidam

2174 5585 2435 5638 senatorii
2458 5581 2669 5636 ordinis
2698 5588 2812 5634 tum
2843 5580 3154 5634 sacerdotes
3178 5589 3292 5629 tum
3323 5570 3439 5627 laici
3476 5566 3689 5621 adversa-

2177 5679 2375 5731 ban‘tur
2402 5675 2684 5731 sententia:
2713 5681 2767 5727 ct
2791 5672 3022 5727 consilio
3049 5671 3191 5741 ejus.
3220 5686 3238 5719 ι
3266 5666 3341 5720 Ne
3385 5666 3690 5718 commorer

2178 5785 2286 5836 tur,
2315 5768 2552 5830 aiebant,
2582 5781 2610 5820 a
2645 5765 2925 5834 majestate
2958 5773 3047 5820 tua
3073 5763 3287 5826 bellum,
3322 5756 3490 5811 donec
3527 5756 3694 5814 ε⁰8η⁰⁴
