3916 6196
169 193 268 260 833

1171 189 1608 252 CHRONICON
1653 188 1924 251 MAJUS.
1957 215 2024 226 ·-
2056 192 2198 251 LIB.
2239 191 2348 254 ΙΙΙ.

3301 193 3406 258 834
3482 250 3486 254 .

170 306 372 368 σιλείας
411 320 531 371 σου,
564 302 671 366 ἕως
694 301 760 356 ἂν
783 300 987 370 ῐδωμεν
1016 299 1068 354 τί
1095 299 1346 370 βούλεται
1383 301 1548 364 αύτδς
1581 302 1728 371 πρὲῐιρ⁵
1761 306 1798 361 Α
1831 301 1910 369 τῷ
1942 300 2156 370 βασιλεί
2187 318 2199 331 ο
2249 304 2344 356 καὶ
2374 303 2546 365 οὕτως
2592 263 2960 372 ἐπροσέταξεν
3006 305 3034 358 6
3065 305 3287 376 ἀμηρᾶς
3320 307 3408 358 ἵνα

171 401 279 464 ξαι.
310 398 375 450 Εἰ
405 396 501 450 καὶ
528 396 590 448 τὸ
618 394 753 448 ἄστυ
788 393 970 464 κτίσῃ,
990 393 1047 444 ἐν
1067 391 1742 466 εύκολίᾳδισραλαμσᾶνο-

174 508 274 561 μεν
305 489 436 543 αὐτὸ
470 486 558 539 διὰ
600 485 663 537 τὸ
693 485 997 554 ἐγγύτερον
1036 481 1175 536 εἶναι
1216 485 1370 553 ἡμῖν.
1408 503 1427 535 ι
1463 485 1528 536 ’Ὀ
1561 483 1653 536 καὶ
1684 485 1741 534 ἐν

173 581 425 648 ὑστέροις
479 574 622 629 εἶδον
667 575 897 638 τέλειον,
947 574 1040 626 καὶ
1094 573 1308 644 ἀληθῶς
1361 573 1606 640 ἔγνωσαν
1659 573 1742 625 ὅτι

171 671 388 732 ἐλπίδες
412 671 569 722 κεναὶ
589 667 853 737 τρέφουσι
881 668 1006 728 τοὺς
1035 665 1318 734 ἀνοήτους.
1362 664 1506 730 Ἐγὼ
1534 665 1590 716 δὲ
1621 665 1742 716 ὲνα-

172 764 412 828 πέμεινα
431 760 531 827 τῆς
563 759 789 827 πορείας
809 759 842 822 ἢ
882 755 1216 826 ήτοιμάσθη,
1257 755 1536 824 ιΣήμερον
1558 754 1744 821 λέγον-

171 871 263 916 τες
299 851 498 918 ίδωμεν
530 851 626 902 καὶ
668 850 890 916 αὔριονο
926 852 1018 900 καὶ
1051 849 1136 900 ὅτι
1181 848 1270 900 διὰ
1315 849 1481 916 ξηρᾶς
1514 848 1611 916 ούχ
1643 848 1742 916 ἁρ-

175 947 352 1015 μόζει,
381 945 504 996 ἐπεὶ
537 942 882 994 ἐπικίνδυνόν
911 941 1030 992 ἐστι
1063 940 1122 992 τὸ
1155 943 1406 1010 πρᾶγμα,
1434 940 1550 993 ἀλλ’
1578 941 1745 1009 εὑρή-

176 1052 361 1102 σωμεν
399 1033 720 1099 πλεύσιμον.
765 1049 783 1082 t

255 1126 346 1176 Ἐν
384 1123 588 1190 Ἰουνίῳ
612 1123 743 1191 μηνὶ
758 1121 860 1174 τοῦ
887 1121 1223 1198 αύτοῦἐτους
1244 1121 1352 1208 ἰδοὺ
1381 1118 1742 1189 ἐδημοσιεύθη

172 1221 200 1284 ἡ
241 1217 390 1284 μάχη
419 1229 431 1243 ⁸
487 1216 582 1266 καὶ
612 1214 732 1267 καθ’
768 1216 927 1284 ήμῶν
959 1213 1052 1267 τοῦ
1109 1214 1472 1282 στρατοπέδου
1505 1211 1741 1282 δραμόν-
1789 1209 1796 1215 ’

173 1327 284 1372 τος,
314 1306 708 1377 ᾐχμαλώτευσε
736 1305 942 1366 πάντας
973 1306 1101 1368 τοὺς
1155 1304 1355 1368 ἔξωθεν
1408 1305 1506 1373 τῆς
1539 1303 1744 1365 πόλεως

175 1400 482 1460 οἰκοῦντας.
534 1399 622 1449 Ἐν
655 1391 698 1464 ᾧ
729 1398 906 1468 καιρῷ
941 1397 1226 1455 ἐτελείωσε
1255 1397 1350 1449 καὶ
1375 1395 1436 1448 τὸ
1465 1395 1621 1459 ἄστυ,
1651 1395 1745 1447 καὶ

175 1495 229 1541 ἐν
266 1489 418 1556 αὐτῷ
467 1488 788 1558 ᾠκοδόμησε
836 1489 1079 1557 πύργους
1121 1489 1269 1556 τρεῖς
1306 1487 1581 1555 ίσχυροὺς,
1620 1485 1744 1548 τοὺς

172 1582 263 1632 δύο
312 1581 416 1647 μὲν
451 1579 764 1648 χερσαίους,
801 1580 892 1632 τὸν
935 1581 991 1632 δέ
1027 1580 1216 1648 ἕτερον
1265 1580 1408 1632 κατὰ
1441 1578 1740 1643 Θάλασσαν,

172 1674 225 1731 ὃς
255 1674 350 1722 καὶ
378 1670 560 1735 ὀλίγον
588 1687 638 1722 τι
674 1671 877 1738 μείζων
906 1671 1016 1723 τῶν
1045 1672 1138 1724 δύο
1179 1671 1417 1740 ὑπῆρχε.
1443 1670 1516 1724 T6
1543 1670 1601 1723 δὲ
1631 1688 1743 1723 τει-

173 1765 283 1830 χῶν
315 1764 474 1831 εὖρος
503 1760 570 1833 ἦν
599 1765 770 1817 εἴκοσι
800 1764 896 1817 καὶ
929 1764 1092 1816 πέντε
1128 1764 1327 1828 ποδῶν,
1357 1765 1416 1815 τδ
1454 1763 1512 1816 δὲ
1541 1763 1744 1816 ἔσωθεν

172 1857 352 1906 αὐτῶν
381 1855 702 1923 εὐρύχωρον
734 1855 945 1923 ὑπῆρχε
984 1855 1279 1924 τριάκοντα
1304 1854 1398 1906 καὶ
1427 1853 1520 1906 δύο
1545 1853 1740 1908 ποδῶν.

173 1940 308 1996 Εἶτα
345 1945 407 1996 ἐν
460 1943 707 2014 μολύδδῳ
739 1945 1026 2006 σκεπάσας
1057 1945 1183 2006 τοὺς
1210 1944 1477 2012 πύργους,
1507 1947 1601 1997 καὶ
1638 1945 1746 1998 πᾶν

171 2038 230 2087 τι
268 2039 409 2090 ἄστυ
460 2036 642 2098 καλῶς
680 2037 1009 2104 ἀσφαλίσας,
1047 2037 1142 2090 καὶ
1189 2039 1248 2090 ἐν
1279 2038 1428 2106 αὐτῷ
1473 2037 1746 2107 φρουροὺς

174 2128 510 2195 κατέστησε.
544 2128 656 2179 Καὶ
685 2129 741 2179 ἐν
767 2130 833 2197 τῇ
869 2129 1091 2199 εἰκοστῇ
1125 2128 1284 2199 ὀγδόῃ
1314 2128 1410 2181 τοῦ
1435 2127 1747 2196 Αὐγούστου

172 2220 429 2288 ἐγερθεὶς
453 2219 661 2272 ἐκεῖθεν
693 2219 889 2271 ἔπεσεν
922 2221 1014 2272 ἐπὶ
1037 2221 1136 2282 τὰς
1167 2220 1360 2279 σούδας
1386 2220 1485 2285 τῆς
1516 2211 1777 2284 πόλεως,’

170 2312 264 2362 καὶ
305 2313 375 2380 τῇ
430 2309 621 2381 πρώτῃ
652 2309 746 2363 τοῦ
792 2312 1177 2380 Σεπτεμϐρίου
1219 2312 1389 2381 μηνὸς
1435 2313 1530 2364 τοῦ
1562 2312 1747 2384 γςῇξαο

171 2400 329 2461 ἔτους
358 2399 511 2467 διέϐη
551 2403 630 2463 είς
669 2401 768 2472 τήν
811 2401 1307 2470 ’Δνδριανούπολιν,
1350 2402 1424 2464 ὡς
1477 2401 1748 2471 φαίνεται,

172 2492 257 2543 ἵνα
288 2492 416 2551 ταῖς
468 2489 561 2542 δύο
595 2491 784 2553 αὑταῖς
817 2492 1054 2561 ἡμέραις
1088 2491 1176 2565 ίδῃ
1201 2493 1270 2545 τὰ
1316 2493 1472 2561 τείχη
1505 2492 1602 2560 τῆς
1651 2491 1750 2543 πό-

170 2585 315 2646 λεως
364 2587 461 2639 καὶ
507 2585 666 2655 235
696 2587 1111 2655 τάφρους-καὶ
1144 2585 1196 2637 εί
1249 2602 1302 2638 τι
1344 2585 1536 2654 ῑτερον
1592 2583 1752 2644 αὐτὸς

170 2675 475 2740 ἐλογίζετο.
537 2677 646 2726 Καὶ
695 2675 774 2745 τῷ
823 2675 974 2744 αύτῷ
1031 2675 1361 2744 φθινοπώρῳ
1417 2673 1780 2742 Ὀκτωδρίου,

171 2770 376 2839 πρώτῃ
412 2769 629 2832 στείλας
662 2769 751 2821 τὸν
797 2769 1124 2839 Τουραχάνη
1164 2770 1261 2822 καὶ
1311 2769 1442 2830 τοὺς
1470 2767 1565 2821 δύο
1603 2768 1755 2830 υἱοὺς

169 2861 345 2916 αὑτοῦ
374 2861 704 2929 Ἀχουμάτιν
733 2861 831 2913 καὶ
854 2861 1089 2930 Ἀμὰριν
1119 2861 1257 2930 μετὰ
1299 2859 1554 2913 πλείστου
1592 2874 1756 2928 στρα-

169 2951 264 3004 τοῦ
319 2953 378 3003 ἐν
425 2953 492 3019 τῇ
527 2951 943 3022 Πελοποννήσῳ,
991 2951 1082 3005 ἴνα
1133 2952 1434 3020 μαχόμενοι
1479 2950 1620 3002 κατὰ
1646 2949 1754 3001 τῶν

167 3041 460 3094 δεσποτῶν
495 3042 603 3093 τῶν
623 3041 723 3112 ,τοῦ
755 3041 1018 3111 βασιλέως
1043 3041 1289 3108 ἀδελφῶν
1312 3039 1601 3093 κωλύσωσι
1625 3039 1752 3100 τοὺς

165 3133 461 3195 τοιούτους
522 3133 904 3201 ἐμποδίζοντες
960 3133 1048 3186 διὰ
1083 3131 1177 3185 τοῦ
1235 3131 1498 3201 πολέμου,
1547 3131 1636 3184 ἴνα
1678 3129 1754 3200 μὴ

168 3223 478 3291 δυνάμενοι
507 3224 666 3276 ἐᾶσαι
696 3223 786 3276 τὸν
810 3224 977 3276 τόπον
1022 3221 1224 3275 ἔλθωσι
1260 3221 1400 3292 πρὸς
1430 3223 1754 3292 συμμαχίαν

166 3338 452 3397 verimus,
474 3335 600 3404 quid
622 3335 710 3389 ille
726 3334 1116 3390 velit.Etiantsi
1136 3335 1278 3389 enim
1302 3343 1541 3390 castrum
1565 3333 1756 3388 condi-

165 3426 347 3488 derit,
366 3436 548 3480 tamen
588 3426 732 3480 facili
762 3442 924 3496 opera
948 3427 998 3482 id
1017 3428 1470 3497 eXpugnabimns,
1495 3426 1751 3496 quoniam

166 3518 416 3586 propius
455 3518 612 3572 nobis
629 3529 730 3572 est.
769 3536 787 3568 ι
816 3519 970 3583 Quod
1006 3528 1191 3588 postea
1231 3525 1613 3588 compererunt
1642 3516 1758 3586 pla-

168 3610 434 3670 nissime,
454 3618 505 3661 et
523 3624 708 3662 revera
727 3617 1118 3677 cognoverunt,
1139 3624 1233 3678 spe
1249 3623 1386 3662 vana
1411 3608 1559 3677 pasci
1576 3623 1760 3663 amen-

169 3705 277 3750 tes.
309 3697 432 3766 Ego
463 3705 639 3750 autem
665 3699 1074 3767 perseveraham
1095 3699 1146 3752 in
1178 3699 1392 3752 itineris
1423 3698 1534 3766 jam
1582 3699 1755 3767 parati

165 3785 708 3849 consilio.Scilicet,
733 3805 752 3838 ι
793 3787 984 3853 Hodie,
1027 3788 1382 3848 aiebant.aut
1407 3803 1529 3843 cras
1554 3789 1760 3843 videbi-

161 3889 446 3939 mus;nec
465 3890 560 3944 per
574 3887 771 3930 terram
795 3877 894 3930 iter
915 3875 1091 3931 facere
1109 3877 1254 3943 licet,
1271 3877 1527 3946 quoniam
1547 3880 1762 3947 pericu-

159 3964 291 4018 losa
315 3979 411 4019 res
431 3975 533 4029 est,
558 3966 652 4019 sed
669 3967 954 4036 navigandi
971 3969 1309 4021 occasionem
1342 3967 1704 4024 inveniemus.
1732 3987 1753 4021 ι

239 4052 636 4108 Henselunio
666 4056 784 4125 ejus
836 4059 961 4110 anni
1001 4058 1197 4111 bellum
1256 4059 1609 4114 commissum
1658 4067 1760 4124 est,

1840 392 1908 444 δι’
1937 395 2060 447 ὅλου
2092 395 2186 447 τοῦ
2219 395 2485 464 χειμῶνος
2524 397 2909 464 ἐμποδίζοντες
2953 401 3170 465 αὐτοὺς,
3205 401 3299 452 καὶ
3335 399 3409 469 μὴ

1841 489 2076 558 εὕρωσιν
2127 490 2414 557 εὐκαιρίαν
2462 489 2557 541 τοῦ
2605 490 2779 542 ἐλθεῖν
2818 491 3080 560 βοηθῆσαι
3135 498 3200 562 τῇ
3253 497 3406 550 πόλει

1842 580 1959 644 ἃμα
1991 579 2068 648 τῷ
2122 579 2332 647 βασιλεί
2380 578 2587 650 τεῷ-καλ⁸
2631 580 2844 649 ἀδελφῷ
2875 583 3077 637 αὐτῶν.
3129 586 3410 650 meae-.0;

1841 672 1933 726 οὖν
1965 645 2057 725 τού
2091 645 2557 743 Τουραχάνηνὲαὶ
2587 676 2654 728 τὰ
2682 645 2835 745 τείχη
2880 677 2974 730 τοῦ
3004 679 3222 748 ’ἰσθμοῦ
3256 645 3411 736 αὖθιε

1841 760 2169 822 ἅλώσαντος,
2223 764 2316 814 καὶ
2368 762 2698 830 ἀμφοτέρων
2749 764 2858 815 τῶν
2917 768 3102 833 μερῶν
3168 771 3409 824 πλεῖστοι

1842 851 2288 919 ἀπεκτάνθησαν,
2323 850 2466 918 λέγω
2501 850 2850 918 Χριστιανῶν
2885 857 2976 906 καὶ
3002 857 3267 922 ἀπίστων,
3306 864 3412 928 μέμ

1844 942 2006 995 λιστα
2039 945 2104 995 ἐκ
2150 943 2260 995 τῶν
2289 943 2654 1012 Χριστιανῶν,
2685 944 2732 996 οἳ
2765 946 2859 998 καὶ
2909 948 2988 1009 είς
3039 950 3218 1018 φυγὴν
3251 953 3410 1013 ἐτρά-

1847 1048 2050 1100 πησαν.
2087 1031 2258 1092 Αύτδς
2291 1032 2348 1085 δὲ
2393 1032 2713 1086 καταλιπὼν
2734 1033 2835 1103 τὴν
2882 1036 3147 1104 Κόρινθον
3181 1041 3273 1090 καὶ
3327 1041 3414 1091 διὰ

1849 1123 2014 1192 μέσου
2046 1123 2144 1189 τῆς
2187 1123 2355 1191 νήσου
2385 1126 2682 1192 ἐρχόμενος
2730 1127 3183 1195 αίχμαλωτεύων,
3223 1130 3413 1192 ἄλλους

1849 1215 2127 1267 σκυλεύων
2157 1216 2252 1267 καὶ
2274 1214 2706 1284 ἀνδραποδίζων,
2731 1215 2824 1278 οὓς
2853 1211 3002 1284 εὗρε,
3028 1218 3262 1288 ἔφθασεν
3289 1223 3415 1287 ἄχρι

1844 1306 1942 1375 τῆς
1987 1305 2286 1374 Ἀρκαδίας
2317 1306 2586 1374 ἐπαρχίας
2615 1307 2712 1359 καὶ
2738 1307 2835 1360 τοῦ
2868 1311 3256 1380 Μεσσηνιακοῦ
3300 1314 3418 1364 κόλ-

1847 1414 1972 1459 που,
2005 1397 2099 1450 καὶ
2130 1397 2228 1464 τὴν
2256 1397 2375 1450 ὁδὸν
2405 1397 2637 1466 βαδίζων
2678 1401 2776 1469 τῆς
2806 1400 3063 1469 Ἰθώμης,
3095 1405 3190 1455 καὶ
3239 1409 3417 1456 πάντα

1845 1488 1937 1540 τὸν
1966 1488 2356 1556 Μεσσηνιακὸν
2380 1489 2584 1542 κόλπον
2617 1489 2949 1559 ληϊσάμενος
2982 1493 3110 1562 ἄχρι
3142 1497 3240 1562 τῆς
3266 1497 3417 1547 Μειν-

1847 1579 2075 1638 τινείας.
2125 1577 2270 1631 Ἰδὼν
2289 1578 2346 1632 δὲ
2375 1580 2435 1632 τὸ
2457 1579 2549 1632 τοῦ
2583 1582 2748 1633 τόπου
2781 1585 2970 1634 στενὸν
2987 1586 3087 1636 ’καὶ
3116 1585 3412 1654 δύσχωρον.

1847 1668 2003 1721 δι’οὗ
2053 1669 2288 1739 στρατὸς
2323 1669 2423 1723 οὒκ
2477 1671 2702 1725 ἐδύνατο
2751 1673 2956 1727 ὁδεύειν
3012 1675 3149 1742 ὁμοῦ
3189 1678 3413 1738 πάντες.

1845 1761 1922 1829 τῷ
1953 1761 2054 1828 υίῷ
2084 1760 2248 1814 αὐτοῦ
2294 1761 2610 1832 Ἀχουμάτῃ
2661 1764 2827 1833 μέρος
2876 1766 2974 1818 οὑκ
3006 1767 3231 1833 ἀγενοῦς
3254 1767 3418 1836 236

1848 1851 2079 1921 στρατοῦ
2105 1851 2283 1913 δὼσας
2312 1852 2407 1903 καὶ
2438 1855 2539 1920 τὴν
2566 1853 2685 1905 ὁδὸν
2717 1855 3021 1925 ἐρχομένην
3056 1859 3114 1908 ὲν
3153 1858 3228 1926 τῷ
3257 1861 3418 1910 Λεον-

1847 1944 1990 2014 τάρῃ
2044 1944 2418 2012 παρήγγειλεν
2470 1943 2719 1998 ὁδεύειν’
2773 1948 2801 1998 6
2853 1945 2910 1999 δὲ
2960 1947 3030 1999 δι’
3085 1948 3254 2015 ἄλλης
3299 1950 3417 2000 ὁδοῦ

1846 2032 2037 2103 ᾤχετο.
2087 2033 2368 2097 Μαθόντες
2398 2034 2455 2088 δέ
2496 2035 2655 2087 τοῦτο
2682 2036 2730 2088 oi
2774 2036 3035 2091 δεσπόται
3073 2039 3167 2091 καὶ
3200 2039 3420 2106 ἀδελφοὶ⁹
3483 2065 3491 2072 ·

1851 2123 2163 2186 στείλαντες
2191 2125 2285 2178 τὸν
2310 2125 2588 2179 Ματθαων
2614 2125 2849 2196 Ἀσάνην
2886 2129 3023 2196 μετὰ
3057 2126 3291 2198 στρατοῦ
3325 2134 3420 2184 λα-

1851 2215 2074 2285 θραίως,
2104 2217 2201 2270 καὶ
2226 2214 2397 2270 ἐλθὼν
2425 2217 2483 2270 ἐν
2519 2217 2597 2286 τῷ
2627 2219 2778 2290 τόπῳ
2804 2212 2864 2272 οὖ
2896 2220 3122 2288 ἔμελλον
3149 2222 3420 2289 περᾶσαι,

1852 2311 1948 2362 καὶ
2005 2309 2291 2378 αἰφνιδίως
2343 2311 2424 2374 είς
2483 2312 2687 2375 αὐτοὺς
2757 2316 3130 2386 συρράξαντες
3190 2316 3421 2381 πολλοὺς

1852 2402 2184 2455 ἀπέκτειναν
2237 2403 2329 2455 καὶ
2379 2403 2796 2474 ῂχμαλώτισαν,
2852 2409 2909 2459 ἐν
2946 2401 3029 2469 οἷς
3083 2403 3164 2471 εἷς
3199 2404 3269 2478 ἦν
3313 2409 3424 2460 τῶν

1854 2491 2222 2560 αίχμαλώτων
2254 2493 2349 2545 καὶ
2395 2496 2424 2547 6
2451 2493 2799 2565 Ἀχουμάτης
2847 2499 2875 2550 6
2907 2498 3232 2569 Τουραχάνη
3268 2501 3382 2562 υίός
3407 2518 3422 2533 ο

1851 2583 1912 2636 ὃν
1940 2584 2273 2638 ἀπέστειλαν
2305 2589 2385 2648 είς
2420 2588 2679 2657 Σπάρτην
2709 2589 2847 2657 πρὸς
2883 2589 2975 2642 τὸν
3021 2590 3291 2661 δεσπότην
3317 2596 3424 2663 κὺρ

1854 2674 2192 2744 Δημήτριον.
2250 2677 2359 2730 Καὶ
2390 2679 2454 2748 τῇ
2490 2675 2556 2741 ιζ’
2605 2679 2698 2731 τοῦ
2741 2679 3075 2750 Ἰανουαρίου
3131 2683 3300 2749 μηνὸς
3329 2682 3424 2734 τοῦ

1857 2763 2022 2816 αὑτοῦ
2044 2765 2198 2829 ἔτους
2228 2767 2490 2837 ἐγεννήθη
2526 2770 2622 2822 καὶ
2649 2771 2679 2822 6
2704 2769 2812 2823 τῶν
2841 2771 3220 2838 Παλαιολόγων
3237 2773 3427 2840 γένους

1859 2854 2078 2924 καὶτῆς
2124 2855 2406 2925 βασιλείας
2447 2857 2691 2926 διάδοχος
2725 2859 2820 2911 καὶ
2863 2859 2957 2912 τοῦ
2992 2861 3101 2912 τῶν
3141 2861 3427 2929 Ῥωμαίων

1862 2946 2058 3017 μικροῦ
2084 2947 2276 3001 τούτου
2307 2949 2602 3019 σπινθῆρος
2629 2950 2990 3019 κληρονόμος,
3019 2954 3048 3004 6
3073 2951 3264 3021 κύριος
3305 2954 3427 3006 Ἀν-

1855 3039 2019 3107 δρέας
2066 3040 2096 3091 6
2161 3040 2551 3109 Παλαιολόγος,
2597 3043 2624 3094 6
2678 3042 2795 3104 υίὸς
2850 3043 2945 3096 τοῦ
3004 3044 3270 3097 δεσπότου
3321 3044 3427 3116 κὺρ

1855 3129 2028 3198 Θωμᾶ
2061 3130 2157 3184 τοῦ
2189 3135 2725 3204 πορφυρογεννήτου.

1857 3331 2112 3400 davitque
2138 3329 2206 3385 iis
2235 3345 2469 3390 ameras.
2492 3338 2550 3385 nt
2581 3345 2676 3399 per
2699 3339 2862 3385 totam
2882 3330 3116 3385 hiemem
3149 3345 3244 3386 eos
3265 3331 3431 3400 impe-

1855 3419 2055 3482 dirent,
2076 3433 2142 3474 ne
2165 3419 2472 3474 invenirent
2488 3421 2834 3474 occasionem
2879 3421 3117 3475 ferenda;
3161 3421 3283 3474 urbi
3309 3422 3432 3489 opis

1857 3524 1964 3564 una
1985 3524 2108 3564 cum
2133 3510 2462 3580 imperatore
2482 3508 2668 3564 fratre.
2695 3511 3050 3565 Turacbanes
3074 3511 3235 3580 igitur
3257 3525 3314 3566 ut
3341 3513 3434 3564 ad-

1857 3601 2025 3666 venit,
2057 3601 2245 3654 lslhmi
2281 3602 2683 3670 propugnacula
2711 3603 2876 3671 cepit,
2912 3603 3336 3670 cecideruntque
3367 3618 3433 3656 ex

1859 3701 2092 3761 utraque
2109 3702 2283 3761 parte,
2298 3691 2734 3746 Christianorum
2751 3704 2804 3746 et
2823 3692 3432 3762 infldelium,permulti,

1859 3785 1954 3838 sed
1987 3783 2202 3837 illorum
2250 3783 2456 3853 plures,
2494 3783 2587 3851 qni
2632 3782 2794 3836 iidem
2825 3781 2962 3851 fugae
2998 3797 3056 3836 se
3085 3782 3430 3835 mandarunt.

1857 3875 1980 3944 Ipse
2031 3875 2250 3940 deinde,
2287 3874 2473 3928 relicta
2504 3874 2790 3936 Corintho,
2811 3889 2908 3943 per
2932 3872 3167 3927 mediam
3198 3875 3433 3928 insulam

1863 3966 2130 4036 procedit,
2162 3964 2405 4034 capiens,
2440 3963 2686 4032 Spolians
2713 4001 2730 4028 ,
2759 3966 2813 4016 in
2848 3963 3164 4018 servitutem
3190 3964 3437 4031 redigcns

1862 4071 2221 4128 quoscunque
2251 4055 2468 4118 obvios,
2504 4058 2862 4132 pervenitque
2884 4054 2951 4108 ad
2976 4056 3314 4118 provinciam
3335 4055 3440 4106 Ar-

160 4155 350 4215 atque
392 4145 685 4200 invadenle
726 4162 824 4201 nos
857 4151 1099 4203 exercitu
1131 4149 1314 4202 hostili
1338 4189 1354 4210 ,
1380 4165 1477 4217 pro
1532 4152 1760 4220 captivis
1864 4149 2031 4204 cadia:
2060 4157 2114 4202 et
2135 4147 2311 4201 sinum
2339 4147 2766 4206 Messeniacum.
2791 4155 2844 4198 et
2873 4145 2960 4198 via
3001 4145 3293 4199 ltbomensi
3319 4160 3440 4212 pro-

157 4237 404 4305 abrcpti
445 4245 573 4290 sunt
601 4237 786 4290 cuncti
831 4237 1154 4291 suburbani.
1207 4237 1326 4303 Quo
1377 4237 1571 4292 eodem
1631 4251 1763 4293 tem-
1865 4240 2112 4310 grediens
2134 4240 2498 4292 totumsinum
2518 4236 3248 4293 MesseniacumMantineam
3271 4252 3440 4306 usque

155 4343 317 4398 pore
351 4337 599 4381 castrum
619 4327 918 4396 perfectum
939 4336 1467 4398 est,cxstrucl:eque
1491 4331 1545 4384 in
1571 4346 1636 4384 eo
1657 4341 1767 4384 tres
1801 4331 1842 4385 υ
1873 4331 2258 4400 depopulatur.
2296 4328 2609 4398 Perspectis
2636 4338 2816 4382 autem
2880 4329 3118 4398 regionis
3176 4330 3440 4395 angustiis

156 4432 368 4474 turres
405 4417 597 4482 firmae,
631 4421 750 4473 duae
779 4420 1148 4474 continentem
1177 4436 1406 4487 versus;
1441 4423 1618 4488 tertia,
1658 4422 1768 4477 illis
1869 4431 1921 4476 et
1953 4432 2146 4476 natura
2169 4421 2336 4485 invia,
2357 4437 2450 4490 per
2466 4436 2628 4490 quam
2650 4429 2796 4474 totus
2815 4420 2976 4474 simul
2999 4420 3270 4474 exercitus
3297 4430 3440 4472 tran-

153 4515 350 4583 paulo
381 4511 568 4574 altior,
593 4511 659 4564 ad
686 4525 851 4564 mare.
875 4510 1155 4564 Mttrornm
1177 4511 1406 4566 latitudo
1428 4519 1546 4565 erat
1575 4511 1767 4580 viginti
1870 4512 1978 4568 sire
2003 4529 2107 4567 non
2121 4522 2327 4583 posset,
2359 4513 2592 4566 militum
2615 4524 2962 4568 strenuorum
2983 4521 3134 4581 parte
3149 4511 3441 4565 Achmnati

151 4607 439 4674 quinque
454 4603 672 4671 pedum,
694 4603 923 4656 interius
939 4603 1174 4670 spatium
1198 4602 1767 4672 duorumetgtriginta.
1872 4605 1982 4660 filio
2017 4605 2330 4665 commissa.
2365 4604 2446 4659 via
2474 4621 2596 4659 eum
2621 4621 2742 4675 quae
2767 4615 2916 4660 trans
2946 4604 3258 4659 Leontarim
3307 4605 3438 4667 fert,

151 4700 428 4754 Easdem
456 4697 674 4763 plumbo
707 4697 841 4749 texit
869 4704 923 4750 et
951 4704 1128 4750 totum
1158 4705 1396 4750 castrum
1422 4695 1558 4750 bene
1595 4693 1773 4748 muni-

150 4797 238 4846 vit
266 4803 336 4844 et
372 4789 632 4857 praesidio
656 4789 914 4843 firmavit.
944 4787 1147 4842 Deinde
1171 4786 1432 4841 vicesimo
1462 4795 1656 4840 octavo
1686 4787 1774 4841 die

152 4883 426 4954 Augusti
450 4881 575 4937 inde
597 4881 947 4951 egressus,in
981 4881 1153 4935 valles
1179 4879 1326 4934 urbis
1355 4878 1773 4946 impressionem

152 4979 332 5042 fecit,
377 4991 448 5027 ac
478 4975 650 5043 primo
674 4972 1008 5040 Septembris
1026 4974 1154 5026 anni
1193 4970 1327 5025 6961
1359 4970 1770 5040 Adrianopolim

151 5069 490 5130 coarcessit,
508 5068 719 5121 duobus
746 5066 855 5121 illis
876 5067 1066 5120 diebus
1084 5065 1255 5129 urbis,
1277 5074 1336 5119 ut
1365 5064 1598 5127 videtur,
1633 5076 1770 5116 moe-

155 5167 260 5218 nia
303 5170 374 5214 et
431 5157 634 5220 fossas,
661 5167 714 5210 et
743 5157 788 5210 si
826 5156 955 5224 quid
983 5156 1125 5209 aliud
1157 5155 1395 5215 volebat,
1430 5154 1767 5224 speculatus.

156 5255 405 5308 Eodem
461 5258 748 5313 autumno,
779 5249 1035 5304 Octobris
1059 5249 1148 5303 die
1177 5248 1374 5317 primo,
1399 5245 1772 5300 Turacbanem

151 5357 214 5402 et
260 5345 434 5399 duos
485 5341 626 5395 filios
675 5340 813 5409 ejus,
840 5341 1190 5394 Achnmatem
1235 5349 1288 5393 et
1333 5338 1574 5390 Amarim
1603 5376 1618 5399 ,
1651 5352 1774 5391 cum

153 5433 668 5502 exercituingenti
695 5434 747 5485 in
774 5431 1204 5500 Peloponnesum
1241 5431 1772 5500 misit.utdespotas,
1881 5438 1964 5482 est
1993 5426 2414 5493 Palzeolugorum
2443 5433 2496 5477 et
2527 5426 2737 5492 imperii
2767 5439 3052 5494 parvaeque
3089 5425 3251 5493 hujus
3301 5428 3442 5480 scin-

150 5532 398 5586 fratres
428 5525 766 5595 imperatoris
787 5525 923 5579 bello
946 5524 1117 5577 adarti
1149 5524 1519 5591 prohiberent,
1548 5539 1634 5586 ne,
1658 5522 1780 5576 reli-
1885 5520 2012 5572 tillae
2040 5515 2404 5568 Romanorum
2427 5516 2876 5578 baeres,Andreas
2895 5517 3248 5587 Palmologns,
3293 5515 3441 5572 Tho-

157 5623 285 5682 ctis
345 5617 474 5676 illis
526 5613 679 5681 iecis,
712 5613 1025 5682 imperatori
1059 5613 1257 5668 auxilio
1313 5613 1580 5676 venirent,
1619 5628 1777 5665 man-
1841 5681 1854 5690 .
1888 5627 1986 5663 mm
2021 5606 2459 5679 porphyrogeniti
2489 5606 2729 5678 dcspotae
2767 5610 2930 5662 filius.

1873 4697 2167 4768 procedere
2188 4697 2377 4766 jussit.
2394 4695 2462 4751 At
2481 4698 2642 4751 aliam
2666 4701 2710 4752 is
2734 4699 2875 4750 viam
2898 4697 3180 4764 ingressus
3200 4707 3304 4752 est.
3323 4698 3441 4763 Quo

1873 4799 2176 4854 comperto,
2207 4787 2444 4855 despota:
2479 4783 2676 4842 fratres
2698 4786 3006 4841 Matthaznm
3041 4787 3277 4842 Asanem
3304 4789 3440 4842 clam

1877 4895 1999 4935 cum
2034 4880 2273 4934 exercitu
2303 4879 2563 4946 mittunt;
2594 4880 2686 4948 qui
2720 4879 2810 4933 ubi
2866 4889 3236 4948 pervenerunt
3275 4880 3328 4932 in
3371 4881 3444 4933 lo-

1877 4986 2024 5034 cum,
2057 4986 2215 5039 qnetn
2249 4971 2571 5024 illitransire
2603 4971 2823 5033 vellent.
2843 4970 3026 5026 subito
3054 4971 3108 5024 in
3141 4971 3440 5025 eosincur-

1881 5063 2034 5116 sione
2057 5061 2218 5122 facta,
2242 5078 2346 5116 non
2375 5077 2578 5130 paucos
2595 5063 2788 5131 partim
2817 5063 3097 5128 occidunt,
3126 5063 3322 5130 partim
3348 5076 3442 5115 ca-

1884 5155 2059 5223 piunt.
2097 5154 2149 5206 in
2181 5153 2264 5208 his
2288 5155 2461 5222 ipsum
2488 5155 2827 5209 Turacbanis
2855 5153 3020 5205 filium
3056 5153 3441 5216 Achumatem,

1880 5258 2039 5312 quem
2070 5241 2315 5309 Spartam
2361 5243 2428 5295 ad
2487 5240 2812 5295 Demetrium
2875 5242 3156 5310 despotam
3198 5243 3439 5296 mittunt.

1882 5337 2100 5390 Decimo
2123 5334 2364 5401 septimo
2395 5334 2483 5386 dte
2524 5332 2762 5387 J.:.nttarii
2800 5332 2926 5385 anui
2976 5333 3217 5402 ejusdem
3280 5345 3444 5391 natus
