3916 6196
627 208 736 269 8'35

1809 206 2134 266 GEORGII
2175 207 2594 266 PHRANTZ/E
3673 215 3750 277 8'36

702 320 812 374 Kal.
839 319 1010 372 ταῦτα
1059 319 1158 387 μὲν
1200 319 1264 388 δὴ
1311 319 1483 377 οὕτως
1516 317 1660 390 εἶχον
1695 320 1764 372 τὰ
1793 321 1890 384 τῆς
1925 320 2198 372 Πελοπον-
2226 318 2276 377 Α
2301 321 2394 373 τοῦ
2450 319 2849 388 χαρακώματος
2898 315 3233 384 περιίσταντο
3265 318 3311 370 oi
3364 319 3643 392 ίαννιτζάροι
3679 331 3750 380 aut,

631 415 819 481 νήσου.
855 413 945 472 Ὠς
976 411 1032 462 δὲ
1065 409 1124 462 τὸ
1152 409 1254 478 ἔαρ
1291 410 1630 480 ἐπέλαμψεν,
1663 412 1690 462 ὁ
1721 412 1966 481 ἀμηρᾶς,
2001 411 2060 463 ὃν
2083 408 2198 480 εἶχε

628 501 1144 568 κατεσκευασμένον
1171 501 1360 553 στόλον
1394 502 1762 569 οἰκονομήσας
1791 502 1891 562 τὰς
1929 501 2202 564 ὲλεϐόλεις

625 613 730 649 κατ
762 593 1140 653 ὲλεόολίσκους
1169 597 1263 644 καὶ
1292 593 1377 645 ἑτέ
1388 610 1485 662 ρας
1519 593 1791 678 μηχανὰς,
1816 593 1880 653 ἃς
1912 590 2024 663 εἶχε
2069 611 2204 662 προ-

627 686 1066 756 ητοιμασμένας,
1113 679 1226 737 εἴτε
1255 683 1566 756 ἔμπροσθεν
1615 685 1748 736 στεί)
1763 701 1827 746 ας
1851 685 1943 736 τὸν
1975 685 2204 752 Χαρατὴ

633 779 879 849 μπασιᾶν
914 776 1052 845 μετὰ
1083 776 1379 840 φουσάτου,
1427 775 1520 828 καὶ
1561 775 1732 827 ἐλθὼν
1775 775 2069 827 ἀπέκλεισε
2105 774 2202 842 τὴν

631 870 809 922 πόλιν.
841 868 952 920 Καὶ
984 866 1091 934 πρὸ
1110 865 1206 917 τοῦ
1232 865 1405 917 ἐλθεῖν
1432 867 1526 917 τὸν
1549 865 1799 933 ἀμηρᾶν,
1849 866 1971 926 τοὺς
2001 866 2203 930 ἔξωθεν

634 960 884 1027 πύργους
917 957 1016 1024 τῆς
1054 955 1263 1018 πόλεως
1288 957 1414 1015 τοὺς
1445 957 1502 1007 ὲν
1538 956 1729 1023 ἀγροῖς
1759 955 1854 1006 καὶ
1882 954 2118 1022 κώμαις,
2151 957 2206 1007 ὲν

631 1045 713 1110 οἷς
742 1047 882 1118 ἦσάν
928 1065 1076 1109 τινες
1109 1047 1388 1116 ἄνθρωποι
1424 1047 1781 1115 συναχθέντες
1810 1046 1900 1098 διά
1925 1047 1985 1098 τὺ
2027 1047 2210 1113 αἰφνί-

634 1144 750 1196 διον
801 1143 896 1195 τοῦ
950 1139 1208 1210 στρατοῦ,
1247 1138 1668 1206 ἐξεπολιόρκησε
1701 1138 1796 1190 καὶ
1838 1140 2065 1207 ἐπῇρεν.
2116 1137 2208 1199 Ἐξ

633 1231 814 1285 αὐτῶν
860 1231 1029 1300 μέρος
1071 1231 1168 1298 μὲν
1199 1224 1358 1296 237
1395 1227 1778 1289 ἐδουλώσαντο,
1814 1231 1908 1296 καὶ
1946 1227 2111 1296 μέρος
2144 1228 2209 1279 ἐκ

633 1321 727 1372 τοῦ
755 1319 949 1388 λοιμοῦ
989 1320 1083 1371 καὶ
1119 1319 1217 1386 τῆς
1250 1319 1416 1386 ἄλλης
1459 1319 1834 1380 κακοπαθείας
1879 1320 2075 1387 ἐπῇρε,
2115 1320 2208 1370 καὶ

630 1412 729 1462 οὐκ
767 1410 980 1475 ὀλίγους
1027 1408 1391 1476 Χριστιανοὺς
1441 1406 1811 1476 ᾑχμαλὼτισε.
1867 1405 1949 1456 Τὰ
2008 1405 2063 1456 δὲ
2113 1405 2206 1457 τοῦ

633 1499 871 1568 πολέμου
903 1499 1179 1564 ἀναγκαῖα
1212 1498 1307 1550 καὶ
1349 1497 1633 1564 ἐπιτήδεια
1667 1497 1764 1550 καὶ
1800 1496 2040 1564 μηχαναὶ
2079 1496 2208 1546 ἀνα-

634 1590 798 1656 μέσον
816 1588 1048 1656 ἤρχοντο
1078 1588 1249 1640 πολλὰ
1267 1604 1282 1619 ·
1308 1587 1504 1656 ἔφερον
1533 1588 1638 1657 γὰρ
1674 1587 1941 1647 ὲλεϐὁλεις
1981 1585 2203 1647 πολλάς.

2311 414 2425 471 τοῖς
2475 410 2656 471 ἄλλοις
2679 408 2958 476 ψεύγενέσι
3006 404 3098 458 τοῦ
3151 407 3390 459 παλατὶου
3445 409 3602 462 αὑτοῦ.
3628 413 3677 466 '0
3714 417 3757 467 δὲ

2311 502 2556 569 μπασιᾶς
2599 500 2628 552 ὁ
2661 499 2756 552 τοῦ
2791 499 2981 568 ἀμηρᾶ
3029 498 3285 566 συγγενὴς
3323 498 3474 550 ἐλθὼν
3511 502 3756 570 ἐσκήνωσεν

2307 590 2423 660 ἅμα
2465 590 2542 658 τῷ
2600 589 3023 659 ἐμπιστευθέντι
3066 588 3208 656 αὑτῷ
3259 589 3455 656 στρατῷ
3483 589 3653 643 ἄνωθεν
3689 595 3755 646 τοῦ

2311 683 2347 732 Γ
2353 680 2546 733 αλατᾶ.
2582 681 2690 732 Καὶ
2719 682 2786 749 τῇ
2817 679 2954 748 αὐτῇ
2991 679 3169 748 ἡμέρα
3197 677 3410 744 ἔφθασεν
3436 679 3517 730 καὶ
3539 680 3670 748 μέρος
3691 683 3755 733 τοῦ

2309 771 2496 824 στόλου
2527 772 2716 834 αὑτοῦ,
2755 772 2850 822 καὶ
2884 769 3207 838 ἐπλησίασεν
3237 768 3386 836 238
3414 769 3463 820 ἐν
3489 772 3588 831 ταῖς
3615 772 3754 826 ἀκταῖς

2306 865 2404 932 τῆς
2434 864 2706 932 Θαλάσσης
2754 863 2851 931 τῆς
2885 861 3113 922 πόλεως.
3142 855 3312 934 Ἶξσαν
3340 859 3392 911 δὲ
3432 862 3641 929 τριήρεις
3665 863 3752 916 ὡσεὶ

2308 956 2604 1026 τριάκοντα
2633 959 2726 1008 καὶ
2768 955 3071 1023 δρόμωνες,
3105 954 3224 1021 νῆες
3253 953 3306 1004 δὲ
3344 952 3426 1005 καὶ
3462 952 3672 1022 πλοιάρια
3692 959 3753 1008 καὶ

2313 1049 2570 1118 μονήρεις
2605 1048 2902 1117 τριάκοντα
2950 1045 3045 1099 καὶ
3083 1045 3291 1098 ὲκατὸν.
3325 1046 3421 1096 Καὶ
3464 1044 3608 1106 οὕτως
3636 1049 3748 1113 παρέ-

2311 1155 2474 1189 πεται
2510 1141 2574 1206 τῇ
2610 1137 2763 1189 πόλει
2804 1136 3110 1204 πολιορκῶν
3137 1135 3298 1202 αὐτὴν
3343 1136 3466 1186 πᾶσι
3487 1135 3672 1209 ,τρόποις
3691 1138 3752 1186 tul

2314 1230 2610 1297 μηχαναῖς,
2641 1229 2729 1280 διὰ
2777 1227 2947 1297 ξηρᾶς
2983 1228 3077 1280 καὶ
3129 1227 3392 1295 θαλάσσης
3437 1225 3752 1293 περικυκλώσας

2308 1322 2375 1374 τὰ
2403 1322 2536 1374 δέκα
2589 1319 2736 1373 ὀκτὼ
2781 1319 2933 1389 μίλια
2983 1319 3084 1387 τῆς
3130 1317 3347 1378 πόλεως.
3390 1317 3537 1368 Καὶὸ
3578 1315 3750 1382 βασιλεὺς

2309 1413 2612 1481 προσέταξε
2649 1412 2747 1482 τὴν
2793 1412 2982 1478 σειρὰν
3018 1409 3117 1476 τὴν
3159 1409 3374 1476 σιδηρᾶν
3417 1407 3504 1475 τὴν
3533 1405 3749 1474 βαρυτάτην

2312 1505 2368 1556 ὲν
2397 1504 2475 1572 τῷ
2511 1505 2740 1572 στόματι
2776 1502 2868 1555 τοῦ
2905 1501 3129 1570 λιμένος
3171 1499 3361 1568 βαλεῖν,
3396 1497 3472 1548 ἴνα
3512 1496 3588 1549 τοῦ
3613 1496 3749 1550 στόλου.

2313 1592 2454 1659 λέγω
2501 1593 2608 1644 τῶν
2653 1591 2927 1658 πολεμίων
2977 1588 3204 1651 πλοίων,
3250 1585 3451 1654 κωλύσῃ
3497 1584 3578 1650 τὴν
3600 1583 3751 1648 ἔφοδον·

645 1679 735 1743 Ἐξ
765 1681 949 1732 αὐτῶν
981 1680 1037 1732 δέ
1069 1697 1218 1739 τινες
1253 1679 1513 1731 τοσοῦτον
1549 1679 1796 1748 ὑπῆρχον
1831 1678 1910 1740 εἶς
1953 1678 2203 1745 μέγεθος,
2239 1660 2278 1712 Β
2311 1685 2514 1737 ἔσωθεν
2544 1685 2598 1737 δὲ
2631 1685 2729 1752 τῆς
2770 1683 2973 1736 ἀλύσου
3007 1679 3108 1740 τ-ἀς
3147 1676 3536 1746 παρατυχούσας
3567 1673 3751 1739 νῆιςὲνέ-

631 1771 698 1830 ἃς
727 1771 828 1824 οὐκ
876 1769 1134 1824 ἐδύναντο
1184 1769 1597 1837 τεσσαράκοντα
1631 1770 1800 1836 ζεύγη
1840 1769 1976 1834 βοῶν
2021 1768 2206 1836 σύρειν

636 1862 875 1928 ἑκάστην
902 1861 1082 1914 αὐτῶν
1125 1861 1158 1930 ἢ
1192 1861 1287 1912 καὶ
1323 1861 1664 1928 πεντήκοντα
1699 1860 1869 1928 ζεύγη
1918 1860 2012 1914 καὶ
2046 1861 2208 1911 πλέον

635 1952 670 2019 ἢ
703 1951 794 2004 δύο
825 1951 1066 2020 χιλιάδες
1101 1951 1400 2020 ἄνθρωποι.
1428 1953 1536 2004 Καὶ
1576 1954 1639 2020 τῇ
1677 1951 1722 2019 β’
1767 1951 1859 2004 τοῦ
1890 1952 2208 2020 Ἀπριλλίου

639 2043 845 2110 ἔφθασε
903 2043 998 2096 καὶ
1041 2044 1068 2095 ὁ
1109 2044 1334 2113 ἀμηρᾶς
1384 2043 1523 2111 μετά
1575 2044 1782 2110 πλῆθος
1836 2045 2209 2114 ἀναρίθμητον

641 2130 878 2201 στρατοῦ
911 2131 1139 2184 ἱππικοῦ
1171 2149 1230 2184 τε
1263 2135 1358 2186 καὶ
1405 2131 1597 2194 πεζοῦ.
1639 2133 1844 2186 Ἐλθὼν
1879 2133 1978 2202 τὴν
2006 2133 2210 2202 σκηνὴν

636 2224 802 2275 αὑτοῦ
859 2224 1136 2293 πήγνυσιν
1172 2222 1234 2285 ἐξ
1272 2223 1519 2284 ἐναντίας
1558 2225 1658 2292 τῆς
1699 2224 1874 2293 πύλης
1920 2223 2017 2276 τοῦ
2050 2224 2207 2291 ἁγίου

643 2314 952 2384 ἰ’ωμανοῦ,
1001 2315 1093 2366 καὶ
1153 2315 1181 2366 ὁ
1217 2313 1452 2382 στρατὸς
1506 2313 1642 2366 ὡσεὶ⁴
1693 2313 1878 2383 ἄμμος
1931 2314 2208 2383 θαλάσσης

635 2404 776 2458 κατὰ
803 2407 866 2458 τὸ
905 2405 1218 2474 Ἐξαμίλιον
1248 2404 1347 2471 τῆς
1374 2403 1576 2474 χέρσου
1605 2405 1670 2457 ὲκ
1699 2405 1800 2471 τῆς
1846 2406 1978 2473 μιᾶς
2006 2405 2209 2458 θαλάσ-

637 2513 738 2562 σης
763 2498 857 2549 καὶ
888 2498 953 2548 ὲκ
978 2497 1075 2564 τῆς
1103 2496 1317 2565 ἑτέρας.
1346 2497 1458 2548 Καὶ
1485 2497 1512 2549 ὁ
1535 2497 1634 2564 τῆς
1652 2496 1951 2566 ’Δνατολῆς
1979 2497 2209 2568 στρατὸς

638 2587 878 2655 ἐπήξατο
911 2586 1014 2649 τὰς
1058 2587 1266 2654 σκηνὰς
1301 2586 1485 2639 αὐτῶν
1516 2587 1576 2639 ὲν
1617 2589 1732 2648 τοῖς
1770 2586 1966 2651 δεξιοῖς
2017 2588 2208 2658 μέρεσι

636 2679 730 2734 τοῦ
763 2681 958 2750 ἀμηρᾶ
987 2680 1083 2733 καὶ
1112 2679 1214 2741 ἕως
1251 2678 1360 2731 τῶν
1391 2677 1573 2730 ἀκτῶν
1599 2678 1700 2746 τῆς
1730 2677 2006 2749 θαλάσσης
2033 2679 2208 2748 πύλης

638 2773 740 2841 τῆς
773 2772 1019 2843 Χρυσῆς,
1045 2773 1074 2824 ὁ
1101 2771 1159 2824 δὲ
1186 2770 1286 2838 τῆς
1319 2770 1588 2841 Εὐρώπης
1621 2771 1677 2822 ὲν
1707 2773 1770 2839 τῇ
1821 2773 2084 2841 ἀριστερᾷ
2114 2773 2207 2824 καὶ

632 2864 738 2927 ἕως
769 2871 865 2934 της
889 2863 1066 2933 πύλης
1084 2865 1182 2931 τῆς
1214 2859 1444 2930 Ξυλίνης
1465 2861 1576 2914 τῶν
1605 2862 1786 2916 ἀκτῶν
1815 2864 1906 2916 τοῦ
1936 2865 2205 2934 Κερατίου

635 2959 860 3015 κόλπου.
889 2959 1008 3014 Καὶ
1034 2958 1062 3010 ὁ
1087 2959 1310 3027 ἀμηρᾶς
1339 2957 1772 3027 περιεκυκλοῦτο
1815 2957 2065 3029 ὁρυκτοῖς
2105 2977 2204 3029 χα-
2231 2989 2274 3044 c

636 3049 928 3119 ρακώμασι
959 3049 1054 3103 καὶ
1084 3047 1315 3112 ξυλίνοις
1339 3049 1855 3119 περισταυρώμασι,
1886 3051 1977 3102 καὶ
2003 3049 2201 3113 ἔξωθεν

705 3225 784 3278 Ac
814 3240 902 3280 res
926 3224 1402 3292 Peloponnesiacaa
1423 3225 1642 3294 quidem
1679 3225 1813 3280 tales
1833 3225 2072 3280 fuerunt.
2102 3226 2205 3281 Ve-

634 3327 694 3367 re
724 3322 907 3368 autem
940 3313 1250 3382 ingruente,
1289 3328 1502 3368 ameras
1533 3329 1659 3368 cum
1697 3315 1898 3381 classe,
1927 3331 2090 3384 quam
2117 3317 2204 3370 in-

635 3413 900 3459 structam
930 3403 1185 3465 habebat.
1224 3413 1512 3474 Dostquam
1543 3406 1817 3472 expedivit
1854 3407 2120 3476 helepoles
2147 3417 2202 3463 et

638 3494 998 3550 heleboliscos
1027 3493 1298 3562 aliasque,
1331 3510 1473 3564 quas
1520 3504 1829 3563 paraverat,
1895 3497 2198 3562 machinas,

632 3586 1138 3655 Charatehpasiane
1166 3601 1288 3641 cum
1353 3587 1596 3641 exercitu
1633 3589 1916 3656 praemisso
1937 3629 1952 3652 ,
1985 3589 2203 3646 advenit

634 3677 936 3745 urbemque
972 3677 1256 3731 obsidione
1281 3678 1482 3745 pressit
1513 3695 1527 3730 :
1552 3685 1677 3731 ante
1705 3687 1884 3738 tamen
1908 3689 2086 3735 turres
2103 3696 2200 3735 ex-

636 3780 716 3822 tra
744 3769 933 3824 urbem
969 3769 1021 3822 in
1057 3768 1202 3838 agris
1237 3769 1482 3838 vicisque
1509 3769 1663 3832 sitas,
1688 3770 1742 3824 in
1769 3786 1908 3838 quas
1952 3773 2200 3826 nonnulli

633 3868 855 3931 propter
872 3861 1209 3930 repentinam
1239 3861 1480 3916 hostium
1504 3861 1868 3930 irruptionem
1902 3878 2202 3932 se-recepe-

635 3961 775 4018 rant,
811 3962 1148 4023 expugnatas
1177 3954 1395 4009 evertit.
1424 3952 1624 4008 Horum
1653 3964 1859 4022 partem
1881 3955 1935 4008 in
1965 3955 2200 4010 servitu-

634 4055 742 4099 tem
771 4046 987 4115 redigit,
1011 4054 1218 4114 partem
1245 4056 1400 4114 peste
1422 4055 1475 4100 et
1505 4047 1628 4100 aliis
1656 4047 2022 4102 incommodis
2067 4063 2202 4102 eon-

636 4136 785 4203 fecit,
813 4153 877 4193 ac
899 4153 1010 4193 non
1039 4138 1197 4207 pauci
1225 4129 1526 4194 Christiani
1561 4138 1762 4206 captivi
1781 4137 1907 4192 facti
1935 4137 2204 4194 suut.Res

639 4227 706 4280 ad
738 4228 937 4282 bellum
963 4227 1288 4282 necessariae
1318 4234 1372 4280 et
1407 4225 1566 4280 utiles
1597 4241 1720 4279 cum
1755 4227 2025 4280 machinis
2063 4228 2203 4281 intc-

575 4321 578 4323 λ
635 4320 738 4372 rim
771 4333 965 4389 magno
989 4333 1220 4372 numero
1244 4317 1656 4371 advehebantur
1691 4335 1704 4370 :
1740 4317 1793 4369 in
1818 4318 1902 4371 his
1931 4318 2204 4386 helepoles
2237 4321 2280 4376 D
2311 4313 2474 4368 Erant
2509 4331 2673 4371 naves
2715 4317 2798 4370 ha:

637 4411 945 4477 permulta,
989 4423 1221 4476 quarum
1258 4405 1718 4460 nonnulltetanttn
1736 4415 1891 4459 erant
1934 4408 2204 4476 magnitu-

633 4500 800 4564 dinis,
836 4509 892 4552 ut
922 4498 1196 4567 singulare
1225 4494 1585 4564 quadraginta
1607 4495 2090 4566 velquinquaginta
2116 4499 2204 4568 ju-

636 4589 718 4654 gis
764 4589 926 4641 houm
949 4596 1110 4654 atque
1131 4585 1415 4640 hominum
1441 4585 1561 4652 plus
1581 4584 1792 4638 duobus
1816 4586 2202 4642 nullihnstrahi

635 4693 744 4732 non
773 4687 1012 4747 possent.
1043 4675 1293 4731 Secundo
1316 4674 1515 4744 Aprilis
1535 4673 1650 4744 ipse
1669 4691 1883 4731 ameras
1903 4677 2056 4732 aﬂuit
2079 4695 2203 4734 cum

637 4772 807 4838 cepiis
831 4769 1172 4838 equestribus
1203 4779 1258 4822 et
1288 4766 1634 4836 pedestribus
1658 4769 2050 4829 innumeris.et
2091 4780 2205 4824 ten-

635 4862 833 4915 torium
868 4877 933 4914 ex
964 4861 1194 4915 adverso
1224 4869 1393 4930 porta:
1416 4862 1590 4914 sancti
1623 4862 1854 4915 Romani
1891 4863 2025 4925 ﬁxit,
2045 4873 2206 4932 atque

634 4953 910 5008 exercitus
943 4961 1002 5005 ut
1027 4967 1191 5006 arena
1217 4951 1384 5005 maris
1404 4951 1467 5005 ad
1497 4951 1863 5006 llexatnilium
1891 4968 1984 5022 per
2005 4963 2201 5007 terram

631 5049 700 5100 ab
726 5061 836 5099 uno
870 5047 1004 5100 mari
1041 5046 1107 5099 ad
1136 5045 1366 5099 alterum
1401 5045 1870 5113 pertinuit,’atque
1925 5046 2204 5100 orientalis

631 5133 853 5206 quidem
887 5152 1012 5206 pars
1034 5151 1063 5190 a
1097 5136 1282 5189 dextra
1306 5150 1502 5189 amerze
1526 5149 1698 5203 usque
1726 5135 1790 5187 ad
1819 5145 2050 5201 portam,
2087 5154 2206 5206 quac

632 5240 715 5282 est
747 5230 800 5282 in
832 5230 1032 5292 littore,
1067 5243 1289 5281 auream
1319 5235 1706 5281 castrametata
1749 5236 1850 5288 est,
1877 5227 2135 5297 Europaea
2176 5245 2204 5283 a

634 5323 859 5375 sinistra
894 5335 1068 5389 usque
1092 5320 1157 5399 ad
1189 5319 1423 5388 ligneam
1452 5329 1664 5388 portam
1701 5319 1755 5372 in
1777 5318 1933 5374 sinus
1959 5320 2202 5375 Ceratini

635 5419 816 5472 littore
846 5419 1028 5471 sitam.
1061 5415 1191 5470 Erat
1220 5431 1434 5470 ameras
1471 5417 1611 5470 vallo
1654 5427 1709 5471 et
1767 5417 1914 5472 fossa
1960 5416 2207 5488 palisquc

633 5508 867 5571 cinctus,
891 5516 946 5562 et
970 5518 1123 5562 extra
1155 5507 1357 5562 vallum
1394 5509 1608 5562 stabant
1630 5510 1925 5578 jannitzari
1959 5525 2081 5563 cum
2125 5523 2207 5562 re.

632 5601 797 5668 liquis
820 5599 1006 5669 palatii
1056 5600 1393 5670 proceribus.
1444 5601 1627 5657 Pasias
1683 5611 1889 5668 autem,
1937 5611 2204 5670 cognatus

2312 1777 2528 1838 ϐαλλον,
2574 1778 2718 1839 ὅπως
2778 1773 3149 1842 ἰσχυροτέρως
3199 1767 3470 1822 κωλύσωσι
3501 1767 3582 1832 τὴν
3618 1761 3752 1815 εἴσοδον

2311 1870 2406 1922 καὶ
2441 1869 2582 1922 κατά
2611 1867 2718 1920 τῶν
2743 1865 2953 1934 ἐχθρῶν
2983 1861 3404 1931 ἀντιμάχωντσι.
3442 1853 3594 1908 Ἦσαν
3615 1853 3655 1909 δὲ
3674 1852 3753 1917 νῆες

2309 1959 2582 2021 τοιαῦται,
2614 1961 2676 2010 ἐκ
2735 1957 2832 2025 μὲν
2886 1953 3184 2022 Λιγουρίας
3224 1951 3385 2019 τρεῖς.
3423 1946 3548 1998 ἐκδὲ
3593 1941 3752 2010 Ἰϐηρίας

2311 2053 2431 2121 ἦτοι
2483 2048 2791 2110 Καστελίας
2847 2048 2966 2114 μία,
2999 2048 3062 2098 ὲκ
3112 2042 3211 2096 τοῦ
3258 2039 3448 2093 Γάλλου
3472 2037 3554 2102 τῆς
3598 2030 3753 2100 Προὸἐνο

2303 2144 2467 2216 ,τζιας
2542 2182 2558 2198 .
2635 2181 2649 2196 .
2730 2179 2744 2194 .
2769 2179 2784 2203 ,
2821 2141 2885 2192 ὲκ
2927 2138 2984 2192 δὲ
3019 2138 3123 2205 τῆς
3162 2134 3382 2202 Κρήτης
3435 2130 3581 2192 τρεῖς.
3615 2126 3662 2176 ἔκ
3689 2125 3755 2216 εἰς

2313 2235 2521 2294 πόλεως
2549 2230 2850 2299 λεγομένης
2875 2225 3094 2292 Χάνδαξ
3139 2226 3170 2294 ἡ
3207 2223 3303 2291 μία
3334 2220 3420 2272 καὶ
3447 2219 3494 2270 αἱ
3519 2216 3594 2268 δύο
3618 2216 3664 2266 ἐκ
3688 2214 3757 2264 Ka-

2311 2326 2529 2388 δωνίας,
2558 2325 2731 2377 πᾶσαι
2764 2322 2842 2383 είς
2867 2318 3183 2388 παράταξιν
3207 2315 3334 2367 πολε
3344 2311 3494 2381 μικὴν
3517 2307 3657 2363 καλῶς
3672 2306 3761 2371 ἡτοι-

2315 2410 2610 2481 μασμέναι.
2645 2409 2880 2476 Ἔτυχον
2907 2405 2964 2458 δὲ
2996 2406 3095 2457 καὶ
3117 2406 3184 2456 ἐκ
3216 2402 3323 2455 τῶν
3361 2397 3563 2452 Ἐνετῶν
3594 2391 3760 2462 τριήρεες

2311 2500 2612 2571 ὲμτιτοίηκαὶ
2671 2499 2909 2567 μεγάλαι
2967 2499 3147 2568 τρεῖς,
3204 2495 3270 2558 ἀς
3309 2494 3358 2546 οι
3402 2490 3568 2545 Ἰταλοὶ
3607 2483 3763 2539 εἰώθασι

2310 2592 2552 2662 γρόσσας
2577 2589 2708 2660 γαλέ
2717 2607 2816 2660 ρας
2850 2588 3039 2642 καλεῖν
3072 2588 3107 2657 ἢ
3140 2587 3336 2657 μᾶλλον
3359 2584 3514 2637 εἰπεῖν
3531 2575 3763 2647 γαλεάτζας.

2311 2682 2407 2736 καὶ
2433 2683 2619 2753 ἕτεραι
2647 2683 2893 2752 τριήρεις
2928 2679 3150 2749 ταχεῖαι
3179 2677 3313 2747 πρὸς
3357 2672 3560 2744 φύλαξιν
3580 2669 3651 2723 καὶ
3671 2669 3768 2728 bau-

2314 2775 2500 2844 ρεσίαν
2529 2773 2637 2826 τῶν
2661 2771 2980 2841 ἐμπορικῶν
3004 2770 3361 2838 τεταγμέναι.
3398 2765 3495 2820 Καὶ
3521 2755 3770 2829 προσέταξεν

2310 2867 2339 2918 ὁ
2377 2864 2629 2933 βασιλεὺς
2659 2863 2747 2915 ἵνα
2777 2861 2872 2915 καὶ
2903 2861 3064 2914 αὐταὶ
3091 2857 3513 2928 ὲναπομεὶνωσιν
3529 2851 3594 2912 εις
3619 2845 3773 2912 συνδρο-

2318 2955 2423 3023 μὴν
2451 2957 2550 3024 τῆς
2580 2952 2814 3016 πόλεως.
2845 2953 2957 3008 Καὶ
2986 2951 3138 3006 οὕτω
3169 2951 3238 3004 τὰ
3283 2950 3374 3003 τοῦ
3419 2945 3604 3015 λιμένος
3633 2935 3771 3024 timori-

2311 3062 2471 3116 μητο,
2505 3023 2572 3098 έκ
2603 3045 2662 3098 δὲ
2691 3045 2791 3112 τῆς
2832 3043 3030 3114 χέρσου
3081 3043 3324 3113 ἔστησαν
3349 3041 3396 3092 oi
3445 3023 3772 3098 ἐναντίοι239

2304 3239 2499 3278 amerae
2531 3238 2652 3278 cum
2674 3223 2918 3278 exercitu
2937 3221 3041 3277 sibi
3087 3221 3382 3278 commisso
3411 3229 3558 3286 supra
3598 3209 3770 3267 Galam

2303 3327 2484 3372 castra
2516 3316 2717 3384 posuit.
2742 3315 2942 3370 Eodem
2958 3315 3044 3369 die
3071 3329 3202 3383 pars
3217 3312 3404 3384 classis
3423 3305 3608 3363 advenit
3625 3310 3666 3355 et
3689 3311 3774 3366 pro-

2303 3425 2371 3479 pe
2406 3409 2590 3462 urbem
2619 3397 2693 3460 'ad
2719 3407 2876 3462 littus
2897 3407 3067 3461 maris
3097 3406 3326 3476 appulit.
3365 3402 3519 3457 Erant
3534 3397 3727 3452 triremes
3741 3397 3777 3440 et

2303 3501 2595 3554 dromones
2617 3500 2834 3555 circiter
2863 3499 3108 3569 triginta,
3139 3513 3307 3553 naves
3333 3496 3556 3571 minores
3580 3496 3718 3543 autem
3740 3487 3774 3576 ςί

2305 3591 2577 3644 uniremes
2609 3589 2828 3645 centum
2858 3599 2914 3644 et
2945 3590 3194 3660 triginta.
3228 3587 3305 3642 Ita
3335 3569 3399 3641 ad
3429 3583 3596 3639 urbem
3636 3569 3776 3631 accedit

2303 3680 2620 3750 obsidetque
2648 3696 2765 3734 eam
2797 3681 2945 3734 omni
2977 3681 3139 3735 modo
3165 3679 3459 3746 omnisque
3485 3670 3664 3742 generis
3698 3677 3773 3716 uta-

2303 3771 2500 3832 chiuis,
2531 3781 2677 3826 terra
2699 3771 2945 3840 marique
2980 3787 3074 3840 per
3104 3770 3409 3827 octodecim
3429 3760 3693 3820 milliarium
3708 3768 3780 3806 am'

2304 3865 2474 3918 bitum
2512 3863 2800 3918 inclusam.
2833 3861 3131 3932 Imperator
3175 3856 3652 3932 ponderosissimam
3686 3853 3785 3900 cate-

2306 3970 2425 4008 nam
2447 3953 2678 4009 ferream
2705 3955 2788 4009 ori
2809 3965 2994 4024 portus
3011 3954 3275 4023 praztendi
3292 3951 3472 4022 jussit,
3490 3961 3585 4017 qua
3603 3948 3782 3998 accessus

2304 4043 2520 4097 navium
2555 4044 2835 4099 hostilium
2864 4053 3148 4098 arceretur
3177 4061 3192 4110 ;
3231 4043 3368 4097 intra
3399 4055 3509 4095 eam
3531 4046 3682 4092 naves,
3702 4036 3777 4093 quit

2307 4132 2441 4187 forte
2489 4133 2717 4188 aderant
2751 4171 2766 4198 ,
2823 4134 3238 4190 collocabantur
3295 4136 3362 4190 ad
3409 4126 3616 4185 validius
3659 4116 3780 4174 deien-
3823 4137 3836 4152 -

2306 4221 2539 4276 dendum
2565 4224 2836 4278 aditumct
2877 4225 3116 4293 impetus
3156 4223 3396 4280 hostium
3453 4207 3776 4290 propulsanda:-

2847 4333 2862 4368 :
2906 4331 2935 4370 ο
2985 4317 3207 4385 Liguria
3254 4325 3383 4378 tres,
3419 4328 3478 4366 ex
3524 4304 3673 4362 Iberia
3710 4297 3778 4352 site

2305 4402 2527 4458 Castilia
2573 4421 2712 4469 una,
2748 4425 2778 4460 e
2818 4405 3102 4460 Provineia
3153 4407 3318 4460 Galli.
3350 4442 3364 4458 .
3387 4442 3434 4464 .,
3459 4417 3487 4456 e
3530 4394 3666 4454 Creta
3696 4400 3779 4447 tres,

2305 4510 2371 4550 ex
2421 4496 2573 4556 urbe,
2603 4497 2976 4560 cuiChandax
2996 4513 3218 4560 nomen,
3265 4512 3395 4560 una,
3443 4488 3777 4562 Cydoniatartm

2307 4590 2445 4655 dum,
2507 4605 2699 4644 omnes
2722 4590 2784 4644 ad
2820 4605 3051 4658 pugnam
3086 4591 3256 4658 probe
3309 4589 3585 4642 instructae.
3617 4574 3782 4632 Aderant

2308 4691 2561 4750 przvtet'ea
2591 4681 2918 4736 Venetorum
2962 4696 3172 4750 magnae
3232 4681 3480 4735 triremes
3530 4660 3785 4728 mercatoria

2308 4785 2438 4840 tres,
2474 4790 2612 4844 quas
2642 4772 2760 4828 Itali
2786 4790 3008 4844 magnas
3051 4774 3286 4844 galeras,
3345 4774 3456 4827 sive
3497 4766 3653 4838 petitis
3691 4756 3790 4823 μιν

2306 4877 2455 4920 atzas
2493 4868 2770 4935 appellare
2824 4867 3046 4932 solent,
3103 4877 3157 4920 et
3203 4866 3326 4919 alia:
3376 4863 3606 4918 triremes
3639 4848 3791 4902 remes

2307 4962 2372 5014 ad
2427 4959 2732 5014 custodiam
2796 4967 2846 5012 et
2922 4959 3139 5012 tutelam
3189 4957 3457 5011 mercium
3505 4945 3789 5004 constitute:

2307 5069 2444 5122 quas
2495 5061 2550 5104 et
2591 5052 2739 5119 ipsas
2790 5049 3088 5116 imperator
3134 5049 3203 5102 ad
3261 5039 3660 5103 succurrendum
3708 5025 3788 5080 ιιπὶει

2310 5121 2531 5199 manere
2587 5143 2775 5212 jussit.
2839 5141 2955 5196 Hoc
2980 5142 3138 5196 modo
3179 5141 3348 5209 igitur
3380 5132 3546 5207 portui
3591 5121 3791 5195 provisum

2308 5247 2409 5291 est.
2442 5236 2500 5289 In
2541 5246 2685 5289 terra
2717 5236 2902 5289 hostes
2927 5249 3177 5302 magnam
3205 5233 3356 5285 illam
3417 5219 3692 5293 helepolim.
3731 5223 3790 5262 ευ·

2305 5331 2394 5396 jus
2446 5343 2509 5381 os
2535 5327 2754 5396 patebat
2801 5326 3102 5394 spithamas
3146 5323 3460 5383 duodecim,
3489 5325 3539 5372 et
3571 5313 3682 5366 aliis
3698 5315 3794 5398 Citii"

2311 5421 2492 5487 plures
2518 5427 2759 5488 spectatu
2788 5417 2981 5485 dignas
3013 5417 3361 5470 collocarunt
3397 5428 3411 5478 ;
3441 5425 3503 5464 ac
3538 5406 3665 5461 fossa
3702 5392 3797 5447 uth-

2312 5511 2413 5564 tari
2448 5487 2555 5564 altar
2583 5511 2742 5563 ducta
2771 5509 3021 5577 palisque
3045 5521 3284 5575 superne
3314 5487 3798 5586 munita,jaculaL-atr

2310 5593 2729 5666 tur,ct‘ma:nia
2786 5599 2936 5654 urbis
2988 5599 3120 5654 locis
3169 5591 3580 5668 quatuordecim
3625 5587 3799 5657 gratum
