3920 6188
570 246 678 332 839

1754 243 2008 304 GEORG
2023 243 2081 302 Il
2122 239 2553 304 PHRANTZ/E
3618 243 3699 307 840

574 359 645 411 τά
698 356 790 410 τοῦ
831 354 1132 422 καταλόγου
1190 353 1516 425 κατάστιχα,
1564 354 1659 409 καὶ
1710 356 1935 410 κάθισον
1966 358 2023 408 ὲν
2068 355 2146 425 τῷ
2173 358 2217 414 Δ
2248 352 2497 423 μηχανάς
2525 350 2619 404 καὶ¹
2641 350 2837 421 τέχνας
2865 346 3055 409 καινὰς
3079 345 3433 417 εὖρισκον,καὶ
3453 351 3561 415 τοὺς
3583 355 3704 409 tvmv-

579 451 715 517 οίκιρ
758 464 874 500 σου.
902 447 1154 515 Ψήφισον
1208 447 1453 516 ἀκριϐῶς
1503 447 1658 499 πόσοι
1690 448 1785 500 καὶ
1826 447 1879 499 τί
1909 448 1976 500 τὰ
2005 446 2144 499 ὅπλα

581 541 676 592 καὶ
720 537 945 599 ἀσπίδες
978 537 1073 590 καὶ
1119 537 1248 601 τόξα
1281 537 1374 590 καὶ
1422 522 1725 591 ὲλεϐολικά.
1764 556 1783 589 ι
1823 537 2145 597 Ἐκτελέσας

580 630 673 683 οὖν
699 630 810 697 ἐγὼ
837 630 897 681 τὸ
922 629 1074 698 παρὰ
1099 629 1193 681 τοῦ
1228 630 1495 698 βασιλέως
1528 631 1871 699 προσταχθέν
1917 648 2008 699 μοι
2040 648 2147 683 πα-

582 722 825 791 ρέστησα
852 722 928 789 τῷ
960 723 1194 793 αὐθέντῃ
1225 739 1327 791 μου
1364 724 1457 775 καὶ
1496 722 1709 792 βασιλεῖ
1738 722 1799 774 τὸ
1827 721 2147 791 καταστιχί-

581 816 693 866 διον
725 816 864 881 μετὰ
905 814 1083 883 λύπης
1130 816 1227 866 καὶ
1276 814 1735 882 σκυθρωπότητος
1790 813 2021 881 πολλῆς·
2054 814 2149 865 καὶ

582 905 766 972 ἔμεινε
814 907 975 973 μόνον
1010 906 1393 972 ὲναπόκρυφος
1439 905 1643 973 μεταξὺ
1687 905 1853 957 αὐτοῦ
1881 906 1976 957 καὶ
2015 905 2148 973 ἐμοῦ

580 999 612 1064 ή
651 996 908 1061 ποσότης.
948 996 1095 1064 Πλὴν
1134 992 1277 1067 ἦσαν
1317 994 1409 1048 καί
1436 1013 1582 1058 τινες
1615 996 1786 1063 ὀλίγοι
1824 996 1966 1049 πάνυ
2001 995 2063 1048 ἐκ
2089 976 2149 1047 τε

580 1088 691 1139 τῶν
721 1087 999 1155 ἀρχόντων
1042 1088 1138 1139 καὶ
1169 1086 1346 1155 δήμου
1389 1087 1821 1153 ἀνωφελέστατοι
1856 1087 1950 1140 καὶ
1986 1087 2154 1139 δειλο-

586 1180 823 1247 κάρδιοι,
860 1178 910 1229 οἳ
940 1179 1026 1231 διά
1064 1179 1157 1231 τὸν
1193 1179 1359 1246 φόϐον
1381 1178 1476 1231 τοῦ
1500 1179 1740 1248 πολέμου
1778 1180 1868 1232 καὶ
1901 1179 2009 1232 τῶν
2035 1180 2153 1232 ἐτέ-

590 1288 697 1340 ρων
728 1271 990 1323 ἐναντίων
1049 1272 1271 1323 πανοικὶ
1320 1270 1429 1339 πρὸ
1467 1269 1664 1337 καιροῦ
1714 1272 1778 1322 ὲκ
1812 1271 1913 1339 τῆς
1947 1269 2154 1333 πόλεως

587 1362 833 1429 ἔφυγον·
892 1360 966 1422 ὡς
1001 1360 1057 1411 δὲ
1117 1359 1276 1411 τοῦτο
1324 1361 1381 1411 ὲν
1423 1361 1536 1421 τοῖς
1575 1360 1680 1412 ὠσὶ
1732 1359 1827 1412 τοῦ
1894 1358 2156 1428 βασιλέως

588 1453 811 1524 ἐρρέθη,
877 1450 1143 1513 στενάξας
1205 1452 1267 1503 ἑκ
1324 1450 1554 1519 καρδίας
1606 1452 1703 1504 καὶ
1755 1450 1908 1503 οὐδὲν
1968 1451 2155 1521 ἕτερον

588 1544 864 1613 ἐποίησεν.
909 1541 1157 1610 ’Υπῆρχε
1194 1541 1251 1593 δέ
1280 1559 1360 1604 τις
1391 1543 1454 1593 ὲκ
1487 1544 1586 1610 τῆς
1625 1542 1923 1610 Λιγουρίας
1948 1543 2005 1594 ὲν
2037 1543 2157 1605 ταῖς

587 1636 679 1687 δύο
704 1635 883 1696 ναυσὶ,
923 1634 980 1693 ὃς
1018 1629 1086 1703 ἦν
1135 1632 1417 1701 ναυάρχης
1451 1633 1544 1685 καὶ¹
1574 1632 1793 1702 Κύριος,
1842 1634 1981 1705 ἀνὴρ
2011 1634 2153 1685 πάνυ

2244 442 2397 504 τίους
2431 442 2531 495 οὐκ
2581 441 2762 509 ὀλίγον
2816 439 3099 492 ἔϐλαπτον.
3130 439 3194 491 Δί
3229 440 3282 491 δὲ
3309 440 3477 511 τέχναι
3529 449 3707 515 μερικαὶ

2246 533 2347 586 οὐκ
2408 535 2464 595 ἐς
2512 532 2722 603 μάκρος
2769 532 3092 601 ἑστήκεισαν
3145 530 3312 583 διὰτὸ
3354 532 3421 601 μὴ
3445 532 3568 602 ἔχειν
3591 537 3709 603 ἡμᾶς

2244 623 2473 685 τελείως
2503 624 2685 675 ἄνεσιν
2715 623 2811 675 καὶ
2842 626 2909 675 τά
2939 622 3035 691 τῆς
3070 621 3240 691 μάχης
3267 622 3355 674 καὶ
3384 621 3468 674 τοῦ
3505 607 3713 679 άποκλιι-

2249 714 2388 783 σμοῦ
2425 713 2729 782 ἐπιτήδεια.
2786 711 3131 773 Χαλάσαντες
3177 711 3233 763 δὲ
3284 711 3338 763 εν
3361 729 3461 765 τισι
3485 713 3641 775 τόποις
3663 716 3717 768 τὰ

2247 804 2400 874 τείχη
2430 805 2568 874 μετὰ
2597 804 2889 857 ὲλεϐόλεων
2911 803 3006 857 καὶ
3033 802 3325 871 πυριϐόλων
3350 806 3714 874 μηχανημάτων,

2250 892 2370 949 εἶτα
2403 896 2657 958 θέλοντες
2714 896 2919 964 πλῆσαι
2983 895 3107 956 τοὺς
3154 894 3385 964 τάφρους
3437 895 3515 948 ἶνα
3568 897 3719 965 ῥᾳδίως

2254 988 2557 1057 ποιήσωσιν
2594 986 2695 1056 τὴν
2747 986 2952 1038 εἴσοδον
3005 984 3097 1037 καὶ
3148 984 3233 1038 διὰ
3284 985 3383 1037 τῶν
3422 986 3720 1054 χαλασμάτων

2253 1076 2589 1139 εἰσέλθωσιν,
2616 1075 3046 1145 ἀκροϐολισμοὺς
3078 1076 3135 1125 ὲν
3159 1072 3381 1143 πρώτοις
3404 1074 3628 1144 ἐποίησαν
3654 1078 3722 1126 καὶ

2255 1167 2571 1239 συρῤάξεις,
2609 1168 2774 1237 μέσον
2818 1167 2877 1220 δὲ
2908 1167 3129 1220 ἐκείνων
3155 1166 3313 1235 ἔτερα
3343 1166 3549 1234 χώματα
3577 1169 3622 1219 ὲν
3644 1171 3722 1230 τοῖς

2254 1260 2483 1329 τάφροις
2516 1259 2778 1330 ἔρριπτον
2808 1260 2904 1311 καὶ
2931 1259 3161 1321 κλάδους
3200 1258 3421 1329 δένδρων
3459 1258 3540 1312 καὶ
3581 1259 3720 1327 ἑτέρας

2258 1351 2410 1417 ὕλας,
2448 1350 2593 1412 τινὲς
2624 1350 2682 1402 δι
2711 1351 2775 1403 ὲκ
2807 1350 2908 1420 τῆς
2952 1350 3076 1419 βίας
3123 1349 3215 1401 καὶ
3252 1350 3345 1412 τὰς
3375 1349 3554 1415 σκηνὰς
3576 1350 3721 1400 αὐτῶν.

2257 1444 2367 1498 Καὶ
2395 1441 2464 1513 ἦν
2509 1443 2637 1496 ίδείν
2672 1442 2878 1511 θέαμα,
2908 1442 2991 1495 δτι
3028 1444 3121 1494 καὶ
3155 1439 3334 1493 πολλοὶ
3364 1439 3417 1506 ἐξ
3448 1439 3601 1493 αὐτῶν
3618 1440 3666 1492 ἐκ
3684 1457 3722 1492 τι

2257 1531 2353 1584 τοῦ
2404 1533 2647 1600 πλήθους
2695 1531 2791 1585 καὶ
2837 1531 2936 1599 τῆς
2986 1530 3344 1599 στενοχωρίας
3389 1530 3452 1597 ήν
3499 1525 3620 1595 εἶχον
3644 1528 3725 1580 επι-

2260 1639 2414 1675 πτον·
2439 1624 2531 1675 καὶ
2551 1624 2599 1675 oi
2623 1623 2908 1691 ἐρχόμενοι
2929 1619 3158 1673 ὅπισθεν
3179 1618 3411 1689 ἀνηλεῶς
3438 1618 3666 1688 ῥίπτοντες
3679 1620 3724 1669 τὰ

586 1724 783 1789 δεξιὸς,
819 1724 1064 1794 ἀνδρεῖος
1096 1724 1190 1776 καὶ
1239 1724 1567 1790 ἐπιτήδειος,
1615 1723 1855 1792 τοῦνομα
1900 1723 2155 1790 Ἰωάννης
2186 1708 2229 1762 Β
2256 1713 2421 1783 «243
2453 1711 2582 1776 ξύλα
2624 1713 2716 1764 καὶ
2742 1710 2974 1780 χώματα.
3018 1710 3218 1771 αὐτοὺς
3248 1709 3469 1778 οἶκτρῶς
3499 1709 3723 1769 ἐσκέπαζον

600 1816 997 1878 Ἰουστινιανδς,
1030 1813 1087 1876 ὃς
1112 1814 1375 1880 γεννάδας
1403 1812 1536 1883 εἶχε.
1584 1813 1819 1884 Θεωρῶν
1855 1814 1912 1867 δὲ
1941 1815 2101 1868 αὐτὸν
2128 1809 2158 1868 ὁ

593 1907 848 1976 βασιλεὺς
877 1909 953 1969 εἰς
988 1907 1058 1959 τά
1089 1906 1269 1959 πάντα
1314 1906 1491 1971 δεξιὸν
1534 1905 1819 1975 δήμαρχον
1871 1907 2034 1958 αὑτὸν
2064 1908 2161 1958 καὶ

593 1995 898 2065 στρατηγὸν
935 1996 1029 2047 ἐπὶ
1071 1995 1423 2063 τριακοσίους
1470 1994 1671 2064 ἄνδρας
1720 1996 2055 2065 προσέταξεν
2085 1993 2162 2048 εἷ-

594 2106 705 2148 ναι,
751 2086 849 2138 καὶ
884 2086 1217 2154 προϐλέπειν
1245 2087 1341 2139 καὶ
1392 2086 1618 2138 διοικεῖν
1664 2086 1828 2138 αὑτὸν
1868 2087 1947 2147 είς
1998 2085 2165 2155 ἕτερά

512 2248 517 2253 η
554 2204 555 2207 η
596 2177 756 2248 242
793 2195 913 2229 τινα
954 2180 1225 2244 ἀναγκαία
1254 2177 1348 2229 τοῦ
1401 2177 1643 2245 πολέμου
1675 2176 1931 2241 ἱξουσίαν
1972 2177 2161 2239 ἐδωσε,

597 2269 885 2341 Θαρρήσας
934 2269 1182 2337 μεγάλως
1216 2270 1295 2330 είς
1343 2268 1506 2321 αὐτόν
1535 2284 1551 2301 θ
1573 2268 1632 2332 ὃς
1671 2269 1841 2333 ὅντως
1885 2270 1981 2322 καὶ
2012 2272 2070 2324 ὲν
2098 2272 2164 2340 τῇ

597 2362 739 2429 ἀρχῇ
768 2360 905 2427 ἔργα.
936 2358 1061 2421 ἄξια
1096 2359 1317 2427 μνήμης
1355 2359 1606 2427 ἐποίησε.

680 2448 768 2510 Ὡς
802 2448 857 2499 δὲ
885 2450 912 2499 ὀ
940 2448 1164 2515 άμηρᾶς
1206 2446 1304 2515 τήν
1350 2446 1730 2516 κεκλασμένην
1770 2448 2010 2502 ὲλεϐὁλιν
2058 2466 2163 2502 τα·-

600 2536 740 2604 χέως
775 2535 942 2589 πάλιν
971 2536 1099 2605 ὑγιῆ
1130 2537 1223 2589 καὶ
1249 2534 1395 2590 σώαν
1423 2536 1698 2608 ἐποίησεν,
1723 2538 1938 2609 ἡμέρας
1980 2557 2039 2592 τε
2070 2540 2164 2593 καὶ

601 2627 794 2688 νυκτὸς
824 2628 959 2696 μετὰ
991 2626 1111 2695 βίας
1141 2630 1253 2690 τοῖς
1284 2629 1520 2698 τείχεσιν
1552 2630 1782 2685 ἔτυπτον
1815 2636 1907 2684 καὶ
1937 2630 2168 2701 θόρυϐον

602 2717 771 2770 πολὺν
816 2720 873 2769 ὲν
907 2720 1040 2787 ἡμῖν
1075 2720 1294 2771 ἐποίουν
1327 2720 1464 2788 μετὰ
1501 2720 1683 2790 πάσης
1724 2704 1972 2792 μηχανῆς
2005 2722 2169 2775 πολε-

606 2810 794 2878 μικῆς,
850 2810 1284 2880 ἀκροϐολισμοὺς
1333 2813 1427 2864 καὶ
1482 2812 1774 2881 συρράξας
1804 2816 1900 2867 καὶ
1931 2814 2171 2883 συμπλο-

603 2900 704 2965 κάς
763 2902 1143 2971 ίσχυροτάτας’
1193 2902 1287 2953 καὶ
1344 2898 1414 2973 ἦν
1453 2903 1731 2965 πολυειδὲς
1772 2903 1833 2956 τὸ
1881 2906 2067 2958 κακόν.
2106 2905 2169 2956 Oi

601 2992 660 3045 δὲ
696 2993 955 3061 ήμετέροι
998 2993 1119 3046 καθ’
1151 2994 1389 3063 ἑκάστην
1418 2994 1627 3063 ἡμέραν
1655 2994 1751 3055 τὰς
1787 2995 2035 3065 μηχανάς
2070 2997 2170 3059 τάς
2198 3030 2239 3087 C

604 3084 907 3152 πολεμικὰς
944 3082 1311 3152 μανθάνοντες
1352 3085 1447 3137 καὶ⁴
1477 3086 1575 3149 τὰς
1610 3084 1718 3138 τῶν
1747 3087 2004 3139 ἐναντίων
2035 3086 2169 3138 θεω-

605 3174 825 3244 ροῦντες
853 3214 869 3239 ,
924 3175 1104 3227 πᾶσαν
1158 3174 1363 3227 δειλίαν
1421 3178 1514 3228 καὶ
1568 3176 1732 3243 φόϐον
1761 3177 2020 3241 ἐάσαντες
2070 3177 2166 3233 καὶ

607 3347 926 3416 imperatori
942 3361 1049 3400 non
1075 3347 1193 3401 sine
1212 3347 1398 3402 dolore
1416 3356 1470 3401 et
1496 3349 1751 3403 mtestitia
1771 3352 1991 3417 tradidi,
2014 3368 2170 3408 man-

607 3442 786 3508 sitque
826 3448 1021 3506 praeter
1048 3452 1149 3491 nos
1177 3438 1314 3503 duos
1350 3440 1574 3507 reliquis
1601 3443 1849 3498 occultus
1882 3458 2167 3499 numerus.

604 3530 872 3584 Caeterum
901 3528 1168 3594 nonnulli,
1204 3530 1295 3584 sed
1326 3531 1579 3598 perpauci
1631 3531 1731 3596 illi,
1773 3533 1839 3588 de
1892 3534 2171 3590 nobilitate

607 3632 658 3676 et
689 3622 841 3692 plebe
865 3621 1115 3676 homines
1155 3633 1468 3690 nequamet
1500 3623 1746 3679 imbelles
1795 3627 1993 3682 timore
2046 3627 2170 3682 belli

608 3712 1095 3780 calamitatumque
1128 3727 1251 3768 cum
1282 3715 1412 3770 totis
1440 3714 1663 3771 familiis
1690 3728 1815 3771 ante
1843 3728 2056 3787 tempus
2104 3735 2169 3775 ex

606 3805 740 3860 urbe
771 3802 1025 3873 fugerunt
1056 3820 1070 3859 :
1098 3804 1242 3873 quod
1272 3805 1361 3858 ubi
1394 3807 1460 3858 ad
1492 3821 1651 3861 aures
1681 3810 2174 3879 pervenitimpera-

608 3897 770 3960 toris,
811 3895 945 3949 nihil
974 3896 1119 3949 aliud
1148 3910 1309 3965 quam
1341 3896 1411 3951 ab
1469 3897 1580 3951 imo
1634 3909 1855 3966 pectore
1910 3901 2169 3970 gemitum

607 3988 781 4041 duxit.
821 3987 946 4040 Erat
974 3997 1155 4042 autem
1183 3988 1234 4041 in
1267 3987 1561 4058 Ligusticis
1580 3990 1687 4043 illis
1708 3992 1917 4045 duabus
1944 3992 2175 4048 navibus

606 4077 1168 4146 ipsarunﬂprtefectus
1197 4087 1249 4132 et
1276 4080 1555 4144 dominus,
1582 4081 1665 4134 vir
1695 4082 1919 4149 nobilis,
1946 4085 2169 4140 dextero

606 4170 799 4233 rimus,
834 4178 1113 4233 strenuus,
1159 4170 1500 4233 commodus,
1525 4170 1763 4227 Joannes
1814 4172 2173 4238 Justinianus,

608 4262 846 4314 nomine.
880 4261 1050 4325 Quem
1084 4275 1209 4314 cum
1241 4261 1536 4331 imperator
1559 4264 1624 4316 ad
1653 4263 1833 4317 omnia
1877 4280 1999 4319 esse
2058 4266 2174 4319 ido-

2263 1805 2361 1856 καὶ
2388 1808 2445 1854 ὲν
2472 1802 2548 1872 τῷ
2591 1802 2692 1873 ᾄδῃ
2726 1802 2937 1865 ζῶντας
2970 1803 3353 1871 παρέπεμπον.
3388 1801 3580 1869 Ἐτεροι
3606 1798 3724 1851 δὲκαὶ

2265 1894 2403 1963 μετὰ
2430 1894 2803 1963 προαιρέσεως
2830 1894 2879 1945 oi
2929 1892 3095 1943 πλέον
3134 1893 3342 1960 ἰσχυροὶ
3386 1894 3471 1943 καί⁸
3512 1890 3724 1957 δυνάμενοι

2264 1990 2325 2039 ὲκ
2361 1987 2460 2055 τῆς
2491 1987 2663 2055 ὁρμῆς
2706 1988 2800 2038 καὶ
2828 1986 3066 2054 σπουδῆς
3098 1986 3227 2045 τοὺς
3259 1984 3627 2051 ἀσθενεστέρους
3648 1984 3725 2034 ἀντὶ

2265 2078 2475 2131 κλάδων
2513 2080 2607 2130 καὶ
2658 2078 2912 2148 χώματος
2943 2078 3204 2149 ἔρριπτον
3254 2076 3485 2146 ἀπηνῶς.
3514 2076 3641 2129 Ἀλλά
3669 2078 3726 2126 καὶ

2264 2169 2438 2223 ταῦτα
2476 2169 2759 2232 ποιοῦντες
2807 2170 2905 2223 οὐκ
2959 2170 3214 2224 ἐδύναντο
3245 2173 3430 2240 φυγεῖν
3459 2168 3663 2227 ἀϐλαϐεῖς
3688 2167 3727 2216 ἐκ

2265 2276 2323 2311 τε
2356 2259 2464 2311 τῶν
2500 2259 2830 2311 ὲλεϐολικῶν
2875 2260 2973 2312 καὶ
3003 2260 3445 2329 τζαγκρατόρων,
3473 2261 3551 2311 καὶ
3587 2261 3633 2309 ἐκ
3658 2256 3727 2307 τῶν

2265 2348 2463 2418 τειχῶν
2499 2348 2714 2418 βαρέων
2759 2350 2925 2403 λίθων
2974 2352 3507 2421 ἁποσφενδονούμενα
3548 2351 3589 2403 οί
3629 2350 3730 2400 ἐναν-

2267 2439 2373 2491 τίοι
2413 2440 2656 2509 αἰσχρῶς
2712 2440 2942 2495 ἔπιπτον
2996 2444 3092 2495 καὶ
3152 2444 3320 2497 πολλὰ
3367 2444 3731 2513 κατεπλήττοντο.

2268 2530 2363 2583 καὶ
2398 2532 2460 2583 ὲκ
2493 2532 2603 2583 τῶν
2645 2533 2934 2603 ἡμετέρων
2979 2536 3130 2597 τινὲς
3178 2534 3424 2596 ἀϐλαϐεῖς
3469 2535 3555 2587 οὐκ
3598 2532 3733 2584 ἐναπέ-

2273 2638 2454 2691 μενον.
2491 2622 2756 2692 Σύροντες
2795 2624 2853 2677 δὲ
2910 2625 3006 2677 καὶ
3042 2626 3144 2687 τὰς
3189 2626 3446 2689 ὲλεϐόλεις
3482 2623 3629 2677 αὐτῶν
3665 2621 3735 2678 ἕως

2270 2712 2374 2778 γῆς
2405 2712 2514 2764 τῶν
2543 2712 2792 2781 τάφρων,
2827 2715 2921 2765 καὶ
2947 2716 2981 2783 ή
3016 2716 3170 2785 μάχη
3222 2716 3317 2769 καὶ
3343 2717 3370 2768 ὁ
3412 2714 3608 2782 πόλεμος
3630 2711 3736 2777 καὶὴ

2272 2802 2565 2873 συμπλοκή
2630 2805 2906 2872 φρικαλέα
2970 2807 3213 2874 ἐγένετο.
3278 2809 3383 2860 Καὶ
3438 2809 3507 2869 είς
3547 2806 3651 2858 αὑτά
3671 2802 3740 2856 οὐκ

2272 2894 2442 2965 άγενῆ
2485 2890 2626 2965 ἦσαν
2679 2898 2773 2949 καὶ.
2823 2898 2892 2951 τὰ
2936 2899 3208 2969 ήμέτερα·
3256 2902 3347 2953 καὶ
3396 2898 3655 2967 θαυμαστὸν
3678 2889 3741 2962 ἦν.

2272 2988 2439 3057 χωρὶς
2465 2988 2759 3058 ἐμπειρίας
2794 2990 3035 3060 πολέμου
3069 2993 3225 3057 ὄντες
3253 2994 3350 3063 τὴν
3390 2993 3531 3061 νίκην
3552 2986 3665 3060 εἶχον
3685 2986 3746 3039 διὰ

2274 3078 2336 3129 τδ
2378 3079 2778 3150 μεγαλοψύχως
2825 3084 2919 3135 καὶ
2952 3084 3226 3151 γενναίως
3274 3085 3560 3154 ἐντυχόντες
3586 3079 3743 3133 ἐποίουν

2272 3171 2336 3223 τὸ
2370 3172 2509 3242 ὑπὲρ
2543 3173 2796 3245 δύναμιν.
2830 3176 2940 3230 Καὶ
2971 3178 3100 3241 τοὺς
3135 3178 3383 3250 τάφρους
3410 3173 3677 3246 ὲνεγέμιζον
3698 3169 3742 3223 δι’

2275 3368 2384 3409 non
2422 3353 2516 3408 diu
2544 3353 2851 3417 valuerunt.
2876 3363 3163 3426 propterea
3191 3358 3334 3427 quod
3365 3356 3508 3411 nobis
3529 3354 3648 3409 nulla
3667 3365 3747 3405 om-

2277 3445 2409 3498 nino
2429 3445 2584 3514 quies
2614 3445 3018 3500 concedebatur
3046 3461 3149 3501 nec
3194 3449 3549 3517 suppetebant,
3592 3438 3747 3512 quaead

2277 3548 2511 3603 pugnam
2563 3545 2616 3588 et
2647 3533 2990 3588 obsidionem
3038 3536 3377 3591 tolerandam
3412 3534 3671 3591 necessaria
3695 3544 3751 3583 es-

2280 3634 2420 3680 sent.
2456 3624 2722 3680 Moenibus
2762 3627 2928 3695 igitur
2963 3629 3244 3684 nonnullis
3284 3630 3415 3685 locis
3443 3643 3529 3697 per
3554 3623 3749 3693 helepoles

2277 3731 2331 3774 et
2358 3721 2646 3791 pyrobolas
2669 3721 2977 3785 concussis,
3002 3720 3190 3777 hostes
3211 3722 3388 3776 fossas
3415 3718 3662 3788 impleturi,
3682 3725 3753 3783 quo

2280 3813 2492 3869 facilem
2529 3814 2830 3882 ingressum
2861 3814 3125 3868 haberent
3153 3824 3209 3869 et
3243 3830 3338 3884 per
3369 3813 3602 3869 foramina
3622 3820 3755 3862 muro-

2278 3920 2398 3957 rum
2432 3914 2801 3974 penetrarent,
2826 3905 2918 3973 qui
2940 3906 3100 3974 primi
3141 3907 3379 3969 stabant,
3416 3897 3756 3976 iaculationibus

2233 4060 2238 4065 ἢ
2280 4002 2335 4048 et
2367 3995 2565 4063 pugnis
2607 4010 2707 4049 nos
2739 3995 3026 4049 vexabant.
3063 3994 3216 4049 inter
3247 3999 3347 4051 hos
3375 3995 3563 4049 medios
3581 3989 3657 4044 alii
3682 3996 3757 4038 ter.

2281 4102 2400 4140 ram
2436 4088 2487 4139 in
2524 4086 2700 4141 fossas
2725 4089 3092 4156 congerebant
3127 4097 3225 4142 aut
3252 4090 3465 4143 lrondes
3492 4086 3702 4140 arborum
3724 4083 3757 4128 cl

2282 4177 2439 4230 aliam
2479 4178 2787 4242 materiam,
2819 4178 3065 4232 nonnulli
3094 4179 3233 4234 adeo
3258 4180 3446 4234 ardore
3469 4172 3650 4243 abrepti
3677 4180 3755 4223 tert-

2284 4269 2420 4323 toria
2449 4285 2599 4353 sua:
2629 4279 2855 4338 eratque
2881 4270 3065 4325 videre
3088 4271 3290 4325 mirum
3326 4268 3670 4340 spectaculum,
3686 4272 3756 4328 quo

558 4385 560 4387 ›
610 4366 771 4403 neum
797 4348 1294 4414 animadvertisset,
1354 4351 1637 4405 tribunum
1698 4368 1823 4406 eum
1857 4364 1911 4409 et
1969 4355 2171 4423 ducum
2203 4373 2255 4433 ι)
2286 4374 2475 4413 eorum
2508 4348 2612 4413 non
2646 4361 2802 4428 pauci
2827 4361 3178 4416 multitudine
3204 4371 3258 4416 et
3289 4360 3393 4414 loci
3415 4356 3757 4428 angustiiscom-

611 4449 982 4495 trecentorum
1008 4440 1240 4492 militum
1280 4440 1515 4519 instituit
1559 4443 1843 4512 eidemque
1895 4446 1997 4498 alia
2029 4463 2177 4516 qua:-

608 4531 730 4582 dam
760 4529 883 4583 belli
915 4544 1142 4583 munera
1172 4529 1604 4585 administranda
1629 4535 1936 4597 commisit,
1978 4536 2179 4591 virtute

608 4620 726 4687 ejus
761 4634 1089 4688 magnopere
1121 4620 1274 4675 nisus
1307 4638 1321 4674 :
1355 4622 1447 4691 qui
1475 4638 1661 4678 revera
1708 4626 1762 4678 in
1810 4626 1909 4680 hac
1956 4628 2177 4695 prazfec-

610 4722 731 4766 tura
767 4728 865 4767 sua
893 4713 1131 4767 facinora
1163 4716 1420 4769 memoria
1453 4716 1614 4787 digna
1653 4720 1906 4787 patravit.

682 4808 907 4858 Anteros
941 4814 1225 4875 postquam
1243 4806 1539 4861 diffractam
1562 4809 1848 4877 helepolim
1868 4811 2016 4864 brevi
2042 4820 2178 4863 tem-

612 4911 743 4965 pore
804 4896 994 4950 refecit
1035 4896 1493 4967 iustauravitque,
1544 4899 1660 4954 dies
1695 4915 1758 4953 ac
1791 4910 1977 4952 noctes
2006 4901 2173 4953 vehe-

610 4996 817 5040 menter
851 5002 1038 5041 muros
1061 4996 1286 5055 quatere
1313 4998 1367 5042 et
1397 5004 1651 5058 maguum
1688 4991 1845 5043 nobis
1882 4991 2177 5043 tumultum

609 5079 833 5147 injicere
861 5080 1007 5133 omni
1046 5080 1172 5134 belli
1215 5096 1434 5150 genere,
1464 5081 1907 5149 jaculationibus,
1948 5081 2179 5149 proeliis,

606 5171 1056 5227 dimicationibus
1082 5172 1367 5226 acerrimis
1393 5188 1497 5226 non
1520 5173 1773 5235 cessavit,
1792 5182 2018 5240 eratque
2044 5171 2184 5224 mul-

607 5264 772 5330 tiplex
819 5264 947 5316 mali
982 5262 1171 5318 facies.
1209 5263 1391 5317 Nostri
1425 5264 1667 5331 quotidie
1720 5264 2001 5317 machinas
2028 5263 2183 5317 belli-

607 5369 700 5405 cas
734 5362 1033 5408 tractantes
1078 5365 1500 5423 spectantesque
1543 5368 1658 5415 eas,
1690 5368 1830 5423 quas
1864 5356 2048 5410 hostes
2082 5358 2181 5410 ha-

611 5445 831 5506 bebant,
862 5438 1058 5497 timore
1080 5454 1132 5498 et
1159 5444 1451 5499 formidine
1493 5447 1680 5508 soluti,
1710 5447 1996 5503 machinas
2020 5457 2072 5502 et
2098 5464 2183 5502 ar-

611 5545 690 5585 tes
722 5548 889 5587 novas
913 5536 1315 5603 excogitabant.
1347 5545 1397 5590 et
1432 5538 1677 5591 hostibus
1706 5537 1848 5592 haud
1874 5553 2063 5606 parum
2093 5539 2187 5592 de-

613 5624 853 5677 trimenti
894 5623 1211 5681 efferebant.
1248 5626 1516 5683 Caeterum
1556 5629 1861 5698 singulares
1900 5627 2005 5682 illa:
2039 5640 2183 5682 artes

2283 4451 2455 4519 pressi
2522 4451 2807 4517 cadebant,
2868 4460 2920 4505 et
2986 4454 3053 4506 ab
3104 4453 3192 4519 iis,
3229 4454 3322 4522 qui
3378 4450 3689 4519 sequebantur
3725 4446 3757 4489 tl

2280 4543 2571 4598 crudeliter
2602 4543 2927 4612 deﬁciebant
2958 4543 3101 4613 ligna
3134 4552 3188 4597 et
3214 4554 3410 4597 terram
3436 4540 3670 4599 effossam,
3693 4529 3757 4583 mi-

2281 4634 2581 4689 serabiliter
2630 4636 2898 4701 cooperti,
2953 4634 3058 4687 vivi
3110 4634 3174 4688 ad
3227 4635 3429 4689 inferos
3462 4627 3755 4685 mittebantur.

2284 4723 2537 4777 Nonnulli
2564 4726 2727 4777 etiam
2760 4726 2969 4778 viribus
3011 4725 3172 4778 validi
3202 4740 3263 4780 ac
3298 4722 3500 4779 robusti
3526 4735 3582 4774 ex
3614 4718 3757 4781 impelli

2281 4824 2336 4867 et
2362 4814 2708 4869 festinatione
2738 4816 3065 4871 infirmiores
3088 4819 3230 4872 ultro
3263 4832 3359 4885 pro
3384 4815 3539 4870 ramis
3567 4809 3636 4863 vel
3661 4812 3758 4856 lem

2284 4905 2503 4957 sawiter
2538 4905 2923 4958 detrudebant.
2961 4904 3064 4959 Sed
3101 4922 3224 4959 cum
3263 4907 3377 4960 haec
3421 4904 3647 4958 facerent.
3687 4901 3760 4943 0““

2285 5002 2533 5062 poterant
2558 4994 2692 5046 salvi
2727 4994 2964 5047 devitarc
2990 4994 3316 5063 helepolium
3347 5003 3398 5046 et
3428 4993 3625 5046 telorum
3652 4983 3761 5033 ictus.

2284 5096 2338 5141 ut
2372 5100 2400 5136 a
2442 5084 2736 5153 grandibus
2793 5085 2963 5147 saxis,
3008 5101 3131 5155 quin
3164 5086 3229 5140 de
3271 5099 3427 5139 muro
3465 5076 3760 5134 vibrabattlur.

2285 5176 2555 5239 cadebant
2578 5177 2807 5243 turpiter
2830 5175 3171 5245 multumque
3194 5174 3622 5228 vulnerabantur:
3640 5171 3765 5227 quan-

2288 5279 2447 5328 quam
2481 5264 2643 5315 etiam
2672 5264 2738 5315 de
2767 5265 2969 5317 noswis
2998 5264 3246 5317 nonnulli
3278 5277 3386 5316 non
3427 5255 3564 5313 illaesi
3603 5258 3765 5306 mante'

2290 5364 2433 5408 runt.
2460 5352 2767 5407 Traxerunt
2798 5364 2976 5407 tamen
3010 5354 3282 5421 helepoles
3299 5353 3365 5406 ad
3398 5363 3537 5404 orant
3559 5346 3710 5398 fossae.
3732 5339 3767 5382 εί

2288 5444 2598 5497 conflictum
2643 5460 2704 5499 ac
2735 5447 3072 5499 decertatum
3106 5457 3188 5502 est
3218 5443 3556 5498 borribiliter.
3582 5436 3639 5488 At
3664 5423 3767 5482 haud

2290 5536 2533 5588 imbelles
2566 5536 2737 5588 uestri
2775 5550 2834 5589 se
2869 5538 3235 5605 praebuerunt,
3268 5549 3332 5588 ac
3363 5531 3549 5586 mirum
3589 5528 3701 5581 erat.
3732 5520 3771 5563 υί

2291 5628 2433 5682 bello
2464 5628 2804 5683 inexercitati
2853 5628 3134 5685 victoriam
3169 5638 3342 5684 tamen
3394 5620 3710 5692 reportarem:
3734 5610 3773 5658 ει
