3916 6196
208 180 306 244 841

1154 171 1603 234 εΗιιοΝιεοΝ
1647 130 1921 229 Μλιυδ.
1959 192 2027 204 -
2070 166 2222 227 LIB.
2270 166 2383 224 In.

3347 158 3450 220 8ξὲ

219 288 349 355 ὅλης
377 284 477 353 τῆς
507 281 743 353 ἡμέρας,
786 283 943 351 ἡμεῖς
974 282 1029 335 δὲ
1061 282 1127 334 δι’
1159 284 1289 351 ὅλης
1318 285 1413 352 τῆς
1451 283 1648 344 νυκτὸς
1672 281 1771 341 τὰς
1804 283 1844 337 Α
1876 274 2136 342 ψευσθεὶς
2170 276 2275 328 ὑπὸ
2299 275 2396 337 τὰς
2427 274 2596 335 αὑτὰς
2623 272 2845 333 ἐλπίδας
2879 272 3043 341 ἕτερα
3086 270 3183 325 νέα
3217 273 3455 345 ὲφευρήο

218 394 351 442 tua;
375 376 472 432 καὶ
496 376 565 428 τὰ
594 374 726 441 ξύλα
758 373 1064 442 είλκίζομεν
1102 375 1325 428 ἔσωθενο
1360 376 1455 427 καὶ
1478 377 1534 427 al
1567 372 1788 443 ὀρύξεις

219 472 332 525 τῶν
397 469 625 537 τάφρων
666 468 1027 535 ὲναπέμειναν
1060 466 1135 530 ὼς
1169 467 1265 520 καὶ
1291 463 1360 535 ἦν
1388 466 1448 518 τὸ
1498 469 1779 535 πρότερον.

1890 368 2170 444 ματαοκαὶ
2206 369 2452 437 μηχανὰς
2492 368 2573 429 εἰς
2612 365 2934 433 πολιορκίαν
2970 365 3178 417 ἐποίει·
3206 365 3453 419 ἑλέπολιν

1887 458 1996 527 γὰρ
2033 456 2300 523 μεγίστην
2336 456 2567 525 ἔχουσαν
2601 455 2827 524 τροχοὺς
2855 454 3082 516 πολλοὺς
3124 456 3260 524 μετὰ
3284 454 3456 519 ξύλων

221 562 358 623 Τοὺς
410 559 467 612 δὲ
497 559 843 629 χαλάσαντας
882 559 1127 627 πύργους
1160 556 1287 627 χοῦν
1345 557 1482 625 μετά
1512 556 1786 624 σπυρίδων
1888 547 2129 616 χοντρῶν
2360 549 2756 609 κατεσκεύασε,
2810 546 3011 609 πλάτος
3054 547 3287 616 ἔχουσαν
3321 550 3455 601 πολὺ

220 654 577 723 βαστάζοντες
606 654 700 705 καὶ
732 653 967 718 ἀγγείων
1002 651 1227 716 ξυλίνων
1258 651 1399 704 οἴνου
1434 654 1530 704 καὶ
1562 652 1783 718 ἑτέροις
1889 642 1988 695 καὶ
2015 641 2169 710 ὕψος·
2206 643 2423 695 ἐνέδυσε
2470 643 2527 695 δὲ
2570 642 2751 711 αὐτὴν
2784 641 2987 696 ἔσωθεν
3030 643 3126 695 καὶ
3159 643 3359 706 ἔξωθεν
3394 645 3459 696 ἐκ

219 746 395 810 ξύλοις
429 745 583 806 αὖθις
620 744 1061 813 άνεκαινίζομεν.
1107 744 1167 797 '0
1199 744 1255 797 δὲ
1302 745 1527 812 ἀμηρᾶς
1563 743 1785 812 θεωρῶν

217 837 483 909 ᾐσχύνετο
542 837 630 891 διὰ
693 837 754 889 τὸ
823 839 923 907 τὴν
1002 835 1196 906 βουλὴν
1267 836 1433 889 αὑτοῦ
1504 836 1787 905 ἄπρακτον

217 927 380 1000 2M
406 928 611 998 μένειν,
649 929 740 980 καὶ
771 927 966 997 ἑτέραν
1005 928 1256 997 μηχανὴν
1285 927 1590 997 πολεμικὴν
1621 927 1790 979 θέλων

219 1022 447 1090 ποιῆσαι
475 1019 810 1088 προσέταξεν
847 1020 936 1072 ἵνα
973 1018 1172 1072 ἑλθωσί
1200 1036 1343 1081 τινες
1394 1019 1586 1087 ἄνδρες
1616 1021 1663 1071 oi
1699 1019 1787 1071 δυ-

200 1098 444 1183 ’νάμενοι
490 1112 665 1181 ὀρθῶς
703 1114 834 1165 ἰδεῖν
880 1112 978 1165 καὶ
1031 1113 1212 1164 ποιεῖν
1242 1115 1383 1174 ὀπὰς
1428 1113 1787 1180 ὑποκεκρυμ-

222 1210 392 1277 μένας
428 1208 677 1261 κάτωθεν
708 1206 807 1274 τῆς
831 1206 960 1275 γῆς,
991 1206 1142 1267 ὅπως
1176 1205 1244 1259 δι’
1274 1192 1475 1260 αὐτῶν’
1495 1208 1523 1257 ὀ
1555 1204 1789 1274 στρατὸς

221 1301 464 1363 εὐκόλως
522 1299 839 1352 εἰσέλθωσιν
881 1298 1031 1351 ἔνδον
1074 1300 1176 1364 τῆς
1222 1298 1454 1360 πόλεως.
1498 1298 1609 1351 Καὶ
1646 1297 1792 1350 κατὰ

221 1394 279 1447 τὸ
309 1392 653 1462 προσταχθὲν
683 1390 778 1444 ὑπ’
807 1390 972 1444 αὐτοῦ
999 1390 1237 1460 ἧρξαντο
1288 1391 1565 1459 ὀρύσσειν.
1602 1391 1791 1443 Ἰωάν-

222 1504 317 1555 νης
337 1486 395 1539 δέ
428 1503 512 1548 τις
542 1485 822 1555 Γερμανὸς
865 1484 1037 1553 ἄκρον
1085 1483 1401 1553 ἠσκημένος
1429 1484 1527 1546 τὰς
1559 1483 1653 1535 τοῦ
1693 1500 1792 1535 πο-

218 1578 389 1647 λέμου
429 1579 677 1647 μηχανὰς
706 1578 798 1629 καὶ
821 1577 919 1661 τὰς
940 1574 1035 1629 τοῦ
1063 1575 1232 1647 ὑγροῦ
1254 1576 1447 1645 πυρὸς,
1478 1577 1792 1639 ἑνωτισθεὶς
1827 1607 1868 1661 Β

220 1670 316 1740 τὴν
346 1670 617 1740 μηχανὴν,
649 1669 845 1739 ἑτέραν
862 1657 1002 1740 ὀπὴν
1031 1668 1282 1722 ἐναντίαν
1309 1668 1511 1736 ὀρύξας
1534 1670 1627 1721 καὶ
1653 1669 1791 1739 μετὰ

221 1761 389 1832 ὑγροῦ
452 1762 626 1832 πυρὸς
676 1762 1015 1831 τεχνηέντως
1071 1761 1436 1823 συσκευάσας,
1478 1762 1793 1831 ἐρχομένων

221 1856 327 1907 τῶν
354 1853 617 1923 Τούρκων
667 1853 755 1905 διὰ
807 1854 905 1922 τῆς
952 1852 1095 1916 ὀπῆς
1149 1853 1289 1921 μετά
1339 1854 1514 1923 χαρᾶς
1542 1854 1705 1917 αὐτὸς
1730 1856 1793 1907 τὸ

226 1947 337 2015 πῦρ
362 1946 576 2014 άνάψας
609 1945 671 1997 τὸ
713 1947 793 2006 εἰς
840 1944 941 2014 τὴν
988 1944 1235 1998 ἐναντίαν
1279 1944 1610 2016 ὼρυγμένην
1659 1944 1791 2016 παρ’

220 2035 381 2089 αὐτοῦ
422 2036 561 2103 ὀπὴν
621 2034 851 2096 πολλοὺς
898 2032 957 2097 ἐξ
985 2033 1168 2086 αὐτῶν
1213 2034 1521 2087 κατέκαυσε
1565 2035 1658 2087 καὶ
1689 2036 1792 2097 τὰς

220 2126 413 2196 τέχνας
465 2125 647 2178 αὗτῶν
683 2126 761 2187 είς
801 2124 952 2178 οὐδὲν
1009 2125 1311 2189 ἀπέδειξεν·
1368 2126 1507 2194 ὀπὴν
1550 2125 1609 2178 δὲ
1664 2128 1792 2193 μίαν

168 2265 177 2269 -
220 2214 477 2268 ἐναντίων
510 2214 538 2265 ὁ
582 2213 843 2278 γεννάδας
874 2214 1153 2284 Γερμανὸς
1183 2214 1366 2268 λαθὼν
1391 2216 1490 2284 οὐχ
1515 2208 1690 2285 εὗρεν.
1727 2216 1792 2269 Ul

220 2304 456 2372 Τοῦρκοι
487 2305 544 2356 δὲ
571 2306 666 2359 καὶ
701 2305 853 2358 αὐτοὶ
877 2305 938 2357 τό
968 2306 1135 2375 ὑγρὸν
1156 2305 1267 2375 πῦρ
1299 2306 1534 2375 ἀνῆψαν,
1561 2307 1590 2360 ὃ
1617 2324 1793 2378 προηο

218 2398 512 2465 τοίμασαν,
539 2396 679 2467 πλὴν
705 2398 857 2449 οὐδὲν
890 2396 1283 2467 κατώρθωσαν·
1316 2398 1530 2468 πύργου
1554 2398 1611 2451 δέ
1646 2417 1792 2463 τινος

220 2488 385 2557 μόνον
410 2488 648 2541 παλαιοῦ
667 2488 848 2555 ὀλίγον
878 2486 1043 2557 μέρος
1070 2488 1134 2541 ἐκ
1159 2487 1255 2541 τοῦ
1277 2489 1477 2558 κρότου
1500 2489 1594 2542 τοῦ
1619 2491 1790 2561 πυρὸς

215 2579 438 2643 ἔπεσεν,
471 2578 530 2631 ὀν
553 2579 714 2647 ἡμεῖς
742 2577 905 2635 εὐθὺς
926 2578 1373 2646 ἁνεκαινίσαμεν.
1398 2572 1581 2631 Ἦσαν
1611 2579 1666 2631 δὲ
1697 2579 1789 2630 καί

217 2688 370 2735 τινες
398 2669 625 2741 γηραιοὶ
664 2670 715 2722 οἶ
754 2668 943 2735 ελεγον
974 2668 1056 2721 δτι
1086 2668 1181 2723 καὶ
1214 2670 1261 2721 οἱ
1297 2669 1529 2723 ἐναντίοι
1576 2672 1634 2722 ὲν
1669 2670 1787 2722 ἑτέ-

220 2780 347 2832 ραις
384 2762 585 2831 μάχαις
615 2759 774 2813 τοῦτο
807 2758 1054 2829 ἔπραξαν
1082 2759 1179 2812 καὶ
1195 2759 1350 2813 οὐδὲν
1384 2759 1790 2829 ὲκατώρθωσαν

214 2854 301 2909 διὰ
337 2854 401 2908 τὸ
427 2855 488 2907 τὸ
526 2852 708 2908 πλεῖον
737 2854 908 2923 μέρος
932 2852 1033 2920 τῆς
1061 2852 1271 2915 πόλεως
1297 2853 1654 2907 ὑποκάτωθεν
1677 2850 1789 2907 τῶν

1892 733 2077 803 τρίτου
2127 733 2264 801 μετὰ
2312 733 2591 801 βουϐάλων
2628 734 2724 786 κοιλ⁸
2778 732 2913 801 βοῶν
2945 733 3154 802 δορῶν,
3193 734 3287 786 καὶ
3320 734 3461 802 πύρ-

1892 841 2024 891 γους
2054 821 2199 893 εἷχεν
2234 824 2441 878 ἄνωθεν
2478 826 2572 875 καὶ
2613 824 3117 892 παραπετάσματα,
3142 824 3460 894 ὰναὸάθρσς

1892 917 1986 969 καὶ
2034 915 2393 982 καταϐάθρας
2415 956 2429 975 ,
2459 915 2545 966 ἵνα
2600 917 2661 966 οὐ
2713 914 3077 983 δυνησώμεθα
3109 918 3233 979 τοὺς
3257 917 3461 969 ἔσωθεν

1892 1006 2063 1075 αὐτῆς
2094 1007 2377 1074 βλάπτειν.
2414 1002 2541 1072 Εἶχε
2560 1006 2620 1057 δὲ
2650 1006 2821 1057 καὶτὸ
2852 1004 3052 1068 ἔξωθεν
3089 1008 3251 1075 μέρος
3281 1010 3463 1077 ἠνοιγ-

1898 1099 2083 1165 μένον,
2115 1099 2203 1151 ἵνα
2256 1100 2452 1168 ρᾳδῖως
2514 1101 2878 1167 εἶσέρχωνται
2926 1101 3018 1151 καὶ
3050 1100 3376 1168 ἐξέρχωνται
3413 1101 3463 1151 οἱ

1896 1189 2235 1257 βουλόμενοι.
2275 1189 2427 1241 Κατὰ
2456 1188 2511 1241 δὲ
2539 1190 2598 1239 τὸ
2640 1189 2807 1258 μέρος
2837 1188 2906 1240 δι’
2940 1182 2999 1241 οὗ
3030 1188 3256 1256 ἔμελλον
3291 1188 3465 1240 ἐλθεῖν

1895 1282 1952 1331 ὲν
2000 1280 2077 1349 τῷ
2124 1279 2423 1350 ὀρύγματι,
2463 1277 2574 1349 εἷχε
2614 1281 2791 1342 πύλας
2822 1282 2971 1349 τρεῖς
3021 1280 3264 1348 μεγάλας
3323 1284 3465 1348 μετὰ

1896 1372 2443 1440 παρασκεπάσματος
2478 1372 2725 1439 σφοδρῶς
2769 1371 3143 1441 ἐνδεδυμένας,
3188 1372 3263 1435 ὼς
3312 1371 3465 1423 stato-

1900 1480 2022 1530 μεν.
2053 1460 2210 1532 Εἶχον
2241 1463 2297 1515 δὲ
2326 1464 2529 1517 ἔσωθεν
2553 1464 2649 1516 καὶ
2674 1462 2939 1517 κύκλοθεν
2972 1465 3080 1517 πᾶν
3109 1464 3340 1534 ὄργανον
3374 1466 3466 1517 καὶ

1895 1561 2093 1627 τέχνην
2134 1559 2443 1628 πολεμικὴν
2471 1561 2565 1612 καὶ
2598 1558 2798 1619 πολλὰς
2854 1558 2987 1620 ῦλας
3037 1560 3130 1611 καὶ
3180 1558 3333 1623 ξύλα,
3379 1558 3467 1610 ἵνα

1905 1650 2137 1720 ρίψωσιν
2192 1653 2250 1702 ὲν
2314 1650 2393 1718 τῷ
2448 1651 2640 1718 τάφρῳ
2676 1652 2732 1701 ὲν
2781 1648 2857 1718 τῷ
2902 1651 3233 1720 προσήκοντι
3264 1647 3463 1716 καιρῷ,

1900 1743 2046 1803 ὅπως
2075 1741 2275 1811 ῥᾳδίως
2300 1740 2615 1793 εἰσέλθωσιν
2634 1755 2649 1769 ·
2685 1737 2831 1809 εἶχον
2851 1740 2908 1792 δὲ
2938 1739 3211 1808 κλίμακας
3234 1736 3466 1806 ἐχούσας

1902 1829 2001 1892 τὰς
2050 1829 2320 1898 βαθμίδας
2351 1829 2711 1898 μηρινθὼδεις
2748 1829 3197 1897 ὑποχαλουμένας
3242 1827 3328 1879 διὰ
3372 1826 3468 1879 κάη

1901 1921 2030 1984 λων,
2064 1922 2160 1972 καὶ
2191 1919 2349 1981 αὖθις
2377 1916 2512 1988 ᾖρον
2544 1919 2676 1987 μίαν
2711 1919 2789 1982 εἰς
2836 1917 2993 1986 ὕψος.
3030 1917 3466 1987 Προσδεδομὲνης

1901 2013 2013 2073 τοῖς
2054 2012 2263 2081 τείχεσι
2292 2011 2386 2065 καὶ⁸
2415 2011 2598 2078 πάσης
2632 2011 2826 2078 ἐτέρας
2870 2010 3142 2078 μηχανῆς,
3170 2010 3236 2078 ἦν
3267 2009 3469 2077 ἡδυνήο

1903 2103 1972 2172 θη
2013 2104 2307 2174 ἀνθρώπου
2369 2104 2494 2168 νοῦς
2546 2104 2761 2171 νοῆσαι,
2795 2102 2870 2163 ὼς
2916 2101 3018 2153 οὐκ
3049 2099 3277 2169 ἤλπιζεν
3315 2099 3472 2167 βασιι

1900 2196 2026 2258 λεύς
2082 2213 2236 2259 ποτε,
2289 2196 2389 2248 οὐκ
2444 2195 2674 2263 ἐποίησε
2707 2193 2804 2246 τοῦ
2837 2192 3043 2245 ἁλῶσαι
3087 2194 3150 2243 τὸ
3181 2191 3469 2261 φρούριον.

1900 2288 2240 2357 Ποιήσαντες
2276 2286 2333 2339 δὲ
2359 2283 2475 2338 ’καὶ
2500 2287 2559 2337 ὲν
2590 2284 2803 2353 ἑτέροις
2830 2284 3052 2353 μέρεσιν
3081 2282 3294 2350 ἁμάξας
3331 2283 3472 2351 μετᾶ

1901 2378 2172 2430 πλείστων
2203 2374 2433 2445 τροχῶν,
2462 2378 2555 2427 καὶ
2582 2374 2789 2429 ἄνωθεν
2832 2373 2908 2434 ὼς
2949 2371 3218 2440 πύργους,
3246 2373 3339 2424 καὶ
3370 2373 3471 2424 αὺ-

1898 2467 1979 2520 τοὶ
2033 2465 2376 2533 ἐνδεδυμένοι
2426 2465 2487 2517 ὃν
2518 2465 2740 2535 ,τρόπον
2787 2464 3034 2533 εἴπομεν.
3086 2463 3346 2531 Ἔχοντες
3374 2464 3472 2515 καὶ

1899 2558 2055 2612 αὐτοὶ
2110 2556 2371 2619 πλείστας
2422 2556 2668 2626 μηχανὰς
2730 2555 3276 2617 κατασκευασθείσας
3333 2555 3471 2624 μετὰ

1896 2650 1994 2704 τοῦ
2042 2648 2212 2719 ὑγροῦ
2266 2648 2438 2719 πυρὸς
2473 2648 2567 2702 καὶ
2623 2650 2682 2700 ὲν
2738 2650 2839 2717 μιᾷ
2868 2647 2987 2718 ὥρα
3036 2648 3342 2717 ἡτοίμασαν
3386 2648 3472 2699 ῖνα

1897 2744 2101 2807 πάντες
2131 2743 2228 2812 τὴν
2264 2741 2530 2814 σύρῤηξιν
2579 2741 2697 2809 ἃμα
2748 2742 3081 2810 ποιήσωσιν.
3114 2742 3224 2793 Καὶ
3251 2740 3470 2811 πρῶτον

1901 2835 2001 2905 μὲν
2027 2834 2195 2907 246
2228 2834 2369 2902 μετὰ
2416 2831 2516 2901 τῆς
2548 2832 2785 2901 φοὸερᾶς
2820 2833 3033 2900 ἐκείνης
3060 2831 3348 2893 ὲλεὸόλεως
3379 2830 3472 2884 τύο

214 2947 422 3018 τειχῶν
466 2922 923 3017 πετρῶδεςεϊναι.
969 2945 1207 3015 Σιραλελς
1244 2944 1302 2997 δὲ
1348 2945 1378 2997 ὀ
1423 2946 1647 3016 ἀμηρᾶς
1692 2944 1787 2999 καὶ
1816 2947 1859 3006 C
1895 2933 2097 2997 φάντες
2129 2925 2375 2997 σφοδρῶς
2401 2922 2638 2995 ἔρριψαν
2685 2924 2766 2984 εἷς
2792 2922 2987 2990 ἔδαφος
3027 2923 3108 2975 τδν
3139 2922 3349 2991 πύργον
3377 2923 3470 2975 τὶν

220 3140 427 3197 magno
451 3125 631 3179 animo
650 3132 703 3179 et
729 3137 989 3193 generose
1014 3138 1074 3179 se
1103 3124 1426 3194 objicientes
1459 3138 1621 3195 supra
1648 3126 1794 3181 vires

217 3215 560 3271 laborarent.
598 3216 789 3283 Itaque
819 3228 945 3269 cum
1002 3212 1080 3267 illi
1117 3222 1230 3268 toto
1257 3213 1347 3270 die
1385 3212 1562 3270 fossas
1605 3215 1799 3285 imple-

215 3314 373 3369 rent,
400 3305 578 3358 nostri
614 3311 724 3359 tota
755 3313 919 3358 nocte
945 3304 1252 3369 materiem,
1284 3312 1509 3371 terram,
1537 3305 1683 3375 ligna
1709 3306 1799 3360 in-

219 3408 305 3454 tro
346 3397 668 3467 egerebant,
707 3397 852 3452 unde
882 3396 1044 3453 fossa
1078 3403 1419 3463 manserunt,
1454 3398 1645 3467 quales
1671 3406 1798 3453 ante

220 3489 468 3543 fuerant.
506 3487 708 3544 Turres
730 3496 911 3543 autem
934 3502 1231 3543 concussas
1259 3489 1427 3543 humo
1454 3489 1508 3542 in
1540 3489 1799 3545 corbibus

216 3590 271 3634 et
298 3579 456 3633 vasis
490 3578 684 3649 ligneis
716 3577 944 3633 vinariis
966 3590 1183 3649 aggesta
1211 3580 1566 3649 trabibusque
1591 3581 1798 3634 instau-

222 3669 443 3723 rabant.
466 3666 597 3734 Quae
619 3683 740 3723 cum
768 3667 1227 3723 animadverteret
1243 3683 1477 3734 ameras,
1505 3669 1796 3723 erubesce-

222 3761 341 3822 bat,
396 3758 543 3826 quod
607 3758 895 3814 consilium
950 3773 1111 3813 suum
1134 3769 1335 3814 eventu
1366 3768 1596 3824 careret,
1635 3766 1797 3828 atque

223 3849 393 3903 aliam
420 3848 687 3907 rationem
713 3856 1067 3917 experturus,
1097 3850 1410 3920 imperavit,
1436 3859 1497 3905 ut
1519 3850 1795 3912 adessent,

224 3942 319 4010 qui
362 3950 511 3996 recto
542 3939 747 4008 judicio
800 3940 1085 3994 oculorum
1116 3950 1400 3996 uterentur
1428 3950 1483 3995 et
1511 3940 1797 3997 cuniculos

224 4046 391 4103 agere
424 4031 706 4096 callerem,
743 4046 839 4100 per
889 4046 1030 4100 quos
1068 4034 1347 4087 exercitus
1398 4032 1560 4087 facile
1605 4033 1795 4087 urbem

228 4126 439 4179 intrare
464 4134 655 4193 posset
678 4140 692 4176 :
718 4132 1111 4193 coeperuntque
1174 4124 1249 4175 ad
1273 4122 1647 4189 praescriptum
1678 4123 1797 4192 ejus

227 4216 441 4272 fodere.
488 4218 557 4271 At
583 4214 823 4272 Joannes
853 4215 1075 4285 quidam
1124 4214 1432 4269 Germanus
1464 4213 1521 4267 in
1552 4223 1797 4269 tractan~

1898 3108 2142 3163 haberet.
2176 3107 2283 3177 Spe
2311 3106 2476 3176 igitur
2503 3107 2691 3175 lapsus
2713 3116 2766 3162 et
2794 3108 3091 3161 frustratus
3121 3121 3334 3160 ameras
3362 3107 3467 3162 alia

1898 3215 2037 3256 nova
2076 3201 2293 3255 inventa
2327 3209 2383 3255 et
2415 3199 2703 3254 machinas
2728 3200 2794 3254 ad
2823 3199 3242 3268 expugnandam
3278 3192 3465 3254 urbem

1899 3291 2168 3348 adhibuit.
2200 3290 2496 3361 llelepolim
2523 3291 2843 3357 maximam,
2874 3291 3060 3345 multis
3083 3292 3217 3346 rotis
3254 3300 3471 3347 susten«

1899 3394 2031 3449 tam,
2063 3383 2118 3437 in
2153 3383 2349 3452 primis
2391 3382 2556 3436 latam
2584 3392 2638 3437 et
2663 3383 2851 3446 altam,
2891 3381 3052 3452 lignis
3080 3382 3358 3449 instruxit,
3383 3393 3469 3438 at-

1899 3490 2007 3544 que
2063 3476 2212 3531 intus
2241 3485 2292 3531 et
2322 3485 2478 3530 extra
2531 3474 2806 3544 triplicalo
2856 3475 3010 3529 corio
3048 3475 3365 3530 bubalorum
3417 3486 3472 3531 et

1901 3568 2067 3621 boum
2089 3566 2291 3621 induit.
2324 3566 2570 3621 Habebat
2596 3567 2784 3622 eadem
2815 3576 3241 3636 superneturrcs
3259 3578 3311 3621 et
3331 3568 3470 3628 vela,

1899 3673 2157 3714 ascensus
2190 3660 2317 3714 item
2368 3666 2423 3713 et
2455 3658 2775 3724 descensus,
2810 3673 2878 3712 ne
2911 3659 3005 3727 qui
3050 3658 3194 3712 intus
3229 3671 3413 3713 essent
3440 3676 3472 3712 ιι

1902 3751 2062 3805 nobis
2087 3759 2305 3819 possent
2328 3750 2473 3804 lanii.
2503 3750 2726 3804 Patebat
2751 3766 2916 3819 porro
2948 3751 3118 3813 foras,
3146 3760 3205 3803 ut
3233 3752 3324 3819 qui
3363 3750 3475 3803 vcl-

1901 3843 2034 3904 lent,
2071 3842 2227 3896 facile
2276 3852 2329 3896 et
2356 3842 2564 3911 ingredi
2594 3851 2648 3895 et
2677 3843 2856 3908 egredi
2890 3853 3133 3908 possent.
3166 3842 3224 3894 In
3279 3856 3341 3895 ea
3369 3856 3473 3894 au-

1903 3942 2007 3986 tem
2041 3938 2218 4000 parte,
2244 3946 2346 3999 qua
2392 3930 2446 3984 in
2486 3929 2691 3987 fossam
2724 3931 2927 3983 intrare
2959 3932 3176 3992 vellent.
3215 3941 3324 3985 tres
3357 3946 3473 3983 ma-

1901 4036 2018 4092 gna:
2051 4031 2221 4091 porta:
2263 4032 2452 4084 erant,
2500 4031 2843 4090 tegumento,
2902 4032 2961 4074 ut
3001 4022 3260 4084 diximus,
3305 4022 3474 4089 probe

1901 4116 2148 4168 obtectam
2185 4113 2241 4167 In
2284 4113 2697 4169 circnitu‘intus
2744 4121 2797 4165 et
2826 4122 2978 4165 extra
3010 4113 3270 4180 disposita
3314 4123 3473 4165 erant

1904 4206 2088 4261 omnia
2113 4220 2307 4273 genera
2334 4205 2649 4260 bellicorum
2675 4204 3163 4258 instrumentorum
3187 4213 3239 4257 et
3260 4204 3472 4258 machi-

226 4309 314 4364 dis
365 4306 580 4363 bellicis
611 4306 879 4362 machinis
926 4314 979 4360 et
1020 4305 1143 4375 igne
1175 4304 1364 4359 Graeco
1404 4303 1797 4360 exercitatissi-
1827 4293 1877 4353 Ι)
1905 4309 2120 4359 narum,
2147 4295 2390 4350 materia:
2416 4305 2469 4350 et
2504 4296 2775 4363 lignorum
2804 4310 2996 4364 magna
3029 4295 3208 4363 c0pia,
3233 4310 3349 4364 quae
3379 4312 3474 4365 op-

227 4416 378 4466 mus,
394 4414 523 4453 cum
546 4396 1020 4454 animaduertisset
1046 4395 1264 4451 illorum
1294 4396 1608 4461 consilium,
1632 4395 1797 4451 alium

228 4491 551 4547 cuniculum
592 4489 926 4545 contrarium
989 4487 1262 4557 agendum
1322 4495 1378 4541 et
1434 4487 1557 4557 igne
1610 4487 1800 4542 Graeco

229 4581 532 4637 artificiose
579 4578 911 4647 implendum
943 4578 1177 4641 curavit,
1212 4576 1515 4645 Turcisque
1560 4577 1678 4632 laete
1705 4592 1804 4645 per

231 4671 554 4726 cuniculum
606 4667 1050 4739 procedentibus,
1100 4666 1218 4735 ipse
1246 4666 1302 4719 in
1333 4666 1509 4719 altero
1535 4678 1565 4717 a
1599 4680 1659 4720 se
1682 4675 1804 4719 acto

230 4762 497 4817 cunicqu
519 4774 751 4814 accenso
784 4760 930 4828 igne,
956 4757 1156 4812 multos
1191 4771 1380 4811 eorum
1406 4756 1613 4812 exussit
1636 4770 1805 4825 Opus-

230 4869 347 4922 que
408 4853 477 4905 ad
510 4850 741 4906 nihil-um
770 4848 994 4917 redegit.
1038 4848 1192 4903 Unus
1226 4855 1406 4901 tamen
1437 4845 1675 4899 hostium
1706 4858 1805 4898 cu-

230 4941 456 4995 niculus
476 4954 795 5008 generosum
817 4938 970 4992 illum
992 4937 1320 4991 Germanum
1342 4935 1522 4989 latuit.
1548 4934 1806 5003 Ipsiquo—

232 5050 343 5103 que
373 5034 569 5085 Turca:
620 5030 761 5085 idem
793 5044 963 5100 genus
1002 5016 1143 5097 ignis
1173 5034 1508 5096 pararuntet
1538 5025 1804 5080 accende-

235 5134 389 5185 "aut,
421 5122 514 5176 sed
557 5121 689 5174 nihil
743 5118 1089 5189 profecerunt
1123 5136 1138 5183 ;
1170 5116 1274 5170 nisi
1330 5116 1477 5184 quod
1511 5115 1676 5169 unius
1707 5129 1804 5168 ve-

249 5224 403 5271 dsta:
435 5216 603 5269 turris
633 5226 799 5281 parva
828 5225 955 5280 pars
983 5224 1049 5263 ex
1080 5208 1239 5274 pulsu
1272 5206 1481 5261 incensi
1508 5206 1649 5274 ignis
1678 5220 1806 5259 conv

238 5308 398 5370 cidit,
429 5321 593 5375 quam
621 5314 802 5359 tamen
834 5303 1017 5359 statim
1043 5299 1485 5355 instauravimus.
1518 5298 1682 5352 Erant
1705 5313 1805 5351 au-

238 5409 353 5453 tem
386 5412 546 5452 senes
573 5396 813 5466 quidam,
858 5394 951 5463 qui
988 5393 1254 5455 dicerent,
1290 5392 1476 5446 hostes
1516 5390 1654 5444 idem
1685 5398 1806 5442 ten-

238 5497 394 5542 tasse
424 5487 547 5541 altis
574 5487 626 5539 in
662 5485 815 5540 bellis
859 5499 959 5538 nec
988 5483 1282 5553 quidquam
1314 5478 1637 5550 profecisse,
1662 5478 1804 5545 quod

239 5586 421 5649 major
448 5578 602 5634 urbis
644 5592 770 5645 pars
820 5576 1006 5631 subter
1060 5588 1248 5628 muros
1303 5572 1479 5627 solum
1544 5585 1801 5626 saxosum

576 5673 849 5734 Ρηιιοι..
894 5674 1008 5733 GR.
1046 5667 1230 5733 CLVI

1904 4395 2140 4454 portuno
2170 4396 2414 4455 tempore
2452 4386 2527 4440 in‘
2560 4386 2761 4442 fossam
2804 4386 3121 4455 dejicerent,
3157 4402 3264 4455 quo
3300 4388 3471 4439 habe-

1906 4485 2025 4530 rent
2057 4477 2284 4531 aditum.
2317 4476 2601 4532 Habebant
2654 4478 2829 4532 scalas
2887 4475 3147 4545 gradibus
3203 4481 3469 4548 stuppeis.

1906 4580 2028 4634 quae
2080 4580 2176 4634 per
2212 4565 2370 4621 funes
2425 4568 2849 4622 demittebantur
2884 4578 2937 4622 et
2971 4584 3160 4622 rursus
3209 4570 3263 4622 in
3300 4571 3469 4624 altum

1906 4658 2283 4712 trahebantur.
2312 4659 2757 4715 Admovebantur
2782 4662 3051 4716 nitenihus
3069 4673 3325 4730 praeterea
3355 4663 3476 4717 alia:

1908 4763 2100 4803 omnes
2136 4750 2426 4814 machina,
2472 4766 2609 4819 quas
2663 4754 2975 4821 excogitare
3031 4768 3184 4807 mens
3239 4754 3476 4806 humana

1908 4851 2107 4910 potest,
2138 4843 2331 4911 quales
2361 4857 2640 4910 nunquam
2667 4844 2911 4897 visurum
2941 4859 2998 4898 se
3025 4860 3145 4898 esse
3166 4855 3479 4913 speraverat

1909 4933 2207 4999 imperator
2271 4950 2371 4988 nec
2406 4934 2472 4988 ad
2539 4935 2865 5003 capiendum
2917 4936 3199 4990 castellum
3255 4936 3475 5004 aliquod

1910 5023 2027 5091 ipse
2048 5021 2269 5077 fecerat.
2306 5022 2581 5078 Fabricati
2615 5036 2743 5079 sum
2766 5024 2927 5078 etiam
2953 5025 3076 5078 aliis
3103 5024 3155 5076 in
3185 5024 3320 5076 locis
3346 5040 3477 5076 cur-

1911 5132 2008 5171 rus
2037 5116 2169 5170 rotis
2207 5117 2494 5185 permultis
2522 5124 2575 5172 et
2610 5132 2847 5185 superne
2891 5117 3130 5169 turribus
3180 5115 3476 5168 instructos

1911 5216 1965 5260 et
2004 5221 2089 5271 eo,
2130 5223 2239 5275 quo
2258 5206 2523 5271 diximus,
2558 5207 2719 5260 modo
2746 5208 3006 5269 munitos,
3038 5220 3273 5270 cumque
3305 5204 3479 5269 etipsi

1913 5298 2198 5351 machinas
2233 5298 2500 5364 plurimas
2525 5298 2786 5350 haberent
2820 5297 2962 5363 igne,
2997 5296 3088 5363 qui
3122 5308 3230 5347 non
3264 5294 3477 5347 exstin-

1909 5386 2481 5455 guitur,repletos,has
2504 5394 2910 5453 compararunt,
2932 5396 2989 5437 ut
3010 5398 3113 5437 una
3137 5398 3328 5437 omnes
3349 5385 3482 5436 hora

1906 5477 2243 5546 eruptionem
2279 5474 2539 5529 facerent.
2578 5476 2653 5528 Ac
2708 5476 2943 5543 primum
2976 5475 3194 5545 quidem
3228 5474 3470 5544 ingentis

1909 5568 2053 5625 illius
2086 5566 2342 5634 helepolis
2376 5568 2533 5637 pulsu
2576 5577 2778 5622 turrem
2837 5582 3006 5639 prope
3054 5576 3262 5637 portam
3303 5558 3483 5621 sancti

3088 5662 3168 5725 2'1
