3920 6188
461 137 566 197 ςιι

1684 128 2022 191 GEORGII
2066 129 2492 192 ΡΙΙΒΑΝΤΖᾹΞ

3560 142 3662 204 8ᾇῖ

460 254 689 323 πλησίον
720 253 820 321 τῆς
854 250 1028 321 πύλης
1058 248 1151 302 τοῦ
1184 246 1341 315 ἁγίου
1384 246 1690 317 Ῥωμαινοὶ
1730 247 1826 300 καὶ
1854 245 2017 309 εὐθὺς
2048 250 2092 306 Α
2121 246 2231 300 διον
2263 248 2489 318 εὕρωσι,
2529 245 2621 301 καὶ
2654 248 2860 312 ἰδόντες
2910 250 3010 310 τὰς
3063 249 3286 313 ἐλπίδας
3309 249 3491 303 αὐτῶν
3524 256 3673 316 κενάς

456 347 556 417 τὴν
584 344 831 397 ἑλέπολιν
856 343 1072 411 ἐκείνην
1104 340 1373 411 σύραντες
1404 338 1645 419 ἔστησαν
1680 337 1889 417 ἄνωθεν
1926 338 2020 390 τοῦ

456 439 791 507 ὀρύγματος.
845 433 954 487 Kal
983 434 1017 501 ἡ
1063 431 1213 503 μάχη
1247 431 1341 483 καὶ
1379 432 1413 501 ἡ
1469 428 1759 499 συμπλοκὴ
1804 429 2023 481 νοσιαία

461 530 555 581 καὶ
583 525 858 598 φρικαλέα
885 524 1153 593 ἐγεγόνειο
1203 519 1272 594 ἦν
1304 522 1361 577 δὲ
1393 522 1522 593 πρὶν
1574 520 1665 574 τὸν
1713 521 1863 591 ἥλιον
1892 521 2023 576 ἁνα-

456 619 667 681 τεῖλαι,
711 618 805 671 καὶ
847 616 917 669 δι’
965 616 1097 684 ὅλης
1153 615 1254 684 τῆς
1308 616 1525 684 ἡμέρας
1574 614 1867 681 ἐκράτησε.
1908 610 2022 666 Kal

458 710 588 761 ποτέ
628 707 730 777 μὲν
763 709 821 759 ἐν
853 706 1012 776 μέρει
1044 705 1144 773 τὴν
1196 704 1518 773 συμπλοκὴν
1551 704 1648 756 καὶ
1677 703 1775 773 τὴν
1817 702 2023 771 σύρρη-

457 804 537 866 ξιν
572 782 809 871 ἰσχυρῶς
836 797 1196 869 ἠγωνίζοντο,
1228 796 1363 849 ποτὲ
1412 797 1469 849 δὲ
1500 798 1556 850 ὲν
1599 796 1753 865 μέρει
1784 794 1853 847 τὰ
1888 795 2023 859 ξύλα

453 891 551 945 καὶ
579 892 676 953 τὰς
715 888 845 951 ὔλας
878 890 973 942 καὶ
997 885 1229 957 χώματα
1257 886 1324 939 τὰ
1359 886 1689 949 ἐσωθεντῆς
1722 885 2020 949 ἑλεπόλεως

348 984 351 985 ⁷
453 986 509 1035 ἑν
568 982 646 1051 τῷ
694 979 887 1050 τάφρῳ
928 978 1212 1050 ἔρριπτον
1263 976 1360 1029 καὶ
1408 977 1470 1028 ἐκ
1519 975 1611 1028 τοῦ
1670 975 2021 1044 χαλάσματος

454 1075 546 1128 τοῦ
580 1075 792 1140 πύργου
843 1070 1001 1139 ὓλην,
1030 1070 1126 1121 καὶ
1149 1068 1209 1133 ἐξ
1239 1063 1313 1122 ὧν
1344 1069 1544 1120 ἐκεῖνοι
1582 1066 1868 1138 έρῤιπτον,
1900 1067 2021 1120 ὁδὸν

454 1167 673 1220 εὐθεῖαν
718 1164 906 1225 αὐτοῖς
940 1162 1326 1232 ᾠκονόμησαν.
1361 1159 1631 1229 Τυχόντες
1665 1158 1762 1212 καὶ
1801 1161 1849 1212 ol
1881 1160 2019 1227 ἡμέ-

452 1276 601 1329 τεροι
653 1256 919 1325 γενναίως
981 1253 1182 1315 αὐτοὺς
1236 1251 1644 1320 ἀπεμπόδιζον,
1676 1251 1770 1304 καὶ
1815 1252 1876 1302 ὲκ
1910 1251 2019 1302 τῶν

452 1350 738 1417 κλιμάκων
760 1346 1021 1408 πολλάκις
1050 1344 1247 1406 αὐτοὺς
1273 1342 1712 1413 άπεκρήμνιζον,
1747 1342 1841 1394 καί
1864 1358 2018 1403 τινας

452 1444 727 1511 κλίμακας
791 1440 1007 1505 ξυλίνας
1062 1436 1412 1505 κατέκοψαν,
1472 1435 1566 1488 καὶ
1625 1435 1910 1504 καρτερῶς
1968 1433 2017 1485 οί

452 1533 685 1587 ἐναντίοι
713 1529 975 1591 πολλάκις
1019 1531 1084 1599 τῇ
1122 1527 1307 1599 ἡμέρα
1342 1527 1529 1598 ἐκείνῃ
1554 1525 2017 1594 ἀπεκρούσθησιιν

452 1629 577 1695 ἄχρι
609 1625 708 1692 τῆς
737 1622 962 1693 πρώτης
994 1618 1145 1689 ὥρας
1176 1619 1276 1689 τῆς
1318 1618 1535 1681 νυκτός.

524 1719 587 1771 Οἱ
618 1716 674 1768 δὲ
714 1714 933 1776 ἀσεϐεῖς
962 1711 1025 1764 ἐκ
1056 1728 1115 1763 τε
1167 1711 1262 1766 τοῦ
1298 1710 1470 1764 κόπου
1528 1708 1620 1762 τοῦ
1671 1708 1873 1762 πολλοῦ
1926 1710 2019 1760 καὶ

450 1810 554 1861 τῶν
588 1807 810 1878 πληγῶν
861 1803 1291 1875 ἠγανάκτησαν,
1325 1803 1422 1855 καὶ
1455 1804 1488 1872 ἡ
1534 1802 1828 1901 συμηοκὴ
1873 1802 1966 1853 καὶ
1993 1802 2021 1853 ό

449 1900 689 1967 πόλεμος
730 1896 918 1967 ἐλύθη,
954 1895 1269 1957 ἐλπίζοντες
1298 1896 1409 1970 μὲν
1442 1894 1519 1963 τῷ
1564 1892 1877 1965 πρωῒμετὰ
1908 1892 2019 1944 ὀλί-

452 2009 544 2057 γου
575 1990 745 2042 κόπου
800 1988 899 2056 τὴν
940 1986 1096 2055 βάσιν
1130 1985 1355 2039 εὓκολον
1410 1984 1686 2055 εὕρωσινο
1728 1984 1864 2038 ἀλλὰ
1911 1983 2020 2035 τῶν

451 2082 682 2134 ἐλπίδων
713 2077 1059 2147 ἐψεύσθησαν
1086 2116 1100 2138 ,
1147 2076 1234 2130 διὰ
1270 2076 1326 2128 τὶ
1369 2074 1467 2145 μὲν
1532 2074 1789 2143 Ἰωάννης
1822 2077 1849 2127 ό
1880 2074 2018 2127 Ἰου-

451 2169 721 2235 στινιανὸς
747 2168 823 2231 ὥς
872 2185 954 2230 τις
1011 2167 1226 2234 ἀδάμας
1272 2167 1343 2219 δι’
1373 2167 1501 2235 ὅλης
1530 2166 1629 2236 τῆς
1659 2165 1852 2227 νυκτὸς
1886 2166 2018 2218 ἀνα-

449 2260 727 2334 θαρρύνας
771 2261 900 2320 τοὺς
953 2258 1045 2311 ὑπ’
1076 2257 1241 2309 αὐτὸν
1269 2256 1608 2327 στρατιώτας
1639 2257 1732 2309 καὶ
1755 2256 2018 2326 παραινέ-

450 2366 548 2414 cal;
583 2353 749 2403 ’καὶὸ
803 2348 1059 2419 βασιλεὺς
1115 2347 1306 2418 παρὼν
1368 2347 1507 2417 μετὰ
1547 2348 1752 2419 ἑτέρων
1808 2345 2019 2399 πολλῶν

453 2445 560 2498 τῶν
604 2442 870 2495 ἐλθόντων
926 2442 1006 2503 είς
1054 2424 1264 2492 ἐκεῖνον
1308 2439 1399 2491 τὸν
1455 2440 1622 2491 τόπον
1646 2438 1727 2500 είς
1765 2435 2019 2507 βοήθειαν

448 2538 516 2591 δι’
551 2536 681 2605 ὅλης
710 2534 812 2604 τῆς
864 2532 1058 2596 νυκτὸς
1086 2531 1258 2584 πολλὰ
1297 2531 1666 2594 κοπιάσαντες
1698 2528 1859 2601 247
1892 2529 2021 2593 τοὺς

450 2626 695 2697 τάφρους
721 2624 998 2678 ἐκένωσαν
1026 2621 1121 2675 καὶ
1148 2621 1242 2674 τὸν
1281 2619 1520 2673 πεσόντα
1551 2618 1766 2687 πύργον
1795 2616 2019 2687 μυρίαις

451 2719 722 2791 μηχαναῖς
762 2715 1118 2786 ἀνώρθωσαν,
1168 2713 1265 2768 καὶ
1312 2713 1412 2783 τὴν
1442 2712 1689 2766 ἑλέπολιν
1716 2711 1829 2766 τῶν
1860 2711 2019 2764 ἐναν-

452 2814 582 2866 τίων
616 2810 989 2873 ὑποκάτωθεν,
1020 2799 1083 2860 οὗ
1110 2806 1290 2860 ἔκειτο
1321 2804 1671 2875 ἑνδεδυμένη,
1704 2802 2021 2873 ἐπυρπόλη-

2124 335 2475 415 ἐθαὺμασαν.
2536 338 2645 392 Kal
2701 341 2729 392 ὁ
2788 342 3011 409 ἀμηρᾶς
3067 340 3332 411 λυπηθεὶς
3365 342 3565 411 μᾶλλον
3592 347 3677 398 καῖ

2126 427 2437 497 αἰσχυνθεὶς
2458 429 2739 499 ἐθαύμασε
2754 431 2851 501 τὴν
2873 432 3243 501 ἐπιδεξιότητα
3263 435 3370 486 τῶν
3384 435 3681 505 ἡμετέρων,

2127 523 2221 573 καὶ
2250 520 2405 588 ἔλεγε
2436 521 2733 591 θαυμάζων
2773 522 2920 591 τάχα
2959 542 2978 574 ε
3021 523 3149 577 Ἐὰν
3177 524 3271 576 καὶ
3309 527 3358 577 οἱ
3392 526 3683 595 τριάκοντα

2126 610 2269 663 ἑπτὰ
2298 612 2535 682 χιλιάδες
2587 612 2637 666 οί
2674 613 2954 684 προφῆται
3010 608 3166 667 εἶπόν
3196 633 3288 685 μοι
3339 616 3422 669 ὅτι
3454 618 3608 669 αὐτοὶ
3643 618 3686 669 ο¹

2125 703 2345 767 ἀσεϐεῖς
2383 724 2403 757 ι
2441 704 2618 772 λέγων
2658 708 2805 775 ἡμᾶς
2842 726 2860 759 ε
2903 708 2990 760 διὰ
3034 708 3163 777 μιᾶς
3208 710 3405 773 νυκτὸς
3434 708 3686 763 δύνινται

2126 796 2353 861 ποιῆσαι
2378 796 2414 850 ἃ
2446 798 2728 864 ἐποίησαν,
2771 798 2871 851 οὐκ
2926 800 3230 858 ἐπίστευον.
3263 820 3280 851 ι
3326 802 3559 856 Ἔπειτα
3598 804 3688 871 μὲν

2130 884 2352 954 θεωρῶν
2376 886 2455 955 μὴ
2477 885 2694 956 ἔχοντας
2721 888 2886 956 φόϐον
2913 890 3061 959 ἡμᾶς
3085 889 3205 942 οὔτε
3235 889 3437 944 δειλίαν
3460 894 3541 954 είς
3568 893 3688 955 τοὺς

2124 979 2557 1049 ἀκροϐολισμοὺς
2592 981 2686 1032 καὶ
2712 981 3009 1051 συρῤήξεις
3058 983 3127 1045 ἃς
3182 984 3398 1054 ἐποίουν
3446 985 3515 1036 δι’
3564 986 3691 1055 ὅλης

2120 1071 2223 1139 τῆς
2261 1070 2498 1140 ἡμέρας,
2539 1072 2637 1124 καὶ
2685 1072 2814 1134 τοὺς
2860 1073 3268 1142 ἀναριθμήτους
3308 1074 3691 1137 ἑλεὸολίσκους

2125 1162 2255 1232 βέλη
2287 1180 2343 1216 τε
2378 1162 2473 1215 καὶ
2510 1163 2719 1230 πέτρας
2751 1163 2958 1217 ἄνωθεν
2993 1164 3118 1217 καθ’
3163 1165 3323 1233 ἡμῶν
3352 1164 3690 1236 βρεχομένας
3711 1152 3725 1203 ³.

2122 1250 2196 1313 ώς
2220 1240 2505 1318 ὑετοὺς’ἐξ
2539 1252 2793 1323 οὐρανοῦ,
2828 1254 2921 1306 καὶ
2950 1253 3066 1307 ἀντ’
3095 1255 3311 1320 οὐδενὸς
3356 1256 3537 1311 πάντα
3588 1259 3687 1311 κίν-

2122 1342 2277 1396 δυνον
2305 1343 2617 1413 ἐλογίζοντο
2640 1360 2656 1375 ’
2709 1347 2795 1409 είς
2841 1342 2937 1400 οὖν
2968 1347 3221 1417 ταραχὴν
3278 1351 3373 1404 καὶ
3424 1329 3691 1420 σύγχυσιν
3714 1328 3733 1344 ’

2122 1434 2388 1505 λογισμοῦ
2440 1437 2685 1507 μεγάλην
2739 1438 2996 1492 ἐνέπεσεν
3042 1440 3208 1503 αὑτός
3256 1457 3316 1493 τε
3350 1442 3444 1494 καὶ
3480 1443 3690 1513 ardeat]

2124 1520 2291 1591 βουλὴ
2322 1523 2510 1579 αὑτοῦ.
2546 1526 2656 1579 Kal
2678 1525 2851 1580 ταῦτα
2877 1529 2975 1597 μὲν
3000 1527 3067 1597 δὴ
3100 1526 3276 1593 οὕτως
3309 1524 3480 1599 εἷχον.

2195 1617 2307 1670 Kal
2340 1616 2550 1671 τούτων
2600 1619 2906 1686 γινομένων
2956 1618 3426 1691 πολιορκουμένης
3468 1621 3575 1691 τῆς
3604 1622 3689 1675 πό·

2120 1710 2259 1774 λεως
2287 1711 2414 1780 νῆες
2432 1711 2584 1779 τρεῖς
2614 1709 2914 1779 Λιγουρίας
2945 1712 3009 1763 ἐκ
3040 1712 3176 1765 Χίου
3208 1712 3408 1784 φόρτον
3431 1713 3690 1777 λαϐόντες

2120 1804 2216 1855 καὶ
2249 1801 2450 1870 ἄνεμον
2479 1802 2820 1871 τηρήσαντες
2858 1801 3164 1871 ἐπιτήδειον
3215 1803 3307 1856 τὸν
3355 1804 3527 1858 πλοῦν
3557 1807 3689 1876 πρὸς

2122 1894 2270 1963 ἡμᾶς
2304 1892 2588 1946 ἐποιοῦντο
2613 1908 2628 1923 ο
2660 1891 3025 1963 διερχομένων
3069 1893 3126 1947 δέ
3157 1895 3335 1949 αὐτῶν
3364 1897 3526 1967 εὖρον
3570 1901 3687 1952 καθ’

2120 1985 2240 2037 ὁδὸν
2270 1986 2365 2037 καὶ
2421 1983 2619 2055 ἑτέραν
2652 1984 2805 2052 ⁶μίαν
2851 1985 3135 2058 βασιλικὴν
3167 1988 3331 2060 248
3361 1990 3463 2059 νῆα
3504 1994 3567 2044 ἑκ
3603 1992 3686 2044 Σι-

2120 2076 2307 2137 κελίας
2371 2077 2513 2144 μετὰ
2561 2074 2709 2128 σίτου
2772 2077 3099 2149 ἐρχομένην.
3162 2079 3268 2133 Kal
3326 2081 3605 2149 φθάσασαι
3638 2086 3687 2135 ἐν

2123 2170 2222 2239 μιᾷ
2255 2167 2363 2220 τῶν
2398 2167 2611 2221 νυκτῶν
2657 2169 2825 2236 ἐγγὺς
2870 2169 2969 2235 τῆς
3013 2169 3246 2233 πόλεως,
3276 2172 3371 2224 xal
3424 2172 3502 2242 τῷ
3548 2175 3688 2243 πρωῒ

2124 2258 2325 2321 ἰδόντες
2356 2257 2527 2321 αὑτὰς
2550 2259 2606 2311 al
2657 2257 3033 2327 ἡμερόσκοποι
3065 2260 3314 2330 τριήρεις
3348 2261 3444 2315 τοῦ
3499 2264 3685 2332 άμηρᾶ

2120 2350 2215 2403 καὶ
2244 2351 2306 2402 ἐκ
2337 2348 2430 2402 τοῦ
2465 2348 2657 2421 ἑτέρου
2708 2350 2897 2403 στόλου
2949 2351 3115 2420 μέρος
3165 2351 3300 2405 πολὺ
3343 2353 3465 2406 κατ’
3508 2353 3685 2407 αὐτῶν

2118 2439 2389 2511 ὥρμησαν
2439 2440 2579 2507 μετὰ
2628 2438 2809 2511 πάσης
2838 2442 3033 2511 χαρᾶς,
3084 2444 3223 2511 μετὰ
3267 2443 3572 2513 τυμπάνων
3600 2447 3685 2498 xxi

2120 2531 2423 2601 κερατίνων
2491 2530 2809 2600 σαλπίγγων
2870 2532 3217 2602 κροτοῦντες,
3276 2533 3594 2599 ἐλπίζοντες
3636 2539 3686 2589 ἑν

2120 2629 2341 2700 εὐκολίᾳ
2384 2629 2548 2682 τάσδε
2583 2628 2684 2693 τὰς
2720 2629 2858 2698 νῆας
2899 2629 3252 2700 σαγηνεῦσαι.
3300 2630 3387 2693 Ὦς
3430 2631 3486 2684 δὲ
3537 2630 3685 2698 ἧγγι-

2122 2738 2223 2775 σαν
2254 2720 2346 2773 καὶ
2376 2719 2467 2773 τδν
2493 2719 2734 2789 πόλεμον
2762 2720 2981 2789 ἀνῆψαν
3032 2722 3127 2775 καὶ
3153 2722 3594 2791 άκροόολίξοντο,
3632 2726 3684 2774 ἑν

2121 2812 2361 2883 πρώτοις
2390 2806 2555 2883 ἦλθον
2586 2812 2725 2865 κατὰ
2754 2813 2855 2882 τῆς
2882 2812 3171 2884 βασιλικῆς
3200 2815 3327 2885 νηὸς
3355 2818 3497 2885 μετὰ
3524 2818 3685 2887 ἐπηρ-

451 2921 572 2958 σαν.
603 2903 741 2972 Περὶ
772 2901 829 2954 δέ
864 2900 1056 2968 τρίτην
1087 2896 1541 2967 άλεκτροφωνίαν
1592 2894 1841 2959 ἐλθόντες
1876 2894 2017 2965 μετὰ
2047 2910 2093 2972 c
2128 2902 2297 2974 μένης
2326 2902 2552 2972 ὀφρύος·
2586 2903 2703 2973 ἠδὲ
2748 2902 2881 2968 ναῦς
2909 2905 2975 2957 ἐκ
3006 2906 3105 2974 τῆς
3131 2904 3353 2977 πρώτης
3382 2908 3685 2978 προσϐολῆς

450 2995 648 3068 χαρᾶς,
690 2990 1005 3056 ἐλπίζοντες
1040 2988 1129 3045 ἵνα
1154 2988 1256 3061 τὴν
1290 2987 1470 3059 βάσιν,
1514 2986 1591 3052 ὡς
1634 2987 1881 3057 εἴπομεν,
1921 2984 2021 3055 ῥᾴ-

451 3181 681 3238 llomani
713 3180 874 3236 sitam
903 3183 1339 3248 prostraverunt,
1364 3184 1530 3245 alque
1554 3173 1843 3245 helepolim
1876 3173 2023 3229 illico

451 3282 754 3343 promotam
779 3283 938 3337 supra
975 3283 1093 3322 eam
1121 3266 1323 3321 fossam
1359 3265 1719 3319 collocarunt.
1747 3261 1887 3319 Hinc
1921 3279 2023 3332 pu-

451 3378 555 3434 gna
584 3370 637 3416 et
662 3360 941 3414 dimicatio
986 3357 1215 3411 exitiosa
1241 3364 1296 3409 et
1337 3354 1616 3409 horribilis
1645 3354 1870 3419 exarsit,
1902 3369 2023 3423 quae

453 3452 746 3510 commissa
774 3458 899 3504 ante
928 3449 1106 3501 lucem
1138 3460 1233 3515 per
1255 3453 1425 3499 totum
1458 3445 1597 3499 diem
1619 3444 1856 3499 duravit.
1886 3442 2025 3497 Tur-

452 3562 528 3599 cae
556 3559 703 3597 nunc
715 3540 969 3604 conﬂictu
994 3548 1048 3593 et
1068 3536 1363 3593 certamine
1384 3535 1585 3593 acriter
1601 3550 1700 3591 con
1711 3535 2022 3601 tendebant,

455 3651 599 3692 nunc
648 3635 814 3703 ligna,
870 3632 1178 3693 materiem,
1241 3638 1467 3695 terram,
1507 3644 1629 3699 quae
1678 3629 1734 3683 in
1790 3628 2023 3698 helepoli
2070 3676 2073 3683 λ

454 3738 631 3793 erant,
656 3727 709 3781 in
751 3726 953 3782 fossam
987 3721 1373 3793 conjiciebant.
1400 3720 1442 3774 E
1470 3720 1628 3775 ruina
1650 3719 1817 3774 turris
1846 3726 2020 3773 mate-

454 3824 609 3876 riam.
634 3818 880 3881 materia,
903 3830 1067 3885 quam
1101 3813 1486 3882 congerebant,
1504 3811 1648 3865 viam
1675 3810 1886 3880 planam
1917 3810 2019 3865 sibi

455 3920 732 3979 pararunt.
764 3913 834 3963 At
884 3921 1009 3961 vero
1040 3906 1215 3960 nostri
1254 3918 1348 3959 eos
1379 3912 1600 3959 strenue
1634 3901 2022 3973 impediebant,

453 4016 610 4072 atque
640 4016 781 4070 saepe
831 3998 1194 4054 detrudebant
1240 3997 1307 4051 de
1340 3995 1504 4051 scalis
1539 3993 1755 4064 ligneis,
1785 4007 2019 4063 quarum

454 4090 743 4144 nouinullas
789 4087 1166 4151 conciderunt,
1211 4085 1504 4155 hostesque
1527 4098 1593 4138 eo
1623 4084 1712 4138 die
1742 4097 1918 4152 usque
1954 4082 2020 4136 ad

455 4187 677 4243 nimam
711 4182 889 4233 noctis
932 4179 1121 4233 horam
1156 4191 1301 4245 saepe
1332 4176 1531 4230 acriter
1554 4174 1755 4245 repulsi
1794 4183 1944 4229 sunt.

2129 2994 2268 3065 μετὰ
2318 2992 2683 3071 ἐλεὸολίσκων
2730 2994 2827 3050 καὶ
2879 2994 3056 3066 βελῶν
3098 2996 3196 3050 καὶ
3253 2999 3475 3069 πετρῶν
3507 3001 3683 3063 κακῶς

2124 3192 2275 3245 rans,
2303 3177 2349 3233 si
2390 3178 2611 3248 triginta
2643 3185 2847 3248 septem
2874 3178 3040 3233 millia
3072 3177 3462 3249 prophetarum
3493 3178 3593 3233 sibi
3608 3178 3687 3231 af-

2125 3270 2453 3335 firmassent,
2486 3271 2681 3340 impios
2703 3270 2828 3341 (nos
2854 3270 3085 3339 scilicet)
3109 3286 3215 3324 una
3240 3278 3420 3337 nocte,
3448 3270 3589 3340 quod
3612 3270 3688 3325 fe-

2125 3370 2334 3427 cerunt,
2356 3362 2593 3417 facturos
2614 3376 2759 3427 esse,
2776 3376 2835 3416 se
2860 3377 2970 3416 non
2988 3362 3300 3416 habiturum
3322 3361 3492 3417 tuisse
3511 3362 3684 3417 fidem.

2128 3449 2333 3504 Deinde
2371 3466 2494 3506 cum
2529 3464 2629 3505 nos
2652 3452 2802 3505 omni
2834 3464 3031 3506 vacare
3064 3450 3282 3515 timore,
3324 3466 3428 3506 nec
3462 3452 3685 3521 impres-

2127 3540 2311 3596 siones
2342 3555 2683 3611 pugnasque,
2712 3555 2851 3611 quas
2900 3555 3000 3610 per
3026 3550 3200 3595 totum
3227 3542 3372 3596 diem
3416 3541 3685 3604 fecerunt,

2125 3630 2600 3699 autiaculationes
2634 3630 2953 3686 innumeras
2989 3643 3042 3686 et
3071 3647 3203 3687 saxa
3237 3633 3472 3701 desuper
3500 3631 3554 3686 in
3580 3646 3685 3686 nos

2127 3722 2384 3777 imbrium
2417 3722 2590 3777 instar
2609 3722 2848 3777 demissa
2870 3723 3252 3786 extimescere,
3285 3724 3381 3779 sed
3408 3739 3561 3778 omne
3587 3739 3685 3792 pe-

2127 3811 2358 3866 riculum
2396 3811 2549 3865 nihili
2592 3810 2771 3866 facere
2818 3812 3319 3876 animadvertisset,
3352 3814 3406 3867 in
3440 3829 3684 3884 magnam

2125 3902 2296 3958 animi
2346 3903 2809 3972 perturbationem
2857 3910 2913 3958 et
2969 3904 3471 3960 consternationem
3502 3905 3606 3976 ipse
3626 3915 3687 3959 et

2127 3995 2415 4050 universus
2454 4005 2683 4050 senatus
2711 3994 2834 4064 ejus
2868 3992 3200 4050 inciderunt.
3233 3997 3413 4066 Atque
3440 3997 3550 4052 haec
3571 3997 3685 4062 qui-

2124 4086 2245 4140 dem
2281 4085 2353 4139 ita
2389 4094 2711 4140 evenerunt.

2199 4177 2422 4231 Interim
2471 4177 2601 4232 dum
2642 4176 2776 4233 urbs
2818 4176 3126 4245 obsidetur,
3165 4184 3279 4233 tres
3333 4194 3506 4236 naves
3535 4178 3684 4249 Lign-

525 4274 708 4340 ltaque
739 4270 917 4341 impii,
950 4269 1021 4323 oh
1054 4269 1297 4322 laborem
1350 4268 1647 4338 plagasque
1686 4265 2022 4330 frendentes,
2052 4251 2105 4311 Π
2137 4267 2294 4321 stinaa
2316 4268 2368 4321 in
2393 4266 2531 4322 Chio
2552 4276 2812 4333 onerata},
2830 4277 3052 4323 ventum
3091 4268 3393 4323 secundum
3418 4270 3681 4330 περιδεᾶ

456 4378 685 4431 νιιιςιιειιι
713 4360 1011 4423 solverunt,
1041 4366 1262 4424 postero
1279 4356 1366 4409 die
1389 4356 1490 4409 levi
1518 4370 1684 4421 opera
1716 4356 2021 4424 ingressum

452 4454 664 4507 facilem
706 4451 994 4504 habituros
1044 4463 1103 4501 se
1140 4461 1262 4502 esse
1318 4447 1441 4501 rati.
1477 4446 1547 4498 At
1576 4444 1897 4499 exciderunt
1927 4460 2024 4515 spe

451 4560 569 4606 sua,
604 4541 748 4611 quod
803 4539 1041 4593 Joannes
1069 4536 1437 4602 Justinianus,
1470 4535 1619 4590 velut
1652 4536 1877 4591 adamas
1908 4545 2020 4590 tota

454 4644 613 4687 necte
644 4631 843 4684 milites
877 4644 1008 4683 suos
1039 4628 1380 4693 cohortatus,
1416 4639 1581 4696 atque
1610 4628 1908 4696 imperator
1930 4641 2025 4682 co-

457 4738 571 4774 ram
602 4722 718 4789 ipse
756 4733 995 4788 praesens
1051 4732 1174 4772 cum
1203 4716 1326 4773 aliis
1364 4719 1572 4783 multis,
1606 4719 1699 4788 qui
1729 4719 1918 4773 eodem
1955 4722 2023 4773 ad

452 4830 606 4883 (ιρι-ιιι
631 4811 911 4865 ferendam
933 4808 1330 4881 conﬂuxerant,
1353 4824 1447 4880 per
1475 4820 1641 4864 totam
1665 4820 1879 4866 noctem
1908 4826 2023 4865 ma-

451 4921 557 4973 gno
589 4903 772 4957 labore
798 4900 976 4954 fossas
1008 4899 1448 4967 vacuefecerunt,
1481 4913 1687 4957 turrem
1720 4903 2018 4972 collapsam
2054 4976 2057 4979 ἰ

454 4995 783 5049 molimentis
838 4993 1139 5046 innumeris
1189 4993 1571 5048 instaurarunt
1620 5003 1673 5048 et
1728 4994 2021 5065 helepolim

454 5091 717 5152 hostium,
746 5091 871 5156 igne
895 5088 985 5141 ubi
1012 5094 1200 5156 Operta
1234 5086 1434 5153 stabat,
1468 5087 1768 5149 submisso,
1788 5101 2024 5141 exusse-

451 5192 598 5237 ιυιιΙ.
636 5181 819 5249 Itaque
851 5179 953 5233 sub
986 5178 1206 5232 tertium
1235 5177 1359 5246 galli
1393 5187 1614 5233 cantum
1665 5192 1789 5231 cum
1836 5177 1938 5231 laeti
1970 5186 2023 5231 et

451 5292 543 5345 spe
585 5271 728 5336 freti,
764 5270 982 5325 facilem
1011 5285 1092 5333 se,
1142 5279 1199 5321 ut
1232 5270 1365 5335 dixi,
1399 5269 1704 5339 ingressum
1737 5268 2022 5323 habituros

453 5381 595 5428 esse,
634 5360 1006 5424 advenissent,
1062 5360 1151 5413 ubi
1185 5375 1279 5430 spe
1311 5376 1371 5416 se
1404 5360 1697 5415 flustratos
1749 5360 2021 5423 viderunt,

452 5454 630 5509 mirati
664 5458 812 5518 sunt,
851 5460 1017 5520 atque
1048 5465 1284 5515 ameras,
1334 5466 1661 5522 magnopere
1699 5450 1945 5504 tristatus
1971 5459 2024 5504 et

451 5548 793 5610 nudctactus,
835 5541 1114 5612 obstupuit
1159 5540 1356 5599 virtute
1391 5550 1595 5606 nostra,
1639 5540 1884 5609 dixitque
1920 5536 2022 5593 mi-

2130 4377 2229 4415 nos
2259 4375 2479 4416 cursum
2509 4360 2782 4414 tenebant.
2814 4357 3034 4415 Inventa
3074 4360 3128 4413 in
3164 4360 3359 4415 itinere
3388 4362 3497 4417 alia
3525 4362 3682 4431 impe-

2127 4452 2331 4505 ratoria
2363 4451 2511 4514 navi,
2540 4466 2663 4520 quae
2712 4465 2743 4504 e
2773 4450 2959 4505 Sicilia
2985 4465 3108 4505 eum
3133 4448 3414 4506 frumento
3441 4453 3679 4513 solverat,

2129 4555 2287 4598 nocte
2304 4543 2541 4611 quadam
2580 4557 2745 4612 prope
2779 4544 2971 4598 urbem
3002 4542 3367 4597 devenerunt.
3395 4543 3552 4598 Mane
3570 4553 3624 4597 ut
3653 4557 3678 4595 a

2127 4633 2343 4688 diurnis
2375 4633 2746 4690 excubatoriis
2802 4634 3120 4688 triremibus
3154 4648 3355 4690 amera:
3397 4645 3680 4704 conspecta:

2127 4735 2277 4791 sunt,
2312 4741 2341 4779 e
2374 4727 2584 4795 reliqua
2612 4724 2791 4778 classe
2822 4737 2986 4779 naves
3018 4738 3125 4778 non
3178 4740 3366 4786 pauca:
3394 4742 3519 4781 cum
3560 4724 3677 4780 lati-

2127 4810 2221 4874 tia,
2254 4818 2633 4880 tympanorum
2657 4813 2711 4861 et
2742 4820 3007 4860 cornuum
3027 4808 3277 4877 strepitu,
3311 4809 3542 4863 incitato
3569 4823 3675 4861 cur-

2126 4916 2213 4962 su,
2252 4906 2443 4953 contra
2503 4896 2772 4959 feruntur,
2806 4895 2956 4949 nullo
2994 4894 3179 4949 labore
3235 4910 3332 4951 eas
3357 4912 3528 4953 naves
3576 4911 3601 4948 a
3631 4907 3677 4946 se

2127 4992 2489 5059 interceptum
2533 4987 2598 5041 iri
2635 4987 2889 5057 opinata.
2921 4987 3059 5041 Cum
3092 4988 3677 5058 appropinquassentet

2126 5096 2362 5151 pugnam
2389 5080 2792 5135 commisissent
2812 5077 3128 5147 iaculando.
3154 5079 3209 5155 in
3250 5080 3445 5148 primis
3474 5079 3675 5146 impera-

2096 5173 2324 5225 ‘toriam
2376 5185 2568 5224 navem
2600 5170 2891 5238 superbius
2938 5168 3116 5223 adorti
3146 5176 3313 5232 sunt;
3348 5183 3474 5236 quae
3519 5176 3675 5221 tamen

2126 5276 2221 5316 eos
2254 5262 2433 5331 primo
2467 5259 2911 5329 impetujaculis,
2934 5260 3075 5321 telis,
3109 5260 3258 5314 saxis
3285 5258 3427 5312 male
3451 5262 3671 5323 excepit:

2127 5367 2360 5420 cumque
2393 5352 2572 5421 proris
2603 5366 2723 5405 eam
2746 5352 3065 5415 subiissent,
3094 5352 3167 5403 illi
3196 5365 3294 5405 eos
3325 5350 3537 5403 eminus
3568 5345 3673 5401 ollis

2128 5446 2249 5514 igne
2279 5442 2469 5497 Graeco
2500 5444 2637 5498 bene
2668 5442 2888 5512 repletis
2913 5450 3078 5508 atque
3099 5443 3249 5497 saxis
3278 5442 3672 5512 prohibuerunt.

2125 5550 2321 5606 magna
2356 5535 2408 5590 in
2459 5548 2556 5590 eos
2609 5542 2791 5602 strage
2820 5533 2990 5589 edita.
3020 5530 3131 5589 Nos
3182 5534 3295 5589 haec
3327 5534 3395 5589 de
3427 5535 3669 5587 manibus
