3916 6196
243 162 353 227 845

1289 158 1733 221 CHRONICON
1765 157 2040 220 MAJUS.
2082 183 2148 194 -
2186 161 2332 224 LIB.
2385 161 2496 222 ιιι.

3397 156 3498 218 Sili

243 273 577 338 ἐδεξιώσατο
621 272 838 338 αύτούς.
868 274 971 330 Καὶ
991 274 1238 338 ἐλθόντες
1269 277 1388 338 ταῖς
1410 275 1663 346 πρώραις
1687 273 1822 348 ὓπος
1849 276 1898 332 Δ
1925 272 2144 346 θεωρῶν
2174 276 2338 327 αὐτὸν
2383 274 2562 337 οὕτως
2604 271 2867 329 ποιοῦντα
2910 271 3258 343 ἠγανάκτουν
3300 271 3503 324 λυπού-

243 364 500 418 κάτωθεν
551 365 654 435 τῆς
709 366 861 436 νηὸς,
923 367 1080 422 αὐτοὶ
1120 367 1176 421 δι
1229 368 1366 437 μετά
1400 367 1615 438 χύτρων
1646 384 1824 421 κατα-

247 459 646 529 σκευασμένων
680 459 944 530 τεχνικῶς
981 462 1118 530 πυρὶ
1143 461 1296 530 ύγρῷ
1321 461 1417 514 καὶ
1455 458 1678 529 πετρῶν
1716 458 1827 513 πά-

1932 381 2086 432 μενοι
2112 367 2357 429 καὶτοὺς
2390 369 2447 418 ὲν
2472 366 2551 433 τῷ
2579 367 2753 438 στόλῳ
2784 367 3189 435 ἐϐλασφήμουν
3220 366 3313 418 καὶ
3349 365 3503 418 πλεῖς

1931 471 2045 508 στοι
2085 456 2315 525 ἔφιπποι
2368 457 2446 527 τῷ
2505 460 2700 530 ἀμηρᾷ
2748 459 2844 511 καὶ
2892 458 3044 510 αύτοὶ
3078 456 3505 520 ἀκολουθοῦντες

242 553 333 605 λιν
375 553 586 615 αὐτοὺς
643 551 918 622 μακρόθεν
961 550 1336 621 ἀπεμπόδιζον
1366 550 1456 604 διὰ
1485 552 1546 604 τὸ
1578 551 1829 619 γίνεσθαι
1928 549 2034 612 ἕως
2068 550 2178 604 τῶν
2225 551 2370 619 νηῶν
2413 552 2670 621 ἤγγισαν.
2707 553 2770 626 Ol
2803 550 2857 604 δὲ
2886 551 2981 603 τοῦ
3010 550 3200 602 στόλου
3232 550 3324 626 τὸν
3353 552 3503 619 ἀμηο

243 643 419 697 πολὺν
457 642 622 712 φόνον
658 643 780 698 κατ’
812 642 1030 706 αὐτούς.
1073 643 1269 712 Ἡμεῖς
1314 645 1372 697 δὲ
1395 647 1458 696 ὲκ
1483 643 1594 696 τῶν
1631 643 1830 712 τειχῶν

241 732 459 789 ἄνωθεν
489 734 666 789 ταῦτα
696 735 1032 804 θεωροῦντες
1062 736 1329 806 ἐδεόμεθα
1362 736 1460 788 τοῦ
1500 735 1639 789 Θεοῦ
1671 736 1828 806 ἐλεῆο

243 844 337 880 σαι
384 828 583 890 αὐτοὺς
632 831 730 879 καὶ
779 828 952 896 ἡμᾶς.
993 827 1230 896 Ὁμοίως
1272 828 1328 880 δὲ
1359 828 1387 880 δ
1419 828 1643 897 ἀμηρᾶς
1671 827 1832 896 ἔφιπ-

241 936 345 983 πος
378 920 554 984 ἑστὼς
590 920 731 974 κατά
782 921 884 984 τὰς
938 921 1110 984 ἀκτὰς
1149 921 1249 989 τῆς
1285 921 1564 991 θαλάσσης
1601 921 1830 994 ἐθεώρει

243 1014 310 1065 τὰ
352 1014 650 1081 γινόμενα.
685 1012 788 1066 Kat
818 1014 982 1067 πάλιν
1028 1015 1090 1066 ἐκ
1128 1013 1317 1084 τρίτου
1373 1015 1832 1085 ὲμακροϐολίζον-

242 1121 347 1168 το,
404 1100 529 1156 εἶτα
587 1103 754 1157 πάλιν
814 1104 1066 1167 θέλοντες
1126 1105 1402 1177 συρῤἧξαι
1457 1105 1643 1168 αὐτοῖς
1693 1108 1830 1175 μετὰ

242 1194 572 1262 ἐπηρμένης
626 1194 828 1264 ὀφρύος
866 1195 964 1247 καὶ
1005 1194 1257 1263 μεγάλων
1285 1194 1654 1268 ἀλαλαγμῶν·
1687 1197 1736 1248 οἱ
1775 1197 1833 1250 δὲ

242 1285 545 1356 ναύκληροι
573 1286 668 1339 καὶ
716 1286 1050 1366 κυϐερνῆται
1103 1288 1200 1341 καὶ
1240 1287 1507 1359 ναύαρχοι
1563 1289 1833 1359 ἀνδρείως

219 1368 338 1429 ’καὶ
367 1378 673 1452 ῥωμαλέοις
705 1378 1022 1442 σταθέντες,
1071 1379 1200 1442 τοὺς
1228 1379 1427 1444 ναύτας
1473 1382 1834 1453 παραθαρρύ-

246 1486 442 1532 ναντες
489 1468 788 1522 ἀποθανεῖν
840 1469 1043 1539 μᾶλλον
1093 1470 1126 1540 ἢ
1185 1471 1308 1539 ζῇν,
1362 1473 1458 1525 καί¹
1508 1472 1746 1540 μάλιστα
1804 1476 1832 1527 ὁ

246 1562 536 1632 νουάρχης
580 1562 683 1631 τῆς
708 1561 1002 1633 βασιλικῆς
1033 1563 1164 1631 νηὸς
1187 1563 1432 1634 τοῦνομα
1454 1565 1832 1630 Φλαντανελᾶς
1868 1608 1907 1662 Β

245 1654 311 1706 ἐκ
344 1651 606 1723 πρύμνης
656 1651 739 1716 είς
785 1653 1016 1725 πρῶραν
1055 1654 1408 1724 διερχόμενος
1451 1656 1546 1708 καὶ
1577 1656 1653 1717 ὡς
1692 1656 1830 1709 λέων

249 1743 564 1810 μαχόμενος
595 1742 690 1794 καὶ
727 1731 937 1811 φωναῖς
990 1744 1117 1806 τοὺς
1152 1744 1317 1816 249
1351 1745 1580 1816 ἑτέρους
1631 1747 1831 1814 διεγεί-

250 1849 380 1903 ρων,
404 1833 548 1886 ὥστε
578 1837 642 1887 ού
676 1833 912 1904 δύναμαι
964 1836 1145 1888 εἰπεῖν
1183 1837 1286 1898 τὰς
1313 1837 1502 1904 φωνὰς
1527 1837 1696 1891 αὐτοῦ
1729 1840 1830 1893 καὶ

246 1925 374 1988 τοὺς
397 1924 508 1977 τῶν
538 1925 746 1995 ἑτέρων
784 1926 1017 1997 κρότους
1058 1927 1165 1990 ἕως
1211 1926 1304 1980 τοῦ
1335 1927 1570 1998 ούρανοῦ
1605 1931 1832 2001 αἰρομέ-

249 2033 396 2078 νους.
446 2016 560 2070 Καὶ
599 2017 867 2087 σύρῤηξις
914 2017 1086 2072 πάλιν
1149 2019 1504 2091 μεγαλητέρα
1557 2022 1829 2090 ὲγεγθνει,

250 2107 348 2162 καὶ
401 2108 590 2162 πολλοὶ
652 2110 716 2162 ὲκ
766 2108 877 2163 τῶν
934 2111 1214 2181 τριήρεων
1256 2111 1681 2182 ἀπεκτάνθησαν
1739 2117 1833 2169 ttat

252 2201 595 2271 ἑπνίγησαν,
655 2200 756 2253 καὶ
805 2200 902 2254 δύο
959 2200 1072 2254 τῶν
1114 2203 1388 2272 τριήρεων
1447 2202 1832 2271 πυριαλώτους

255 2293 566 2363 ἐποίησαν,
633 2295 728 2347 καὶ
779 2291 1114 2363 θεωροῦντες
1160 2294 1260 2358 τὰς
1315 2294 1450 2363 νῆας
1505 2294 1830 2352 ὲδειλίασαν.

266 2386 325 2439 '0
352 2386 413 2440 δὲ
449 2388 676 2457 ἀμηρᾶς
727 2385 960 2457 θεωρῶν.
982 2387 1154 2458 μηδὲν
1183 2387 1334 2454 ἄξιον
1380 2386 1542 2457 ἔργον
1571 2387 1834 2442 ποιοῦντα

254 2480 347 2533 τὸν
387 2480 645 2534 τοσοῦτον
677 2480 776 2533 καὶ
825 2479 1148 2549 τηλικοῦτον
1197 2479 1402 2547 στόλον,
1448 2480 1585 2534 ἀλλά
1632 2481 1834 2551 μᾶλλον

254 2571 459 2640 ἥττονα
478 2570 631 2635 ὄντα,
670 2571 859 2641 μανεὶς
887 2573 984 2625 καὶ
1015 2570 1177 2640 θυμῷ
1203 2571 1454 2640 ληφθεὶς,
1483 2571 1836 2642 βρυχώμενος

259 2663 516 2727 καὶτοὺς
559 2664 780 2726 ὀδόντας
834 2662 1038 2733 τρίζων
1097 2663 1282 2734 ὕϐρεις
1330 2663 1518 2733 ἑνέχεε
1575 2664 1654 2726 είς
1709 2664 1837 2726 τοὺς

259 2755 454 2819 αὑτοῦ,
481 2753 890 2825 δειλοκαρδίους
910 2753 1006 2807 καὶ
1027 2752 1393 2823 γυναικώδεις
1413 2755 1507 2810 καὶ
1537 2754 1838 2823 ἀνωφελεῖς

260 2847 577 2901 ἀποκαλῶν.
613 2847 722 2900 Καὶ
773 2845 864 2900 τὸν
918 2847 1089 2898 ἵππον
1144 2845 1436 2916 κεντρίσας
1483 2841 1652 2916 ἦλθεν
1683 2846 1836 2910 ἐντὸς

1933 641 2034 709 ρᾶν
2056 639 2232 703 οὕτως
2265 641 2608 711 θεωροῦντες
2636 624 2966 710 πράττοντα,
2997 639 3092 692 καὶ
3121 622 3506 710 αἰσχυνθέντες

1931 730 2029 792 τάς
2059 729 2272 799 ὕϐρεις,
2301 732 2537 794 ἄκοντες
2561 731 2656 785 καὶ
2688 731 2911 794 ἑκόντες
2947 731 3088 800 μετὰ
3123 732 3297 800 θυμοῦ
3330 735 3506 802 μεγά-

1931 821 2027 875 λου
2059 822 2438 892 μετέστρεψαν
2460 823 2617 884 αὖθις
2645 824 2747 886 τὰς
2787 822 3013 894 πρώρας
3050 826 3194 877 κατὰ
3223 825 3332 878 τῶν
3359 824 3505 893 νηῶν

1934 917 2030 969 καὶ
2056 914 2327 984 ἐμάχοντο
2356 915 2618 985 ίσχυρῶς.
2650 917 2760 968 Καὶ
2781 916 2832 968 τί
2861 917 2966 986 χρὴ
2982 915 3168 984 λέγειν
3193 936 3205 981 ;
3239 918 3302 970 ού
3341 919 3506 988 μόνον

1934 1006 2016 1067 είς
2048 1004 2201 1056 οὕδὲν
2246 1005 2344 1067 τὰς
2401 1007 2538 1074 νῆας
2599 1004 2877 1074 ἔθλαψαν,
2931 1006 3066 1059 ἀλλά
3107 1009 3203 1061 καὶ
3251 1008 3507 1069 τοσοῦτος

1935 1096 2096 1164 φόνος
2150 1099 2246 1150 καὶ
2301 1097 2490 1166 πληγὴ
2540 1097 2940 1164 ὲγεγόνεικατ’
2974 1099 3174 1159 αὐτοὺς
3223 1097 3365 1151 ὥστε
3402 1099 3504 1150 ούκ

1939 1188 2198 1241 ἐδύναντο
2256 1191 2308 1240 αἱ
2343 1190 2596 1259 τριήρεις
2640 1189 2868 1252 δτεισθεν
2918 1191 3115 1244 ὲλθείν.
3151 1191 3316 1260 250
3351 1192 3510 1260 Ἐφο-

1937 1282 2209 1350 νεύθησαν
2246 1281 2303 1334 δὲ
2356 1285 2413 1334 ὲν
2473 1283 2658 1354 ἐκείνῃ
2691 1287 2754 1352 τῇ
2805 1284 3009 1355 ἡμέρᾳ,
3038 1283 3111 1345 ὡς
3149 1283 3354 1351 ἔμαθον
3398 1286 3508 1352 ἐγὼ

1935 1372 1994 1436 ἐξ
2026 1372 2224 1437 αὐτῶν,
2273 1374 2456 1426 πλεῖον
2487 1375 2518 1442 ἢ
2551 1375 2879 1426 δυοκαίδεκα
2911 1375 3154 1445 χιλιάδες
3181 1377 3504 1446 ’Λγαρηνοὶ.

1939 1465 2101 1533 μόνον
2135 1467 2192 1517 ὲν
2240 1469 2303 1534 τῇ
2339 1466 2603 1535 θαλάσσῃ.
2663 1467 2953 1536 Ἐλθούσης
2980 1467 3033 1520 δὲ
3078 1468 3179 1537 τῆς
3223 1473 3412 1531 νυκτὸς
3451 1471 3508 1535 ἐξ

1937 1559 2184 1628 ἀνάγκης
2213 1562 2242 1612 ὁ
2287 1558 2474 1621 στόλος
2526 1561 2722 1630 μικρὸν
2757 1561 3099 1630 ἀνεχώρησε,
3134 1563 3228 1614 καὶ
3280 1561 3334 1614 αἱ
3369 1554 3510 1632 νῆες

1934 1650 2223 1720 εὐκαιρίαν
2267 1651 2524 1718 εὑρόντες
2556 1651 2809 1720 είσῆλθον
2845 1655 2902 1704 ὲν
2934 1651 3012 1721 τῷ
3045 1653 3226 1721 λιμένι
3265 1655 3398 1707 ἄνευ
3419 1655 3510 1707 ού·-

1932 1741 2083 1804 δενδς
2109 1741 2572 1806 ἀποκτανθέντος,
2625 1746 2674 1795 εί
2726 1744 2799 1814 μὴ
2845 1745 3010 1797 τινῶν
3038 1745 3236 1811 ὀλίγων
3269 1745 3505 1814 πληγέν-

1932 1849 2062 1886 των.
2101 1834 2211 1886 Καὶ
2244 1833 2363 1902 μεθ’
2394 1835 2610 1904 ἡμέρας
2651 1834 2805 1898 τινὰς
2840 1835 2933 1887 δύο
2971 1835 3004 1905 ἢ
3041 1838 3190 1904 τρεῖς
3231 1837 3287 1902 ἐξ
3319 1838 3501 1889 αὐτῶν

1933 1927 2074 1994 πρὸς
2118 1927 2328 1998 Κύριον
2377 1926 2746 1996 ἐξεδήμησαν.
2797 1926 2856 1980 Ὀ
2885 1929 3111 1996 ἀμηρᾶς
3160 1927 3216 1980 δὲ
3249 1929 3507 1981 τοσοῦτον

1937 2019 2130 2086 μανεὶς
2166 2007 2260 2071 καὶ
2286 2019 2547 2086 λυπηθεὶς
2586 2020 2730 2073 κατὰ
2761 2021 2862 2072 τοῦ
2886 2021 2978 2072 τοῦ
3024 2019 3210 2072 στόλου
3239 2021 3510 2089 δρουγγα-

1935 2108 2053 2178 ρίου
2082 2108 2276 2179 ἤθελεν
2308 2110 2475 2164 αὑτὸν
2508 2111 2936 2164 ἀνασκολοπίσαι
2959 2151 2974 2172 ,
3007 2109 3181 2178 λέγων
3211 2113 3293 2166 ὃτι
3320 2112 3510 2164 ἕνεκεν

1931 2199 2034 2269 τῆς
2064 2203 2278 2254 ἐκείνου
2306 2202 2599 2273 ἀνανδρίας
2660 2204 2754 2256 καὶ
2804 2201 3158 2273 ὀλιγοςυχίας
3200 2206 3256 2255 αἱ
3290 2203 3418 2276 νῆες
3451 2205 3510 2256 ὲν

1934 2294 2121 2365 ἐκείνῃ
2150 2297 2216 2363 τῇ
2253 2295 2408 2346 νυκτὶ
2449 2295 2756 2360 ἐξάλλοντο,
2793 2312 2887 2348 και
2921 2297 2990 2349 δι’
3024 2297 3351 2366 άπροσεξίας
3385 2301 3512 2349 τού-

1934 2403 2030 2438 του
2071 2388 2169 2439 καὶ
2217 2386 2552 2455 ἀνωφελείας
2609 2389 2794 2440 εἴασεν
2829 2388 3001 2449 αύτᾶς
3051 2388 3314 2441 εἰσελθεῖν
3345 2392 3402 2442 ἐν
3433 2390 3513 2441 τιτι

1935 2477 2137 2545 λιμένι.
2179 2477 2336 2539 Τινὲς
2379 2479 2436 2530 δὲ
2469 2472 2531 2532 ἐκ
2573 2479 2684 2531 τῶν
2725 2481 3000 2550 ἀρχόντων
3034 2481 3132 2548 τῆς
3185 2479 3381 2550 βουλῆς
3414 2486 3512 2533 καὶ

1934 2565 2036 2634 τῆς
2065 2565 2237 2634 αύλῆς
2275 2566 2370 2619 τοῦ
2407 2568 2604 2638 ἀμηρᾶ
2636 2569 2940 2640 ἐδεήθησαν
2990 2570 3201 2633 τοῦτον,
3237 2570 3377 2624 ὥστε
3411 2573 3510 2638 ξῇι

1934 2653 2028 2706 τὸν
2055 2653 2417 2726 δρουγγάριον
2456 2658 2794 2729 ὲχαρίσάτο’
2849 2657 2990 2727 πλὴν
3043 2658 3137 2710 τοῦ
3197 2658 3510 2728 ἀξιώματος

1937 2746 2100 2800 αὐτὸν
2136 2748 2446 2818 ἐγύμνωσε,
2503 2751 2598 2802 καὶ
2654 2751 2833 2804 πάντα
2881 2751 2972 2804 τὸν
3029 2751 3142 2820 βίον
3188 2752 3352 2804 αὐτοῦ
3393 2756 3513 2812 τοῖς

1941 2838 2304 2911 ίαννιτζάροις
2337 2841 2654 2912 ἐχαρίσατο.
2837 2831 2842 2836 ’

256 2940 356 3008 τῆς
416 2937 696 3007 θαλάσσης
747 2933 914 3008 (ἦσαν
955 2937 1066 3008 γὰρ
1122 2938 1291 3005 ἔγγὺς
1351 2937 1456 3005 τῆς
1509 2937 1710 3008 χέρσου
1773 2939 1826 2991 αί
1853 2943 1900 3006 c
2007 2932 2118 2986 Kal.
2151 2933 2316 2987 πάλιν
2347 2932 2602 3003 κατηφὴς
2637 2933 2900 3004 ὑπάρχων
2938 2934 2967 2986 δ
3007 2934 3232 3004 άμηρᾶς
3274 2935 3371 2987 καὶ
3413 2936 3514 2995 τὰς

257 3028 509 3099 τριήρεις
541 3027 676 3080 ὡσεὶ
719 3025 870 3079 λίθου
927 3025 1137 3096 βολὴν),
1192 3027 1291 3080 καὶ
1333 3026 1405 3080 τά
1451 3027 1680 3081 πλείονα
1723 3027 1837 3082 τῶν

259 3119 506 3190 χ,τώνων
531 3117 696 3172 αὐτοῦ
738 3117 1024 3187 ἐθάρρησαν
1063 3119 1130 3170 ὲκ
1175 3118 1285 3196 τῶν
1312 3117 1413 3188 τῆς
1447 3117 1701 3190 ἁλμυρᾶς
1737 3117 1840 3174 θα·

259 3211 465 3280 λάσσης
493 3208 725 3263 ὑδάτων.
786 3207 830 3262 Ο
859 3208 916 3262 δὲ
967 3208 1197 3283 στρατὸς
1239 3209 1268 3260 ὁ
1298 3212 1452 3281 παρὰ
1492 3212 1591 3282 τὴν
1633 3211 1838 3282 χέρσον

256 3398 595 3462 spectantes,
631 3387 742 3444 Deo
771 3401 960 3457 preces
990 3386 1348 3453 faciebamus,
1379 3396 1438 3454 ut
1467 3388 1842 3459 ipsorumno-

255 3484 471 3553 strique
501 3485 874 3535 misereretur.
914 3479 1179 3534 Similiter
1205 3495 1442 3546 ameras,
1497 3495 1642 3552 equo
1690 3481 1841 3538 insi-

258 3578 419 3638 dens,
456 3591 487 3630 e
520 3574 724 3640 littore,
759 3587 881 3641 quae
928 3572 1153 3636 ﬁebant,
1185 3573 1572 3643 prospiciebat.
1606 3573 1841 3643 Jamque

260 3668 487 3723 tertium
517 3665 853 3734 iaculamur,
885 3665 1139 3734 fastuque
1171 3665 1369 3733 turgidi
1405 3676 1460 3721 et
1486 3681 1692 3738 magno
1723 3667 1840 3722 cla-

260 3773 417 3813 more
467 3773 565 3813 eos
627 3757 917 3812 invadunt.
977 3757 1044 3810 At
1103 3757 1373 3822 naucleri,
1417 3758 1835 3827 gubernatores.

262 3847 530 3902 navarclti
575 3846 718 3900 virili
751 3847 938 3900 animo
968 3854 1022 3900 et
1074 3846 1303 3901 robusto
1356 3859 1577 3916 pectore
1608 3856 1837 3914 stantes,

262 3950 460 3994 nautas
483 3938 844 3992 cohortantur
871 3937 936 3992 ad
962 3946 1192 3992 mortem
1225 3938 1349 3993 vita:
1378 3939 1837 4009 anteponendam,

260 4032 316 4083 in
361 4030 554 4099 primis
588 4028 955 4100 imperatoria}
988 4029 1143 4083 navis
1196 4029 1530 4094 navarcbus,
1570 4029 1833 4085 Pblanta-

261 4121 416 4177 nelas
441 4119 674 4182 nomine,
703 4120 794 4188 qui
824 4120 1034 4188 epuppi
1053 4120 1119 4173 ad
1141 4135 1358 4188 proram
1393 4120 1685 4186 processit,
1715 4111 1834 4176 leo-

261 4215 350 4268 nis
400 4213 576 4266 instar
617 4212 906 4266 decertans
935 4219 991 4265 et
1019 4209 1262 4279 reliquos
1312 4211 1539 4266 vocibus
1571 4212 1835 4276 excitans,

1943 3025 2132 3095 χεῖρας
2157 3024 2326 3078 αὐτοῦ
2379 3025 2457 3089 ὡς
2497 3025 2648 3080 κύων
2693 3026 2907 3080 δάκνων
2948 3027 3040 3079 καὶ
3072 3027 3171 3092 λὰξ
3215 3027 3340 3079 ποδὶ
3367 3028 3514 3080 κατὲι

1941 3119 2045 3186 γῆς
2076 3115 2300 3188 θεωρῶν
2342 3117 2596 3182 καὶτοὺς
2627 3118 2843 3187 τείχους
2889 3119 3055 3194 ῥήξας
3105 3119 3188 3182 δὶς
3244 3120 3337 3172 καὶ
3393 3119 3515 3185 τρὶς

1941 3209 2185 3273 καὶτοὺς
2217 3209 2464 3282 τάφρους
2499 3210 2755 3280 γεμίσας,
2790 3212 2883 3265 καὶ
2913 3212 3078 3275 εὐθὺς
3110 3211 3272 3264 πάλιν
3316 3212 3515 3275 αὐτοὺς

1941 3395 2031 3441 tur
2054 3387 2140 3443 his
2171 3387 2262 3458 qui
2283 3389 2341 3443 in
2360 3387 2534 3446 classe
2551 3399 2728 3455 erant.
2766 3399 2820 3444 et
2847 3391 3067 3462 plurimi
3092 3393 3251 3463 equis
3277 3408 3515 3450 ameram

1941 3478 2138 3545 secuti,
2171 3479 2274 3549 ipsi
2305 3495 2529 3550 quoque
2559 3497 2737 3551 usque
2769 3483 2837 3537 ad
2879 3497 3045 3537 naves
3081 3485 3421 3552 procedunt:
3453 3501 3518 3538 ac

1940 3568 2234 3634 classiarii,
2290 3571 2365 3625 ita
2407 3588 2532 3626 cum
2583 3582 2831 3642 agentem
2877 3589 3002 3629 eum
3063 3575 3263 3640 vident,
3314 3577 3520 3646 plltiOZ‘l:

1940 3661 2310 3716 conviciorum
2339 3663 2634 3731 compulsi,
2663 3667 2948 3722 conversis
2976 3683 3164 3722 rursus
3202 3669 3382 3737 proris
3416 3672 3516 3720 atl-

1944 3768 2134 3808 versus
2175 3763 2488 3808 nostrorum
2511 3771 2699 3820 naves,
2735 3766 2958 3813 strenue
2989 3759 3290 3814 decertant.
3312 3759 3514 3814 Verum

1939 3843 2068 3914 quid
2103 3857 2242 3912 opus
2271 3853 2376 3909 est,
2409 3853 2470 3898 ut
2501 3842 2752 3900 eventum
2778 3847 3004 3901 dicam?
3033 3848 3154 3904 Non
3186 3852 3346 3904 modo
3377 3851 3515 3904 nihil

1940 3934 2240 4005 quidquam
2292 3945 2602 3990 nocuerunt
2647 3938 2901 4004 navjbus,
2935 3941 3028 3992 sed
3071 3941 3235 3994 etiam
3268 3951 3420 3996 tanta
3457 3945 3510 3995 in

1941 4038 2036 4080 eos
2069 4025 2251 4079 clades
2283 4033 2605 4096 stragesque
2636 4029 2784 4082 edita
2816 4038 2922 4091 est,
2962 4039 3020 4083 ut
3053 4032 3306 4086 triremes
3341 4034 3516 4086 redire.

1941 4129 2050 4168 non
2082 4127 2324 4186 possent.
2349 4118 2528 4173 Occisi
2553 4127 2683 4173 sunt
2705 4120 2798 4173 illo
2815 4119 2903 4174 die
2925 4121 3182 4188 Λευ-συί,
3213 4131 3350 4177 utex
3380 4124 3516 4194 ipsis

1942 4210 2198 4278 cognovi,
2225 4209 2349 4278 plus
2380 4210 2678 4266 duodecies
2702 4212 2922 4267 millein
2960 4215 3094 4266 mari
3118 4215 3403 4271 duntaxat.
3433 4219 3518 4268 ln-

259 4321 399 4374 quas
424 4304 606 4359 verbis
635 4305 942 4374 exprimere
973 4317 1082 4357 non
1119 4303 1290 4372 magis
1317 4318 1484 4372 quam
1516 4313 1836 4358 cmterorum
1873 4309 2170 4372 n-gruente
2213 4311 2398 4366 nocte.
2451 4304 2674 4368 Classis.
2729 4307 3059 4361 necessilale
3105 4320 3316 4373 coacta.
3354 4311 3516 4377 paulu

261 4397 538 4452 clamores
570 4396 804 4465 possim,
835 4395 1038 4465 quibus
1069 4404 1218 4450 astra
1266 4393 1623 4450 feriebantur.
1653 4394 1842 4466 itaque

257 4475 476 4542 exarsit
515 4501 710 4540 rursus
737 4485 1115 4540 vehementius
1153 4499 1354 4554 pugna,
1402 4499 1467 4539 ac
1495 4487 1649 4540 multi
1680 4501 1710 4541 e
1743 4485 1842 4540 tri-

258 4579 514 4634 remibus
548 4577 716 4633 occisi
752 4588 845 4632 aut
874 4576 1124 4632 suli‘ocati
1158 4586 1310 4643 sunt,
1343 4576 1673 4647 duabusque
1705 4577 1842 4632 adeo

260 4670 590 4725 triremibus
618 4669 817 4738 captis,
848 4669 903 4723 in
939 4684 1196 4738 maguum
1231 4668 1480 4723 timorem
1509 4669 1839 4724 inciderunt.

256 4764 497 4817 Ameras
519 4776 645 4814 cum
675 4759 833 4814 talem
865 4767 1183 4829 tantamque
1205 4757 1440 4814 dassem
1467 4759 1680 4813 nullum
1708 4775 1838 4829 ope-

256 4869 341 4908 ra:
373 4853 611 4922 pretium
636 4851 838 4916 facere,
868 4851 979 4904 imo
1007 4850 1192 4920 potius
1222 4851 1473 4918 superari
1503 4850 1728 4916 videret,
1761 4852 1841 4905 ira

256 4953 318 4999 et
367 4943 557 4998 furore
591 4943 871 5009 incensus,
909 4943 1148 4997 fremens
1186 4951 1242 4997 et
1274 4941 1532 4996 dentibus
1560 4940 1838 5008 frendens,

262 5036 576 5091 maledictis
594 5050 724 5089 suos
756 5034 1042 5105 proscidit,
1070 5037 1318 5104 ignavos,
1350 5033 1710 5097 eﬂ’eminatos,
1744 5050 1842 5091 ue-

256 5127 500 5182 bulones
548 5125 836 5194 increpans
873 5142 890 5192 ;
945 5140 1010 5178 ac
1051 5125 1286 5180 subditis
1332 5140 1478 5196 equo
1510 5126 1840 5190 calcaribus,

260 5219 320 5271 in
362 5231 513 5272 mare
560 5228 851 5287 provectus
906 5228 988 5272 est
1017 5217 1211 5286 (prope
1248 5217 1392 5270 enim
1422 5233 1450 5269 a
1485 5225 1628 5271 terra
1676 5233 1844 5272 naves

261 5310 522 5372 aberant,
578 5310 797 5363 circiter
827 5309 1037 5376 jactum
1070 5307 1288 5376 lapidis)
1322 5345 1338 5370 ,
1391 5317 1448 5362 ut
1496 5320 1677 5363 vestes
1723 5311 1843 5375 ejus

263 5395 570 5448 maximam
635 5406 844 5464 partem
903 5411 1042 5465 aqua
1085 5396 1228 5450 salsa
1277 5395 1652 5452 madeﬁerent.
1688 5399 1843 5461 Quod

265 5479 364 5537 ulii
417 5501 542 5538 eum
599 5485 890 5541 lacientcm
938 5487 1071 5540 vidit
1101 5486 1401 5549 exercitus,
1447 5488 1538 5556 qui
1577 5489 1629 5541 in
1661 5490 1842 5544 littore

267 5585 414 5640 erat,
441 5576 813 5645 indignatione
839 5587 890 5632 et
915 5576 1107 5652 dolore
1135 5579 1420 5644 commoti,
1454 5580 1839 5654 οοιιι-ίυὶυιειιτ

1944 4392 2191 4455 recessit,
2226 4402 2281 4448 et
2313 4403 2552 4464 quatuor
2577 4395 2683 4450 illa:
2716 4411 2902 4461 naves,
2929 4403 3386 4468 opportunitatem
3415 4401 3515 4476 ita-

1944 4491 2062 4549 cui,
2099 4493 2318 4553 portum
2351 4487 2649 4552 intrarunt,
2685 4490 2906 4544 nemine
2937 4493 3002 4546 de
3029 4494 3146 4546 suis
3170 4495 3374 4561 υει-ἰεο,
3399 4511 3517 4564 ρον-

1942 4578 2132 4646 paucis
2182 4577 2503 4642 vulneratis,
2547 4597 2781 4650 quorum
2837 4593 2962 4652 post
2991 4585 3203 4654 aliquot
3249 4588 3366 4642 dies
3405 4589 3517 4642 duo

1944 4667 2028 4722 vel
2053 4676 2162 4722 tres
2193 4669 2260 4723 ad
2287 4669 2580 4725 Dominum
2622 4675 2954 4744 migrarunt.
2987 4677 3215 4732 Ameras
3247 4678 3381 4734 adeo
3403 4681 3516 4734 ira-

1944 4760 2201 4814 scebatur
2238 4765 2705 4834 succensebatque
2752 4767 2950 4822 classis
2977 4770 3256 4836 praefecto,
3300 4785 3356 4823 ut
3391 4776 3515 4840 palo

1943 4841 2417 4932 eum‘transligere
2446 4859 2730 4925 cogitaret,
2763 4859 2909 4925 quod
2935 4858 3076 4913 illius
3106 4861 3317 4929 ignavia
3345 4872 3398 4916 et
3421 4879 3516 4918 se-

1943 4942 2113 5010 gnitia
2135 4957 2301 4996 naves
2333 4942 2422 4996 illa
2451 4957 2612 4999 nocte
2635 4948 2963 5012 evasissent,
2990 4950 3243 5021 idemque
3260 4954 3514 5010 socordia

1943 5039 1998 5085 et
2023 5031 2293 5101 imperitia
2322 5036 2647 5103 praepeditus
2680 5054 2786 5091 non
2832 5040 3197 5109 prohibuisset
3228 5060 3340 5103 eas.
3376 5061 3517 5114 quo-

1947 5123 2126 5178 minus
2157 5137 2370 5194 portum
2406 5127 2698 5184 intrarent.
2726 5129 2926 5182 Verum
2962 5131 3182 5199 quidam
3211 5141 3432 5189 senatus
3457 5147 3512 5190 et

1945 5217 2083 5269 aulae
2124 5232 2379 5285 proceres
2433 5220 2686 5285 precibus
2728 5222 3086 5288 impetrarunt
3117 5226 3186 5278 ab
3220 5241 3421 5288 amera,
3454 5239 3514 5282 ut

1943 5323 2068 5361 eum
2131 5309 2312 5363 vivere
2363 5319 2679 5376 pateretur:
2738 5293 2834 5379 qui
2885 5320 3067 5367 tamen
3099 5315 3359 5384 dignitate
3383 5334 3509 5373 eum

1943 5397 2114 5451 exuiit
2131 5414 2432 5467 omnesque
2453 5399 2740 5455 facultates
2759 5403 2876 5472 ejus
2895 5405 3240 5472 jannitzariis
3268 5409 3510 5465 donavit.

2015 5489 2254 5542 Rursum
2319 5504 2550 5545 maestus
2605 5509 2844 5560 ameras,
2894 5497 3050 5550 canis
3105 5499 3276 5550 instar
3314 5517 3510 5556 manus

1947 5582 2184 5648 mordet,
2229 5584 2366 5650 pede
2411 5595 2612 5640 terram
2643 5587 2844 5650 pulsat,
2871 5604 3018 5654 cum,
3047 5589 3131 5645 bis
3155 5599 3206 5644 et
3233 5603 3314 5645 ter
3343 5596 3514 5648 muris
