3916 6196
440 131 541 191 δεῖ
582 132 586 136 ’

1680 126 2004 187 GEORGII
2039 86 2462 185 l‘HitAN'I‘ZrE
3532 130 3623 196 833

434 238 866 309 ἁνωρθωμιένους
921 237 1172 310 εὕρισκεν
1197 279 1211 303 ,
1262 240 1365 291 καὶ
1418 239 1610 292 ἑκατὸν
1664 242 2006 309 πεντήκοντα
2040 248 2079 301 Α
2112 242 2359 309 γέφυραν
2393 238 2790 300 κατασκευάζει
2838 237 3021 308 τρόπῳ
3048 241 3227 310 τοιῷδε
3261 258 3273 273 ·
3308 242 3492 301 ἀκάτια
3534 250 3625 316 γάρ

434 334 682 403 τριήρεις
736 332 946 400 διήρεις
989 348 1050 383 τε
1103 330 1198 383 καὶ
1235 331 1493 401 μονήρεις
1518 332 1621 385 οὐκ
1650 331 1996 401 ἠδυνήθησαν

434 424 646 477 ἁλῶσαι
688 424 788 486 τὰς
840 424 1115 489 τέσσαρας
1162 422 1379 485 ὲκείνας
1413 423 1585 493 νῆας,
1624 423 1761 476 άλλὰ
1797 422 2000 492 μᾶλλον

434 517 531 569 καὶ
586 515 840 568 τοσοῦτον
898 514 1060 582 φόνον
1114 515 1195 577 είς
1247 514 1447 576 αὐτοὺς
1496 512 1803 583 ἐποίησαν,
1836 513 1993 582 251

435 607 711 670 στενάζων
746 608 809 659 ὲκ
839 606 1069 675 καρδίαις
1109 605 1316 667 καπνὸς
1361 606 1426 657 ἐκ
1465 605 1561 658 τοῦ
1595 603 1863 674 στόματος
1896 608 2000 656 αύ-

432 697 526 748 τού
581 696 851 760 ἐξέϐαινε’
905 696 999 747 καὶ
1034 695 1312 763 ἐλογίζετο
1359 696 1413 747 τί
1469 695 1576 749 ἔδει
1631 697 1881 767 ποιῆσαι,
1912 696 2000 749 ἵνα

431 789 529 858 τὴν
567 788 723 841 πόλιν
769 787 955 839 πλεῖον
1005 787 1171 857 θλίψῃ
1217 790 1313 841 καὶ
1358 790 1746 860 στενοχωρήση
1785 791 1880 842 καὶ
1911 789 2000 842 διὰ

434 881 708 949 θαλάσσης
781 879 875 932 καὶ
934 879 1104 949 ξηρᾶς
1152 880 1251 947 τὴν
1295 880 1626 950 ’πολιορκίαν
1678 881 1847 951 δώσῃ.
1889 881 2000 934 Καὶ

432 972 690 1041 τοιαύτην
722 969 994 1039 ἐλογίζετο
1031 969 1305 1040 μηχανὴν,
1338 970 1424 1023 ἵνα
1458 972 1622 1042 μέρος
1661 972 1755 1025 τοῦ
1807 974 1998 1027 στόλου

432 1066 665 1135 εἰσφέρῃ
690 1064 797 1116 ἔσω
826 1064 918 1116 τοῦ
952 1063 1197 1131 λιμένος.
1232 1063 1343 1114 Καὶ
1376 1059 1443 1134 ἦν
1467 1066 1494 1116 ὁ
1524 1064 1683 1131 λόγος
1714 1065 1878 1127 εὐθὺς
1904 1067 2001 1117 καὶ

432 1160 490 1210 τὸ
534 1159 720 1227 ἔργον,
770 1159 868 1210 καί⁹
901 1158 963 1208 ἐκ
1012 1155 1109 1209 τοῦ
1157 1154 1381 1208 ὗπισθεν
1431 1155 1632 1226 μέρους
1663 1156 1757 1208 τοῦ
1786 1156 2003 1210 Γαλατᾶ

434 1250 517 1312 διά
546 1248 640 1301 τοῦ
674 1248 840 1315 λόφου
873 1246 993 1301 ὁδὸν
1021 1246 1239 1298 εὐθεῖαν
1267 1242 1623 1317 ᾠκονόμησεν
1654 1247 1759 1311 ἕως
1789 1248 1884 1301 τοῦ
1916 1247 2002 1300 λι-

434 1340 595 1407 μένος
625 1339 948 1408 ἐρχομένην,
979 1339 1073 1390 καὶ
1092 1337 1289 1389 σανίσι
1317 1339 1411 1391 καὶ
1439 1338 1619 1403 ξύλοις
1653 1341 1840 1392 πᾶσαν
1864 1357 2001 1393 κατ-

434 1433 728 1498 έστρωσεν,
764 1428 834 1491 ἃς
909 1427 1100 1499 ήλειψε
1146 1428 1363 1490 σανίδας
1400 1429 1539 1497 μετὰ
1586 1429 1809 1492 στέατος
1862 1428 2023 1499 βοῶν

434 1524 524 1574 καὶ
557 1522 746 1590 κριῶν·
792 1520 883 1575 καὶ
938 1521 1154 1591 ὄργανα
1207 1522 1521 1590 πολύτροποι
1565 1520 1728 1591 ἔτερα
1769 1523 2003 1590 ποιήσας

2105 350 2249 398 τινα,
2283 333 2483 401 ἀγγεῖα
2534 332 2773 401 μεγάλα,
2810 316 3127 397 ξυλυπίθους
3148 332 3369 401 συνάξας
3406 336 3625 402 πολλοὺς,

2105 425 2200 477 καὶ
2227 422 2409 487 ξύλοις
2458 424 2691 492 μακροῖς
2735 424 2854 491 ἦτοι
2892 421 3073 482 δοκοῖς
3123 421 3216 473 καὶ
3281 422 3503 491 σιδήροις
3554 427 3631 477 καὶ

2109 517 2363 585 σχοινίοις
2397 514 2634 586 ἰσχυρῶς
2670 514 2767 567 καὶ
2800 512 3044 575 δυνατῶς
3092 512 3412 582 συνσφίγεας
3443 515 3528 567 καὶ
3554 513 3627 582 δή.

2109 625 2227 673 σας,
2279 609 2363 660 ἵνα
2409 609 2483 677 μὴ
2546 606 2617 659 τὰ
2660 604 2880 675 ἁλμυρὰ
2940 603 3107 656 ὕδατα
3142 604 3433 675 δυνηθῶσιν
3480 604 3633 658 ὲκθλϊς

2105 699 2205 764 tiret:
2254 700 2315 753 τὸ
2366 699 2548 770 ἔργον,
2609 696 2725 752 εἶτα
2764 697 2972 751 ἄνωθεν
3026 696 3131 748 τῶν
3156 695 3388 749 ἀκατίων
3430 695 3517 749 καὶ
3555 698 3635 762 ἁγ-

2107 792 2270 860 γείων
2315 793 2406 844 καὶ
2450 791 2558 845 τῶν
2594 790 2765 855 ξύλων
2796 789 3017 851 σανίδας
3065 784 3301 847 δυνατῶς
3350 785 3508 856 δήσας
3558 787 3638 836 καὶ

2110 884 2403 938 σκολόπεσι
2473 884 2715 953 σιδηροῖς
2782 883 2907 952 ἦτοι
2958 879 3243 950 περόναις,
3290 877 3397 941 καὶ
3448 876 3637 945 γέφυρα

2107 978 2352 1046 ἐγεγόνει
2384 975 2585 1045 δυνατή
2616 974 2709 1028 καί
2740 992 2792 1027 τι
2815 973 2977 1042 καλὴ,
3010 973 3208 1041 ἔχουσα
3228 970 3288 1021 τὸ
3328 966 3516 1029 πλάτος
3560 966 3666 1035 ὀρ·-

2108 1069 2275 1135 γυίων
2308 1054 2666 1138 πεντήκοντα,
2698 1066 2758 1118 τὸ
2790 1065 2846 1117 δὲ
2880 1065 3091 1135 μάκρος
3119 1062 3332 1126 ἑκατὸν,
3377 1058 3506 1111 ὥστε
3536 1060 3639 1124 φαί-

2110 1160 2299 1214 νεσθαι
2327 1161 2427 1228 τὴν
2476 1159 2652 1228 μέσην
2688 1159 2869 1210 πᾶσαν
2910 1156 3006 1210 τοῦ
3056 1154 3277 1223 λιμένος
3322 1151 3395 1213 ὠς
3428 1152 3478 1203 ὲν
3522 1148 3638 1219 ξηρᾷ

2109 1252 2457 1318 περιπατεῖν.
2488 1245 2620 1303 Εἶτα
2654 1248 2748 1300 καλ⁵
2778 1245 3018 1299 έλεὸόλιν
3052 1242 3260 1299 ἄνωθεν
3283 1240 3380 1311 τῆς
3402 1236 3638 1309 γεφύρας

2112 1344 2315 1415 βαλὼν,
2373 1345 2470 1397 καὶ
2523 1344 2580 1396 αί
2631 1342 2885 1412 τριήρεις
2943 1338 3081 1409 ὁμοῦ
3112 1337 3250 1407 πρὸς
3295 1335 3361 1387 τά
3390 1334 3533 1402 τείχη
3558 1331 3637 1400 τῆς

2110 1438 2319 1499 πόλεως
2351 1437 2406 1488 ὲν
2437 1435 2667 1496 ἐκείνοις
2702 1435 2818 1496 τοῖς
2878 1432 3105 1502 μέρεσιν
3135 1428 3383 1483 ἔτυπτον.
3451 1423 3638 1484 Ἰδόντες

2110 1529 2168 1583 δι
2203 1528 2343 1582 αὐτὰ
2374 1530 2401 1581 ό
2436 1527 2689 1596 βασιλεὺς
2721 1525 2816 1578 καὶ
2843 1525 2996 1578 πᾶσα
3041 1522 3075 1591 ἡ
3101 1518 3262 1583 πόλις
3297 1520 3374 1580 είς
3424 1513 3638 1585 ταραχήν

433 1614 523 1665 καὶ
574 1614 850 1683 μηχανὰς,
899 1612 999 1675 τὰς
1048 1614 1297 1683 τριήρεις
1331 1615 1426 1665 καί
1457 1614 1664 1683 διήρεις
1697 1615 1753 1665 ἐν
1780 1613 2004 1683 εὐκολίᾳ
2035 1607 2078 1666 Β
2105 1621 2383 1689 λογισμῶν
2416 1618 2670 1690 μεγάλων
2692 1618 2949 1670 ἐνέπεσον
2978 1631 2992 1647 ·
3017 1613 3209 1667 ἐδεδίει
3235 1610 3343 1680 γὰρ
3371 1607 3634 1677 όβασιλεῦς

435 1704 635 1757 ἱνωθεν
673 1708 730 1758 έν
761 1703 843 1773 τῷ
867 1703 1018 1774 λόφῳ
1050 1703 1224 1774 σύρας
1258 1704 1366 1757 έσω
1403 1706 1461 1756 ἐν
1494 1704 1572 1773 τῷ
1612 1705 1796 1774 λιμένι
1836 1720 2007 1758 κατα-

432 1799 659 1860 ϐιϐάσας
692 1797 889 1867 ἔφερεν
917 1796 1109 1859 αὑτάς.
1159 1796 1266 1849 Καὶ
1296 1793 1363 1866 ἦν
1392 1795 1452 1848 τὸ
1482 1796 1640 1865 ἔργον
1665 1796 1985 1865 θαυμαστὸν

432 1894 523 1942 καὶ
557 1890 869 1959 ναυμαχίας
901 1888 1269 1957 στρατήγημα
1302 1887 1545 1955 ἄριστον.
1596 1888 1737 1956 Ἐγὼ
1767 1889 1822 1941 δὲ
1848 1888 1996 1956 λογί-

432 1984 623 2049 ζομαι,
674 1981 767 2030 τὸν
824 1980 1079 2048 Καίσαρα
1146 1966 1459 2046 Λύγουστον
1509 1981 2005 2048 ὲμιμήσατο,ὃταν

435 2074 574 2140 μετὰ
619 2070 714 2124 τοῦ
754 2070 1045 2125 ’Λντωνίου
1096 2071 1191 2124 καὶ
1244 2070 1598 2139 Κλεοπάτρας
1643 2072 1904 2140 ἐμάχετο,
1948 2070 2007 2134 ὃς

432 2164 655 2237 διαοτὸν
712 2162 875 2215 σάλον
932 2163 1030 2230 τῆς
1097 2163 1373 2229 θαλάσσης
1428 2162 1680 2225 καὶτοὺς
1729 2164 2006 2226 ἐναντίους

436 2254 675 2323 ἀνέμους
729 2254 830 2306 οὐκ
883 2252 1114 2321 ἐδυνήθη
1172 2251 1521 2322 περιοδεῦσαι
1573 2252 1853 2306 κύκλωθεν
1904 2253 2006 2318 τῆς

434 2353 603 2415 νήσου
638 2345 736 2398 τοῦ
770 2344 1038 2406 Πέλοπος,
1066 2346 1161 2397 καὶ
1187 2343 1356 2397 ἐλθὼν
1383 2343 1472 2396 διὰ
1507 2342 1602 2396 τοῦ
1650 2343 1867 2411 Ἰσθμοῦ
1906 2345 2005 2408 τὰς

432 2440 564 2506 νῆας
597 2439 769 2505 σύρας
801 2437 880 2489 ἔτι
928 2436 1066 2504 πρὸς
1118 2434 1260 2504 έῴαν
1293 2435 1392 2504 τῆς
1438 2435 1690 2498 Ἑλλάδος
1730 2435 2006 2507 θαλάσσης

431 2532 647 2601 ταχέως
688 2532 744 2582 ὲν
774 2532 841 2600 τῇ
896 2529 1051 2600 Ἀσίᾳ
1075 2528 1270 2592 ὁδεύει,
1311 2528 1344 2599 ἢ
1382 2529 1476 2581 καὶ
1520 2528 1610 2583 τὸν
1630 2529 1875 2599 Νικητᾶν
1902 2547 2009 2582 πα-

432 2624 671 2689 τρίκιον,
699 2624 827 2676 ὅταν
863 2623 958 2675 καὶ
1002 2622 1168 2684 αὐτὸς
1215 2624 1281 2675 ὲκ
1304 2623 1404 2691 τῆς
1447 2620 1768 2691 Ἑλλαδικῆς
1798 2622 2006 2675 θαλάσ-

434 2731 534 2781 σης
560 2713 659 2775 τὰς
694 2712 946 2782 τριήρεις
975 2712 1032 2762 ὲν
1061 2714 1127 2780 τῇ
1165 2713 1357 2781 δυτικῇ
1408 2715 1659 2781 περάσας
1701 2714 1828 2776 τοὺς
1858 2713 2007 2783 Κρῆ-

430 2822 525 2869 τας
556 2807 613 2857 ἐν
645 2806 712 2874 τῇ
750 2801 985 2873 Μοθώνῃ
1012 2798 1127 2855 καὶ
1153 2802 1312 2872 Πύλῳ
1334 2801 1703 2873 ὲτροπώσατο.

501 2898 703 2951 Λοιπδν
768 2899 796 2949 ό
841 2896 1064 2965 άμηρᾶς
1121 2893 1219 2958 τὰς
1270 2895 1527 2967 τριήρεις
1585 2895 1760 2966 φέρας
1788 2896 1848 2948 ἰν
1904 2898 2076 2996 μιᾷϐ

431 2990 608 3055 νυκτὶ,
638 2991 696 3042 έν
721 2987 883 3057 252
913 2987 990 3056 τῷ
1020 2986 1197 3058 λιμένι
1233 2985 1310 3057 τῷ
1340 2985 1484 3056 πρωῒ
1512 2985 1846 3057 ηὑρέθησαν.
1874 2981 2007 3042 Εἶτα

433 3169 736 3232 concussis,
770 3167 936 3223 fossis
967 3165 1231 3236 impletis,
1282 3165 1429 3220 illico
1479 3180 1543 3220 ea
1579 3166 1879 3223 instaurata
1921 3168 2009 3221 in—

436 3264 602 3328 venit,
639 3269 694 3314 et
723 3270 943 3313 centum
985 3268 1039 3312 et
1068 3257 1470 3327 quinquaginta
1524 3257 1803 3325 triremes,
1859 3258 2005 3314 hire—

436 3370 570 3417 mes,
640 3352 918 3406 uniremes
966 3363 1159 3417 capere
1182 3361 1293 3401 non
1347 3348 1592 3416 potuisse
1611 3349 1731 3403 illas
1757 3358 2000 3418 quatuor

441 3456 632 3505 naves,
660 3440 751 3495 sed
798 3446 1006 3493 tantam
1059 3435 1225 3489 abiis
1280 3436 1825 3507 clademperpessas
1888 3454 2007 3494 esse

444 3535 778 3592 considerat.
811 3530 1002 3585 Trahit
1030 3544 1096 3585 ex
1122 3529 1233 3583 imo
1275 3526 1495 3598 pectore
1518 3529 1799 3599 gemitum,
1821 3537 1888 3586 et
1916 3530 2004 3584 fu—

439 3639 548 3682 :nat
577 3642 671 3681 ore
694 3667 709 3693 ,
746 3640 810 3680 ac
838 3623 1225 3685 meditabatur,
1250 3621 1383 3692 quid
1438 3621 1581 3677 facto
1625 3636 1766 3691 opus
1833 3630 2000 3687 esset,

438 3729 490 3774 ut
521 3720 711 3775 urbem
744 3716 968 3786 gravius
1002 3725 1223 3783 urgeret
1245 3722 1299 3768 et
1356 3721 1632 3783 premeret
1659 3727 1725 3768 ac
1773 3722 1918 3768 terra
1951 3721 2006 3768 et

439 3812 574 3866 ιιιειί
605 3810 905 3864 obsideret.
935 3806 1120 3862 Talem
1155 3807 1321 3877 igitur
1356 3807 1624 3864 rationem
1652 3808 2003 3879 exc0gitarit,

436 3913 541 3972 qua
576 3889 787 3972 partem
823 3900 1025 3955 classis
1077 3899 1133 3952 in
1192 3907 1408 3968 partum
1466 3898 1741 3968 trajiceret
1778 3916 1792 3953 :
1836 3914 2001 3969 quam

440 3996 699 4049 rationem
757 3993 939 4048 statim
1001 3990 1143 4045 facto
1173 3990 1446 4059 probavit.
1494 3991 1539 4044 A
1598 4003 1751 4061 tergo
1799 3990 2005 4046 Galatae

439 4104 587 4142 .rans
614 4088 807 4141 collem
840 4086 986 4138 viam
1007 4092 1219 4159 rectam
1247 4083 1311 4137 ad
1342 4094 1561 4152 portum
1615 4097 1787 4152 usque
1842 4083 2007 4153 perti-

440 4192 653 4234 nenth
693 4177 842 4241 facit,
892 4185 1172 4245 totamque
1197 4175 1417 4231 assibus
1446 4174 1804 4243 trabibusque
1859 4184 2003 4229 ster-

2106 1714 2193 1767 διὰ
2229 1715 2327 1781 τὴν
2369 1712 2659 1780 ὀλιγότητα
2684 1708 2865 1780 ήμῶν.
2923 1707 3035 1760 Καὶ
3096 1704 3296 1774 βουλῆς
3351 1697 3634 1769 γενομένης,

2108 1807 2196 1861 ἵνα
2223 1806 2271 1858 οἱ
2304 1803 2600 1873 στρατηγοὶ
2627 1802 2722 1854 καὶ
2752 1801 2803 1852 οἱ
2827 1800 3100 1869 δήμαρχοι
3125 1796 3224 1849 καὶ
3270 1794 3318 1847 οί
3346 1794 3515 1862 ἕτεροι
3539 1792 3635 1859 dp:-

2109 1914 2223 1951 στοι
2254 1896 2449 1966 ἄνδρες
2492 1892 2684 1946 Ἰταλοί
2712 1908 2771 1944 τε
2832 1890 2928 1944 καὶ
2967 1889 3251 1957 Ῥωμαῖοι,
3314 1876 3635 1952 όλίγοι’πάνυ

2108 1990 2445 2058 εὑρεθέντες,
2479 1988 2617 2040 ὅπου
2664 1985 2709 2038 δ’
2765 1984 2832 2038 ἂν
2861 1982 3057 2036 νεωστὶ
3113 1975 3537 2049 προσταχθῶσιν,
3592 1972 3634 2024 ὲν

2108 2079 2338 2141 ἐκείνοις
2376 2078 2491 2139 τοῖς
2526 2075 2715 2138 τόποις
2766 2073 2998 2135 ἕκαστος
3052 2069 3237 2125 αὐτῶν
3297 2065 3495 2136 ἀπέλθῃ
3534 2066 3635 2125 τοὺς

2106 2173 2323 2240 τείχους
2375 2169 2670 2237 φυλάττειν
2717 2166 2812 2219 καὶ
2848 2166 2962 2228 τοῖς
2994 2162 3211 2233 ἐχθροῖς
3253 2156 3633 2228 άντιμάχεσθαι.

2108 2265 2215 2317 Καὶ
2241 2260 2457 2333 πρῶτον
2491 2277 2589 2331 μεν
2616 2258 2694 2329 τῷ
2733 2258 2832 2326 τῆς
2871 2255 3118 2316 Ἐνετίας
3171 2253 3390 2324 μπαῖλῳ
3429 2246 3635 2318 Ἱερωνύ-

2112 2374 2196 2426 μῳ
2221 2356 2456 2425 Μηνότῳ
2492 2348 2898 2421 ὲνεμπιστεύθη
2923 2348 3223 2418 φυλάττειν
3252 2346 3345 2398 καὶ
3375 2340 3637 2407 οἰκονομεῖν

2107 2447 2174 2500 τὰ
2212 2446 2491 2515 ἀνάκτορα
2515 2443 2610 2496 καὶ
2647 2443 2825 2495 πάντα
2858 2440 2928 2494 τὰ
2961 2440 3141 2493 ἐκεῖσε
3177 2451 3193 2467 ·
3227 2437 3305 2506 τῷ
3329 2434 3385 2487 δὲ
3419 2431 3519 2485 τῶν
3541 2431 3634 2482 Ka-

2107 2538 2354 2593 ταλάνων
2398 2533 2671 2605 κονσούλῳ
2696 2534 2892 2603 Πέτρῳ
2920 2531 3080 2601 253
3105 2528 3383 2599 Γουλιάνῳ
3400 2527 3543 2596 ἐδόθη
3568 2526 3636 2577 ἵνα

2109 2631 2359 2701 φυλάττῃ
2387 2630 2444 2682 ὲν
2480 2629 2594 2691 τοῖς
2619 2627 2810 2695 μέρεσι
2842 2624 2940 2678 τοῦ
2976 2622 3372 2686 Βουκολέοντος
3411 2620 3498 2676 καὶ
3532 2620 3635 2688 ἄχρι

2108 2722 2273 2789 ἐγγὺς
2305 2719 2402 2773 τοῦ
2434 2717 2857 2780 Κοντοσκαλίου,
2886 2714 2965 2785 τῷ
2986 2714 3045 2767 δὲ
3082 2714 3334 2784 Ἰακώϐῳ
3362 2710 3635 2783 Κονταρίνῳ

2108 2812 2198 2866 ἶνα
2227 2804 2473 2880 φυλάττῃ
2500 2807 2570 2861 τὰ
2608 2808 2753 2878 μέρη
2782 2805 2892 2860 τῶν
2920 2804 3120 2875 τειχῶν
3141 2805 3241 2859 τοῦ
3266 2803 3456 2871 ἔξωθεν
3502 2800 3634 2870 λιμέ-

2107 2919 2193 2965 νος
2225 2902 2319 2953 καὶ
2352 2899 2458 2961 ἓως
2487 2898 2654 2966 ἔγγὺς
2683 2896 2796 2951 τῶν
2832 2894 3203 2965 ’Υψωμαθίων
3234 2896 3350 2966 (καὶ
3375 2896 3431 2948 ού
3463 2894 3635 2947 διέλιπε

2108 2996 2282 3049 ποιεῖν
2307 2993 2375 3045 τὰ
2410 2992 2511 3045 ὅσα
2537 2989 2714 3056 ἔξεστι
2748 2985 3133 3057 στρατιώταις,
3167 2988 3264 3042 καὶ
3310 2986 3528 3058 μάλιστα
3545 2986 3634 3047 τοῖς

2105 3181 2325 3245 postero
2357 3184 2518 3226 mane
2548 3171 2604 3225 in
2636 3177 2795 3240 portu
2829 3170 3061 3225 inventa:
3086 3177 3246 3227 sunt.
3292 3170 3485 3226 Deinde
3526 3182 3636 3239 pon-

2107 3275 2214 3319 tem
2248 3264 2351 3317 hoc
2369 3262 2530 3316 modo
2563 3261 2853 3315 exstruxit.
2886 3261 3093 3328 Acatia,
3142 3262 3255 3315 alia
3305 3261 3472 3329 lignea
3528 3273 3635 3311 vasa

2106 3357 2308 3423 ampla,
2344 3353 2465 3407 dola
2497 3366 2698 3421 magno
2726 3366 2958 3407 numero
3020 3353 3357 3421 comportari
3397 3350 3571 3422 jussit,
3596 3358 3637 3403 et

2105 3448 2267 3517 lignis
2295 3445 2474 3514 longis
2504 3445 2619 3499 sive
2648 3443 2917 3510 trabibus,
2948 3442 3301 3499 ferramentis
3331 3454 3383 3499 et
3422 3443 3635 3504 funibus.

2108 3540 2339 3595 firmiter
2389 3546 2443 3594 et
2492 3546 2640 3593 arcte
2686 3537 2991 3608 constringi
3027 3548 3080 3592 et
3112 3538 3389 3609 colligari,
3424 3553 3484 3592 uc
3526 3551 3638 3604 opus

2105 3632 2363 3687 ﬂuctibus
2387 3630 2556 3685 maris
2586 3629 2956 3697 disjiceretur.
2985 3628 3195 3685 Deinde
3260 3646 3422 3701 super
3467 3628 3637 3688 acatia,

2104 3737 2258 3787 vasa,
2285 3721 2466 3776 trabes
2496 3721 2710 3776 assibus
2728 3735 2825 3791 per
2855 3721 3040 3776 clavos
3059 3721 3271 3776 ferreos
3314 3722 3429 3777 sive
3473 3719 3639 3775 ﬁbulas

2102 3816 2278 3871 valide
2308 3816 2502 3880 allixis,
2560 3830 2700 3883 pons
2767 3814 2956 3870 firmus
3003 3822 3058 3868 et
3085 3816 3319 3883 pulcher
3370 3816 3637 3876 factusest,

2103 3906 2388 3962 latitudine
2409 3906 2826 3975 quinquaginta,
2851 3905 3189 3975 longitudine
3207 3916 3424 3961 centum
3447 3906 3639 3976 pedum.

2107 4001 2163 4046 ut
2210 4006 2305 4060 per
2347 3999 2524 4047 totum
2561 3992 2796 4047 medium
2847 4000 3064 4060 pontem
3112 4002 3378 4065 tanquam
3411 3996 3462 4050 in
3512 3996 3639 4048 sicco

2103 4082 2369 4137 ambulari
2402 4080 2752 4151 posset.Tum
2782 4082 3013 4152 helepoli
3047 4086 3201 4151 ponti
3243 4084 3485 4155 imposita
3506 4083 3640 4136 trire-

2103 4173 2391 4244 mibusque
2420 4174 2584 4229 simul
2618 4174 2685 4228 ad
2721 4174 2909 4229 urbem
2933 4175 3193 4240 admotis,
3220 4180 3491 4231 mmniaea
3510 4186 3641 4245 parte

440 4277 538 4337 nit,
587 4271 744 4340 adipe
788 4269 952 4323 boum
1009 4275 1064 4321 et
1120 4280 1405 4321 vervecum
1456 4266 1758 4334 perunctis.
1820 4265 2003 4321 Multis
2031 4277 2081 4338 ι)
2108 4274 2390 4334 percutere
2415 4278 2723 4336 cmperunt.
2754 4266 2877 4322 litec
2898 4283 3021 4323 cum
3056 4270 3433 4339 conspicerent
3496 4269 3641 4336 impe-

439 4365 660 4431 insuper
690 4360 811 4414 aliis
844 4359 1223 4413 instrumentis
1243 4357 1619 4424 machinisque
1636 4356 1773 4410 varii
1795 4357 2008 4425 generis

438 4452 790 4517 cnnstruetis,
816 4452 1071 4504 triremes
1127 4457 1181 4502 et
1222 4448 1481 4511 biremes,
1543 4447 1691 4502 facili
1745 4464 1908 4517 opera
1950 4449 2005 4520 in

440 4547 625 4600 collem
649 4543 965 4606 subvectas,
996 4541 1048 4593 in
1073 4549 1287 4608 portum
1312 4538 1556 4594 deducit.
1581 4540 1723 4594 Erat.
1742 4554 1883 4609 opus
1900 4541 2006 4595 mi-

441 4635 611 4691 rabile
640 4642 691 4688 et
719 4632 999 4686 nauticum
1030 4638 1360 4698 stratagema
1393 4630 1699 4701 egregium.
1731 4629 2000 4700 Equidem

439 4726 713 4789 existimo,
742 4722 1013 4777 imitatum
1047 4736 1172 4775 cum
1202 4735 1322 4776 esse
1352 4720 1626 4778 Caesarem
1672 4722 2004 4792 Augustum,

437 4826 621 4872 contra
652 4812 965 4867 Antonium
1023 4821 1076 4866 et
1124 4811 1469 4883 Cleopatram
1523 4824 1875 4884 pugnantem,
1908 4815 2004 4885 qni

437 4925 564 4964 cum
616 4919 839 4979 pr0pter
866 4906 1062 4961 ﬂuctus
1088 4905 1254 4960 maris
1282 4914 1334 4961 et
1362 4915 1554 4962 ventos
1576 4907 1835 4963 adversos
1901 4909 2006 4962 Pe-

438 5000 801 5074 loponnesum
843 4994 1309 5063 circumnavigare
1348 5009 1457 5050 non
1514 5004 1719 5064 posset,
1771 4996 2003 5053 navibus

344 5083 350 5089 ’
438 5100 587 5144 trans
620 5087 884 5143 Isthmum
915 5087 971 5140 in
1002 5093 1207 5156 partem
1238 5085 1553 5141 orientalem
1614 5085 1780 5141 maris
1829 5086 2003 5143 Graeci

436 5184 654 5248 tractis,
684 5180 970 5238 confestim
1009 5181 1062 5235 in
1096 5181 1284 5237 Asiam
1311 5180 1576 5251 pervenit.
1614 5187 1708 5234 aut
1756 5179 2003 5236 Nicetam

438 5275 748 5344 patricium,
788 5275 881 5345 qui
909 5281 962 5329 et
1007 5273 1178 5344 ipsee
1228 5275 1367 5330 mari
1415 5272 1604 5329 Graeco
1651 5274 1900 5329 triremes
1950 5275 2004 5328 in

441 5367 702 5421 orientale
725 5365 938 5436 trajecit
967 5373 1021 5421 et
1060 5365 1249 5423 Cretes
1292 5368 1359 5423 ad
1393 5366 1681 5422 Mothonen
1714 5375 1767 5423 et
1808 5364 2003 5436 Pylum

444 5458 497 5509 in
529 5456 710 5525 fugam
747 5457 924 5512 vertit.

514 5547 788 5603 't‘riremes
820 5547 983 5613 igitur
1014 5548 1081 5604 ab
1104 5563 1288 5604 amera
1322 5562 1426 5603 una
1487 5555 1646 5603 nocte
1680 5546 2002 5613 deportatur,

2109 4366 2257 4410 rator
2279 4366 2331 4411 et
2355 4358 2489 4412 urbs
2525 4358 2801 4423 universa,
2826 4359 3178 4416 vehementer
3207 4363 3408 4417 animis
3445 4370 3639 4430 pertur-

2062 4478 2064 4481 τ
2107 4450 2220 4503 bati
2252 4459 2399 4504 sunt.
2454 4450 2759 4505 Sollicitum
2800 4451 2945 4505 enim
2996 4453 3385 4522 imperatorem
3440 4449 3643 4505 habebat

2109 4541 2354 4610 paucitas
2387 4551 2720 4597 nostrorum.
2761 4541 3074 4598 Convocato
3104 4543 3634 4606 concilio,decretnm

2108 4639 2216 4695 est,
2240 4640 2300 4683 ut
2323 4630 2487 4685 duces
2515 4638 2570 4685 et
2600 4631 2804 4685 tribuni
2827 4641 2880 4686 et
2911 4632 3109 4700 reliqui
3139 4633 3243 4687 viri
3288 4629 3491 4688 strenui
3542 4637 3639 4681 tum

2108 4722 2222 4776 itali
2254 4730 2369 4776 tum
2418 4720 2673 4787 Romani,
2722 4723 2977 4792 perpauci
3016 4738 3269 4788 numero,
3326 4737 3426 4791 qua
3488 4730 3640 4785 nuper

2107 4813 2387 4869 constituti
2411 4813 2665 4879 fuissent,
2717 4814 2910 4869 eadem
2960 4815 3016 4868 in
3071 4815 3193 4869 loca
3232 4829 3377 4868 nunc
3427 4810 3639 4865 redirent

2107 4906 2175 4961 ad
2205 4905 2543 4961 defendenda
2574 4906 2776 4960 muenia
2805 4906 3096 4977 hostesque
3131 4902 3539 4976 propulsandos.
3576 4898 3641 4952 Ac

2108 4997 2345 5067 primum
2404 4996 2623 5067 quidem
2672 4994 3006 5053 Venetorum
3085 4998 3250 5061 hailo,
3332 4995 3638 5061 Hieronymo

2108 5089 2345 5156 Menuto;
2388 5090 2704 5146 mandatum
2756 5100 2861 5155 est,
2927 5098 2988 5144 ut
3018 5090 3216 5159 palatia
3244 5097 3299 5144 et
3330 5102 3446 5157 quae
3482 5084 3543 5138 ad
3583 5095 3636 5134 ea

2110 5182 2449 5252 pertinerent
2494 5181 2799 5235 custodiret
2852 5190 2907 5236 et
2956 5189 3222 5235 servaret.
3282 5177 3636 5234 Catelanorum

2109 5274 2341 5340 consuli,
2364 5273 2524 5328 Petro
2556 5273 2808 5335 Guliano,
2848 5288 2976 5343 pars
3020 5273 3340 5350 Bucoleonis
3388 5282 3541 5339 prope
3579 5261 3635 5316 ad

2109 5365 2511 5420 Contoscalium
2536 5379 2707 5433 usque
2732 5363 2933 5418 tuenda
2961 5364 3083 5417 data
3116 5373 3219 5418 est.
3271 5361 3467 5416 Iacobo
3510 5354 3634 5409 Con-

2004 5500 2013 5511 .
2112 5454 2289 5507 tarino
2308 5454 2445 5507 muri
2473 5454 2762 5509 exterioris
2789 5465 2977 5522 portus
2993 5468 3165 5523 usque
3186 5451 3246 5507 ad
3272 5442 3629 5522 Hypsomalhia

2112 5547 2390 5601 commissi
2428 5546 2621 5609 (necis
2658 5546 2895 5614 neglexit
2919 5546 3125 5611 facere,
3162 5539 3411 5614 quidquid
3433 5536 3629 5593 milites.
