3916 6196
453 403 553 466 851
1678 400 2004 463 GEORGII

2121 399 2469 460 ΙῘίᾹΝΤΖιΕ
2522 392 2523 395 “
3551 398 3637 460 83-!

455 516 549 566 καὶ
584 513 793 582 ἄριστοι
822 511 1011 581 ἄνδρες
1040 511 1137 580 τῆς
1166 511 1371 574 πόλεως
1402 511 1458 564 ἐν
1483 510 1664 573 τόποις
1712 509 2027 578 ἀναγκαίοις
2056 518 2102 571 Α
2198 507 2310 559 Καὶ
2346 503 2499 568 αὖθις
2543 503 2745 575 ἐτέρας
2777 501 2974 572 βουλῆς
3035 501 3338 572 γενομένης,
3379 501 3459 557 ἶνα
3484 507 3567 569 τὰς
3594 512 3639 562 ἐν

454 597 875 667 διεμερίσθησαν
935 598 1247 668 φύλαττειν,
1298 599 1392 651 καὶ
1450 599 1558 651 πᾶν
1623 600 1683 651 τὸ
1730 599 2027 667 δυνάμενον
2134 599 2211 667 τῷ
2273 598 2457 666 λιμένι
2516 595 2825 664 φερομένας
2889 593 3135 664 τριήρεις
3175 594 3263 647 καὶ
3292 594 3507 665 γέφυραν
3562 600 3645 667 ἐμ.

454 688 515 740 οὐ
537 684 773 740 διέλιπον
801 688 991 741 ποιεῖν.
1024 685 1163 750 Τοὺς
1192 686 1248 738 δέ
1273 685 1538 755 μοναχοὺς
1573 686 1666 737 καὶ
1698 685 1863 753 ίερεῖς
1932 685 2026 736 καὶ
2142 691 2396 759 aug-hama:
2426 690 2643 758 μηχανῇ
2678 703 2808 750 τινι,
2843 686 2977 738 διότι
3028 684 3268 754 μεγάλην
3322 689 3540 759 ταραχὴν
3569 692 3647 744 καὶ

453 779 747 850 κληρικοὺς
776 781 868 832 καὶ
902 778 996 832 τοῦ
1028 779 1217 833 λοιποῦ
1262 779 1568 845 καταλόγου
1593 779 1690 847 τῆς
1729 776 2025 847 ἐκκλησίας
2135 783 2381 836 κίνδυνον
2406 781 2462 833 at
2484 781 2608 849 νῆες
2638 778 2794 831 αὗται
2816 780 2881 849 τῇ
2907 776 3059 830 πόλει
3079 777 3316 842 ἐνεδίδον,
3334 779 3419 831 καὶ
3441 784 3648 853 μηχανήν

452 870 649 940 ἄνδρας
674 870 925 936 διέταξαν
960 871 1047 923 ῖνα
1084 868 1510 939 διαμερισθῶσιν
1558 867 1711 921 ἐνθεν
1774 867 2027 921 κάκεῖθεν
2134 892 2255 927 τινα
2318 866 2499 945 εὖρον,
2555 872 2649 925 καὶ
2678 873 2779 933 τὴν
2834 870 3031 940 βουλὴν
3055 868 3389 938 ἐξεφώνησαν
3419 872 3560 943 257
3587 875 3649 945 τῷ

452 963 607 1031 ἐντῷ
636 962 909 1033 περιϐόλῳ
932 964 1031 1031 τῆς
1053 962 1282 1025 πόλεως,
1318 961 1404 1015 ῖνα
1431 961 1525 1014 καὶ
1553 961 1707 1013 αι’δτο)⁸
1752 959 1846 1012 τοῦ
1891 960 2026 1013 Θεοῦ
2138 964 2369 1035 βασιλεῖ.
2419 962 2682 1024 Ἰάκωϐος
2716 963 2892 1024 Κόκος
2923 964 2952 1015 6
2996 961 3228 1025 Ἐνετδς,
3273 963 3401 1033 ἀνὴρ
3438 964 3650 1034 ὀξύτερος

450 1057 693 1125 δεόμενοι
717 1056 810 1109 καὶ
828 1055 1240 1125 ἡμεροσκόπους
1269 1056 1362 1106 καὶ
1382 1051 1785 1114 νυκτοσκόπους
1808 1050 2023 1116 ποιῶσι,
2134 1055 2229 1111 τοῦ
2264 1057 2437 1109 ποιεῖν
2472 1054 2503 1124 ἢ
2534 1054 2735 1122 λέγειν,
2757 1052 2835 1117 ὡς
2865 1052 3265 1123 ἐνεμπιστιύθη
3282 1053 3370 1107 τοῦ
3390 1054 3543 1124 πέρας
3567 1057 3649 1109 δῶν

452 1146 546 1197 καὶ
575 1145 790 1214 δεήσεσι
814 1144 1149 1210 ἐξιλεοῦσθαι
1190 1143 1250 1196 τὸ
1286 1144 1438 1196 Θεῖον
1468 1143 1607 1211 ὑπὲρ
1628 1142 1725 1211 τῆς
1755 1141 2027 1210 σωτηρίας
2136 1163 2225 1217 σαι
2252 1146 2352 1215 τῆς
2379 1145 2715 1207 ὑποθέσεως,
2753 1143 2960 1215 ἡρξατο
2984 1143 3080 1195 τοῦ
3122 1143 3279 1212 ἔργου
3323 1144 3455 1197 πάνυ
3498 1146 3651 1216 ἐπιτηο

452 1239 548 1302 τῆς
584 1238 813 1300 πόλεως.
846 1238 952 1289 Τὸν
981 1238 1036 1289 δὲ
1064 1242 1375 1306 Δημήτριον
1428 1236 1520 1288 τὸν
1573 1234 2025 1303 Καντακουζηνὸν
2133 1237 2289 1300 δείως
2314 1236 2407 1289 καὶ
2440 1235 2619 1298 καλῶς
2653 1235 2845 1307 τρόπῳ
2868 1236 3077 1304 τοιῷδε.
3124 1235 3342 1288 ’Λκάτια
3392 1235 3507 1305 τρία
3538 1238 3649 1291 πάνυ

452 1330 547 1381 καὶ
609 1329 702 1381 τὸν
748 1329 1002 1399 γαμόρὸν
1050 1329 1215 1381 αὐτοῦ
1284 1327 1651 1395 Παλαιολόγον
1713 1326 2026 1397 Νικηφόρον
2133 1328 2305 1397 ταχέα
2362 1330 2457 1382 καὶ
2509 1328 2687 1399 γοργὰ
2735 1328 3117 1397 οἰκονομήσας,
3174 1328 3269 1381 καὶ
3298 1330 3650 1398 τεσσαράκοντα

455 1418 591 1485 μετὰ
651 1421 743 1470 καὶ
786 1418 987 1484 ἐτέρων
1045 1417 1205 1469 τινῶν
1269 1417 1575 1481 κατέταξαν
1610 1416 1667 1467 ἐν
1716 1414 1793 1483 τῷ
1844 1415 2026 1484 σεπτῷ
2134 1419 2287 1479 νέους
2319 1418 2650 1487 Θαρσαλέους
2679 1418 2776 1472 καὶ
2802 1418 3220 1489 μεγαλοψύχους
3281 1418 3371 1470 καὶ
3415 1420 3651 1488 ἀνδρείους

451 1509 785 1578 ἁποστολείῳ
818 1510 912 1560 καὶ
942 1510 999 1560 ἐν
1028 1508 1237 1579 ἑτέροις
1271 1509 1459 1569 τόποις
1509 1508 1832 1577 περιπατεῖν
1889 1507 2028 1573 μετὰ
2136 1513 2193 1563 ἐν
2222 1513 2400 1575 αὐτοῖς
2427 1512 2608 1573 ἔϐαλε,
2640 1512 2915 1583 Γραικοὺς
2943 1529 3001 1564 τε
3038 1512 3135 1563 καὶ
3174 1510 3427 1576 Ἰταλοὺς,
3475 1513 3555 1564 καὶ
3575 1528 3652 1563 κα-

449 1600 795 1651 ἐπτακοσέων
824 1600 1054 1668 ἀνδρῶν,
1090 1600 1178 1661 ἵνα
1216 1600 1291 1661 είς
1322 1595 1432 1651 οἷον
1481 1598 1545 1669 δὴ
1602 1592 1767 1650 τόπον
1812 1597 2025 1665 ἀνάγκη
2134 1602 2242 1665 λῶς
2284 1603 2663 1673 παραγγείλας
2695 1604 2878 1667 αὐτοῖς
2923 1602 2992 1656 τὰ
3032 1603 3212 1656 πάντα
3243 1602 3333 1656 καὶ
3386 1602 3475 1664 τὰς
3520 1619 3651 1654 κατα.

450 1692 668 1762 ὑπάρχῃ
698 1692 1059 1759 βοηθήσωσιν.
1121 1692 1179 1744 Ὀ
1207 1691 1261 1744 δὲ
1306 1691 1559 1760 βασιλεὺς
1607 1689 1770 1759 256
1812 1688 1927 1755 ἅμα
1952 1687 2029 1757 τῷ
2138 1696 2529 1759 σκευασθείσας
2569 1696 2708 1765 μετά
2737 1695 2832 1749 τοῦ
2865 1694 3036 1765 ὑγροῦ
3064 1694 3450 1766 πυρδς,τέχνας
3488 1693 3649 1755 δὼσας,

447 1784 776 1853 Φραγκίσκῳ
801 1783 876 1855 τῷ
898 1784 1108 1854 Τολέδῳ
1126 1784 1201 1854 τῷ
1227 1786 1477 1852 συγγενεῖ
1504 1783 1689 1847 αὑτοῦ,
1716 1784 1772 1845 ὃς
1797 1781 2033 1848 κατάγε-
2138 1785 2224 1838 ἵνα
2250 1786 2472 1839 ἔλθωσιν
2506 1788 2700 1849 νυκτὸς
2730 1786 2825 1839 καὶ
2853 1803 2919 1838 πε
2931 1785 3141 1855 ράσωσι
3172 1784 3305 1853 πρὸς
3324 1785 3409 1837 τὸν
3448 1782 3651 1835 Γαλατᾶν

447 1894 560 1938 ται,
576 1877 847 1943 λέγουσιν,
867 1877 930 1927 ἐκ
948 1876 1041 1928 τοῦ
1061 1876 1291 1942 αἵματος
1307 1874 1400 1926 τοῦ
1416 1873 1746 1942 περιφανοῦς
1766 1873 2029 1943 βασιλέως
2064 1885 2104 1938 η
2133 1877 2227 1929 καὶ
2260 1876 2487 1946 πλησίον
2508 1877 2608 1945 τῆς
2638 1877 2813 1945 πέρας
2840 1875 3056 1946 ἐκείνης
3073 1876 3179 1944 γῆς
3208 1874 3424 1928 ἔλθωσιν
3452 1873 3543 1936 ἕως
3566 1872 3650 1925 τῶν

466 1967 703 2032 Ἀλεξίου
742 1966 835 2020 τοῦ
885 1966 1194 2037 Κομνηνοῦ,
1231 1967 1326 2019 καὶ
1352 1966 1471 2035 μεθ’
1510 1966 1666 2035 ἡμῶν
1700 1965 1936 2034 ἔφιππος
1962 1963 2029 2015 δι’
2132 1972 2403 2041 τριήρεων
2431 1972 2523 2023 καὶ
2546 1970 2612 2022 τὰ
2639 1968 2927 2039 ὁρισθέντα
2951 1966 3257 2037 πράξωσιν.
3297 1966 3402 2019 Καὶ
3448 1966 3650 2034 ἐγεγόνει

453 2056 581 2123 ῖλης
607 2058 707 2125 τῆς
734 2057 947 2125 ἡμέρας
976 2056 1069 2109 καὶ
1099 2056 1292 2119 νυκτὸς
1338 2058 1655 2127 περιπατῶν
1685 2052 1752 2127 ἦν
1782 2056 2030 2127 γύρωθεν
2134 2063 2220 2126 ἂν,
2254 2064 2300 2115 εί
2335 2062 2410 2132 μὴ
2440 2062 2535 2115 καὶ
2564 2063 2644 2125 είς
2678 2062 2739 2115 τὸ
2768 2061 2900 2114 αὐτὸ
2932 2062 2964 2130 ἠ
2995 2060 3145 2130 κακὴ
3173 2058 3310 2128 τύχη
3335 2058 3481 2128 ἡμῶν
3508 2059 3650 2127 ἐμπό-

450 2148 599 2201 ενδον
622 2147 719 2216 τῆς
742 2148 947 2211 πόλεως
971 2150 1065 2201 καὶ
1088 2149 1194 2201 τῶν
1215 2149 1408 2218 τειχῶν
1432 2166 1445 2179 ’
1472 2150 1563 2202 καὶ
1588 2148 1653 2201 τὰ
1680 2150 1759 2211 είς
1784 2149 2029 2220 ἀνάγκην
2129 2154 2263 2219 διξε.
2314 2154 2591 2217 Ἐλθόντες
2615 2154 2671 2207 δὲ
2696 2154 2834 2207 πάνυ
2865 2154 3193 2223 ἐπιτηδείως
3219 2153 3311 2207 καὶ
3336 2152 3428 2222 τὴν
3451 2152 3652 2221 γέφυραν

446 2238 540 2291 τοῦ
574 2239 699 2291 πολέ
709 2256 810 2308 μου
832 2240 1223 2310 ἡτοιμάζομεν.
1641 2282 1649 2291 .
2131 2246 2607 2316 περιπατήσαντες
2638 2246 2732 2300 καὶ
2760 2246 3101 2316 περάσαντες
3120 2245 3224 2298 καὶ
3248 2243 3339 2297 δύο
3363 2244 3499 2306 νέους
3524 2242 3652 2309 (xeir-

531 2330 748 2401 Ἐπειδὴ
781 2329 837 2384 δέ
872 2332 966 2385 καὶ
998 2332 1298 2402 χρημάτων
1355 2330 1646 2395 ἐσπάνιζον
1676 2332 1746 2385 τά
1781 2332 2029 2402 βασίλεια
2127 2354 2219 2401 τες
2248 2338 2362 2390 ἐκεῖ
2396 2338 2534 2406 μετά
2562 2338 2931 2406 κατασκευῆς,
2984 2337 3071 2391 ἵνα
3131 2337 3268 2391 ὅταν
3310 2337 3358 2388 οἱ
3407 2334 3565 2404 ἕτεροι
3591 2334 3651 2394 είς

446 2420 535 2474 διὰ
554 2422 645 2474 τὸν
673 2422 864 2491 μισθὸν
894 2423 1002 2476 τῶν
1033 2422 1403 2492 στρατιωτῶν,
1437 2422 1767 2491 προσέταξεν
1817 2426 1844 2476 6
1876 2424 2027 2495 βασι·
2126 2431 2224 2493 τὰς
2252 2430 2500 2499 τριήρεις
2531 2431 2795 2498 ἐγγίσωσι
2822 2430 2916 2482 καὶ
2953 2429 3185 2500 σημεῖόν
3224 2446 3277 2481 τι
3304 2427 3465 2493 ἴδωσι,
3487 2427 3587 2477 τότε
3607 2426 3650 2475 ἓν

445 2510 572 2575 λεὺς
628 2513 810 2568 λαϐεῖν
871 2516 939 2568 τὰ
991 2514 1101 2566 τῶν
1154 2513 1457 2584 ἐκκλησιῶν
1516 2515 1683 2584 σκεύη
1737 2516 1871 2583 ἅγια
1921 2518 2023 2571 καὶ
2129 2524 2231 2593 μιᾷ
2257 2521 2379 2594 ὥρᾳ
2406 2522 2615 2593 θεαφίῳ
2646 2523 2707 2575 τὸ
2741 2522 2911 2595 ὑγρὸν
2940 2521 3051 2591 πῦρ
3082 2520 3359 2586 ἀνὰψωσι,
3389 2519 3655 2589 φθάσαντες

447 2604 805 2674 ἀφιερωμένα
835 2606 914 2675 τῷ
953 2605 1093 2674 Θεῷ.
1123 2609 1220 2661 καὶ
1266 2607 1527 2676 χρήματα
1577 2608 1859 2676 ἐποίησαν.
1913 2608 2023 2662 Καὶ
2126 2614 2183 2667 δὲ
2210 2614 2304 2668 καὶ
2342 2614 2448 2677 ἕως
2477 2615 2589 2667 τῶν
2620 2614 2892 2685 τριήρεων
2926 2613 3115 2681 ἐγγὺς,
3150 2614 3183 2666 6
3207 2612 3337 2675 Θεὸς
3370 2610 3401 2680 ἢ
3452 2608 3532 2661 διὰ
3570 2605 3651 2667 τὰς

450 2699 523 2767 μή
556 2715 638 2761 τις
676 2699 954 2770 ἐγκαλέσῃ
986 2699 1133 2769 ἡμᾶς
1164 2700 1241 2762 ὡς
1275 2700 1593 2770 ἱεροσύλους
1624 2716 1639 2731 ⁸
1687 2701 1875 2755 ἕνεκεν
1927 2703 2025 2771 τῆς

443 2788 539 2842 τοῦ
571 2790 767 2860 καιροῦ
788 2790 1036 2860 ἀνάγκης
1057 2792 1292 2859 ἐγίνετο,
1321 2792 1399 2854 ὡς
1435 2792 1527 2844 καὶ
1556 2793 1584 2844 6
1606 2791 1771 2845 Δαόὶδ
1821 2810 2023 2846 πεπονο

445 2880 574 2947 θὼς,
607 2882 888 2946 πεινάσας,
921 2885 1045 2945 τοὺς
1076 2884 1271 2953 ἄρτους
1298 2881 1397 2952 τῆς
1424 2882 1735 2953 προθέσεως
1790 2885 2019 2955 ἔφαγεν,

441 2971 478 3024 ἃ
510 2973 609 3025 οὐκ
662 2971 839 3036 ἔξεστι
889 2976 1086 3041 φαγεῖν
1142 2976 1191 3026 εί
1247 2975 1321 3043 μὴ
1382 2978 1494 3037 τοῖς
1552 2974 1758 3042 ἱερεῦσι
1811 2975 2016 3043 μόνοις.

447 3065 639 3132 Ἔλεγε
679 3066 787 3135 γὰρ
816 3067 843 3118 6
877 3066 1187 3135 μακαρίτης
1227 3068 1254 3119 ὁ
1287 3066 1545 3133 βασιλεύς
1587 3084 1599 3098 ⁸
1650 3086 1669 3119 ι
1710 3068 1807 3119 ’Ἂν
1835 3068 1862 3119 6
1888 3066 2020 3130 Θεὸς

442 3156 540 3224 τὴν
602 3156 757 3209 πόλιν
804 3156 1178 3227 λυτρώσηται,
1233 3157 1575 3227 τετραπλοῦν
1626 3157 1893 3213 ἀποδώσω
1940 3158 2017 3230 τῷ

444 3245 635 3315 Κυρίῳ
666 3263 789 3316 μου.
818 3266 836 3299 ι

445 3425 658 3494 Reliqui
689 3426 939 3492 generosi
963 3437 1017 3481 et
1047 3428 1258 3482 strenui
1310 3429 1456 3483 cives
1508 3428 1560 3483 in
1620 3430 1754 3486 locis
1807 3430 2016 3502 iniquis

441 3516 508 3568 ad
539 3517 843 3571 custodiam
910 3517 1182 3587 dispertiti
1214 3528 1363 3583 sunt,
1397 3534 1497 3574 uec
1544 3522 1838 3576 cessabant
1885 3537 2017 3591 ope-

448 3623 589 3671 ram,
617 3624 779 3676 quam
807 3619 1051 3679 possent,
1102 3620 1383 3679 praestare.
1427 3611 1685 3667 Monacbi
1734 3622 1914 3667 autem
1962 3623 2017 3668 et

346 3724 356 3738 -
442 3703 752 3755 sacerdotes
782 3711 834 3756 et
866 3702 1053 3756 clerici
1082 3712 1136 3755 et
1167 3704 1361 3772 reliqui
1394 3703 1606 3760 ordinis
1641 3706 2011 3761 ecclesiasrici

445 3793 694 3847 hmnines
723 3809 818 3862 per
849 3803 1015 3848 totam
1040 3795 1225 3849 urbem
1258 3796 1458 3865 passim
1516 3797 1793 3851 distributi
1859 3808 2009 3863 sunt,

444 3898 499 3940 nt
529 3887 641 3941 Deo
669 3888 1041 3956 supplicarent
1068 3896 1121 3939 et
1149 3888 1233 3941 die
1274 3897 1545 3957 noctuque
1605 3889 2014 3957 specularentur

438 3989 490 4033 rt
518 3980 767 4047 precibus
794 3981 1006 4035 Numen
1040 3994 1141 4049 pro
1177 3980 1351 4033 salute
1385 3981 1535 4034 urbis
1572 3982 1873 4049 placarent.
1908 3983 2008 4035 De—

441 4071 693 4126 metrium
726 4074 1171 4127 (Iantacuzenum
1208 4080 1263 4126 et
1322 4071 1690 4141 Nicephorum
1749 4072 2014 4127 Palaeolo-

440 4181 590 4232 gum,
618 4180 878 4234 generum
921 4166 1063 4233 ejus,
1093 4181 1214 4220 cum
1235 4166 1358 4219 aliis
1390 4166 1724 4235 quibusdam
1747 4166 1812 4220 ad
1846 4182 2012 4221 vene-

440 4257 669 4310 randum
704 4258 1080 4321 apostolorum
1109 4259 1365 4326 templum
1397 4266 1449 4312 et
1482 4258 1585 4312 alia
1617 4258 1735 4312 loca
1755 4258 2008 4315 obeunda

439 4363 561 4400 eum
595 4347 726 4402 viris
749 4349 1110 4416 septingentis
1129 4351 1434 4415 constituit,
1469 4361 1529 4404 ut
1582 4352 1671 4403 ubi
1720 4367 1807 4406 res
1858 4350 2011 4420 ﬂagi-

440 4448 598 4501 taret,
626 4454 691 4493 eo
721 4454 844 4493 cum
884 4442 1089 4494 auxilio
1121 4442 1461 4496 advolarent.
1532 4443 1650 4510 Ipse
1707 4443 2011 4512 imperator

2125 2708 2405 2775 ἁμαρτίας
2438 2707 2599 2776 ήμῶν
2630 2706 2874 2759 ἐκώλυσε
2905 2705 2967 2758 τὸ
2994 2703 3182 2774 ἔργον,
3216 2703 3250 2774 ἢ
3286 2704 3343 2768 ἐξ
3368 2695 3651 2771 ἀπροσεεεας

2124 2797 2268 2860 τινὸς
2300 2797 2408 2849 τῶν
2432 2800 2570 2850 νέων
2616 2796 2841 2851 ἐκείνων
2890 2796 3111 2865 οἰκέτης
3164 2812 3251 2856 τις
3306 2793 3364 2845 τὸ
3400 2789 3651 2861 μυστήριον

2123 2892 2237 2953 τοῖς
2268 2890 2868 2958 ἐναντίοις.ἐμήνυσε·
2930 2888 3026 2942 καὶ
3076 2887 3331 2957 φυλακὰς
3390 2882 3652 2954 ἀγρύπνους

2124 2980 2219 3033 καὶ
2248 2981 2659 3042 νυκτοσκόπους
2688 2981 2925 3050 ἔχοντες,
2970 2979 3046 3042 ὡς
3093 2974 3242 3032 εἶδον
3291 2975 3496 3039 αὐτοὺς,
3543 2969 3655 3039 μετὰ

2128 3071 2343 3125 σκευῶν
2371 3074 2466 3125 καὶ
2490 3072 2705 3144 πετρῶν
2734 3075 2831 3127 καὶ
2860 3072 2998 3141 μετά
3035 3070 3248 3141 ἐτέρων
3279 3066 3507 3123 ἀκατίων
3535 3063 3587 3116 τὸ
3608 3061 3655 3114 ἐν

2123 3164 2347 3218 ἀκάτιον
2375 3164 2633 3218 ἐϐύθισαν
2662 3166 2760 3219 καὶ
2816 3162 3078 3234 μερικοὺς
3125 3161 3242 3215 τῶν
3294 3157 3565 3228 ἀνθρώπιον
3608 3154 3655 3205 ἐ-

2046 3230 2090 3286 C
2124 3255 2415 3325 ζώγρησαν
2434 3271 2448 3285 ο
2480 3257 2574 3310 καὶ
2592 3255 2764 3318 οὕτως
2792 3230 2945 3308 οθδέν
2960 3254 3145 3325 ἕτερον
3176 3252 3344 3322 258
3364 3251 3411 3303 οί
3437 3247 3655 3318 ἡμέτεροι

2191 3434 2402 3491 RurStIs
2427 3436 2534 3491 alia
2569 3434 2706 3491 inita
2739 3435 3175 3501 consultatione,
3214 3445 3274 3489 ut
3311 3433 3365 3488 in
3398 3441 3544 3502 portu
3569 3426 3659 3483 col-

2120 3529 2325 3583 locatas
2350 3529 2602 3583 triremes
2664 3537 2719 3582 et
2767 3536 2988 3598 pontem
3044 3526 3458 3582 machinatione
3499 3522 3647 3589 aliqua

2118 3624 2520 3686 comburerent,
2549 3620 2755 3691 quippe
2787 3620 2987 3690 quibus
3014 3616 3068 3673 in
3099 3634 3364 3690 magnum
3398 3614 3657 3671 discrimen

2115 3722 2169 3767 et
2200 3713 2502 3783 perieulum
2536 3714 2666 3768 urbs
2701 3712 3084 3773 adduceretur,
3116 3711 3261 3764 ratio
3284 3710 3463 3778 aliqua
3494 3707 3656 3759 inven-

2117 3816 2168 3860 ta
2199 3815 2252 3862 et
2286 3822 2408 3859 cmn
2471 3806 2811 3873 imperatore
2846 3803 3264 3858 communicata
3295 3811 3399 3857 est.
3457 3796 3661 3852 Iacobus

2115 3897 2312 3959 Cocus,
2342 3892 2605 3959 Venetus,
2635 3896 2716 3948 vir
2737 3894 2805 3949 ad
2838 3895 3108 3966 agendum
3149 3909 3314 3964 quam
3375 3891 3439 3945 ad
3500 3888 3659 3942 dicen-

2114 3989 2243 4043 dum
2282 3988 2603 4058 promptior,
2637 3988 2727 4041 cui
2762 3987 3122 4041 commissum
3164 3996 3271 4052 est,
3328 3992 3381 4039 ut
3411 3983 3663 4053 perliceret

2114 4081 2428 4145 consilium,
2466 4094 2605 4149 Opus
2667 4077 2965 4134 admodum
3027 4078 3289 4133 alacriter
3342 4084 3395 4131 et
3427 4081 3553 4142 apte
3599 4068 3659 4122 ita

2114 4189 2406 4244 aggressus
2431 4182 2534 4227 est.
2570 4172 2762 4226 Aeatia
2799 4171 2902 4225 tria
2944 4171 3194 4240 apprime
3228 4168 3433 4225 velocia
3458 4176 3509 4221 et
3562 4160 3661 4231 agi-

2113 4265 2183 4319 lia
2220 4265 2430 4334 paravit
2463 4283 2476 4319 :
2508 4263 2575 4319 iis
2606 4263 2970 4334 quadraginta
3016 4263 3252 4329 juvenes
3302 4271 3580 4330 generasos
3617 4261 3662 4306 et

2113 4365 2393 4422 strenuos,
2429 4366 2540 4409 tum
2562 4355 2783 4412 Graecos
2839 4364 2950 4408 tum
3007 4354 3199 4417 Italos,
3257 4352 3460 4421 quibus
3502 4345 3665 4401 omnia

2113 4448 2399 4517 diligenter
2439 4448 2698 4517 praecepit
2736 4447 2995 4516 deditque
3028 4446 3319 4498 machinas
3351 4444 3471 4511 igne
3496 4439 3660 4494 (ἔταξςο

443 4533 725 4586 nobiscum
753 4541 937 4586 clcuzn
980 4532 1278 4588 Francisco
1306 4534 1533 4595 Toledo.
1589 4550 1825 4605 cognato
1883 4554 2006 4600 suo,

2118 4541 2438 4603 instructas,
2496 4539 2777 4607 imposuit,
2826 4547 2885 4591 ut
2940 4546 3101 4591 nocte
3151 4535 3402 4590 Galatam
3452 4527 3662 4597 trajecti.

442 4625 532 4690 qui
560 4641 623 4678 ex
660 4625 860 4678 illustri
898 4627 1230 4695 imperatore
1262 4627 1455 4681 Alexio
1496 4628 1784 4683 Coutncno
1836 4646 2011 4700 genus

440 4719 639 4769 dueere
666 4714 861 4779 fertur,
918 4726 1027 4770 tota
1098 4718 1187 4771 die
1218 4727 1271 4770 et
1328 4730 1489 4787 nocte
1545 4719 1692 4773 intra
1737 4720 1924 4774 urbem
1958 4734 2015 4775 et

2120 4632 2462 4701 Pr‘lpeliltus
2497 4631 2563 4684 ad
2608 4630 2863 4684 triremes
2919 4630 3246 4684 accederent
3318 4629 3662 4689 facerentque,

2120 4739 2241 4792 quze
2272 4722 2565 4776 constituta
2594 4731 2775 4776 erant.
2809 4720 2884 4774 Ac
2915 4721 3049 4773 bene
3096 4719 3364 4773 cessisset
3392 4715 3664 4781 inceptum.

440 4810 639 4861 iumnia
666 4810 1038 4879 obequitabat,
1067 4811 1544 4882 prospiciebatque
1581 4814 1745 4868 rebus
1774 4815 1841 4869 ad
1900 4815 2017 4869 bel—
2118 4813 2223 4868 nisi
2278 4814 2499 4868 sinistra
2563 4812 2787 4866 fortuna
2837 4821 3026 4865 nostra
3088 4809 3287 4863 fuisset
3346 4806 3659 4875 impeditum.

440 4902 548 4953 lum
580 4903 928 4957 necassariis.

505 4995 642 5051 Cum
680 5006 861 5049 autem
900 4998 1123 5063 pecunia
1151 4997 1409 5066 palatium
1461 4998 1716 5051 deficeret
1775 5009 2000 5067 propter

437 5088 705 5158 stipendia
736 5088 994 5154 militum,
1030 5092 1331 5159 imperator
1361 5099 1608 5146 sanetam
1640 5102 1695 5146 et
1724 5091 1833 5145 Deo
1878 5106 2012 5146 rou-

436 5194 706 5237 secratam
737 5183 1094 5238 eerlesiarum
1122 5184 1517 5252 supellectilem
1586 5186 1838 5255 usurpari
1868 5195 1922 5241 et
1957 5186 2009 5239 in

368 5294 373 5299 ο
436 5276 765 5328 nomismata
830 5275 1001 5344 redigi
1054 5274 1242 5344 jussit.
1306 5272 1385 5327 Ne
1443 5289 1571 5328 vero
1611 5274 1896 5343 quisquam
1954 5282 2015 5331 ut

435 5369 730 5438 sacrilegos
768 5384 867 5424 nos
900 5370 1199 5438 inerepato.
1251 5368 1437 5423 Coacti
1488 5368 1632 5422 enim
1686 5367 2012 5422 necessitate

437 5461 687 5525 Miluus,
721 5462 864 5514 haud
894 5476 1055 5516 secus
1088 5478 1151 5516 ac
1183 5461 1371 5525 David,
1405 5460 1496 5529 qui
1528 5460 1781 5514 esuriens
1838 5475 2011 5528 panes
2046 5504 2049 5507 ν

436 5554 829 5621 propositionis
913 5555 1177 5617 comedit,
1270 5558 1421 5622 quos
1465 5553 1571 5608 nisi
1627 5555 2011 5607 Sacerdotibus

434 5646 635 5697 numiui
664 5647 859 5699 licebat
882 5646 1063 5701 edere.
1096 5646 1175 5702 Ac
1204 5646 1422 5701 dicebat
1495 5646 1667 5700 beatae
1731 5645 2010 5697 memoria:

435 5737 730 5801 imperator
764 5754 776 5787 :
805 5738 894 5790 «Si
929 5736 1068 5790 Deus
1132 5738 1323 5795 urbem
1384 5738 1718 5801 liberaverit,
1769 5738 2010 5805 quadru-

435 5829 579 5894 plu-u
611 5825 839 5877 Domino
866 5828 1173 5881 restituam.
1211 5845 1229 5879 ι

2115 4904 2249 4959 Nam
2278 4920 2401 4957 eum
2471 4919 2731 4972 prospere
2781 4914 3001 4972 pontem
3068 4900 3463 4955 circumissent
3518 4892 3663 4960 traje-

2116 5000 2447 5066 cissentque,
2526 4995 2730 5050 relictis
2814 4994 2889 5048 ibi
2926 4994 3135 5047 duobus
3208 4990 3506 5058 juvenibus
3552 4995 3657 5037 cum

2117 5098 2403 5159 apparatu,
2447 5097 2527 5153 ut,
2556 5103 2682 5143 cum
2712 5085 2905 5155 reliqui
2940 5083 3007 5139 ad
3038 5084 3295 5137 triremes
3316 5077 3665 5150 pervenissent

2116 5199 2180 5238 ac
2231 5184 2509 5238 dedissent
2579 5182 2820 5250 signum,
2887 5178 3077 5233 eodem
3168 5175 3388 5242 utrique
3444 5175 3662 5236 tempore

2116 5275 2381 5345 sulphure
2407 5272 2773 5328 accenderent
2809 5272 2985 5341 ignem
3043 5267 3318 5327 Graecum,
3373 5263 3447 5317 illi
3511 5267 3658 5327 prope

2068 5380 2073 5385 '
2117 5368 2365 5422 triremes
2387 5366 2494 5433 iam
2514 5366 2870 5426 advenerant,
2906 5378 3035 5418 cum
3064 5363 3199 5416 Deus
3232 5374 3353 5412 rem
3377 5351 3659 5426 impelivih

2114 5462 2227 5513 sive
2256 5469 2477 5528 peccata
2504 5468 2688 5513 nostra
2720 5457 2796 5511 ita
2827 5463 3158 5519 meruerant,
3183 5453 3299 5507 sive
3319 5442 3659 5519 imprudentia

2110 5552 2371 5619 juvenum
2405 5567 2598 5606 servus
2635 5550 2834 5620 aliquis
2871 5548 3161 5603 consilium
3193 5544 3448 5599 hostibus
3498 5534 3661 5607 prodi-

2113 5642 2514 5711 derut;itaqno
2563 5657 2688 5695 eum
2754 5640 2876 5694 illos
2936 5635 3474 5692 animadvertissent,
3530 5624 3659 5687 telis,

2112 5736 2260 5791 saxis
2283 5745 2335 5788 et
2372 5736 2563 5789 acatiis
2628 5750 2793 5790 unum
2843 5748 2872 5787 c
2914 5732 3118 5787 nostris
3148 5727 3379 5796 navigiis
3423 5723 3659 5777 submer-

2114 5838 2323 5893 scrunl,
2361 5828 2504 5893 ipsos
2565 5828 2812 5903 homines
2836 5837 3093 5887 cent-runt
3127 5844 3139 5879 :
3183 5838 3281 5877 nec
3319 5818 3486 5875 nostri
3512 5812 3657 5879 quid.
