3916 6196
241 380 358 439 853

1252 380 1695 444 CHRONICON
1738 379 2005 443 MAJUS.
2051 408 2119 417 —
2161 381 2308 445 LIB.
2354 383 2471 444 IlI.

3378 383 3483 447 85K

238 492 501 557 ἐποίησαν
528 488 577 540 εί
604 489 678 559 μὴ
704 491 834 559 μίαν
884 491 994 545 τῶν
1055 495 1327 564 τριήρεων
1394 496 1800 567 ἐπυρπόλησαν.
1839 499 1882 556 Α
1916 495 2056 562 μετά
2106 495 2470 563 σοὸαρότητος
2523 495 2615 547 καὶ
2668 494 2951 564 ἀγερώχου
2982 494 3211 565 γνώμης
3269 494 3441 549 εἰπών
3467 515 3482 533 ο

240 585 351 635 Kal
399 581 459 636 τὺ
502 582 561 636 ἐν
623 584 687 651 τῇ
733 585 948 657 γεφύρᾳ
996 585 1106 655 πῦρ
1155 588 1359 657 πλῆθος
1405 591 1512 642 τῶν
1551 588 1811 657 Τούρκων

237 672 539 742 δραμόντες
592 672 994 744 ἐναπέσδησκν.
1054 676 1191 742 Τοὺς
1253 679 1309 732 δὲ
1364 682 1518 744 νέους
1566 682 1815 744 ἐκείνους

236 766 367 827 τοὺς
422 764 773 832 θαυμαστοὺς
814 768 913 845 καὶ
962 767 1202 839 ὡραίους
1254 772 1282 824 ὁ
1333 772 1538 842 ἀσεϐὴς
1587 774 1814 843 ἀμηρᾶς

236 856 547 926 προστάξας
610 858 690 926 τῷ
738 858 883 929 πρωϊ
914 862 1123 923 πάντας
1177 864 1410 935 οίκτρῶς
1469 866 1814 920 ἐθανάτωσεν

233 949 392 1017 ἡμῶν
418 946 673 1018 ὁρώντων
710 948 904 1013 αὐτούς
930 967 948 984 ο
998 953 1093 1005 καὶ
1121 952 1317 1023 θρῆνος
1362 956 1609 1023 ἐγεγόνει
1659 958 1718 1010 ἐν
1747 961 1812 1028 τῇ

234 1040 387 1092 πόλει
424 1040 561 1110 ὑπὲρ
583 1041 762 1093 αὐτῶν
795 1042 1129 1113 ἀμέτρητος.
1172 1047 1233 1099 Ὀ
1263 1046 1320 1098 δέ
1354 1046 1611 1117 βασιλεὺς
1637 1048 1815 1119 λυπη-

235 1132 348 1193 θεὶς
379 1132 473 1187 καὶ
503 1133 663 1195 αὐτὸς
698 1136 1035 1204 προσέταξεν
1068 1138 1157 1191 ἵνα
1181 1137 1390 1193 ἄνωθεν
1427 1140 1537 1193 τῶν
1586 1140 1813 1212 πύργων

234 1223 519 1276 κὺκλωθεν
551 1225 679 1289 τοὺς
731 1227 1113 1296 αἰχμαλώτους
1153 1230 1431 1301 Τούρκους
1485 1232 1812 1287 θανατώσω-

237 1328 354 1367 σιν·
387 1310 531 1385 ἦσαν
561 1318 670 1387 γὰρ
700 1318 790 1371 τὸν
822 1318 1058 1389 ἀριθμὸν
1112 1323 1163 1374 οί
1199 1322 1579 1393 ἀναιρεθέντες
1624 1328 1811 1380 διακό-

237 1422 339 1458 σιοι
362 1405 649 1474 ἐξήκοντα.
686 1410 796 1462 Kal
819 1411 910 1473 δ,ιά
936 1412 1112 1466 ταῦτα
1159 1410 1255 1468 οῦν
1288 1416 1563 1470 σκάνδαλα
1612 1419 1813 1487 ἀνεφύ-

232 1514 393 1563 ησαν,
428 1499 521 1553 καὶ
555 1500 746 1563 στάσις
778 1503 991 1574 μεγάλη
1044 1507 1293 1576 ἐγεγόνει
1326 1510 1644 1579 ἀναμεταξὺ
1700 1511 1809 1565 τῶν

247 1589 476 1642 Ἐνετῶν
497 1594 591 1646 xal
622 1594 927 1665 Λιγουρίων
956 1613 971 1629 ο
1021 1596 1209 1667 ἔλεγον
1261 1600 1371 1670 γάρ
1426 1604 1475 1655 οί
1521 1603 1808 1674 Λιγούριοι

235 1683 327 1734 καὶ
355 1683 756 1754 διισχυρίζοντο
793 1693 889 1741 τοῦ
916 1684 1058 1744 εῖναι
1087 1690 1285 1754 αὐτοὺς
1309 1694 1739 1765 ἐμπειροτάτους
1772 1696 1807 1764 ἢ

235 1774 361 1837 τοὺς
397 1773 647 1839 Ἐνετοὺς
677 1778 736 1830 ἐν
767 1781 929 1833 παντὶ
960 1781 1270 1853 πράγματι,
1302 1786 1398 1838 καὶ
1446 1786 1516 1839 δι’
1548 1786 1809 1857 ἀπειρίαν

1925 603 1943 634 ι
1979 586 2060 639 Τὰ
2093 586 2194 639 ὅσα
2221 586 2377 639 αὐτοὶ
2403 586 2501 638 οὐκ
2528 588 2865 658 ἐδυνήθησαν
2906 589 3038 657 ἡμῖν
3074 588 3325 657 ποιῆσαι,
3372 587 3487 654 ἐγὼ

1917 676 2351 745 ἀνταμείψομαι,
2384 695 2403 729 ι
2442 677 2540 730 καὶ
2569 680 2777 732 ἀνωθεν
2816 680 2873 731 ἐν
2901 680 2980 750 τῷ
3007 678 3155 750 λόφῳ
3186 680 3282 733 τοῦ
3320 681 3480 748 ἁγίου

1916 767 2199 835 Θεοδώρου
2238 768 2414 838 πέραν
2449 768 2611 839 ἐντῷ
2670 771 2885 841 Γαλατᾷ
2913 770 3183 834 ἐλεδόλεις
3239 771 3481 840 μεγάλας

1918 860 2144 927 στήσας,
2174 860 2263 913 ἵνα
2291 860 2389 922 τὰς
2438 860 2715 929 ἡμετέρας
2749 862 2889 929 νῆας
2917 863 3016 925 τάς
3076 863 3135 913 ἐν
3172 864 3239 930 τῇ
3290 860 3483 928 εἰσόδῳ

1916 948 2012 1001 τοῦ
2045 949 2265 1018 λιμένος
2301 948 2497 1019 βυθίσῃ
2528 950 2624 1001 καὶ
2665 949 2791 1004 ὅθεν
2821 947 2963 1021 ἦσαν
3012 952 3239 1021 ποιήσῃ»
3265 952 3483 1018 ἀναχω-

1919 1040 2112 1111 ρῆσαι.
2145 1042 2256 1095 Kal
2287 1042 2464 1097 ταῦτα
2525 1043 2625 1112 μέν
2675 1045 2852 1098 ἐποίει
2905 1045 3026 1113 οὐχὶ
3074 1045 3233 1115 μόνον
3270 1045 3357 1098 διὰ
3388 1044 3489 1114 τὴν

1916 1128 2123 1182 είσοδον
2161 1129 2257 1182 τοῦ
2291 1131 2541 1200 λιμένος,
2570 1132 2686 1186 ἀλλ’
2716 1133 2820 1186 ἵνα⁸
2858 1134 2958 1187 καὶ
2986 1133 3084 1193 τάς
3143 1133 3253 1187 τῶν
3292 1134 3491 1202 Λιγου-

1920 1220 2060 1289 ρέων
2091 1220 2234 1291 νῆας
2256 1222 2690 1293 ἀνταμεὶψηται,
2725 1224 2878 1286 ὅπως
2928 1223 3243 1296 δείξῃ-ἡμῖν
3272 1225 3356 1278 ὅτι
3407 1228 3489 1287 είς

1914 1312 1983 1365 τά
2025 1312 2205 1367 πάντα
2262 1314 2492 1369 δύναται
2542 1316 2640 1369 καὶ
2692 1316 2955 1386 ἀγχίνους
2998 1318 3094 1371 καὶ
3146 1316 3489 1388 πολύτροπδς

1915 1409 2088 1462 ἐστιν.
2136 1407 2367 1470 Ἰδόντες
2400 1407 2460 1460 δὲ
2515 1409 2585 1461 οί»
2616 1410 2676 1462 ἐν
2724 1409 2804 1479 τῷ
2836 1409 3055 1481 Γαλατᾷ
3092 1411 3173 1463 ὅτι
3205 1386 3491 1479 τάςγνῆίς

1914 1498 2167 1552 ἐδούλετο
2196 1498 2499 1570 ζημιῶσαι,
2527 1501 2891 1571 συναχθέντες
2918 1497 3072 1555 εἷπον
3103 1503 3252 1573 αὐτῷ
3271 1518 3286 1533 ·
3329 1522 3346 1553 ι
3373 1503 3489 1554 Οὐκ

1913 1586 2034 1641 ἐστι
2060 1589 2276 1643 δίκαιον
2303 1591 2389 1643 ὅτι
2416 1590 2516 1652 τάς
2548 1590 2659 1644 τῶν
2698 1592 3014 1661 Λιγουρέων
3047 1592 3143 1644 καὶ
3193 1592 3353 1661 ἡμῶν
3392 1592 3488 1659 ἐμ-

1914 1682 2154 1752 πορικὰς
2186 1682 2321 1751 νῆας
2374 1682 2675 1752 ζημιῶσαι,
2706 1683 2851 1751 φίλοι
2900 1684 3073 1745 ὄντες.
3113 1705 3133 1736 ι
3174 1682 3235 1736 '0
3268 1683 3323 1736 δὲ
3356 1684 3487 1735 ἁπο-

1915 1772 2133 1842 κριθεὶς
2159 1768 2314 1827 εἶπεν
2354 1774 2572 1838 αὐτοῖς·
2614 1793 2633 1827 ι
2686 1769 2857 1829 Αῦται
2906 1776 2962 1829 αἱ
3013 1776 3141 1842 νῆες
3185 1774 3287 1828 οῦκ
3344 1775 3484 1827 εἰσιν

238 1865 643 1934 μὴείδέναιτὸν
669 1871 845 1924 Κόκον
885 1873 1148 1928 Ἰάκωϐον
1173 1876 1426 1942 senatu,
1455 1877 1579 1931 οὔτε
1610 1881 1814 1943 ἐκεῖνος
1848 1864 1888 1887 ν
1916 1864 2246 1937 ἐμπορικαὶ.
2279 1864 2418 1919 ἀλλὰ
2450 1866 2650 1938 λῃσταὶ
2686 1866 2993 1930 θαλάττιοι.
3048 1868 3143 1921 καὶ
3188 1867 3349 1938 χάριν
3390 1870 3487 1935 ἐμ-

236 1954 352 2008 οῦτε
384 1959 438 2009 οἱ
465 1958 642 2013 λοιποὶ
672 1961 785 2014 τῶν
826 1962 1059 2020 Ἐνετῶν
1097 1966 1133 2021 ἂ
1159 1968 1561 2038 ἐπιχειρίζοντο
1585 1986 1599 2000 ο
1632 1970 1701 2023 δι’
1744 1971 1813 2041 ἥν

237 2047 419 2101 αίτίαν
456 2050 583 2119 τοὺς
626 2053 1041 2123 τεσσαράκοντα
1094 2058 1338 2122 ἐκείνους
1388 2060 1544 2123 νέους
1601 2061 1813 2114 ἀπώλει-

238 2155 353 2205 σαν,
398 2141 473 2193 δι’
494 2142 588 2205 οὓς
616 2144 870 2209 τοσοῦτος
898 2144 1080 2212 οἶκτος
1111 2150 1351 2217 ἐγένετο,
1378 2152 1471 2205 καὶ
1518 2153 1617 2215 τάς
1655 2155 1813 2223 τριή-

234 2245 346 2294 ρεις
367 2231 468 2282 καὶ
500 2230 599 2301 τὴν
626 2233 874 2302 γέφυραν
912 2238 1011 2301 τάς
1044 2240 1099 2291 ἐν
1126 2240 1203 2308 τῷ
1224 2241 1406 2310 λιμένι
1440 2242 1540 2296 οὐκ
1570 2244 1814 2314 ἐπυρτνό-

233 2318 426 2386 λησαν.
469 2318 555 2383 Ὠς
583 2318 675 2376 οῦν
700 2324 932 2393 ἧκουσεν
961 2330 989 2381 ὁ
1015 2328 1269 2398 βασιλεὺς
1293 2333 1365 2388 τά
1390 2336 1679 2403 γενόμενα,
1725 2338 1812 2389 ἐλ-

234 2410 340 2465 θὼν
394 2413 645 2487 ὡμίλησε
707 2422 820 2485 τοτς
898 2423 1135 2489 Ἑνετοίς
1198 2426 1291 2481 καὶ
1343 2429 1676 2499 Λιγουρίοις,
1716 2432 1812 2486 καὶ

232 2504 579 2576 λυποῦμενος
604 2509 721 2564 εῐπε
757 2529 772 2544 ·
809 2533 828 2566 ι
867 2517 1182 2587 Παρακαλῶ
1221 2522 1390 2592 ὑμᾶς,
1438 2524 1678 2593 ἀδελφοὶ,
1734 2529 1812 2579 εί-

236 2598 521 2665 ρηνεῦετε.
561 2602 672 2656 Kal
708 2607 872 2675 ἀρκεῖ
913 2609 1044 2677 ὑμῖν
1078 2610 1338 2676 δ’ἐξωθεν
1388 2615 1622 2682 πόλεμος
1647 2634 1664 2650 ο
1716 2620 1810 2671 καὶ

234 2688 321 2780 μὴᾉ
340 2689 665 2759 ἀνιμεταξὺ
698 2696 853 2766 ὑμῶν
902 2700 1140 2770 μάχεσθε
1181 2702 1277 2758 διὰ
1299 2708 1429 2768 τοὺς
1487 2709 1810 2780 οίκτιρμοὺς

230 2778 323 2873 τοῦ
349 2780 520 2837 Θεοῦ.
557 2803 578 2836 ι
610 2786 721 2839 Kal
760 2789 896 2844 ἀλλα
926 2792 1117 2847 πολλὰ.
1140 2794 1536 2868 δημηγορήσας
1594 2778 1812 2873 είρηνο-

232 2870 470 2941 ποίησεν
492 2875 733 2942 ἀστούς..

521 3055 579 3110 ὀ
614 3059 670 3111 δὲ
716 3061 942 3133 ἀμηρᾶς
983 3064 1109 3119 Ῐδὼν
1155 3068 1441 3135 γεγονέναι
1486 3072 1548 3126 τὸ
1607 3074 1815 3145 ἡμέτε-

1916 1957 2151 2027 πορείας
2166 1957 2279 2009 οὐκ
2319 1953 2486 2028 ἦλθον
2521 1958 2780 2022 ἐνταῦθα,
2806 1959 2921 2012 ἀλλ’
2957 1960 3046 2012 ἴνα
3102 1959 3197 2012 τὸν
3262 1960 3487 2029 βασιλέα

1913 2049 2003 2101 τὸν
2027 2050 2059 2117 ἡ
2069 2048 2188 2116 μῶν
2208 2047 2407 2119 ἐχθρὸν
2432 2048 2802 2120 βοηθήσωσιν.
2842 2049 2983 2117 Ἐγὼ
3002 2050 3059 2103 δέ
3086 2050 3162 2113 ὡς
3184 2053 3487 2120 προφανεῖς

1914 2139 2169 2209 ἐχθροὺς,
2202 2142 2252 2195 εί
2309 2139 2566 2205 δυνατὸν,
2629 2141 2773 2195 θέλω
2827 2139 3157 2196 παιδεῦσαι·
3218 2142 3377 2211 ὑμεῖς
3430 2142 3491 2195 δὲ

1912 2230 2194 2285 ἀπέλθατε
2220 2233 2345 2302 μετ’
2379 2235 2607 2305 είρήνης
2640 2235 2716 2298 ὡς
2762 2235 2930 2305 φίλοι.
2969 2253 2987 2287 ι
3032 2234 3235 2290 Λοιπὸν
3262 2234 3359 2287 τοῦ
3393 2233 3493 2301 ἔρα

1911 2340 2011 2390 γου
2045 2324 2349 2394 ἁψάμενος,
2382 2329 2477 2381 καὶ
2520 2323 2590 2399 ἦν
2627 2330 2757 2382 ίδεϊν
2792 2330 3024 2398 σημεῖον
3057 2330 3140 2382 ὅτι
3172 2331 3239 2399 τῇ
3290 2326 3515 2399 πρώτῃ»

1912 2417 2151 2472 ἐλεδόλει
2257 2423 2285 2473 ὁ
2310 2421 2567 2491 τεχνίτης
2599 2422 2659 2475 τὸ
2689 2421 2804 2489 πῦρ
2858 2422 3088 2476 ἐνέϐαλε
3120 2421 3220 2493 τῆν
3254 2422 3356 2491 νῆα
3384 2422 3487 2491 τὴν

1912 2512 2023 2565 τῶν
2051 2511 2550 2584 ἇλλωνἜρχουσαν
2598 2512 2875 2575 ἐδύθισεν.
2906 2514 2973 2566 Δί
3029 2513 3089 2568 δέ
3118 2514 3305 2567 λοιπαὶ
3341 2513 3492 2566 ίδοῦ-·

1915 2619 2008 2655 σαι
2037 2602 2128 2656 τὸν
2155 2604 2407 2658 κίνδυνον
2437 2606 2531 2658 καὶ
2555 2605 2814 2661 θέλουσαι
2845 2608 3062 2675 φυγεῦν,
3103 2607 3198 2660 ἐπὶ
3228 2606 3289 2659 τὸ
3321 2606 3497 2677 260

1916 2696 2083 2764 μέρος
2123 2697 2285 2750 πλέον
2314 2697 2409 2751 τοῦ
2442 2698 2665 2753 Γαλατᾶ
2692 2699 2883 2769 ὀλίγον
2915 2699 3171 2754 ἐλθοῦσαι
3214 2700 3316 2771 τὴν
3359 2700 3483 2752 στά-

1914 2801 1999 2838 σιν
2051 2786 2344 2856 ἐποίησαν,
2400 2789 2550 2852 ὅπως
2606 2789 2697 2843 διὰ
2750 2791 2862 2844 τῶν
2911 2791 3267 2862 ὑψηλοτάτων
3315 2790 3480 2841 οἴκων

1914 2879 2251 2933 σκέπωνται·
2310 2880 2473 2944 αὐτὸς
2525 2882 2582 2934 δέ
2634 2881 3097 2953 μὴ--ιρειδόμενος
3149 2884 3261 2936 τῶν
3307 2883 3479 2936 οῐκων

1912 2971 2142 3036 πολλοὺς
2173 2973 2465 3044 ἐχάλασεν,
2499 2975 2590 3027 ἵνα
2628 2974 2930 3038 ἀκωλύτως
2974 2976 3075 3038 τὰς
3126 2976 3264 3044 νῆας
3302 2976 3495 3046 μάχη-ί

1910 3077 2020 3114 ται.
2056 3062 2165 3115 Kal
2198 3058 2268 3133 ἦν
2330 3063 2613 3134 θαυμάσαι
2672 3065 2757 3119 δτι
2819 3065 3005 3120 πλεῖον
3063 3066 3097 3137 ἢ
3141 3066 3337 3120 ἐκατὺν
3384 3068 3503 3119 xal’

232 3145 529 3244 ..ἔργον
554 3150 637 3212 είς
663 3151 816 3205 οὐδὲν
841 3155 1117 3227 χρήσιμον
1149 3160 1293 3213 κατά
1340 3162 1450 3215 τῶν
1509 3166 1806 3236 τριήρεων,
1838 3182 1887 3244 c
1913 3154 2209 3244 τριάκοντα
2238 3155 2508 3217 ἐλεσόλεις
2542 3156 2707 3227 ῥίψας
2737 3156 2893 3221 οὐδέν
2924 3176 2977 3211 τι
3010 3157 3177 3213 πλέον
3215 3154 3513 3244 τάςνῆαςμ

228 3233 364 3286 ἀλλὰ
397 3236 607 3304 μᾶλλον
639 3243 734 3296 καὶ
757 3244 1042 3318 ἐζημιώθη
1054 3265 1172 3316 μεν,
1212 3253 1521 3325 περιχαρὴς
1547 3233 1804 3323 γεγονὼς

227 3425 395 3479 quam
429 3415 575 3471 aliud
616 3421 1005 3490 praestiterunt,
1039 3425 1141 3481 nisr
1172 3427 1317 3495 quod
1342 3443 1503 3482 unam
1549 3430 1805 3485 combus-

228 3508 741 3565 scrunttrircmem.
779 3514 961 3583 Ignem
994 3516 1135 3570 enim
1166 3520 1315 3586 ponti
1355 3520 1616 3588 injectum
1656 3518 1801 3575 Tur-

228 3612 421 3651 mrum
445 3602 599 3655 turba
630 3603 916 3660 confestim
941 3610 1217 3664 exstinxit.
1255 3608 1491 3668 Iuvenes
1511 3613 1630 3668 illos
1649 3629 1805 3683 egre-

229 3690 342 3757 gios
381 3701 437 3746 et
473 3692 742 3750 formosos
772 3697 974 3767 impius
1034 3716 1250 3757 ameras
1297 3704 1362 3758 ad
1401 3720 1567 3757 unum
1609 3718 1802 3760 omnes

227 3792 453 3849 postero
483 3801 639 3841 mane
700 3788 753 3841 in
802 3801 1099 3860 conspectu
1154 3805 1344 3849 nostro
1406 3797 1801 3852 miserabiliter

138 3956 141 3959 γ
230 3879 496 3936 trucidari
517 3880 702 3951 jussit.
736 3883 938 3940 Luctus
983 3885 1111 3941 hinc
1168 3888 1398 3944 inurbe
1441 3888 1633 3959 ingens
1675 3888 1799 3956 fuit,

230 3979 493 4041 tantaque
519 3983 639 4028 erat
668 3975 1015 4046 imperatoris
1043 3980 1321 4046 maestitia,
1345 3981 1534 4051 utipse
1554 3982 1798 4037 vicissim

228 4065 477 4133 captivos
530 4064 736 4122 Turcas
786 4068 842 4123 in
930 4070 1169 4127 turribus
1206 4071 1565 4128 circumcirca
1619 4075 1798 4130 occidi

224 4154 462 4224 iuberet,
495 4172 721 4214 numero
749 4159 1013 4217 ducentos
1035 4164 1343 4233 sexaginta.
1399 4162 1548 4219 Ortae
1574 4172 1705 4220 sunt
1730 4182 1796 4221 ex

230 4248 328 4300 hac
350 4262 413 4301 re
440 4250 630 4313 turbte,
666 4264 730 4306 ac
758 4266 951 4322 magna
987 4253 1216 4307 emersit
1262 4252 1404 4308 inter
1456 4253 1697 4310 Venetos
1742 4264 1801 4310 et

229 4336 460 4408 Ligures
492 4342 709 4398 seditio.
750 4344 1012 4402 Dicebant
1040 4346 1184 4401 enim
1229 4356 1283 4402 et
1343 4346 1685 4403 afﬁrmabant
1712 4348 1801 4402 Li-

223 4436 671 4498 gures,seomni
722 4438 775 4491 in
804 4453 863 4492 re
915 4437 1142 4495 Venetis
1196 4440 1485 4508 peritiores
1542 4456 1688 4507 esse,
1747 4450 1813 4496 et

225 4522 495 4580 ιποιηηη
555 4528 760 4583 cocum
829 4545 895 4585 ex
960 4530 1255 4600 imperi“,
1291 4534 1612 4597 ηεεοίνεεεε,
1663 4533 1795 4604 quid
1831 4523 2017 4596 Drias
2051 4540 2217 4580 naves
2262 4527 2623 4595 pessumdari.
2680 4525 2749 4580 At
2819 4527 2908 4581 ille
2961 4527 3289 4596 respondit:
3349 4526 3485 4597 illa:
3566 4564 3585 4579 ι

228 4616 456 4681 faceret,
488 4632 588 4671 nec
635 4622 977 4689 perspexisse
1036 4622 1117 4677 vel
1178 4623 1358 4691 ipsum
1408 4625 1493 4680 vel
1547 4624 1795 4694 reliquos

231 4708 491 4774 Venetos,
544 4711 634 4780 qui
700 4714 1014 4767 auderent:
1093 4706 1241 4770 unde
1298 4716 1658 4787 quadraginta
1717 4717 1795 4771 illi

221 4802 474 4869 iuvenes,
500 4813 885 4874 promer-quos
916 4816 1100 4862 tantus
1130 4807 1313 4862 luctus
1379 4816 1547 4874 esset,
1596 4809 1794 4877 periis-

218 4905 364 4958 sent,
398 4910 463 4950 ac
488 4897 735 4950 triremes
786 4909 842 4953 et
888 4914 1024 4969 pons
1073 4900 1125 4953 in
1187 4910 1347 4969 portu
1404 4915 1512 4955 non
1558 4900 1796 4957 fuissent

220 4987 467 5041 incensa.
504 4986 628 5043 Haec
651 4989 740 5042 ubi
772 4990 979 5044 audivit
1007 4991 1328 5059 imperator,
1368 4993 1504 5045 adiit
1557 4991 1793 5048 Venetos

220 5087 273 5129 et
305 5075 557 5146 Ligures,
594 5090 647 5133 et
675 5079 877 5134 amicto
913 5081 1099 5134 animo
1135 5082 1333 5136 ita‘eos
1366 5082 1640 5138 allocutus
1661 5092 1782 5139 est:

225 5188 242 5218 ι
282 5170 528 5224 Obsecro
559 5186 675 5232 vos.
707 5171 925 5237 fratres,
979 5188 1165 5242 pacem
1225 5174 1387 5229 colite
1418 5192 1432 5228 :
1466 5174 1667 5231 sullicit
1698 5192 1793 5232 ex-

220 5272 432 5315 ternum
489 5264 713 5317 bellum.
767 5264 966 5330 Nolite,
1022 5281 1119 5335 per
1180 5266 1610 5322 misericordiam
1671 5269 1790 5333 Dei,

224 5363 471 5409 mutuum
529 5357 725 5411 bellum
779 5373 1085 5413 exercere.)
1151 5358 1267 5413 Alia
1335 5360 1502 5415 multa
1562 5360 1792 5417 dicendo

123 5518 127 5523 1
222 5445 435 5499 tmdem
490 5461 587 5501 eos
636 5448 866 5518 pacavit.

286 5621 512 5678 Ameras
536 5639 661 5678 cum
680 5636 920 5680 nostrmn
938 5627 1199 5681 a'lversus
1222 5629 1472 5683 triremes
1499 5630 1779 5699 inceptum

218 5708 351 5761 nihil
402 5712 556 5767 nobis
584 5716 877 5781 commodi,
915 5717 1026 5771 imo
1070 5718 1330 5771 damnum
1357 5718 1608 5773 attulisse
1639 5720 1788 5775 vidc-

219 5809 322 5865 ret,
365 5804 557 5871 gaudio
589 5803 869 5865 exsultans
901 5824 1005 5865 non
1050 5809 1168 5867 sine
1225 5810 1367 5867 fastu
1414 5822 1469 5867 et
1532 5811 1783 5881 indigna-

1914 3243 2153 3314 ἔϐλαψεν
2195 3244 2321 3299 οῦτε
2390 3245 2697 3318 ἄνθρωπον,
2737 3245 3116 3313 ἐθανάτωσεν,
3170 3246 3219 3300 εί
3271 3243 3348 3317 μὴ
3380 3261 3493 3312 γυι

1911 3426 2062 3481 tione
2086 3424 2250 3492 dixit,
2307 3426 2587 3483 facturum
2646 3442 2706 3484 se
2770 3428 2949 3495 nobis,
3001 3444 3126 3497 quae
3182 3443 3283 3483 nos
3342 3428 3495 3496 ipsis

1913 3514 2089 3572 facere
2132 3532 2242 3571 non
2298 3519 2692 3587 potuissemus.
2746 3521 2935 3590 Itaque
2995 3520 3049 3574 in
3103 3520 3257 3585 colle.
3303 3522 3521 3576 sancti

1910 3607 2179 3662 Theodori
2205 3615 2359 3663 trans
2390 3609 2571 3665 sinum
2604 3611 2749 3681 apud
2779 3610 3028 3667 Galatam
3095 3628 3323 3681 magnas
3385 3615 3481 3666 lie-

1910 3699 2109 3768 lepoles
2157 3701 2461 3767 collocavit,
2491 3712 2550 3757 ut
2598 3719 2763 3758 naves
2794 3713 3011 3761 nostras
3063 3706 3131 3760 ad
3196 3705 3515 3759 introitum

1908 3800 2099 3857 portus
2134 3791 2484 3855 constitutas,
2516 3793 2623 3849 nisi
2676 3794 3016 3858 recederent,
3074 3794 3476 3862 submergerel.

1908 3881 2083 3948 Atque
2112 3880 2216 3934 hoc
2252 3880 2489 3936 faciebat
2534 3898 2641 3937 non
2676 3884 2852 3938 solum
2910 3894 3131 3954 pr0pter
3187 3886 3472 3939 introitum

1908 3979 2117 4040 portus,
2149 3972 2240 4026 sed
2271 3972 2459 4038 etiam,
2491 3982 2548 4028 ut
2581 3973 2843 4044 Ligurum
2894 3976 3126 4030 navibus
3192 3992 3293 4045 par
3354 3977 3475 4029 red-

1910 4063 2080 4129 deret,
2116 4063 2383 4132 nobisque
2429 4064 2762 4131 ostenderet,
2791 4081 2848 4120 se
2878 4081 3037 4135 posse
3086 4066 3271 4119 omnia
3321 4068 3470 4120 etin
3504 4098 3512 4104 -

1908 4155 2102 4225 primis
2132 4154 2388 4210 solertem
2433 4165 2486 4211 et
2516 4165 2799 4212 versutum
2830 4166 2969 4212 esse.
2996 4155 3219 4211 Galataei
3252 4172 3477 4212 cernen—
3507 4195 3513 4200 -

1912 4257 2013 4312 tes,
2041 4262 2278 4301 ameram
2305 4262 2470 4304 naves
2503 4248 2980 4318 pessumdaturum
3001 4264 3144 4313 esse,
3162 4247 3477 4319 frequentes
3512 4290 3515 4291 ν

1907 4354 2031 4394 eum
2067 4340 2406 4395 conveniunt
2432 4349 2784 4412 monentque,
2812 4357 3026 4410 atquum
3077 4356 3187 4396 non
3235 4357 3378 4405 esse,
3411 4342 3479 4396 ab
3512 4376 3517 4391 ι

1911 4431 2002 4495 iis,
2036 4431 2237 4502 quippe
2269 4432 2484 4499 amicis,
2518 4431 2775 4504 Ligurum
2806 4443 2859 4487 et
2889 4449 3019 4489 suas
3037 4433 3174 4488 adeo
3204 4442 3476 4488 mercato-

1906 4630 2071 4671 naves
2100 4632 2208 4671 non
2236 4627 2365 4671 sunt
2390 4619 2750 4682 mercatorne,
2780 4620 2872 4674 sed
2895 4621 3156 4689 piratica,
3207 4636 3309 4675 nec
3334 4637 3476 4674 mer-
3504 4662 3507 4665 μ

1903 4714 2104 4762 caturaa
2131 4708 2301 4776 gratia
2334 4709 2438 4763 huc
2470 4698 2843 4775 advenerunt,
2888 4713 2983 4767 sed
3051 4712 3469 4782 imperatorem,

1903 4795 2111 4850 hostem
2139 4807 2406 4862 nostrum,
2438 4797 2723 4867 adjuturae.
2753 4799 2932 4866 Quare
2979 4808 3038 4855 ut.
3063 4801 3248 4856 hostes
3298 4805 3473 4857 mani-

1902 4885 2092 4950 festos,
2114 4888 2158 4942 si
2193 4897 2402 4957 potero,
2420 4904 2515 4944 eos
2541 4890 2781 4958 puniam.
2804 4888 2933 4957 Vos,
2954 4901 3011 4945 ut
3042 4893 3227 4957 amici,
3249 4891 3411 4946 abite.
3444 4911 3493 4945 »ς

1900 4978 2093 5048 Itaque
2124 4994 2264 5049 opus
2292 4995 2584 5051 aggressus
2613 4992 2717 5047 est,
2765 4992 2930 5053 atque
2960 4984 3177 5049 accidit,
3214 4993 3273 5038 nt
3300 4984 3471 5052 magi-

1904 5080 2015 5126 ster
2075 5072 2250 5141 prima
2296 5072 2553 5141 lielepoli,
2616 5074 2704 5128 cui
2772 5076 2947 5145 ignem
3010 5074 3215 5144 injecit,
3278 5090 3505 5128 navem.

1901 5164 2201 5233 principem
2225 5165 2582 5234 demergeret.
2608 5165 2849 5236 Reliqua:
2873 5180 3064 5227 naves,
3084 5165 3471 5219 animadverso
3496 5200 3505 5209 η

1901 5258 2161 5327 periculo,
2187 5257 2311 5326 fuga
2336 5257 2569 5311 salutem
2591 5260 2910 5327 quaerebant
2934 5266 2990 5310 et
3048 5255 3294 5310 Galatam
3346 5271 3468 5309 ver-

1898 5365 1989 5404 sus
2038 5350 2198 5417 paulo
2279 5357 2546 5419 provectae
2624 5349 3005 5412 constiterunt,
3070 5356 3130 5402 ut
3188 5348 3503 5404 altissimis,

1899 5443 2145 5498 aediliciis
2180 5452 2507 5512 tegerentur.
2541 5445 2609 5495 At
2631 5442 2720 5496 ille
2746 5442 2881 5497 nihil
2921 5442 3161 5511 pepercit
3199 5442 3463 5509 aedificiis,

1898 5535 1991 5589 sed
2022 5549 2209 5590 eorum
2244 5534 2414 5587 multa
2439 5534 2628 5599 diruit,
2658 5549 2767 5603 quo
2827 5533 2996 5589 libere
3060 5548 3228 5589 naves
3290 5550 3466 5604 Oppu-

1897 5635 2104 5696 gnaret.
2138 5625 2338 5679 Verum
2369 5625 2565 5679 mirum
2595 5625 2699 5679 hoc
2738 5626 2959 5690 accidit,
3004 5636 3066 5681 ut
3131 5636 3352 5681 centum
3409 5636 3493 5681 ets

1898 5720 2113 5789 triginta
2144 5719 2379 5789 amplius
2429 5718 2769 5788 lielepolibus
2844 5735 2999 5780 usus.
3062 5719 3234 5774 nihilo
3289 5719 3464 5788 magis

1898 5812 2124 5867 navibus
2151 5820 2391 5879 noceret,
2433 5826 2531 5867 nec
2566 5812 2839 5869 hominem
2885 5814 3056 5869 ullum
3101 5812 3487 5879 interﬁceret.“
