3916 6196
450 307 560 369 δῖιᾶ

1687 309 2011 371 GEORGII
2065 252 2522 372 ΡΗΒᾹΝΤΞΕ.

3572 312 3620 376 8ξ
3633 311 3666 373 ὕ

451 424 612 478 ναῖκσὶ
659 440 782 477 τινα
832 421 1019 494 ,πέτρα
1086 421 1330 477 πεσοῦσα
1393 425 1456 477 ἐκ
1499 423 1608 477 τῶν
1645 424 1841 494 τειχῶν
1893 426 2029 478 ἀπέ⁸
2055 428 2103 489 Α
2135 427 2328 496 καιρὸν
2363 427 2443 488 είς
2466 427 2562 487 τὰς
2600 423 2838 494 πονηρὰς
2873 422 3101 494 ὀρέξεις,
3128 423 3343 486 στάσεις
3368 424 3456 477 καὶ
3481 428 3664 481 ἀκατα-

449 533 682 571 κτεινεν.

531 607 782 679 Ἡμέρας
836 607 946 676 γάρ
985 623 1142 669 τινας
1178 608 1205 660 6
1245 608 1468 676 ἁμμηρᾶς
1519 611 1582 662 ού
1631 609 1846 664 τελείαν
1886 627 2026 679 συμ-

448 699 682 768 πλοκὴν,
711 700 786 764 ὡς
829 699 1084 768 σύνηθες,
1117 698 1350 753 ἐνέδιδεν
1401 701 1532 770 ἡμῖν
1593 699 1669 764 ὡς
1718 701 1779 755 τὸ
1831 702 2028 771 πρότε-

451 805 563 858 ρον,
593 791 642 842 εί
675 792 750 861 μὴ
798 790 1237 860 ἀκροϐολισμοὺς
1270 790 1580 860 μακρόθεν*
1620 792 1716 846 καὶ
1742 794 1867 856 ταῖς
1904 793 2024 846 ἐλε-

448 883 632 935 Εόλεσι
663 883 846 954 ἡμέρᾳ
869 900 929 936 τε
971 883 1067 936 καὶ
1123 885 1282 936 νυκτὶ
1341 884 1443 936 οὐκ
1505 883 1712 938 ἔπαυον
1749 885 1820 939 τὰ
1867 885 2024 956 τείχη

451 975 701 1044 σ’ροδρῶς
745 975 999 1033 τύπτειν.
1039 977 1146 1029 Καί
1202 993 1346 1043 τινες
1391 976 1492 1046 μὲν
1539 977 1588 1029 oi
1624 976 1698 1045 μὴ
1746 975 1899 1041 ὅντες
1929 977 2030 1047 ἔμ-

449 1084 635 1135 πειροι
660 1067 918 1120 τοσοῦτον
943 1069 1038 1120 τοῦ
1073 1068 1340 1138 πολέμου,
1379 1069 1453 1131 ὡς
1499 1068 1732 1122 ἔϐλεπον
1769 1068 1843 1137 μὴ
1877 1071 2028 1137 γίνε-

451 1159 578 1212 σθαι
609 1160 956 1231 συμπλοκὴν,
977 1162 1102 1225 τοὺς
1127 1161 1592 1232 διατεταγμένους
1623 1163 1824 1225 τόπους
1844 1164 2027 1218 αὐτῶν

449 1250 738 1314 ἀφίνοντες
780 1251 839 1302 ἐν
891 1251 1006 1310 τοῖς
1069 1251 1241 1314 οἴκοις
1297 1253 1481 1305 αὐτῶν
1541 1253 1806 1323 ἤρχοντοο
1863 1252 1913 1305 οἱ
1968 1251 2026 1305 δὲ

449 1338 687 1408 Τούρκοι
722 1341 1013 1410 εὐκαιρίαν
1049 1341 1403 1410 εὑρίσκοντες
1460 1343 1601 1408 μετὰ
1638 1342 1847 1411 ὀνύχων
1882 1343 2027 1413 σιδη-

447 1431 560 1498 ρῶν
583 1433 703 1501 ἢτοι
740 1433 1058 1501 ἀγκίστρων
1083 1432 1140 1484 ἕν
1171 1449 1284 1486 τισι
1317 1434 1508 1497 τόποις
1551 1434 1649 1497 τὰς
1675 1436 1878 1504 μεστὰς
1918 1436 2028 1505 χὼ-

449 1537 623 1586 ματος
651 1522 944 1590 σπυρίδας,
981 1523 1116 1575 ὅπου
1149 1519 1290 1591 ἦσαν
1326 1526 1408 1588 εἰς
1432 1525 1647 1595 σκέπην
1674 1525 1782 1578 τῶν
1813 1527 2026 1597 ἀνθρώ-

446 1627 567 1664 πων
597 1613 656 1664 ἐν
689 1616 754 1682 τῇ
785 1615 1100 1685 συμπλοκῇ,
1132 1617 1283 1669 κάτω
1316 1616 1580 1685 ἕσυρνον·
1608 1619 1657 1670 oi
1709 1618 1767 1670 δὲ
1805 1618 2023 1688 δήμαρ-

452 1719 538 1769 χοι
573 1701 690 1754 ἀντ’
727 1703 906 1754 αὐτῶν
936 1703 1132 1774 ἐτέρας
1170 1704 1333 1766 εὐθὺς
1388 1705 1601 1758 ἔϐαλον.
1657 1705 1860 1760 Μαθὼν
1894 1707 1951 1760 δὲ
1995 1709 2022 1760 6

449 1792 705 1861 βασιλεὺς
733 1794 837 1847 ὑπὸ
860 1797 955 1848 τοῦ
976 1796 1288 1866 στρατηγοῦ
1315 1798 1342 1850 ὃ
1367 1815 1422 1850 τι
1453 1797 1747 1867 συμϐαίνει
1775 1799 2026 1862 γενέσθαι

445 1877 491 1949 ᾧ
521 1886 702 1954 τρόπῳ
736 1886 1062 1955 εἰρήκαμεν,
1096 1887 1224 1951 τοὺς
1245 1887 1526 1952 τοιούτους
1561 1887 1810 1959 σφοδρῶς
1858 1889 2024 1959 ἠπεί-

448 1975 640 2046 λησεν.
672 1976 840 2029 Αὐτοὶ
878 1977 936 2029 δὲ
969 1979 1340 2049 ἀπεκρίναντο
1403 1981 1659 2047 λέγοντες
1697 1981 1781 2034 ὅτι
1829 1981 1918 2034 διὰ
1964 1982 2025 2034 τὸ

453 2069 529 2141 μὴ
557 2069 940 2139 ἔχεινςὴιύτοὺς
972 2078 1170 2142 φαγεῖν
1232 2076 1330 2128 καὶ
1389 2079 1556 2140 πιεῖν,
1614 2076 1784 2129 τέκνα
1820 2093 1880 2128 τε
1928 2077 2025 2128 καὶ

449 2167 745 2229 γυναῖκας,
781 2165 941 2219 τοῦτο
964 2168 1258 2236 ἐποίησαν.
1297 2166 1563 2231 Ἀκούσας
1605 2167 1711 2221 δὲό
1771 2167 2022 2237 βασιλεὺς

450 2255 652 2324 ὥρισεν
680 2257 772 2312 ἴνα
808 2260 921 2313 ὅσοι
961 2260 1120 2330 26],
1149 2261 1295 2325 τινὲς
1316 2261 1366 2313 οί
1397 2261 1473 2331 μὴ
1511 2261 1805 2331 δυνάμενοι
1851 2260 2025 2331 μάχε-

451 2350 575 2402 σθαι
604 2351 694 2404 διὰ
747 2353 992 2422 γῆρας-ἢ
1045 2355 1114 2407 δι’
1144 2355 1346 2425 ἑτέραν
1397 2355 1601 2419 αἰτίαν,
1638 2359 1762 2421 τοὺς
1819 2357 2025 2427 ἄρτους

448 2444 551 2500 καϊπ
577 2445 685 2497 πᾶν
722 2444 1005 2517 βρώσιμον
1031 2445 1384 2517 διαμερίζειν
1411 2450 1469 2501 ὲν
1509 2450 1624 2512 τοῖς
1648 2449 1823 2514 οἴκοις
1855 2449 1946 2501 καὶ
1965 2451 2023 2504 ἐν

448 2537 562 2591 τοίς
595 2535 828 2606 πύργοις
861 2537 1007 2591 κατὰ
1038 2537 1138 2607 τὴν
1169 2539 1460 2607 ἀναλογίαν
1488 2540 1605 2602 ἐνὸς
1633 2541 1888 2596 ἑκάστου.
1914 2541 2025 2595 Καὶ

447 2626 475 2675 6
507 2625 743 2695 πόλεμος
774 2625 996 2698 ἡμέραν
1022 2631 1148 2684 καθ’
1181 2632 1400 2702 ἡμέραν
1426 2631 1629 2702 ηὔξανε
1679 2633 1766 2685 διὰ
1795 2632 1856 2684 τὸ
1899 2633 2024 2686 καθ’

450 2718 702 2788 ἑκάστην
750 2720 830 2782 εἰς
878 2721 1005 2784 τοὺς
1059 2723 1340 2786 ἐναντίους
1402 2723 1472 2778 ἐκ
1521 2722 1618 2776 τοῦ
1673 2725 1774 2796 τῆς
1838 2726 2025 2788 Ἀσίας

444 2808 708 2879 κλίματος
755 2811 881 2874 νέος
912 2813 1144 2876 στρατὸς
1177 2812 1238 2866 ού
1303 2813 1546 2867 διέλιπεν
1613 2815 1874 2886 ἔρχεσθαι
1902 2832 1916 2847 ⁶
1953 2818 2024 2872 τὰ

443 2902 504 2954 δὲ
548 2903 803 2972 ἡμέτερα·
832 2902 1183 2972 ὀλιγόστευον-
1234 2899 1329 2959 καὶ
1385 2907 1792 2974 ἐταπεινοῦντο,
1829 2908 2022 2980 ὥσπερ

446 2993 642 3065 σελήνη
679 2994 1037 3065 λειψίφωτος,
1070 2996 1159 3050 διὰ
1207 2999 1299 3051 τὸν
1350 2999 1735 3070 καθημερινὸν
1765 3000 2019 3063 θάνατον.

444 3083 602 3150 Τινὲς
631 3085 687 3138 δὲ
715 3087 779 3139 ἐκ
810 3086 919 3140 τῶν
948 3088 1240 3158 ἡμετέρων
1263 3090 1512 3153 ἀπειθεῖς
1542 3093 1638 3145 καὶ
1665 3093 2022 3163 ἀπάνθρωποι
2051 3109 2093 3168 c

442 3175 512 3229 τὰ
569 3176 728 3246 ἡμῶν
787 3177 1181 3231 ταπεινοῦσθαι
1241 3178 1556 3248 βλέποντεῆ
1619 3183 1873 3254 εὑρόντες
1928 3183 2023 3236 τὸν

458 3361 567 3416 nisi
599 3360 744 3427 quod
774 3358 918 3428 lapis
971 3357 1037 3410 de
1073 3370 1230 3409 muro
1267 3355 1522 3424 delapsus
1575 3360 1856 3415 mulierem
1921 3364 2021 3417 ali-

443 3468 605 3522 quam
646 3453 864 3507 occidit.

517 3544 714 3600 Diebus
748 3547 953 3616 aliquot
999 3562 1213 3603 amcras
1271 3551 1595 3619 non‘juSta,
1657 3558 1718 3604 ut
1791 3551 2016 3616 solebat,

439 3653 621 3708 ptigna
657 3654 754 3693 nos
783 3641 1046 3701 exercuit.
1077 3641 1217 3695 sicut
1257 3650 1403 3705 ante,
1430 3644 1523 3698 sed
1585 3645 1804 3698 eminus
1858 3645 2017 3712 jacu-

439 3732 769 3799 lationibus;
801 3731 1140 3802 helepolibus
1165 3742 1346 3789 tamen
1369 3751 1467 3789 nec
1489 3737 1573 3790 die
1597 3752 1697 3792 nec
1722 3747 1880 3792 nocte
1897 3752 2016 3792 ces-

439 3823 582 3876 sarit
613 3824 811 3878 acriter
840 3825 1040 3879 mmnia
1098 3827 1352 3881 arietare.
1417 3827 1606 3897 Itaque
1659 3829 1880 3898 quidam
1940 3831 2014 3884 rei

440 3914 696 3969 militaris
724 3930 826 3968 non
858 3917 1151 3971 admodum
1214 3918 1396 3984 periti,
1447 3933 1570 3971 cum
1623 3935 1858 3986 pugnam
1908 3936 2014 3975 non

439 4007 997 4072 commit-lividcrcut,
1033 4008 1234 4064 relictis
1290 4010 1622 4063 stationibus
1677 4011 1872 4065 domus
1924 4016 2018 4066 ab-

440 4101 610 4155 ilzattl.
645 4100 816 4165 Quam
851 4099 1313 4170 opportunitatem
1345 4099 1537 4154 Turcre
1581 4105 1860 4166 aucupatt,
1915 4119 1983 4154 un
2005 4131 2022 4144 -

439 4194 517 4248 eis
546 4193 738 4247 ferreis
761 4194 873 4245 sive
893 4193 1302 4262 harpagouibus
1335 4195 1614 4249 nonnullis
1651 4197 1713 4248 in.
1738 4195 1872 4250 lucis
1897 4210 2022 4249 cor-

439 4286 535 4336 lies
568 4285 632 4338 ad
665 4287 951 4353 tegendum
991 4287 1040 4338 iu
1077 4302 1263 4356 pugna
1309 4286 1535 4340 militem
1576 4296 1718 4340 terra
1765 4287 2018 4356 impletas

439 4378 813 4440 detraxerunt,
851 4393 947 4446 pro
975 4379 1177 4445 quibus
1205 4378 1408 4431 tribuni
1462 4378 1610 4431 illico
1663 4378 1800 4433 alias
1850 4393 2012 4446 repo.

2135 519 2367 580 στασίας
2393 518 2517 572 καθ’
2546 517 2766 588 ἡμέραν
2795 518 3040 579 ἐποίουν,
3067 516 3161 570 καὶ
3185 516 3381 587 ’ὕϐρεις
3406 519 3494 573 καὶ
3509 519 3661 575 λοιδο-

2134 611 2256 680 ρίας
2290 612 2369 674 είς
2407 611 2508 673 τὰς
2551 610 2819 672 πλατείας
2848 609 2943 662 καὶ
2979 608 3161 679 ῥύμας
3195 611 3294 678 τῆς
3323 611 3520 674 πόλεως
3545 615 3668 668 κατὰ

2129 702 2226 756 τοῦ
2255 703 2562 773 δυστυχοῦς
2599 694 2868 771 βασιλέως
2897 702 2993 755 καὶ
3021 701 3132 755 τῶν
3176 700 3379 770 ἐτέρων
3419 695 3666 772 ἀρχόντων

2133 793 2355 864 ἐξέχεον
2392 797 2456 848 ἐκ
2499 794 2592 848 τοῦ
2621 795 2832 865 ’μιαροῦ
2871 793 3056 848 αὐτῶν
3087 793 3385 866 λάρυγγος,
3415 796 3544 864 μήτε
3591 797 3668 850 τὸν

2127 888 2263 942 Θεὸν
2296 887 2629 958 φοϐούμενοι
2664 890 2802 958 μήτε
2849 887 2942 942 τὶν
2969 887 3206 955 βασιλέα
3237 887 3271 958 ἢ
3327 887 3450 950 τοὺς
3491 889 3668 958 ἀνθρὼ-

2131 997 2268 1042 πους
2299 980 2712 1050 ἐντρεπόμενοι.
2754 979 2933 1043 Αύτδς
2967 979 3023 1032 δὲ
3059 982 3086 1032 6
3139 980 3595 1050 τρισμακάριστος
3619 983 3666 1035 τὸ

2129 1070 2223 1124 τοῦ
2287 1072 2452 1126 Δαϐὶδ
2485 1071 2651 1143 ῥητὸν
2707 1069 3049 1141 μιμούμενος
3089 1070 3152 1123 τό
3179 1086 3194 1101 ·
3234 1088 3253 1122 ι
3299 1069 3442 1138 Ἐγὼ
3485 1070 3537 1124 δὲ
3561 1071 3667 1125 ὡσεὶ

2131 1163 2316 1233 κωφὸς
2346 1164 2447 1216 οὐκ
2479 1164 2707 1234 ἤκουον,
2741 1164 2834 1216 καὶ
2863 1163 2998 1217 ὡσεὶ
3049 1161 3245 1224 ἄλαλος
3284 1163 3562 1231 ἐγενόμην,
3589 1165 3666 1216 καὶ

2128 1257 2399 1327 ἐγενόμην
2421 1257 2554 1309 ὡσεὶ
2599 1255 2889 1326 ἄνθρωπος
2918 1255 3018 1308 οὐκ
3049 1254 3271 1310 ἀκούων
3303 1255 3397 1307 καὶ
3432 1255 3524 1310 οὐκ
3552 1254 3667 1326 ἔχων

2127 1346 2286 1416 ἐντῷ
2313 1346 2546 1416 στόματι
2573 1347 2741 1400 αὑτοῦ
2794 1346 3084 1415 ἐλεγμοὺς,
3153 1345 3240 1399 ὅτι
3281 1347 3331 1398 οι
3375 1344 3548 1415 ἐχθροί
3587 1363 3667 1415 μον

2129 1437 2264 1502 ζῶσι
2299 1436 2394 1489 καὶ
2422 1435 2878 1508 κεκραταίωνται
2904 1435 3046 1506 ὑπὲρ
3081 1437 3206 1506 ἐμὲ,
3245 1437 3327 1489 ὅτι
3371 1435 3669 1505 ἐπληθύνθη-

2129 1544 2229 1580 σαν
2256 1528 2305 1580 οἱ
2337 1527 2631 1597 μισοῦντές
2663 1544 2732 1597 με
2769 1527 2995 1590 ἀδίκως,
3029 1545 3048 1578 ι
3087 1527 3200 1580 Καὶ
3227 1525 3373 1588 τινὲς
3409 1526 3501 1592 μὲν
3527 1542 3668 1595 προσ-

2129 1620 2362 1689 ήρχοντο
2413 1618 2563 1687 αὐτῷ
2607 1617 2862 1685 λέγοντες
2909 1619 2990 1672 ὅτι
3035 1616 3099 1670 '0
3151 1617 3304 1670 δεῖνα
3343 1617 3437 1668 καὶ
3479 1615 3504 1666 6
3548 1615 3666 1667 δεῖνα

2127 1711 2254 1765 τάδε
2277 1710 2382 1780 ἔφη
2405 1723 2420 1739 ⁸
2450 1707 2618 1764 τινῶν
2651 1710 2708 1764 δὲ
2749 1708 3075 1779 περιπατῶν
3103 1709 3294 1779 ἤκουε.
3325 1708 3433 1760 Καὶ
3480 1709 3532 1760 ἐν
3560 1708 3667 1777 ἡμῖν

2129 1797 2426 1874 ἐπληρώθη
2466 1803 2529 1856 τὸ
2567 1803 2734 1874 ῥητὸν
2756 1802 2818 1856 τὸ
2851 1801 3064 1871 φάσκον
3097 1801 3270 1873 262
3301 1818 3320 1852 ι
3355 1798 3470 1852 Τῶν
3491 1797 3667 1869 μὲνεὺ-

2110 1894 2438 1964 ⁴ἰτυχούντων
2460 1894 2667 1956 πάντες
2693 1893 2976 1965 ἄνθρωποι
3001 1893 3178 1964 φίλοι,
3196 1894 3304 1946 τῶν
3318 1891 3374 1946 δὲ
3389 1891 3666 1962 δυστυχούνο

2126 2001 2234 2037 των
2255 1983 2368 2037 οὐδ’
2403 1985 2574 2047 αὐτὸς
2605 1987 2631 2038 6
2661 1987 2969 2058 γεννήτωρ.
3000 2006 3025 2039 ι

2199 2075 2279 2146 Τῇ
2307 2076 2365 2129 δὲ
2397 2078 2618 2148 εἰκοστῇ
2644 2077 2891 2151 τετάρτῃ
2925 2077 3023 2132 τοῦ
3055 2079 3246 2133 Μαΐου
3277 2077 3578 2147 ἐψιθυρίσθη
3602 2078 3665 2131 ὄτι

2125 2169 2158 2221 6
2182 2169 2406 2239 ἁμηρᾶς
2445 2168 2700 2238 βούλεται
2753 2171 2842 2225 διὰ
2891 2168 3064 2240 ξηρᾶς
3095 2171 3202 2224 καὶ
3227 2170 3498 2238 θαλάσσης
3526 2173 3582 2240 τῇ
3608 2171 3667 2222 si-

2125 2261 2297 2330 κοστῇ
2328 2259 2534 2330 ἐννάτῃ
2593 2261 2689 2313 τοῦ
2724 2258 2892 2316 αὑτοῦ
2922 2258 3247 2330 πολεμῆσαι
3291 2260 3435 2328 ἡμᾶς
3464 2258 3665 2329 σφοδρῶς

2129 2351 2269 2420 μετὰ
2303 2351 2637 2421 συμπλοκῆς
2671 2352 2770 2405 καὶ
2813 2351 3165 2423 συῤῥήξεως.
3197 2353 3260 2406 Οί
3307 2352 3364 2406 Et
3417 2350 3665 2420 στρατηγοὶ

2125 2443 2224 2495 καῖ
2272 2442 2548 2514 δήμαρχοι
2613 2442 2840 2510 πάντες,
2906 2443 3006 2498 καὶ
3068 2443 3318 2512 μάλιστα
3385 2442 3666 2511 ’ῐωάννηςό

2140 2535 2549 2598 Ἰουστινιανδς,
2603 2536 2706 2590 οὐκ
2741 2535 2950 2590 ἔπαυον
2987 2538 3188 2591 πᾶσαν
3230 2535 3478 2608 μηχανὴν
3523 2535 3666 2588 ποιεῖν

2126 2628 2206 2688 είς
2245 2626 2688 2698 ἀντιπαράταξιν
2717 2627 2828 2680 τῶν
2889 2628 3185 2694 ἐναντίων,
3235 2630 3332 2682 καὶ
3365 2627 3432 2681 δι’
3452 2627 3564 2696 ὅλης
3584 2624 3667 2693 τῆς

2125 2716 2318 2779 νυκτὸς
2343 2718 2474 2781 τοὺς
2495 2717 2719 2788 τείχους
2747 2719 2874 2783 τοὺς
2915 2719 3272 2788 ἐμπεσόντας
3313 2721 3374 2774 ἐν
3401 2718 3474 2789 τῷ
3497 2717 3662 2770 τύπτε-

2128 2808 2251 2860 σθαι
2278 2809 2383 2862 ὑπὸ
2406 2809 2515 2864 τῶν
2551 2810 2857 2866 ἐλεσόλεων
2920 2810 3270 2884 ἐδιὼρθωνον
3304 2809 3662 2882 μυριοτρόπως.

2127 2897 2258 2954 Εἶτα
2281 2903 2308 2954 ὁ
2345 2887 2734 2967 ’ῐουστινιανὺς
2773 2903 2996 2966 στείλας
3027 2904 3176 2974 πρὸς
3204 2892 3298 2958 τον
3326 2907 3491 2974 μέγαν
3527 2901 3664 2956 δοῦκα

2125 2990 2218 3043 τὸν
2249 2991 2512 3062 Νοταρᾶν
2552 2990 2738 3062 ἐζήτει
2799 2992 3197 3058 ἐξαποστεῖλαι
3243 2991 3390 3063 αύτῷ
3438 2989 3666 3050 ἐλεϐόλεις

2124 3080 2301 3144 τινὰς,
2335 3083 2392 3135 αἳ
2419 3081 2672 3154 ὑπῆρχον
2697 3083 2756 3136 ἐν
2780 3084 2896 3144 τοῖς
2936 3081 3170 3152 μέρεσιν
3204 3082 3266 3136 οὖ
3291 3080 3569 3153 ἐφύλαττεν
3589 3077 3666 3130 αὑ-

2123 3169 2233 3233 τός.
2273 3169 2334 3226 Ὁ
2367 3170 2424 3224 δὲ
2454 3172 2562 3242 κὺρ
2590 3173 2804 3241 Λουκᾶς
2825 3173 2855 3226 6
2882 3172 3140 3242 Νοταρᾶς
3169 3172 3274 3226 οὐκ
3327 3171 3542 3242 ἠθέλησε
3568 3167 3666 3223 δοῦ·

2130 3332 2466 3414 cxcitabant,
2503 3358 2552 3406 et
2620 3364 2721 3405 ore
2765 3351 2998 3408 scelesto
3047 3367 3144 3419 per
3204 3353 3407 3422 plateas
3433 3363 3482 3408 et
3543 3350 3665 3405 vicos

2121 3440 2278 3495 urbis
2310 3442 2596 3498 maledicta
2621 3454 2676 3496 et
2698 3444 3064 3498 contumelias
3095 3445 3149 3497 in
3209 3446 3572 3515 imperatorem
3618 3448 3663 3494 et

2123 3534 2363 3604 reliquos
2421 3519 2700 3604 principes
2757 3535 3151 3604 conjiciebant,
3211 3552 3314 3591 nec
3378 3536 3530 3590 Deum
3575 3547 3656 3587 nec

2124 3625 2506 3693 imperatorem
2537 3626 2620 3679 vel
2653 3626 2905 3681 homines
2950 3627 3125 3680 veriti.
3174 3627 3244 3684 At
3286 3628 3372 3681 ille
3397 3637 3470 3680 ter
3505 3627 3662 3679 beatus

2122 3717 2204 3770 vir
2238 3716 2458 3773 Davidis
2483 3719 2692 3772 dictum
2722 3719 3041 3774 imitabatur
3071 3738 3086 3772 :
3127 3721 3278 3790 «Ego
3331 3729 3499 3774 autem
3545 3716 3665 3773 sicut

2119 3811 2318 3864 surdus
2349 3825 2454 3864 non
2495 3811 2804 3876 audiebam,
2862 3821 2917 3866 et
2963 3821 3226 3880 tanquam
3289 3823 3469 3867 mutus
3519 3821 3660 3869 ctam.

2120 3901 2408 3972 factusque
2437 3916 2555 3956 sum
2589 3905 2733 3957 sicut
2781 3903 2944 3958 homo
2976 3918 3084 3958 non
3131 3905 3368 3960 audiens
3385 3919 3476 3958 nec
3493 3901 3665 3956 habens

2121 3995 2172 4048 in
2202 4009 2296 4048 ore
2322 3995 2772 4066 redargutioues.
2809 3997 3069 4063 quoniam
3110 3997 3319 4051 inimici
3352 3996 3451 4051 mei
3506 3994 3663 4047 virum

2121 4097 2174 4141 et
2207 4087 2612 4156 prtevalucrunt
2643 4103 2810 4156 super
2834 4104 2917 4142 me
2953 4098 3006 4142 et
3041 4088 3133 4156 qui
3174 4087 3378 4159 injuria
3430 4101 3507 4140 me
3552 4084 3662 4136 oste-

2123 4180 2634 4250 runl,mulliplicati
2700 4191 2878 4236 sunt.
2914 4200 2935 4234 ι
2992 4182 3059 4236 Et
3111 4185 3337 4236 adibant
3387 4194 3522 4244 eum,
3587 4174 3662 4244 qui

2121 4282 2436 4339 narrarent,
2468 4273 2616 4329 hunc
2658 4275 2740 4329 vel
2763 4275 2912 4328 illum
2946 4275 3074 4329 talia
3133 4276 3204 4329 de
3261 4276 3379 4343 ipso
3426 4269 3660 4327 ctl‘utire:

2125 4366 2398 4435 quosdam
2426 4366 2590 4421 etiam
2620 4367 2942 4436 prasteriens
2989 4366 3106 4436 ipse.
3160 4367 3430 4421 audiebat.
3460 4363 3664 4428 Denique

441 4479 692 4524 suerunt.
715 4469 1014 4538 Imperat-or
1049 4470 1138 4523 ttbi
1167 4486 1194 4523 a
1227 4471 1382 4536 duce,
1412 4470 1540 4540 quid
1577 4471 1748 4537 licrct,
1773 4471 2013 4535 rescivit,
2049 4466 2093 4520 Β
2123 4460 2176 4514 in
2213 4460 2372 4516 nobis
2433 4468 2546 4514 lum
2603 4459 2736 4514 illud
2793 4470 3050 4516 eventum
3108 4459 3303 4513 habuit
3334 4477 3347 4512 :
3390 4477 3408 4509 ι
3446 4453 3664 4511 Felicium

442 4561 828 4631 graviterillos
859 4561 1194 4628 increpavit:
1243 4562 1336 4630 qui
1391 4564 1816 4633 responderunt,
1879 4579 2018 4632 qun-

443 4655 588 4707 niam
626 4669 732 4706 non
759 4652 1044 4714 baberent,
1077 4653 1222 4722 quod
1257 4654 1480 4708 ederent
1509 4664 1602 4708 aut
1625 4656 1894 4716 biberent,
1921 4670 2023 4708 nec

441 4747 598 4801 liberi
625 4762 722 4801 nec
755 4763 977 4814 uxores,
1015 4750 1087 4802 ita
1127 4765 1184 4802 se
1203 4750 1412 4820 egisse.
1440 4749 1811 4819 llocaudito,
1845 4753 2023 4822 impe-

443 4847 593 4892 rator
629 4840 934 4903 constituit,
971 4852 1031 4895 ut
1071 4851 1342 4914 quotqth
1372 4854 1657 4899 senectute
1690 4847 1773 4898 vel
1801 4846 1906 4899 alia
1966 4860 2023 4900 re

446 4929 865 4999 impedirentur,
907 4947 973 4985 ne
1003 4946 1330 5005 pugnarent,
1369 4935 1434 4989 iis
1463 4951 1558 5003 pro
1581 4936 1828 5002 cujusﬁs
1887 4951 2022 4988 cnn-

443 5022 650 5079 ditione
674 5026 827 5092 panis
867 5033 920 5079 et
961 5027 1204 5093 reliquus
1224 5028 1380 5080 cibus
1407 5043 1501 5096 per
1528 5027 1671 5080 aedes
1731 5037 1785 5079 et
1846 5036 2026 5082 turres

444 5115 893 5170 distribueretur.
969 5116 1191 5171 Interim
1242 5118 1440 5171 bellum
1493 5117 1546 5172 in
1599 5118 1715 5173 dies
1772 5119 2028 5188 ingrave-

453 5207 667 5271 scebat,
699 5223 822 5261 eum
872 5208 936 5262 ad
973 5208 1158 5264 hostes
1193 5223 1259 5264 ex
1313 5209 1440 5264 Asia
1500 5208 1740 5278 quotidie
1779 5219 2026 5263 recentes

449 5299 620 5367 copia:
663 5302 1050 5363 adventarent,
1083 5311 1287 5356 nostra:
1309 5310 1491 5357 autem
1525 5318 1610 5356 res
1637 5302 1779 5356 luna:
1813 5302 2028 5356 dceres-

443 5393 619 5448 N'ntis
707 5393 882 5448 iuStar
969 5393 1504 5448 inuninuerenturct
1597 5401 2027 5448 exteuuurrntur

441 5485 756 5551 quotidiana
793 5486 959 5540 cardo.
994 5486 1220 5555 lnsuper
1257 5487 1478 5556 quidam
1513 5487 1577 5541 de
1609 5486 1834 5550 nostris,
1888 5500 2025 5540 con.-

447 5586 696 5630 tumaces
741 5587 795 5631 et
849 5577 1060 5632 furores
1095 5579 1364 5644 homines,
1412 5594 1535 5633 cum
1599 5593 1697 5631 nos
1749 5577 1801 5629 in
1852 5591 2032 5646 angu-

448 5669 585 5722 stias
624 5670 820 5724 adduci
854 5673 1121 5733 ridet-cut,
1155 5674 1429 5741 perversis
1457 5673 1580 5725 ‘suis
1635 5672 2025 5740 cupiditatibus

447 5757 796 5815 cecasionem
852 5765 1018 5826 nacti,
1079 5772 1340 5831 perpetuo
1396 5764 1582 5818 turbas
1635 5774 1684 5818 et
1728 5765 2022 5820 seditione:

2123 4565 2314 4606 omnes
2375 4560 2502 4605 sunt
2555 4551 2742 4619 amici,
2822 4550 3124 4606 infelicium
3210 4566 3281 4607 ne
3352 4551 3462 4620 ipse
3539 4553 3663 4616 pater

2125 4642 2400 4712 quidem.»

2196 4735 2293 4789 Die
2326 4734 2450 4790 Maii
2480 4735 2738 4791 vicesimo
2765 4743 2958 4806 quarto
2996 4735 3141 4790 fama
3172 4735 3426 4800 manavit,
3459 4741 3662 4788 amcram

2125 4828 2389 4884 vicesimo
2414 4843 2557 4883 nono
2583 4829 2826 4897 ejusdem
2861 4829 3065 4883 mensis
3101 4837 3244 4883 terra
3285 4826 3518 4893 marique
3537 4819 3661 4874 ιιι·ιὶ-

2129 4930 2210 4974 ter
2235 4937 2334 4976 nos
2359 4921 2502 4976 bello
2529 4931 2583 4976 et
2615 4920 2964 4975 dimicatione
2989 4921 3304 4975 adorturum
3338 4931 3472 4973 esse.
3503 4915 3661 4978 itaque

2128 5013 2298 5069 duces
2347 5025 2402 5069 et
2460 5012 2666 5067 tribuni
2720 5028 2932 5079 omnes,
2995 5012 3164 5081 inque
3220 5010 3406 5080 primis
3445 5005 3656 5061 Joannes

2128 5103 2489 5172 Justiuianus,
2517 5123 2625 5161 non
2677 5106 2997 5161 desinebant
3041 5106 3219 5161 moliri
3274 5101 3449 5159 omnia
3497 5097 3554 5152 ad
3592 5107 3658 5147 rc-

2131 5201 2430 5255 sistendum
2461 5199 2729 5263 hostibus,
2765 5214 2830 5253 ac
2871 5208 2978 5254 tota
3011 5209 3173 5253 nocte
3229 5211 3409 5250 muros
3462 5191 3652 5256 helepo-

2129 5294 2259 5349 lium
2312 5295 2468 5362 pulsu
2544 5309 2842 5349 concussos
2886 5291 3032 5347 mille
3083 5290 3256 5346 modis
3309 5283 3654 5342 instaurabant.

2134 5385 2276 5442 Misit.
2305 5384 2775 5439 ttnnJustiuianus
2805 5383 2871 5437 ad
2905 5381 3187 5448 Notaratn,
3208 5368 3654 5448 magnumduc'cm,
3746 5412 3757 5430 .

2135 5488 2191 5533 ut
2213 5480 2429 5534 cederet
2457 5478 2566 5532 sibi
2594 5477 2875 5547 helepoles
2933 5475 3144 5544 aliquot
3176 5476 3224 5528 iu
3253 5473 3317 5525 iis
3376 5467 3496 5519 loris
3543 5474 3654 5520 con‘

2134 5573 2372 5634 stitutas,
2401 5571 2602 5640 quibus
2632 5569 2680 5623 is
2712 5577 2960 5639 praeerat.
2992 5571 3060 5621 At
3091 5561 3354 5621 recusavit
3391 5557 3548 5610 Lucas
3570 5548 3652 5602 No-

2135 5677 2283 5720 taras
2336 5680 2428 5719 eas
2501 5666 2738 5725 tradere,
2811 5661 2954 5732 quod
3001 5660 3166 5715 etiam
3224 5658 3274 5710 in
3326 5667 3416 5706 sua
3469 5656 3652 5714 regumc

2135 5758 2456 5814 necessariae
2487 5765 2690 5812 czseut.
2723 5753 3021 5822 Respondit
3051 5745 3408 5806 Justini’vnus,
3459 5733 3651 5792 ιειὶιιίιυε
