3920 6188
310 351 416 414 857

1318 365 1766 433 CHRONICON
1808 372 2078 438 MAJUS.
2118 405 2182 414 -
2223 380 2369 442 LII}.
2408 383 2525 447 III.

3447 391 3557 456 858

311 482 406 574 ἴοι,
426 464 616 574 ait“?
645 466 820 574 λέγων
846 471 954 574 δἐι.
981 474 1171 574 καλ-ἐν
1197 478 1457 574 Δἐκείνοις
1506 485 1620 547 τοῖς
1681 485 1877 556 μέρεσι
1905 489 1955 547 Α
1991 492 2224 556 Ἰταλίας
2253 495 2441 559 στύλος
2469 499 2550 560 είς
2596 497 2852 568 βοήθειαν
2905 499 3004 567 τῆς
3052 500 3264 566 πόλεως
3309 502 3551 574 ἔρχεται,

305 558 524 628 ἀνάγκη
559 554 628 630 ἦν
650 556 790 615 εἶναι
821 564 1013 622 αὑτάς.
1055 565 1115 620 '0
1163 570 1220 622 δὲ
1251 570 1640 640 ’ῐουστινιανδς
1668 554 1888 630 ἀντέλε-

309 664 408 716 γεν
443 647 530 703 ἔτι
560 651 978 725 οὐδεμίαιχρεία
1024 653 1093 728 ἦν
1123 660 1393 728 ὲλεόὁλεις
1424 667 1701 732 τοσαύτας
1744 663 1885 724 εἶναι

305 740 366 792 ὲν
393 740 630 805 ἐκείνοις
673 746 791 807 τοῖς
847 747 1041 817 μέρεσι
1082 754 1196 815 τοῖς
1239 753 1498 824 ὖδρείοις.
1557 759 1658 812 Διὰ
1711 761 1884 815 ταῦτα

309 831 413 900 μὲν
442 832 635 887 οὖν·τὰ
665 835 819 890 αἴτια
846 832 1012 909 ἦλθον
1043 845 1136 894 καὶ
1163 845 1244 907 είς
1271 845 1466 914 λόγους
1497 853 1880 921 νεωτερικοὺς,

307 923 403 975 καὶ
433 922 624 996 ὕόρεις
655 926 870 1000 έξέχεον
920 932 1267 1004 ἑκατέρωθεν
1304 938 1415 992 τῶν
1475 943 1762 1012 στομάτων
1800 941 1882 1008 εἷς

305 1016 452 1068 κατὰ
480 1014 575 1071 τοῦ
608 1019 819 1090 ἑτέρου,
856 1024 948 1076 καὶ
983 1026 1011 1077 ὁ
1065 1026 1442 1096 ’Ῑουστινιανὸς
1498 1035 1587 1087 τὸν
1633 1035 1882 1107 Νοταρᾶν

303 1109 563 1178 ἀνωφελῆ
610 1114 706 1166 καὶ
735 1115 1014 1188 ἀλάστορα
1077 1122 1175 1174 καὶ
1225 1125 1420 1195 ἐχθρὸν
1465 1127 1566 1197 τῆς
1623 1131 1880 1200 πατρίδος

301 1200 594 1265 ἐκάλεσεν,
627 1204 786 1275 263
820 1208 984 1271 αὐτὸς
1015 1210 1071 1263 δὲ
1105 1213 1274 1266 πάλιν
1319 1216 1483 1268 αὐτὸν
1535 1218 1594 1284 ἐξ
1628 1220 1880 1282 ἐναντίας

302 1291 530 1361 ὖΰρεσιν
564 1295 778 1366 ἑτέραις
807 1299 1092 1358 ἑνέπλυνε.
1137 1304 1408 1371 Ἀκούσας
1444 1310 1500 1362 δὲ
1547 1313 1575 1365 ὁ
1616 1312 1877 1380 βασιλεὺς

297 1385 476 1438 ταῦτα
510 1389 852 1456 παραλαϐὼν
893 1393 1096 1459 αὐτοὺς
1114 1399 1241 1450 κατ’
1272 1399 1410 1454 ίδίαν
1429 1401 1580 1472 λέγει
1605 1420 1621 1436 ο
1659 1423 1680 1456 ι
1702 1405 1881 1458 ’Δδελ-

1988 583 2189 654 ὁμοίως
2219 590 2314 642 xal
2354 587 2382 640 ὁ
2414 590 2634 654 Ἵαγκος
2661 592 2688 643 ὁ
2715 591 3066 662 κυσερνήτης
3101 594 3211 648 τῶν
3243 595 3554 664 Οὓγγάρων

1989 673 2132 742 μετὰ
2181 674 2451 730 πλείστων
2524 683 2778 750 στρατῶν
2834 684 3078 739 ἱππικῶν
3130 705 3187 740 τε
3238 687 3336 740 καὶ
3391 686 3556 759 266.

1985 766 2192 830 πεζῶν.
2241 769 2605 836 Ἀκούσαντες
2627 773 2687 825 δὲ
2720 775 2769 827 οἱ
2805 776 2915 830 υίοὶ
2976 777 3076 846 τῆς
3121 779 3322 848 Ἅγαρ,
3390 779 3554 846 φόϐος

1984 858 2173 929 διέσχε
2203 861 2458 926 πλεῖστος
2490 864 2722 928 αὐτούς’
2755 868 2850 920 καὶ
2886 871 3029 922 κατὰ
3059 868 3155 922 τοῦ
3178 871 3378 940 ’ἁμηρᾶ
3409 872 3554 940 ἀρὰς

1984 939 2171 1017 ἔλεγον
2197 952 2292 1004 καὶ
2325 951 2707 1021 διεγόγγυζον,
2736 956 2991 1024 λέγοντες
3017 959 3097 1012 ὅτι
3127 960 3291 1022 αὐτὸς
3329 939 3552 1014 ἔσεταιό

1957 1041 2294 1112 ’ἀφανισμῦς
2325 1044 2419 1097 τοῦ
2461 1046 2655 1114 γένους
2689 1047 2872 1101 αὐτῶν
2905 1049 2995 1102 διὰ
3052 1051 3111 1102 τδ
3142 1051 3376 1103 ἀδύνατα
3432 1053 3552 1104 ἑπι-

1980 1131 2319 1202 χειρίξισθαι
2350 1136 2570 1200 αὐτούς.
2615 1137 2896 1202 Ὡσαύτως
2931 1141 3020 1192 καὶ
3047 1141 3074 1192 ὁ
3097 1141 3317 1211 ἁμηρᾶς
3342 1143 3542 1209 μεστὸς

1981 1221 2242 1292 ὑπάρχων
2293 1225 2663 1299 διαλογισμῶν
2710 1231 2806 1283 καὶ
2862 1231 3108 1300 ταραχῆς
3169 1233 3266 1284 καλ⁸
3319 1231 3547 1296 δειλίας,

1981 1313 2078 1365 καὶ
2103 1317 2254 1369 πᾶσα
2284 1319 2317 1387 ἡ
2355 1318 2522 1387 βουλὴ
2560 1320 2726 1373 αὑτοῦ
2771 1321 3075 1390 περίλυπος
3132 1324 3365 1391 ὑπῆρχε,
3399 1324 3551 1393 πρῶ-

1977 1421 2071 1457 τον
2129 1407 2229 1472 μὲν
2285 1409 2422 1462 διότι
2465 1411 2664 1483 ἐρρέθη
2702 1414 2888 1476 αὐτοῖς
2939 1417 3070 1484 περὶ
3100 1415 3202 1482 τῆς
3262 1414 3544 1484 βοηθείας,

300 1476 549 1575 (pelta-6x
567 1479 682 1532 ἐστι
710 1481 901 1551 καιρὸς
921 1484 1199 1552 ἀναμέσον
1229 1489 1391 1556 ἡμῶν
1418 1489 1674 1554 τοιούτως
1701 1495 1878 1545 ποιεῖν
1976 1495 2234 1566 δεύτερον
2257 1499 2316 1552 δὲ
2346 1501 2685 1570 Θεωροῦντες
2745 1504 2866 1566 πῶς
2920 1505 3174 1558 τοσοῦτον
3228 1506 3545 1575 στράτευμα

299 1567 602 1666 καὶ-λέγειν
639 1573 734 1666 καλ
762 1574 1058 1644 μάχεσθαι,
1115 1577 1250 1630 ἀλλὰ
1301 1580 1394 1633 καὶ
1449 1583 1562 1644 τοῖς
1625 1582 1877 1651 μισοῦσιν
1979 1589 2212 1660 φοϐερδν
2244 1590 2340 1644 καὶ
2367 1567 2750 1664 ἀναρίθμητον
2772 1595 2860 1647 διὰ
2895 1594 3068 1666 ξηρᾶς
3116 1614 3175 1648 τε
3217 1567 3312 1650 καί
3345 1567 3547 1651 θαλάσ-

303 1657 937 1755 ἡμᾶς-συγχωρὴσωμεν
970 1667 1166 1738 καὶτῷ
1201 1669 1320 1740 Θεῷ
1343 1671 1627 1742 δεηθῶμεν
1661 1675 1748 1728 ἵνα
1781 1675 1876 1727 λυ-
1980 1697 2081 1748 σης
2122 1657 2420 1742 ’τοσούταις
2477 1657 2718 1754 ημέραις
2788 1657 3405 1755 οὐδὲνηὲκατύρθωσεν,
3451 1688 3544 1741 καὶ

295 1751 604 1820 τρωοῶμεν
638 1757 704 1808 έκ
740 1757 834 1810 τοῦ
873 1760 1194 1828 προφανοῦς
1219 1762 1492 1830 στόματος
1539 1765 1632 1818 τοῦ
1676 1766 1873 1836 αίσοη-
1903 1821 1944 1841 ἢ
1981 1767 2246 1830 πολλάκις
2304 1751 2605 1833 τοσούταις
2656 1772 2930 1840 μηχαναῖς
2967 1772 3065 1824 καὶ
3122 1751 3388 1841 δύνάμεσι
3446 1771 3546 1834 τὰς

294 1843 389 1893 τοῦ
420 1844 614 1898 τούτου
639 1845 962 1918 δράκοντος.
1005 1872 1024 1905 ι
1084 1854 1195 1906 Καὶ
1230 1855 1457 1926 ἐτέρους
1491 1857 1594 1910 οὗκ
1650 1858 1870 1928 ὀλίγους
1901 1843 1946 1881 ⁵
1973 1860 2248 1929 κλίμακας
2271 1863 2330 1914 ὲν
2353 1863 2470 1924 τοῖς
2502 1861 2713 1931 τείχεσι
2742 1862 2996 1931 βαλόντες
3055 1862 3246 1924 κακῶς
3286 1863 3544 1931 ἀπεπέμ-

295 1933 492 2002 λόγους
549 1939 733 2002 αὐτοῖς
797 1942 968 1995 εἰπὼν
1035 1947 1453 2016 είρηνοποίησεν
1506 1949 1725 2013 αὐτοὺς,
1773 1952 1872 2004 καὶ
1973 1949 2195 2018 φθησαν
2263 1951 2360 2002 καὶ
2425 1951 2986 2021 ἀπεκρημνίσθησαν,
3039 1953 3136 2004 καὶ
3166 1950 3327 2018 φόνος
3373 1951 3545 2014 πολὺς

303 2024 540 2090 ἕκαστος
570 2028 775 2083 τούτων
805 2032 863 2083 έν
907 2033 986 2103 τῷ
1047 2035 1470 2105 ἐμπιστευθέντι
1525 2040 1674 2111 αὐτῷ
1720 2041 1870 2111 τόπῳ

297 2119 695 2191 ὲπανέστρεψε,
727 2125 826 2190 τὴν
861 2127 1173 2198 ὑπηρεσίαν
1213 2131 1385 2185 αὑτοῦ
1421 2133 1740 2202 ἐκπληρῶν.
1808 2134 1869 2188 Ὀ

295 2209 352 2263 δὲ
389 2212 769 2278 ’1ουστινιανδς
820 2218 1049 2291 φοϐερὸς
1080 2224 1255 2295 ἐφάνη
1285 2228 1400 2289 τοῖς
1465 2227 1732 2286 ἐναντίοις
1773 2227 1870 2281 καὶ

294 2303 540 2370 μάλιστα
565 2308 624 2359 έν
670 2309 911 2373 ἐκείναις
934 2313 1057 2375 ταῖς
1087 2315 1324 2385 ἡμέραις
1351 2318 1410 2370 ὲν
1457 2316 1536 2385 τῷ
1564 2317 1749 2384 λέγειν
1775 2319 1869 2372 καὶ

291 2395 613 2466 διορθώνειν
649 2404 746 2456 καὶ
794 2403 1083 2473 πράττειν,
1129 2409 1225 2461 καὶ¹
1277 2409 1720 2480 ἀκροϐολισμοὺς
1774 2410 1868 2466 καὶ

293 2486 594 2557 συρῤἠξεις
623 2491 748 2543 καθ’
785 2493 1030 2564 ἑκάστην
1089 2495 1307 2565 ἡμέραν
1343 2499 1485 2552 κατὰ
1513 2500 1624 2552 τῶν
1654 2500 1868 2572 ἐχθρῶν

289 2577 487 2641 ἐποίει,
567 2582 662 2633 καὶ
720 2583 950 2647 πολλοὺς
1011 2587 1112 2655 μὲν
1171 2586 1429 2658 ἐζώγρει,
1499 2589 1720 2659 ἐτέρους
1795 2582 1868 2644 ’δὲ

299 2671 582 2743 μαχαίρας
641 2674 818 2727 έποίει
859 2677 1258 2748 παρανάλωμα.
1316 2680 1527 2734 Καὶτὰ
1581 2681 1865 2751 κατορθώο

295 2780 444 2832 ματα
485 2766 580 2818 καὶ
609 2765 677 2820 τὰ
696 2767 836 2838 ἔργα
863 2768 956 2822 τοῦ
993 2770 1188 2839 ἀνδρὸς
1208 2771 1260 2824 οί
1287 2772 1489 2833 πάντες
1524 2773 1863 2844 ἐθαύμαζον,

289 2859 386 2911 καὶ
415 2859 702 2930 λυτρωτὴν
742 2862 836 2914 καὶ
867 2861 1094 2935 σωτῆρα
1113 2862 1215 2933 τῆς
1252 2865 1464 2928 πόλεως
1487 2865 1696 2936 ἔλεγον.
1718 2867 1866 2938 Πλὴν

290 2949 394 3002 οὐκ
423 2952 507 3013 είς
541 2951 696 3013 τέλος
717 2951 891 3015 οὕτως
918 2955 1214 3024 ἐνέμεινεν,
1245 2955 1416 3023 ,ἀλλὰ
1449 2957 1769 3029 τὴνφήμην
1797 2960 1866 3030 ἣν

289 3043 434 3108 μετὰ
491 3040 718 3114 ἀνδρίας
769 3043 1093 3117 ἐκέρδησεν,
1155 3045 1386 3119 ὕστερον
1431 3051 1466 3122 ἡ
1519 3049 1693 3106 δειλία
1749 3052 1861 3106 διέ-

285 3133 540 3202 φθειρεν.

377 3223 571 3294 Ίιμῶν
604 3227 658 3280 δὲ
696 3227 870 3292 οὕτως
901 3231 1157 3300 ἐχόντων,
1203 3231 1313 3286 ίδού
1344 3250 1431 3297 τις
1463 3233 1622 3306 φήμη
1656 3234 1860 3307 ψευδὴς

285 3316 498 3388 ἐρρέθη
529 3318 609 3382 είς
662 3321 723 3372 τὸ
763 3322 1026 3378 ἐναντίων
1066 3325 1454 3396 στρατόπεδον,
1500 3328 1584 3381 ὅτι
1643 3329 1707 3382 ὲκ
1762 3330 1860 3402 τῆς

282 3510 428 3565 opus
451 3512 575 3554 esse
621 3509 700 3554 tot
731 3499 1070 3570 helepolibus
1096 3503 1152 3558 in
1177 3504 1313 3561 locis
1338 3505 1447 3563 illis
1472 3508 1724 3579 aquosis.
1779 3507 1860 3563 Ex

205 3635 214 3642 .
283 3588 391 3644 hac
416 3605 576 3645 causa
603 3594 666 3646 ad
694 3608 976 3649 sermones
1016 3594 1339 3652 fervidiores
1389 3613 1705 3666 processum
1754 3609 1857 3665 est,

285 3690 348 3736 et
389 3683 644 3752 utrinque
673 3699 732 3739 se
765 3685 1106 3741 lacessebant
1131 3688 1420 3754 conviciis,
1477 3699 1532 3744 et
1590 3689 1860 3746 Justiuia-

281 3789 389 3828 nus
412 3774 627 3841 quidem
655 3775 907 3830 Notaram
933 3777 1477 3849 hominemineptum
1528 3789 1583 3835 et
1637 3781 1860 3850 pestife-

282 3878 408 3916 rum
453 3872 507 3917 et
535 3865 814 3919 inimicum
847 3868 1035 3935 patriae
1079 3868 1393 3938 appellavit,
1457 3871 1543 3926 hic
1600 3871 1652 3925 in
1707 3870 1857 3925 illum

281 3954 391 4008 alia
449 3954 686 4010 vicissim
741 3959 983 4012 convicia
1039 3960 1196 4014 fudit.
1245 3961 1376 4028 Quae
1427 3977 1550 4016 cum
1608 3963 1855 4019 audisset

279 4047 601 4114 imperator.
629 4063 750 4102 cum
781 4057 1009 4119 utroque
1050 4066 1294 4106 seorsum
1329 4051 1628 4108 collocutus
1657 4072 1670 4108 :
1703 4053 1865 4109 «Fra-

284 4150 423 4203 tres,
446 4139 642 4208 inquit,
669 4141 891 4195 minime
931 4151 1148 4212 tempus
1175 4145 1348 4199 est'ita
1371 4145 1510 4198 inter
1527 4161 1624 4203 vos
1645 4148 1862 4216 agendi,

277 4228 537 4299 loquendi
586 4244 639 4286 et
685 4234 952 4301 certandi,
1007 4237 1137 4306 quin
1189 4240 1373 4306 potius
1416 4239 1575 4293 etiam
1621 4240 1709 4304 iis,
1767 4242 1859 4310 qui

275 4327 519 4382 oderunt
549 4345 668 4395 nos,
696 4330 1063 4400 ignoscamus,
1097 4340 1152 4386 et
1206 4333 1374 4388 Deum
1435 4349 1747 4404 precemur,
1805 4343 1872 4388 ut‘

275 4420 584 4475 liberemur
620 4437 647 4475 a
698 4423 947 4478 faucibus
1014 4425 1200 4492 huius,
1258 4437 1420 4495 quem
1484 4436 1612 4481 ante
1669 4427 1860 4482 oculos

270 4514 848 4576 vi.lemus,draconis.
899 4535 920 4569 ι
958 4517 1096 4572 Aliis
1149 4518 1393 4585 pluribus
1422 4518 1602 4573 verbis
1631 4533 1763 4574 usus
1809 4520 1864 4573 in
1900 4494 1942 4549 θ

272 4607 584 4661 amicitiam
617 4623 710 4661 eos
746 4605 1019 4671 restituit,
1049 4619 1102 4663 et
1146 4622 1374 4679 uterque
1420 4611 1474 4664 in
1507 4611 1867 4665 commissum

273 4699 386 4753 sibi
413 4697 590 4750 locum
620 4699 686 4752 ad
727 4699 972 4754 muneris
1025 4701 1107 4755 sui
1165 4701 1498 4756 iunctionem
1542 4700 1722 4755 rediit.
1765 4698 1866 4754 Ju-

272 4788 559 4842 stinianus
586 4790 856 4855 hostibus,
894 4791 999 4846 illis
1025 4793 1324 4861 praesertim
1356 4792 1568 4859 diebus,
1604 4792 1866 4847 terribilis

269 4888 401 4932 erat
432 4879 616 4944 dictis,
649 4883 918 4948 consiliis,
961 4883 1136 4944 lactis,
1170 4898 1233 4938 ac
1267 4883 1511 4953 quotidie
1565 4898 1662 4939 eos
1713 4885 1869 4954 jacu-

270 4971 589 5028 lationihus
615 4982 673 5026 et
699 4974 904 5042 praeliis
932 4976 1146 5028 vexavit
1181 4983 1235 5028 et
1265 4989 1456 5029 eorum
1500 4975 1700 5030 multos
1742 4986 1854 5030 tum

271 5062 431 5132 cepit
463 5069 578 5116 tum
621 5064 800 5132 gladio
862 5063 1116 5119 confecit.
1174 5065 1608 5119 Admirabantur
1666 5081 1865 5121 omnes

271 5155 450 5227 huius
485 5155 586 5208 viri
615 5156 844 5209 consilia
876 5165 930 5210 et
986 5154 1229 5211 facinora
1297 5173 1534 5228 eumque
1589 5158 1862 5213 vindicem

269 5257 329 5302 et
360 5257 698 5302 servatorem
757 5248 908 5302 urbis
937 5247 1325 5318 praedicabant.
1378 5249 1583 5304 Verum
1641 5264 1748 5304 non
1798 5249 1864 5304 ad

274 5345 447 5393 llnem
488 5355 662 5408 usque
713 5341 874 5394 talem
909 5357 968 5396 se
1017 5343 1312 5411 prrstitit,
1367 5343 1461 5396 sed
1515 5357 1682 5412 quam
1760 5343 1864 5397 sibi

274 5432 491 5485 faniam.
529 5429 844 5486 fortitudine
867 5443 1162 5503 pepererat,
1195 5448 1316 5490 eam
1353 5443 1542 5504 postea
1580 5433 1868 5490 timiditate

169 5535 180 5550 ’
271 5519 488 5574 amisit.

359 5610 486 5666 [an
517 5629 641 5667 cum
666 5629 844 5668 rerum
871 5626 1054 5670 nostra
1067 5633 1182 5670 rum
1231 5617 1474 5673 conditio
1500 5629 1668 5684 esset,
1695 5617 1868 5672 falsus

275 5720 480 5760 rumor
505 5722 600 5775 per
623 5709 926 5762 exercitum
961 5710 1211 5764 hostilem
1241 5710 1573 5786 percrebuit,
1603 5711 1670 5764 ad
1703 5727 1864 5780 opem

281 5797 458 5854 nobis
515 5797 794 5858 ferendam
825 5818 887 5858 ex
946 5800 1096 5856 italia
1130 5803 1355 5858 c'asscm
1390 5803 1704 5861 adventare.
1739 5802 1864 5858 item

1970 2041 2094 2093 κατ’
2121 2040 2309 2094 αὐτῶν
2331 2040 2604 2109 ἐγίγνετο,
2639 2039 2780 2094 ῶστε
2825 2042 2944 2104 τοῖς
2993 2039 3264 2111 Τούρκοις
3320 2045 3431 2104 τοῖς
3485 2041 3546 2093 ἐν

1969 2132 2084 2194 τοῖς
2142 2131 2368 2208 τείχεσι.
2428 2131 2602 2186 δειλία
2681 2133 3026 2202 προσήγγισε
3063 2147 3079 2163 ο
3131 2130 3316 2201 τρίτον
3358 2131 3414 2184 δὲ
3463 2131 3545 2184 ὅτι

1970 2222 2244 2292 ἐθεώρουν
2283 2223 2537 2293 σημεῖον.
2558 2222 2678 2286 Φῶς
2709 2223 3026 2294 ἀστράπτον
3080 2222 3422 2276 καταϐαῖνον
3484 2223 3546 2288 ἐξ

1969 2315 2217 2384 οὐρανῶν
2249 2315 2346 2369 καὶ
2378 2316 2449 2368 δι’
2479 2316 2609 2387 ὅλης
2640 2317 2740 2383 τῆς
2778 2315 2977 2379 νυκτὸς
3034 2315 3243 2371 ἄνωθεν
3297 2315 3398 2384 τῆς
3447 2315 3545 2367 πό-

1968 2406 2108 2470 λεως
2148 2407 2305 2471 ἑστὸς
2333 2408 2624 2462 διέσκεπεν
2648 2408 2845 2478 αὐτήν.
2891 2407 3002 2461 Καὶ
3033 2406 3108 2470 ὡς
3139 2401 3279 2460 εἶδον
3318 2406 3449 2459 αὑτδ
3483 2407 3550 2459 τὸ

1970 2499 2109 2567 φῶς,
2140 2501 2200 2552 ἐν
2231 2501 2474 2571 πρώτοις
2503 2499 2692 2567 ελεγον
2742 2499 2826 2552 ὅτι
2862 2499 2922 2552 '0
2957 2497 3090 2563 Θεὸς
3127 2497 3374 2569 ὠργίσθη
3430 2501 3544 2560 τοῖς

1968 2592 2323 2662 Χριστιανοῖς
2382 2593 2478 2646 καὶ
2537 2591 2737 2662 ἢθελεν
2780 2590 2980 2655 αὐτοὺς
3034 2591 3384 2645 κατακαῦσαι
3451 2590 3548 2643 καὶ

1968 2682 2102 2751 ἡμίν
2136 2682 2465 2751 παραδῶσαι
2503 2682 2749 2745 δούλους.
2781 2683 3018 2736 Ἔπειτα
3055 2683 3112 2737 δὲ
3160 2683 3235 2745 ὼς
3283 2677 3426 2735 εἶδον
3459 2684 3548 2736 ὅτι

1968 2772 2203 2828 πάντοτε
2269 2773 2415 2844 μετὰ
2482 2773 2747 2844 αἰσχύνης
2787 2775 2852 2827 ὲκ
2895 2774 3004 2825 τῶν
3045 2775 3246 2844 τειχῶν
3291 2759 3405 2828 και
3436 2774 3550 2826 τῶν

1968 2862 2257 2932 κλιμάκων
2285 2863 2768 2932 ἀπεκρημνίζοντο
2805 2865 2903 2916 καὶ
2965 2864 3232 2926 τοσούτας
3291 2865 3544 2934 μηχανὰς
3575 2857 3578 2860 ’

1969 2953 2252 3018 ποιοῦντες
2287 2956 2385 3009 καὶ
2437 2955 2591 3008 οὐδὲν
2623 2956 2882 3024 ἴσχυσαν,
2917 2957 3016 3009 καὶ
3049 2955 3124 3019 ώς
3167 2957 3411 3026 ἥκουσαν
3444 2957 3541 3008 καὶ

1966 3047 2138 3117 ψευδῆ
2159 3048 2350 3118 φήμην
2380 3047 2513 3117 περὶ
2539 3044 2638 3100 τοῦ
2671 3046 2864 3100 στόλου
2889 3048 2990 3116 τῆς
3035 3046 3270 3109 Ἰταλίας
3318 3047 3411 3098 καὶ
3445 3045 3543 3099 τοῦ

1885 3155 1932 3218 C
1983 3139 2219 3207 Ίάγκου,
2278 3137 2443 3191 πάλιν
2509 3137 2640 3208 περὶ
2706 3135 2803 3191 τοῦ
2879 3135 3058 3206 φωτὸς
3115 3136 3275 3207 265
3329 3137 3542 3190 ἐκείνου

1961 3229 2150 3298 ἔλεγον
2173 3229 2257 3282 δτι
2301 3229 2364 3282 '0
2395 3228 2528 3290 Θεὸς
2585 3228 2726 3298 ὑπὲρ
2765 3227 2879 3283 τῶν
2929 3229 3281 3298 Χριστιανῶν
3313 3228 3545 3299 πολεμεῖ

1931 3322 2060 3381 ,xal.
2106 3319 2302 3373 σκέπει
2363 3319 2562 3383 αὐτοὺς
2614 3319 2711 3373 καὶ
2748 3319 3100 3391 ἀντιλήπτωρ
3163 3320 3343 3374 αὐτῶν
3400 3323 3539 3385 ἐστι,

1960 3500 2194 3557 laneum
2231 3498 2615 3572 Hungarorum
2669 3499 2972 3570 principem
3007 3515 3131 3555 cum
3162 3500 3339 3570 copiis
3381 3515 3547 3569 eque-

1964 3593 2170 3648 stribus
2194 3603 2246 3646 et
2269 3592 2612 3662 pedestribus
2641 3591 2918 3645 maximis.
2941 3591 3072 3657 Quae
3091 3592 3182 3645 ubi
3220 3592 3546 3646 audiverunt

1966 3683 2060 3736 lilii
2091 3684 2257 3752 Agar,
2285 3683 2450 3736 timor
2474 3682 2668 3752 ingens
2701 3696 2798 3736 eos
2827 3680 3066 3735 invasit:
3102 3695 3344 3735 amrram
3376 3683 3547 3734 male-

1964 3775 2130 3830 dictis
2203 3775 2630 3844 prosciudebant
2683 3781 3204 3842 murmurantesque
3266 3771 3546 3834 dicebant,

1964 3867 2144 3936 ipsum
2175 3865 2393 3936 generis
2434 3865 2518 3919 sui
2546 3863 2845 3932 perniciem
2884 3862 3020 3934 fore,
3043 3877 3072 3915 a
3096 3877 3215 3930 quo
3244 3863 3422 3918 coacti
3451 3876 3546 3916 cov

1966 3965 2250 4020 narentur,
2310 3970 2432 4023 quae
2491 3953 2675 4024 perlici
2716 3967 2826 4006 non
2868 3960 3113 4022 possent.
3155 3954 3276 4022 Ipse
3314 3969 3546 4022 quoque

1966 4063 2178 4103 ameras
2207 4047 2517 4117 agitabatur
2543 4043 2760 4099 consilii
2790 4045 2995 4114 inepia,
3030 4044 3438 4112 perturbatione
3477 4059 3542 4098 ac

1968 4150 2142 4203 metu,
2171 4147 2437 4207 totusque
2469 4145 2694 4193 senatus
2749 4135 2870 4203 ejus
2906 4135 3244 4199 tristabatur,
3304 4136 3540 4204 primum

1966 4233 2210 4302 quidem,
2243 4232 2387 4302 quod
2429 4231 2495 4285 de
2524 4231 2850 4285 adventante
2875 4229 3079 4284 auxilio
3104 4227 3421 4291 audiebant,
3449 4229 3542 4282 dc-

1967 4325 2113 4385 intle,
2144 4324 2289 4393 quod
2324 4324 2606 4385 videbant,
2634 4330 2845 4376 tantum
2874 4331 3092 4389 tamque
3128 4318 3426 4376 terribilem
3447 4335 3546 4374 ex-

1966 4417 2194 4473 ercitum
2233 4423 2376 4470 terra
2434 4414 2685 4483 marique
2709 4421 2786 4467 tot
2843 4411 3034 4468 diebus
3069 4410 3204 4465 nihil
3257 4411 3541 4480 prolicere,

1971 4511 2064 4566 sed
2097 4508 2414 4579 saeplssime,
2469 4489 2632 4563 scalis
2677 4504 2827 4560 omni
2857 4502 3196 4559 adminiculo
3227 4510 3282 4556 et
3330 4517 3553 4556 summo

1972 4602 2158 4657 labore
2196 4585 2474 4655 iuuenibus
2501 4595 2816 4667 applicatis,
2853 4595 3053 4650 milites
3089 4594 3230 4649 male
3262 4593 3450 4663 repelli
3490 4601 3548 4647 et

1970 4693 2186 4749 detrudi
2212 4701 2266 4748 et
2291 4705 2487 4762 magna
2507 4688 2652 4744 cede
2677 4687 2946 4758 posterni,
2999 4696 3060 4740 ut
3083 4685 3196 4757 jam
3219 4685 3312 4757 qui
3345 4686 3402 4738 in
3424 4701 3548 4738 mu-

1973 4787 2050 4842 ris
2081 4793 2269 4841 essent
2299 4783 2518 4846 Turcae,
2555 4779 2850 4836 formidine
2907 4778 3271 4849 trepidarent.
3303 4775 3420 4832 Huc
3458 4791 3553 4833 ac-

1971 4879 2138 4935 cessit
2157 4877 2323 4933 tertio
2343 4875 2485 4940 loco,
2507 4873 2652 4944 quod
2680 4880 2994 4943 portentum
3034 4870 3309 4926 viderunt.
3337 4868 3552 4924 Lumen

1971 4971 2218 5027 fulminis
2247 4970 2423 5024 instar
2445 4981 2760 5031 coruscum,
2788 4966 2854 5018 de
2871 4963 3014 5019 coelo
3059 4977 3223 5031 supra
3251 4962 3436 5015 urbem
3458 4961 3553 5015 de-

1972 5067 2230 5128 missum,
2259 5071 2373 5118 tota
2402 5069 2563 5115 nocte
2592 5073 2715 5113 eam
2747 5055 2979 5111 obtexit.
3029 5053 3184 5119 Quod
3241 5051 3551 5105 lumen~nbi

1971 5156 2501 5216 animadverterunt,
2529 5149 2761 5220 primum
2787 5146 3094 5216 iactabant,
3122 5143 3290 5198 Deum
3317 5155 3552 5197 succen-

1971 5265 2092 5305 sere
2124 5243 2450 5303 Christianis
2472 5255 2681 5311 eosque
2702 5249 3028 5294 exussnrum
3059 5243 3114 5289 et
3148 5233 3252 5290 sibi
3285 5233 3340 5286 in
3373 5232 3550 5286 servi-

1973 5340 2112 5394 tium
2168 5336 2494 5391 traditurum
2549 5343 2693 5386 esse.
2727 5326 2931 5384 Deinde
2965 5333 3172 5390 autem,
3211 5337 3335 5378 cum
3369 5320 3554 5376 ubivis

1972 5447 2031 5486 se
2087 5419 2212 5485 cum
2248 5427 2516 5482 dedecore
2559 5423 2627 5478 de
2658 5421 2933 5476 mcenibus
2962 5425 3016 5474 et
3045 5418 3214 5473 scalis
3264 5413 3558 5490 deturbari

1971 5532 2024 5579 et
2064 5531 2212 5576 tanta
2252 5519 2629 5572 machinarum
2666 5512 2882 5568 vi'nihil
2929 5525 3189 5580 prospere
3233 5524 3394 5589 agerc
3423 5508 3550 5562 ani-

1973 5615 2395 5674 madverterent,
2418 5623 2482 5662 ac
2512 5606 2711 5661 falsum
2735 5605 3080 5675 perciperent
3119 5601 3188 5656 de
3213 5601 3386 5656 classe
3413 5601 3550 5656 Itala

1973 5717 2027 5762 ct
2054 5704 2225 5760 Janco
2257 5714 2558 5764 rumorem,
2585 5713 2777 5753 rursus
2809 5696 2995 5750 lumen
3021 5694 3148 5749 illud
3176 5694 3250 5748 ita
3279 5691 3552 5761 interpre:

1980 5800 2071 5854 tati
2100 5806 2250 5858 sunt,
2265 5802 2324 5850 ut
2342 5793 2609 5858 dicerent,
2630 5789 2796 5846 Deum
2819 5803 2918 5853 pro
2939 5785 3265 5845 Christianis
3283 5795 3553 5856 pugnate,
