3920 6188
408 351 516 416 859

1636 358 1963 420 GEORGII
2003 356 2437 417 ΡΙΙΠΛΝΤΖΑζ

3546 364 3655 428 8€0

409 471 492 524 6.6
521 472 613 524 xui
653 472 815 540 ἡμεῖς
847 470 983 525 ἄνευ
1019 434 1326 543 θελήματος
1369 471 1538 527 αὑτοῦ
1599 472 1660 526 ού
1705 472 1984 540 δυνάμεθα
2014 478 2062 533 Α
2090 470 2180 522 λον
2243 470 2522 536 γενέσθαι,
2582 471 2677 521 καὶ
2730 467 2989 533 πολλάκις
3051 470 3224 525 ταῦτά
3292 488 3376 526 σοι.
3429 475 3654 545 εἴρηκα,

412 561 638 628 ποιῆσαι
666 559 842 614 οὐδέν.
876 561 982 614 Καὶ
1008 562 1105 614 διὰ
1142 562 1346 625 ταύτας
1386 564 1484 625 τὰς
1534 564 1715 626 αἰτίας
1749 564 1778 615 6
1834 565 1981 633 ἀμη-

415 654 535 723 ρᾶς,
567 652 641 716 ὼς
671 652 924 723 εἴπομεν,
963 655 1057 708 καὶ
1087 656 1195 718 πᾶς
1219 654 1248 707 6
1282 657 1514 733 στρατὸς
1561 655 1728 709 αὐτοῦ
1783 654 1986 709 λυπού-

414 762 580 813 μενος
607 747 700 797 καὶ
734 746 993 817 κατηφὴς
1020 748 1266 818 ὑπῆρχον
1285 764 1299 777 ⁸
1327 748 1384 811 6;
1420 747 1710 820 βουληθεὶς
1759 749 1852 803 ἐπὶ
1885 751 1984 819 τὴν

410 834 604 905 αὔριον
633 837 925 908 ἐγερθῆναι
965 842 1059 890 καὶ
1094 841 1193 907 τὴν
1220 840 1541 907 πολιορκίαν
1590 840 1772 894 λῦσαι.
1807 841 1885 910 Τῇ
1928 839 1985 892 δὲ

411 929 549 998 αὐτῇ
615 930 834 1000 ἑσπέρᾳ
879 924 999 1004 ἐνῇ
1055 931 1146 984 ἐπὶ
1181 932 1285 1001 τὴν
1326 932 1519 1002 αῠριον
1565 932 1856 986 ὲὸούλοντο
1898 933 1986 985 ἵνα

412 1018 748 1083 ἀπέλθωσιν,
779 1021 948 1090 δρῶσι
980 1022 1168 1084 πάλιν,
1204 1023 1280 1085 ὡς
1334 1023 1591 1095 σύνηθες,
1639 1024 1699 1078 τὸ
1755 1025 1873 1094 φῶς
1923 1025 1987 1077 ὲκ

412 1110 523 1163 τῶν
582 1109 830 1179 οὐρανῶν
888 1113 1245 1183 καταῦαῖνον.
1285 1114 1398 1166 Καὶ
1464 1114 1561 1183 οὐχ
1619 1113 1865 1182 ἦπλωτο,
1912 1112 1987 1173 ὡς

418 1201 649 1271 σύνηθες
702 1202 762 1254 τὸ
815 1181 1121 1275 πρότερον,
1176 1205 1281 1268 ἓως
1343 1181 1559 1258 ἄνωθεν
1617 1206 1717 1272 τῆς
1772 1205 1984 1266 πόλεως

416 1293 633 1346 ἱστάναι
678 1294 746 1347 δι’
776 1295 904 1363 ὅλης
932 1296 1029 1363 τῆς
1058 1298 1274 1361 νυκτὸς,
1321 1298 1437 1349 ἀλλ’
1476 1300 1539 1350 ἐκ
1574 1296 1787 1367 μακροῦ
1822 1297 1986 1366 μόνον

416 1385 586 1453 ἐφάνη
635 1387 729 1438 καὶ
791 1387 953 1450 εὐθὺς
1005 1388 1442 1459 διασκορπισθέν
1495 1389 1704 1457 ἀφανὲς
1746 1390 1985 1458 ἐγένετο.

414 1477 516 1547 ,Ὧς
551 1474 645 1530 οὖν
679 1472 821 1530 εἶδον
850 1480 985 1532 αύτὸ
1014 1484 1042 1534 6
1089 1482 1313 1553 ἁμηρᾶς
1338 1482 1433 1534 καὶ
1467 1483 1672 1546 πάντες
1706 1484 1756 1534 oi
1796 1482 1988 1543 αὖτοῦ.

415 1569 593 1635 χαρᾶς
622 1569 823 1637 πολλῆς
899 1570 1240 1639 πλησθέντες
1293 1570 1479 1639 ἔλεγον
1509 1588 1525 1605 ο
1590 1590 1607 1623 ι
1648 1572 1705 1624 '0
1746 1572 1879 1635 Θεὸς
1920 1571 1990 1625 τὰ

417 1658 513 1710 νῦν
544 1660 909 1725 ἐγκατέλιπεν
944 1662 1162 1724 αὐτούς.
1199 1680 1217 1714 ι
1260 1663 1371 1716 Καὶ
1399 1663 1531 1716 αὐτὸ
1567 1663 1791 1733 ἔκριναν
1818 1663 1868 1715 οἱ
1891 1663 1990 1729 τῆς

426 1753 629 1820 μιαρᾶς
658 1753 838 1806 αὐτῶν
872 1756 965 1807 καὶ
999 1754 1231 1818 ἀσεϐοῦς
1304 1755 1603 1825 θρησκείας
1640 1757 1735 1809 καὶ
1782 1755 1991 1825 πλάνης

2087 561 2182 614 καὶ
2216 561 2317 613 οὐκ
2356 561 2598 631 ἧκουσάς
2650 577 2775 631 μου.
2816 562 2899 614 Τὰ
2936 559 3033 614 νῦν
3087 562 3146 615 δὲ
3171 563 3354 627 πάλιν,
3381 564 3474 618 ἐὰν
3516 568 3657 637 ἀρε-

2089 653 2211 705 στόν
2273 651 2357 704 σοί
2408 654 2557 705 ἐστιν
2616 651 2705 706 ἵνα
2735 653 2799 706 ἐκ
2829 652 2941 705 τῶν
2986 652 3240 707 ἐντεῦθεν
3283 654 3661 726 ἀναχωρήσω-

2089 760 2224 813 μεν,.
2253 744 2419 797 καλόν
2458 746 2629 808 ἐστιν,
2662 744 2751 797 ἵνα
2786 746 2861 816 μή
2898 762 2952 798 τι
2977 748 3162 817 χεῖρον
3203 746 3455 817 γένηται.
3486 767 3504 800 ι
3539 750 3662 802 Καὶ

2086 837 2114 889 6
2144 837 2370 905 ἀμηρᾶς
2408 836 2628 889 ἀκούων
2686 838 2813 897 τοὺς
2865 837 3061 905 λόγους
3113 838 3339 902 τούτους
3380 841 3662 912 ἡμιθανὴς

2088 926 2149 978 ἐκ
2184 926 2281 994 τῆς
2305 924 2484 996 λύπης
2516 926 2613 978 καὶ
2640 926 2743 996 τῆς
2774 928 3233 997 περιφρονήσεως
3272 930 3662 998 ἐπανέμεινεν,

2089 1021 2208 1084 πῶς
2243 1020 2383 1091 μετὰ
2442 1021 2710 1091 αίσχύνης
2764 1022 3033 1088 τοσαύτης
3080 1022 3156 1086 ὡς
3204 1023 3421 1092 φεύγων
3447 1024 3666 1092 ἀναχω-

2093 1113 2254 1181 ρήσῃ.
2284 1109 2434 1163 Ἰδὼν
2457 1111 2513 1164 δὲ
2536 1112 2702 1164 αὑτὸν
2733 1112 2908 1177 οὕτως
2964 1113 3173 1166 ἑστῶτα
3209 1114 3303 1166 καὶ
3356 1113 3663 1179 διαλογιζό-

2093 1218 2259 1269 μενον
2303 1201 2482 1269 Σογὰν
2530 1203 2735 1264 πασιᾶς
2791 1205 2819 1254 6
2878 1202 3135 1272 δεύτερος
3189 1203 3411 1274 βεζίρης
3469 1204 3662 1272 αύτοῦ,

2089 1292 2506 1362 ἐσυμϐούλευσε
2547 1297 2638 1348 τὸν
2666 1296 2890 1365 ἀμηρᾶν
2937 1296 3025 1351 ἴνα
3059 1298 3160 1367 τὴν
3224 1298 3406 1369 μάχην
3456 1300 3663 1368 κινήσῃ

2089 1385 2214 1438 καθ’
2244 1386 2427 1455 ἡμῶν,
2456 1387 2553 1439 καὶ
2574 1387 2665 1439 διὰ
2688 1387 2747 1439 τὸ
2772 1387 2993 1456 φθονεῖν
3040 1388 3119 1458 τῷ
3157 1388 3275 1442 Ἀλὶ
3325 1393 3535 1462 πασιᾷ·
3569 1408 3664 1444 κε-

2090 1478 2419 1547 κρυμμένην
2476 1478 2585 1547 γὰρ
2639 1478 2845 1549 ἔχθραν
2926 1474 3074 1550 εἶχον
3130 1481 3486 1551 ἀναμεταξύ.
3549 1484 3665 1536 Καὶ

2090 1567 2268 1631 οὕτως
2332 1567 2722 1640 ἀναθαρρύνας
2796 1570 2961 1623 αὐτὸν
3015 1570 3205 1638 λέγει’
3250 1590 3269 1623 ι
3303 1572 3417 1625 Ἵνα
3477 1572 3551 1640 τί,
3617 1568 3663 1627 ὦ

2091 1660 2304 1728 ἀμηρᾶ,
2341 1659 2584 1729 ἕστηκας
2644 1660 2976 1729 σκυθρωπ³ς
3006 1662 3100 1714 καὶ
3138 1662 3500 1742 λυπούμενος,
3560 1666 3658 1717 καὶ

2091 1745 2177 1806 τίς
2211 1744 2446 1815 ήδειλία
2480 1748 2513 1816 ἡ
2551 1747 2879 1817 ἐμπεσοῦσα
2937 1766 3042 1811 σοι,
3096 1752 3193 1803 καὶ
3236 1752 3383 1817 τινες
3432 1753 3482 1805 οἱ
3531 1755 3666 1806 ἁνα-

416 1844 571 1908 σοφοὶ
611 1843 706 1895 καὶ
743 1848 1099 1914 γραμματεῖς
1143 1846 1261 1906 πῶς
1314 1848 1411 1917 τὴν
1474 1848 1628 1900 πόλιν
1682 1848 1990 1917 κερδήσωσι
2022 1851 2069 1908 Β
2098 1834 2372 1898 ϐαίνοντες
2404 1836 2754 1906 διαλογισμοὶ
2790 1840 2883 1891 ἐπὶ
2912 1839 3010 1905 τὴν
3039 1840 3269 1911 καρδίαν
3302 1859 3395 1897 σου
3426 1862 3441 1909 ἶ
3475 1847 3503 1898 ὁ
3524 1844 3663 1908 Θεὸς

415 1935 478 1986 τὸ
506 1934 619 2002 φῶς
674 1936 901 2005 ἐδήλουο
962 1940 1059 1990 καὶ
1110 1938 1285 2002 οὕτως
1346 1939 1553 2001 πάντες
1615 1939 1835 2002 ἐλπίδας
1912 1935 1992 1991 εί-

416 2044 511 2096 χον
553 2018 799 2097 χρηστὰς
856 2022 930 2081 ὧν
995 2030 1089 2083 καὶ
1140 2031 1406 2100 ἐπέτυχον
1450 2029 1541 2083 διὰ
1571 2031 1669 2095 τὰς
1715 2031 1991 2102 ἁμαρτίας

418 2122 451 2184 ἠ
462 2119 601 2188 μῶν.
1569 2190 1575 2196 _

500 2206 616 2259 ’Δλὶ
639 2208 840 2271 nacti;
872 2210 973 2278 μὲν
1014 2210 1041 2264 6
1076 2210 1293 2281 πρῶτος
1350 2211 1451 2281 τῆς
1490 2211 1685 2283 βουλῆς
1728 2212 1918 2277 αὐτοῦ,
1962 2215 1990 2266 6

344 2308 349 2313 ‘
415 2298 555 2369 ὑπὲρ
591 2301 802 2363 πάντας
829 2301 1051 2368 δόκιμος
1091 2304 1184 2354 καὶ⁵
1218 2303 1551 2372 πρακτικος,
1618 2305 1843 2375 θεωρῶν
1898 2306 1991 2358 τὸν

429 2393 640 2463 ὶμηρᾶν
703 2392 877 2456 οὕτως
938 2394 1391 2464 διαλογιζόμενον
1445 2397 1711 2459 καὶτοὺς
1769 2397 1991 2465 ἑτέρους

430 2485 633 2549 πάντας
683 2489 917 2555 μεστοὺς
954 2487 1126 2557 φόϐου
1172 2490 1267 2553 καὶ
1314 2489 1541 2552 δειλίας,
1591 2492 1675 2553 είς
1712 2492 1773 2544 τὸ
1804 2492 1992 2559 φαινό-

430 2596 587 2643 κενον
621 2572 921 2640 καὶάὐτδς
977 2579 1252 2645 ἐλυπεῖτο,
1311 2580 1514 2634 ἔσωθεν
1560 2582 1617 2635 δὲ
1670 2583 1987 2650 maniam.

427 2671 529 2721 Kal.
564 2671 597 2741 ἠ
630 2670 781 2723 αἰτία
818 2665 887 2741 ἦν
921 2671 1003 2724 ὅτι
1060 2672 1225 2735 αὐτὸς
1276 2675 1511 2727 πάντοτε
1568 2674 1648 2743 τῷ
1688 2675 1881 2747 ἀμηρᾷ
1932 2677 1990 2728 ἐν

426 2766 540 2826 ταῖς
577 2763 801 2834 βουλαῖς
839 2765 1004 2837 266
1041 2766 1226 2840 ἔλεχεν
1261 2767 1349 2820 ἶνα
1391 2767 1467 2839 μὴ
1512 2768 1756 2838 πόλεμον
1799 2768 1988 2841 ἐγείρῃ

380 2878 394 2895 ι
425 2856 568 2907 κατὰ
607 2857 707 2925 τῆς
743 2857 977 2923 πόλεως,
1009 2857 1158 2922 ὅπως
1228 2861 1302 2929 μὴ
1365 2862 1415 2913 oi
1468 2861 1683 2915 Gutton
1732 2861 1990 2915 αὐθένται

422 2945 700 3001 ἀκούσωσι
732 2950 826 3002 καὶ
883 2951 1252 3021 συναχθέντες
1310 2954 1662 3022 όμονοήσωσι
1711 2952 1807 3007 καὶ
1864 2953 1991 3017 τοὺς

420 3039 695 3110 Τούρκους
729 3042 794 3095 ἐκ
807 3041 910 3109 τῆς
938 3043 1212 3114 Εὐρώπης
1241 3042 1507 3111 ἐξώσωσι.
1544 3045 1653 3100 Καὶ
1677 3046 1796 3099 τότε
1827 3045 1989 3099 πάλιν

415 3130 677 3185 δεικνύων
692 3129 766 3194 ὡς
782 3131 1122 3201 λυπούμενος
1149 3128 1217 3203 ἦν
1245 3132 1399 3204 ἔλεγε
1421 3135 1498 3205 τῷ
1521 3137 1714 3207 ὰμηρᾷ
1730 3152 1746 3169 ο
1777 3155 1794 3187 ι
1838 3136 1984 3203 Ἐγὼ

2095 1926 2233 1995 μετὰ
2271 1927 2363 1980 σοῦ
2407 1930 2543 1984 ἐστι,
2614 1930 2705 2002 Μὴ
2759 1931 3025 2004 λυπήσαι.
3079 1935 3192 2004 Ούχ
3240 1936 3372 2006 ὁρᾷς
3421 1937 3511 1991 διὰ
3564 1939 3663 1991 τοῦ

2093 2017 2274 2086 φωτὸς
2310 2020 2523 2073 ἐκείνου
2555 2023 2789 2090 σημεῖον
2827 2024 2912 2076 ὅτι
2970 2022 3069 2093 τὴν
3127 2025 3286 2079 πόλιν
3317 2027 3526 2098 ταύτην
3584 2031 3665 2092 είς

2091 2107 2250 2178 χεῖρά
2282 2126 2377 2162 σου
2408 2108 2604 2177 δώσει;
2650 2113 2761 2183 Οὐχ
2786 2114 2919 2183 δρᾷς
2955 2115 3212 2168 τοσούτου
3250 2118 3324 2186 μὴ
3350 2118 3664 2189 ἀριθμητοῦ

2090 2192 2328 2273 στρατοῦ
2360 2203 2568 2274 πλῆθος
2594 2205 2621 2257 ὃ
2647 2205 2816 2274 ἔχεις,
2847 2207 2941 2258 καὶ
2996 2207 3178 2264 καλῶς
3210 2206 3261 2262 εἶ
3320 2212 3666 2281 ήτοιμασμέο

2091 2313 2202 2361 νος,
2233 2297 2329 2349 καὶ
2362 2297 2568 2366 πᾶσαή
2606 2297 3045 2367 προπαρασκευὴ
3097 2298 3267 2368 πολλὴ
3325 2302 3422 2353 καὶ
3476 2302 3661 2371 καλῆς

2104 2388 2163 2445 Ὀ
2197 2388 2427 2459 στρατὸς
2462 2390 2624 2460 267
2674 2389 2770 2443 τοῦ
2824 2390 3136 2455 Μακεδόνος
3172 2392 3528 2462 Ἀλεξάνδρου
3573 2414 3663 2448 τοο

2094 2479 2281 2544 σοῦτος
2313 2482 2413 2550 οὐχ
2451 2482 2665 2553 ὑπῆρχέ
2700 2500 2831 2536 ποτε
2867 2483 2943 2548 ὡς
2986 2485 3015 2536 6
3066 2484 3180 2549 σὸς,
3215 2485 3335 2538 οὐδὲ
3393 2487 3666 2553 τοσαύτας

2094 2573 2455 2644 παρασκευὰς
2482 2573 2649 2638 αὐτὸς
2678 2571 2791 2645 εἶχε
2813 2592 2827 2608 ·
2862 2577 2957 2629 καὶ
2986 2576 3077 2630 τὸν
3106 2578 3314 2646 κόσμον
3338 2579 3663 2650 ἐκυρίευσεν
3737 2614 3743 2619 ~

2091 2663 2260 2732 ὅμως,
2306 2662 2449 2731 Ἐγὼ
2505 2664 2605 2733 μὲν
2635 2664 2696 2717 ού
2756 2664 3001 2720 πιστεύω
3049 2666 3174 2720 οὔτε
3209 2669 3417 2733 ἐλπίζω
3464 2673 3531 2723 ἐκ
3564 2672 3663 2739 τῆς

2103 2751 2341 2815 Ἰταλίας
2368 2753 2605 2808 ἐνταῦθα
2647 2756 2837 2808 στόλον
2861 2755 3063 2821 ἐλθεῖν,
3097 2756 3175 2821 ῶς
3230 2775 3374 2822 τινες
3412 2760 3662 2829 λέγουσιν

2092 2844 2188 2897 καὶ
2222 2847 2249 2898 6
2283 2845 2513 2914 ἀδελφός
2544 2864 2646 2914 μου
2667 2848 2695 2900 6
2717 2847 2834 2901 Ἀλὶ
2860 2849 3070 2911 Πασιᾶς
3110 2851 3322 2920 εἴρηκε,
3355 2850 3446 2903 διὰ
3476 2852 3534 2904 τὶ
3566 2852 3658 2921 μέν

2094 2936 2271 3001 καλῶς
2298 2937 2481 2991 οἴδατε
2513 2939 2597 2991 ὅτι
2630 2940 2663 3009 ὴ
2727 2939 3035 3011 πολυαρχία
3073 2941 3181 2994 τῶν
3223 2941 3444 2996 Ἰταλῶν
3476 2943 3661 2998 αὐθέν-

2093 3044 2203 3081 των
2235 3030 2332 3081 καὶ
2370 3029 2481 3083 τῶν
2512 3029 2715 3102 ἐτέρων
2739 3031 3016 3100 ἐσπερίων
3072 3032 3347 3103 ἀνάρχους
3386 3037 3536 3087 ποιεῖ
3563 3036 3661 3089 αύ-

2092 3127 2220 3199 τοξσς
2255 3120 2421 3191 εἶναι,
2457 3127 2553 3178 καὶ
2581 3126 2856 3196 ἁναμέσον
2890 3126 3074 3180 αὐτῶν
3105 3126 3208 3181 ούκ
3233 3127 3385 3180 ἐστιν
3416 3127 3659 3195 ὁμόνοια.

418 3219 477 3286 ἐξ
506 3221 680 3291 ἀρχῆς
715 3221 890 3276 ταῦτα
922 3201 1269 3295 ἐνωτιξόμην
1306 3201 1435 3297 περὶ
1689 3201 1815 3293 ’πῶς
1831 3201 1989 3295 ἔμελ-
2015 3201 2058 3259 ο
2092 3218 2202 3270 Καὶ
2238 3217 2365 3271 ὅταν
2390 3216 2553 3271 πάλιν
2579 3216 2725 3279 τινὲς
2754 3217 2936 3272 αὐτῶν
2954 3218 3299 3289 όμονοήσωσι
3322 3219 3465 3289 μετὰ
3495 3219 3662 3273 κόπου

416 3416 513 3455 eos
541 3401 678 3456 tueri
708 3411 763 3457 et
787 3400 1103 3467 defendere,
1133 3419 1244 3473 quo
1275 3404 1447 3459 invito
1469 3403 1570 3474 ipsi
1601 3406 1740 3461 nihil
1767 3419 1992 3477 possent

420 3495 709 3562 prolicere.
765 3492 862 3549 llis
891 3494 958 3548 de
981 3496 1164 3550 causis
1198 3511 1434 3561 ameras,
1471 3507 1528 3551 ut
1556 3497 1820 3563 diximus,
1865 3515 1987 3555 cum

420 3587 673 3642 universo
727 3587 971 3642 exercitu
1004 3588 1055 3640 in
1100 3586 1323 3642 tristitia
1355 3596 1410 3643 et
1444 3604 1678 3644 moerere
1723 3602 1863 3657 erat,
1897 3592 1989 3660 qui

419 3682 559 3736 adeo
593 3690 810 3751 postero
838 3680 947 3745 die,
979 3679 1155 3736 soluta
1192 3680 1499 3749 obsidione,
1524 3684 1782 3739 recedere
1805 3684 1991 3741 vellet.

418 3774 487 3825 At
515 3786 576 3825 ea
607 3771 721 3840 ipsa
753 3784 1008 3839 vespera,
1058 3785 1181 3824 cum
1218 3771 1469 3839 sequenti
1501 3786 1660 3827 mane
1689 3773 1988 3829 discessuri

417 3871 627 3927 essent,
665 3875 881 3926 rursus,
920 3869 977 3913 nt
1026 3868 1172 3926 ante,
1208 3859 1392 3915 lumen
1435 3861 1567 3917 illud
1608 3863 1827 3919 caeleste
1857 3872 1989 3920 cou-

418 3953 688 4022 spiciunt:
724 3966 910 4006 verum
940 3966 1047 4007 non
1082 3951 1310 4022 perinde
1338 3966 1403 4007 ac
1443 3952 1594 4021 prius
1649 3954 1992 4011 diffundeba-

420 4057 528 4108 tur,
556 4047 729 4101 donec
755 4060 918 4114 supra
952 4045 1143 4099 urbem
1170 4044 1497 4101 consisteret
1529 4054 1642 4101 tota
1675 4057 1858 4114 nocte,
1892 4050 2003 4104 sed’

421 4154 453 4192 a
489 4138 784 4207 longinquo
811 4143 1023 4191 tantum
1061 4136 1365 4204 comparuit
1394 4145 1445 4190 et
1470 4136 1654 4192 subito
1683 4137 1990 4208 dispersum

416 4229 659 4285 evanuit.
685 4227 838 4294 Quod
870 4236 928 4283 ut
950 4226 1161 4282 emeras
1182 4235 1236 4281 et
1258 4226 1455 4297 reliqui
1478 4241 1669 4285 omnes
1712 4230 1988 4299 viderunt,

419 4337 618 4392 magna
638 4322 842 4390 perl‘usi
866 4321 1075 4386 laetitia,
1097 4320 1496 4386 exclamarunt,
1524 4321 1699 4396 Deum
1715 4340 1863 4379 nunc
1888 4341 1989 4383 nos

415 4416 748 4473 deseruisse.
769 4416 901 4471 ltem
922 4416 1270 4471 exsecranda:
1291 4420 1345 4467 et
1366 4413 1546 4482 impia:
1580 4418 1989 4486 superstitionis

415 4522 465 4563 et
492 4510 696 4564 erroris
726 4522 918 4563 eorum
950 4508 1225 4576 sapientes
1250 4524 1314 4564 ac
1344 4512 1540 4567 scriba:
1563 4526 1626 4567 ex
1662 4511 1756 4564 illo
1780 4510 1989 4595 lumine
2020 4535 2065 4592 ι)

414 4601 876 4663 vaticinabantur,
904 4597 1113 4654 Turcas
1136 4601 1270 4656 urbe
1301 4602 1573 4670 potituros
1600 4617 1741 4657 esse.
1772 4602 1850 4657 Ita
1876 4618 1992 4658 om-

420 4710 514 4749 nes
544 4706 694 4761 spem
732 4691 931 4746 bonam
969 4704 1358 4761 conceperunt,
1395 4710 1501 4765 qua
1520 4705 1745 4766 propter
1771 4704 1991 4765 peccata

416 4795 600 4839 nostra
634 4798 742 4837 non
776 4791 906 4838 sunt
937 4782 1179 4838 l'rustati.

485 4877 568 4931 Ali
596 4876 796 4946 pasias,
824 4875 1075 4944 princeps
1093 4885 1349 4945 senatus,
1374 4876 1455 4931 vir
1483 4893 1591 4947 pra:
1612 4878 1819 4934 caeteris
1842 4892 1996 4947 spec-

412 4979 556 5025 tatus
583 4978 638 5024 et
680 4969 875 5033 solers,
917 4984 1038 5024 cum
1100 4984 1340 5023 ameram
1394 4971 1474 5024 sic
1506 4970 1767 5026 ﬂuctuare
1820 4980 1875 5024 et
1906 4985 1992 5024 re-

415 5064 595 5132 liquos
628 5076 822 5118 omnes
849 5073 992 5116 metu
1025 5070 1080 5115 et
1132 5062 1498 5131 trepidatione
1532 5064 1727 5131 agitari
1759 5065 1989 5129 videret,

413 5156 467 5210 in
500 5155 737 5224 speciem
769 5153 937 5208 tristis
963 5161 1100 5217 erat,
1130 5167 1323 5207 revera
1348 5153 1677 5208 exsultabat.
1716 5155 1883 5225 Cujus
1915 5156 1994 5211 rei

412 5260 576 5300 causa
602 5251 739 5307 erat,
762 5243 910 5313 quod
936 5258 1178 5298 ameram
1216 5244 1269 5298 in
1292 5244 1538 5300 consiliis
1584 5260 1614 5300 a
1645 5246 1782 5301 bello
1807 5256 1994 5302 contra

415 5337 602 5391 urbem
636 5335 983 5404 suscipiendo
1037 5346 1301 5407 perpetuo
1348 5337 1625 5393 deterrere
1685 5338 2037 5405 stndueratr

412 5444 478 5482 ne
505 5426 871 5483 occidentales
922 5427 1219 5498 principes,
1250 5444 1309 5483 re
1339 5430 1549 5494 audita,
1596 5430 1802 5487 fmdcre
1852 5446 1993 5486 con-

408 5519 605 5587 jmcti,
632 5516 842 5574 Turcas
870 5534 935 5575 ex
972 5518 1186 5590 Europa
1211 5522 1490 5591 ejicerent.
1518 5521 1707 5593 Itaque
1732 5529 1846 5576 tum
1872 5538 1996 5577 rur-

408 5621 503 5660 sus
529 5609 845 5664 maestitiam
871 5611 1159 5676 simulans,
1183 5628 1422 5669 ameram
1454 5614 1536 5669 sic
1599 5613 1946 5682 compellavit
1979 5632 1991 5669 :

422 5717 439 5751 ι
455 5698 562 5767 Ego
583 5700 652 5755 ab
671 5700 827 5754 initio
846 5701 917 5755 ita
936 5704 1050 5761 haec
1071 5716 1328 5761 eventura
1348 5722 1468 5762 esse
1490 5705 1900 5776 praesagieliam,
1931 5721 1995 5760 ae

428 5803 567 5849 safpc
586 5788 681 5842 tibi
722 5789 893 5853 edixi,
920 5808 1018 5849 nec
1052 5796 1258 5852 audisti
1288 5812 1394 5852 me.
1430 5795 1586 5855 Nunc
1620 5795 1822 5861 denuo,
1850 5794 1895 5851 si
1920 5794 1993 5851 ita

2092 3394 2304 3465 placeat
2322 3395 2439 3457 tibi.
2454 3395 2682 3462 suadeo,
2698 3406 2757 3452 ut
2774 3397 2901 3453 hinc
2915 3398 3261 3466 recedamus,
3277 3414 3346 3455 ne
3360 3401 3520 3471 pejus
3535 3402 3658 3474 quid

2091 3488 2322 3542 accidat.
2365 3507 2383 3539 ι
2428 3488 2543 3554 Qua
2577 3489 2829 3545 oratione
2860 3490 3069 3556 audita,
3103 3507 3319 3547 ameras
3351 3495 3575 3549 tristitia
3606 3503 3656 3548 et

2092 3578 2456 3633 sollicitudine
2488 3595 2639 3649 paene
2671 3581 2976 3647 contabuit,
3012 3582 3156 3651 quod
3187 3593 3333 3637 tanta
3361 3598 3485 3637 cum
3515 3585 3659 3654 igno-

2092 3669 2258 3724 minia
2286 3671 2339 3725 in
2371 3673 2589 3727 modum
2624 3673 2761 3744 fugae
2796 3675 3153 3731 recedendum
3182 3685 3348 3730 esset.
3375 3676 3514 3730 Cum
3544 3692 3656 3731 eum

2089 3763 2161 3816 ita
2194 3771 2427 3818 stantem
2452 3773 2505 3818 et
2528 3765 2953 3834 cogitabundum
2988 3768 3194 3822 videret
3240 3765 3420 3837 Sogan
3458 3769 3653 3838 pnsias,

2091 3855 2367 3910 secundus
2421 3856 2622 3912 vizires
2683 3858 2825 3927 ejus,
2885 3866 2944 3911 ut
2975 3857 3123 3913 bello
3153 3874 3254 3913 nos
3290 3870 3583 3929 premeret,
3612 3860 3656 3915 ei

2091 3943 2285 4009 suasit,
2326 3946 2527 4000 invidia
2584 3961 2708 4016 erga
2744 3947 2827 4001 Ali
2861 3948 3066 4018 pasiam
3100 3960 3430 4005 commotus.
3465 3949 3656 4006 Occul-

2092 4046 2200 4093 tam
2237 4038 2382 4093 enim
2422 4038 2477 4093 lii
2519 4029 2660 4093 inter
2692 4055 2752 4095 se
2791 4043 3117 4095 exercebant
3142 4041 3513 4098 inimicitiam.
3561 4045 3656 4098 lta-

2090 4146 2198 4201 que
2230 4146 2353 4185 eum
2413 4133 2775 4198 cohortatus,
2815 4151 2834 4185 ι
2874 4133 3035 4201 Quid,
3092 4122 3293 4203 inquit,
3328 4151 3535 4201 amera,
3588 4137 3653 4191 ita

2091 4232 2321 4280 moestus
2355 4232 2409 4278 et
2437 4222 2668 4279 aﬂlictus
2698 4225 2803 4280 es?
2864 4225 2997 4290 Quae
3050 4234 3103 4281 te
3158 4225 3396 4282 formido
3445 4229 3652 4292 invasit,

2090 4325 2186 4371 aut
2245 4330 2367 4385 quae
2410 4316 2765 4386 cogitationes
2840 4317 3133 4373 subierunt
3176 4318 3421 4373 animum
3473 4320 3655 4374 tuum?

2091 4406 2235 4463 Dens
2271 4418 2449 4464 tecum
2481 4417 2596 4465 est:
2632 4409 2787 4464 mitte
2826 4410 3270 4467 sollicitudinem.
3303 4413 3501 4468 Annon
3530 4429 3561 4468 e
3584 4414 3659 4467 ln-

2092 4500 2255 4557 minis
2290 4502 2434 4557 illius
2464 4502 2647 4557 omine
2668 4502 2947 4573 intelligis,
2999 4519 3121 4558 cum
3153 4505 3250 4559 tibi
3288 4506 3479 4562 tu-bem
3526 4508 3659 4562 hanc

2095 4593 2148 4647 in
2179 4609 2372 4649 manus
2405 4596 2730 4649 traditurmn
2768 4595 2941 4650 esse?
2970 4611 3152 4651 nonne
3183 4597 3459 4653 innumeri
3483 4600 3655 4669 hujus,

2094 4701 2254 4755 quem
2288 4686 2477 4750 habes.
2507 4696 2561 4741 et
2612 4687 2831 4756 egregie
2867 4687 3121 4741 instructi
3168 4690 3449 4745 exercitus
3485 4694 3656 4745 multi-

2096 4777 2337 4832 tudinem
2373 4786 2427 4832 et
2458 4787 2666 4831 tantum
2693 4778 2935 4847 ejusdem
2958 4787 3011 4832 et
3045 4785 3155 4832 tam
3185 4779 3453 4836 eximium
3498 4798 3659 4853 appa-

2096 4881 2274 4923 ratum
2327 4871 2549 4925 cernis?
2580 4869 2872 4925 Alexandri
2930 4870 3269 4927 Marcedonis
3304 4873 3436 4928 olim
3496 4875 3656 4943 copia:

2096 4975 2201 5014 non
2240 4968 2401 5014 tanta:
2442 4962 2684 5026 fuerunt,
2724 4970 2939 5029 quantae
2970 4969 3076 5017 tua:
3118 4971 3268 5028 sunt,
3324 4978 3429 5017 nec
3483 4972 3663 5020 tantus

2094 5053 2338 5123 ejusdem
2364 5061 2663 5123 apparatus
2685 5052 2916 5108 bellicus
2945 5067 2961 5108 :
2987 5062 3043 5108 et
3073 5063 3253 5108 tamen
3277 5054 3469 5109 orbem
3496 5064 3659 5109 terra-

2096 5162 2217 5200 rum
2260 5145 2305 5199 is
2333 5144 2684 5214 expngnavit.
2724 5144 2985 5214 Equidem
3020 5159 3120 5215 ego
3154 5160 3265 5200 non
3321 5147 3512 5213 credo,
3536 5162 3658 5224 [nec

2096 5253 2279 5308 spero,
2312 5253 2376 5292 ex
2412 5237 2564 5290 Italia
2596 5235 2824 5292 classem
2853 5234 3040 5301 adore,
3067 5243 3127 5291 ut
3151 5235 3372 5304 quidam
3416 5236 3585 5300 aiunt,
3611 5245 3659 5287 rt

2096 5332 2381 5386 allirmavit
2412 5347 2535 5387 cum
2573 5330 2805 5385 maxime
2830 5329 2910 5383 Ali
2942 5330 3147 5398 pasias,
3180 5327 3351 5382 frater
3375 5344 3535 5384 mens
3558 5346 3568 5380 :
3592 5328 3658 5381 si-

2095 5425 2311 5497 quidem
2349 5425 2488 5480 bene
2523 5424 2719 5488 nostis,
2758 5421 3163 5477 multitudinem
3208 5420 3469 5476 ltalorum
3500 5432 3551 5476 et
3581 5435 3661 5473 re-

2097 5521 2368 5589 liquorum
2394 5516 2810 5573 occidentalium
2844 5514 3150 5586 principum
3203 5511 3403 5578 facere,
3437 5525 3495 5566 ut
3546 5512 3653 5564 sine

2096 5610 2325 5680 imperio
2377 5610 2510 5671 sint,
2568 5623 2667 5664 nec
2715 5608 2895 5677 vigere
2944 5605 3087 5659 inter
3146 5618 3239 5657 eos
3296 5600 3651 5655 concordiam.

2098 5700 2299 5767 Quodsi
2324 5700 2545 5770 quidam
2573 5714 2758 5755 eorum
2787 5696 2956 5751 multo
2981 5697 3166 5749 labore
3196 5694 3496 5763 multisque
3527 5707 3652 5745 con-

2097 5795 2392 5852 dit'onilms
2432 5809 2616 5864 pacem
2649 5791 2942 5855 ﬁrmat-int,
2974 5804 3082 5845 non
3114 5788 3294 5856 lengo,
3338 5784 3532 5853 hercle,
3566 5780 3657 5838 sed
