3920 6188
261 395 361 460 861

1284 407 1734 476 CHRONICON
1779 414 2050 482 MAJUS.
2086 419 2329 486 —L[B.
2371 422 2494 488 III.

3412 428 3517 490 862

263 508 362 618 καὶ
402 507 733 618 συμϐάσεων
761 511 997 618 mixtim,
1023 516 1084 618 ἐν
1132 519 1305 618 ὀλίγιρ
1350 529 1541 618 ,καιρῷ
1591 531 1688 584 καὶ
1741 533 1840 585 οὐκ
1869 561 1910 618 Α
1943 532 2131 602 λέγει’
2174 555 2193 588 ι
2231 533 2390 592 Είδον
2418 539 2512 592 τδν
2566 539 2799 610 στρατὸν
2829 539 2927 596 καὶ
2973 538 3274 613 ἐγνώρισα.
3316 525 3518 595 τοσοῦ-

262 599 344 660 είς
412 600 626 670 μάκνρος
666 601 856 658 λύεται
907 606 936 658 δ
993 608 1202 666 τούτων
1243 615 1567 687 σύνδεσμοςο
1624 622 1719 676 καὶ
1779 599 1896 677 ἔν’ἶ

266 689 761 785 συνδέσμῳᾼδντες
795 693 878 760 εἷς
935 700 1080 754 κατὰ
1113 703 1208 757 τοῦ
1240 706 1430 777 ἐτέρου
1477 715 1841 785 περιεργάζε-

260 797 379 878 fat,
412 782 532 846 πῶς
563 783 812 878 άρπάξαι
842 788 1142 860 δυνήσεται
1181 796 1250 850 τὰ
1274 798 1496 865 τούτου,
1541 782 1651 856 και
1677 806 1841 878 ἀλλή-

257 870 390 965 λους
418 876 820 965 προσέρχονται
876 882 971 933 καὶ
1033 884 1421 951 φυλάττονται.
1493 891 1672 947 Πολλά
1738 870 1840 965 μὲυν

259 960 359 1020 οῦν
403 964 757 1036 βουλεύονται
813 973 909 1026 καὶ
967 973 1279 1044 λογίζονται
1321 982 1416 1033 καὶ
1463 982 1708 1052 λέγουσι,
1738 960 1840 1041 *καὶ

255 1055 421 1124 ὀλίγα
460 1060 824 1129 πράττουσιν,
857 1065 955 1119 καὶ
1004 1067 1039 1137 ή
1077 1068 1177 1138 τῆς
1234 1069 1478 1144 ἑσπέρας
1536 1075 1702 1146 βουλὴ
1758 1076 1838 1147 τῷ

257 1149 411 1218 πρωῒ
438 1151 541 1205 οὐκ
569 1154 776 1226 άρεστή
813 1157 931 1211 ἐστι
981 1159 1144 1215 πάλιν
1194 1165 1400 1228 αὐτοῖς.
1453 1167 1566 1219 Καὶ
1618 1170 1749 1222 ὅταν
1800 1172 1832 1240 ή

256 1241 428 1313 βουλὴ
462 1246 657 1318 σταθῇ,
680 1251 739 1302 ἔν
761 1254 873 1314 τοῖς
905 1253 1092 1322 ἔργοις
1137 1257 1450 1325 χρονίζουσι
1481 1277 1494 1290 ·
1529 1262 1624 1314 καὶ
1673 1262 1838 1317 τοῦτο

259 1335 534 1403 ποιοῦσιν,
562 1339 651 1391 ἵνα
681 1343 825 1395 κατὰ
858 1345 958 1407 τὰς
985 1346 1215 1416 γνώμας
1253 1351 1435 1404 αὐτῶν
1492 1355 1582 1405 καὶ
1625 1354 1838 1424 ὀρέξεις

257 1429 455 1496 καιρὸν
483 1431 799 1501 ἐπιτήδειον
834 1433 1063 1505 εὕρωσι.
1109 1440 1222 1493 Kal
1255 1441 1386 1494 ὅταν
1441 1444 1603 1513 ἔργον
1641 1463 1694 1498 τι
1720 1449 1838 1499 ἐπι-

256 1521 585 1591 χειρισθῶσι
613 1525 710 1577 καὶ
746 1526 920 1598 ἀρχὴν
972 1531 1303 1600 ποιήσωσιν,
1358 1534 1514 1589 οὐδὲν
1558 1539 1838 1610 κατορθώ-

256 1629 411 1666 νουσι
439 1613 528 1667 διὰ
553 1616 652 1678 τὰς
685 1618 1050 1688 ἀσυμφωνίας
1089 1624 1292 1680 αὐτῶν.
1324 1627 1436 1680 Kal
1479 1629 1721 1697 μάλιστα
1751 1631 1821 1685 τά

257 1703 376 1768 νῦν,
410 1706 597 1770 καθὼς
651 1711 978 1777 γινώσκετε,
1030 1713 1160 1776 νέας
1226 1715 1492 1788 διαφορὰς
1558 1721 1838 1790 άναμέσον

261 1794 429 1864 μέρος
468 1813 520 1851 τι
553 1797 612 1862 ἐξ
634 1800 818 1853 αὐτῶν
854 1801 1096 1873 ἔχουσιν.
1159 1807 1268 1859 Kal
1313 1808 1462 1878 ὅμως
1529 1811 1695 1864 πάλιν
1729 1813 1837 1882 ἐγὼ

1942 623 2033 674 τόν
2059 624 2208 678 ἔστιν
2232 639 2248 655 ο
2279 627 2456 696 μάχου
2508 628 2650 697 μετὰ
2681 629 2882 697 χαρᾶς.
2915 629 3014 681 καὶ
3043 629 3076 698 ἡ
3107 629 3232 696 νίκη
3260 627 3513 696 ἡμετέρα

1942 714 2115 769 ἐστίν.
2149 734 2166 766 ι
2205 717 2512 789 Ἀπεκρίθη
2543 719 2638 772 οῦν
2666 720 2694 772 δ
2718 721 2944 791 άμηρᾶς
2990 721 3085 774 καὶ
3133 719 3253 775 εἷπε
3275 737 3289 751 ⁸
3319 739 3339 773 ι
3388 721 3514 774 Act—

1943 803 2068 871 πὸν,
2103 801 2147 859 ὦ
2185 809 2384 876 Σογὰν,
2421 812 2655 881 ἀρεστόν
2682 813 2765 866 σοί
2791 815 2939 866 ἔστιν
2974 813 3062 866 ίνα
3103 813 3199 866 καὶ
3251 814 3413 882 ἡμεῖς
3443 811 3512 865 τὰ

1941 896 2038 951 νῦν
2063 897 2160 968 τὴν
2179 899 2352 971 τύχην
2386 903 2766 974 γνωρίσωμεν,
2820 906 2871 958 εί
2901 906 3132 976 ἀρεστὸν
3184 906 3323 977 αὐτῇ
3364 908 3511 960 ἔστιν

1907 1017 1913 1025 κ
1941 991 2037 1042 καὶ
2073 990 2320 1063 βοηθήσῃ
2349 994 2482 1063 ήμῖν
2530 994 2604 1058 ὡς
2653 996 2747 1048 καὶ
2781 996 2990 1066 ἑτέροις
3021 995 3257 1060 πολλοῖς,
3296 997 3509 1050 Στεῖλον

1939 1081 2032 1136 οὖν
2077 1084 2173 1136 ὲπὶ
2223 1087 2317 1139 τὸν
2370 1086 2620 1142 Γαλατᾶν
2667 1088 2923 1160 φυλακήν
2968 1107 3111 1155 τινα,
3155 1090 3249 1141 ἵνα
3293 1088 3369 1158 μὴ
3415 1088 3508 1142 λαο

1941 1172 2151 1242 θραίως
2201 1175 2262 1240 ἐξ
2315 1177 2484 1231 αὐτοῦ
2525 1179 2848 1250 περάσωσιν
2877 1179 2972 1233 καὶ
3023 1182 3090 1251 τῇ
3129 1178 3282 1232 πόλει
3315 1177 3512 1248 βοηθή-

1942 1281 2130 1318 σωσιν.
2170 1283 2188 1317 1

2024 1357 2296 1418 Ἀκούσας
2326 1358 2382 1410 δὲ
2410 1359 2585 1413 ταῦτα
2616 1362 2644 1414 6
2676 1360 2792 1416 Ἀλλ
2827 1363 3032 1427 πασιᾶς
3066 1362 3312 1432 ἐλυπήθη
3369 1361 3509 1427 λίαν,

1941 1447 2262 1516 αἰσχυνθεὶς
2298 1451 2462 1521 269
2515 1453 2598 1504 ὅτι
2658 1453 3035 1523 ῦπερίσχυσαν
3099 1456 3146 1507 ol
3207 1454 3358 1522 λόγοι
3418 1453 3512 1507 τοῦ

1940 1540 2117 1608 Σογὰν
2151 1545 2344 1608 πασιᾶ,
2370 1543 2463 1597 xal
2490 1546 2554 1596 ὲκ
2584 1543 2678 1597 τοῦ
2714 1546 2912 1613 φθόνου
2943 1547 3153 1613 ἤθελεν,
3189 1547 3236 1599 εί
3267 1547 3511 1609 δυνατὸν,

1940 1635 2170 1702 ποιῆσαι
2225 1634 2478 1704 μηχανήν
2542 1637 2630 1688 ἵνα
2693 1637 2850 1691 οὐδὲν
2901 1638 3184 1708 πράξωσιν
3231 1638 3370 1692 κατὰ
3412 1639 3512 1706 τῆς

1943 1725 2172 1789 πόλεως.
2229 1727 2502 1798 Ἐμήνυσε
2561 1729 2637 1799 τῷ
2686 1731 2900 1800 βασιλεῖ
2947 1731 3014 1784 τά
3066 1731 3346 1802 συμϐάντα
3417 1732 3513 1783 καὶ

1941 1818 2175 1890 παρῄνει
2201 1819 2366 1873 αὐτὸν
2404 1819 2480 1889 μὴ
2511 1819 2820 1890 φοϐεῖσθαι,
2857 1822 2993 1875 διότι
3021 1823 3079 1874 ἐν
3105 1825 3218 1884 τοῖς
3254 1823 3512 1890 πολέμοις

256 1888 393 1983 Epit,
430 1890 570 1961 ὅπερ
596 1893 744 1947 ἐστὶν
781 1895 1046 1952 ἀδύνατον
1075 1899 1145 1951 δι’
1178 1899 1243 1962 ἃς
1293 1902 1476 1965 αἰτίας
1512 1906 1713 1975 εἴρηκα
1736 1924 1750 1939 ·
1783 1907 1831 1959 εί
1865 1906 1906 1960 Β
1937 1888 2134 1978 ἄδηλός
2167 1910 2315 1962 ἐστιν
2347 1911 2380 1982 ή
2623 1913 2886 1976 πολλάκις
2907 1930 2922 1946 ·
2977 1915 3072 1966 καὶ
3108 1914 3199 1966 διὰ
3253 1888 3416 1966 τοῦτο
3458 1914 3514 1965 oi.

256 1981 448 2045 στόλος
501 1984 640 2037 κατὶ
679 1987 946 2060 ἀλήθειαν
985 1991 1049 2042 ὲκ
1079 1990 1180 2061 τῆς
1218 1991 1453 2058 Ἰταλίας
1483 1996 1637 2067 ἔλθῃ,
1668 2000 1834 2070 268

254 2075 311 2126 τί
337 2075 396 2140 ἐξ
423 2077 588 2130 αὑτοῦ
637 2079 853 2152 ἀνάγκη
905 2083 1062 2152 ήμῖν,
1099 2083 1182 2137 ὅτι
1243 2085 1501 2140 οὐδέποτε
1547 2089 1834 2144 ἐλεύσεται

254 2165 389 2229 λαὸς
406 2169 526 2230 ὅσος
551 2169 642 2222 τὸν
667 2172 907 2242 ἀριθμὸν
947 2175 1006 2227 τὸ
1028 2175 1200 2246 ἥμισυ
1224 2176 1316 2230 τοῦ
1349 2179 1626 2250 ἡμετέρου
1652 2199 1831 2252 στρα-

253 2257 376 2326 τοῦ,
417 2261 530 2312 ἀλλ’
567 2261 693 2317 οὔτε
751 2265 814 2318 τδ
862 2266 1128 2337 τέταρτον
1181 2269 1373 2342 μέρος.
1429 2272 1528 2326 Διὰ
1561 2275 1739 2342 τοῦτο,
1787 2273 1832 2330 ὧ

250 2351 450 2423 ἀμηρᾶ
483 2355 725 2427 ἡμέτερε
762 2357 1022 2422 αὐθέντα,
1061 2360 1278 2432 θάρσει.
1308 2363 1421 2417 Ούκ
1461 2365 1680 2436 ἀνάγκη
1716 2369 1834 2424 ἐστὶ

249 2443 394 2506 πρδς
427 2447 487 2498 τὸ
520 2449 700 2518 παρὸν
731 2450 898 2520 φόϐον
929 2469 987 2504 σε
1016 2453 1167 2523 ἔχειν
1204 2456 1251 2508 εί
1289 2457 1366 2527 μή
1393 2457 1555 2525 μόνον
1587 2460 1828 2517 ὲκΘεοῦ.

252 2533 370 2586 Καὶ
401 2535 654 2606 ἀνδρίζου
683 2541 779 2592 καὶ
810 2541 1052 2609 άγάλλου
1089 2546 1186 2597 καὶ
1213 2545 1391 2616 ἴσχυε,
1432 2550 1526 2602 καὶ
1561 2553 1628 2620 τῇ
1669 2552 1832 2625 τέχνῃ

248 2629 322 2695 τῇ
365 2626 460 2678 τοῦ
494 2630 668 2698 πυρὸς
695 2631 795 2684 οὐκ
823 2631 1054 2700 δκνησον
1084 2636 1330 2706 σήμερον
1362 2638 1455 2690 καὶ
1497 2637 1710 2706 αὔριον,
1742 2642 1832 2696 ἵνα

253 2720 402 2787 μετὰ
435 2719 544 2772 τῶν
578 2722 896 2788 ἑλεόόλεων,
934 2726 1058 2780 ὅσον
1085 2727 1336 2794 δυνατὸν,
1377 2731 1446 2782 τὰ
1485 2730 1644 2801 τείχη
1668 2731 1831 2786 πλέον

247 2810 633 2882 ταπεινώσῃς.
671 2832 690 2865 ι
730 2815 792 2868 Οἱ
829 2816 937 2886 γάρ
969 2817 1205 2871 τοιοῦτοι
1223 2817 1374 2888 λόγοι
1408 2821 1502 2874 καὶ
1536 2821 1728 2891 βουλαὶ
1752 2823 1831 2894 τῷ

246 2901 452 2971 άμηρᾷ
477 2935 479 2938 ι
505 2904 734 2958 πλεῖστα
784 2907 1047 2977 ήρεσκον,
1101 2911 1196 2964 καὶ
1235 2910 1448 2981 χαρίεις
1481 2913 1830 2982 ὲναπέμεινε,

245 2994 350 3046 καὶ
379 2994 668 3066 ἀναψυχὴν
710 2999 772 3050 ἐκ
806 2997 912 3066 τῆς
949 2997 1126 3068 λύπης
1147 3001 1331 3056 ἔλαϐε.
1383 3002 1490 3055 Καὶ
1519 3002 1831 3072 προστάξας

245 3082 407 3152 λέγει
459 3085 650 3155 αὐτῷ’
685 3106 704 3141 ι
755 3088 1173 3161 Ἀναθεώρησον
1233 3093 1326 3146 τὸν
1360 3095 1594 3166 στρατὸν
1649 3096 1709 3148 ὲν
1761 3099 1828 3168 τῇ

247 3177 420 3229 νυκτὶ
455 3177 654 3250 ταύτῃ,
686 3180 781 3232 καὶ
840 3181 1114 3251 γνώρισον
1153 3183 1372 3249 αὐτοὺς,
1405 3185 1463 3237 ἰν
1491 3184 1600 3238 τίνι
1631 3187 1830 3259 γνώμῃ

243 3268 420 3323 είσίν.
453 3288 472 3322 ι
502 3271 674 3336 Αὐτὸς
704 3273 762 3326 δὲ
788 3275 1025 3346 ποιήσας
1043 3275 1105 3328 τὸ
1132 3276 1479 3348 προσταχθὲν
1512 3279 1606 3331 καὶ
1655 3278 1829 3332 ἐλθὼν

245 3449 407 3506 brevi
440 3458 685 3520 tempore
710 3452 904 3508 borum
936 3453 1114 3510 fmdus
1142 3456 1450 3524 rumpitur;
1485 3457 1688 3528 quique
1715 3458 1836 3513 vin-

249 3542 384 3596 culo
425 3543 700 3613 conjuncti
750 3555 896 3610 sunt,
944 3547 1032 3600 alii
1093 3547 1324 3602 aliorum
1378 3550 1568 3604 ditioni
1625 3550 1830 3620 aliquid

249 3634 546 3690 detrahere
579 3648 868 3702 conantur,
900 3653 966 3693 ac
1001 3648 1190 3693 mutuo
1220 3641 1320 3694 sibi
1373 3641 1702 3696 insidiantur
1738 3658 1832 3696 ca—

256 3734 530 3790 ventque.
587 3723 749 3780 Multa
784 3726 860 3780 illi
892 3728 1225 3790 consultant,
1271 3730 1688 3795 ratiOrinantur,
1756 3733 1834 3786 loc

246 3823 518 3882 qnnntur,
543 3829 710 3884 pauca
745 3827 1038 3886 praestant:
1070 3821 1212 3889 quod
1235 3836 1458 3889 vespere
1481 3822 1667 3876 ineunt
1697 3837 1833 3877 con-

246 3906 460 3971 silium,
485 3923 642 3962 mane
663 3925 770 3962 non
792 3912 902 3977 jam
929 3912 1190 3980 probant:
1223 3923 1315 3966 aut
1343 3913 1385 3966 si
1413 3923 1519 3967 stet
1540 3913 1830 3980 sententia,

246 3997 419 4051 rebus
443 4009 799 4056 cunctantur:
837 4003 978 4070 quod
1015 4012 1298 4072 propterea
1333 4005 1563 4067 faciunt,
1592 4016 1652 4060 ut
1678 4008 1832 4076 cupi-

247 4089 522 4144 ditatihus
560 4101 613 4144 et
653 4093 896 4148 consiliis
921 4093 1036 4148 suis
1066 4105 1248 4164 aptum
1277 4097 1666 4152 nancisrantur
1691 4106 1830 4152 tem-

246 4195 378 4249 pus.
405 4179 461 4234 Si
489 4195 624 4249 0pus
647 4184 936 4254 quodpiam
959 4187 1199 4256 aggressi
1243 4187 1352 4242 sint
1381 4197 1435 4241 et
1456 4189 1577 4256 ejus
1601 4188 1830 4243 fecerint

249 4271 496 4335 initium,
533 4274 664 4328 nihil
701 4286 877 4332 tamen
907 4289 1128 4348 prapter
1178 4281 1572 4335 sententiarum
1619 4281 1829 4337 disc-reo

246 4364 497 4431 pantiam
549 4375 694 4419 recte
744 4379 930 4436 agunt.
976 4370 1031 4422 lu
1081 4368 1272 4438 primis
1319 4370 1422 4424 hoc
1474 4379 1735 4438 tempore,
1770 4377 1830 4424 nt

246 4457 454 4520 nostis,
487 4473 614 4526 pars
645 4475 830 4515 eorum
862 4476 1057 4515 novatn
1091 4463 1188 4518 alit
1237 4464 1592 4519 discordiam.
1627 4463 1826 4519 Verum

247 4552 363 4613 fac,
400 4562 457 4602 ut
491 4551 604 4616 ﬁat,
648 4553 793 4622 quod
845 4564 1064 4623 propter
1116 4571 1232 4620 eas,
1287 4571 1424 4626 quas
1455 4556 1589 4620 dixi,
1631 4572 1826 4611 causas
1859 4587 1904 4645 υ

247 4643 366 4696 ﬁeri
403 4644 624 4710 nequit:
657 4645 702 4699 si
731 4661 914 4700 revera
945 4649 1123 4701 veniat
1163 4648 1354 4702 classis
1385 4663 1449 4703 ex
1496 4647 1665 4714 Italia,
1695 4649 1824 4718 quid

241 4735 380 4789 inde
413 4735 569 4789 nobis
600 4737 822 4804 periculi
868 4740 1126 4801 minetur,
1163 4739 1603 4808 quandoquidem
1637 4754 1823 4793 eorum

239 4828 524 4885 exercitus
549 4844 656 4883 non
685 4831 906 4886 dimidia
930 4848 1082 4901 pars,
1114 4832 1224 4886 imo
1260 4846 1327 4885 ne
1368 4842 1560 4901 quarta
1609 4832 1826 4901 quidem

241 4923 416 4990 hujus
445 4921 808 4977 multitudinis
830 4925 952 4988 erit,
977 4938 1140 4993 quam
1167 4939 1265 4979 nos
1293 4923 1576 4978 habemus.
1623 4922 1824 4990 Quare,

239 5027 457 5075 amera,
478 5013 692 5067 domine
715 5023 916 5080 noster,
939 5015 1138 5069 bonum
1163 5016 1399 5069 animum
1426 5015 1653 5080 habeto;
1681 5017 1826 5070 nulla

243 5121 418 5160 causa
454 5121 599 5160 nunc
629 5106 847 5175 quidem
889 5115 990 5171 cst,
1024 5122 1121 5161 cur
1144 5107 1442 5175 periculum
1469 5116 1682 5162 metuas
1722 5107 1828 5161 nisi

245 5215 278 5253 a
314 5200 436 5252 solo
480 5198 610 5252 Deo.
655 5199 846 5269 Itaque
901 5199 1080 5266 fortis,
1109 5201 1263 5255 laetus
1306 5209 1360 5254 et
1390 5200 1570 5254 alacer
1599 5211 1740 5266 esto,
1775 5211 1829 5255 et

243 5292 512 5362 quidquid
539 5293 586 5345 vi
623 5294 764 5362 ignis
792 5292 927 5347 ellici
962 5303 1162 5362 potest,
1192 5293 1349 5348 hodie
1397 5303 1450 5347 et
1479 5309 1600 5348 cras
1633 5310 1698 5348 ne
1744 5295 1828 5348 in-

244 5383 608 5445 termittatur,
648 5391 708 5436 ut
741 5365 1076 5446 lielepolibns
1110 5381 1333 5447 muenia,
1376 5389 1638 5448 quantum
1696 5394 1828 5449 pos-

243 5483 403 5535 sunt,
430 5483 751 5530 alterantur.
799 5494 816 5526 ι
858 5474 956 5527 llic
1001 5488 1181 5529 sermo
1211 5483 1266 5527 et
1295 5472 1586 5526 consilium
1630 5487 1829 5524 aluerat

245 5571 600 5622 vehementer
654 5567 879 5636 placuit,
921 5575 974 5621 et
1003 5569 1244 5620 animum
1279 5565 1396 5633 ejus
1423 5581 1452 5618 e
1476 5565 1655 5634 priore
1685 5555 1823 5618 uia:-

244 5659 396 5714 stitia
432 5661 629 5729 gaudio
660 5660 894 5730 perfudit
921 5669 973 5713 et
1000 5658 1283 5714 recreavit.
1320 5658 1504 5726 Itaque
1545 5655 1826 5710 mandavit

242 5753 321 5815 ei,
355 5762 411 5807 ut
437 5768 498 5807 ea
538 5752 652 5822 ipsa
680 5763 834 5807 nocte
861 5753 1038 5807 obiret
1067 5751 1366 5807 exercitum
1402 5765 1462 5804 et
1492 5749 1820 5817 exploraret,

244 5861 361 5913 quo
398 5848 582 5902 animo
627 5855 812 5904 essent
841 5847 1058 5903 milites.
1086 5845 1362 5915 lllejussis
1391 5843 1714 5907 obsecutus,
1741 5856 1825 5896 rc-

675 5993 706 6006 \

1937 1998 2179 2065 φύλακες
2209 2003 2638 2070 φυλαττέτωσαν
2670 2003 2992 2072 άγρύπνως.
3015 1997 3126 2056 Ἦν
3151 2003 3206 2056 δὲ
3253 2001 3413 2055 τοῦτο
3443 2004 3512 2071 τῇ

1934 2091 2141 2163 ἐϐδόμῃ
2183 2094 2278 2145 καὶ
2311 2095 2534 2163 είκοστῇ
2572 2094 2667 2148 τοῦ
2694 2095 2876 2149 Μαΐου
2904 2092 3136 2165 ὲσπίρσ..
3180 2093 3239 2146 ’0
3265 2092 3510 2162 δὲ’Ᾱμη-

1936 2185 2037 2251 ρᾶς
2067 2184 2382 2253 προστάξας
2406 2184 2473 2238 δι’
2497 2185 2627 2256 ὅλης
2651 2185 2874 2256 ἐκείνης
2927 2184 3029 2256 τῆς
3058 2185 3254 2247 νυκτὸς
3283 2183 3378 2237 καὶ
3408 2183 3512 2254 τῆς

1935 2274 2206 2347 ἐπιούσης
2237 2276 2455 2346 ἡμέρας
2485 2276 2644 2345 φῶτα
2690 2277 2787 2331 καὶ
2813 2275 3019 2345 φανοὺς
3067 2277 3362 2344 ποιήσωσι,
3412 2274 3510 2327 καὶ

1933 2363 2155 2432 νήστεις
2181 2364 2252 2416 δι’
2283 2365 2415 2434 ὅλης
2449 2365 2550 2435 τῆς
2579 2362 2798 2436 ήμέρας
2830 2361 3196 2416 διατελέσωσι
3220 2361 3316 2414 καὶ
3341 2360 3510 2414 ἑπτά-

1933 2471 2024 2516 κις
2065 2453 2360 2516 λουσθῶσι,
2417 2455 2514 2508 καὶ
2570 2453 2666 2507 τοῦ
2712 2452 2849 2507 Θεοῦ
2885 2454 3104 2522 νήστεις
3129 2452 3228 2505 καὶ
3273 2450 3510 2522 καθαροὶ

1932 2544 2227 2612 δεηθῶσιν,
2252 2545 2400 2609 ὅπως
2428 2543 2528 2615 τήν
2564 2543 2720 2597 πόλιν
2748 2544 3048 2611 νικήσωσιν
3064 2558 3080 2574 ο
3103 2541 3131 2594 ὃ
3149 2541 3246 2594 καὶ
3266 2541 3504 2609 ἐγένετο.

1931 2637 2009 2706 Τῇ
2043 2635 2102 2688 δὲ
2130 2635 2362 2707 δευτέρᾳ
2399 2635 2641 2707 ἑσπέρας
2676 2637 2768 2688 ἐπὶ
2792 2618 2893 2700 τὴν
2917 2633 3074 2704 ήλίου
3104 2633 3258 2685 δύσιν
3294 2630 3434 2701 μετά
3450 2630 3509 2682 τὸ

1931 2729 2228 2798 ἀριστῆσαι
2259 2729 2459 2792 αὐτοὺς
2493 2730 2521 2782 δ
2546 2730 2642 2782 οὖν
2674 2729 2900 2798 ἀμηρᾶς
2929 2726 3150 2788 σταθεὶς
3177 2723 3508 2795 δημηγορῶν

1931 2820 2105 2873 ταῦτα
2131 2821 2234 2888 ἔφη
2255 2835 2270 2850 ·

2003 2911 2066 2965 ε’.
2095 2906 2166 2964 Ὦ
2191 2910 2361 2964 τέκνα
2385 2910 2643 2981 φίλτατα,
2671 2909 2823 2978 παρὰ
2846 2907 2942 2962 τοῦ
2974 2907 3112 2961 Θεοῦ
3154 2908 3249 2961 καὶ
3277 2906 3374 2961 τοῦ
3415 2909 3508 2962 αὐ-

1930 3002 2025 3056 τοῦ
2053 3003 2340 3074 προφήτου
2369 3002 2620 3073 Μωάμεθ
2654 3003 2750 3056 καὶ
2785 3001 2920 3070 ἐμοῦ
2970 3000 3063 3054 τοῦ
3097 2999 3286 3054 δούλου
3341 2999 3508 3054 αὐτοῦ

1929 3088 2122 3160 δέομαι
2145 3091 2241 3145 καί⁹
2269 3091 2579 3162 παρακαλῶ
2603 3092 2748 3161 ὑμᾶς
2784 3091 2870 3144 ίνα
2901 3090 2996 3143 ἐπὶ
3018 3091 3119 3159 τὴν
3148 3089 3339 3160 αῦριον
3355 3089 3508 3154 ἄξιον

1933 3181 2099 3251 ἔργον
2160 3182 2384 3253 μνήμης
2432 3181 2652 3237 αἰωνίου
2700 3182 2990 3252 ποιήσητε,
3043 3180 3119 3244 ὡς
3157 3183 3250 3235 καὶ
3297 3181 3348 3233 οἱ
3402 3179 3510 3251 πρὸ

1859 3255 1902 3314 c
1940 3272 2103 3342 ήμῶν
2135 3271 2415 3343 πανταχοῦ
2470 3271 2576 3337 ἕως
2623 3269 2721 3325 τοῦ
2756 3271 2870 3338 νῦν,
2928 3269 3005 3335 ὡς
3069 3269 3304 3339 φανερόν
3333 3269 3505 3330 ἔστιν.

1935 3456 2036 3510 diit
2063 3461 2153 3519 et,
2184 3472 2204 3506 ι
2242 3453 2520 3518 Lustravl,
2544 3451 2741 3521 inquit,
2774 3459 2824 3505 et
2855 3449 3131 3519 explorari
3184 3449 3506 3504 exercitum.

1938 3546 2052 3600 l’loc
2077 3547 2217 3601 scito
2234 3556 2449 3614 :‘pugna
2470 3545 2593 3599 laeto
2610 3543 2816 3603 animo.
2837 3551 2990 3597 stata
3014 3541 3172 3595 nobis
3191 3539 3440 3596 vlctoria.
3483 3557 3504 3594 ι

1935 3635 2238 3706 Respondit
2266 3616 2541 3690 Amerasr
2573 3651 2593 3684 ι
2632 3633 2752 3686 Jam
2790 3633 2974 3702 igitur,
3012 3633 3084 3684 mi
3114 3631 3316 3699 Sogan,
3346 3631 3392 3687 si
3427 3631 3510 3684 vi-

1935 3727 2095 3781 detur
2122 3727 2241 3790 tibi,
2275 3741 2374 3781 nos
2398 3739 2614 3795 quoque
2647 3723 2924 3777 fortunam
2957 3737 3104 3775 nttnc
3129 3722 3504 3791 exploremus,

1935 3829 1992 3871 ut
2021 3833 2436 3887 cognoscamus,
2468 3817 2748 3886 placeatne
2781 3815 2852 3880 ei,
2883 3829 2984 3868 nos
3003 3814 3284 3884 adjuvare,
3321 3823 3380 3867 ut
3404 3813 3506 3867 ad.

1929 3911 2084 3979 juvat
2103 3909 2243 3964 alios
2269 3910 2492 3962 multos.
2530 3908 2709 3973 Quare
2728 3907 2880 3960 mitte
2903 3905 3149 3960 Galatam
3173 3905 3505 3971 custodiam,

1935 4015 2003 4054 ne
2037 3999 2176 4053 clam
2201 4001 2305 4051 huc
2334 3997 2610 4065 trajiciant
2639 4004 2693 4050 et
2718 3995 2837 4049 urbi
2866 4010 3022 4074 opem
3059 3994 3258 4048 ferant.
3305 4013 3323 4045 ι

2005 4089 2098 4146 llis
2130 4087 2350 4152 auditis,
2380 4088 2461 4142 Ali
2486 4087 2674 4142 Pasias
2706 4101 3036 4156 magnopere
3074 4085 3270 4151 doluit,
3303 4084 3508 4154 pudore

1933 4195 2138 4248 motus,
2171 4181 2316 4248 quod
2348 4179 2524 4248 Sogan
2563 4179 2729 4250 pasia:
2786 4177 3057 4234 sententia
3110 4177 3510 4247 praevaluisset,

1933 4275 2323 4344 constituitque
2349 4289 2414 4328 ex
2467 4272 2694 4337 invidia,
2727 4279 2808 4337 ut,
2855 4271 2900 4327 si
2933 4278 3138 4341 posset,
3199 4269 3506 4339 impediret,

1933 4383 2002 4423 ne
2043 4366 2169 4436 quid
2222 4365 2556 4435 proﬁcerent
2611 4363 2880 4436 adversus
2912 4362 3123 4418 urbem.
3175 4361 3508 4431 Signiﬁcavit

1934 4459 2274 4531 imperatori,
2307 4459 2438 4530 quid
2487 4457 2801 4523 accidisset,
2857 4471 3094 4527 eumque
3124 4455 3371 4510 hortatus
3397 4461 3504 4518 est,

1933 4570 2000 4608 ne
2034 4561 2326 4621 metueret,
2354 4556 2611 4621 quoniam
2642 4551 2695 4605 in
2723 4549 2879 4606 bellis
2907 4549 3054 4604 varia
3080 4559 3135 4604 et
3176 4563 3378 4618 anceps
3396 4545 3510 4601 for-

1937 4658 2066 4702 tuna
2100 4649 2302 4703 soleret
2333 4662 2478 4702 esse.
2513 4645 2746 4700 Proinde
2790 4643 3044 4699 custodes
3099 4642 3354 4697 excubias
3384 4656 3509 4710 per-

1928 4739 2122 4810 vigiles
2147 4746 2405 4809 agerent.
2433 4737 2715 4806 Agebatur
2743 4736 2844 4790 hoc
2871 4749 3093 4802 vespera
3125 4732 3366 4788 vicesimi
3391 4747 3508 4802 sep-

1930 4830 2046 4885 timi
2081 4829 2187 4884 diei
2232 4829 2437 4884 mensis
2489 4828 2636 4899 Maii.
2673 4829 2904 4881 Ameras
2951 4827 3256 4896 imperavit,
3321 4835 3381 4880 nt
3408 4841 3506 4896 per

1931 4933 2097 4978 totam
2126 4939 2245 4978 eam
2272 4931 2488 4976 noctem
2521 4927 2576 4976 et
2608 4928 2928 4991 sequentem
2955 4921 3096 4973 diem
3151 4920 3304 4989 Ignes
3330 4917 3508 4973 faces-

1929 5032 2033 5085 que
2058 5017 2333 5080 arderent,
2364 5015 2567 5069 milites
2591 5022 2708 5068 toto
2737 5013 3160 5084 die'jejunarent
3183 5021 3238 5065 et
3262 5013 3507 5068 lavaren-

1931 5118 2016 5163 tur
2042 5109 2262 5178 septies,
2286 5122 2348 5161 ac
2382 5105 2544 5159 Deum
2573 5104 2738 5171 jejuni
2770 5105 2972 5173 lotique
2997 5102 3316 5169 suppliciter
3341 5112 3506 5168 roga-

1932 5209 2052 5254 rent
2076 5198 2534 5268 expugnationem
2570 5195 2742 5250 urbis.
2786 5194 2862 5248 Ita
2897 5207 3020 5246 cum
3081 5189 3282 5243 factum
3334 5194 3501 5250 esset,

1931 5295 2104 5350 altera
2159 5308 2385 5362 veSpera
2420 5293 2522 5346 sub
2567 5304 2824 5344 occasum
2879 5286 3013 5342 solis
3045 5295 3164 5355 post
3211 5282 3502 5354 prandium

1930 5403 2144 5443 ameras
2177 5387 2334 5438 talem
2369 5384 2434 5437 ad
2463 5384 2664 5436 milites
2698 5380 3020 5436 concionem
3052 5376 3239 5430 habuit
3271 5389 3287 5428 :

2004 5480 2057 5535 5.
2093 5497 2112 5530 ι
2155 5477 2274 5532 Filii
2313 5475 2677 5538 dilectissimi,
2706 5489 2802 5543 per
2842 5473 3013 5526 Deum
3042 5480 3095 5524 et
3118 5469 3501 5532 Moltametem,

1930 5569 2252 5641 prophetam
2277 5568 2418 5638 ejus,
2456 5575 2648 5628 etme,
2675 5563 2920 5633 ejusdem
2970 5576 3212 5625 servum,
3270 5563 3502 5613 obsecro

1928 5675 2027 5713 vos
2052 5660 2371 5728 hortorque,
2398 5667 2456 5711 ut
2473 5656 2713 5710 crastino
2736 5655 2824 5710 die
2839 5669 2949 5708 rem
2966 5652 3238 5722 peragatis
3255 5649 3497 5705 omnium

1929 5752 2254 5806 sreculorum
2283 5748 2544 5805 memoria
2573 5748 2814 5817 dignam,
2843 5733 3035 5816 quales
3057 5746 3122 5798 ad
3148 5745 3291 5798 hunc
3324 5756 3500 5808 usque

1931 5842 2073 5898 diem
2117 5838 2543 5914 majorcsubivls
2575 5837 2771 5896 fecisse
2805 5837 3062 5921 constat,
3087 5843 3140 5891 et
3191 5832 3378 5930 alac'ri,
3402 5844 3496 5901 ge-
