3916 6196
376 328 485 391 863

1614 331 1939 395 GEORGII
1978 332 2412 396 ΡΗΒᾹΝΤΖΒ

3531 339 3647 402 86$

374 441 658 510 ἐποίησαν,
687 442 780 494 xal.
812 443 951 513 μετά
975 445 1290 526 προθυμίας
1321 448 1417 503 καὶ
1444 454 1828 523 γενναιότητος
1850 454 1952 510 καὶ
1979 457 2026 513 Α
2052 451 2320 517 λάξαντες
2395 445 2537 521 ἦσαν
2620 450 2762 506 κατά
2836 451 2936 522 τὴν
2967 484 2975 491 -
3010 453 3238 507 ἐκείνων
3306 453 3601 509 διάλεκτον
3626 474 3645 493 ο

380 531 800 602 μεγαλοψυχίας
833 534 962 598 τοὺς
994 537 1212 606 τείχους
1241 539 1452 596 ἄνωθεν
1514 546 1652 613 μετά
1699 546 1808 600 τῶν
1839 548 1955 601 κλι-

378 624 570 692 μάκων
604 614 683 689 ὡς
720 632 994 698 πτερωτοὶ
1037 632 1306 705 διέλθητε’
1370 636 1469 690 καὶ
1498 638 1598 709 τὴν
1630 640 1821 712 φήμην
1886 644 1953 710 ἢν

376 717 426 770 οί
460 717 562 785 πρὸ
619 719 801 787 ἡμῶν,
839 720 942 783 ’ὡς
976 722 1230 793 εἴπομεν,
1272 728 1578 798 ἐκέρδησαν
1629 733 1724 785 καὶ
1760 737 1788 787 6
1818 734 1957 797 Θεὸς

376 806 701 880 ἐχαρίσατο,
737 815 812 883 μὴ
847 814 1063 881 γένοιτο
1093 818 1180 870 ἵνα
1238 822 1401 889 ἡμεῖς
1453 824 1814 899 ἀπολέσωμεν
1848 829 1952 883 αὐ-

374 903 496 971 τὴν,
533 902 669 956 ἀλλά
700 905 938 973 μάλιστα
993 907 1090 961 νῦν
1119 912 1152 979 ἡ
1213 911 1333 982 ὥρα
1379 914 1610 984 ἤγγικεν
1644 920 1730 973 ῐνα
1779 921 1954 992 αὐτὴν

375 994 765 1058 πολυπλασίως
797 998 962 1067 270
984 1000 1333 1073 αὐξήσωμεν,
1374 1025 1392 1057 ι
1428 1008 1540 1060 Καὶ
1571 1009 1793 1079 ἐτέρους
1820 1012 1952 1065 πολ-

374 1083 502 1143 λοὺς
536 1085 727 1152 λόγους
766 1093 1204 1157 στρατιωτικοὺς
1260 1095 1442 1149 εἰπὼν
1482 1098 1669 1161 αὐτοῖς
1714 1100 1953 1171 διέγειρε

374 1177 604 1229 τούτους
666 1181 744 1241 είς
792 1182 1230 1252 μεγαλοψυχίαν,
1297 1189 1384 1242 ἵνα
1424 1191 1695 1256 γενναίως
1724 1196 1953 1265 πράξωο

378 1283 485 1321 σιν.
516 1264 647 1322 Εἶτα
680 1270 866 1337 λέγει’
905 1293 923 1324 ι
964 1277 1203 1331 Καί-ἐὰν
1230 1281 1321 1331 καὶ
1344 1282 1401 1344 ἐξ
1430 1283 1588 1350 ἡμῶν
1613 1264 1779 1349 τινες
1812 1288 1953 1341 ἀπο-

374 1360 709 1425 κτανθῶσιν,
740 1364 812 1427 ώς
832 1366 951 1428 ἔθος
986 1368 1134 1421 ἐστὶν
1164 1371 1221 1421 ἐν
1248 1374 1361 1435 τοῖς
1395 1374 1681 1444 πολέμοις,
1704 1394 1955 1449 γεγραμ-

378 1452 541 1517 μένον
574 1451 667 1503 ὲπὶ
703 1455 801 1522 τῆς
835 1459 1085 1526 κεφαλῆς
1145 1462 1332 1526 αὐτοῦ,
1398 1466 1577 1530 καλῶς
1633 1470 1814 1524 οἴδατε
1864 1472 1954 1527 διὰ

374 1539 472 1592 τοῦ
513 1544 785 1612 ἡμετέρου
818 1551 990 1629 κορᾶν
1038 1553 1094 1604 τί
1151 1570 1316 1624 φησιν
1361 1559 1388 1610 6
1445 1561 1758 1631 προφήτης,
1812 1564 1953 1617 ὃτιὸ

376 1632 671 1688 ἀποθανὼν
700 1638 758 1689 ἐν
791 1627 970 1711 καιρῷ
1004 1645 1236 1715 τοιούτῳ
1291 1627 1570 1719 ὁλόσωμος
1621 1627 1794 1724 ἐν’τῷ
1849 1674 1955 1710 πα-

376 1723 615 1815 ραδείσῳ
663 1729 805 1796 μετὰ
877 1731 969 1785 τοῦ
1024 1736 1273 1805 Μωάμεθ
1322 1740 1619 1813 ἀριστήσει
1660 1723 1775 1800 καῖ
1810 1750 1948 1815 πιεῖ,

374 1813 467 1864 καὶ
499 1817 639 1883 μετά
675 1819 885 1874 παίδων
915 1825 1010 1877 καὶ
1062 1827 1200 1894 μετὰ
1248 1833 1525 1896 γυναικῶν
1576 1835 1799 1906 ὡραίων
1859 1813 1952 1893 καῖ

372 1903 662 1971 παρθένων
697 1910 754 1962 ἐν
787 1912 939 1982 τόπῳ
988 1915 1200 1987 χλοερῷ
1236 1922 1334 1974 καὶ
1393 1903 1797 2000 μεμυρισμένῳ
1855 1932 1953 1985 ἀν·

376 1994 528 2049 θεσιν
560 2000 873 2074 ἀναπαυθῇ,
913 2008 1005 2059 καὶ
1038 2011 1096 2061 ἐν
1121 2010 1373 2082 λουτροῖς
1422 1994 1783 2085 ὡραιοτάτοις
1833 2020 1953 2076 λουο

377 2086 501 2157 σθῇ,
535 2092 627 2144 καὶ
665 2095 724 2146 ἐν
755 2098 950 2169 ἐκείνῳ
1005 2102 1082 2173 τῷ
1112 2106 1262 2176 τόπῳ
1297 2108 1360 2160 ἐκ
1413 2108 1554 2163 Θεοῦ
1612 2112 1726 2177 ἔξει
1754 2114 1951 2169 ταῦτα.

388 2180 661 2239 Ἐνταῦθα
705 2187 761 2241 δέ
801 2190 969 2245 πάλιν
1008 2194 1067 2259 ἐξ
1127 2198 1271 2267 ἐμοῦ
1325 2201 1436 2264 πᾶς
1469 2203 1497 2256 6
1548 2204 1683 2272 ἐμὸς
1724 2206 1954 2277 στρατὸς

374 2272 470 2326 καὶ
496 2275 761 2345 ἄρχοντες
812 2283 913 2351 τῆς
970 2286 1143 2356 αὐλῆς
1208 2308 1333 2359 μου,
1393 2293 1489 2347 ἐὰν
1535 2272 1872 2366 νικήσωμεν,
1925 2302 1954 2353 6

378 2367 574 2433 μισθὲς
604 2368 663 2423 ὃν
696 2372 879 2438 ἕξουσι
914 2378 1047 2447 παρ’
1097 2381 1253 2450 ἐμοῦ,
1320 2385 1461 2439 κατά
1505 2387 1605 2457 τὴν
1657 2390 1955 2458 ἀναλογίαν

376 2458 613 2550 ὲκάστρυ
640 2463 945 2550 διπλασίων
991 2470 1146 2526 ἔσται
1186 2466 1249 2528 οὗ
1278 2476 1346 2530 τὰ
1376 2477 1474 2531 νῦν
1505 2478 1715 2550 ἔχουσι,
1754 2482 1814 2545 ὃς
1846 2484 1955 2537 ἀπὸ

374 2544 471 2595 τοῦ
504 2544 602 2599 νῦν
628 2548 862 2619 ἄρξηται
896 2555 1001 2619 ἕως
1026 2558 1216 2624 τέλους
1245 2562 1348 2632 τῆς
1403 2544 1567 2635 ζωῆς-
1597 2544 1803 2624 αὐτῶνς
1846 2572 1956 2626 Καὶ

386 2635 624 2706 ἡμέραις
652 2644 832 2709 τρισὶν
859 2649 891 2717 ἡ
917 2649 1069 2714 πόλις
1106 2656 1258 2706 πᾶσα
1287 2656 1441 2725 ὑμῶν
1498 2659 1700 2714 ἔσεται.
1756 2663 1869 2715 Καὶ
1902 2664 1955 2717 εί

374 2741 425 2779 τι
452 2726 500 2778 δ’
518 2727 586 2782 ἂν
610 2733 948 2805 σκυλεύσητε
1001 2742 1094 2793 καὶ
1118 2742 1318 2816 εὕρητε
1381 2750 1611 2817 χρυσίου
1654 2752 1749 2805 καὶ
1781 2754 1953 2823 ἀργυσ

377 2818 499 2886 ρίου
536 2821 732 2887 σκεῦος
793 2830 887 2880 καὶ
937 2831 1263 2903 ίματισμὸν,
1333 2841 1728 2909 αἰχμαλώτους
1772 2818 1833 2897 τέ
1864 2818 1953 2902 άν-

373 2909 508 2978 δρας
537 2915 631 2965 καὶ
666 2921 951 2984 γυναῖκας,
989 2926 1222 2993 μικρούς
1266 2946 1324 2981 τε
1348 2931 1441 2984 καὶ
1466 2934 1757 3001 μεγάλους,
1776 2939 1953 3003 οὐδεὶς

378 3001 639 3089 δυνηθείη
672 3007 871 3074 αὐτοὺς
909 3012 1037 3083 ὑμῖν
1087 3017 1313 3088 αίτῆσαι
1371 3022 1403 3093 ἡ
1453 3041 1505 3078 τι
1550 3027 1843 3098 ἐνοχλῆσαι
1873 3001 1954 3093 είς

2068 565 2087 599 ι
2126 545 2292 600 Ἀλλὰ
2320 543 2492 597 ἀλλά·
2532 544 2791 613 Μεεμέτη
2824 544 3025 614 ρεσοὺλ
3052 543 3213 610 ἀλλὰ,
3254 564 3275 598 ι
3300 545 3645 602 τοῦτ’ἒοίστιν⁹

2081 657 2099 691 ι
2124 636 2186 692 '0
2217 636 2349 699 Θεὸς
2380 636 2488 689 τῶν
2520 636 2682 701 θεῶν,
2716 635 2813 690 καὶ
2838 637 2867 689 6
2892 637 3263 709 Μαχουμέτης
3291 639 3320 690 6
3348 640 3649 711 προφήτης

2058 728 2316 782 αὐτοῢ.«›

2133 819 2292 888 271
2350 817 2714 881 ’Δκούσαντες
2763 817 2821 871 δὲ
2860 819 3027 890 ἡμεῖς
3071 819 3130 874 ἐν
3197 823 3267 893 τῇ
3322 823 3478 875 πόλει
3533 823 3644 893 τῆς

2057 911 2333 979 τοσαύτης
2365 911 2616 980 κραυγῆς
2646 910 2784 964 ώσεὶ
2808 906 2945 982 ἦχον
2974 912 3154 981 μέγαν
3179 912 3485 985 Θαλάσσης,
3521 916 3643 968 ἐλο-

2059 999 2333 1069 γιζόμεθα
2358 1000 2413 1053 τί
2437 999 2547 1072 ἀρα
2584 1002 2725 1055 ἐστί·
2764 1003 2885 1071 μετ’
2919 1002 3103 1071 ὀλίγον
3128 1004 3187 1057 δὲ
3227 1005 3512 1075 ἐμάθομεν
3549 1005 3643 1076 βεο

2059 1091 2228 1154 ϐαίως
2269 1093 2365 1145 καὶ
2397 1093 2453 1145 ἐν
2478 1092 2715 1163 ἀληθείᾳ
2748 1094 2831 1146 ὅτι
2861 1093 2955 1146 ἐπὶ
2976 1093 3077 1163 τὴν
3104 1093 3301 1164 αὔριον
3329 1099 3360 1151 6
3384 1099 3640 1169 ’Δμηρᾶς

2058 1180 2324 1250 ἡτοίμασε
2347 1183 2609 1251 χερσαίόν
2638 1200 2698 1236 τε
2732 1184 2827 1237 καὶ
2841 1185 3061 1257 ὐδραῖον
3091 1187 3332 1257 πόλεμον
3362 1190 3637 1260 σφοδρὰ,

2056 1272 2183 1325 ὅσον
2217 1274 2365 1344 αὐτῷ
2389 1270 2456 1345 ἦν
2495 1276 2743 1344 δυνατὸν,
2775 1278 2946 1332 δῶσαι
2998 1282 3066 1349 τῇ
3119 1281 3296 1334 πόλει.
3342 1282 3539 1351 Ἡμεῖς
3581 1285 3642 1337 δὲ

2060 1360 2400 1431 θεωροῦντες
2421 1365 2682 1418 τοσοῦτον
2711 1366 2920 1435 πλῆθος
2948 1368 3061 1422 τῶν
3104 1369 3347 1437 ἀσεϐῶν,
3378 1371 3526 1441 λέγω
3560 1373 3641 1437 ὡς

2058 1454 2182 1520 ἐμοὶ
2213 1453 2383 1518 δοκεῖ,
2416 1456 2588 1518 ὅντως
2615 1459 2739 1511 καθ’
2784 1459 3022 1514 ἕκαστον
3065 1462 3226 1532 ἡμῶν
3284 1467 3643 1519 πεντακόσιοι

2057 1546 2154 1599 καὶ
2177 1547 2363 1600 πλεῖον
2386 1543 2527 1619 ἦσαν
2546 1550 2605 1614 ἐξ
2627 1551 2811 1604 αὐτῶν
2838 1568 2851 1582 ο
2872 1553 2969 1606 καὶ
2989 1554 3069 1617 είς
3098 1554 3199 1623 τὴν
3222 1556 3334 1609 ἀνω
3364 1558 3639 1627 πρόνοιαν

2057 1635 2243 1699 πάσας
2274 1638 2431 1706 ἡμῶν
2456 1638 2553 1702 τὰς
2577 1639 2795 1704 ἐλπίδας
2821 1640 3152 1714 ἀνεθέμεθα.
3175 1646 3285 1698 Καὶ
3307 1647 3641 1716 Προστάξας

2056 1726 2085 1777 6
2112 1724 2373 1794 βασιλεὺς
2410 1728 2500 1782 ἵνα
2528 1729 2667 1798 μετά
2690 1731 2801 1783 τῶν
2837 1732 3011 1800 ἁγίων
3035 1734 3131 1789 καὶ
3159 1737 3377 1791 σεπτῶν
3398 1741 3643 1793 εἰκόνων

2061 1816 2294 1871 καὶτῶν
2328 1817 2495 1872 θείων
2527 1821 2951 1892 ἐκτυπωμάτων
2992 1825 3180 1897 ἱερεῖς,
3210 1829 3491 1899 ἀρχιερεῖς
3535 1833 3645 1884 καὶ

2062 1909 2312 1979 μοναχοὶ,
2350 1913 2609 1979 γυναῖκές
2643 1931 2707 1968 τε
2733 1916 2828 1967 καὶ
2854 1917 3066 1982 παιδία,
3094 1918 3232 1987 μετά
3257 1920 3516 1991 δακρύων
3545 1925 3643 1976 διὰ

2061 1998 2170 2052 τῶν
2222 2001 2422 2072 τειχῶν
2476 2003 2579 2071 τῆς
2636 2004 2849 2069 πόλεως
2886 2009 3310 2078 περιερχόμενοι
3361 2013 3420 2065 τὸ
3456 2013 3640 2081 Κύριε

2059 2094 2287 2165 ἐλέησον
2313 2095 2453 2164 μετά
2486 2096 2744 2167 δακρύων
2774 2100 3033 2170 ἔκραζον,
3083 2104 3180 2156 καὶ
3207 2104 3302 2157 τὸν
3330 2105 3469 2159 Θεὸν
3522 2108 3645 2160 ίκέ-

2059 2204 2219 2241 τευον
2273 2189 2363 2242 ῖνα
2412 2190 2487 2261 μὴ
2534 2190 2622 2245 διὰ
2671 2191 2773 2255 τὰς
2800 2194 3081 2263 ἁμαρτίας
3131 2196 3294 2265 ἡμῶν
3328 2199 3639 2271 πἀραδώσῃ

2060 2278 2210 2347 ἡμᾶς
2239 2280 2320 2342 είς
2347 2282 2541 2351 χεῖρας
2571 2281 2781 2353 ἐχθρῶν
2810 2283 3032 2354 ἀνόμων
3065 2288 3161 2340 καὶ
3182 2289 3517 2344 ἀποστατῶν
3538 2292 3643 2344 καὶ

2036 2364 2037 2367 “
2063 2374 2458 2439 πονηροτάτων
2499 2375 2651 2444 παρά
2689 2377 2875 2430 πᾶσαν
2898 2376 2999 2448 τὴν
3027 2379 3154 2447 γῆν,
3181 2379 3301 2433 ἀλλ’
3331 2382 3494 2447 ἵλεως
3538 2401 3643 2452 γε·

2062 2461 2299 2531 νήσηται
2332 2465 2463 2533 ἡμῖν
2481 2468 2549 2536 τῇ
2582 2467 2919 2541 κληρονομία
2940 2470 3126 2525 αὐτοῦ.
3158 2474 3269 2526 Kal.
3295 2476 3435 2544 μετά
3464 2476 3638 2537 κλαυ-

2064 2552 2203 2623 θμοῦ
2239 2554 2511 2624 ἀλλήλους
2559 2558 2992 2631 ἀνεθαρῥύνοντο
3047 2563 3136 2618 ἵνα
3176 2564 3440 2635 ἀνδρείως
3482 2568 3641 2621 ἀντι-

2065 2643 2308 2697 σταθῶσι
2338 2647 2453 2707 τοῖς
2488 2647 2757 2712 ἐναντίοις
2794 2651 2886 2703 ἐπὶ
2913 2654 2978 2721 τῇ
3009 2652 3127 2724 ὥρᾳ
3157 2655 3255 2723 τῆς
3282 2658 3636 2724 συμπλοκῆς.

2073 2735 2309 2806 Ὀμοίως
2339 2738 2393 2791 δὲ
2425 2740 2522 2792 καλ⁸
2553 2742 2579 2793 6
2613 2738 2870 2810 βασιλεὺς
2910 2746 2977 2814 τῇ
3007 2745 3145 2815 αὐτῇ
3195 2745 3432 2818 ὀδυνηρᾷ
3466 2750 3640 2802 ἐσπέ-

2065 2845 2135 2898 ρᾳ
2187 2828 2287 2897 τῆς
2335 2829 2599 2901 δευτέρας
2652 2831 2888 2898 συνάξας
2944 2836 3157 2900 πάντας
3208 2838 3332 2901 τοὺς
3380 2842 3436 2892 ἐν
3486 2839 3636 2895 τέλει

2062 2918 2334 2987 ἄρχοντας
2366 2919 2463 2973 καὶ
2511 2922 2860 2992 ἀρχομένους
2900 2925 3219 2998 δημάρχους
3255 2930 3350 2981 καὶ
3409 2932 3641 2985 ἑκατον-

2061 3009 2300 3080 τάρχους
2323 3010 2420 3064 καὶ
2448 3010 2673 3080 ἑτέρους
2701 3016 3035 3086 προκρίτους
3091 3017 3427 3089 στρατιώτας
3456 3021 3641 3077 ταῦτα

373 3094 551 3151 οὐδέν.
592 3116 611 3149 ι
650 3100 762 3153 Καὶ
790 3103 1090 3168 τελειώσας
1131 3112 1228 3163 τοῦ
1276 3112 1458 3179 λέγειν
1494 3094 1711 3186 ὤμοσεν
1734 3094 1744 3098 ⁷
1768 3121 1953 3183 αὐτοῖς
1980 3141 2023 3198 ο
2060 3101 2191 3198 ἔφης

377 3186 616 3253 φυλάξαι
646 3191 714 3244 τά
745 3192 847 3246 ὅσα
878 3195 1066 3262 αὐτοῖς
1109 3198 1418 3266 διετάξατο.
1486 3208 1549 3260 Οί
1582 3207 1640 3260 δὲ
1679 3209 1952 3265 ἀκούσαν-

376 3295 471 3342 τες
500 3279 780 3351 ἐχάρησαν
812 3283 957 3350 λίαν,
1011 3289 1105 3341 καὶ
1156 3291 1214 3344 ἐν
1250 3295 1355 3364 μιᾷ
1398 3299 1550 3367 φωνῇ
1572 3299 1780 3363 πάντες
1816 3302 1953 3355 ἀλα-

380 3472 585 3514 ncroso
610 3469 662 3515 et
700 3460 824 3518 forti
847 3464 1034 3520 animo
1068 3470 1268 3526 mmnia
1322 3487 1418 3541 per
1452 3474 1636 3531 scalas
1688 3485 1950 3549 tanquam

381 3550 543 3605 alites
575 3553 913 3618 escendatis,
947 3573 1083 3613 neve
1108 3560 1344 3629 accidat,
1370 3574 1435 3619 ‘ut
1487 3566 1743 3637 gloriam,
1777 3584 1806 3622 a
1838 3587 1954 3627 ma-

379 3640 618 3709 joribus,
656 3655 711 3699 ut
737 3646 875 3712 dixi,
918 3651 1205 3719 qnmsitam
1230 3664 1283 3709 et
1316 3671 1345 3709 a
1373 3656 1484 3713 Deo
1513 3660 1798 3728 donatam,
1836 3680 1953 3729 nos

381 3750 527 3790 nunc
553 3737 889 3808 amittamus,
920 3757 1045 3797 cum
1073 3746 1273 3802 eximie
1307 3751 1567 3819 augendae
1589 3753 1708 3822 ejus
1739 3764 1954 3824 tempus

383 3825 544 3879 adsit.
574 3845 591 3877 ι
630 3827 767 3883 Aliis
815 3830 999 3886 muttis
1030 3832 1250 3891 bellicis
1286 3840 1449 3894 dictis
1466 3840 1533 3895 ad
1570 3842 1950 3899 iortitudinem

380 3925 475 3968 eos
509 3916 825 3974 cohortatus
846 3928 949 3985 est,
978 3930 1038 3978 ut
1067 3933 1293 3981 strenue
1345 3941 1675 3999 pugnarent.
1736 3933 1949 3989 Deinde

382 4005 588 4061 addidit
628 4025 643 4062 :
691 4028 711 4060 ‹
758 4008 963 4077 Quodsi
1021 4018 1283 4074 nonnulli
1315 4021 1382 4076 de
1451 4023 1629 4088 nobis,
1700 4040 1822 4094 quae
1870 4036 1954 4081 est

383 4099 506 4152 belli
533 4112 767 4166 natura.
806 4107 1180 4177 occubuerint,
1230 4110 1370 4169 bene
1421 4114 1596 4170 nostis
1629 4130 1660 4170 e
1717 4131 1948 4184 corane,

381 4194 511 4260 quid
547 4195 614 4249 de
649 4196 731 4250 his
764 4200 1025 4268 pr0pheta
1056 4201 1203 4258 dicat
1240 4221 1252 4257 :
1288 4205 1383 4259 tali
1419 4213 1665 4276 tempore
1693 4210 1786 4278 qui
1837 4225 1954 4265 mo-

384 4286 575 4351 riatur,
606 4302 731 4342 eum
768 4305 890 4345 cum
925 4300 1038 4347 toto
1071 4308 1301 4365 corpore
1345 4297 1398 4351 in
1448 4300 1705 4365 paradiso
1762 4316 1946 4357 cmna-

2127 3189 2202 3256 ς’.
2241 3211 2259 3245 ι
2313 3191 2507 3263 Ὑμεῖς
2570 3195 2698 3266 μὲν,
2758 3196 3147 3265 εὐγενέστατοι
3219 3202 3485 3273 ἄρχοντες
3538 3208 3639 3259 καὶ

2056 3283 2811 3358 ἐκλαμπρότατοιδήμαρχοι
2843 3289 2940 3342 καὶ
2992 3296 3301 3364 στρατηγοὶ
3347 3296 3442 3349 καὶ
3503 3315 3633 3366 γεν-

2058 3464 2161 3519 hoc
2190 3474 2295 3533 est,
2334 3481 2355 3515 ι
2394 3463 2539 3521 Deus
2584 3465 2810 3523 deorum
2866 3478 2922 3525 et
2970 3468 3311 3529 Mahumetes
3363 3475 3634 3545 prapbeta

2056 3558 2200 3628 ejus.
2239 3577 2258 3610 ι

2126 3649 2263 3705 Cum
2296 3664 2394 3706 nos
2416 3649 2469 3703 in
2511 3650 2644 3707 urbe
2669 3661 2852 3708 tantos
2870 3653 3161 3721 clamores,
3186 3664 3447 3727 tanquam
3480 3674 3636 3727 mag-

2058 3755 2191 3794 num
2231 3742 2399 3794 maris
2430 3740 2732 3806 fremitum,
2764 3744 3105 3811 audiremus,
3139 3747 3268 3815 quid
3305 3747 3434 3802 illud
3458 3758 3634 3813 esset,

2056 3831 2457 3901 cogitabamus.
2483 3830 2588 3885 Sed
2639 3847 2762 3886 mox
2789 3842 2944 3887 certo
2973 3849 3039 3888 ac
3090 3850 3219 3890 vere
3246 3838 3633 3904 cognovimus,

2058 3919 2110 3973 in
2139 3919 2435 3973 crastinum
2472 3918 2616 3973 diem
2638 3919 2894 3981 Ameram
2917 3930 3178 3978 terrestre
3210 3932 3263 3977 et
3292 3926 3635 3980 maritimum

2056 4010 2280 4075 bellum,
2334 4019 2598 4080 quantum
2652 4020 2858 4079 posset,
2914 4012 3033 4066 urbi
3075 4029 3291 4082 parare.
3356 4014 3637 4073 lntuentes

2058 4113 2261 4157 tantam
2303 4103 2594 4172 impiorum
2629 4104 3036 4159 multitudinem
3068 4105 3292 4175 (dicam,
3324 4106 3470 4176 quod
3498 4108 3638 4162 mihi

2057 4196 2316 4265 videtur),
2350 4203 2410 4249 ut
2456 4195 2577 4251 sine
2607 4196 2774 4251 dubio
2816 4206 3008 4251 contra
3065 4196 3315 4263 singulos
3376 4206 3633 4252 n0struin

2057 4288 2241 4356 plures
2269 4287 2597 4358 quingentis
2628 4296 2954 4358 pugnarent,
2980 4288 3035 4341 in
3065 4303 3303 4357 superna
3336 4289 3637 4346 Providen-

384 4386 565 4433 turum
598 4390 652 4434 et
685 4381 985 4439 bibiturum
1022 4401 1142 4442 esse
1190 4403 1315 4443 cum
1359 4389 1684 4459 Mohamete,
1738 4403 1791 4448 et
1828 4409 1950 4449 cum

2065 4381 2129 4435 tia
2151 4394 2299 4449 spem
2332 4395 2550 4435 onmem
2575 4380 3005 4435 collocabamus.
3034 4378 3294 4449 Prmcepit
3312 4381 3639 4450 imperator.

384 4472 566 4538 pueris
594 4482 646 4525 et
672 4475 1031 4551 muliebribus
1072 4478 1328 4537 formosis
1354 4485 1765 4556 vnrginibusque
1791 4487 1843 4541 in
1863 4502 1951 4543 re-
1981 4472 2033 4532 D
2061 4480 2119 4527 ut
2139 4487 2262 4527 cum
2301 4471 2473 4528 sacris
2509 4479 2564 4527 et
2593 4472 2921 4529 venerandis
2957 4471 3290 4540 imaginibus
3314 4481 3369 4527 et
3400 4474 3639 4530 simula-

383 4558 544 4627 gione
575 4560 768 4616 virenti
794 4573 844 4618 et
872 4564 1099 4623 ﬂoribus
1129 4568 1392 4640 fragranti
1419 4574 1734 4642 quieturum
1785 4584 1841 4630 et
1878 4575 1952 4633 la-

2065 4565 2165 4619 cris
2193 4565 2524 4629 sacerdotes,
2558 4565 2813 4636 episcopi
2847 4575 2900 4621 et
2960 4566 3250 4627 monachi,
3284 4567 3551 4623 mulieres
3581 4578 3639 4624 et

384 4651 563 4704 vacris
597 4651 980 4720 pulcherrimis
1002 4672 1252 4715 usurum.
1276 4662 1457 4733 Atque
1487 4664 1612 4721 talia
1643 4665 1864 4734 quidem
1895 4666 1950 4720 in
2055 4656 2231 4725 pueri.
2254 4672 2376 4710 cum
2416 4657 2670 4728 Ῑίὶοΐῖίηιε
2706 4657 2847 4710 intra
2900 4657 3101 4711 πιαδηῖθ
3147 4657 3301 4712 urbis
3337 4661 3637 4725 οὒειιηῑθδι

384 4739 477 4793 illo
509 4741 630 4796 loco
663 4758 691 4797 a
714 4743 851 4799 “Deo
883 4748 1138 4819 accipiet.
1182 4753 1281 4807 Hic
1339 4766 1519 4809 autem
1574 4757 1753 4813 omnis
1796 4773 1953 4812 εχει·-
2055 4746 2216 4816 Κϊτίθ
2243 4748 2460 4802 ειεθεοη
2493 4747 2833 4801 damnare”
2877 4754 2932 4799 εί
2961 4746 3071 4801 "eo
3108 4746 3513 4848 supplicare?"
3568 4763 3637 4803 ne

382 4832 524 4888 citus
550 4844 604 4889 et
635 4837 773 4893 aulae
812 4854 1090 4909 proceres,
1159 4845 1204 4900 si
1256 4847 1573 4912 vicerimus,
1621 4850 1950 4918 stipendium
2055 4847 2275 4908 propter
2302 4845 2520 4906 peccata
2549 4844 2737 4889 nostra
2766 4835 2818 4888 in
2855 4835 3109 4889 inanibus
3134 4836 3376 4891 hostium
3415 4837 3636 4907 iniquo-

384 4926 577 4994 duplcx
609 4928 750 4995 ejus,
774 4932 918 4999 quod
959 4949 1105 4988 nunc
1128 4933 1348 4999 habent,
1387 4940 1677 5007 accipient,
1721 4940 1788 4993 ab
1851 4942 1954 4995 hoc

383 5020 508 5075 inde
533 5023 618 5076 die
649 5024 715 5079 ad
754 5026 913 5080 linem
941 5029 1061 5082 vitae
1084 5044 1276 5099 usque.
1313 5030 1449 5085 Tota
1477 5033 1606 5087 urbs
1632 5034 1808 5088 tribus
1839 5033 1957 5088 die-

385 5114 485 5168 bus
519 5124 696 5170 vestra
734 5119 856 5173 erit.
908 5119 986 5175 Ac
1019 5122 1065 5177 si
1126 5122 1248 5191 quis
1288 5124 1591 5193 spoliorum
1670 5126 1950 5195 quidpiam

388 5206 597 5277 legerit,
623 5223 747 5262 vasa
786 5225 949 5266 aurea
1009 5213 1086 5268 vel
1115 5225 1391 5285 argentea,
1449 5226 1621 5272 vestes
1669 5218 1949 5287 repererit,

390 5295 551 5360 viros,
579 5299 811 5357 feminas
848 5301 1091 5372 cujusvis
1120 5308 1297 5361 aetatis
1332 5311 1560 5377 ceperit,
1617 5324 1777 5364 nemo
1838 5310 1954 5365 haac

389 5403 480 5441 vos
516 5392 791 5458 postulare
815 5403 907 5448 aut
932 5392 1233 5453 molestiam
1270 5401 1421 5455 vobis
1456 5416 1644 5456 creare
1666 5402 1889 5471 poterit.
1932 5421 1951 5455 ι

392 5473 491 5537 Ulu’
528 5480 686 5558 tinem
717 5482 931 5539 dicendi
966 5483 1113 5552 fecit,
1149 5501 1498 5543 sacramento
1539 5504 1598 5543 se
1634 5489 1950 5558 obstrinxit,

393 5546 767 5629 facturumzse
826 5591 965 5640 esse,
1006 5593 1124 5647 qum
1172 5581 1539 5649 promisisset.
1596 5581 1796 5637 Milites
1856 5583 1956 5639 hac

388 5665 698 5721 conditione
737 5670 969 5725 miriﬁce
1011 5671 1198 5737 laetati,
1245 5690 1353 5727 uno
1382 5690 1475 5728 ore
1506 5676 1810 5729 clamarunt
1847 5676 1953 5730 lin-

392 5767 497 5822 gua
532 5770 676 5813 sua:
718 5776 736 5810 ι
796 5761 912 5815 Alia
973 5760 1120 5815 alia!
1172 5763 1498 5822 .‘llchcmctes
1544 5768 1690 5822 rest-1
1740 5768 1844 5821 ulla
1877 5768 1890 5821 !
1928 5787 1945 5821 ι

2058 4948 2174 4987 rum
2205 4941 2258 4986 et
2284 4931 2573 5000 impiorum
2612 4938 2685 4991 et,
2716 4944 2855 4997 quos
2878 4937 3023 4982 terra
3071 4926 3335 4995 sustinet,
3391 4930 3637 4983 scelera-

2060 5023 2395 5079 tissimorum
2430 5038 2530 5077 nos
2555 5023 2812 5085 traderet,
2848 5022 2939 5074 sed
2974 5020 3243 5089 propitius
3270 5027 3418 5073 esset
3450 5022 3635 5097 nobis,

2063 5115 2366 5169 haereditati
2403 5131 2535 5170 suae.
2572 5113 2804 5184 Insuper
2833 5110 3292 5181 collacrymantes
3317 5112 3555 5167 invicem
3576 5129 3636 5168 se

2060 5207 2507 5269 cohortabantur,
2542 5214 2599 5259 ut
2630 5214 2874 5272 tempore
2905 5204 3279 5257 committendi
3312 5204 3484 5272 praelii
3525 5204 3634 5258 for-

2061 5297 2185 5350 titer
2218 5297 2466 5352 hostibus
2494 5297 2846 5351 resisterent.
2880 5295 3155 5349 Caeterum
3184 5295 3350 5347 etiam
3393 5296 3633 5365 impera-

2060 5389 2412 5444 torluctuosa
2446 5389 2533 5444 illa
2565 5403 2813 5458 vespera,
2850 5388 3058 5443 coactis
3109 5388 3368 5443 omnibus
3421 5391 3634 5459 primu-

2059 5485 2231 5549 ribus,
2266 5484 2600 5553 principibus
2630 5493 2682 5537 et
2712 5482 2973 5548 subditis,
3032 5482 3296 5547 tribunis,
3346 5484 3635 5539 centurio-

2061 5580 2223 5633 nibus
2267 5588 2321 5633 et
2354 5576 2577 5647 reliquis
2630 5576 2921 5646 praecipuis
2965 5574 3257 5641 militibus,
3307 5577 3635 5632 concionem

2061 5670 2329 5729 habnitin
2371 5670 2516 5725 hunc
2547 5672 2766 5723 modum
2803 5686 2817 5724 :

2132 5765 2184 5819 6.
2226 5784 2244 5817 ι
2279 5763 2560 5833 Principes
2590 5759 2939 5828 nobilissimi,
2975 5760 3180 5817 tribuni
3206 5769 3260 5818 et
3294 5760 3501 5817 milites
3519 5761 3634 5817 cla-
