3920 6188
224 216 334 280 835

1232 209 1678 272 CIIRONICON
1714 205 1987 271 MAJUS.
2034 233 2102 243 --
2132 208 2279 269 LIB.
2325 206 2445 267 III.

3354 197 3462 263 866

227 330 505 383 ναιότατοι
544 322 946 396 συστρατιῶται
970 322 1064 378 καὶ
1079 325 1186 388 πᾶς
1212 326 1375 395 272
1410 327 1437 377 ὀ
1464 324 1657 387 πιστὸς
1691 324 1790 377 καὶ
1821 330 1863 387 Α
1894 323 2081 395 θερίαν
2111 324 2291 393 ἡμῶν.
2323 321 2520 392 Τρίτον
2551 316 2831 387 βασιλείαν
2862 315 2962 387 τὴν
2994 314 3122 369 ποτὲ
3178 314 3276 384 μὲν
3307 331 3463 384 περι-

227 423 419 491 τίμιος
442 418 593 483 λαὸς,
622 415 805 478 καλῶς
836 417 1018 471 οἴδατε
1049 417 1132 471 ὅτι
1156 417 1397 486 ἔφθασεν
1423 419 1455 486 ἡ
1492 417 1609 488 ὥρα
1637 416 1732 469 καὶ
1767 417 1795 468 ὀ

227 513 429 585 ἐχθρὸς
444 516 545 583 τῆς
575 511 816 574 πίστεως
845 510 1001 581 ἡμῶν
1034 510 1285 580 βούλεται
1321 510 1406 563 ἵνα
1438 509 1580 580 μετὰ
1612 508 1795 576 πάσης

228 610 430 677 τέχνης
486 605 581 658 καὶ
667 604 919 672 μηχανῆς
984 603 1349 672 ἰσχυροτέρως
1410 601 1799 669 στενοχωρήσῃ

227 698 404 766 ἡμᾶς,
437 696 532 749 καὶ
557 695 796 762 πόλεμον
830 692 1064 764 σφοδρὸν
1093 693 1232 762 μετὰ
1268 692 1592 762 συμπλοκῆς
1627 689 1799 758 μεγά-

226 790 331 856 λης
392 790 486 840 καὶ
536 785 859 856 συρρήξεως
901 788 965 837 ὲκ
1018 786 1118 854 τῆς
1149 785 1345 853 χέρσου
1398 784 1493 836 καὶ
1522 782 1799 849 θαλάσσης

227 881 381 950 δώσῃ
405 880 541 948 ἡμῖν
574 878 713 945 μετὰ
738 877 919 943 πάσης
944 876 1251 944 δυνάμεως,
1303 875 1413 938 ἵνα,
1450 875 1500 926 εἰ
1550 874 1797 937 δυνατὸν,

231 974 309 1033 ὼς
342 970 470 1039 om;
496 970 590 1021 τὸν
624 968 704 1021 ἰὸν
734 967 940 1037 ὲκχύσῃ
971 967 1066 1019 καὶ
1107 966 1182 1029 ὡς
1230 965 1366 1019 λέων
1396 966 1673 1034 ἀνήμερος
1701 981 1801 1018 κα-

228 1064 406 1130 ταπίῃ
440 1061 609 1128 ἡμᾶς.
644 1056 951 1129 [Βιάζεται]
984 1057 1072 1111 διὰ
1100 1056 1260 1110 τοῦτο
1293 1057 1438 1124 λέγω
1482 1059 1579 1112 καὶ
1630 1074 1804 1126 παρα-

231 1151 391 1205 καλῶ
419 1152 567 1220 ὑμᾶς
610 1151 698 1202 ἶνα
729 1150 1187 1221 στῆτείόωδρείως
1230 1151 1328 1203 καὶ
1363 1149 1502 1220 μετὰ
1546 1151 1802 1218 γενναίας

230 1242 447 1312 ψυχῆς,
477 1242 555 1304 ὡς
585 1241 822 1296 πάντοτε
844 1242 952 1304 ἓως
997 1241 1094 1295 τοῦ
1130 1244 1229 1295 νῦν
1285 1242 1609 1312 ἐποιήσατε,
1662 1240 1803 1293 κατὰ

233 1335 346 1389 τῶν
399 1332 612 1405 ἐχθρῶν
646 1333 747 1402 τῆς
800 1333 1041 1397 πίστεως
1092 1333 1271 1403 ἡμῶν.
1337 1333 1689 1403 Παραδίδωμι
1748 1331 1804 1384 δὲ

237 1427 373 1496 ὖμῖν
401 1425 503 1496 τὴν
563 1424 1032 1495 ὲκλαμπροτάτην
1080 1425 1174 1477 καὶ
1232 1424 1551 1495 περίφημον
1597 1423 1805 1491 ταύτην

239 1519 401 1571 πόλιν
442 1517 536 1569 καὶ
568 1516 807 1587 πατρίδα
836 1516 997 1583 ἡμῶν
1025 1518 1121 1569 καὶ
1148 1515 1547 1584 βασιλεύουσαν
1574 1514 1684 1567 τῶν
1712 1515 1806 1566 πό-

237 1605 403 1657 λεων.
434 1602 629 1665 Καλῶς
656 1597 751 1655 οὗν
812 1601 1016 1669 οἴδατε,
1048 1600 1291 1671 ἀδελφοὶ,
1322 1601 1401 1653 ὅτι
1427 1600 1515 1655 διὰ
1564 1601 1806 1670 τέσσαρά

1898 416 2064 484 φανῆ,
2094 414 2189 468 νῦν
2219 414 2273 467 δὲ
2300 412 2779 481 τεταπεινωμένην
2820 411 2914 462 καὶ
2944 406 3338 475 ὠνειδισμένην
3367 406 3464 457 καὶ

1900 506 2333 575 ὲξουθενημένην
2361 503 2751 570 ἀπωλέσαμεν,
2782 503 2876 555 καὶ
2920 502 3024 552 ύπδ
3051 500 3147 551 τοῦ
3194 497 3461 566 τυράννου

1900 597 1994 649 καὶ
2024 594 2255 657 άσεδοῦς
2311 592 2563 662 ἄρχεται.
2611 591 2890 660 Τέταρτον
2935 591 2992 643 δὲ
3045 589 3139 643 καὶ
3187 589 3464 656 φιλτάτων

1899 686 2105 739 τέκνων
2158 686 2252 739 καὶ
2307 684 2552 752 συμϐίων
2587 670 3015 749 καὶ’συγγενῶν
3064 679 3461 750 ὑστερούμεθα.

1902 780 2074 840 Αὐτὸς
2131 777 2187 829 δὲ
2246 778 2273 828 ὀ
2307 776 2658 844 ἀλιτήριοςπό
2706 776 2927 845 ἁμηρᾶς
2976 775 3313 841 πεντήκοντα
3372 772 3467 822 καὶ

1902 869 2041 921 ἑπτὰ
2069 868 2280 937 ἡμέρας
2316 866 2439 934 ἄγει
2474 867 2719 935 σήμερον
2748 865 2840 932 ἀφ’
2866 863 2925 916 οὖ
2949 865 3091 932 ἡμᾶς
3126 863 3295 913 ἐλθὼν
3333 861 3467 913 ἀπέ-

1903 963 2120 1015 κλεισεν
2148 961 2241 1012 καὶ
2279 958 2415 1026 μετὰ
2448 957 2629 1024 πάσης
2680 956 2933 1025 μηχανῆς
2980 955 3073 1006 καί
3114 952 3293 1021 ἰσχύος
3338 950 3464 1002 καθ’

1901 1053 2117 1123 ἡμέραν
2136 1068 2191 1104 τε
2216 1052 2310 1103 καὶ
2338 1049 2505 1102 νύκτα
2523 1049 2625 1101 οὐκ
2653 1045 2933 1099 ἐπαύσατο
2954 1045 3255 1113 πολιορκῶν
3276 1043 3425 1110 ἡμᾶς
3450 1058 3466 1071 ο

1905 1146 1996 1198 καὶ
2028 1145 2213 1215 χάριτι
2244 1142 2338 1196 τοῦ
2376 1143 2759 1194 παντεπόπτου
2796 1135 3038 1206 Χριστοῦ
3070 1135 3281 1201 Κυρίου
3311 1132 3467 1200 ἡμῶν

1904 1238 1968 1291 ὲκ
2001 1236 2109 1289 τῶν
2138 1234 2337 1303 τειχῶν
2361 1233 2500 1300 μετὰ
2521 1229 2783 1299 αἰσχύνης
2814 1229 2940 1298 ἄχρι
2970 1227 3065 1279 τοῦ
3091 1226 3184 1277 νῦν
3202 1224 3468 1282 πολλάκις

1905 1328 2093 1385 κακῶς
2126 1324 2493 1392 άπεπὶμφθη.
2527 1322 2610 1374 Τὰ
2653 1320 2747 1372 νῦν
2777 1319 2830 1371 δὲ
2874 1317 3058 1380 πάλιν,
3106 1315 3345 1382 ἀδελφοὶ,
3398 1314 3471 1381 μὴ

1906 1420 2233 1487 δειλιάσητε,
2284 1417 2375 1469 ἐὰν
2404 1417 2498 1469 καί
2544 1417 2723 1482 τεῖχος
2778 1412 3007 1481 μερόθεν
3038 1410 3215 1476 ὀλίγον
3247 1409 3310 1460 ἐκ
3358 1406 3473 1459 τῶν

1907 1512 2121 1580 κρότων
2158 1510 2251 1561 καὶ
2283 1508 2409 1560 τῶν
2432 1504 2738 1574 πτωμάτων
2770 1505 2878 1555 τῶν
2930 1501 3229 1554 ὲλεπόλεων
3284 1499 3469 1559 ἔπεσε,

1909 1605 2064 1666 διότι,
2085 1602 2160 1664 ὡς
2177 1601 2335 1670 ὑμεῖς
2365 1599 2643 1667 θεωρεῖτε,
2676 1595 2824 1648 κατὰ
2855 1595 2916 1646 τὸ
2948 1592 3169 1646 δυνατὸν
3202 1588 3473 1657 ὲδιωρθώ-

239 1711 366 1747 τινα
396 1691 673 1760 ὀφειλέται
698 1689 898 1751 κοινῶς
944 1691 1117 1759 ἔσμεν
1167 1688 1371 1750 πάντες
1408 1688 1497 1739 ἵνα
1530 1688 1804 1757 προτιμή-
1843 1672 1881 1725 Β
1910 1711 2088 1763 σαμεν
2118 1694 2279 1745 πάλιν
2330 1692 2480 1744 αὑτό.
2517 1689 2707 1758 Ἡμεῖς
2731 1689 2911 1741 πᾶσαν
2934 1686 3030 1755 τὴν
3058 1684 3245 1735 ἐλπίδα
3273 1684 3352 1743 εἰς
3378 1682 3473 1746 τὴν

246 1801 433 1853 σωμεν
462 1782 756 1837 ἀποθανεῖν
785 1781 989 1849 μᾶλλον
1018 1780 1052 1849 ἢ
1088 1780 1211 1850 ζῇν,
1248 1779 1465 1849 πρῶτον
1518 1780 1619 1848 μὲν
1665 1778 1807 1848 ὑπὲρ

239 1876 346 1945 τῆς
377 1875 616 1937 πίστεως
650 1874 810 1944 ήμῶν
839 1874 935 1926 καὶ
964 1870 1269 1935 εὐσεϐείας,
1302 1869 1555 1939 δεύτερον
1575 1870 1631 1923 δὲ
1665 1870 1805 1941 ὑπὲρ

244 1968 345 2035 τῆς
389 1965 671 2034 πατρίδος,
722 1964 908 2034 τρίτον
963 1962 1020 2016 δὲ
1070 1962 1211 2033 ὑπὲρ
1265 1960 1362 2014 τοῦ
1418 1961 1683 2031 βασιλέως
1730 1962 1807 2024 ὡς

245 2057 489 2126 Χριστοῦ
523 2056 747 2127 Κυρίου,
782 2055 878 2108 καὶ
909 2054 1172 2124 τέταρτον
1223 2052 1363 2123 ὑπὲρ
1394 2053 1676 2121 συγγενῶν
1714 2054 1809 2105 καὶ

245 2150 444 2217 φίλων.
467 2147 692 2209 Λοιπὸν,
726 2146 974 2215 ἀδελφοὶ,
998 2146 1093 2199 ἐὰν
1139 2144 1415 2215 χρεῶσται
1473 2145 1641 2212 ἔσμεν
1668 2144 1808 2213 ὑπὲρ

244 2240 370 2303 ἑνὸς
403 2241 466 2293 ἐκ
499 2239 612 2292 τῶν
665 2237 955 2307 τεσσάρων
999 2235 1366 2304 ἀγωνίζεσθαι
1410 2234 1517 2297 ἕως
1549 2234 1805 2298 θανάτου,

241 2331 430 2399 πολλῷ
458 2331 661 2400 μᾶλλον
694 2329 841 2399 ὑπὲρ
868 2327 1092 2385 πάντων
1112 2327 1320 2381 τούτων
1352 2328 1539 2396 ἡμεῖς,
1567 2326 1644 2388 ὡς
1685 2316 1808 2394 βλέο

156 2454 160 2457 -
235 2440 375 2478 πετε
405 2423 722 2495 προφανῶς,
742 2423 839 2476 καὶ
871 2422 935 2476 ἐκ
966 2422 1193 2476 πάντων
1224 2420 1493 2491 μέλλομεν
1524 2417 1811 2487 ζημιωθῆ-

234 2535 356 2571 ναι.
384 2516 523 2569 Ἐὰν-
545 2515 634 2571 διά
654 2517 723 2568 τὰ
755 2514 866 2584 ἐμὰ
888 2513 1343 2584 πλημμελήματα
1380 2510 1762 2581 παραχωρήσῃ
1782 2511 1809 2561 ὀ

233 2609 378 2671 Θεὸς
422 2609 522 2677 τὴν
569 2608 725 2677 νίκην
753 2608 865 2669 τοῖς
914 2605 1195 2670 ἀσεϐέσιν,
1241 2603 1379 2673 ὑπὲρ
1428 2602 1529 2669 τῆς
1572 2603 1809 2661 πίστεως

232 2701 403 2770 ἡμῶν
430 2702 529 2770 τῆς
548 2699 730 2768 ἁγίας,
760 2699 829 2768 ἥν
859 2697 1097 2768 Χριστος
1149 2697 1209 2749 ὲν
1258 2687 1334 2765 τῷ
1378 2694 1568 2763 οἰκείῳ
1611 2692 1807 2761 αἵματι

230 2792 405 2863 273
424 2794 559 2861 ἡμῖν
577 2785 1332 2859 ἔδωρήσατο,κινδυνεύομενο
1350 2785 1502 2837 ὅέστι
1513 2783 1810 2852 κεφάλαιον

231 2885 490 2937 πάντων.
517 2883 628 2936 Καὶ
654 2882 753 2934 ἐὰν
784 2880 876 2933 τὸν
910 2879 1120 2947 κόσμον
1160 2878 1280 2931 ὅλον
1321 2875 1563 2946 κερδήσῃ
1598 2890 1679 2933 τις
1712 2871 1809 2923 καὶ

228 2973 339 3042 τὴν
392 2972 571 3041 ψυχὴν
622 2969 898 3040 ζημιωθῇ,
950 2967 1006 3020 τί
1053 2967 1112 3020 τὸ
1140 2964 1367 3034 ὀφελος;
1408 2963 1671 3031 Δεύτερον
1703 2977 1809 3013 πα-

228 3062 396 3133 τρίδα
420 3062 626 3131 περίφη
635 3077 734 3131 μον
749 3058 1007 3122 τοιούτως
1031 3054 1412 3127 ὑστερούμεθα
1429 3054 1521 3107 καὶ
1541 3051 1639 3122 τὴν
1656 3050 1806 3104 ἐλευ-

228 3228 472 3308 rissimi,
506 3242 912 3315 commilitones
939 3235 1349 3310 generosissimi
1376 3242 1430 3291 et
1452 3247 1644 3289 omnes
1671 3231 1805 3286 lide-

227 3338 320 3394 les
342 3344 398 3390 et
436 3333 741 3388 honorandi
763 3334 914 3389 cives
949 3334 964 3386 ι
994 3332 1173 3386 Probe
1217 3328 1412 3393 nostis,
1428 3326 1644 3381 venisse
1666 3333 1804 3380 tem-

228 3441 365 3495 pus,
393 3439 503 3484 ouo
536 3424 660 3480 ﬁdei
690 3433 892 3479 nostra:
937 3422 1109 3477 hostis
1168 3419 1426 3474 omnibus
1475 3416 1688 3472 artibus
1742 3423 1797 3469 et

229 3522 513 3577 machinis
541 3518 916 3575 vehementius
954 3532 1055 3573 nos
1099 3529 1317 3586 urgere,
1361 3520 1417 3568 et
1474 3526 1639 3582 grave
1687 3509 1805 3564 hel-

229 3616 353 3669 lum
386 3626 585 3683 magno
627 3610 881 3667 conﬂictu
915 3619 967 3665 et
1016 3607 1319 3665 certamine
1346 3614 1493 3661 terra
1552 3604 1805 3672 marique

230 3720 457 3763 summa
482 3704 836 3761 contentione
865 3702 1023 3757 nobis
1055 3701 1260 3756 inferre
1315 3699 1584 3764 decrevit,
1648 3706 1727 3763 ut,
1759 3698 1806 3751 si

231 3799 437 3869 possit.
462 3806 720 3867 tanquam
751 3795 968 3867 anguis,
1003 3808 1275 3850 venenum
1301 3793 1357 3847 in
1411 3807 1512 3846 nos
1542 3790 1802 3853 etl'undat.

230 3899 314 3952 et,
347 3897 604 3958 tanquam
629 3888 859 3943 immitis
884 3887 992 3951 leo,
1024 3902 1127 3941 nos
1148 3885 1399 3941 devoret.
1451 3882 1634 3949 Quare
1670 3896 1804 3951 rogo

232 3991 291 4037 et
334 3981 529 4037 hortor
557 3996 676 4045 vos,
724 3990 786 4034 ut
810 3979 940 4035 forti
978 3990 1031 4033 et
1078 3992 1342 4049 generoso
1403 3976 1607 4037 animo,
1665 3973 1808 4028 sicut

234 4076 532 4142 hucusque
587 4086 805 4142 semper
860 4070 1095 4135 fecistis,
1154 4070 1404 4126 hostibus
1439 4069 1562 4122 lidei
1610 4075 1806 4120 nostra:

233 4163 538 4221 resistatis.
571 4162 751 4217 Trado
779 4172 833 4218 et
854 4162 1179 4217 commendo
1231 4160 1386 4215 vobis
1442 4158 1804 4213 clarissimam

232 4260 387 4313 hanc
415 4265 473 4311 et
496 4254 757 4311 illustrem
786 4255 999 4318 urbem,
1022 4253 1255 4323 patriam
1276 4238 1547 4315 nostram,
1581 4260 1636 4307 et
1664 4251 1806 4321 regi-

1907 1789 2119 1856 ἄμαχον
2150 1786 2309 1850 δόξαν
2338 1784 2432 1835 τοῦ
2460 1783 2595 1836 Θεοῦ
2625 1781 2950 1850 ἀνεθέμεθα,
2987 1772 3131 1831 οὗτοι
3165 1779 3222 1830 ὲν
3257 1776 3471 1843 ἅρμασι

1906 1881 2001 1933 καὶ
2021 1872 2166 1932 οὗτοι
2200 1880 2256 1931 ὲν
2285 1877 2477 1938 ἵπποις
2517 1875 2612 1929 καὶ
2645 1873 2874 1941 δυνάμει
2908 1874 3001 1925 καὶ
3044 1870 3262 1937 πλήθει,
3310 1870 3473 1935 ἡμεῖς

1906 1972 1960 2024 δὲ
1992 1972 2047 2023 ὲν
2076 1970 2296 2038 ὀνόματι
2348 1967 2548 2035 Κυρίου
2590 1966 2685 2019 τοῦ
2732 1964 2867 2017 Θεοῦ
2896 1964 2990 2015 καὶ
3037 1962 3283 2029 Σωτῆρος
3320 1959 3477 2026 ἡμῶν

1907 2061 2274 2130 πεποίθαμεν,
2296 2059 2447 2112 δεῦτε
2460 2075 2551 2128 ρον
2573 2057 2627 2110 δὲ
2655 2060 2750 2110 καὶ
2772 2059 2829 2108 ἐν
2850 2056 2968 2115 ταῖς
2992 2053 3290 2123 ἡμετέραις
3319 2052 3476 2119 χερσὶ

1907 2154 2002 2205 καὶ
2028 2150 2429 2221 ρωμαλεότητι,
2460 2150 2527 2220 ἢν
2558 2148 2873 2219 ἐδωρήσατο
2915 2147 3049 2215 ἡμῖν
3082 2147 3113 2213 ἠ
3168 2144 3288 2195 θεία
3315 2142 3481 2195 δύνει-ν

1909 2259 2024 2311 μις.
2052 2241 2312 2310 Γνωρίζω
2342 2239 2399 2294 δὲ
2445 2240 2528 2292 ὅτι
2570 2236 2710 2307 αὕτη
2759 2238 2793 2307 ἡ
2832 2235 3273 2307 μυριαρίθμητος
3306 2232 3490 2299 ἀγέλη,

1905 2335 2015 2388 τῶν
2050 2333 2285 2398 ἀσεὸῶν,
2333 2332 2515 2395 καθὼς
2555 2333 2588 2401 ἡ
2623 2330 2803 2383 αὐτῶν
2830 2329 3111 2399 συνήθεια,
3163 2324 3486 2378 ἐλεύσονται·

1909 2426 2034 2479 καθ’
2091 2424 2247 2495 ἡμῶν
2296 2422 2461 2493 274,
2510 2422 2647 2491 μετὰ
2702 2420 2975 2490 βαναύσου
3010 2417 3106 2472 καὶ
3158 2414 3491 2486 ἐπηρμένης

1906 2516 2110 2585 ὀφρύος
2139 2516 2234 2568 καὶ
2280 2513 2535 2583 θάρσους
2568 2511 2766 2564 πολλοῦ
2815 2512 2914 2564 καὶ
2948 2509 3092 2579 βίας,
3125 2509 3211 2561 ἵνα
3264 2507 3351 2560 διὰ
3378 2506 3492 2567 τὶνι

1907 2608 2192 2678 ὀλιγότητα
2223 2606 2380 2675 ἡμῶν
2410 2605 2640 2673 θλίψωσι
2662 2604 2755 2656 καὶ
2788 2604 2853 2656 ὲκ
2884 2604 2978 2654 τοῦ
3011 2606 3181 2654 κόπου
3214 2616 3479 2667 στενοχω-

1912 2700 2144 2768 ρήσωσι,
2190 2700 2283 2749 καὶ
2321 2697 2461 2767 μετὰ
2498 2694 2691 2763 φωνῶν
2737 2693 2989 2761 μεγάλων
3020 2693 3115 2744 καὶ
3145 2689 3483 2755 ἀλαλαγμῶν

1908 2790 2321 2859 ἀναριθμήτων,
2374 2788 2459 2841 ῑνα
2508 2788 2656 2854 ἡμᾶς
2704 2786 3007 2853 φοϐήσωσι.
3057 2783 3169 2844 Τὰς
3219 2780 3478 2841 τοιαύτας

1910 2882 2090 2936 αὐτῶν
2120 2881 2395 2952 φλυαρίας
2442 2880 2625 2941 καλῶς
2682 2879 2882 2942 οἴδατε,
2918 2877 3010 2929 καὶ
3036 2876 3095 2927 οὐ
3144 2874 3249 2944 χρὴ
3298 2874 3481 2940 λέγειν

1912 2974 2041 3046 περί
2063 2973 2289 3028 τούτων.
2324 2972 2434 3025 Καὶ
2454 2970 2572 3041 ὥρᾳ
2614 2969 2788 3036 ὀλίγοι
2815 2966 2989 3021 ταῦτα
3036 2954 3333 3034 ποιήσωσι,
3385 2964 3479 3015 καὶ

1910 3068 2313 3142 ἀναριθμήτους
2344 3065 2549 3135 πέτρας
2602 3064 2698 3116 καὶ
2731 3062 2893 3131 ἔτερα
2944 3058 3070 3129 βέλη
3103 3058 3198 3113 καὶ
3247 3055 3479 3111 ἑλεὸολί-

1910 3252 2233 3321 depressum
2273 3256 2327 3303 et
2370 3256 2611 3318 spretum
2655 3255 2708 3299 et
2743 3251 3117 3313 contemptum
3154 3241 3488 3303 amittimus,

1911 3344 1965 3399 in
1989 3351 2312 3413 potestatem
2362 3340 2575 3411 tyranni
2614 3349 2668 3393 et
2702 3338 2853 3406 impii
2884 3335 3124 3389 hominis
3180 3347 3487 3388 concessu-

1912 3451 2030 3491 rum
2060 3452 2074 3498 ;
2115 3444 2397 3506 postremo
2423 3432 2610 3487 liberis
2646 3428 3022 3492 amatissimis,
3054 3426 3382 3495 coniugibus
3425 3433 3485 3478 ct-

1911 3529 2164 3600 cognatis
2196 3527 2523 3597 spoliamur.
2563 3522 2660 3577 Est
2701 3531 2882 3575 autem
2938 3520 3057 3575 dies
3086 3517 3481 3588 quinquagesi-

1913 3638 2034 3675 mus
2066 3620 2357 3688 septimus,
2396 3633 2461 3672 ex
2496 3631 2604 3686 quo
2650 3615 2920 3669 scelestus
2973 3614 3073 3667 iste
3112 3625 3324 3666 ameras
3382 3623 3492 3661 nos

1911 3714 2166 3767 obsessos
2205 3720 2351 3766 tenet
2405 3718 2459 3763 et
2495 3707 2751 3761 omnibus
2795 3706 3063 3758 machinis
3117 3703 3373 3770 omnique
3430 3701 3479 3752 vi

1912 3803 1997 3856 die
2022 3817 2083 3854 ac
2107 3809 2269 3854 nocte
2294 3814 2393 3853 nos
2429 3810 2746 3866 Oppugnare
2775 3810 2879 3848 non
2936 3794 3154 3848 desistit
3208 3810 3221 3845 :
3260 3802 3316 3845 at
3364 3808 3477 3843 om-

1911 3895 2001 3948 nia
2028 3894 2288 3948 intuentis
2316 3892 2523 3947 Christi
2558 3891 2769 3943 Domini
2810 3887 2981 3957 gratia
3044 3887 3331 3954 hucusque
3383 3900 3483 3937 sm-

1914 3995 2211 4049 penumero
2237 3994 2360 4033 cum
2385 3979 2652 4032 dedecore
2677 3992 2705 4029 a
2750 3974 3024 4029 mcenibus
3070 3974 3320 4042 repulsus
3370 3986 3477 4026 est.

1913 4074 2259 4140 Quapmpter
2313 4085 2411 4125 nec
2464 4084 2630 4133 nunc,
2681 4069 2901 4131 fratres,
2939 4066 3120 4120 timori
3174 4068 3350 4118 locum
3398 4081 3491 4119 re-

1915 4165 2201 4232 linquatis,
2230 4162 2447 4217 etiamsi
2478 4161 2673 4216 mmnia
2728 4160 2909 4228 aliqua
2942 4173 3007 4213 ex
3046 4167 3198 4227 parte
3257 4167 3481 4225 propter

1914 4256 2245 4326 hclepolium
2270 4256 2462 4325 pulsus
2496 4264 2549 4309 et
2604 4255 2744 4309 ictus
2779 4260 3135 4317 corruerunt,
3189 4252 3487 4321 quoniam,

232 4362 367 4401 nam
402 4346 644 4400 urbium.
675 4344 794 4399 Non
825 4346 1110 4415 ignoratis,
1142 4343 1362 4411 fratres,
1410 4354 1648 4413 quatuor
1707 4360 1805 4399 no-
1839 4377 1883 4431 ι)
1914 4358 1976 4403 ut
2011 4348 2209 4403 videtis
2241 4348 2364 4416 ipsi.
2405 4362 2503 4417 pro
2532 4346 2822 4400 viribusea
2849 4344 3304 4398 instanravimus.
3345 4346 3477 4397 0m-

231 4438 487 4493 minibus
514 4439 877 4493 communiter
894 4453 1093 4493 omnes
1114 4452 1214 4492 nos
1237 4446 1465 4492 mortem
1506 4439 1628 4491 vita:
1649 4448 1806 4491 ante-

227 4544 446 4601 ponere
477 4530 697 4593 debere,
728 4532 967 4599 primum
991 4544 1087 4599 pro
1119 4528 1224 4584 [ide
1247 4538 1300 4583 et
1339 4528 1575 4599 pietate,
1595 4527 1799 4582 deinde

228 4636 337 4691 pro
369 4621 569 4690 patria,
596 4630 711 4675 tum
736 4636 832 4690 pro
866 4623 1195 4691 imperatore
1228 4630 1286 4675 ut
1316 4631 1483 4675 uncto
1506 4635 1667 4676 εει-ιο
1700 4619 1807 4675 Do-

225 4711 403 4777 mini,
422 4720 700 4780 postremo
719 4726 817 4781 pro
838 4713 1082 4783 cognatis
1111 4721 1162 4767 et
1192 4712 1404 4767 amicis.
1439 4710 1666 4777 Quodsi,
1699 4710 1807 4763 l'ra-

226 4813 382 4867 tres,
421 4816 521 4871 pro
579 4818 687 4856 una
748 4804 943 4857 harum
996 4813 1234 4873 quatuor
1287 4818 1471 4857 rerum
1526 4803 1807 4855 decertare

224 4908 414 4963 usque
434 4893 504 4947 ad
544 4909 731 4950 necem
754 4894 1040 4959 debemus,
1078 4895 1255 4950 multo
1282 4894 1480 4962 magis,
1510 4901 1571 4948 ut
1595 4892 1804 4961 liquido

221 4990 487 5052 apparet,
503 4998 601 5052 pro
632 4984 719 5039 his
745 4986 1001 5040 omnibus
1024 4995 1254 5040 mortem
1274 4998 1381 5037 non
1404 4982 1803 5039 recusabimus.

223 5075 288 5130 Si
314 5085 545 5144 propter
573 5075 772 5130 delicta
803 5090 923 5131 mea
954 5075 1097 5131 Dens
1123 5076 1409 5130 victoriam
1454 5074 1641 5143 impiis
1669 5090 1805 5129 con-

222 5165 486 5229 cesserit,
521 5165 575 5220 in
610 5177 797 5222 sancta
830 5168 932 5221 [ide
963 5178 1175 5233 nostra,
1208 5182 1371 5237 quam
1398 5167 1650 5224 Christus
1676 5184 1805 5223 san-

224 5257 407 5326 guine
440 5271 545 5315 suo
597 5258 761 5313 nobis
811 5261 1042 5328 paravit,
1100 5258 1475 5329 periclitamur
1532 5260 1625 5314 :id
1656 5260 1809 5328 quod

219 5350 483 5403 omnium
512 5359 675 5418 caput
706 5361 809 5406 est.
839 5349 974 5405 Nam
1044 5350 1090 5405 si
1135 5350 1261 5420 quis
1309 5360 1483 5407 totum
1537 5352 1801 5405 mundum

219 5438 502 5501 lucretur,
534 5442 733 5496 anima
764 5434 946 5497 autem
966 5440 1352 5496 detrimentum
1393 5441 1653 5511 patiatur,
1673 5443 1801 5513 quid

220 5528 307 5581 illi
337 5528 634 5597 proderit?
662 5530 913 5588 Secundo
966 5534 1087 5588 loco
1119 5533 1302 5589 inclita
1334 5534 1508 5605 patria
1535 5543 1590 5589 et
1616 5534 1787 5589 liber-

220 5628 343 5674 tate
385 5622 686 5703 privamur.
725 5624 910 5680 Tertio
934 5626 1218 5696 imperium
1234 5628 1615 5693 olimillustrc,
1654 5644 1795 5682 nunc

1911 4456 2031 4495 nem
2061 4456 2209 4509 spem
2260 4442 2313 4493 in
2342 4440 2510 4510 gloria
2542 4438 2740 4493 invicta
2793 4436 2887 4491 Dei
2932 4437 3342 4491 collocavinitts.
3399 4438 3488 4491 lllii

1906 4530 2185 4592 curribus,
2215 4530 2391 4599 equis,
2442 4528 2629 4595 copiis,
2675 4526 3031 4587 multitudini,
3066 4526 3187 4578 nos
3215 4525 3330 4589 Dei,
3371 4524 3481 4579 Do-

1908 4623 2039 4675 mini
2066 4633 2119 4675 et
2154 4622 2452 4676 Salvatoris
2483 4620 2678 4682 nostri,
2712 4618 2946 4680 nomini,
2999 4617 3201 4671 deinde
3252 4617 3485 4671 domum

1906 4713 2161 4767 manibus
2188 4721 2245 4765 et
2276 4712 2455 4765 robori
2489 4711 2728 4775 ﬁdimus,
2755 4726 2783 4765 a
2811 4710 2997 4763 divina
3041 4710 3287 4779 potentia
3321 4710 3487 4763 nobis

1905 4806 2143 4859 donatis.
2184 4804 2312 4858 Scio
2353 4804 2628 4873 equidem,
2671 4804 2812 4857 hanc
2851 4803 3305 4859 innumerabilem
3369 4803 3475 4857 im-

1906 4897 2121 4965 piorum
2152 4895 2365 4949 turbam
2392 4909 2542 4949 more
2572 4909 2675 4950 suo
2702 4903 2896 4948 contra
2931 4909 3030 4948 nos
3080 4910 3480 4961 processuram

1904 5002 2025 5043 esse
2064 5004 2188 5043 cum
2232 4987 2405 5052 fastu,
2440 4988 2586 5041 elato
2626 4988 2947 5057 supercilio,
2994 4988 3277 5055 spiritibus
3329 5006 3473 5056 Iung-

1906 5081 1991 5135 nis
2035 5088 2089 5135 et
2108 5081 2386 5144 violentia,
2434 5089 2617 5135 utnos
2652 5094 2856 5149 paucos
2881 5088 3110 5146 urgeant
3134 5088 3187 5132 et
3212 5080 3476 5131 aerumnis

1904 5182 2178 5240 premant,
2216 5172 2421 5241 ingenti
2448 5172 2575 5225 item
2608 5186 2732 5226 cum
2762 5171 3004 5225 clamore
3022 5178 3074 5223 et
3099 5169 3331 5231 ululatu,
3366 5185 3485 5235 quo

1904 5272 2115 5316 metum
2137 5264 2298 5317 nobis
2333 5264 2588 5332 injiciant
2623 5280 2639 5318 :
2688 5278 2827 5332 quas
2850 5276 3040 5315 eorum
3096 5274 3267 5327 nugas
3306 5260 3487 5326 probe

1902 5354 2099 5415 nostis,
2137 5362 2197 5406 ut
2222 5353 2358 5407 nihil
2385 5355 2634 5415 attineat,
2669 5354 2737 5406 de
2792 5352 2878 5406 his
2902 5352 3103 5403 dicere.
3154 5350 3270 5403 Non
3312 5348 3481 5417 pauci

1906 5453 2018 5497 tum
2052 5445 2123 5497 ita
2151 5442 2371 5507 facient,
2403 5456 2566 5513 atque
2592 5443 2799 5511 lapides
2830 5441 3166 5511 aliaquetela
3196 5440 3475 5508 etjacula.

1904 5546 1965 5590 ut
2007 5550 2170 5589 arena
2209 5535 2397 5598 maris,
2450 5536 2757 5596 innumera,
2811 5534 2863 5587 in
2901 5547 3001 5587 nos
3057 5531 3423 5599 conjicicntur
3455 5548 3475 5583 :

1904 5628 2102 5693 quibus
2132 5637 2313 5682 tamen
2339 5627 2475 5683 nihil
2531 5642 2629 5682 nos
2658 5627 2847 5682 lmsum
2914 5624 3242 5689 irironi‘ulo,
3298 5638 3486 5694 quan-
