3920 6188
298 208 401 271 869

1321 208 1765 272 CHIKONICUN
1805 206 2076 268 MAJUS.
2120 205 2360 271 -I.IB.
2394 207 2485 267 liI

3435 209 3541 275 870

299 322 746 391 Μεσοποταμίαν,
768 324 1021 395 Φοινίκην
1056 327 1149 379 καὶ
1179 325 1570 395 Παλαιστίνην,
1605 324 1867 396 Ἀραϐίαν
1893 326 1943 385 Α
1971 323 2400 392 ὑπερασπισταί.
2425 323 2616 377 Οἴδατε
2644 322 2752 393 γὰρ
2776 302 2987 390 καλῶς,
3025 327 3115 381 καὶ
3143 325 3409 396 δευτέραν
3438 346 3512 381 πα
3530 361 3541 369 -

299 433 357 468 τε
391 416 486 470 καὶ
541 417 823 479 ’ί›υδαίαν,
860 418 1236 489 Βακτριανοὺς
1266 423 1357 473 καὶ
1410 420 1643 483 Σκύθας,
1678 419 1869 472 Μακε-

297 507 480 562 δονίαν
530 507 627 561 καὶ
653 508 973 573 Θετταλίαν,
1021 510 1270 574 Ἐλλάδα,
1304 512 1585 575 Βοιωτίαν,
1621 510 1867 578 Λοκροὺς

294 598 391 649 καὶ
425 598 720 661 Αἰτωλοὺς,
772 599 1163 666 Ἀκαρνανίαν,
1203 601 1426 670 Ἀχαίαν
1457 602 1550 653 καὶ
1596 598 1867 653 Πελοπόν-

294 704 482 756 νησον,
513 689 782 756 ’Ἤπειρον
812 689 908 743 καὶ
948 691 1009 742 τὸ
1054 691 1384 761 Ἰλλυρικὸν,
1421 692 1690 762 Λυχνξτας
1724 692 1868 745 κατά

292 777 355 829 τὸ
392 777 784 845 Ἀνδριατικὸν,
830 779 1083 845 Ἰταλίαν,
1118 781 1470 843 Ίὀυσκίνους,
1505 780 1742 842 Κελτοὺς
1772 781 1866 833 καὶ

296 868 738 936 Κελτογαλάτας,
790 870 1029 940 Ἰϐηρίαν
1062 889 1123 924 τε
1150 874 1244 925 καὶ
1283 873 1387 936 ἕως
1427 873 1536 926 τῶν
1562 873 1861 942 Γαδείρων,

294 961 505 1015 Λιϐύαν
527 963 619 1015 καὶ
636 963 1032 1032 Μαυρητανίαν
1048 964 1146 1017 καὶ
1160 966 1537 1033 Μαυρουσίαν,
1554 965 1859 1029 Αἰθιοπίαν,

290 1053 551 1119 Βελέδας,
574 1054 835 1123 Σκούδην,
860 1053 1162 1125 ’Νουμιδίαν
1181 1056 1278 1109 καὶ
1302 1056 1571 1126 Ἀφρικὴν
1595 1057 1683 1110 καὶ
1708 1059 1864 1123 Δίγυ-

291 1163 450 1210 πτον,
486 1146 649 1207 αὐτὸς
675 1145 743 1197 τὰ
773 1145 867 1196 νῦν
912 1146 1160 1219 βούλεται
1208 1147 1492 1214 δουλῶσαι,
1518 1149 1613 1201 καὶ
1635 1148 1735 1219 τὴν
1762 1168 1861 1201 κυο

294 1236 589 1303 ριεὺουσαν
630 1238 792 1307 277
824 1238 932 1291 τῶν
984 1238 1194 1292 πόλεων
1251 1239 1402 1309 ζυγῷ
1442 1239 1736 1293 ὑποϐαλεῖν
1767 1243 1862 1295 καὶ

288 1327 534 1398 δουλείᾳ,
559 1328 649 1382 καὶ
677 1330 776 1393 τὰς
810 1330 973 1397 ἁγίας
997 1332 1297 1400 ἐκκλησίας
1316 1334 1347 1403 ή
1358 1332 1494 1401 μῶν,
1513 1334 1645 1388 ἔνθα
1664 1337 1863 1405 ὲπροσ-
1900 1407 1905 1415 ι

291 1421 571 1489 κυνεῐτοή
624 1421 753 1489 ἁγία
804 1420 973 1492 Τριὰς
1025 1425 1122 1477 καὶ
1167 1424 1534 1491 ὲδοξολογεῖτο
1584 1426 1646 1478 τὸ
1693 1426 1864 1480 πανά-

1967 416 2126 486 τρίδα
2158 417 2250 470 καὶ
2277 418 2492 487 μητέρα
2518 418 2684 487 αὑτὴν
2713 420 2954 483 ἀεννάως
2982 420 3155 490 εἴχετε
3178 436 3192 451 °
3244 420 3324 472 διὸ
3354 423 3443 473 καὶ
3475 424 3538 473 ὲκ

1969 506 2225 576 δευτέρου
2261 508 2423 562 πάλιν
2453 509 2597 576 λέγω
2619 511 2709 563 καὶ
2731 512 3038 579 παρακαλῶ
3066 513 3150 564 ἵνα
3177 513 3234 563 ὲν
3258 511 3391 582 αὑτῇ
3418 510 3533 582 ῶρξ

1967 596 2042 659 ὡς
2074 597 2384 665 φιλόπιστοί
2411 615 2468 650 τε
2501 600 2594 651 καὶ
2642 600 2932 668 ὁμόπιστοι
2980 601 3075 655 καὶ
3126 600 3346 670 ἀδελφοὶ
3380 602 3537 670 ποιήο

1969 705 2121 759 σητε.
2155 708 2172 739 ι
2208 687 2341 742 Εἶτα
2372 692 2633 759 στραφεὶς
2663 692 2720 742 ὲν
2747 694 2857 751 τοῖς
2885 694 3195 763 ἀριστεροῖς
3238 692 3428 764 μέρεσι
3451 692 3537 743 λέ·-

1967 797 2053 847 γει
2084 782 2197 841 τοῖς
2229 782 2580 850 Λιγουρίταις
2614 800 2629 814 ο
2667 802 2683 835 ι
2715 779 2786 835 Ὦ
2818 786 3163 854 Λιγουρίται,
3194 786 3537 853 ἐντιμότατοι

1967 869 2209 936 ἀδελφοὶ,
2253 870 2444 940 ἄνδρες
2474 872 2640 940 278
2690 873 3016 941 πολεμισταὶ
3048 878 3140 927 καὶ
3193 874 3536 947 μεγαλοκάρ-

1965 964 2066 1015 διοι
2101 964 2196 1017 καὶ
2225 965 2514 1033 φημιστοὶ,
2549 965 2730 1028 καλῶς
2766 968 2945 1020 οίδατε
2982 968 3076 1021 καὶ
3117 968 3418 1036 γινώσκετε
3451 969 3535 1022 δτι

1966 1056 2303 1127 ήδυστυχὴς
2352 1056 2489 1127 αὕτη
2547 1059 2700 1122 πὶλις
2757 1060 2992 1113 πάντοτε
3048 1062 3148 1113 οὐκ
3186 1062 3309 1129 ἐμοὶ
3374 1061 3537 1115 μόνον

1966 1149 2230 1219 ὑπῆρχεν,
2286 1148 2421 1202 ἀλλὰ
2484 1152 2576 1203 καὶ
2624 1152 2751 1219 ὑμῖν
2805 1152 2895 1204 διά
2954 1152 3123 1205 πολλά
3182 1169 3301 1204 τινα
3348 1154 3531 1205 αἴτια.

1976 1244 2167 1309 Ὑμεῖς
2200 1244 2299 1310 μὲν
2332 1244 2592 1306 πολλάκις
2628 1246 2763 1311 μετὰ
2797 1244 3109 1316 προθυμίας
3136 1246 3274 1316 αὐτῇ
3303 1246 3537 1314 ἐϐοηθή-

1967 1353 2117 1400 σατε,
2157 1337 2252 1389 καὶ
2282 1338 2559 1408 συνδρομῇ
2593 1339 2837 1409 ὑμετέρᾳ
2868 1340 3213 1410 ἐλυτρὼσατε
3266 1341 3373 1392 ἀπὸ
3426 1341 3537 1394 1th

1978 1429 2295 1499 Ἀγαρηνῶν
2335 1430 2444 1482 τῶν
2489 1431 2662 1499 αὐτῆς
2701 1432 2994 1485 ἐναντίων.
3051 1431 3132 1485 Τὰ
3187 1434 3283 1486 νῦν
3316 1434 3478 1488 πάλιν
3507 1434 3538 1486 ὁ

290 1530 429 1582 γιον,
472 1514 563 1566 καὶ
589 1513 724 1565 ὅπου
758 1513 807 1565 οί
836 1512 1059 1581 ἄγγελοι
1089 1513 1350 1583 ἠκούοντο
1381 1516 1574 1586 ὑμνεῖν
1600 1518 1661 1570 τὸ
1703 1520 1858 1572 Θεῖον
1962 1522 2153 1590 καιρός
2198 1523 2347 1593 εστιν
2387 1524 2697 1594 ἐπιτήδειος
2734 1524 2821 1578 ἵνα
2869 1526 3079 1593 δείξητε
3134 1526 3215 1587 είς
3277 1526 3535 1596 βοήθειαν

291 1605 387 1658 καὶ
420 1604 516 1674 τὴν
536 1604 797 1674 ἑνσαρκον
827 1606 921 1658 τοῦ
951 1605 1086 1659 Θεοῦ
1104 1607 1278 1675 Λόγου
1308 1609 1643 1678 οἰκονομίαν,
1670 1610 1859 1680 βούλεο
1888 1678 1929 1687 _
1962 1615 2132 1681 αὐτῆς
2175 1613 2272 1683 τὴν
2308 1614 2531 1685 Χριστῷ
2586 1616 2809 1684 ἀγάπην
2866 1618 2958 1671 καὶ
3010 1618 3234 1687 ἀνδρίαν
3276 1620 3369 1671 καὶ
3404 1636 3536 1687 γεν-

287 1716 385 1751 ται
413 1698 639 1767 ποιῆσαι
668 1698 1033 1769 προσκύνημα
1061 1701 1160 1769 τῆς
1195 1702 1360 1754 αὑτοῦ
1384 1678 1733 1773 βλασφημίας
1764 1705 1860 1758 κα)⁸
1888 1678 1935 1736 Β
1962 1678 2421 1777 ναιότητα-ὑμῶν.
2466 1726 2484 1758 ι
2502 1678 2646 1761 ⁷Καὶ⁷
2668 1678 3055 1779 πληθυντικῶς
3105 1678 3367 1781 στραφεὶς
3398 1711 3535 1781 πρὸς

291 1788 388 1843 τοῦ
419 1789 702 1859 φληναφοῦ
747 1789 914 1845 αὑτοῦ
950 1792 1400 1863 ψευδοπροφήτου
1458 1795 1727 1866 Μωάμεθ,
1765 1797 1860 1849 καὶ
1964 1799 2175 1861 πάντας
2197 1794 2351 1851 εἶπεν
2369 1813 2383 1828 ο
2414 1818 2430 1851 ι
2457 1800 2567 1851 Οὑκ
2592 1799 2698 1870 ἔχω
2722 1801 2913 1871 καιρὸν
2938 1803 3111 1854 εἰπεῖν
3133 1804 3263 1871 ὑμῖν
3289 1801 3530 1855 πλείονα.

291 1886 715 1953 κατοικητήριον
756 1887 966 1953 ἀλόγων
999 1886 1095 1940 καὶ
1128 1887 1414 1957 καμήλων.
1440 1891 1661 1955 Λοιπὸν,
1707 1892 1859 1945 ἀδελ-

290 1975 383 2041 φοὶ
411 1974 507 2027 καὶ
537 1977 960 2044 συστρατιῶται,
988 1976 1131 2030 κατά
1160 1977 1286 2031 νοῦν
1314 1978 1652 2050 ἐνθυμήθητε
1688 1981 1773 2034 ἵνα
1797 1982 1857 2035 τὸ

294 2065 637 2134 μνημόσυνον
663 2053 817 2135 ὑμῶν
845 2068 938 2120 καὶ
970 2069 1001 2138 ή
1046 2068 1235 2139 μνήμη
1292 2071 1387 2122 καὶ
1414 2071 1446 2139 ή
1493 2070 1650 2141 φήμη
1698 2074 1789 2125 καὶ
1822 2075 1854 2143 ἠ

287 2158 572 2227 ἐλευθερία
600 2160 833 2223 αίωνίως
864 2162 1185 2232 γενήσηται.
1220 2182 1238 2214 ι

358 2250 467 2303 Καὶ
498 2252 761 2319 στραφεὶς
789 2252 929 2322 πρὸς
954 2255 1079 2315 τοὺς
1121 2253 1373 2319 Ἐνετοὺς
1406 2258 1464 2309 ὲν
1508 2259 1619 2318 τοῖς
1662 2257 1853 2321 δεξιοῖς

288 2342 515 2414 μέρεσιν
543 2342 863 2411 ἱσταμένους
889 2344 992 2412 ἔφη
1016 2358 1029 2373 ·
1055 2361 1075 2395 ι
1101 2343 1309 2398 Ἐνετοὶ
1337 2346 1601 2413 εὐγενεῖς,
1634 2348 1856 2416 ἀδελφοὶ

283 2433 630 2502 ἠγαπημένοι
657 2434 714 2485 ὲν
742 2432 963 2503 Χριστῷ
983 2434 1058 2503 τῷ
1086 2434 1204 2504 Θεῷ
1222 2474 1238 2500 ,
1267 2436 1459 2505 ἄνδρες
1510 2439 1720 2507 ἰσχυροὶ
1762 2440 1853 2491 καὶ

286 2541 622 2595 στρατιωται
643 2525 859 2579 δυνατοὶ
887 2526 981 2578 καὶ
1014 2526 1072 2577 ὲν
1096 2526 1356 2597 πολέμοις
1388 2527 1775 2597 δοκιμώτατοι,
1803 2528 1853 2582 οἳ

280 2616 377 2670 διὰ
406 2617 514 2669 τῶν
539 2616 953 2687 ἐστιλϐωμένων
979 2617 1138 2687 ὑμῶν
1185 2618 1471 2688 ῥομφαίων
1508 2621 1599 2672 καὶ
1633 2620 1854 2689 χάριτος

277 2707 548 2772 πολλάκις
579 2708 786 2780 πλῆθος
825 2708 934 2762 τῶν
975 2710 1297 2780 Ἀγαρηνῶν
1324 2708 1725 2776 ὲθανατὼσατε,
1757 2713 1852 2765 καὶ

273 2800 345 2853 τὸ
376 2797 516 2871 αἷμα
544 2801 723 2854 αὐτῶν
758 2801 1100 2871 ποταμειδὼς
1128 2803 1190 2854 ἐκ
1226 2801 1335 2854 τῶν
1360 2802 1557 2872 χειρῶν
1578 2802 1733 2873 ὑμῶν
1759 2802 1851 2874 ερ-

275 2894 469 2960 ρευσε,
498 2895 565 2964 τῇ
615 2893 855 2965 σήμερον
882 2894 1190 2963 παρακαλῶ
1241 2895 1385 2964 ὑμᾶς
1418 2896 1504 2949 ἵνα
1548 2896 1648 2967 τήν
1693 2896 1850 2950 πόλιν

1958 1892 2137 1947 Μόνον
2166 1893 2226 1944 τὸ
2261 1894 2736 1961 τεταπεινωμένον
2797 1895 3068 1965 ἡμέτερον
3122 1897 3402 1967 σκῆπτρον
3453 1899 3533 1957 είς

1958 1984 2056 2049 τὰς
2102 1984 2257 2057 ὑμῶν
2285 1986 2476 2055 χεῖρας
2507 1985 2825 2056 ἀνατίθημι,
2884 1988 2970 2039 ἵνα
3006 1987 3138 2040 αὐτὸ
3172 1986 3290 2058 μετ’
3321 1988 3534 2051 εὐνοίας

1960 2077 2255 2146 φυλάξητε.
2308 2078 2617 2147 Παρακαλῶ
2651 2078 2707 2131 δὲ
2742 2081 2837 2132 καὶ
2865 2080 3027 2133 τοῦτο
3071 2082 3164 2133 καὶ⁹
3192 2080 3382 2150 δέομαι
3432 2080 3533 2149 τῆς

1958 2170 2230 2238 ὑμετέρας
2284 2169 2528 2238 ἀγάπης,
2584 2170 2673 2243 ἵνα
2716 2171 2816 2239 τήν
2867 2172 3188 2243 πρέπουσαν
3239 2173 3407 2244 τιμήν
3438 2175 3533 2226 καὶ¹

1957 2258 2240 2329 ὑποταγὴν
2308 2260 2518 2330 δὼσητε
2570 2264 2686 2325 τοῖς
2743 2263 3032 2335 ὑμετέροις
3072 2270 3405 2335 στρατηγοῖς
3439 2266 3532 2319 καὶ

1955 2350 2261 2420 δημάρχοις
2291 2351 2384 2403 καὶ
2416 2353 2859 2423 ἑκατοντάρχοις,
2889 2357 3120 2419 ἕκαστος
3143 2358 3282 2410 κατά
3313 2357 3412 2428 τήν
3436 2358 3535 2410 τά-

1958 2438 2038 2502 ξιν
2066 2440 2234 2492 αὑτοῦ
2273 2442 2368 2494 καὶ
2398 2442 2587 2512 τάγμα
2620 2445 2715 2497 καὶ
2751 2447 3080 2517 ὑπηρεσίαν.
3115 2448 3423 2517 Γνωρίσατε
3466 2449 3532 2519 δὴ

1956 2531 2136 2586 τοῦτο.
2169 2533 2276 2585 Καὶ
2300 2534 2394 2587 ἐὰν
2424 2535 2486 2589 ὲκ
2529 2537 2764 2607 καρδίας
2796 2538 3072 2609 φυλάξητε
3107 2541 3176 2594 τὰ
3202 2542 3302 2594 ὅσα
3333 2543 3533 2594 ἐνετει-

1953 2624 2135 2694 λάμην
2165 2626 2315 2693 ὑμῖν,
2347 2628 2652 2692 ἑλπίξωείς
2674 2630 2807 2683 Θεὸν
2826 2631 2900 2695 ὡς
2931 2631 3344 2703 λυτρωθείημεν
3370 2638 3533 2705 ἡμεῖς

1952 2714 2055 2781 τῆς
2089 2717 2399 2789 ἐνεστώσης
2429 2720 2596 2773 αὐτοῦ
2624 2721 2842 2784 δικαίας
2891 2725 3142 2794 ἀπειλῆς.
3187 2728 3453 2797 Δεύτερον
3475 2728 3531 2780 δὲ
3574 2768 3585 2773 π

1954 2810 2046 2863 καὶ
2073 2812 2099 2862 ὁ
2132 2812 2396 2879 στέφανος
2419 2813 2446 2865 δ
2471 2814 2840 2884 ἀδαμάντινος
2866 2819 2923 2869 ἐν
2957 2819 3208 2888 οὐρανοῖς
3240 2824 3529 2876 ὲναπὸκειο

1950 2916 2042 2953 ται
2072 2901 2222 2971 ὑμῖν,
2256 2903 2350 2955 καὶ
2383 2905 2574 2975 μνήμη
2605 2904 2821 2970 αίώνιος
2851 2910 2946 2961 καὶ
2971 2910 3124 2975 ἄξιος
3155 2912 3211 2964 ἐν
3233 2912 3313 2981 τῷ
3334 2913 3527 2983 κόσμῳ

271 2984 488 3051 ταύτην
533 2984 630 3053 τήν
674 2985 1074 3056 εὑρισκομένην
1130 2986 1225 3039 ὶπὶ
1272 2987 1512 3060 τοσαύτῃ
1589 2990 1849 3060 συμφορᾷ
1877 3023 1920 3080 c
1952 2991 2158 3046 ἔσεται.
2190 3012 2207 3044 ι
2250 2995 2357 3048 Καὶ
2382 2997 2556 3049 ταῦτα
2585 2997 2757 3053 εἰπὼν
2796 3001 2890 3053 καὶ
2914 3000 3014 3071 τήν
3044 3001 3390 3074 δημηγορίαν
3440 3022 3528 3057 τε·

268 3073 373 3127 τοῦ
406 3074 646 3144 πολέμου
676 3076 953 3148 ὁλοψύχως
985 3078 1080 3132 καὶ
1108 3081 1174 3133 ὲκ
1213 3080 1383 3150 μέσου
1431 3079 1610 3150 ψυχῆς
1650 3080 1849 3150 γένητε

267 3247 430 3312 liam,
464 3249 768 3317 ilelladem,
801 3253 1091 3321 Boeotiam,
1127 3255 1355 3325 Locros,
1394 3257 1633 3327 Etolos,
1672 3260 1847 3317 Acar-

267 3342 525 3407 naniam,
557 3343 846 3409 Achaiam,
906 3334 1644 3421 PeloponnesamaEpirum,
1679 3352 1849 3424 Illyri-

266 3448 430 3499 cum,
455 3432 753 3504 Lycbnitas
785 3438 836 3490 in
863 3439 1001 3492 mari
1023 3439 1325 3506 Adriatico,
1348 3443 1584 3510 Italiam,
1614 3443 1844 3511 Tuscos,

264 3527 479 3591 Celtas,
497 3526 882 3596 Celtogalatas,
907 3529 1139 3585 lberiam
1166 3549 1339 3600 usque
1367 3534 1566 3600 Gades,
1596 3537 1844 3609 Libyam,

264 3616 697 3684 Mauretaniam,
752 3620 1126 3687 Maurusiam,
1181 3623 1542 3693 Ethiopiam,
1593 3628 1842 3695 Beledas,

265 3711 532 3774 Scudam,
551 3711 890 3780 Numidiam,
912 3714 1177 3783 Africam,
1196 3716 1527 3788 Egyptum:
1558 3720 1659 3776 hac
1679 3722 1846 3791 igitur

265 3816 416 3855 nunc
450 3801 554 3856 iste
591 3804 754 3870 potiri
795 3816 1029 3860 conatur
1064 3818 1117 3861 et
1167 3811 1413 3880 reginam
1458 3810 1672 3865 urbium
1709 3813 1841 3868 sub-

257 3892 459 3962 jugare
500 3894 556 3946 in
610 3895 1036 3965 servitutemque
1082 3899 1362 3969 redigere,
1413 3911 1577 3973 atque
1622 3917 1841 3962 sanctos

260 3984 537 4040 ecclesias
580 3996 820 4055 nostras,
866 3989 958 4043 ubi
999 4002 1191 4047 sancta
1223 3992 1467 4049 Trinitas
1505 3998 1841 4055 adorabatur

260 4086 319 4132 et
372 4078 780 4133 sanctissimum
824 4081 1206 4139 celebrabatur
1240 4085 1478 4153 Numen,
1524 4089 1611 4143 ubi
1659 4092 1835 4159 angeli

259 4168 514 4223 divinam
545 4181 781 4224 mentem
811 4179 867 4225 et
901 4173 952 4225 in
1002 4188 1168 4230 carne
1196 4188 1511 4247 susceptam
1547 4181 1637 4235 Dei
1676 4180 1836 4237 Verbi

257 4260 633 4316 (eccuomiam
662 4270 925 4318 canentes
956 4264 1342 4334 audiebantur,
1382 4270 1435 4324 in
1470 4269 1658 4325 fanum
1687 4273 1838 4329 blas-

1953 3084 2117 3151 λέσας
2155 3087 2247 3141 καὶ
2277 3089 2421 3159 μετὰ
2452 3089 2704 3161 δακρύων
2736 3095 2833 3147 καὶ
2884 3096 3208 3167 στεναγμῶν
3251 3099 3345 3151 τὸν
3392 3099 3526 3152 Θεὸν

1949 3282 2121 3337 quare
2154 3268 2351 3325 iterum
2380 3286 2478 3327 vos
2509 3272 2761 3339 obsecro,
2791 3286 2849 3331 ut
2879 3276 2933 3331 in
2964 3278 3081 3348 ipso
3112 3294 3293 3334 rerum
3325 3282 3524 3338 discri-

1950 3359 2095 3412 mine
2120 3361 2325 3416 amicos
2343 3372 2396 3416 et
2420 3362 2541 3418 fidei
2571 3366 2752 3421 socios
2768 3375 2822 3421 et
2848 3367 3043 3424 fratres
3068 3386 3159 3425 vos
3180 3377 3467 3441 prmstetis.
3497 3395 3515 3427 ι

1945 3448 2155 3506 Deinde
2207 3451 2275 3506 ad
2310 3453 2593 3510 sinistram
2626 3473 2839 3523 versus,
2876 3461 3107 3529 Ligures
3148 3467 3219 3519 ita
3250 3466 3522 3525 allocutus

1946 3552 2029 3596 est
2063 3560 2077 3597 :
2118 3561 2137 3594 ι
2168 3542 2415 3612 Ligures,
2441 3546 2641 3604 fratres
2665 3550 3100 3620 honoratissimi,
3126 3556 3227 3610 viri
3251 3557 3517 3624 bellicosi,

1946 3636 2193 3702 generosi
2226 3648 2281 3690 et
2321 3639 2553 3701 nobiles,
2589 3656 2697 3696 non
2749 3644 3033 3714 ignoratis,
3072 3647 3343 3703 infelicem
3378 3650 3520 3704 hanc

1947 3726 2136 3781 urbem
2180 3743 2395 3798 semper
2448 3748 2558 3786 non
2600 3749 2775 3788 meam
2837 3737 3031 3803 solius,
3076 3740 3171 3793 sed
3210 3741 3371 3794 etiam
3429 3759 3519 3795 ve-

1945 3825 2111 3870 stram
2149 3817 2319 3874 fuisse
2349 3821 2534 3876 multis
2557 3825 2624 3876 de
2650 3827 2850 3884 causis.
2893 3828 3000 3882 Vos
3025 3844 3167 3899 stepc
3193 3831 3438 3885 studiose
3466 3834 3518 3887 ri

1904 3896 1917 3910 ³
1944 3924 2100 3977 opem
2133 3910 2356 3978 tulistis,
2404 3923 2457 3967 et
2494 3915 2702 3971 auxilio
2732 3929 2918 3975 vestro
2971 3922 3250 3979 liberastis
3286 3941 3405 3979 eam
3450 3930 3520 3981 ab

1906 4000 2232 4069 ‘Agarenis,
2264 3986 2385 4072 ejus
2413 4006 2683 4061 hostibus.
2713 4008 2869 4064 Nunc
2903 4027 3096 4070 rursus
3128 4025 3342 4085 tempus
3366 4019 3517 4073 adest

1942 4103 2330 4162 opportunum,
2360 4113 2471 4167 quo
2501 4115 2603 4169 ope
2639 4100 2858 4157 ferenda
2896 4105 3040 4159 illam
3069 4108 3118 4160 in
3138 4108 3359 4164 Christo
3386 4113 3520 4165 cha-

1941 4189 2183 4252 ritatem,
2229 4189 2603 4247 fortitudinem
2648 4210 2712 4249 ac
2743 4199 3238 4265 magnanimitatem
3282 4216 3514 4261 vestram

1940 4282 2330 4349 comprobetis.
2346 4302 2364 4334 ι
2394 4284 2679 4341 Postremo
2701 4290 2765 4341 ad
2787 4305 2977 4346 omnes
2998 4294 3162 4349 simul
3185 4312 3515 4359 conversus:

257 4352 503 4421 pltcmiae
552 4368 666 4407 suae
720 4364 777 4408 et
831 4357 1036 4426 garruli
1082 4360 1363 4429 prephette
1413 4362 1739 4421 Mohametis
1782 4376 1835 4421 et
1868 4368 1913 4422 D
1950 4387 1968 4417 ι
1999 4368 2115 4422 Non
2152 4380 2235 4426 est
2268 4381 2509 4443 tempus,
2552 4375 2751 4447 inquit,
2783 4379 3031 4451 pluribus
3060 4399 3156 4441 vos
3183 4352 3515 4457 alloquendi:

254 4448 554 4499 brutorum
605 4446 1054 4517 camelorumque
1102 4450 1475 4509 habitaculum
1509 4468 1835 4514 convertere

251 4538 487 4606 cogitat.
525 4535 751 4602 Verum,
792 4538 994 4596 fratres
1025 4551 1080 4598 et
1121 4548 1549 4615 commilitones,
1600 4554 1833 4622 cogitate

248 4643 385 4682 cum
430 4630 635 4684 animis
676 4633 897 4698 vestris,
930 4649 1038 4702 quo
1074 4646 1236 4706 pacto
1279 4644 1602 4698 memoriam
1652 4648 1833 4702 nostri
1870 4708 1875 4713 ,

244 4726 311 4773 et
347 4716 551 4771 famam
582 4720 959 4777 etlibertatem
996 4735 1314 4795 perpetuam
1337 4737 1775 4802 consequamini.
1808 4756 1826 4788 ι

324 4802 472 4863 Tum
505 4811 571 4864 ad
607 4810 842 4868 Venetos
877 4830 1203 4899 conversus,
1231 4821 1320 4889 qui
1356 4837 1386 4875 a
1415 4824 1620 4880 dextris
1644 4828 1832 4883 adsra-

244 4904 435 4956 bant:
475 4919 493 4953 ι
530 4902 744 4968 Veneti,
776 4904 972 4974 inquit,
1008 4909 1269 4975 illustres,
1298 4910 1499 4970 fratres
1525 4918 1577 4971 in
1611 4918 1832 4975 Christo

245 4991 367 5045 Deo
409 4989 616 5054 dilecti,
664 4992 763 5047 viri
816 4993 983 5050 fortes
1027 5008 1080 5051 et
1123 5000 1326 5056 milites
1363 5006 1571 5059 strenui
1600 5018 1655 5061 et
1688 5008 1828 5066 bello

242 5082 651 5155 probatissimi,
686 5086 779 5153 qui
830 5087 1023 5154 gladiis
1057 5092 1255 5147 vestris
1294 5094 1626 5154 micantibus
1655 5112 1710 5156 et
1744 5106 1826 5157 di-

240 5176 379 5229 vina
413 5175 583 5244 gratia
619 5190 764 5245 saepe
800 5193 1023 5248 magnas
1052 5182 1424 5251 Agarenorum
1462 5200 1674 5261 strages
1705 5196 1824 5248 edi-

237 5266 435 5330 distis,
471 5282 703 5335 quorum
735 5271 958 5339 sanguis
993 5271 1233 5331 fluminis
1265 5278 1437 5334 instar
1477 5282 1546 5337 de
1575 5278 1823 5340 manibus

233 5357 447 5411 vestris
479 5357 725 5425 deﬂuxit,
762 5362 919 5417 hodie
945 5378 1041 5420 vos
1068 5366 1322 5433 obsecro,
1362 5381 1423 5425 ut
1456 5374 1646 5428 urbem
1683 5377 1827 5431 hanc

232 5452 301 5503 in
355 5458 505 5503 tanta
559 5452 685 5506 belli
712 5454 1025 5513 calamitate
1069 5472 1406 5533 versantem,
1450 5482 1514 5519 ex
1548 5468 1735 5524 animo
1769 5481 1823 5525 et

234 5537 443 5591 intimo
477 5549 694 5606 pectore
726 5542 1051 5602 defendatis.
1095 5548 1260 5605 Scitis
1309 5553 1453 5606 enim
1501 5557 1625 5623 ipsi,
1683 5559 1824 5615 hanc

237 5646 347 5687 vos
378 5631 602 5687 alteram
631 5636 869 5706 patriam
914 5649 969 5696 et
1003 5652 1229 5701 matrem
1262 5662 1478 5720 semper
1508 5650 1764 5708 habuisse
1803 5671 1817 5709 :

1944 4458 2348 4519 Tantummodo
2379 4481 2656 4537 sceptrum
2679 4483 2923 4527 nosu-um
2955 4475 3221 4545 dignitate
3253 4496 3350 4536 sua
3379 4497 3516 4536 exu-

1945 4561 2055 4607 tum
2084 4557 2333 4612 mauibus
2357 4562 2554 4616 vestris
2579 4567 2920 4631 commendo,
2954 4578 3013 4623 ut
3036 4573 3284 4635 studiose
3303 4592 3331 4628 a
3363 4577 3517 4633 vobis

1941 4648 2305 4703 custodiatur.
2339 4649 2539 4708 Hortor
2578 4667 2758 4711 autem
2795 4668 2848 4713 et
2897 4662 3219 4719 charitatem
3273 4680 3510 4725 vestram

1940 4736 2194 4803 obsecro,
2227 4750 2285 4793 ut
2328 4758 2489 4810 quem
2538 4746 2693 4803 decet
2732 4753 2991 4808 honorem
3044 4769 3096 4811 ct
3148 4760 3515 4817 obedientiam

1942 4828 2206 4883 militibus
2236 4834 2732 4897 vestris,.tribunis
2757 4853 2812 4898 et
2840 4849 3276 4917 centurionibus,
3311 4870 3511 4909 secun-

1939 4920 2068 4975 dum
2104 4938 2260 4976 suum
2308 4927 2542 4998 quisque
2582 4934 2830 4990 ordinem
2887 4947 2935 4992 et
2986 4942 3344 5012 manipulum,
3376 4964 3513 5017 prae-

1940 5011 2157 5067 beatis:
2199 5014 2422 5089 scitote,
2467 5019 2567 5073 hoc
2619 5039 2834 5094 quoque
2895 5044 3018 5084 esse
3055 5011 3296 5091 muneris
3326 5041 3509 5093 Vestri.

1938 5106 2142 5171 Quodsi
2191 5125 2258 5163 ex
2308 5111 2492 5166 animo
2552 5114 2812 5184 feceritis,
2860 5137 2989 5190 aqua!
3026 5126 3181 5179 vobis
3233 5132 3509 5199 mandavi,
3614 5184 3616 5187 .

1939 5200 2048 5253 Deo
2082 5202 2322 5256 conﬁsus
2352 5221 2533 5274 spero,
2592 5210 2755 5265 minis
2790 5220 2845 5265 et
2880 5216 3141 5281 periculis
3176 5217 3301 5285 jure
3332 5224 3401 5275 ab
3434 5237 3503 5276 eo

1936 5289 1989 5342 in
2024 5307 2123 5345 nos
2157 5294 2380 5349 intentis
2432 5313 2531 5351 nos
2580 5298 2875 5355 liberatum
2912 5305 3001 5359 iri.
3033 5307 3254 5362 'Deiude
3304 5328 3508 5367 corona

1936 5383 2284 5438 adamantina
2325 5389 2376 5439 in
2403 5389 2543 5441 coelo
2578 5406 2672 5444 vos
2717 5396 2917 5457 manet,
2954 5406 3007 5449 et
3044 5402 3308 5456 memoria
3341 5407 3506 5459 vestri

1935 5481 2195 5539 perpetua
2244 5485 2296 5527 et
2327 5478 2524 5531 eximia
2583 5480 2634 5532 iu
2683 5483 2816 5537 orbe
2872 5495 3138 5543 terrarum
3184 5493 3306 5549 erit.
3337 5514 3357 5547 ι
3413 5494 3511 5551 His

1936 5562 2115 5618 verbis
2144 5578 2269 5618 cum
2304 5567 2462 5622 finem
2499 5570 2716 5627 dicendi
2760 5575 2980 5633 fecisset
3012 5590 3065 5635 et
3100 5599 3222 5637 cum
3252 5586 3512 5657 lacrytnis
3537 5592 3550 5605 ⁶

1934 5658 2336 5730 gemitibusqre
2364 5660 2472 5715 Deo
2512 5664 2720 5734 gratias
2749 5669 2976 5742 egisset,
3006 5678 3186 5734 cuncti
3220 5680 3363 5735 velut
3398 5698 3509 5737 uno
