3916 6196
389 185 489 252 δτι

1595 186 1927 247 osonon
1980 154 2404 247 rimante

3539 181 3649 244 872

391 308 817 379 εὐχαριστήσας,
850 308 899 361 οί
925 307 1125 368 πάντες
1153 305 1323 373 ὡςοὲε
1367 304 1485 369 ἐνὸς
1522 307 1792 376 στόματος
1828 309 1967 359 ἀπε.
1998 312 2043 366 Α
2073 324 2173 367 κας
2197 305 2557 373 διεγεὲρωμεν
2575 301 2711 372 πρὸς
2734 302 2795 356 τὸ
2820 302 3109 372 φυλάττειν
3131 297 3654 371 ἀγρύπνως.⁷ιίσαν

394 399 653 466 κρίναντο
691 399 829 466 μετὰ
882 395 1163 467 κλαυθμοῦ
1218 397 1492 464 λέγοντες,
1531 416 1549 448 ι
1578 395 1970 464 Ἀποθανωμεν

394 490 536 561 ὑπὲρ
565 491 661 559 τῆς
690 490 927 559 Χριστοῦ
966 492 1205 553 πίστεως
1251 491 1348 544 καὶ
1368 492 1469 558 τῆς
1519 490 1775 559 πατρίδος
1806 490 1972 559 279

392 581 569 650 ἡμῶν.
613 599 630 630 ι
677 582 946 644 Ἀκούσας
976 582 1031 634 δὲ
1070 583 1098 633 ὀ
1131 581 1389 651 βασιλεὺς
1420 581 1518 634 καὶ
1549 582 1779 633 πλείστα
1808 582 1970 650 εὐχα-

397 675 661 744 ριστήσας
695 678 787 728 καὶ
833 677 1096 737 πλείστας
1145 676 1367 745 δωρεῶν
1412 675 1745 743 ἐπαγγελίας
1788 676 1970 734 αὐτοῖς

392 771 785 837 ἀπηγγείλατο.
811 768 944 824 Εἶτα
970 772 1130 825 πάλιν
1153 772 1321 832 λέγει’
1347 789 1366 821 ι
1396 772 1615 831 Λοιπὸν,
1636 770 1857 837 ἀδελφοὶ
1876 768 1969 821 καὶ

392 861 821 929 συστρατιῶται,
872 862 1086 929 ἕτοιμοι
1125 860 1246 913 ἔστε
1282 860 1360 930 τῷ
1408 861 1827 932 πρωτηΧάριτι
1875 861 1969 913 καὶ

391 952 562 1022 ἀρετῇ
592 957 658 1022 τῇ
692 953 840 1021 παρὰ
870 953 963 1005 τοῦ
996 951 1129 1004 Θεοῦ
1162 953 1295 1021 ὑμῖν
1322 953 1654 1024 δωρηθείσῃ,
1686 953 1783 1005 καὶ
1834 968 1965 1004 συν·-

390 1043 664 1110 εργούσης
690 1043 790 1110 τῆς
816 1043 976 1110 ἁγίας
1002 1042 1256 1112 Τριὰδος,
1287 1045 1344 1096 ἐν
1433 1043 1551 1109 τὴν
1570 1042 1760 1095 ἐλπίδα
1787 1046 1969 1096 πᾶσαν

390 1132 720 1201 ἀνεθέμεθα,
756 1134 1082 1203 ποιήσωμεν
1133 1137 1260 1196 τοὺς
1292 1136 1570 1196 ἐναντίους
1603 1136 1742 1203 μετὰ
1777 1134 1969 1202 αἰσχύ-

392 1242 490 1295 νης
515 1229 578 1278 ἐκ
608 1228 716 1279 τῶν
750 1226 1001 1278 ἐντεῦθεν
1028 1226 1215 1289 κακῶς
1238 1228 1692 1295 ἀναχωρήσωσιν.
1733 1245 1750 1276 ι
1845 1256 1852 1262 -

459 1320 526 1383 ζν.
577 1319 937 1380 Ἀκούσαντες
977 1318 1034 1370 δὲ
1076 1320 1124 1370 of
1174 1310 1465 1386 δυστυχεῖς
1524 1317 1786 1387 Ῥωμαῖοι
1828 1334 1969 1388 καρο

389 1413 505 1464 δίαν
539 1412 611 1474 ὡς
659 1412 872 1474 λέοντες
917 1411 1207 1480 ἐποίησαν,
1239 1413 1335 1464 καί⁵
1380 1410 1640 1478 ἀλλήλοις
1668 1427 1968 1481 ,συγχωρη-

389 1503 571 1567 θέντες
603 1504 768 1575 ᾔτουν
803 1498 882 1566 εἷς
911 1502 987 1573 τῷ
1014 1503 1187 1574 ἑτέρῳ
1222 1501 1663 1571 καταλλαγῆναι,
1693 1502 1790 1556 καὶ
1825 1503 1964 1572 μετὰ

388 1595 672 1663 κλαυθμοῦ
720 1593 1169 1665 ὲνηγκαλίξοντο,
1233 1595 1372 1663 μήτε
1433 1594 1707 1663 φιλτάτων
1761 1595 1967 1648 τέκνων

391 1689 823 1757 μνημονεύοντες
867 1687 992 1741 οῦτε
1012 1688 1305 1756 γυναικῶν
1331 1688 1364 1757 ἢ
1393 1686 1622 1740 πλούτου
1655 1687 1970 1756 φροντίζον-

386 1799 499 1844 τες,
531 1783 578 1833 εί
625 1783 699 1851 μὴ
753 1783 914 1849 μόνον
964 1781 1059 1833 τοῦ
1117 1780 1411 1834 ἀποθανεῖν
1463 1780 1548 1831 ἵνα
1590 1777 1688 1847 τὴν
1734 1779 1968 1847 πατρίδα

389 1870 691 1942 φυλάξωσι.
728 1872 838 1926 Καὶ
884 1872 1117 1934 ἕκαστος
1163 1874 1221 1923 ἐν
1261 1871 1339 1941 τῷ
1374 1871 1788 1941 διατεταγμένῳ
1820 1872 1970 1940 τόπῳ

388 1963 784 2032 ἐπανέστρεψε,
820 1964 915 2017 καὶ
955 1964 1217 2031 ἀσφαλῶς
1250 1964 1470 2015 ἐποίουν
1518 1966 1575 2015 ἐν
1608 1967 1724 2026 τοῖς
1762 1963 1968 2034 τείχεσι

386 2056 486 2122 τὴν
516 2055 784 2123 φυλακήν.
828 2056 886 2107 Ὀ
920 2055 977 2107 δὲ
1019 2056 1272 2121 βασιλεὺς
1318 2056 1377 2108 ἐν
1411 2055 1488 2125 τῷ
1524 2058 1821 2126 πανσέπτῳ
1853 2058 1969 2125 ναῷ

387 2147 489 2215 τῆς
534 2147 629 2198 τοῦ
683 2146 820 2199 Θεοῦ
852 2148 1031 2214 Λόγου
1068 2126 1276 2217 Σοφίαξ
1309 2148 1478 2201 ἐλθὼν
1512 2149 1607 2202 καὶ
1662 2152 1969 2219 προσευξά-

392 2256 553 2308 μενος
588 2239 729 2308 μετὰ
770 2239 1053 2307 κλαυθμοῦ
1088 2240 1158 2293 τὰ
1192 2243 1445 2311 ἄκραντα
1486 2243 1582 2295 καὶ
1608 2243 1729 2297 θεῖα
1761 2246 1969 2315 μυστή-

390 2346 483 2398 ρια
522 2330 839 2398 μετέλαϐεν.
893 2329 1133 2399 Ὁμοίως
1164 2334 1257 2385 καὶ
1300 2333 1481 2401 ἕτεροι
1513 2334 1703 2388 πολλοὶ¹
1728 2337 1793 2405 τῇ
1826 2336 1964 2406 αὐτῇ

388 2422 543 2472 νυκτὶ
574 2421 859 2491 ἐποίησαν.
893 2419 1026 2476 Εἶτα
1054 2422 1225 2477 ἐλθὼν
1258 2426 1339 2488 είς
1370 2426 1437 2479 τὰ
1465 2427 1745 2498 ἀνάκτορα
1782 2429 1967 2496 ὀλίγον

390 2509 611 2573 σταθεὶς
660 2511 754 2562 καί¹
794 2513 858 2564 ὲκ
908 2514 1127 2567 πάντων
1189 2514 1544 2587 συγχώρησιν
1594 2520 1857 2591 αἰτήσας,
1908 2521 1967 2575 ὲν

388 2603 515 2672 τῇδε
551 2606 616 2675 τῇ
648 2604 767 2675 ὥρᾳ
802 2606 887 2669 τίς
934 2606 1257 2678 διηγήσεται
1306 2611 1432 2673 τοὺς
1476 2611 1599 2664 τότε
1645 2612 1967 2682 κλαυθμοὺς

389 2701 485 2752 καὶ
534 2700 767 2770 θρήνους
819 2692 947 2765 τοῦς
996 2705 1054 2756 ὲν
1108 2705 1187 2774 τῷ
1242 2706 1533 2776 παλατίῳ;
1592 2707 1652 2759 El
1710 2708 1806 2759 καὶ
1858 2707 1969 2761 ἀπὸ

388 2789 550 2855 ξύλου
609 2791 897 2863 ἅνθρωπος
946 2792 978 2863 ἢ
1014 2794 1076 2845 ὲκ
1120 2793 1329 2864 πέτρας
1374 2789 1466 2864 ἦν,
1497 2794 1598 2847 οὐκ
1629 2793 1855 2848 ἐδύνατο
1891 2795 1966 2864 μὴ

390 2881 682 2951 θρηνῆσαα

2073 400 2130 453 δὲ
2160 400 2359 460 πάντες
2405 397 2499 449 ἐπὶ
2544 401 2661 459 τοῖς
2707 396 2914 466 τείχεσι
2960 397 3057 449 καὶ
3104 393 3332 464 πύργοις
3382 398 3451 465 τῇ
3502 398 3659 448 aule

2075 494 2295 563 ἐκείνῃ·
2353 491 2451 543 καὶ
2510 491 2567 542 al
2628 489 2793 543 πύλαι
2844 491 3017 543 πᾶσαι
3066 484 3208 556 ἦσαν
3263 488 3659 557 κεκλεισμέναι

2074 581 2481 648 ἀσφαλέστατα,
2513 580 2579 633 δι’
2616 574 2691 633 ὧν
2720 580 2780 632 οὗ
2822 580 3051 633 δυνατὸν
3081 577 3148 648 ἢν
3186 578 3423 642 ἐξελθεῖν
3457 595 3590 632 τινα
3624 578 3660 648 ἢ

2075 674 2359 728 εἰσελθεῖν.
2414 675 2504 737 Ὠς
2532 675 2589 728 δὲ
2618 674 2861 746 ἤλθομεν
2895 677 2953 727 ὲν
2992 676 3107 737 τοῖς
3139 673 3503 739 Καλιγαρίοις
3537 673 3661 742 ὥρᾳ

2075 763 2266 835 πρώτῃ
2319 765 2420 831 τῆς
2468 765 2939 836 ἁλεκτρωρωνίας,
2975 767 3261 828 κατιόντες
3300 765 3414 818 τῶν
3466 765 3661 817 ῖππων

2072 856 2382 925 ἀνήλθομεν
2432 857 2514 919 εἰς
2556 857 2649 909 τὸν
2695 857 2929 925 πύργον,
2955 859 3051 911 καὶ
3082 857 3398 926 ἠκούσαμεν
3441 859 3660 926 συχνῶς

2072 952 2283 1019 ὁμιλεῖν
2322 952 2417 1002 καὶ
2470 950 2702 1019 θόρυϐον
2751 952 2928 1020 μέγαν
2980 954 3159 1003 ποιεῖν
3206 951 3409 1017 ἔξωθεν
3463 953 3660 1021 ὲπιτὴο

2071 1042 2234 1106 δειον,
2267 1041 2545 1098 κα“ι.είπον
2585 1044 2716 1110 ἡμῖν
2767 1044 2816 1095 οἱ
2855 1042 3099 1111 φύλακες
3139 1045 3221 1096 ὅτι
3260 1044 3330 1096 δι’
3375 1044 3508 1111 ὅλης
3557 1044 3660 1113 τῆς

2070 1133 2263 1194 νυκτὸς
2297 1131 2469 1195 οὕτως
2492 1130 2743 1184 ποιοῦσιν
2768 1148 2782 1163 ·
2812 1127 2956 1202 ἦσαν
2979 1133 3089 1201 γὰρ
3128 1122 3419 1202 σύρνοντες
3449 1131 3525 1185 τὰ
3552 1132 3658 1185 ὅσα.

2070 1226 2180 1277 τῶν
2216 1212 2467 1294 ὀργάνων
2517 1225 2655 1295 πρὸς
2701 1226 3066 1295 τειχομαχίαν
3125 1225 3504 1295 ἡτοίμασται,
3552 1225 3658 1293 φέ-

2075 1332 2263 1385 ροντες
2310 1316 2451 1369 αὐτὰ
2512 1318 2678 1383 ἐγγὺς
2728 1317 2822 1369 τοῦ
2876 1318 3211 1387 ὀρύγματος.
3274 1316 3399 1369 Ἐπὶ
3440 1318 3660 1379 τούτοις

2072 1409 2390 1461 σαλεύονται
2416 1409 2510 1460 καὶ
2540 1410 2647 1460 τῶν
2673 1409 2850 1478 ὴόνων
2882 1409 2947 1461 τὰ
2990 1408 3227 1478 μέγιστα
3262 1408 3372 1461 τῶν
3418 1409 3659 1463 ἀντιπά-

2070 1504 2175 1555 λων
2225 1504 2432 1572 σκάφη.
2469 1504 2561 1555 καὶ
2601 1505 2656 1557 αί
2687 1506 2939 1573 τριήρεις
2974 1504 3072 1555 καὶ
3101 1505 3157 1556 αἱ
3188 1503 3426 1571 γέφυραι
3471 1502 3532 1554 ἐν
3576 1500 3659 1572 τῷ

2070 1596 2252 1661 λιμένι
2288 1598 2397 1658 τοῖς
2437 1596 2646 1665 τείχεσι
2678 1598 2771 1650 καὶ
2804 1598 2923 1658 ταῖς
2960 1598 3157 1657 ἀκταῖς
3186 1594 3655 1663 προσπελάζουστ.

2074 1690 2210 1760 Περὶ
2270 1688 2327 1743 δὲ
2391 1691 2658 1759 δευτέραν
2723 1689 3173 1760 ἀλεκτροφωνίαν
3228 1689 3358 1742 ἄνευ
3418 1688 3658 1755 σημείου

2072 1784 2236 1845 τιν’)ς,
2272 1781 2456 1841 καθὼς
2513 1783 2607 1833 καὶ
2654 1782 2845 1844 ἄλλαις
2893 1782 3129 1851 ἡμέραις
3175 1780 3659 1850 προεποίουν,τὺν

2072 1875 2308 1943 πόλεμον
2340 1874 2558 1942 ἀνῆψαν
2597 1875 2737 1943 μετὰ
2781 1876 3027 1943 μεγάλης
3077 1875 3316 1945 σπουδῆς
3362 1875 3456 1928 καὶ
3498 1873 3652 1943 βίας.

2044 1981 2051 1987 '
2083 1967 2458 2036 Ἑπροώρισεν
2493 1966 2585 2019 οὖν
2631 1967 2659 2018 ὀ
2694 1967 2921 2035 ἀμηρᾶς
2960 1967 3047 2018 ῖνα
3072 1967 3277 2029 πάντες
3307 1967 3355 2018 oi
3390 1966 3465 2034 μὴ
3494 1966 3659 2028 ὄντες

2069 2059 2324 2110 τοσοῦτον
2360 2056 2616 2127 ἔμπειροι
2666 2059 2725 2112 ὲν
2770 2059 3031 2127 πολέμοις
3060 2057 3155 2111 καί
3188 2073 3335 2118 τινες
3390 2054 3657 2124 γέροντες

2071 2154 2167 2206 καὶ
2197 2154 2307 2206 νέοι
2352 2156 2408 2206 ὲν
2455 2154 2696 2223 πρώτοις
2726 2154 2821 2208 τὸν
2852 2155 3092 2221 πόλεμον
3129 2154 3379 2223 ἀνάψωσι
3420 2153 3517 2207 καὶ
3549 2152 3654 2222 τὴν

2073 2246 2396 2315 συμπλοκὴν
2433 2248 2757 2315 ποιήσωσιν,
2785 2247 2873 2300 ἵνα
2910 2248 3060 2317 ἡμᾶς
3116 2247 3299 2314 ὀλίγον
3336 2246 3654 2298 κοπιὰσωσι

2069 2339 2162 2392 καὶ
2195 2341 2243 2391 οἱ
2272 2339 2434 2391 πλέον
2483 2340 2695 2409 ἰσχυροὶ
2728 2341 2822 2393 καὶ
2850 2339 3084 2407 ἀνδρεῖοι
3136 2340 3231 2392 καὶ
3266 2342 3526 2410 ἔμπειροι
3551 2337 3652 2391 τοῦ

2069 2433 2311 2502 πολέμου
2341 2433 2478 2502 μετὰ
2507 2431 2752 2494 πλείονος
2783 2431 3023 2500 θάρσους
3051 2433 3145 2485 καὶ
3177 2431 3497 2501 προθυμίας
3522 2429 3653 2483 καθ’

2069 2526 2225 2594 ἡμῶν
2275 2525 2492 2579 ἔλθωσι.
2528 2525 2636 2578 Καὶ
2686 2525 2865 2580 ταῦτα
2906 2527 3155 2594 ἐγένετο,
3197 2526 3294 2580 καὶ
3337 2527 3366 2580 ὀ
3409 2524 3654 2593 πόλεμος

2070 2618 2165 2670 καὶ
2194 2619 2228 2681 ἡ
2261 2619 2554 2688 συμπλοκὴ
2582 2618 2658 2681 ὡς
2689 2620 2924 2688 κάμινος
2948 2618 3146 2687 ἀνῆψε.
3184 2618 3296 2672 Kal
3348 2620 3399 2672 οί
3448 2618 3655 2688 ﬂuere-

2070 2727 2154 2779 ροι
2192 2712 2457 2778 γενναίως
2511 2711 2803 2778 ἀντέλεγον
2846 2710 2943 2764 καὶ
2991 2712 3180 2774 κακῶς
3229 2710 3432 2773 αὐτοὺς
3480 2709 3645 2781 28],

2068 2802 2370 2865 ἐδεξιοῦντο
2424 2802 2518 2854 καὶ
2562 2803 2627 2854 ἐκ
2677 2802 2789 2855 τῶν
2834 2802 3035 2872 τειχῶν
3083 2802 3519 2871 ἀπεκρήμνιζον,
3553 2803 3651 2856 καί

2067 2906 2192 2943 τινα
2245 2890 2357 2947 τῶν
2417 2892 2737 2960 πολεμικῶν
2804 2891 3056 2962 ὀργάνων
3107 2892 3204 2946 καὶ
3266 2891 3483 2946 σκευῶν
3536 2891 3649 2944 τῶν

460 2976 626 3045 280
687 2977 797 3031 Καὶ
860 2977 1067 3041 ἀναϐὰς
1124 2976 1212 3044 ἐφ’
1270 2975 1440 3029 ἵππου
1493 2974 1800 3044 ἐξήλθομεν
1854 2976 2037 3053 τῶνε
2068 2982 2326 3035 ἐναντίων
2388 2982 2782 3037 κατέσπασαν·
2843 2983 2940 3037 καὶ
3006 2982 3068 3048 ιε
3148 2983 3478 3053 ἀμφοτέρων
3536 2982 3653 3037 τῶν

389 3067 709 3138 ἀνακτόρων
735 3069 1158 3139 περιερχόμενοι
1185 3068 1256 3122 τὰ
1282 3068 1460 3137 τείχη,
1497 3068 1588 3121 ίνα
1627 3069 1756 3129 τοὺς
1792 3066 1964 3136 φύλα-

388 3260 502 3312 ore,
560 3243 660 3313 ipsi
721 3257 940 3313 quoque
987 3242 1489 3312 collacrymantes.
1542 3240 1963 3309 responderunt,

390 3352 489 3404 pro
515 3336 618 3389 fide
645 3332 1045 3395 Christiana,“
1069 3334 1245 3402 patria
1278 3343 1505 3386 mortem
1534 3347 1593 3387 se
1624 3333 1965 3400 oppetituros

388 3443 530 3482 esse.
570 3427 650 3482 Ad
682 3427 795 3481 lucc
826 3428 1122 3490 imperator
1151 3425 1356 3492 gratias
1386 3423 1751 3493 amplissimas
1773 3424 1882 3492 egit
1911 3432 1966 3479 et

393 3520 730 3593 amplissima
756 3518 1003 3587 promisit
1040 3516 1285 3587 prtemia.
1324 3517 1462 3570 Tum
1496 3532 1729 3572 rursus:
1762 3534 1782 3567 ι
1809 3515 1962 3581 Quod

392 3621 582 3677 restat,
651 3613 864 3681 inquit,
920 3610 1114 3666 fratres
1164 3620 1218 3664 et
1275 3609 1731 3675 commilitiones,
1787 3609 1964 3679 parati

396 3716 572 3760 esmtc
623 3706 673 3757 in
708 3705 1011 3759 crastinum
1044 3703 1210 3757 diem.
1251 3702 1453 3757 Gratia'
1480 3710 1533 3755 et
1560 3702 1762 3756 virtute
1791 3718 1819 3755 a
1851 3700 1965 3757 Deo

389 3797 547 3850 vobis
594 3797 892 3865 io-pcrtita,
928 3806 983 3850 et
1017 3795 1310 3863 adiurante
1340 3802 1536 3850 sancta
1582 3794 1873 3859 'l‘rinitate,
1905 3795 1961 3849 in

388 3905 494 3956 qua
537 3904 686 3957 spem
723 3904 938 3940 tnnncm
967 3888 1382 3948 collocavimus.
1420 3886 1741 3951 efﬁciemus,
1772 3894 1831 3939 ut
1863 3886 1963 3940 lto-

389 3993 499 4035 stcs
534 3996 655 4033 cum
695 3978 963 4032 dedecore
1001 3980 1128 4032 hinc
1160 3979 1441 4031 recedant.
1478 3994 1496 4028 ι

462 4067 515 4120 ’1.
558 4066 652 4122 llis
701 4069 922 4131 au-Iitis,
977 4066 1164 4120 miseri
1201 4065 1433 4120 Romani
1479 4066 1697 4122 animos
1738 4064 1959 4119 leonum

390 4161 495 4217 sibi
539 4160 811 4225 fecerunt,
855 4161 1180 4229 veniamque
1215 4159 1470 4228 petebant
1500 4166 1556 4215 et
1584 4159 1791 4215 dabant
1842 4174 1963 4214 mu-

393 4266 507 4317 tuo,
543 4264 596 4310 et
631 4270 756 4308 cum
782 4253 1038 4325 lacrymis
1070 4253 1299 4307 invicem
1335 4268 1395 4308 se
1435 4252 1961 4322 complectebantur,

2072 3073 2254 3144 μερῶν
2306 3073 2535 3154 θάνατος
2589 3074 2859 3143 ἐγεγόνει,
2887 3076 2984 3129 καὶ
3022 3074 3260 3144 μάλιστα
3296 3077 3363 3129 ὲκ
3409 3073 3507 3129 τοῦ
3536 3073 3652 3128 τῶν

2068 3250 2241 3305 Erant
2269 3266 2462 3307 omnes
2492 3252 2547 3306 in
2580 3255 2757 3309 muris
2783 3262 2838 3306 et
2866 3252 3113 3307 turribus
3137 3267 3198 3308 ea
3232 3262 3414 3317 nocte,
3444 3262 3501 3309 et
3525 3268 3656 3323 pero

2023 3398 2026 3402 Α
2068 3351 2136 3396 t:e
2171 3343 2447 3399 tutissime
2479 3344 2700 3411 clausae,
2739 3360 2836 3409 per
2869 3360 3007 3415 quas
3038 3360 3204 3400 nemo
3238 3352 3331 3399 aut
3363 3346 3519 3400 exire
3549 3356 3651 3401 aut

2068 3435 2277 3493 intrare
2317 3446 2526 3505 posset.
2578 3436 2684 3492 Ubi
2716 3437 2771 3492 in
2799 3437 3079 3509 Calignria
3114 3438 3368 3491 venimus
3398 3437 3503 3492 sub
3530 3438 3651 3507 pri-

2069 3544 2217 3583 mum
2269 3539 2488 3583 cantum
2526 3529 2676 3599 galli,
2730 3544 2796 3583 ex
2828 3529 2992 3597 equis
3042 3529 3432 3584 descendimus
3480 3538 3651 3598 atque

2067 3619 2416 3675 ascendimus
2440 3621 2491 3673 in
2518 3620 2737 3674 turrim.
2759 3621 2835 3675 lbi
2862 3618 2996 3675 foris
3018 3620 3242 3676 crebros
3266 3621 3651 3689 colloquentes

2067 3718 2122 3764 et
2151 3725 2408 3781 magnum
2451 3712 2742 3778 strepitum
2778 3710 3119 3773 audivimus,
3146 3711 3520 3780 dixeruntque
3549 3727 3649 3766 cn-

2068 3800 2277 3864 stodes,
2304 3816 2398 3870 per
2425 3810 2591 3857 totam
2623 3812 2839 3857 noctem
2866 3804 2938 3857 ita
2971 3803 3109 3857 fieri.
3139 3804 3350 3873 Quippe
3375 3804 3646 3874 quidquid

2067 3892 2560 3948 instrumentorum
2613 3895 2680 3948 ad
2727 3895 3126 3965 oppugnandos
3162 3910 3351 3949 muros
3388 3906 3648 3965 paratum

2066 3994 2206 4045 erat.
2259 3984 2326 4038 ad
2365 3984 2570 4038 fossam
2624 3986 3062 4054 comportabant.
3109 3986 3328 4040 Interim
3378 3987 3543 4041 etiam
3592 3989 3649 4042 in

2068 4077 2348 4131 littoribus
2369 4078 2552 4130 omnia
2585 4076 2798 4131 fervent
2822 4078 3107 4132 ‘:’maxima
3130 4077 3371 4133 hostium
3399 4081 3649 4149 navigia.

2066 4166 2318 4221 triremes
2347 4174 2402 4221 et
2430 4177 2622 4236 pontes
2658 4167 2711 4221 in
2754 4177 2915 4237 portu
2955 4169 3221 4223 exstructi
3262 4169 3542 4224 moenibus
3586 4180 3645 4225 et

2068 4258 2340 4315 littoribus
2356 4252 2736 4325 admoventur.
2758 4259 2917 4314 Circa
2945 4258 3244 4315 secundum
3271 4261 3397 4329 galli
3424 4271 3649 4317 cantum

392 4369 499 4405 non
524 4351 635 4421 iam
679 4352 974 4405 liberorum
1009 4350 1486 4415 cbarissimorum,
1519 4358 1611 4402 aut
1636 4349 1963 4419 coniugum,
1999 4341 2044 4399 D
2072 4350 2193 4404 sine
2224 4350 2339 4405 ullo
2369 4352 3036 4421 signo,tquemadmodum
3068 4352 3233 4406 etiam
3264 4355 3652 4422 superioribus

392 4452 485 4498 aut
518 4444 838 4498 facultatum
873 4457 1168 4505 memores,
1212 4442 1307 4496 sed
1335 4441 1509 4495 solius
1540 4442 1754 4505 mortis,
1796 4455 1962 4510 quam

393 4553 491 4606 pro
516 4536 695 4590 salute
731 4536 920 4604 patriae
953 4536 1109 4589 obire
1158 4536 1377 4590 vellent.
1434 4535 1513 4589 Ad
1545 4551 1698 4589 suam
1730 4537 1968 4605 quisque

395 4630 688 4682 stationem
744 4627 1048 4692 redierunt,
1091 4636 1146 4679 et
1177 4627 1232 4680 in
1266 4628 1439 4680 muris
1474 4624 1781 4680 custodiam
1835 4641 1968 4695 age-

394 4723 527 4775 lmrt
571 4720 877 4787 diligenter.
922 4718 1226 4787 imperator
1259 4717 1628 4771 venerandum
1674 4716 1969 4786 Sapientia:

398 4812 487 4864 Dei
517 4810 678 4865 Verbi
726 4811 983 4879 templum
1036 4811 1341 4879 ingressus,
1388 4810 1643 4877 precibus
1679 4810 1754 4863 ibi
1803 4818 1858 4861 et
1888 4808 1968 4862 Ia-

394 4906 598 4975 crytnis
639 4903 848 4966 effusis,
882 4903 1075 4958 intacti
1107 4913 1161 4957 et
1206 4902 1374 4955 divini
1416 4902 1660 4973 mysterii
1693 4903 1969 4971 particeps

398 4994 571 5049 factus
602 5002 685 5047 est
718 5010 732 5048 :
766 4993 911 5063 quod
941 4992 1083 5046 idem
1114 4992 1207 5046 alii
1239 4992 1396 5046 multi
1426 4993 1616 5046 eadem
1647 5003 1805 5046 nocte
1828 4992 1970 5047 fece-

396 5096 543 5141 runt.
591 5086 794 5141 Deinde
834 5086 887 5139 in
939 5085 1203 5154 palatium
1254 5100 1315 5139 se
1344 5084 1605 5148 Contulit,
1643 5085 1829 5153 ibique
1862 5085 1968 5138 ali.

396 5178 714 5244 qtmntisper
767 5186 1033 5239 moratus,
1085 5177 1156 5231 ab
1206 5176 1464 5231 omnibus
1517 5176 1730 5230 veniam
1792 5176 1968 5246 petiit.

398 5270 531 5334 Quis
583 5268 743 5324 fletus
793 5280 845 5324 et
906 5270 1140 5325 lamenta
1182 5281 1296 5324 tum
1345 5269 1529 5323 audita
1566 5284 1659 5338 per
1705 5269 1967 5337 palatium

397 5361 559 5415 fando
592 5372 923 5432 assequatur
943 5363 966 5416 ?
989 5363 1043 5417 Si
1073 5363 1198 5430 quis
1227 5362 1436 5432 ligneus
1458 5370 1553 5415 aut
1582 5377 1780 5417 saxeus
1808 5361 1972 5416 homo

391 5454 612 5516 fuisset.
645 5470 752 5509 non
794 5456 1060 5525 potuisset
1106 5455 1211 5510 sibi
1261 5464 1568 5523 temperare
1611 5468 1642 5507 a
1690 5454 1967 5521 lacrymis.

466 5544 803 5602 Conscensis
831 5548 1010 5615 cquis,
1035 5564 1065 5601 e
1097 5546 1299 5616 palatio
1333 5545 1646 5617 egredimur
1667 5556 1721 5599 et
1750 5545 1971 5600 obimns

398 5637 623 5698 naenia.
675 5640 742 5692 att
793 5638 987 5702 vigiles
1034 5637 1298 5695 excubias
1343 5637 1599 5692 custodes
1644 5636 1968 5692 excitatum.

2070 4441 2267 4495 diebus
2296 4439 2560 4504 fecerant,
2584 4444 3047 4512 oppugnationem
3078 4444 3321 4511 impense
3348 4453 3403 4497 et
3425 4460 3653 4501 summo

2071 4544 2272 4587 conatu
2318 4533 2633 4589 ordiuntur.
2681 4533 3024 4603 Praeceperat
3074 4543 3255 4589 autem
3300 4551 3545 4599 ameras,
3592 4547 3654 4592 ut

2071 4627 2165 4695 qui
2207 4627 2286 4681 rei
2321 4626 2579 4682 militaris
2613 4627 2796 4683 minus
2830 4628 2990 4698 periti
3032 4638 3219 4683 essent
3246 4638 3300 4683 et
3326 4643 3485 4684 senes
3521 4630 3655 4699 qui-

2071 4717 2196 4770 dam
2241 4726 2298 4769 et
2356 4717 2734 4772 adolescentes
2774 4733 3011 4787 pugnam
3058 4718 3484 4778 committerent,
3542 4735 3655 4789 quo

2073 4822 2175 4862 nos
2205 4808 2552 4877 aliquantum
2588 4809 2901 4879 fatigarent,
2935 4819 2992 4864 et
3025 4810 3343 4873 validiores,
3388 4810 3654 4866 fortiores

2072 4912 2128 4957 et
2155 4902 2304 4956 bello
2332 4905 2751 4958 exercitatiores
2779 4903 2973 4972 majori
3005 4903 3235 4957 audacia
3268 4914 3325 4959 et
3356 4904 3651 4960 alacritate

2075 5009 2175 5049 nos
2202 4994 2654 5063 aggrederentur.
2691 4994 2883 5048 Fiebat
2917 4995 3017 5060 ita,
3045 5010 3109 5048 ac
3135 4994 3385 5062 prmlium
3420 5004 3473 5048 et
3504 5010 3645 5049 cono

2074 5086 2253 5141 flictus
2275 5085 2481 5141 camini
2506 5087 2680 5140 instar
2701 5086 2931 5141 exarsit.
2956 5086 3143 5141 Nostri
3177 5084 3397 5139 fortiter
3424 5086 3654 5141 resiste-

2075 5181 2224 5241 bant,
2259 5180 2401 5234 male
2423 5194 2519 5234 eos
2544 5178 2890 5248 excipiebant
2912 5187 2963 5231 et
2990 5180 3057 5233 de
3082 5179 3362 5233 momibus
3392 5168 3657 5233 deturba-

2074 5270 2227 5332 bant,
2259 5281 2311 5326 et
2338 5271 2632 5326 nonnullas
2663 5260 2944 5325 machinas
2976 5282 3030 5324 et
3057 5270 3425 5325 instrumenta
3455 5270 3657 5323 bellica

2074 5376 2265 5416 eorum
2294 5361 2710 5429 din‘ringebant,
2738 5370 2816 5426 et,
2846 5377 2968 5414 cum
3002 5361 3263 5431 utrinque
3289 5358 3576 5421 caderent,
3623 5372 3657 5411 e

2075 5450 2274 5509 Turcis
2311 5464 2493 5508 tamen
2541 5454 2729 5523 plures
2773 5453 3067 5507 cadebant.
3103 5450 3205 5507 Ubi
3244 5461 3428 5506 autem
3478 5449 3657 5504 stella

2076 5545 2129 5599 in
2164 5545 2304 5600 coelo
2342 5546 2549 5600 micare
2587 5552 2897 5608 cessarunt,
2938 5543 3252 5599 lucescente
3279 5542 3485 5597 lumine
3516 5539 3654 5603 diei,

2075 5650 2126 5693 ct
2162 5639 2228 5693 ab
2265 5638 2474 5692 oriente
2522 5652 2675 5693 rosea
2711 5652 2910 5692 aurora
2951 5636 3278 5707 comparuit,
3318 5632 3505 5689 omnis
3556 5632 3670 5713 lto-~
