3916 6196
463 342 570 406 875

1687 336 2012 415 GEORGII
2052 337 2253 395 PIIRA
2271 338 2480 399 ΝΤΖίΕ

3594 332 3714 395 875

469 460 548 519 εἰς
591 455 724 510 Θεδν
774 449 866 506 τοῦ
902 445 1040 506 εἶναι
1086 449 1350 519 ἡμετέρα.
1385 447 1608 511 Λοιπὸν,
1640 449 1879 516 ἀδελφοὶ,
1918 447 2035 516 χαί-
2065 455 2108 504 Α
2137 450 2471 518 φρονήσεως.
2508 449 2572 502 Ol
2627 447 2684 501 δὲ
2715 437 2990 517 Τοῦρκοι,’
3032 445 3230 506 ἰδόντες
3289 446 3385 516 τὴν
3435 425 3718 514 τοσαύτην

474 563 620 616 pete,
653 545 734 598 δτι
785 545 812 595 6
863 541 1159 611 πολύτιμος
1210 537 1478 605 στέφανος
1523 537 1651 604 ὑμῖν
1687 537 1885 600 ³έσεττιιι,
1919 540 2038 609 οὑχὶ

473 639 633 706 μόνον
666 633 903 704 φθαρτὸς
932 633 1024 686 καὶ
1055 631 1268 701 γήϊνος,
1300 629 1438 682 ἀλλὰ
1461 630 1555 681 καὶ
1588 630 1931 698 ἐπουράνιος.
1981 627 2039 681 'U

467 731 599 792 Θεὸς
629 729 656 780 ὀ
693 727 834 796 ὑπὲρ
870 725 1027 795 ἡμῶν
1060 724 1312 792 πολεμεῖ,
1352 722 1526 792 δειλίᾳ
1557 721 1781 790 κατέχει
1811 721 1870 772 τὸ
1905 721 2042 789 πλῆ-

471 822 560 883 θος
594 820 702 874 τῶν
737 819 967 872 ἀσεϐῶν.
1017 837 1034 870 ι

551 912 662 966 Καὶ
709 911 884 964 ταῦτα
933 909 1027 962 τοῦ
1087 907 1357 978 βασιλέως
1414 906 1686 974 λέγοντος,
1729 906 1981 975 Ἰωάννης
2015 908 2042 957 ὁ

487 1004 869 1064 ’Ῑουστινιανὸς
916 1005 942 1054 6
974 1003 1070 1054 καὶ
1121 999 1428 1070 στρατηγὸς
1471 999 1682 1066 ἐπλήγη
1709 998 1862 1062 τόξου
1898 998 2040 1066 βέλει

477 1102 533 1149 ὲν
585 1099 697 1159 τοῖς
746 1095 990 1147 σκέλεσιν
1039 1093 1130 1145 ἐπὶ
1167 1091 1258 1145 τὸν
1310 1090 1483 1154 δεξιὸν
1532 1090 1688 1142 πόδα.
1725 1090 1893 1152 Αὐτὸς
1927 1089 1984 1142 δὲ
2016 1091 2043 1142 ὀ

476 1187 730 1239 τοσοῦτον
784 1185 1044 1254 ἔμπειρος
1097 1183 1170 1234 ὢν
1225 1181 1488 1247 πολέμου,
1519 1180 1592 1242 ὡς
1649 1175 1757 1231 εἶδε
1803 1180 1862 1231 τὸ
1909 1174 2046 1246 αἷμα

477 1281 622 1348 ῥέειν
654 1279 717 1329 ἐκ
741 1275 834 1328 τοῦ
870 1277 1121 1344 σώματος
1155 1273 1346 1338 αὑτοῦ,
1371 1274 1491 1333 ὅλος
1527 1271 1824 1340 ἠλλοιώθη,
1859 1273 1950 1324 καὶ
1977 1271 2045 1342 ἣν

475 1357 811 1437 προέδειξεν
844 1368 1068 1434 ἀνδρίαν
1101 1369 1163 1417 ὲκ
1199 1364 1294 1417 τοῦ
1340 1363 1505 1430 φόϐου
1553 1363 1740 1432 ἐχασε,
1778 1365 1874 1416 καὶ
1905 1364 2046 1416 ἀνω-

477 1463 654 1529 φελῶς
692 1462 826 1529 μετὰ
859 1461 1029 1512 ταῦτα
1057 1459 1278 1526 ἔπραξε.
1313 1457 1408 1520 ’ος
1432 1455 1782 1526 ἀνεχώρησεν
1813 1455 1932 1508 ὅθεν
1957 1451 2043 1526 ἦν.

475 1553 640 1625 284
671 1553 825 1606 Μετὰ
877 1551 1090 1618 σιωπῆς
1141 1549 1396 1616 διήρχετο
1449 1548 1629 1612 ζητῶν
1688 1550 1928 1616 ἰατροὺς,
1972 1551 2046 1618 μὴ

481 1639 835 1711 μνημονεύων
867 1642 964 1705 τῆς
995 1638 1394 1706 γενναιότητος
1415 1639 1508 1689 καὶ
1543 1637 1950 1703 ἐπιδεξιότητος
1978 1639 2046 1708 ἥν

481 1731 717 1801 ἀρχῆθεν
768 1729 956 1794 ἔδειξε.
994 1730 1104 1781 Καὶ
1141 1729 1240 1780 οὐκ
1293 1725 1414 1779 εἶπε
1451 1730 1562 1788 τοῖς
1612 1727 1862 1781 συνοῦσιν
1898 1729 2046 1798 αὐτῷ

479 1827 651 1888 οὐδὲν,
681 1823 803 1876 οὕτε
841 1824 954 1875 ἀντ’
991 1823 1157 1875 αὑτοῦ
1203 1821 1354 1873 εἴασέ
1386 1837 1510 1872 τινα
1544 1820 1754 1887 ἕτερον,
1789 1820 1875 1871 ἵνα
1907 1820 1982 1889 μὴ
2013 1823 2045 1889 ἡ

479 1919 730 1986 γεγονυῖα
763 1915 1026 1983 σύγχυσις
1058 1914 1284 1981 γένηται
1331 1912 1425 1963 καὶ
1455 1910 1722 1963 ἀπώλεια.
1769 1912 2048 1979 Στραφέν-

477 2027 567 2070 τες
599 2008 653 2060 δὲ
684 2009 731 2060 οἱ
754 2004 1090 2071 στρατιῶται
1123 2003 1214 2054 καλ
1252 2001 1342 2074 μη
1360 2001 1558 2063 ἰδόντες
1583 2001 1677 2050 τὸν
1711 2003 2044 2067 carpatur)”,

482 2101 568 2152 διὲ
603 2098 695 2151 τοῦ
736 2097 991 2166 ῥηθέντος
1021 2093 1180 2160 λόγου
1219 2093 1301 2144 ὅτι
1336 2091 1538 2158 ἔφυγεν
1569 2092 1647 2152 είς
1679 2091 1926 2160 ταραχὴν
1955 2093 2050 2144 καὶ

483 2192 686 2244 δειλῐαν
729 2187 984 2256 ,μεγάλην
1032 2185 1312 2237 ἐνέπεσον.
1375 2183 1432 2234 'U
1481 2181 1575 2236 οὖν
1621 2183 1878 2252 βασιλεὺς
1911 2185 2051 2236 κατὰ

486 2277 787 2346 συγκυρίαν
835 2275 998 2328 πάλιν
1044 2275 1224 2325 ἐκεῖσε
1279 2273 1522 2341 εὑρεθεὶς
1575 2274 1675 2342 ὁρᾷ
1725 2274 1850 2337 τοὺς
1889 2290 2051 2343 στρα-

481 2373 684 2434 τιώτας
720 2367 1164 2438 συγκεχυμένους
1199 2370 1296 2420 καὶ
1329 2366 1567 2434 μεστοὺς
1600 2367 1768 2434 φόϐου
1816 2369 1890 2429 ὡς
1917 2369 2050 2435 πρό-

484 2461 622 2513 ϐατα
647 2459 971 2525 διωκόμενα,
1001 2456 1095 2508 καὶ
1127 2453 1316 2523 μαθὼν
1348 2455 1408 2505 τὸ
1436 2453 1611 2505 αἴτιον
1644 2456 1737 2507 καὶ
1764 2456 1855 2506 τὸν
1888 2473 2053 2524 στρα-

485 2551 651 2619 τηγὸν
691 2546 855 2602 αὐτοῦ
909 2546 1293 2600 Ἰουστινιανὸν
1342 2544 1465 2597 ἰδὼν
1523 2545 2052 2613 φεύγοντασὲγγίσας

489 2643 638 2712 αὐτῷ
663 2641 810 2708 λέγει
841 2655 853 2671 ο
894 2657 912 2690 ι
950 2637 1199 2705 Ἀδελφέ,
1233 2636 1287 2688 τί
1319 2636 1476 2688 τοῦτο
1504 2639 1856 2706 πεποίηκαςς
1892 2639 2054 2709 Στρέ-

491 2737 593 2802 ψον
624 2736 680 2786 ἐν
709 2732 784 2802 τῷ
813 2731 1226 2799 διατεταγμένῳ
1259 2745 1353 2781 σου
1381 2730 1550 2794 τόπῳ.
1598 2727 1663 2781 Ἥ
1698 2730 1882 2800 πληγὴ
1914 2729 2050 2800 αὕτη

491 2829 670 2895 ὀλίγον
697 2825 747 2879 τί
779 2827 912 2877 ἐστι.
936 2821 1297 2893 Στρέψον,ὃτι
1320 2821 1386 2873 τὰ
1417 2820 1512 2873 νῦν
1539 2823 1571 2888 ὴ
1603 2822 1806 2874 πλείων
1842 2825 2052 2890 ἀνάγκη

492 2916 659 2970 ἐστίν.
701 2916 765 2968 ’Π
802 2913 956 2974 πόλις
1006 2913 1086 2974 είς
1135 2911 1324 2980 χεῖράς
1375 2928 1470 2963 σου
1519 2910 1811 2980 κρέμεται,
1845 2912 1932 2964 ἵνα
1964 2912 2056 2963 λυ-

489 3005 702 3078 τρὼσῃς
749 3004 939 3072 αὐτήν.
975 3019 993 3053 ι
1042 3000 1217 3054 Πολλὰ
1247 2999 1303 3051 δὲ
1349 3001 1600 3060 είπόντος
1628 2999 1744 3068 ,τοῦ
1794 3000 2056 3067 βασιλέως

2142 538 2404 606 σύγχυσιν
2439 539 2548 592 τῶν
2579 541 2888 609 ἡμετέρων,
2938 539 3136 606 θάρσος
3168 537 3381 590 ἔλαϐον.
3416 538 3570 591 Ἐκεῖ
3620 541 3722 588 καὶ

2140 629 2168 680 6
2202 630 2373 694 Σογὰν
2405 631 2647 698 μπασιᾶς
2678 629 2873 698 παρὼν
2906 631 3019 691 τοῖς
3063 628 3442 696 ίαννιτζαρίοις
3473 631 3570 680 καὶ
3600 631 3721 690 τοῖς

2144 721 2350 788 ἑτέροις
2376 721 2676 791 διαλεχθεὶς
2703 723 3002 790 ἐπήγειρεν
3035 721 3213 773 αὐτῶν
3251 721 3721 789 τὰ,φρονήματα.

2144 813 2254 863 Καί
2312 830 2394 874 τις
2454 812 2790 881 ίαννίτζαρις
2844 811 3088 881 τοῦνομα
3151 813 3409 877 Χασάνης
3471 811 3559 877 (ὲκ
3623 811 3720 862 to]

2146 907 2448 960 Λουπαδίου
2497 909 2525 958 6
2580 909 2923 976 γιγαντώδης
2982 908 3208 976 ὥρμητο
3273 905 3512 976 λένδρος)
3573 907 3720 972 ὑπὲρ

2147 999 2390 1064 κεφαλῆς
2422 1001 2489 1068 τῇ
2523 999 2792 1070 ἀριστερᾷ
2815 1000 2959 1069 χειρὶ
2993 1000 3084 1052 τὸν
3112 999 3304 1068 θυρεὸν
3339 997 3539 1066 βαλὼν,
3567 1000 3638 1064 τῇ
3666 997 3723 1047 δὲ

2147 1091 2294 1160 δεξιᾷ
2319 1093 2378 1144 τὸ
2406 1091 2558 1161 ξίφος
2585 1094 2991 1162 ἀσπασάμενος,
3020 1095 3111 1144 ἐπὶ
3148 1093 3210 1144 τὸ
3241 1093 3436 1160 τεῖχος,
3461 1084 3525 1143 οὗ
3551 1091 3724 1146 ἐθεώ-

2123 1199 2233 1253 ’ρει
2293 1187 2389 1252 τὴν
2441 1187 2727 1256 σύγχυσιν,
2787 1187 3084 1258 ἐχώρησεν.
3367 1185 3608 1236 Ἐποντο
3668 1185 3723 1235 δὲ

2147 1276 2294 1344 αὑτῷ
2323 1278 2415 1328 καὶ
2454 1278 2631 1346 έτεροι
2675 1278 2809 1329 ὡσεὶ
2845 1280 3163 1347 τριάκοντα,
3195 1277 3293 1342 τὴν
3346 1275 3574 1344 ἀνδρίαν
3630 1275 3727 1341 ζη-

2147 1366 2440 1431 λώσαντες.
2474 1370 2535 1420 Οἱ
2589 1369 2646 1421 δὲ
2696 1370 3165 1436 ὲναπομείναντες
3223 1368 3481 1435 ἡμέτεροι
3535 1366 3596 1418 ἐν
3646 1366 3728 1433 τῷ

2149 1461 2317 1527 τείχει
2347 1460 2739 1528 κατηκόντιζον
2766 1461 2964 1522 αὐτοὺς
2997 1461 3089 1512 καὶ
3125 1459 3337 1528 βέλεσιν
3368 1459 3602 1512 ἔϐαλλον
3638 1462 3734 1510 καὶ

2150 1548 2330 1611 λίθους
2372 1550 2780 1618 ὑπερμεγέθεις
2812 1551 3027 1604 ὲκύλιον
3061 1551 3182 1603 κατ’
3212 1550 3389 1604 αὑτῶν
3413 1567 3426 1580 ·
3462 1551 3603 1603 δέκα
3638 1552 3732 1602 καὶ

2153 1640 2295 1691 ὀκτὼ
2347 1640 2404 1704 ἐξ
2448 1642 2627 1693 αὐτῶν
2661 1643 3106 1710 ἁπεκρήμνισαν.
3156 1641 3214 1694 Ὀ
3263 1643 3318 1695 δὲ
3366 1642 3634 1711 Χασάνης
3671 1645 3730 1694 οὗ

2154 1731 2418 1801 πρότερον
2451 1733 2653 1801 ἐπέσχε
2694 1735 2807 1800 ,τὴν
2835 1733 3011 1803 ὀρμὴν
3039 1735 3070 1804 ἣ
3102 1735 3346 1786 ἀνελθεῖν
3383 1737 3436 1785 ἐν
3471 1735 3584 1796 τοῖς
3619 1736 3731 1784 τεῐο

2151 1839 2268 1890 χεσι
2320 1825 2414 1874 καὶ
2451 1823 2758 1892 τρέψασθαι
2801 1826 2929 1887 τοὺς
2977 1825 3302 1894 ἡμετέρους.
3346 1826 3543 1877 Ἠνίκα
3599 1825 3730 1890 γοῦν

2151 1913 2420 1983 ἐκράτησε
2457 1915 2553 1982 τῆς
2583 1916 3006 1984 ἐπιχειρήσεως,
3046 1920 3140 1969 καὶ
3168 1918 3348 1986 ἕτεροι
3383 1917 3571 1969 πολλοὶ
3605 1920 3733 1969 ἀκο-

2151 2003 2509 2073 λουθήσαντες
2569 2007 2874 2075 ἀνήρχοντο
2922 2011 3001 2070 εἰς
3062 2009 3120 2060 1:6
3185 2011 3382 2077 τεῖχος.
3432 2010 3549 2061 Καὶ
3597 2011 3728 2071 τοὺς

2152 2093 2538 2157 ἀναϐαίνοντας
2567 2096 2665 2147 οὐκ
2699 2096 2944 2166 ἔφθασαν
2972 2097 3205 2152 κωλύειν
3250 2103 3298 2151 oi
3330 2101 3599 2168 ἡμέτεροι
3637 2101 3726 2152 διὰ

2149 2184 2248 2254 τὴν
2296 2186 2586 2256 ὀλιγότητα
2615 2203 2627 2218 ο
2664 2189 2713 2240 οἱ
2763 2189 2818 2242 δὲ
2872 2191 3126 2257 πολέμιοι
3164 2193 3369 2261 πλῆθος
3399 2188 3564 2263 ἦσαν.
3599 2194 3726 2253 Τοῖς

2150 2277 2206 2328 δὲ
2263 2277 2497 2330 ἀναϐᾶσι
2551 2279 2961 2348 συμπλέκοντες
3016 2283 3308 2353 ἐμάχοντο,
3350 2287 3443 2338 καὶ
3498 2282 3566 2355 ἦν
3627 2291 3726 2339 οὐκ

2151 2365 2330 2431 ὀλίγος
2375 2368 2554 2419 αὐτῶν
2607 2370 2635 2420 6
2685 2369 2864 2437 φόνος.
2904 2373 3013 2426 Καὶ
3042 2375 3069 2423 6
3101 2373 3361 2442 Χασάνης
3415 2375 3725 2444 μαχόμενος

2154 2458 2550 2524 προσπαισθεὶς
2575 2459 2750 2530 πέτρα
2774 2463 2881 2533 τινὶ
2904 2463 3230 2518 κατέπεσεν.
3262 2465 3726 2535 Ἐπιστραφέντες

2152 2548 2286 2599 δὲοὶ
2317 2550 2582 2628 ἡμέτεροι
2634 2553 2726 2604 καὶ
2766 2551 2968 2615 ἰδόντες
3012 2555 3178 2608 αὐτὸν
3215 2557 3464 2624 κείμενον
3493 2560 3728 2625 πέτραις

2153 2639 2396 2690 έϐαλλονυ
2416 2640 2681 2692 πάντοθεν
2709 2657 2722 2672 ⁸
2784 2644 2812 2695 6
2839 2643 2898 2696 δὲ
2958 2645 3037 2706 εἰς
3093 2647 3222 2713 γόνυ
3255 2648 3544 2711 διαναστὰς
3582 2652 3716 2719 ﬂgi-

2156 2745 2295 2788 νετο,
2326 2729 2430 2781 ὑπὸ
2458 2730 2512 2783 δὲ
2548 2731 2641 2783 τοῦ
2698 2733 2956 2809 πλήθους
2979 2735 3090 2787 τῶν
3121 2741 3450 2806 τραυμάτων
3485 2743 3726 2809 παρείθη

2155 2819 2251 2884 τὴν
2277 2818 2466 2897 δεξιὰν.
2491 2825 2586 2872 καὶ
2631 2805 2959 2891 κατεχώσθη
3005 2828 3120 2888 τοῖς
3156 2827 3356 2896 βέλεσι.
3399 2832 3506 2885 Καὶ
3541 2832 3724 2900 ἕτεροι

2157 2909 2344 2962 πολλοὶ
2396 2912 2826 2982 ἀπεκτάνθησαν
2880 2917 2976 2968 καὶ
3022 2918 3342 2986 ἐπλήγησαν
3390 2922 3480 2973 καὶ
3533 2922 3728 2976 ἕνεκεν

2157 3000 2264 3050 τῶν
2293 3003 2629 3070 τραυμάτων
2660 3005 2796 3070 πρὸς
2836 3006 2897 3058 τὸ
2924 3009 3289 3074 στρατόπεδον
3325 3012 3726 3082 ἐκομίσθησαν.

486 3097 636 3165 αὐτῷ
666 3096 818 3149 οὐδὲν
849 3093 1203 3162 ἀπεκρίνατο,
1236 3089 1352 3145 ἀλλ’
1380 3093 1437 3144 ὲν
1464 3093 1540 3161 τῷ
1566 3092 1781 3162 Γαλατᾷ
1806 3093 2054 3162 περάσας
2081 3107 2122 3164 C
2157 3087 2288 3143 Εἶτα
2340 3093 2596 3146 τοσοῦτον
2652 3096 2858 3149 ἀναϐὰν
2913 3098 2973 3149 τὸ
3024 3099 3228 3166 πλῆθος
3271 3101 3380 3154 τῶν
3450 3106 3732 3173 πολεμίων

488 3189 728 3257 αἰσχρῶς
789 3188 907 3240 ἐκεῖ
959 3183 1191 3254 τελευτᾷ
1245 3186 1308 3236 ἐκ
1360 3183 1460 3251 τῆς
1503 3183 1726 3252 πικρίας
1775 3188 1869 3239 καὶ
1901 3202 2055 3255 περι-

491 3372 567 3421 Ac
595 3367 844 3436 gaudete,
879 3365 1102 3426 fratres,
1134 3363 1396 3432 quoniam
1425 3376 1626 3415 corona
1659 3364 2056 3430 pretiosissima

490 3459 645 3525 vobis
675 3456 910 3524 reposita
938 3463 1045 3516 est,
1073 3469 1180 3507 non
1215 3453 1362 3508 ﬂuxa
1391 3464 1443 3508 et
1477 3464 1692 3509 terrena
1727 3457 1928 3518 solum,
1963 3455 2058 3510 sed

491 3550 655 3601 etiam
691 3545 955 3600 caelestis.
1008 3544 1114 3608 Qui
1153 3557 1252 3609 pro
1292 3544 1450 3597 nobis
1492 3553 1694 3614 pugnat
1745 3543 1909 3610 Deus,
1959 3545 2061 3600 im-

494 3645 712 3711 piorum
749 3639 934 3706 copias
969 3636 1261 3691 formidine
1291 3636 1532 3690 cohibet.
1561 3655 1578 3686 ι

561 3730 684 3794 Haec
731 3727 944 3781 dicente
995 3725 1348 3794 imperatore,
1407 3723 1644 3779 Joannes
1715 3723 2062 3781 Justinianus

492 3823 599 3874 dnx
634 3821 831 3890 sagitta
859 3817 1183 3870 vulneratus
1213 3823 1300 3870 est
1333 3815 1385 3869 in
1419 3816 1646 3870 dextero
1677 3816 1837 3884 pede.
1867 3813 1957 3868 Vir
1982 3805 2069 3869 rei

495 3913 744 3966 militaris
769 3920 876 3964 tam
901 3908 1120 3977 egregie
1145 3909 1376 3973 peritus,
1408 3906 1500 3960 ubi
1535 3908 1855 3974 sanguinem
1887 3920 1916 3959 e
1941 3920 2061 3960 cor-

496 4021 626 4072 pore
671 3999 1032 4069 proﬂuentem
1065 3994 1219 4060 vidit,
1252 4007 1402 4051 totus
1446 4006 1711 4061 mutatus,
1745 4010 1906 4064 quam
1941 4006 2063 4050 ante

495 4095 808 4144 ostenderat
853 4089 1138 4151 virtutem,
1196 4088 1378 4143 statim
1437 4100 1640 4154 pavore
1693 4086 1914 4154 abiecit,
1965 4101 2063 4140 nec

497 4185 796 4254 quidquam
829 4191 1014 4250 postea
1063 4196 1241 4248 operae
1270 4180 1512 4243 navavit,
1546 4180 1640 4238 sed
1677 4181 1816 4243 loco,
1860 4179 1912 4232 in
1953 4194 2062 4248 quo

496 4285 639 4338 erat,
663 4273 876 4334 relicto,
908 4287 1029 4324 eum
1057 4270 1278 4324 silentio
1309 4269 1588 4333 discessit,
1619 4269 1888 4322 medicum
1917 4285 2063 4338 qua:-

498 4381 644 4428 rens,
681 4378 782 4418 nec
814 4377 1022 4416 memor
1049 4360 1390 4414 fortitudinis
1418 4369 1472 4413 et
1502 4360 1866 4424 dexteritatis,
1897 4375 2063 4428 quam

2160 3185 2284 3245 τοὺς
2362 3186 2674 3256 ήμετέρους
2729 3188 3116 3256 διεσκέδασαν,
3174 3194 3265 3244 καὶ
3323 3195 3550 3260 ἀφέντες
3606 3200 3732 3258 τοὺς

2163 3371 2274 3426 tus,
2318 3379 2554 3418 mmrore
2609 3367 2767 3421 obiit.
2821 3368 3045 3423 Interim
3096 3369 3307 3436 Turcae,
3355 3374 3730 3429 animadversa

2163 3464 2312 3507 tanta
2339 3463 2652 3509 nostrorum
2679 3460 3110 3525 perturbatione,
3138 3473 3464 3532 receperunt
3489 3464 3730 3524 animos;

2164 3549 2332 3609 atque
2357 3541 2539 3610 Sogan
2574 3545 2753 3598 basias
2777 3543 3110 3614 iannitzaros
3138 3549 3381 3617 aliosque
3408 3551 3731 3604 adhortatus

2162 3637 2356 3690 erexit.
2384 3634 2738 3692 Jannitzarus
2764 3639 3008 3706 quidam,
3050 3631 3268 3694 nomine
3296 3642 3598 3704 Cbasanes,
3630 3642 3727 3695 Lu-

2162 3726 2324 3786 padio
2357 3727 2651 3792 oriundus.
2701 3730 2906 3797 ingenti
2936 3730 3187 3798 corporis
3226 3733 3620 3798 magnitudine,
3662 3737 3734 3787 si-

2164 3817 2336 3874 nistra
2359 3833 2522 3871 manu
2547 3835 2710 3888 supra
2736 3831 2900 3889 caput
2925 3833 3140 3876 scutum
3169 3824 3519 3892 protendens,
3543 3826 3729 3880 dextra

2165 3908 2404 3977 gladium
2431 3911 2732 3979 stringens;
2759 3913 2826 3965 ad
2857 3929 3098 3978 murum,
3123 3929 3228 3983 qua
3247 3916 3490 3970 turbatos
3516 3929 3735 3972 nostros

2165 3999 2322 4064 vidit,
2390 4003 2687 4069 processit,
2746 4003 2970 4058 circiter
3000 4005 3216 4074 triginta
3272 4006 3485 4061 virtutis
3519 4012 3738 4064 aemulis

2166 4091 2546 4158 sequentibus.
2584 4092 2764 4146 Nostri
2817 4105 3145 4149 manserunt
3201 4098 3253 4149 in
3303 4112 3479 4161 muro,
3529 4114 3736 4167 eosque

2163 4181 2363 4249 jaculis
2393 4192 2449 4236 et
2479 4184 2778 4264 grandibus
2798 4187 2950 4239 saxis
2982 4198 3316 4255 exerperunt
3345 4198 3512 4258 atque
3543 4191 3733 4245 decem

2166 4280 2220 4324 et
2257 4281 2379 4326 octo
2437 4274 2815 4329 deturbarttnt.
2849 4275 3050 4330 Verum
3101 4277 3382 4334 Cliasanes
3430 4295 3540 4334 non
3587 4299 3738 4350 prius

2169 4362 2380 4416 remisit
2433 4365 2718 4431 impetum,
2767 4381 2953 4430 quam,
2991 4373 3235 4423 'escenso
3288 4385 3469 4435 muro,
3521 4387 3740 4427 nostros

497 4471 526 4509 a
562 4455 833 4524 principio
868 4455 1198 4521 praestiterat
1235 4467 1248 4504 :
1286 4465 1385 4503 nec
1421 4465 1548 4503 vero
1591 4450 1658 4504 iis
1689 4455 1778 4518 qui
1812 4451 2057 4512 aderant,
2098 4451 2138 4503 D
2170 4452 2398 4520 fugaret.
2455 4455 2752 4524 Postquam
2803 4454 2972 4527 igitur
3011 4474 3146 4514 auso
3191 4463 3396 4529 potitus
3433 4473 3539 4526 est,
3573 4467 3738 4519 etiam

499 4546 667 4597 ullum
702 4545 923 4597 verbum
959 4541 1110 4603 fecit,
1137 4550 1228 4594 aut
1267 4540 1351 4594 sui
1392 4539 1654 4594 vicarium
1689 4541 1928 4609 reliquit,
1957 4556 2066 4608 quo

502 4635 874 4703 impediretur,
901 4648 1025 4702 qua:
1051 4642 1238 4686 secuta
1267 4640 1372 4693 est,
1405 4630 1659 4684 confusio
1695 4640 1750 4685 et
1773 4630 2063 4698 pernicies.

497 4726 762 4782 Conversi
815 4725 958 4779 enim
1018 4724 1240 4786 milites,
1299 4737 1421 4776 cum
1457 4721 1652 4774 ducem
1706 4736 1812 4773 non
1851 4722 2065 4790 conspi-

498 4823 671 4884 ciunt,
705 4819 807 4888 sed
853 4817 1058 4886 fugisse
1097 4817 1351 4880 audiunt,
1407 4817 1462 4869 in
1514 4814 1977 4883 perturbationem
2013 4825 2066 4868 et

502 4923 703 4963 metum
739 4910 1010 4974 ingentem
1059 4907 1393 4959 inciderunt.
1429 4905 1639 4959 Rursus
1687 4905 1828 4959 forte
1881 4905 2068 4959 aderat

503 5003 844 5069 imperator:
892 4997 986 5064 qui
1015 4997 1104 5050 ubi
1160 4997 1365 5050 milites
1404 4997 1752 5065 perturbatos
1781 5003 1835 5050 et
1878 4998 2065 5064 plenos

501 5096 713 5153 timore,
769 5091 910 5143 velut
945 5104 1074 5142 oves
1105 5088 1294 5142 bestiis
1344 5088 1606 5156 agitatas,
1645 5087 1799 5150 vidit,
1847 5102 2064 5141 causam

500 5184 726 5234 edotcns
772 5188 825 5232 et
851 5175 1228 5232 Justinianum
1278 5176 1569 5244 profugum
1603 5175 2064 5239 animadvertetis,

500 5275 579 5324 sic
603 5287 726 5323 enm
755 5269 1071 5337 aggreditur
1109 5285 1121 5320 :
1165 5286 1181 5318 ι
1218 5267 1287 5320 Mi
1323 5266 1512 5328 frater,
1545 5267 1741 5334 inquit,
1770 5265 1898 5334 quid
1927 5266 2065 5319 istud

503 5364 661 5432 agis?
690 5363 819 5415 Redi
855 5361 907 5414 in
943 5361 1121 5414 locum
1155 5368 1308 5412 tuum
1350 5374 1362 5411 :
1395 5359 1552 5429 plaga
1583 5359 1683 5413 ista
1710 5359 1917 5411 modica
1951 5368 2062 5421 est;

504 5458 642 5517 redi,
682 5443 879 5506 amabo
916 5462 967 5506 te
997 5470 1010 5516 ;
1043 5452 1260 5520 gravior
1285 5452 1429 5505 enim
1469 5466 1612 5504 nunc
1639 5449 1939 5503 necessitas
1973 5466 2066 5501 nr-

500 5557 614 5618 geti
650 5543 786 5596 Urbs
817 5545 868 5596 in
905 5543 1160 5597 inanibus
1191 5547 1301 5598 tuis
1332 5551 1438 5602 est,
1471 5556 1500 5594 a
1530 5552 1580 5595 te
1610 5541 1876 5595 servanda
1909 5549 2009 5592 est.
2042 5557 2060 5590 ι

502 5636 619 5686 Alia
649 5636 799 5700 plura
832 5634 1073 5686 monenti
1113 5625 1427 5701 imperatori
1469 5633 1600 5685 nibil
1642 5631 1947 5698 respondit,
1972 5630 2063 5682 sed

501 5727 743 5776 Ualutam
770 5724 1048 5791 trajectus,
1074 5724 1268 5778 ibidem
1298 5725 1351 5776 in
1376 5725 1832 5790 contemptionem
1862 5722 2064 5773 addue-

2170 4543 2322 4596 mnlti
2355 4544 2465 4608 alii,
2493 4561 2620 4599 eum
2659 4549 2857 4610 secuti.
2895 4549 2950 4602 in
2987 4565 3200 4602 murum
3238 4552 3567 4616 evadebant,
3596 4572 3744 4620 gnos

2143 4631 2341 4685 nostri
2372 4643 2596 4700 propter
2623 4635 2961 4703 paucitatem
3005 4637 3296 4705 prohibere
3329 4655 3437 4692 non
3467 4651 3740 4709 poterant.

2168 4737 2290 4776 cum
2329 4723 2565 4776 hostium
2598 4739 2828 4792 magnus
2859 4741 3124 4781 numerus
3157 4739 3326 4783 esset.
3369 4729 3628 4785 Praelium
3667 4744 3743 4787 ta-

2170 4827 2292 4866 men
2325 4828 2448 4865 cum
2483 4813 2683 4881 iis,qui
2717 4816 3522 4881 ascenderent,commiserunt
3549 4835 3738 4877 etnon

2169 4904 2420 4972 exiguam
2457 4907 2510 4956 in
2555 4920 2651 4958 eos
2691 4906 2978 4960 ediderunt
3027 4909 3250 4964 caedem.
3283 4912 3403 4980 ipse
3432 4913 3736 4977 Cliasanes.

2170 4993 2310 5045 inter
2339 4995 2687 5058 pugnandum
2737 5010 2870 5049 saxo
2899 4987 3160 5060 oti‘ensus,
3202 5001 3518 5067 procubuit.
3560 5005 3732 5067 Quem

2169 5098 2292 5137 cum
2320 5087 2567 5137 conversi
2607 5087 2776 5138 nostri
2804 5086 3073 5152 jacentem
3124 5092 3328 5156 vident,
3387 5093 3599 5161 lapides
3634 5112 3736 5148 nn-

2169 5176 2334 5243 dique
2369 5175 2422 5228 in
2458 5191 2580 5228 eum
2612 5177 2934 5245 conjiciunt.
2975 5180 3068 5233 [lle
3101 5180 3152 5233 in
3185 5197 3360 5250 genua
3401 5185 3611 5248 enisus,
3640 5203 3738 5254 pu-

2169 5269 2390 5336 gnabat,
2445 5268 2535 5319 sed
2575 5283 2695 5319 mox
2752 5271 3031 5336 plagarum
3081 5272 3430 5326 multitudine
3479 5278 3734 5328 manibus

2169 5359 2412 5426 elanguit
2461 5367 2513 5411 et
2561 5359 2683 5411 telis
2724 5360 2954 5412 obrutus
3005 5370 3106 5432 est.
3143 5360 3294 5415 Multi
3339 5363 3469 5415 item
3505 5365 3599 5417 alii
3641 5376 3735 5417 aut

2169 5450 2365 5509 occisi,
2417 5457 2509 5502 aut
2560 5450 2830 5502 vulnerati
2876 5461 2930 5503 et
2981 5462 3203 5520 propter
3231 5455 3415 5522 plagas
3453 5455 3504 5508 in
3556 5469 3734 5513 castra

2169 5539 2438 5604 asportati
2473 5548 2620 5592 sunt.
2671 5537 2911 5593 Tandem
2967 5543 3149 5594 hostes
3197 5544 3518 5598 catertfatim
3578 5563 3734 5600 muro

2167 5629 2344 5696 potiti,
2382 5637 2600 5682 nostros
2637 5630 2992 5695 dissiparunt,
3040 5631 3154 5699 qui,
3191 5633 3397 5687 relictis
3440 5638 3735 5689 exteriori-

2171 5724 2272 5774 bus
2309 5719 2600 5782 intunibus,
2647 5735 2740 5786 per
2773 5733 2986 5788 portam
3038 5722 3088 5775 ir.
3128 5725 3316 5777 urbem
3356 5727 3736 5794 irrutnpenter
