  <div class='ocr_page' id='page_1' title='image "/cluster/home/n/w/nwhite01/storage/ocr_20150623/156/hvd.32044073502650/445.png"; bbox 0 0 3916 6196; ppageno 0'>
   <div class='ocr_carea' id='block_1_1' title="bbox 466 383 572 447">
    <p class='ocr_par' dir='ltr' id='par_1_1' title="bbox 466 383 572 447">
     <span class='ocr_line' id='line_1_1' title="bbox 466 383 572 447; baseline -0.028 0"><span class='ocrx_word' id='word_1_1' title='bbox 466 383 572 447; x_wconf 79' lang='lat'><strong>8&#39;9</strong></span> 
     </span>
    </p>
   </div>
   <div class='ocr_carea' id='block_1_2' title="bbox 1699 367 2495 431">
    <p class='ocr_par' dir='ltr' id='par_1_2' title="bbox 1699 367 2495 431">
     <span class='ocr_line' id='line_1_2' title="bbox 1699 367 2495 431; baseline 0.001 -1"><span class='ocrx_word' id='word_1_2' title='bbox 1699 367 2022 430; x_wconf 79' lang='lat' dir='ltr'><strong>GEORGII</strong></span> <span class='ocrx_word' id='word_1_3' title='bbox 2068 370 2219 430; x_wconf 76' lang='grc' dir='ltr'><strong>ΡΗΠ</strong></span> <span class='ocrx_word' id='word_1_4' title='bbox 2233 371 2324 430; x_wconf 83' lang='lat' dir='ltr'><strong>AN</strong></span> <span class='ocrx_word' id='word_1_5' title='bbox 2338 369 2495 431; x_wconf 72' lang='grc' dir='ltr'><strong>ΤΖᾸΞ</strong></span> 
     </span>
    </p>
   </div>
   <div class='ocr_carea' id='block_1_3' title="bbox 3615 360 3733 428">
    <p class='ocr_par' dir='ltr' id='par_1_3' title="bbox 3615 360 3733 428">
     <span class='ocr_line' id='line_1_3' title="bbox 3615 360 3733 428; baseline -0.059 0"><span class='ocrx_word' id='word_1_6' title='bbox 3615 360 3733 428; x_wconf 69' lang='lat'><strong>8&#39;30</strong></span> 
     </span>
    </p>
   </div>
   <div class='ocr_carea' id='block_1_4' title="bbox 463 478 3730 562">
    <p class='ocr_par' dir='ltr' id='par_1_4' title="bbox 463 478 3730 562">
     <span class='ocr_line' id='line_1_4' title="bbox 463 478 3730 562; baseline -0.006 -12"><span class='ocrx_word' id='word_1_7' title='bbox 463 498 619 553; x_wconf 81' lang='grc' dir='ltr'>αὐτοί</span> <span class='ocrx_word' id='word_1_8' title='bbox 649 513 705 549; x_wconf 84' lang='grc' dir='ltr'><strong>τε</strong></span> <span class='ocrx_word' id='word_1_9' title='bbox 737 495 832 548; x_wconf 81' lang='grc' dir='ltr'>καὶ</span> <span class='ocrx_word' id='word_1_10' title='bbox 859 494 888 562; x_wconf 79' lang='grc' dir='ltr'>ἡ</span> <span class='ocrx_word' id='word_1_11' title='bbox 920 491 1047 554; x_wconf 86' lang='grc' dir='ltr'>ναῦς</span> <span class='ocrx_word' id='word_1_12' title='bbox 1074 489 1252 542; x_wconf 82' lang='grc' dir='ltr'>αὐτῶν</span> <span class='ocrx_word' id='word_1_13' title='bbox 1281 487 1377 540; x_wconf 68' lang='grc' dir='ltr'>καὶ</span> <span class='ocrx_word' id='word_1_14' title='bbox 1408 488 1557 540; x_wconf 72' lang='grc' dir='ltr'>πᾶσα</span> <span class='ocrx_word' id='word_1_15' title='bbox 1586 487 1618 554; x_wconf 78' lang='grc' dir='ltr'>ἡ</span> <span class='ocrx_word' id='word_1_16' title='bbox 1653 483 1930 553; x_wconf 70' lang='grc' dir='ltr'>ἀποσκευὴ</span> <span class='ocrx_word' id='word_1_17' title='bbox 1963 483 2027 551; x_wconf 76' lang='grc' dir='ltr'>ἣν</span> <span class='ocrx_word' id='word_1_18' title='bbox 2059 494 2101 544; x_wconf 81' lang='grc' dir='ltr'><strong>Α</strong></span> <span class='ocrx_word' id='word_1_19' title='bbox 2132 488 2377 556; x_wconf 75' lang='grc' dir='ltr'>τιμαλφῆ</span> <span class='ocrx_word' id='word_1_20' title='bbox 2395 488 2576 556; x_wconf 78' lang='grc' dir='ltr'>δοχεῖα</span> <span class='ocrx_word' id='word_1_21' title='bbox 2606 485 2796 537; x_wconf 77' lang='grc' dir='ltr'>τούτου</span> <span class='ocrx_word' id='word_1_22' title='bbox 2824 482 3166 552; x_wconf 72' lang='grc' dir='ltr'>ἁρπάζοντες</span> <span class='ocrx_word' id='word_1_23' title='bbox 3193 482 3260 535; x_wconf 68' lang='grc' dir='ltr'>τὰ</span> <span class='ocrx_word' id='word_1_24' title='bbox 3290 481 3389 550; x_wconf 76' lang='grc' dir='ltr'>μὲν</span> <span class='ocrx_word' id='word_1_25' title='bbox 3406 478 3730 548; x_wconf 71' lang='grc' dir='ltr'>διέθραυο-ρ,</span> 
     </span>
    </p>
   </div>
   <div class='ocr_carea' id='block_1_5' title="bbox 462 574 2034 662">
    <p class='ocr_par' dir='ltr' id='par_1_5' title="bbox 462 574 2034 662">
     <span class='ocr_line' id='line_1_5' title="bbox 462 574 2034 662; baseline -0.013 -15"><span class='ocrx_word' id='word_1_26' title='bbox 462 591 629 662; x_wconf 78' lang='grc' dir='ltr'>εἷχον.</span> <span class='ocrx_word' id='word_1_27' title='bbox 663 589 770 643; x_wconf 71' lang='grc' dir='ltr'><strong>Καὶ</strong></span> <span class='ocrx_word' id='word_1_28' title='bbox 825 587 1001 647; x_wconf 80' lang='grc' dir='ltr'>οὕτως</span> <span class='ocrx_word' id='word_1_29' title='bbox 1053 581 1363 650; x_wconf 78' lang='grc' dir='ltr'>γενομένων</span> <span class='ocrx_word' id='word_1_30' title='bbox 1422 579 1586 632; x_wconf 83' lang='grc' dir='ltr'>πάλιν</span> <span class='ocrx_word' id='word_1_31' title='bbox 1643 576 1797 646; x_wconf 80' lang='grc' dir='ltr'>μόλις</span> <span class='ocrx_word' id='word_1_32' title='bbox 1833 577 1895 628; x_wconf 79' lang='grc' dir='ltr'>ἐκ</span> <span class='ocrx_word' id='word_1_33' title='bbox 1941 574 2034 626; x_wconf 90' lang='grc' dir='ltr'><strong>τοῦ</strong></span> 
     </span>
    </p>
   </div>
   <div class='ocr_carea' id='block_1_6' title="bbox 463 669 2040 755">
    <p class='ocr_par' dir='ltr' id='par_1_6' title="bbox 463 669 2040 755">
     <span class='ocr_line' id='line_1_6' title="bbox 463 669 2040 755; baseline -0.013 -16"><span class='ocrx_word' id='word_1_34' title='bbox 463 684 676 755; x_wconf 77' lang='grc' dir='ltr'><strong>πύργου</strong></span> <span class='ocrx_word' id='word_1_35' title='bbox 703 681 930 742; x_wconf 82' lang='grc' dir='ltr'><strong>τούτους</strong></span> <span class='ocrx_word' id='word_1_36' title='bbox 977 677 1202 730; x_wconf 76' lang='grc' dir='ltr'>ἔπεισαν</span> <span class='ocrx_word' id='word_1_37' title='bbox 1241 671 1521 726; x_wconf 82' lang='grc' dir='ltr'>ἀπελθεῖν.</span> <span class='ocrx_word' id='word_1_38' title='bbox 1553 671 1661 724; x_wconf 79' lang='grc' dir='ltr'><strong>Καὶ</strong></span> <span class='ocrx_word' id='word_1_39' title='bbox 1690 670 1784 722; x_wconf 84' lang='grc' dir='ltr'>δύο</span> <span class='ocrx_word' id='word_1_40' title='bbox 1818 669 1915 737; x_wconf 82' lang='grc' dir='ltr'>μὲν</span> <span class='ocrx_word' id='word_1_41' title='bbox 1943 669 2040 720; x_wconf 85' lang='grc' dir='ltr'><strong>αὺ-</strong></span> 
     </span>
    </p>
   </div>
   <div class='ocr_carea' id='block_1_7' title="bbox 459 761 2038 849">
    <p class='ocr_par' dir='ltr' id='par_1_7' title="bbox 459 761 2038 849">
     <span class='ocr_line' id='line_1_7' title="bbox 459 761 2038 849; baseline -0.013 -17"><span class='ocrx_word' id='word_1_42' title='bbox 459 777 713 845; x_wconf 82' lang='grc' dir='ltr'>τάδελφοι</span> <span class='ocrx_word' id='word_1_43' title='bbox 755 773 970 836; x_wconf 72' lang='grc' dir='ltr'>Ἰταλοὶ,</span> <span class='ocrx_word' id='word_1_44' title='bbox 1001 768 1214 849; x_wconf 80' lang='grc' dir='ltr'>Παῦλος</span> <span class='ocrx_word' id='word_1_45' title='bbox 1269 767 1366 819; x_wconf 75' lang='grc' dir='ltr'>καὶ</span> <span class='ocrx_word' id='word_1_46' title='bbox 1407 764 1652 833; x_wconf 75' lang='grc' dir='ltr'>Τρωΐλος</span> <span class='ocrx_word' id='word_1_47' title='bbox 1680 761 1944 829; x_wconf 80' lang='grc' dir='ltr'>τοῦνομα,</span> <span class='ocrx_word' id='word_1_48' title='bbox 1979 762 2038 812; x_wconf 80' lang='grc' dir='ltr'>ὲν</span> 
     </span>
    </p>
   </div>
   <div class='ocr_carea' id='block_1_8' title="bbox 461 853 2037 939">
    <p class='ocr_par' dir='ltr' id='par_1_8' title="bbox 461 853 2037 939">
     <span class='ocr_line' id='line_1_8' title="bbox 461 853 2037 939; baseline -0.014 -15"><span class='ocrx_word' id='word_1_49' title='bbox 461 869 540 939; x_wconf 85' lang='grc' dir='ltr'><strong>τῷ</strong></span> <span class='ocrx_word' id='word_1_50' title='bbox 588 864 1002 934; x_wconf 80' lang='grc' dir='ltr'>διατεταγμένιρ</span> <span class='ocrx_word' id='word_1_51' title='bbox 1050 861 1236 922; x_wconf 86' lang='grc' dir='ltr'>αὐτοῖς</span> <span class='ocrx_word' id='word_1_52' title='bbox 1285 859 1438 926; x_wconf 77' lang='grc' dir='ltr'>τόπῳ</span> <span class='ocrx_word' id='word_1_53' title='bbox 1494 857 1634 924; x_wconf 86' lang='grc' dir='ltr'><strong>μετά</strong></span> <span class='ocrx_word' id='word_1_54' title='bbox 1679 855 1776 906; x_wconf 73' lang='grc' dir='ltr'>καὶ</span> <span class='ocrx_word' id='word_1_55' title='bbox 1829 853 2037 921; x_wconf 74' lang='grc' dir='ltr'>ἐτέρων</span> 
     </span>
    </p>
   </div>
   <div class='ocr_carea' id='block_1_9' title="bbox 463 942 2037 1024">
    <p class='ocr_par' dir='ltr' id='par_1_9' title="bbox 463 942 2037 1024">
     <span class='ocr_line' id='line_1_9' title="bbox 463 942 2037 1024; baseline -0.014 -10"><span class='ocrx_word' id='word_1_56' title='bbox 463 959 677 1016; x_wconf 79' lang='grc' dir='ltr'>πολλῶν</span> <span class='ocrx_word' id='word_1_57' title='bbox 732 955 998 1024; x_wconf 81' lang='grc' dir='ltr'><strong>γενναίως</strong></span> <span class='ocrx_word' id='word_1_58' title='bbox 1063 951 1335 1019; x_wconf 77' lang='grc' dir='ltr'>ἐμάχοντο</span> <span class='ocrx_word' id='word_1_59' title='bbox 1401 947 1496 998; x_wconf 75' lang='grc' dir='ltr'>καὶ</span> <span class='ocrx_word' id='word_1_60' title='bbox 1555 947 1681 1008; x_wconf 80' lang='grc' dir='ltr'>τοὺς</span> <span class='ocrx_word' id='word_1_61' title='bbox 1739 942 2037 1010; x_wconf 77' lang='grc' dir='ltr'>πολεμίους</span> 
     </span>
    </p>
   </div>
   <div class='ocr_carea' id='block_1_10' title="bbox 463 1036 2036 1116">
    <p class='ocr_par' dir='ltr' id='par_1_10' title="bbox 463 1036 2036 1116">
     <span class='ocr_line' id='line_1_10' title="bbox 463 1036 2036 1116; baseline -0.015 -8"><span class='ocrx_word' id='word_1_62' title='bbox 463 1054 652 1115; x_wconf 84' lang='grc' dir='ltr'>κακῶς</span> <span class='ocrx_word' id='word_1_63' title='bbox 699 1050 1035 1116; x_wconf 87' lang='grc' dir='ltr'>ἀπεδίωχνον</span> <span class='ocrx_word' id='word_1_64' title='bbox 1064 1045 1160 1098; x_wconf 68' lang='grc' dir='ltr'><strong>καὶ</strong></span> <span class='ocrx_word' id='word_1_65' title='bbox 1204 1044 1304 1096; x_wconf 71' lang='grc' dir='ltr'>οὐκ</span> <span class='ocrx_word' id='word_1_66' title='bbox 1349 1041 1550 1108; x_wconf 81' lang='grc' dir='ltr'>ἀγεννῆ</span> <span class='ocrx_word' id='word_1_67' title='bbox 1586 1038 1910 1108; x_wconf 84' lang='grc' dir='ltr'>συμπλοκὴν</span> <span class='ocrx_word' id='word_1_68' title='bbox 1939 1036 2036 1086; x_wconf 74' lang='grc' dir='ltr'>καὶ</span> 
     </span>
    </p>
   </div>
   <div class='ocr_carea' id='block_1_11' title="bbox 465 1127 2037 1220">
    <p class='ocr_par' dir='ltr' id='par_1_11' title="bbox 465 1127 2037 1220">
     <span class='ocr_line' id='line_1_11' title="bbox 465 1127 2037 1220; baseline -0.017 -18"><span class='ocrx_word' id='word_1_69' title='bbox 465 1145 725 1220; x_wconf 72' lang='grc' dir='ltr'>σύρραξιν</span> <span class='ocrx_word' id='word_1_70' title='bbox 776 1142 1018 1206; x_wconf 75' lang='grc' dir='ltr'>ἐποίουν,</span> <span class='ocrx_word' id='word_1_71' title='bbox 1046 1138 1140 1190; x_wconf 74' lang='grc' dir='ltr'><strong>καὶ</strong></span> <span class='ocrx_word' id='word_1_72' title='bbox 1185 1137 1341 1204; x_wconf 77' lang='grc' dir='ltr'>φόνος</span> <span class='ocrx_word' id='word_1_73' title='bbox 1397 1130 1465 1204; x_wconf 81' lang='grc' dir='ltr'>ἦν</span> <span class='ocrx_word' id='word_1_74' title='bbox 1510 1130 1848 1196; x_wconf 77' lang='grc' dir='ltr'>ἁναμεταξὺ,</span> <span class='ocrx_word' id='word_1_75' title='bbox 1892 1127 2037 1192; x_wconf 82' lang='grc' dir='ltr'>λέγω</span> 
     </span>
    </p>
   </div>
   <div class='ocr_carea' id='block_1_12' title="bbox 463 1219 2035 1308">
    <p class='ocr_par' dir='ltr' id='par_1_12' title="bbox 463 1219 2035 1304">
     <span class='ocr_line' id='line_1_12' title="bbox 463 1219 2035 1304; baseline -0.013 -14"><span class='ocrx_word' id='word_1_76' title='bbox 463 1240 570 1292; x_wconf 85' lang='grc' dir='ltr'><strong>τῶν</strong></span> <span class='ocrx_word' id='word_1_77' title='bbox 599 1235 693 1290; x_wconf 83' lang='grc' dir='ltr'>δύο</span> <span class='ocrx_word' id='word_1_78' title='bbox 719 1233 901 1304; x_wconf 82' lang='grc' dir='ltr'>μερῶν</span> <span class='ocrx_word' id='word_1_79' title='bbox 928 1229 1037 1283; x_wconf 89' lang='grc' dir='ltr'><strong>τῶν</strong></span> <span class='ocrx_word' id='word_1_80' title='bbox 1065 1231 1394 1298; x_wconf 76' lang='grc' dir='ltr'><strong>μαχομένων</strong></span> <span class='ocrx_word' id='word_1_81' title='bbox 1419 1226 1511 1303; x_wconf 70' lang='grc' dir='ltr'>καὶ</span> <span class='ocrx_word' id='word_1_82' title='bbox 1539 1219 2035 1291; x_wconf 79' lang='grc' dir='ltr'>ὑπερμαχοῦντων.</span> 
     </span>
    </p>
   </div>
   <div class='ocr_carea' id='block_1_13' title="bbox 461 1310 2036 1400">
    <p class='ocr_par' dir='ltr' id='par_1_13' title="bbox 461 1310 2036 1400">
     <span class='ocr_line' id='line_1_13' title="bbox 461 1310 2036 1400; baseline -0.017 -15"><span class='ocrx_word' id='word_1_83' title='bbox 461 1329 732 1400; x_wconf 74' lang='grc' dir='ltr'>Στραφεὶς</span> <span class='ocrx_word' id='word_1_84' title='bbox 775 1327 830 1379; x_wconf 77' lang='grc' dir='ltr'>δὲ</span> <span class='ocrx_word' id='word_1_85' title='bbox 885 1326 911 1376; x_wconf 88' lang='grc' dir='ltr'>ὁ</span> <span class='ocrx_word' id='word_1_86' title='bbox 952 1323 1164 1383; x_wconf 86' lang='grc' dir='ltr'>Παῦλος</span> <span class='ocrx_word' id='word_1_87' title='bbox 1216 1322 1311 1372; x_wconf 73' lang='grc' dir='ltr'>καὶ</span> <span class='ocrx_word' id='word_1_88' title='bbox 1359 1317 1498 1383; x_wconf 71' lang='grc' dir='ltr'>ἐρῶν</span> <span class='ocrx_word' id='word_1_89' title='bbox 1555 1316 1682 1376; x_wconf 65' lang='grc' dir='ltr'>τοὺς</span> <span class='ocrx_word' id='word_1_90' title='bbox 1745 1310 2036 1378; x_wconf 79' lang='grc' dir='ltr'>πολεμίους</span> 
     </span>
    </p>
   </div>
   <div class='ocr_carea' id='block_1_14' title="bbox 458 1403 2037 1489">
    <p class='ocr_par' dir='ltr' id='par_1_14' title="bbox 458 1403 2037 1489">
     <span class='ocr_line' id='line_1_14' title="bbox 458 1403 2037 1489; baseline -0.016 -11"><span class='ocrx_word' id='word_1_91' title='bbox 458 1423 666 1477; x_wconf 81' lang='grc' dir='ltr'><strong>ἔσωθεν</strong></span> <span class='ocrx_word' id='word_1_92' title='bbox 698 1421 796 1489; x_wconf 87' lang='grc' dir='ltr'><strong>τῆς</strong></span> <span class='ocrx_word' id='word_1_93' title='bbox 840 1417 1054 1476; x_wconf 71' lang='grc' dir='ltr'>πόλεως</span> <span class='ocrx_word' id='word_1_94' title='bbox 1096 1413 1245 1479; x_wconf 84' lang='grc' dir='ltr'>λέγει</span> <span class='ocrx_word' id='word_1_95' title='bbox 1291 1410 1367 1477; x_wconf 75' lang='grc' dir='ltr'>τῷ</span> <span class='ocrx_word' id='word_1_96' title='bbox 1419 1408 1631 1474; x_wconf 77' lang='grc' dir='ltr'>ἀδελφῷ</span> <span class='ocrx_word' id='word_1_97' title='bbox 1673 1404 1837 1458; x_wconf 77' lang='grc' dir='ltr'>αὑτοῦ</span> <span class='ocrx_word' id='word_1_98' title='bbox 1865 1420 1877 1432; x_wconf 88' lang='grc'><strong>·</strong></span> <span class='ocrx_word' id='word_1_99' title='bbox 1915 1422 1930 1452; x_wconf 82' lang='grc' dir='ltr'><strong>ι</strong></span> <span class='ocrx_word' id='word_1_100' title='bbox 1975 1403 2037 1453; x_wconf 85' lang='grc' dir='ltr'><strong>’Ὼ</strong></span> 
     </span>
    </p>
   </div>
   <div class='ocr_carea' id='block_1_15' title="bbox 457 1496 2036 1586">
    <p class='ocr_par' dir='ltr' id='par_1_15' title="bbox 457 1496 2036 1586">
     <span class='ocr_line' id='line_1_15' title="bbox 457 1496 2036 1586; baseline -0.015 -17"><span class='ocrx_word' id='word_1_101' title='bbox 457 1515 676 1586; x_wconf 64' lang='grc' dir='ltr'>φρίξον,</span> <span class='ocrx_word' id='word_1_102' title='bbox 703 1512 854 1582; x_wconf 76' lang='grc' dir='ltr'>ῆλιεί</span> <span class='ocrx_word' id='word_1_103' title='bbox 891 1509 936 1561; x_wconf 84' lang='grc' dir='ltr'><strong>ὣ</strong></span> <span class='ocrx_word' id='word_1_104' title='bbox 971 1507 1250 1572; x_wconf 75' lang='grc' dir='ltr'><strong>στέναξον,</strong></span> <span class='ocrx_word' id='word_1_105' title='bbox 1284 1504 1396 1572; x_wconf 69' lang='grc' dir='ltr'>γῆξ</span> <span class='ocrx_word' id='word_1_106' title='bbox 1433 1502 1574 1554; x_wconf 74' lang='grc' dir='ltr'>ἑάλω</span> <span class='ocrx_word' id='word_1_107' title='bbox 1608 1503 1638 1568; x_wconf 86' lang='grc' dir='ltr'>ἡ</span> <span class='ocrx_word' id='word_1_108' title='bbox 1675 1501 1855 1562; x_wconf 84' lang='grc' dir='ltr'>πόλις,</span> <span class='ocrx_word' id='word_1_109' title='bbox 1888 1496 2036 1565; x_wconf 78' lang='grc' dir='ltr'>ἡμᾶς</span> 
     </span>
    </p>
   </div>
   <div class='ocr_carea' id='block_1_16' title="bbox 490 1588 2038 1670">
    <p class='ocr_par' dir='ltr' id='par_1_16' title="bbox 490 1588 2038 1670">
     <span class='ocr_line' id='line_1_16' title="bbox 490 1588 2038 1670; baseline -0.014 -10"><span class='ocrx_word' id='word_1_110' title='bbox 490 1609 514 1660; x_wconf 80' lang='grc' dir='ltr'><strong>ὲ</strong></span> <span class='ocrx_word' id='word_1_111' title='bbox 546 1605 642 1659; x_wconf 88' lang='grc' dir='ltr'><strong>τοῦ</strong></span> <span class='ocrx_word' id='word_1_112' title='bbox 702 1603 962 1670; x_wconf 74' lang='grc' dir='ltr'><strong>πολεμεῖν</strong></span> <span class='ocrx_word' id='word_1_113' title='bbox 1010 1599 1290 1667; x_wconf 77' lang='grc' dir='ltr'>παρῆλθεν</span> <span class='ocrx_word' id='word_1_114' title='bbox 1323 1598 1354 1662; x_wconf 79' lang='grc' dir='ltr'><strong>ἡ</strong></span> <span class='ocrx_word' id='word_1_115' title='bbox 1392 1594 1535 1663; x_wconf 82' lang='grc' dir='ltr'>ὥρα.</span> <span class='ocrx_word' id='word_1_116' title='bbox 1571 1593 1712 1645; x_wconf 80' lang='grc' dir='ltr'>Ἀλλ’</span> <span class='ocrx_word' id='word_1_117' title='bbox 1749 1591 1887 1660; x_wconf 81' lang='grc' dir='ltr'>ὑπὲρ</span> <span class='ocrx_word' id='word_1_118' title='bbox 1935 1588 2038 1655; x_wconf 85' lang='grc' dir='ltr'><strong>τῆς</strong></span> 
     </span>
    </p>
   </div>
   <div class='ocr_carea' id='block_1_17' title="bbox 459 1686 1797 1768">
    <p class='ocr_par' dir='ltr' id='par_1_17' title="bbox 459 1686 1797 1768">
     <span class='ocr_line' id='line_1_17' title="bbox 459 1686 1797 1768; baseline -0.016 -14"><span class='ocrx_word' id='word_1_119' title='bbox 459 1699 737 1768; x_wconf 83' lang='grc' dir='ltr'><strong>σωτηρίας</strong></span> <span class='ocrx_word' id='word_1_120' title='bbox 765 1695 942 1764; x_wconf 82' lang='grc' dir='ltr'>ἡμῶν,</span> <span class='ocrx_word' id='word_1_121' title='bbox 976 1694 1024 1744; x_wconf 88' lang='grc' dir='ltr'><strong>εί</strong></span> <span class='ocrx_word' id='word_1_122' title='bbox 1053 1689 1300 1751; x_wconf 68' lang='grc' dir='ltr'>δυνατὸν,</span> <span class='ocrx_word' id='word_1_123' title='bbox 1330 1686 1736 1756; x_wconf 76' lang='grc' dir='ltr'>φροντίσωμεν.</span> <span class='ocrx_word' id='word_1_124' title='bbox 1779 1703 1797 1733; x_wconf 75' lang='grc' dir='ltr'><strong>ι</strong></span> 
     </span>
    </p>
   </div>
   <div class='ocr_carea' id='block_1_18' title="bbox 533 1771 2036 1850">
    <p class='ocr_par' dir='ltr' id='par_1_18' title="bbox 533 1771 2036 1850">
     <span class='ocr_line' id='line_1_18' title="bbox 533 1771 2036 1850; baseline -0.016 -8"><span class='ocrx_word' id='word_1_125' title='bbox 533 1791 641 1842; x_wconf 77' lang='grc' dir='ltr'><strong>Καὶ</strong></span> <span class='ocrx_word' id='word_1_126' title='bbox 700 1785 872 1845; x_wconf 74' lang='grc' dir='ltr'>οὕτως</span> <span class='ocrx_word' id='word_1_127' title='bbox 929 1781 1221 1850; x_wconf 70' lang='grc' dir='ltr'><strong>ἐγκρατεῖς</strong></span> <span class='ocrx_word' id='word_1_128' title='bbox 1277 1777 1327 1829; x_wconf 83' lang='lat' dir='ltr'><strong>oi</strong></span> <span class='ocrx_word' id='word_1_129' title='bbox 1385 1775 1636 1840; x_wconf 82' lang='grc' dir='ltr'>πολέμιοι</span> <span class='ocrx_word' id='word_1_130' title='bbox 1697 1772 1882 1839; x_wconf 74' lang='grc' dir='ltr'>πάσης</span> <span class='ocrx_word' id='word_1_131' title='bbox 1936 1771 2036 1837; x_wconf 84' lang='grc' dir='ltr'><strong>τῆς</strong></span> 
     </span>
    </p>
   </div>
   <div class='ocr_carea' id='block_1_19' title="bbox 461 1832 2112 1944">
    <p class='ocr_par' dir='ltr' id='par_1_19' title="bbox 461 1832 2112 1944">
     <span class='ocr_line' id='line_1_19' title="bbox 461 1832 2112 1944; baseline -0.016 -6"><span class='ocrx_word' id='word_1_132' title='bbox 461 1887 671 1944; x_wconf 83' lang='grc' dir='ltr'>πόλεως</span> <span class='ocrx_word' id='word_1_133' title='bbox 721 1832 1010 1944; x_wconf 74' lang='grc' dir='ltr'>γεγονότες</span> <span class='ocrx_word' id='word_1_134' title='bbox 1037 1832 1236 1940; x_wconf 61' lang='grc' dir='ltr'><strong>ιἡμέρα</strong></span> <span class='ocrx_word' id='word_1_135' title='bbox 1283 1868 1466 1938; x_wconf 80' lang='grc' dir='ltr'><strong>τρίτῃ,</strong></span> <span class='ocrx_word' id='word_1_136' title='bbox 1494 1866 1613 1935; x_wconf 83' lang='grc' dir='ltr'><strong>ῶρα</strong></span> <span class='ocrx_word' id='word_1_137' title='bbox 1660 1861 1860 1934; x_wconf 68' lang='grc' dir='ltr'>ἦνιτῆς</span> <span class='ocrx_word' id='word_1_138' title='bbox 1903 1863 2040 1930; x_wconf 79' lang='grc' dir='ltr'>ἡμέ·</span> <span class='ocrx_word' id='word_1_139' title='bbox 2072 1832 2112 1885; x_wconf 76' lang='grc' dir='ltr'><strong>Β</strong></span> 
     </span>
    </p>
   </div>
   <div class='ocr_carea' id='block_1_20' title="bbox 463 1954 2040 2047">
    <p class='ocr_par' dir='ltr' id='par_1_20' title="bbox 463 1954 2040 2047">
     <span class='ocr_line' id='line_1_20' title="bbox 463 1954 2040 2047; baseline -0.022 -16"><span class='ocrx_word' id='word_1_140' title='bbox 463 1993 564 2047; x_wconf 84' lang='grc' dir='ltr'><strong>ρας</strong></span> <span class='ocrx_word' id='word_1_141' title='bbox 601 1974 645 2043; x_wconf 70' lang='grc' dir='ltr'><strong>β’</strong></span> <span class='ocrx_word' id='word_1_142' title='bbox 685 1972 775 2023; x_wconf 78' lang='grc' dir='ltr'>καὶ</span> <span class='ocrx_word' id='word_1_143' title='bbox 820 1970 1016 2038; x_wconf 77' lang='grc' dir='ltr'>ἥμισυ,</span> <span class='ocrx_word' id='word_1_144' title='bbox 1053 1963 1148 2015; x_wconf 81' lang='grc' dir='ltr'><strong>τοῦ</strong></span> <span class='ocrx_word' id='word_1_145' title='bbox 1197 1961 1379 2026; x_wconf 49' lang='grc' dir='ltr'>,ςῖρξ-ι]</span> <span class='ocrx_word' id='word_1_146' title='bbox 1435 1959 1610 2019; x_wconf 70' lang='grc' dir='ltr'>ἔτους,</span> <span class='ocrx_word' id='word_1_147' title='bbox 1647 1959 1714 2024; x_wconf 81' lang='grc' dir='ltr'>τῇ</span> <span class='ocrx_word' id='word_1_148' title='bbox 1748 1954 1832 2008; x_wconf 80' lang='grc' dir='ltr'>κθ¹</span> <span class='ocrx_word' id='word_1_149' title='bbox 1869 1955 2040 2024; x_wconf 81' lang='grc' dir='ltr'>μηνὸς</span> 
     </span>
    </p>
   </div>
   <div class='ocr_carea' id='block_1_21' title="bbox 460 2045 2038 2124">
    <p class='ocr_par' dir='ltr' id='par_1_21' title="bbox 460 2045 2038 2124">
     <span class='ocr_line' id='line_1_21' title="bbox 460 2045 2038 2124; baseline -0.015 -2"><span class='ocrx_word' id='word_1_150' title='bbox 460 2045 666 2123; x_wconf 72' lang='grc' dir='ltr'>Μαΐου.</span> <span class='ocrx_word' id='word_1_151' title='bbox 700 2061 812 2115; x_wconf 75' lang='grc' dir='ltr'><strong>Καὶ</strong></span> <span class='ocrx_word' id='word_1_152' title='bbox 863 2058 972 2110; x_wconf 82' lang='grc' dir='ltr'><strong>τῶν</strong></span> <span class='ocrx_word' id='word_1_153' title='bbox 1025 2055 1123 2124; x_wconf 71' lang='grc' dir='ltr'>μὲν</span> <span class='ocrx_word' id='word_1_154' title='bbox 1171 2051 1631 2120; x_wconf 68' lang='grc' dir='ltr'><strong>προσπιπτόντων</strong></span> <span class='ocrx_word' id='word_1_155' title='bbox 1686 2045 1755 2117; x_wconf 84' lang='grc' dir='ltr'>ἦν</span> <span class='ocrx_word' id='word_1_156' title='bbox 1813 2047 2038 2118; x_wconf 79' lang='grc' dir='ltr'>ἁρπαγὴ</span> 
     </span>
    </p>
   </div>
   <div class='ocr_carea' id='block_1_22' title="bbox 401 2139 2042 2224">
    <p class='ocr_par' dir='ltr' id='par_1_22' title="bbox 401 2139 2042 2224">
     <span class='ocr_line' id='line_1_22' title="bbox 401 2139 2042 2224; baseline -0.016 -10"><span class='ocrx_word' id='word_1_157' title='bbox 401 2151 406 2156; x_wconf 23' lang='grc'>⁸</span> <span class='ocrx_word' id='word_1_158' title='bbox 460 2161 556 2213; x_wconf 69' lang='grc' dir='ltr'>καὶ</span> <span class='ocrx_word' id='word_1_159' title='bbox 600 2147 981 2224; x_wconf 74' lang='grc' dir='ltr'>αἰχμαλωσία,</span> <span class='ocrx_word' id='word_1_160' title='bbox 1034 2145 1146 2198; x_wconf 84' lang='grc' dir='ltr'><strong>τῶν</strong></span> <span class='ocrx_word' id='word_1_161' title='bbox 1195 2143 1252 2196; x_wconf 79' lang='grc' dir='ltr'>δὲ</span> <span class='ocrx_word' id='word_1_162' title='bbox 1312 2139 1895 2209; x_wconf 77' lang='grc' dir='ltr'>καταλαμϐανομένων</span> <span class='ocrx_word' id='word_1_163' title='bbox 1945 2139 2042 2190; x_wconf 81' lang='grc' dir='ltr'>καὶ</span> 
     </span>
    </p>
   </div>
   <div class='ocr_carea' id='block_1_23' title="bbox 459 2229 2040 2312">
    <p class='ocr_par' dir='ltr' id='par_1_23' title="bbox 459 2229 2040 2312">
     <span class='ocr_line' id='line_1_23' title="bbox 459 2229 2040 2312; baseline -0.015 -10"><span class='ocrx_word' id='word_1_164' title='bbox 459 2242 870 2312; x_wconf 82' lang='grc' dir='ltr'>ἀνθισταμένων</span> <span class='ocrx_word' id='word_1_165' title='bbox 925 2236 1108 2305; x_wconf 72' lang='grc' dir='ltr'>σιραγὴ</span> <span class='ocrx_word' id='word_1_166' title='bbox 1139 2248 1153 2264; x_wconf 69' lang='grc'><strong><em>⁸</em></strong></span> <span class='ocrx_word' id='word_1_167' title='bbox 1205 2233 1298 2284; x_wconf 77' lang='grc' dir='ltr'>καὶ</span> <span class='ocrx_word' id='word_1_168' title='bbox 1346 2231 1598 2299; x_wconf 74' lang='grc' dir='ltr'>οὐδαμῶς</span> <span class='ocrx_word' id='word_1_169' title='bbox 1644 2231 1678 2299; x_wconf 78' lang='grc' dir='ltr'><strong>ὴ</strong></span> <span class='ocrx_word' id='word_1_170' title='bbox 1729 2230 1799 2298; x_wconf 90' lang='grc' dir='ltr'><strong>γῆ</strong></span> <span class='ocrx_word' id='word_1_171' title='bbox 1841 2229 1896 2280; x_wconf 78' lang='grc' dir='ltr'>ἕν</span> <span class='ocrx_word' id='word_1_172' title='bbox 1929 2244 2040 2280; x_wconf 86' lang='grc' dir='ltr'>τισι</span> 
     </span>
    </p>
   </div>
   <div class='ocr_carea' id='block_1_24' title="bbox 460 2317 2041 2400">
    <p class='ocr_par' dir='ltr' id='par_1_24' title="bbox 460 2317 2041 2400">
     <span class='ocr_line' id='line_1_24' title="bbox 460 2317 2041 2400; baseline -0.014 -8"><span class='ocrx_word' id='word_1_173' title='bbox 460 2340 647 2400; x_wconf 86' lang='grc' dir='ltr'>τόποις</span> <span class='ocrx_word' id='word_1_174' title='bbox 704 2336 768 2386; x_wconf 81' lang='grc' dir='ltr'>ὲκ</span> <span class='ocrx_word' id='word_1_175' title='bbox 830 2330 938 2384; x_wconf 86' lang='grc' dir='ltr'><strong>τῶν</strong></span> <span class='ocrx_word' id='word_1_176' title='bbox 982 2325 1197 2398; x_wconf 79' lang='grc' dir='ltr'>νεκρῶν</span> <span class='ocrx_word' id='word_1_177' title='bbox 1261 2325 1596 2392; x_wconf 74' lang='grc' dir='ltr'>διεφαίνετο.</span> <span class='ocrx_word' id='word_1_178' title='bbox 1623 2321 1734 2373; x_wconf 71' lang='grc' dir='ltr'>Καὶ</span> <span class='ocrx_word' id='word_1_179' title='bbox 1791 2317 1860 2388; x_wconf 78' lang='grc' dir='ltr'>ἦν</span> <span class='ocrx_word' id='word_1_180' title='bbox 1912 2319 2041 2371; x_wconf 77' lang='grc' dir='ltr'>ἰδεῖν</span> 
     </span>
    </p>
   </div>
   <div class='ocr_carea' id='block_1_25' title="bbox 499 2409 2042 2499">
    <p class='ocr_par' dir='ltr' id='par_1_25' title="bbox 499 2409 2042 2499">
     <span class='ocr_line' id='line_1_25' title="bbox 499 2409 2042 2499; baseline -0.016 -15"><span class='ocrx_word' id='word_1_181' title='bbox 499 2432 646 2499; x_wconf 82' lang='grc' dir='ltr'>έαμα</span> <span class='ocrx_word' id='word_1_182' title='bbox 673 2425 823 2493; x_wconf 78' lang='grc' dir='ltr'>ξένον</span> <span class='ocrx_word' id='word_1_183' title='bbox 855 2422 950 2475; x_wconf 66' lang='grc' dir='ltr'>καὶ</span> <span class='ocrx_word' id='word_1_184' title='bbox 986 2419 1222 2488; x_wconf 74' lang='grc' dir='ltr'>θρήνους</span> <span class='ocrx_word' id='word_1_185' title='bbox 1257 2414 1484 2475; x_wconf 76' lang='grc' dir='ltr'>πολλοὺς</span> <span class='ocrx_word' id='word_1_186' title='bbox 1512 2413 1607 2466; x_wconf 72' lang='grc' dir='ltr'>καὶ</span> <span class='ocrx_word' id='word_1_187' title='bbox 1636 2413 1915 2473; x_wconf 78' lang='grc' dir='ltr'>ποικίλους</span> <span class='ocrx_word' id='word_1_188' title='bbox 1947 2409 2042 2463; x_wconf 76' lang='grc' dir='ltr'>καὶ</span> 
     </span>
    </p>
   </div>
   <div class='ocr_carea' id='block_1_26' title="bbox 463 2501 2042 2592">
    <p class='ocr_par' dir='ltr' id='par_1_26' title="bbox 463 2501 2042 2592">
     <span class='ocr_line' id='line_1_26' title="bbox 463 2501 2042 2592; baseline -0.015 -17"><span class='ocrx_word' id='word_1_189' title='bbox 463 2519 814 2592; x_wconf 80' lang='grc' dir='ltr'>ἀμετρήτους</span> <span class='ocrx_word' id='word_1_190' title='bbox 868 2509 1373 2580; x_wconf 67' lang='grc' dir='ltr'>ἀνδραποδισμοὺς,</span> <span class='ocrx_word' id='word_1_191' title='bbox 1412 2505 1578 2583; x_wconf 69' lang='grc'><strong>289</strong></span> <span class='ocrx_word' id='word_1_192' title='bbox 1634 2503 1745 2556; x_wconf 89' lang='grc' dir='ltr'><strong>τῶν</strong></span> <span class='ocrx_word' id='word_1_193' title='bbox 1800 2501 2042 2568; x_wconf 76' lang='grc' dir='ltr'><strong>εὐγενῶν</strong></span> 
     </span>
    </p>
   </div>
   <div class='ocr_carea' id='block_1_27' title="bbox 465 2591 2041 2685">
    <p class='ocr_par' dir='ltr' id='par_1_27' title="bbox 465 2591 2041 2685">
     <span class='ocr_line' id='line_1_27' title="bbox 465 2591 2041 2685; baseline -0.016 -17"><span class='ocrx_word' id='word_1_194' title='bbox 465 2591 751 2685; x_wconf 77' lang='grc' dir='ltr'>ἀρχουσῶν</span> <span class='ocrx_word' id='word_1_195' title='bbox 783 2607 878 2662; x_wconf 72' lang='grc' dir='ltr'>καὶ</span> <span class='ocrx_word' id='word_1_196' title='bbox 907 2602 1196 2672; x_wconf 87' lang='grc' dir='ltr'>παρθένων</span> <span class='ocrx_word' id='word_1_197' title='bbox 1243 2602 1340 2652; x_wconf 72' lang='grc' dir='ltr'>καὶ</span> <span class='ocrx_word' id='word_1_198' title='bbox 1382 2596 1786 2667; x_wconf 81' lang='grc' dir='ltr'>ἀφιερωμένων</span> <span class='ocrx_word' id='word_1_199' title='bbox 1813 2593 1890 2663; x_wconf 72' lang='grc' dir='ltr'>τῷ</span> <span class='ocrx_word' id='word_1_200' title='bbox 1922 2591 2041 2660; x_wconf 83' lang='grc' dir='ltr'><strong>Θεῷ</strong></span> 
     </span>
    </p>
   </div>
   <div class='ocr_carea' id='block_1_28' title="bbox 461 2685 2041 2776">
    <p class='ocr_par' dir='ltr' id='par_1_28' title="bbox 461 2685 2041 2776">
     <span class='ocr_line' id='line_1_28' title="bbox 461 2685 2041 2776; baseline -0.015 -16"><span class='ocrx_word' id='word_1_201' title='bbox 461 2703 780 2776; x_wconf 85' lang='grc' dir='ltr'>συρομένων</span> <span class='ocrx_word' id='word_1_202' title='bbox 809 2697 916 2752; x_wconf 83' lang='grc' dir='ltr'><strong>ὑπὸ</strong></span> <span class='ocrx_word' id='word_1_203' title='bbox 960 2695 1069 2748; x_wconf 84' lang='grc' dir='ltr'><strong>τῶν</strong></span> <span class='ocrx_word' id='word_1_204' title='bbox 1103 2691 1364 2762; x_wconf 79' lang='grc' dir='ltr'>Τούρκων</span> <span class='ocrx_word' id='word_1_205' title='bbox 1396 2690 1483 2742; x_wconf 76' lang='grc' dir='ltr'><strong>διὰ</strong></span> <span class='ocrx_word' id='word_1_206' title='bbox 1533 2687 1643 2740; x_wconf 87' lang='grc' dir='ltr'><strong>τῶν</strong></span> <span class='ocrx_word' id='word_1_207' title='bbox 1683 2686 1916 2756; x_wconf 80' lang='grc' dir='ltr'>ὲοειρῶν</span> <span class='ocrx_word' id='word_1_208' title='bbox 1949 2685 2041 2736; x_wconf 72' lang='grc' dir='ltr'>καὶ</span> 
     </span>
    </p>
   </div>
   <div class='ocr_carea' id='block_1_29' title="bbox 463 2775 2038 2864">
    <p class='ocr_par' dir='ltr' id='par_1_29' title="bbox 463 2775 2038 2864">
     <span class='ocr_line' id='line_1_29' title="bbox 463 2775 2038 2864; baseline -0.018 -14"><span class='ocrx_word' id='word_1_209' title='bbox 463 2775 653 2864; x_wconf 84' lang='grc' dir='ltr'>κομῶν</span> <span class='ocrx_word' id='word_1_210' title='bbox 680 2790 773 2844; x_wconf 71' lang='grc' dir='ltr'>καὶ</span> <span class='ocrx_word' id='word_1_211' title='bbox 813 2786 1110 2852; x_wconf 72' lang='grc' dir='ltr'>πλοκάμων</span> <span class='ocrx_word' id='word_1_212' title='bbox 1155 2781 1256 2846; x_wconf 85' lang='grc' dir='ltr'><strong>τῆς</strong></span> <span class='ocrx_word' id='word_1_213' title='bbox 1284 2777 1530 2846; x_wconf 76' lang='grc' dir='ltr'>κεφαλῆς</span> <span class='ocrx_word' id='word_1_214' title='bbox 1564 2776 1765 2841; x_wconf 72' lang='grc' dir='ltr'>ἔξωθεν</span> <span class='ocrx_word' id='word_1_215' title='bbox 1794 2775 1904 2826; x_wconf 84' lang='grc' dir='ltr'><strong>τῶν</strong></span> <span class='ocrx_word' id='word_1_216' title='bbox 1944 2776 2038 2826; x_wconf 76' lang='grc' dir='ltr'><strong>ὲκ-</strong></span> 
     </span>
    </p>
   </div>
   <div class='ocr_carea' id='block_1_30' title="bbox 460 2862 2042 2954">
    <p class='ocr_par' dir='ltr' id='par_1_30' title="bbox 460 2862 2042 2954">
     <span class='ocr_line' id='line_1_30' title="bbox 460 2862 2042 2954; baseline -0.016 -15"><span class='ocrx_word' id='word_1_217' title='bbox 460 2862 705 2954; x_wconf 73' lang='grc' dir='ltr'>κλῆσιῶν</span> <span class='ocrx_word' id='word_1_218' title='bbox 764 2877 904 2948; x_wconf 85' lang='grc' dir='ltr'><strong>μετά</strong></span> <span class='ocrx_word' id='word_1_219' title='bbox 961 2872 1216 2941; x_wconf 78' lang='grc' dir='ltr'>ὀδυρμῶν</span> <span class='ocrx_word' id='word_1_220' title='bbox 1271 2866 1537 2936; x_wconf 78' lang='grc' dir='ltr'>ἀνηλεῶς,</span> <span class='ocrx_word' id='word_1_221' title='bbox 1593 2866 1694 2933; x_wconf 80' lang='grc' dir='ltr'><strong>τὴν</strong></span> <span class='ocrx_word' id='word_1_222' title='bbox 1759 2863 1887 2933; x_wconf 81' lang='grc' dir='ltr'>βοὴν</span> <span class='ocrx_word' id='word_1_223' title='bbox 1947 2862 2042 2914; x_wconf 74' lang='grc' dir='ltr'>καὶ</span> 
     </span>
    </p>
   </div>
   <div class='ocr_carea' id='block_1_31' title="bbox 461 2953 2042 3044">
    <p class='ocr_par' dir='ltr' id='par_1_31' title="bbox 461 2953 2042 3044">
     <span class='ocr_line' id='line_1_31' title="bbox 461 2953 2042 3044; baseline -0.018 -12"><span class='ocrx_word' id='word_1_224' title='bbox 461 2953 746 3044; x_wconf 75' lang='grc' dir='ltr'>κλαυθμὸν</span> <span class='ocrx_word' id='word_1_225' title='bbox 775 2970 885 3023; x_wconf 86' lang='grc' dir='ltr'><strong>τῶν</strong></span> <span class='ocrx_word' id='word_1_226' title='bbox 917 2967 1125 3020; x_wconf 84' lang='grc' dir='ltr'>παίδων</span> <span class='ocrx_word' id='word_1_227' title='bbox 1145 3004 1160 3028; x_wconf 94' lang='grc'><strong>,</strong></span> <span class='ocrx_word' id='word_1_228' title='bbox 1191 2962 1317 3022; x_wconf 81' lang='grc' dir='ltr'>τοὺς</span> <span class='ocrx_word' id='word_1_229' title='bbox 1364 2960 1543 3029; x_wconf 72' lang='grc' dir='ltr'>ἱεροὺς</span> <span class='ocrx_word' id='word_1_230' title='bbox 1597 2957 1693 3010; x_wconf 74' lang='grc' dir='ltr'>καὶ</span> <span class='ocrx_word' id='word_1_231' title='bbox 1727 2956 1916 3022; x_wconf 82' lang='grc' dir='ltr'>ἁγίους</span> <span class='ocrx_word' id='word_1_232' title='bbox 1961 2953 2042 3006; x_wconf 86' lang='grc' dir='ltr'><strong>οῐ-</strong></span> 
     </span>
    </p>
   </div>
   <div class='ocr_carea' id='block_1_32' title="bbox 465 3046 2042 3138">
    <p class='ocr_par' dir='ltr' id='par_1_32' title="bbox 465 3046 2042 3135">
     <span class='ocr_line' id='line_1_32' title="bbox 465 3046 2042 3135; baseline -0.018 -11"><span class='ocrx_word' id='word_1_233' title='bbox 465 3085 596 3132; x_wconf 90' lang='grc' dir='ltr'>κους</span> <span class='ocrx_word' id='word_1_234' title='bbox 626 3059 1113 3135; x_wconf 78' lang='grc' dir='ltr'>λεηλατισμένους,</span> <span class='ocrx_word' id='word_1_235' title='bbox 1145 3055 1204 3112; x_wconf 75' lang='grc' dir='ltr'>τὸ</span> <span class='ocrx_word' id='word_1_236' title='bbox 1245 3053 1520 3123; x_wconf 78' lang='grc' dir='ltr'>φρικῶδες</span> <span class='ocrx_word' id='word_1_237' title='bbox 1563 3051 1658 3102; x_wconf 79' lang='grc' dir='ltr'>καὶ</span> <span class='ocrx_word' id='word_1_238' title='bbox 1703 3046 2042 3115; x_wconf 86' lang='grc' dir='ltr'>ἀκουόμενον</span> 
     </span>
    </p>
   </div>
   <div class='ocr_carea' id='block_1_33' title="bbox 462 3135 2042 3224">
    <p class='ocr_par' dir='ltr' id='par_1_33' title="bbox 462 3135 2042 3224">
     <span class='ocr_line' id='line_1_33' title="bbox 462 3135 2042 3224; baseline -0.017 -10"><span class='ocrx_word' id='word_1_239' title='bbox 462 3162 550 3222; x_wconf 86' lang='grc' dir='ltr'><strong>τίς</strong></span> <span class='ocrx_word' id='word_1_240' title='bbox 587 3135 950 3224; x_wconf 81' lang='grc' dir='ltr'>διηγήσεται;</span> <span class='ocrx_word' id='word_1_241' title='bbox 982 3145 1093 3200; x_wconf 82' lang='grc' dir='ltr'>Ἦν</span> <span class='ocrx_word' id='word_1_242' title='bbox 1142 3147 1272 3215; x_wconf 83' lang='grc' dir='ltr'>όρᾷν</span> <span class='ocrx_word' id='word_1_243' title='bbox 1314 3144 1374 3196; x_wconf 86' lang='grc' dir='ltr'>τὺ</span> <span class='ocrx_word' id='word_1_244' title='bbox 1421 3143 1564 3194; x_wconf 84' lang='grc' dir='ltr'>θεῖον</span> <span class='ocrx_word' id='word_1_245' title='bbox 1593 3135 1728 3210; x_wconf 73' lang='grc' dir='ltr'>αἷμα</span> <span class='ocrx_word' id='word_1_246' title='bbox 1754 3139 1848 3192; x_wconf 68' lang='grc' dir='ltr'>καὶ</span> <span class='ocrx_word' id='word_1_247' title='bbox 1881 3136 2042 3203; x_wconf 86' lang='grc' dir='ltr'>σῶμα</span> 
     </span>
    </p>
   </div>
   <div class='ocr_carea' id='block_1_34' title="bbox 464 3228 2043 3321">
    <p class='ocr_par' dir='ltr' id='par_1_34' title="bbox 464 3228 2043 3321">
     <span class='ocr_line' id='line_1_34' title="bbox 464 3228 2043 3321; baseline -0.018 -15"><span class='ocrx_word' id='word_1_248' title='bbox 464 3247 706 3321; x_wconf 76' lang='grc' dir='ltr'>Χριστοῦ</span> <span class='ocrx_word' id='word_1_249' title='bbox 737 3243 879 3298; x_wconf 74' lang='grc' dir='ltr'>κατὰ</span> <span class='ocrx_word' id='word_1_250' title='bbox 911 3241 1016 3308; x_wconf 80' lang='grc' dir='ltr'><strong>γῆς</strong></span> <span class='ocrx_word' id='word_1_251' title='bbox 1042 3238 1303 3308; x_wconf 82' lang='grc' dir='ltr'>χεόμενον</span> <span class='ocrx_word' id='word_1_252' title='bbox 1343 3236 1439 3286; x_wconf 76' lang='grc' dir='ltr'><strong>καὶ</strong></span> <span class='ocrx_word' id='word_1_253' title='bbox 1464 3232 1816 3302; x_wconf 80' lang='grc' dir='ltr'>ῥιπτόμενον,</span> <span class='ocrx_word' id='word_1_254' title='bbox 1849 3229 1945 3281; x_wconf 73' lang='grc' dir='ltr'>καὶ</span> <span class='ocrx_word' id='word_1_255' title='bbox 1975 3228 2043 3278; x_wconf 82' lang='grc' dir='ltr'><strong>τὰ</strong></span> 
     </span>
    </p>
   </div>
   <div class='ocr_carea' id='block_1_35' title="bbox 469 3410 2043 3489">
    <p class='ocr_par' dir='ltr' id='par_1_35' title="bbox 469 3410 2043 3489">
     <span class='ocr_line' id='line_1_35' title="bbox 469 3410 2043 3489; baseline -0.016 -5"><span class='ocrx_word' id='word_1_256' title='bbox 469 3430 683 3489; x_wconf 89' lang='lat' dir='ltr'><strong>tiasset,</strong></span> <span class='ocrx_word' id='word_1_257' title='bbox 714 3424 885 3479; x_wconf 81' lang='lat' dir='ltr'><strong>edixit</strong></span> <span class='ocrx_word' id='word_1_258' title='bbox 913 3422 980 3481; x_wconf 85' lang='lat' dir='ltr'><strong>is.</strong></span> <span class='ocrx_word' id='word_1_259' title='bbox 1011 3426 1072 3472; x_wconf 93' lang='lat' dir='ltr'><strong>ut</strong></span> <span class='ocrx_word' id='word_1_260' title='bbox 1096 3431 1165 3470; x_wconf 70' lang='lat' dir='ltr'><strong>ex</strong></span> <span class='ocrx_word' id='word_1_261' title='bbox 1206 3422 1369 3484; x_wconf 88' lang='lat' dir='ltr'><strong>pacto</strong></span> <span class='ocrx_word' id='word_1_262' title='bbox 1398 3410 1792 3465; x_wconf 83' lang='lat' dir='ltr'><strong>descenderem</strong></span> <span class='ocrx_word' id='word_1_263' title='bbox 1827 3419 1876 3461; x_wconf 88' lang='lat' dir='ltr'><strong>et</strong></span> <span class='ocrx_word' id='word_1_264' title='bbox 1921 3423 2043 3460; x_wconf 82' lang='lat' dir='ltr'><strong>cum</strong></span> 
     </span>
    </p>
   </div>
   <div class='ocr_carea' id='block_1_36' title="bbox 471 3499 2046 3580">
    <p class='ocr_par' dir='ltr' id='par_1_36' title="bbox 471 3499 2046 3580">
     <span class='ocr_line' id='line_1_36' title="bbox 471 3499 2046 3580; baseline -0.018 -3"><span class='ocrx_word' id='word_1_265' title='bbox 471 3519 599 3578; x_wconf 87' lang='lat' dir='ltr'><strong>navi</strong></span> <span class='ocrx_word' id='word_1_266' title='bbox 631 3527 685 3573; x_wconf 89' lang='lat' dir='ltr'><strong>et</strong></span> <span class='ocrx_word' id='word_1_267' title='bbox 717 3513 867 3571; x_wconf 92' lang='lat' dir='ltr'><strong>omni</strong></span> <span class='ocrx_word' id='word_1_268' title='bbox 907 3506 1244 3580; x_wconf 76' lang='lat' dir='ltr'><strong>supellectile</strong></span> <span class='ocrx_word' id='word_1_269' title='bbox 1292 3520 1391 3560; x_wconf 88' lang='lat' dir='ltr'><strong>sua</strong></span> <span class='ocrx_word' id='word_1_270' title='bbox 1423 3501 1580 3558; x_wconf 84' lang='lat' dir='ltr'><strong>liberi</strong></span> <span class='ocrx_word' id='word_1_271' title='bbox 1626 3509 1826 3554; x_wconf 83' lang='lat' dir='ltr'><strong>essent.</strong></span> <span class='ocrx_word' id='word_1_272' title='bbox 1867 3500 1935 3553; x_wconf 85' lang='lat' dir='ltr'><strong>At</strong></span> <span class='ocrx_word' id='word_1_273' title='bbox 1967 3499 2046 3551; x_wconf 90' lang='lat' dir='ltr'><strong>sie</strong></span> 
     </span>
    </p>
   </div>
   <div class='ocr_carea' id='block_1_37' title="bbox 478 3589 2046 3682">
    <p class='ocr_par' dir='ltr' id='par_1_37' title="bbox 478 3589 2046 3682">
     <span class='ocr_line' id='line_1_37' title="bbox 478 3589 2046 3682; baseline -0.017 -16"><span class='ocrx_word' id='word_1_274' title='bbox 478 3624 696 3682; x_wconf 89' lang='lat' dir='ltr'><strong>quoque</strong></span> <span class='ocrx_word' id='word_1_275' title='bbox 727 3621 866 3675; x_wconf 81' lang='lat' dir='ltr'><strong>aegre</strong></span> <span class='ocrx_word' id='word_1_276' title='bbox 898 3604 962 3657; x_wconf 90' lang='lat' dir='ltr'><strong>iis</strong></span> <span class='ocrx_word' id='word_1_277' title='bbox 997 3604 1408 3670; x_wconf 81' lang='lat' dir='ltr'><strong>persuaserunt,</strong></span> <span class='ocrx_word' id='word_1_278' title='bbox 1446 3603 1505 3648; x_wconf 91' lang='lat' dir='ltr'><strong>ut</strong></span> <span class='ocrx_word' id='word_1_279' title='bbox 1532 3590 1898 3646; x_wconf 83' lang='lat' dir='ltr'><strong>discederem.</strong></span> <span class='ocrx_word' id='word_1_280' title='bbox 1932 3589 2046 3642; x_wconf 86' lang='lat' dir='ltr'><strong>Duo</strong></span> 
     </span>
    </p>
   </div>
   <div class='ocr_carea' id='block_1_38' title="bbox 477 3679 2048 3760">
    <p class='ocr_par' dir='ltr' id='par_1_38' title="bbox 477 3679 2048 3760">
     <span class='ocr_line' id='line_1_38' title="bbox 477 3679 2048 3760; baseline -0.017 -3"><span class='ocrx_word' id='word_1_281' title='bbox 477 3679 676 3758; x_wconf 73' lang='lat' dir='ltr'><strong>fratres</strong></span> <span class='ocrx_word' id='word_1_282' title='bbox 706 3697 852 3760; x_wconf 90' lang='lat' dir='ltr'><strong>Itali,</strong></span> <span class='ocrx_word' id='word_1_283' title='bbox 875 3691 1080 3747; x_wconf 84' lang='lat' dir='ltr'><strong>Paulus</strong></span> <span class='ocrx_word' id='word_1_284' title='bbox 1111 3697 1162 3743; x_wconf 89' lang='lat' dir='ltr'><strong>et</strong></span> <span class='ocrx_word' id='word_1_285' title='bbox 1187 3686 1407 3740; x_wconf 87' lang='lat' dir='ltr'><strong>Troilus</strong></span> <span class='ocrx_word' id='word_1_286' title='bbox 1441 3682 1782 3744; x_wconf 87' lang='lat' dir='ltr'><strong>nominibus,</strong></span> <span class='ocrx_word' id='word_1_287' title='bbox 1836 3681 1891 3733; x_wconf 91' lang='lat' dir='ltr'><strong>in</strong></span> <span class='ocrx_word' id='word_1_288' title='bbox 1927 3679 2048 3732; x_wconf 87' lang='lat' dir='ltr'><strong>loco</strong></span> 
     </span>
    </p>
   </div>
   <div class='ocr_carea' id='block_1_39' title="bbox 472 3771 2049 3848">
    <p class='ocr_par' dir='ltr' id='par_1_39' title="bbox 472 3771 2049 3848">
     <span class='ocr_line' id='line_1_39' title="bbox 472 3771 2049 3848; baseline -0.018 0"><span class='ocrx_word' id='word_1_289' title='bbox 472 3793 574 3848; x_wconf 87' lang='lat' dir='ltr'><strong>sibi</strong></span> <span class='ocrx_word' id='word_1_290' title='bbox 612 3786 912 3846; x_wconf 90' lang='lat' dir='ltr'><strong>commisso</strong></span> <span class='ocrx_word' id='word_1_291' title='bbox 939 3798 1064 3838; x_wconf 88' lang='lat' dir='ltr'><strong>cum</strong></span> <span class='ocrx_word' id='word_1_292' title='bbox 1091 3778 1212 3834; x_wconf 88' lang='lat' dir='ltr'><strong>aliis</strong></span> <span class='ocrx_word' id='word_1_293' title='bbox 1236 3777 1422 3832; x_wconf 87' lang='lat' dir='ltr'><strong>multis</strong></span> <span class='ocrx_word' id='word_1_294' title='bbox 1470 3788 1730 3846; x_wconf 76' lang='lat' dir='ltr'><strong>generose</strong></span> <span class='ocrx_word' id='word_1_295' title='bbox 1765 3771 2049 3824; x_wconf 74' lang='lat' dir='ltr'><strong>decorum-</strong></span> 
     </span>
    </p>
   </div>
   <div class='ocr_carea' id='block_1_40' title="bbox 472 3862 2049 3952">
    <p class='ocr_par' dir='ltr' id='par_1_40' title="bbox 472 3862 2049 3952">
     <span class='ocr_line' id='line_1_40' title="bbox 472 3862 2049 3952; baseline -0.019 -10"><span class='ocrx_word' id='word_1_296' title='bbox 472 3896 580 3952; x_wconf 81' lang='lat' dir='ltr'><strong>tes,</strong></span> <span class='ocrx_word' id='word_1_297' title='bbox 612 3885 794 3938; x_wconf 83' lang='lat' dir='ltr'><strong>hostes</strong></span> <span class='ocrx_word' id='word_1_298' title='bbox 829 3877 1033 3931; x_wconf 89' lang='lat' dir='ltr'><strong>acriter</strong></span> <span class='ocrx_word' id='word_1_299' title='bbox 1085 3871 1421 3942; x_wconf 75' lang='lat' dir='ltr'><strong>repellebant</strong></span> <span class='ocrx_word' id='word_1_300' title='bbox 1449 3877 1505 3923; x_wconf 90' lang='lat' dir='ltr'><strong>et</strong></span> <span class='ocrx_word' id='word_1_301' title='bbox 1543 3867 1714 3933; x_wconf 43' lang='lat' dir='ltr'><strong>haud,</strong></span> <span class='ocrx_word' id='word_1_302' title='bbox 1741 3864 1845 3917; x_wconf 82' lang='lat' dir='ltr'><strong>levi</strong></span> <span class='ocrx_word' id='word_1_303' title='bbox 1882 3862 2049 3916; x_wconf 84' lang='lat' dir='ltr'><strong>dimi-</strong></span> 
     </span>
    </p>
   </div>
   <div class='ocr_carea' id='block_1_41' title="bbox 473 3954 2049 4042">
    <p class='ocr_par' dir='ltr' id='par_1_41' title="bbox 473 3954 2049 4042">
     <span class='ocr_line' id='line_1_41' title="bbox 473 3954 2049 4042; baseline -0.018 -9"><span class='ocrx_word' id='word_1_304' title='bbox 473 3980 677 4034; x_wconf 89' lang='lat' dir='ltr'><strong>cabant</strong></span> <span class='ocrx_word' id='word_1_305' title='bbox 742 3969 961 4042; x_wconf 71' lang='lat' dir='ltr'><strong>prmlio,</strong></span> <span class='ocrx_word' id='word_1_306' title='bbox 1003 3973 1057 4021; x_wconf 88' lang='lat' dir='ltr'><strong>et</strong></span> <span class='ocrx_word' id='word_1_307' title='bbox 1103 3975 1487 4031; x_wconf 85' lang='lat' dir='ltr'><strong>utrorumque,</strong></span> <span class='ocrx_word' id='word_1_308' title='bbox 1543 3954 2049 4027; x_wconf 81' lang='lat' dir='ltr'><strong>tum-pugnantium</strong></span> 
     </span>
    </p>
   </div>
   <div class='ocr_carea' id='block_1_42' title="bbox 475 4046 2050 4124">
    <p class='ocr_par' dir='ltr' id='par_1_42' title="bbox 475 4046 2050 4124">
     <span class='ocr_line' id='line_1_42' title="bbox 475 4046 2050 4124; baseline -0.018 -1"><span class='ocrx_word' id='word_1_309' title='bbox 475 4079 588 4124; x_wconf 87' lang='lat' dir='ltr'><strong>tum</strong></span> <span class='ocrx_word' id='word_1_310' title='bbox 645 4063 1086 4124; x_wconf 45' lang='lat' dir='ltr'><strong>defensantium,</strong></span> <span class='ocrx_word' id='word_1_311' title='bbox 1121 4057 1298 4111; x_wconf 63' lang='lat' dir='ltr'><strong>caedes</strong></span> <span class='ocrx_word' id='word_1_312' title='bbox 1350 4054 1673 4109; x_wconf 87' lang='lat' dir='ltr'><strong>edebantur.</strong></span> <span class='ocrx_word' id='word_1_313' title='bbox 1731 4046 2050 4114; x_wconf 81' lang='lat' dir='ltr'><strong>Respiciens</strong></span> 
     </span>
    </p>
   </div>
   <div class='ocr_carea' id='block_1_43' title="bbox 473 4137 2048 4217">
    <p class='ocr_par' dir='ltr' id='par_1_43' title="bbox 473 4137 2048 4217">
     <span class='ocr_line' id='line_1_43' title="bbox 473 4137 2048 4217; baseline -0.018 -1"><span class='ocrx_word' id='word_1_314' title='bbox 473 4174 652 4216; x_wconf 89' lang='lat' dir='ltr'><strong>autem</strong></span> <span class='ocrx_word' id='word_1_315' title='bbox 688 4155 888 4209; x_wconf 80' lang='lat' dir='ltr'><strong>Paulus</strong></span> <span class='ocrx_word' id='word_1_316' title='bbox 925 4154 1218 4217; x_wconf 74' lang='lat' dir='ltr'><strong>hostesque</strong></span> <span class='ocrx_word' id='word_1_317' title='bbox 1250 4147 1394 4204; x_wconf 89' lang='lat' dir='ltr'><strong>intra</strong></span> <span class='ocrx_word' id='word_1_318' title='bbox 1442 4144 1634 4196; x_wconf 89' lang='lat' dir='ltr'><strong>urbem</strong></span> <span class='ocrx_word' id='word_1_319' title='bbox 1671 4137 2048 4206; x_wconf 86' lang='lat' dir='ltr'><strong>conspicatus,</strong></span> 
     </span>
    </p>
   </div>
   <div class='ocr_carea' id='block_1_44' title="bbox 477 4227 2051 4308">
    <p class='ocr_par' dir='ltr' id='par_1_44' title="bbox 477 4227 2051 4308">
     <span class='ocr_line' id='line_1_44' title="bbox 477 4227 2051 4308; baseline -0.02 0"><span class='ocrx_word' id='word_1_320' title='bbox 477 4255 544 4308; x_wconf 88' lang='lat' dir='ltr'><strong>ad</strong></span> <span class='ocrx_word' id='word_1_321' title='bbox 577 4253 806 4304; x_wconf 81' lang='lat' dir='ltr'><strong>fratrem</strong></span> <span class='ocrx_word' id='word_1_322' title='bbox 838 4255 1178 4298; x_wconf 87' lang='lat' dir='ltr'><strong>conversus:</strong></span> <span class='ocrx_word' id='word_1_323' title='bbox 1219 4255 1237 4288; x_wconf 77' lang='grc' dir='ltr'><strong>ι</strong></span> <span class='ocrx_word' id='word_1_324' title='bbox 1270 4235 1313 4290; x_wconf 91' lang='lat'>0</span> <span class='ocrx_word' id='word_1_325' title='bbox 1343 4234 1448 4297; x_wconf 88' lang='lat' dir='ltr'><strong>sol,</strong></span> <span class='ocrx_word' id='word_1_326' title='bbox 1485 4234 1766 4292; x_wconf 70' lang='lat' dir='ltr'><strong>horresce,</strong></span> <span class='ocrx_word' id='word_1_327' title='bbox 1795 4227 1991 4296; x_wconf 85' lang='lat' dir='ltr'><strong>inquit,</strong></span> <span class='ocrx_word' id='word_1_328' title='bbox 2017 4241 2051 4278; x_wconf 87' lang='grc' dir='ltr'><strong>ο</strong></span> 
     </span>
    </p>
   </div>
   <div class='ocr_carea' id='block_1_45' title="bbox 475 4317 2049 4406">
    <p class='ocr_par' dir='ltr' id='par_1_45' title="bbox 475 4317 2049 4406">
     <span class='ocr_line' id='line_1_45' title="bbox 475 4317 2049 4406; baseline -0.018 -10"><span class='ocrx_word' id='word_1_329' title='bbox 475 4343 655 4396; x_wconf 89' lang='lat' dir='ltr'><strong>tellus.</strong></span> <span class='ocrx_word' id='word_1_330' title='bbox 687 4331 1029 4406; x_wconf 81' lang='lat' dir='ltr'><strong>ingemisce!</strong></span> <span class='ocrx_word' id='word_1_331' title='bbox 1094 4339 1251 4396; x_wconf 82' lang='lat' dir='ltr'><strong>capta</strong></span> <span class='ocrx_word' id='word_1_332' title='bbox 1311 4327 1450 4380; x_wconf 88' lang='lat' dir='ltr'><strong>urbs</strong></span> <span class='ocrx_word' id='word_1_333' title='bbox 1509 4333 1612 4386; x_wconf 85' lang='lat' dir='ltr'><strong>est,</strong></span> <span class='ocrx_word' id='word_1_334' title='bbox 1645 4322 1718 4375; x_wconf 71' lang='lat' dir='ltr'><strong>&#39;et</strong></span> <span class='ocrx_word' id='word_1_335' title='bbox 1770 4317 2049 4389; x_wconf 82' lang='lat' dir='ltr'><strong>pugnandi</strong></span> 
     </span>
    </p>
   </div>
   <div class='ocr_carea' id='block_1_46' title="bbox 475 4408 2047 4500">
    <p class='ocr_par' dir='ltr' id='par_1_46' title="bbox 475 4408 2047 4500">
     <span class='ocr_line' id='line_1_46' title="bbox 475 4408 2047 4500; baseline -0.016 -14"><span class='ocrx_word' id='word_1_336' title='bbox 475 4445 688 4500; x_wconf 72' lang='lat' dir='ltr'><strong>tempus</strong></span> <span class='ocrx_word' id='word_1_337' title='bbox 715 4430 825 4498; x_wconf 82' lang='lat' dir='ltr'><strong>jam</strong></span> <span class='ocrx_word' id='word_1_338' title='bbox 863 4423 1141 4494; x_wconf 69' lang='lat' dir='ltr'><strong>praeteriit.</strong></span> <span class='ocrx_word' id='word_1_339' title='bbox 1177 4423 1426 4471; x_wconf 61' lang='lat' dir='ltr'><strong>:Tttameu</strong></span> <span class='ocrx_word' id='word_1_340' title='bbox 1454 4418 1519 4469; x_wconf 92' lang='lat' dir='ltr'><strong>de</strong></span> <span class='ocrx_word' id='word_1_341' title='bbox 1549 4416 1724 4468; x_wconf 86' lang='lat' dir='ltr'><strong>salute</strong></span> <span class='ocrx_word' id='word_1_342' title='bbox 1754 4422 1966 4471; x_wconf 84' lang='lat' dir='ltr'><strong>neStra,</strong></span> <span class='ocrx_word' id='word_1_343' title='bbox 2001 4408 2047 4462; x_wconf 84' lang='lat' dir='ltr'><strong>si</strong></span> 
     </span>
    </p>
   </div>
   <div class='ocr_carea' id='block_1_47' title="bbox 474 4505 1382 4593">
    <p class='ocr_par' dir='ltr' id='par_1_47' title="bbox 474 4505 1382 4593">
     <span class='ocr_line' id='line_1_47' title="bbox 474 4505 1382 4593; baseline -0.019 -17"><span class='ocrx_word' id='word_1_344' title='bbox 474 4540 580 4593; x_wconf 80' lang='lat' dir='ltr'><strong>qua</strong></span> <span class='ocrx_word' id='word_1_345' title='bbox 606 4537 729 4588; x_wconf 74' lang='lat' dir='ltr'><strong>spes</strong></span> <span class='ocrx_word' id='word_1_346' title='bbox 748 4528 851 4580; x_wconf 83' lang='lat' dir='ltr'><strong>est,</strong></span> <span class='ocrx_word' id='word_1_347' title='bbox 879 4514 1202 4583; x_wconf 76' lang='lat' dir='ltr'><strong>cogitemus.</strong></span> <span class='ocrx_word' id='word_1_348' title='bbox 1239 4531 1255 4561; x_wconf 77' lang='grc' dir='ltr'><strong>ι</strong></span> <span class='ocrx_word' id='word_1_349' title='bbox 1380 4505 1382 4507; x_wconf 71' lang='grc'><em>’</em></span> 
     </span>
    </p>
   </div>
   <div class='ocr_carea' id='block_1_48' title="bbox 547 4595 2046 4672">
    <p class='ocr_par' dir='ltr' id='par_1_48' title="bbox 547 4595 2046 4672">
     <span class='ocr_line' id='line_1_48' title="bbox 547 4595 2046 4672; baseline -0.015 -7"><span class='ocrx_word' id='word_1_350' title='bbox 547 4613 619 4665; x_wconf 83' lang='lat' dir='ltr'><strong>lia</strong></span> <span class='ocrx_word' id='word_1_351' title='bbox 652 4612 834 4663; x_wconf 88' lang='lat' dir='ltr'><strong>hostes</strong></span> <span class='ocrx_word' id='word_1_352' title='bbox 867 4616 974 4670; x_wconf 85' lang='lat' dir='ltr'><strong>to_ta</strong></span> <span class='ocrx_word' id='word_1_353' title='bbox 1012 4607 1147 4658; x_wconf 86' lang='lat' dir='ltr'><strong>urbe</strong></span> <span class='ocrx_word' id='word_1_354' title='bbox 1189 4603 1347 4672; x_wconf 79' lang='lat' dir='ltr'><strong>potiti</strong></span> <span class='ocrx_word' id='word_1_355' title='bbox 1407 4609 1534 4655; x_wconf 89' lang='lat' dir='ltr'><strong>sunt</strong></span> <span class='ocrx_word' id='word_1_356' title='bbox 1560 4599 1647 4652; x_wconf 82' lang='lat' dir='ltr'><strong>die</strong></span> <span class='ocrx_word' id='word_1_357' title='bbox 1701 4597 1882 4660; x_wconf 86' lang='lat' dir='ltr'><strong>tertio,</strong></span> <span class='ocrx_word' id='word_1_358' title='bbox 1915 4595 2046 4647; x_wconf 81' lang='lat' dir='ltr'><strong>hora</strong></span> 
     </span>
    </p>
   </div>
   <div class='ocr_carea' id='block_1_49' title="bbox 481 4685 2045 4764">
    <p class='ocr_par' dir='ltr' id='par_1_49' title="bbox 481 4685 2045 4764">
     <span class='ocr_line' id='line_1_49' title="bbox 481 4685 2045 4764; baseline -0.017 -2"><span class='ocrx_word' id='word_1_359' title='bbox 481 4707 720 4764; x_wconf 59' lang='lat' dir='ltr'><strong>secunda</strong></span> <span class='ocrx_word' id='word_1_360' title='bbox 753 4712 804 4756; x_wconf 90' lang='lat' dir='ltr'><strong>et</strong></span> <span class='ocrx_word' id='word_1_361' title='bbox 835 4699 1078 4758; x_wconf 87' lang='lat' dir='ltr'><strong>dimidia.</strong></span> <span class='ocrx_word' id='word_1_362' title='bbox 1105 4711 1249 4750; x_wconf 88' lang='lat' dir='ltr'><strong>anno</strong></span> <span class='ocrx_word' id='word_1_363' title='bbox 1279 4693 1438 4754; x_wconf 83' lang='lat' dir='ltr'><strong>696i,</strong></span> <span class='ocrx_word' id='word_1_364' title='bbox 1473 4690 1678 4745; x_wconf 89' lang='lat' dir='ltr'><strong>mensis</strong></span> <span class='ocrx_word' id='word_1_365' title='bbox 1699 4687 1819 4742; x_wconf 81' lang='lat' dir='ltr'><strong>Maii</strong></span> <span class='ocrx_word' id='word_1_366' title='bbox 1845 4687 1929 4739; x_wconf 89' lang='lat' dir='ltr'><strong>die</strong></span> <span class='ocrx_word' id='word_1_367' title='bbox 1955 4685 2045 4737; x_wconf 69' lang='grc'><strong>29.</strong></span> 
     </span>
    </p>
   </div>
   <div class='ocr_carea' id='block_1_50' title="bbox 477 4773 2048 4864">
    <p class='ocr_par' dir='ltr' id='par_1_50' title="bbox 477 4773 2048 4864">
     <span class='ocr_line' id='line_1_50' title="bbox 477 4773 2048 4864; baseline -0.016 -13"><span class='ocrx_word' id='word_1_368' title='bbox 477 4801 579 4864; x_wconf 87' lang='lat' dir='ltr'><strong>Qui</strong></span> <span class='ocrx_word' id='word_1_369' title='bbox 610 4799 901 4851; x_wconf 73' lang='lat' dir='ltr'><strong>irruerent.</strong></span> <span class='ocrx_word' id='word_1_370' title='bbox 940 4789 1224 4857; x_wconf 84' lang='lat' dir='ltr'><strong>rapiebant</strong></span> <span class='ocrx_word' id='word_1_371' title='bbox 1251 4795 1306 4838; x_wconf 83' lang='lat' dir='ltr'><strong>et</strong></span> <span class='ocrx_word' id='word_1_372' title='bbox 1343 4785 1594 4854; x_wconf 82' lang='lat' dir='ltr'><strong>captivos</strong></span> <span class='ocrx_word' id='word_1_373' title='bbox 1629 4780 1922 4840; x_wconf 73' lang='lat' dir='ltr'><strong>faciebant,</strong></span> <span class='ocrx_word' id='word_1_374' title='bbox 1955 4773 2048 4843; x_wconf 87' lang='lat' dir='ltr'><strong>qui</strong></span> 
     </span>
    </p>
   </div>
   <div class='ocr_carea' id='block_1_51' title="bbox 477 4875 2048 4957">
    <p class='ocr_par' dir='ltr' id='par_1_51' title="bbox 477 4875 2048 4957">
     <span class='ocr_line' id='line_1_51' title="bbox 477 4875 2048 4957; baseline -0.016 -13"><span class='ocrx_word' id='word_1_375' title='bbox 477 4890 837 4957; x_wconf 84' lang='lat' dir='ltr'><strong>capiebantur</strong></span> <span class='ocrx_word' id='word_1_376' title='bbox 889 4891 944 4935; x_wconf 84' lang='lat' dir='ltr'><strong>et</strong></span> <span class='ocrx_word' id='word_1_377' title='bbox 1000 4879 1348 4938; x_wconf 84' lang='lat' dir='ltr'><strong>resistebant,</strong></span> <span class='ocrx_word' id='word_1_378' title='bbox 1421 4875 1825 4934; x_wconf 75' lang='lat' dir='ltr'><strong>&quot;iactabantur,</strong></span> <span class='ocrx_word' id='word_1_379' title='bbox 1885 4877 2048 4936; x_wconf 85' lang='lat' dir='ltr'><strong>atque</strong></span> 
     </span>
    </p>
   </div>
   <div class='ocr_carea' id='block_1_52' title="bbox 407 4963 2048 5037">
    <p class='ocr_par' dir='ltr' id='par_1_52' title="bbox 407 4963 2048 5037">
     <span class='ocr_line' id='line_1_52' title="bbox 407 4963 2048 5037; baseline -0.017 0"><span class='ocrx_word' id='word_1_380' title='bbox 407 5034 412 5037; x_wconf 91' lang='lat'>_</span> <span class='ocrx_word' id='word_1_381' title='bbox 478 4978 756 5034; x_wconf 85' lang='lat' dir='ltr'><strong>nonnullis</strong></span> <span class='ocrx_word' id='word_1_382' title='bbox 794 4977 844 5027; x_wconf 91' lang='lat' dir='ltr'><strong>in</strong></span> <span class='ocrx_word' id='word_1_383' title='bbox 879 4973 1014 5026; x_wconf 79' lang='lat' dir='ltr'><strong>locis</strong></span> <span class='ocrx_word' id='word_1_384' title='bbox 1049 4985 1160 5037; x_wconf 71' lang='lat' dir='ltr'><strong>pra:</strong></span> <span class='ocrx_word' id='word_1_385' title='bbox 1190 4969 1517 5023; x_wconf 83' lang='lat' dir='ltr'><strong>cadaverum</strong></span> <span class='ocrx_word' id='word_1_386' title='bbox 1555 4963 1912 5018; x_wconf 87' lang='lat' dir='ltr'><strong>multitudine</strong></span> <span class='ocrx_word' id='word_1_387' title='bbox 1941 4975 2048 5011; x_wconf 88' lang='lat' dir='ltr'><strong>non</strong></span> 
     </span>
    </p>
   </div>
   <div class='ocr_carea' id='block_1_53' title="bbox 475 5051 2052 5142">
    <p class='ocr_par' dir='ltr' id='par_1_53' title="bbox 475 5051 2052 5142">
     <span class='ocr_line' id='line_1_53' title="bbox 475 5051 2052 5142; baseline -0.017 -16"><span class='ocrx_word' id='word_1_388' title='bbox 475 5069 769 5142; x_wconf 80' lang='lat' dir='ltr'><strong>apparebat</strong></span> <span class='ocrx_word' id='word_1_389' title='bbox 801 5075 962 5118; x_wconf 87' lang='lat' dir='ltr'><strong>terra.</strong></span> <span class='ocrx_word' id='word_1_390' title='bbox 991 5061 1230 5140; x_wconf 73' lang='lat' dir='ltr'><strong>Vidisses</strong></span> <span class='ocrx_word' id='word_1_391' title='bbox 1280 5073 1475 5113; x_wconf 84' lang='lat' dir='ltr'><strong>novum</strong></span> <span class='ocrx_word' id='word_1_392' title='bbox 1529 5053 1926 5123; x_wconf 80' lang='lat' dir='ltr'><strong>spectaculum,</strong></span> <span class='ocrx_word' id='word_1_393' title='bbox 1979 5051 2052 5101; x_wconf 87' lang='lat' dir='ltr'><strong>la-</strong></span> 
     </span>
    </p>
   </div>
   <div class='ocr_carea' id='block_1_54' title="bbox 479 5141 2050 5218">
    <p class='ocr_par' dir='ltr' id='par_1_54' title="bbox 479 5141 2050 5218">
     <span class='ocr_line' id='line_1_54' title="bbox 479 5141 2050 5218; baseline -0.015 0"><span class='ocrx_word' id='word_1_394' title='bbox 479 5141 664 5218; x_wconf 86' lang='lat' dir='ltr'><strong>menta</strong></span> <span class='ocrx_word' id='word_1_395' title='bbox 705 5160 872 5213; x_wconf 82' lang='lat' dir='ltr'><strong>multa</strong></span> <span class='ocrx_word' id='word_1_396' title='bbox 897 5167 949 5210; x_wconf 90' lang='lat' dir='ltr'><strong>et</strong></span> <span class='ocrx_word' id='word_1_397' title='bbox 983 5155 1152 5214; x_wconf 86' lang='lat' dir='ltr'><strong>varia.</strong></span> <span class='ocrx_word' id='word_1_398' title='bbox 1205 5151 1419 5218; x_wconf 88' lang='lat' dir='ltr'><strong>rapinas</strong></span> <span class='ocrx_word' id='word_1_399' title='bbox 1452 5149 1790 5205; x_wconf 84' lang='lat' dir='ltr'><strong>innumeras.</strong></span> <span class='ocrx_word' id='word_1_400' title='bbox 1851 5141 2050 5210; x_wconf 85' lang='lat' dir='ltr'><strong>quibus</strong></span> 
     </span>
    </p>
   </div>
   <div class='ocr_carea' id='block_1_55' title="bbox 479 5241 2046 5320">
    <p class='ocr_par' dir='ltr' id='par_1_55' title="bbox 479 5241 2046 5320">
     <span class='ocr_line' id='line_1_55' title="bbox 479 5241 2046 5320; baseline -0.017 -9"><span class='ocrx_word' id='word_1_401' title='bbox 479 5255 744 5311; x_wconf 90' lang='lat' dir='ltr'><strong>mulieres</strong></span> <span class='ocrx_word' id='word_1_402' title='bbox 793 5247 1092 5320; x_wconf 70' lang='lat' dir='ltr'><strong>primariae,</strong></span> <span class='ocrx_word' id='word_1_403' title='bbox 1157 5245 1394 5312; x_wconf 77' lang='lat' dir='ltr'><strong>virgines</strong></span> <span class='ocrx_word' id='word_1_404' title='bbox 1429 5249 1482 5294; x_wconf 92' lang='lat' dir='ltr'><strong>et</strong></span> <span class='ocrx_word' id='word_1_405' title='bbox 1537 5241 1646 5293; x_wconf 86' lang='lat' dir='ltr'><strong>Deo</strong></span> <span class='ocrx_word' id='word_1_406' title='bbox 1687 5243 2046 5296; x_wconf 74' lang='lat' dir='ltr'><strong>consecratae,</strong></span> 
     </span>
    </p>
   </div>
   <div class='ocr_carea' id='block_1_56' title="bbox 477 5322 2049 5416">
    <p class='ocr_par' dir='ltr' id='par_1_56' title="bbox 477 5322 2049 5416">
     <span class='ocr_line' id='line_1_56' title="bbox 477 5322 2049 5416; baseline -0.016 -14"><span class='ocrx_word' id='word_1_407' title='bbox 477 5347 690 5416; x_wconf 77' lang='lat' dir='ltr'><strong>capillis</strong></span> <span class='ocrx_word' id='word_1_408' title='bbox 723 5355 777 5397; x_wconf 90' lang='lat' dir='ltr'><strong>et</strong></span> <span class='ocrx_word' id='word_1_409' title='bbox 806 5340 1052 5395; x_wconf 80' lang='lat' dir='ltr'><strong>crinibus</strong></span> <span class='ocrx_word' id='word_1_410' title='bbox 1086 5354 1114 5390; x_wconf 87' lang='lat' dir='ltr'><strong>a</strong></span> <span class='ocrx_word' id='word_1_411' title='bbox 1138 5335 1335 5390; x_wconf 84' lang='lat' dir='ltr'><strong>Turcis</strong></span> <span class='ocrx_word' id='word_1_412' title='bbox 1375 5332 1637 5386; x_wconf 86' lang='lat' dir='ltr'><strong>atrociter</strong></span> <span class='ocrx_word' id='word_1_413' title='bbox 1689 5342 1887 5396; x_wconf 79' lang='lat' dir='ltr'><strong>magno</strong></span> <span class='ocrx_word' id='word_1_414' title='bbox 1925 5322 2049 5392; x_wconf 83' lang='lat' dir='ltr'><strong>eju-</strong></span> 
     </span>
    </p>
   </div>
   <div class='ocr_carea' id='block_1_57' title="bbox 425 5416 2049 5497">
    <p class='ocr_par' dir='ltr' id='par_1_57' title="bbox 425 5416 2049 5497">
     <span class='ocr_line' id='line_1_57' title="bbox 425 5416 2049 5497; baseline -0.017 -4"><span class='ocrx_word' id='word_1_415' title='bbox 425 5477 436 5487; x_wconf 85' lang='lat'><strong>.</strong></span> <span class='ocrx_word' id='word_1_416' title='bbox 481 5443 591 5497; x_wconf 87' lang='lat' dir='ltr'><strong>Iatu</strong></span> <span class='ocrx_word' id='word_1_417' title='bbox 618 5452 684 5492; x_wconf 85' lang='lat' dir='ltr'><strong>ex</strong></span> <span class='ocrx_word' id='word_1_418' title='bbox 716 5435 962 5490; x_wconf 72' lang='lat' dir='ltr'><strong>ecclesiis</strong></span> <span class='ocrx_word' id='word_1_419' title='bbox 989 5430 1381 5485; x_wconf 85' lang='lat' dir='ltr'><strong>avellebantur.</strong></span> <span class='ocrx_word' id='word_1_420' title='bbox 1444 5424 1723 5479; x_wconf 82' lang='lat' dir='ltr'><strong>Clamores</strong></span> <span class='ocrx_word' id='word_1_421' title='bbox 1757 5429 1810 5473; x_wconf 93' lang='lat' dir='ltr'><strong>et</strong></span> <span class='ocrx_word' id='word_1_422' title='bbox 1868 5416 2049 5487; x_wconf 80' lang='lat' dir='ltr'><strong>plora-</strong></span> 
     </span>
    </p>
   </div>
   <div class='ocr_carea' id='block_1_58' title="bbox 479 5505 2054 5600">
    <p class='ocr_par' dir='ltr' id='par_1_58' title="bbox 479 5505 2054 5600">
     <span class='ocr_line' id='line_1_58' title="bbox 479 5505 2054 5600; baseline -0.018 -13"><span class='ocrx_word' id='word_1_423' title='bbox 479 5541 570 5587; x_wconf 84' lang='lat' dir='ltr'><strong>tus</strong></span> <span class='ocrx_word' id='word_1_424' title='bbox 595 5542 914 5600; x_wconf 86' lang='lat' dir='ltr'><strong>puerorum,</strong></span> <span class='ocrx_word' id='word_1_425' title='bbox 945 5531 1260 5576; x_wconf 88' lang='lat' dir='ltr'><strong>sanctarum</strong></span> <span class='ocrx_word' id='word_1_426' title='bbox 1314 5518 1510 5572; x_wconf 65' lang='lat' dir='ltr'><strong>aedium</strong></span> <span class='ocrx_word' id='word_1_427' title='bbox 1571 5511 1852 5580; x_wconf 76' lang='lat' dir='ltr'><strong>sacrilegia</strong></span> <span class='ocrx_word' id='word_1_428' title='bbox 1903 5517 1956 5561; x_wconf 88' lang='lat' dir='ltr'><strong>et</strong></span> <span class='ocrx_word' id='word_1_429' title='bbox 2006 5505 2054 5560; x_wconf 61' lang='lat' dir='ltr'><strong>si</strong></span> 
     </span>
    </p>
   </div>
   <div class='ocr_carea' id='block_1_59' title="bbox 481 5603 2052 5692">
    <p class='ocr_par' dir='ltr' id='par_1_59' title="bbox 481 5603 2052 5692">
     <span class='ocr_line' id='line_1_59' title="bbox 481 5603 2052 5692; baseline -0.018 -15"><span class='ocrx_word' id='word_1_430' title='bbox 481 5621 612 5692; x_wconf 88' lang='lat' dir='ltr'><strong>quid</strong></span> <span class='ocrx_word' id='word_1_431' title='bbox 639 5618 782 5674; x_wconf 87' lang='lat' dir='ltr'><strong>aliud</strong></span> <span class='ocrx_word' id='word_1_432' title='bbox 813 5615 1166 5676; x_wconf 88' lang='lat' dir='ltr'><strong>horrendum,</strong></span> <span class='ocrx_word' id='word_1_433' title='bbox 1199 5612 1322 5679; x_wconf 87' lang='lat' dir='ltr'><strong>quis</strong></span> <span class='ocrx_word' id='word_1_434' title='bbox 1354 5611 1466 5662; x_wconf 60' lang='lat' dir='ltr'><strong>huic</strong></span> <span class='ocrx_word' id='word_1_435' title='bbox 1497 5605 1760 5661; x_wconf 87' lang='lat' dir='ltr'><strong>enarret?</strong></span> <span class='ocrx_word' id='word_1_436' title='bbox 1787 5603 1915 5656; x_wconf 77' lang='lat' dir='ltr'><strong>Erat</strong></span> <span class='ocrx_word' id='word_1_437' title='bbox 1966 5617 2052 5651; x_wconf 69' lang='grc' dir='ltr'>γι-</span> 
     </span>
    </p>
   </div>
   <div class='ocr_carea' id='block_1_60' title="bbox 485 5697 2050 5769">
    <p class='ocr_par' dir='ltr' id='par_1_60' title="bbox 485 5697 2050 5769">
     <span class='ocr_line' id='line_1_60' title="bbox 485 5697 2050 5769; baseline -0.009 -7"><span class='ocrx_word' id='word_1_438' title='bbox 485 5715 614 5764; x_wconf 89' lang='lat' dir='ltr'><strong>dere</strong></span> <span class='ocrx_word' id='word_1_439' title='bbox 673 5707 872 5762; x_wconf 82' lang='lat' dir='ltr'><strong>Christi</strong></span> <span class='ocrx_word' id='word_1_440' title='bbox 935 5704 1179 5758; x_wconf 77' lang='lat' dir='ltr'><strong>divinant</strong></span> <span class='ocrx_word' id='word_1_441' title='bbox 1244 5703 1562 5769; x_wconf 76' lang='lat' dir='ltr'><strong>sanguinem</strong></span> <span class='ocrx_word' id='word_1_442' title='bbox 1621 5707 1674 5751; x_wconf 87' lang='lat' dir='ltr'><strong>et</strong></span> <span class='ocrx_word' id='word_1_443' title='bbox 1737 5712 1936 5765; x_wconf 88' lang='lat' dir='ltr'><strong>corpus</strong></span> <span class='ocrx_word' id='word_1_444' title='bbox 1997 5697 2050 5748; x_wconf 88' lang='lat' dir='ltr'><strong>in</strong></span> 
     </span>
    </p>
   </div>
   <div class='ocr_carea' id='block_1_61' title="bbox 489 5788 2052 5860">
    <p class='ocr_par' dir='ltr' id='par_1_61' title="bbox 489 5788 2052 5860">
     <span class='ocr_line' id='line_1_61' title="bbox 489 5788 2052 5860; baseline -0.009 -8"><span class='ocrx_word' id='word_1_445' title='bbox 489 5810 687 5852; x_wconf 83' lang='lat' dir='ltr'><strong>terram</strong></span> <span class='ocrx_word' id='word_1_446' title='bbox 718 5795 919 5850; x_wconf 57' lang='lat' dir='ltr'><strong>edundi</strong></span> <span class='ocrx_word' id='word_1_447' title='bbox 952 5806 1004 5846; x_wconf 88' lang='lat' dir='ltr'><strong>et</strong></span> <span class='ocrx_word' id='word_1_448' title='bbox 1038 5794 1248 5860; x_wconf 81' lang='lat' dir='ltr'><strong>projici,</strong></span> <span class='ocrx_word' id='word_1_449' title='bbox 1285 5808 1440 5845; x_wconf 81' lang='lat' dir='ltr'><strong>sacra</strong></span> <span class='ocrx_word' id='word_1_450' title='bbox 1473 5807 1597 5844; x_wconf 82' lang='lat' dir='ltr'><strong>vasa</strong></span> <span class='ocrx_word' id='word_1_451' title='bbox 1634 5788 1797 5856; x_wconf 85' lang='lat' dir='ltr'><strong>diripi</strong></span> <span class='ocrx_word' id='word_1_452' title='bbox 1851 5796 1902 5841; x_wconf 82' lang='lat' dir='ltr'><strong>et</strong></span> <span class='ocrx_word' id='word_1_453' title='bbox 1934 5802 2052 5855; x_wconf 85' lang='lat' dir='ltr'><strong>par-</strong></span> 
     </span>
    </p>
   </div>
   <div class='ocr_carea' id='block_1_62' title="bbox 2144 572 3734 642">
    <p class='ocr_par' dir='ltr' id='par_1_62' title="bbox 2144 572 3734 642">
     <span class='ocr_line' id='line_1_62' title="bbox 2144 572 3734 642; baseline -0.006 -10"><span class='ocrx_word' id='word_1_454' title='bbox 2144 580 2210 632; x_wconf 78' lang='grc' dir='ltr'>τὰ</span> <span class='ocrx_word' id='word_1_455' title='bbox 2239 580 2295 632; x_wconf 78' lang='grc' dir='ltr'>δὲ</span> <span class='ocrx_word' id='word_1_456' title='bbox 2327 579 2442 632; x_wconf 86' lang='grc' dir='ltr'><strong>σῶα</strong></span> <span class='ocrx_word' id='word_1_457' title='bbox 2471 575 3014 639; x_wconf 70' lang='grc' dir='ltr'>ὲνεκολπίζοντο,καὶ</span> <span class='ocrx_word' id='word_1_458' title='bbox 3046 575 3171 635; x_wconf 78' lang='grc' dir='ltr'>τοὺς</span> <span class='ocrx_word' id='word_1_459' title='bbox 3202 572 3734 642; x_wconf 82' lang='grc' dir='ltr'>ἐγκεκοσμημένους</span> 
     </span>
    </p>
   </div>
   <div class='ocr_carea' id='block_1_63' title="bbox 2142 662 3733 740">
    <p class='ocr_par' dir='ltr' id='par_1_63' title="bbox 2142 662 3733 740">
     <span class='ocr_line' id='line_1_63' title="bbox 2142 662 3733 740; baseline -0.007 -17"><span class='ocrx_word' id='word_1_460' title='bbox 2142 671 2384 740; x_wconf 86' lang='grc' dir='ltr'>κόσμους</span> <span class='ocrx_word' id='word_1_461' title='bbox 2443 669 2646 739; x_wconf 78' lang='grc' dir='ltr'>ὁμοίιος</span> <span class='ocrx_word' id='word_1_462' title='bbox 2703 666 2950 733; x_wconf 80' lang='grc' dir='ltr'>ἐποίουν,</span> <span class='ocrx_word' id='word_1_463' title='bbox 3015 667 3111 718; x_wconf 69' lang='grc' dir='ltr'>καὶ</span> <span class='ocrx_word' id='word_1_464' title='bbox 3165 665 3262 726; x_wconf 82' lang='grc' dir='ltr'>τὰς</span> <span class='ocrx_word' id='word_1_465' title='bbox 3310 663 3471 730; x_wconf 82' lang='grc' dir='ltr'>ἁγίας</span> <span class='ocrx_word' id='word_1_466' title='bbox 3506 662 3733 723; x_wconf 75' lang='grc' dir='ltr'>εἰκόνας</span> 
     </span>
    </p>
   </div>
   <div class='ocr_carea' id='block_1_64' title="bbox 2145 754 3727 833">
    <p class='ocr_par' dir='ltr' id='par_1_64' title="bbox 2145 754 3727 833">
     <span class='ocr_line' id='line_1_64' title="bbox 2145 754 3727 833; baseline -0.008 -17"><span class='ocrx_word' id='word_1_467' title='bbox 2145 763 2282 833; x_wconf 83' lang='grc' dir='ltr'>μετὰ</span> <span class='ocrx_word' id='word_1_468' title='bbox 2308 761 2510 830; x_wconf 80' lang='grc' dir='ltr'>χρυσοῦ</span> <span class='ocrx_word' id='word_1_469' title='bbox 2538 761 2630 813; x_wconf 75' lang='grc' dir='ltr'>καὶ</span> <span class='ocrx_word' id='word_1_470' title='bbox 2657 758 2906 828; x_wconf 78' lang='grc' dir='ltr'>ἀργύρου</span> <span class='ocrx_word' id='word_1_471' title='bbox 2939 761 3036 811; x_wconf 70' lang='grc' dir='ltr'>καὶ</span> <span class='ocrx_word' id='word_1_472' title='bbox 3065 755 3233 808; x_wconf 83' lang='grc' dir='ltr'>λίθων</span> <span class='ocrx_word' id='word_1_473' title='bbox 3263 754 3587 824; x_wconf 82' lang='grc' dir='ltr'>πολυτίμων</span> <span class='ocrx_word' id='word_1_474' title='bbox 3625 770 3727 806; x_wconf 83' lang='grc' dir='ltr'>κα-</span> 
     </span>
    </p>
   </div>
   <div class='ocr_carea' id='block_1_65' title="bbox 2139 837 3732 919">
    <p class='ocr_par' dir='ltr' id='par_1_65' title="bbox 2139 837 3732 919">
     <span class='ocr_line' id='line_1_65' title="bbox 2139 837 3732 919; baseline -0.008 -11"><span class='ocrx_word' id='word_1_475' title='bbox 2139 856 2432 916; x_wconf 84' lang='grc' dir='ltr'>τεπάτουν,</span> <span class='ocrx_word' id='word_1_476' title='bbox 2473 855 2566 907; x_wconf 70' lang='grc' dir='ltr'>καὶ</span> <span class='ocrx_word' id='word_1_477' title='bbox 2619 837 2743 913; x_wconf 73' lang='grc' dir='ltr'>τοῦς</span> <span class='ocrx_word' id='word_1_478' title='bbox 2789 850 3030 919; x_wconf 75' lang='grc' dir='ltr'>κόσμους</span> <span class='ocrx_word' id='word_1_479' title='bbox 3076 848 3330 917; x_wconf 79' lang='grc' dir='ltr'>αἴροντες</span> <span class='ocrx_word' id='word_1_480' title='bbox 3383 847 3581 907; x_wconf 81' lang='grc' dir='ltr'>κλίνας</span> <span class='ocrx_word' id='word_1_481' title='bbox 3637 848 3732 898; x_wconf 72' lang='grc' dir='ltr'>καὶ</span> 
     </span>
    </p>
   </div>
   <div class='ocr_carea' id='block_1_66' title="bbox 2139 936 3731 1017">
    <p class='ocr_par' dir='ltr' id='par_1_66' title="bbox 2139 936 3731 1017">
     <span class='ocr_line' id='line_1_66' title="bbox 2139 936 3731 1017; baseline -0.008 -17"><span class='ocrx_word' id='word_1_482' title='bbox 2139 948 2418 1017; x_wconf 76' lang='grc' dir='ltr'>τραπέζας</span> <span class='ocrx_word' id='word_1_483' title='bbox 2455 946 2694 1004; x_wconf 74' lang='grc' dir='ltr'>ἐποίουν,</span> <span class='ocrx_word' id='word_1_484' title='bbox 2727 943 2823 996; x_wconf 70' lang='grc' dir='ltr'>καὶ</span> <span class='ocrx_word' id='word_1_485' title='bbox 2861 942 3000 1009; x_wconf 75' lang='grc' dir='ltr'>μετὰ</span> <span class='ocrx_word' id='word_1_486' title='bbox 3039 939 3147 992; x_wconf 84' lang='grc' dir='ltr'><strong>τῶν</strong></span> <span class='ocrx_word' id='word_1_487' title='bbox 3179 936 3474 1007; x_wconf 85' lang='grc' dir='ltr'>ίερατικῶν</span> <span class='ocrx_word' id='word_1_488' title='bbox 3523 937 3731 989; x_wconf 81' lang='grc' dir='ltr'>στολῶν</span> 
     </span>
    </p>
   </div>
   <div class='ocr_carea' id='block_1_67' title="bbox 2141 1029 3730 1107">
    <p class='ocr_par' dir='ltr' id='par_1_67' title="bbox 2141 1029 3730 1107">
     <span class='ocr_line' id='line_1_67' title="bbox 2141 1029 3730 1107; baseline -0.01 -15"><span class='ocrx_word' id='word_1_489' title='bbox 2141 1043 2236 1092; x_wconf 74' lang='grc' dir='ltr'>καὶ</span> <span class='ocrx_word' id='word_1_490' title='bbox 2271 1039 2584 1107; x_wconf 75' lang='grc' dir='ltr'>ἐνδυμάτων</span> <span class='ocrx_word' id='word_1_491' title='bbox 2620 1035 2730 1086; x_wconf 83' lang='grc' dir='ltr'><strong>τῶν</strong></span> <span class='ocrx_word' id='word_1_492' title='bbox 2763 1035 2826 1084; x_wconf 81' lang='grc' dir='ltr'>ὲκ</span> <span class='ocrx_word' id='word_1_493' title='bbox 2868 1031 3115 1101; x_wconf 86' lang='grc' dir='ltr'>σηρικῶν</span> <span class='ocrx_word' id='word_1_494' title='bbox 3151 1031 3245 1082; x_wconf 72' lang='grc' dir='ltr'>καὶ</span> <span class='ocrx_word' id='word_1_495' title='bbox 3287 1029 3730 1096; x_wconf 70' lang='grc' dir='ltr'>χρυσοῠφάντων</span> 
     </span>
    </p>
   </div>
   <div class='ocr_carea' id='block_1_68' title="bbox 2139 1121 3731 1192">
    <p class='ocr_par' dir='ltr' id='par_1_68' title="bbox 2139 1121 3731 1192">
     <span class='ocr_line' id='line_1_68' title="bbox 2139 1121 3731 1192; baseline -0.009 -7"><span class='ocrx_word' id='word_1_496' title='bbox 2139 1135 2310 1190; x_wconf 80' lang='grc' dir='ltr'>ὄντων</span> <span class='ocrx_word' id='word_1_497' title='bbox 2342 1132 2467 1192; x_wconf 71' lang='grc' dir='ltr'>τοὺς</span> <span class='ocrx_word' id='word_1_498' title='bbox 2496 1131 2703 1188; x_wconf 79' lang='grc' dir='ltr'>ἵππους</span> <span class='ocrx_word' id='word_1_499' title='bbox 2753 1126 3080 1188; x_wconf 77' lang='grc' dir='ltr'>ἐσκέπαζον,</span> <span class='ocrx_word' id='word_1_500' title='bbox 3107 1126 3198 1176; x_wconf 63' lang='grc' dir='ltr'><strong>καὶ</strong></span> <span class='ocrx_word' id='word_1_501' title='bbox 3243 1123 3390 1176; x_wconf 76' lang='grc' dir='ltr'>ἄλλοι</span> <span class='ocrx_word' id='word_1_502' title='bbox 3419 1121 3511 1173; x_wconf 71' lang='grc' dir='ltr'><strong>ἐπ’</strong></span> <span class='ocrx_word' id='word_1_503' title='bbox 3540 1121 3731 1183; x_wconf 79' lang='grc' dir='ltr'>αὐτοῖς</span> 
     </span>
    </p>
   </div>
   <div class='ocr_carea' id='block_1_69' title="bbox 2141 1209 3815 1292">
    <p class='ocr_par' dir='ltr' id='par_1_69' title="bbox 2141 1209 3815 1292">
     <span class='ocr_line' id='line_1_69' title="bbox 2141 1209 3815 1292; baseline -0.007 -19"><span class='ocrx_word' id='word_1_504' title='bbox 2141 1223 2353 1292; x_wconf 74' lang='grc' dir='ltr'>ἤσθιον,</span> <span class='ocrx_word' id='word_1_505' title='bbox 2387 1223 2482 1272; x_wconf 70' lang='grc' dir='ltr'>καὶ</span> <span class='ocrx_word' id='word_1_506' title='bbox 2529 1221 2654 1280; x_wconf 64' lang='grc' dir='ltr'>τοὺς</span> <span class='ocrx_word' id='word_1_507' title='bbox 2689 1217 3022 1286; x_wconf 86' lang='grc' dir='ltr'>πολυτίμους</span> <span class='ocrx_word' id='word_1_508' title='bbox 3056 1215 3378 1284; x_wconf 81' lang='grc' dir='ltr'>μαργάρους</span> <span class='ocrx_word' id='word_1_509' title='bbox 3419 1213 3531 1264; x_wconf 83' lang='grc' dir='ltr'><strong>τῶν</strong></span> <span class='ocrx_word' id='word_1_510' title='bbox 3557 1212 3729 1278; x_wconf 66' lang='grc' dir='ltr'>ἁγίωι</span> <span class='ocrx_word' id='word_1_511' title='bbox 3811 1209 3815 1215; x_wconf 85' lang='grc'><em>’</em></span> 
     </span>
    </p>
   </div>
   <div class='ocr_carea' id='block_1_70' title="bbox 2141 1303 3736 1383">
    <p class='ocr_par' dir='ltr' id='par_1_70' title="bbox 2141 1303 3736 1383">
     <span class='ocr_line' id='line_1_70' title="bbox 2141 1303 3736 1383; baseline 0.014 -17"><span class='ocrx_word' id='word_1_512' title='bbox 2141 1315 2445 1383; x_wconf 79' lang='grc' dir='ltr'>κειμηλίων</span> <span class='ocrx_word' id='word_1_513' title='bbox 2493 1310 2884 1380; x_wconf 71' lang='grc' dir='ltr'>ἀναρπάστους</span> <span class='ocrx_word' id='word_1_514' title='bbox 2934 1307 3174 1371; x_wconf 53' lang='grc' dir='ltr'><strong>ἐποίουν,</strong></span> <span class='ocrx_word' id='word_1_515' title='bbox 3211 1308 3277 1357; x_wconf 62' lang='grc' dir='ltr'><strong>τὰ</strong></span> <span class='ocrx_word' id='word_1_516' title='bbox 3323 1305 3455 1371; x_wconf 62' lang='grc' dir='ltr'><strong>ἅγια</strong></span> <span class='ocrx_word' id='word_1_517' title='bbox 3497 1303 3736 1371; x_wconf 50' lang='grc' dir='ltr'>λείψανα</span> 
     </span>
    </p>
   </div>
   <div class='ocr_carea' id='block_1_71' title="bbox 2139 1395 3735 1471">
    <p class='ocr_par' dir='ltr' id='par_1_71' title="bbox 2139 1395 3735 1471">
     <span class='ocr_line' id='line_1_71' title="bbox 2139 1395 3735 1471; baseline -0.008 -12"><span class='ocrx_word' id='word_1_518' title='bbox 2139 1405 2608 1465; x_wconf 76' lang='grc' dir='ltr'>καταπατοῦντες.</span> <span class='ocrx_word' id='word_1_519' title='bbox 2645 1403 2751 1454; x_wconf 69' lang='grc' dir='ltr'><strong>Καὶ</strong></span> <span class='ocrx_word' id='word_1_520' title='bbox 2780 1402 2944 1471; x_wconf 75' lang='grc' dir='ltr'>ἕτερα</span> <span class='ocrx_word' id='word_1_521' title='bbox 2978 1400 3461 1466; x_wconf 80' lang='grc' dir='ltr'>ἀνοσιουργήματα</span> <span class='ocrx_word' id='word_1_522' title='bbox 3493 1395 3735 1448; x_wconf 76' lang='grc' dir='ltr'>πλεῖστα</span> 
     </span>
    </p>
   </div>
   <div class='ocr_carea' id='block_1_72' title="bbox 2140 1489 3733 1564">
    <p class='ocr_par' dir='ltr' id='par_1_72' title="bbox 2140 1489 3733 1564">
     <span class='ocr_line' id='line_1_72' title="bbox 2140 1489 3733 1564; baseline -0.007 -13"><span class='ocrx_word' id='word_1_523' title='bbox 2140 1498 2360 1551; x_wconf 81' lang='grc' dir='ltr'>ἐποίουν</span> <span class='ocrx_word' id='word_1_524' title='bbox 2393 1496 2520 1559; x_wconf 77' lang='grc' dir='ltr'>ἄξια</span> <span class='ocrx_word' id='word_1_525' title='bbox 2558 1495 2760 1564; x_wconf 77' lang='grc' dir='ltr'>θρήνου</span> <span class='ocrx_word' id='word_1_526' title='bbox 2796 1494 2845 1544; x_wconf 82' lang='lat' dir='ltr'><strong>oi</strong></span> <span class='ocrx_word' id='word_1_527' title='bbox 2876 1492 2966 1544; x_wconf 84' lang='grc' dir='ltr'><strong>τοῦ</strong></span> <span class='ocrx_word' id='word_1_528' title='bbox 3001 1491 3353 1560; x_wconf 72' lang='grc' dir='ltr'>ἀντιχρίστου</span> <span class='ocrx_word' id='word_1_529' title='bbox 3391 1489 3733 1558; x_wconf 81' lang='grc' dir='ltr'>πρόδρομοι.</span> 
     </span>
    </p>
   </div>
   <div class='ocr_carea' id='block_1_73' title="bbox 2143 1581 3739 1654">
    <p class='ocr_par' dir='ltr' id='par_1_73' title="bbox 2143 1581 3739 1654">
     <span class='ocr_line' id='line_1_73' title="bbox 2143 1581 3739 1654; baseline -0.007 -11"><span class='ocrx_word' id='word_1_530' title='bbox 2143 1593 2205 1643; x_wconf 84' lang='grc' dir='ltr'>Ὢ</span> <span class='ocrx_word' id='word_1_531' title='bbox 2242 1591 2353 1642; x_wconf 88' lang='grc' dir='ltr'><strong>τῶν</strong></span> <span class='ocrx_word' id='word_1_532' title='bbox 2395 1587 2575 1654; x_wconf 76' lang='grc' dir='ltr'>σοφῶν</span> <span class='ocrx_word' id='word_1_533' title='bbox 2629 1604 2723 1640; x_wconf 91' lang='grc' dir='ltr'><strong>σου</strong></span> <span class='ocrx_word' id='word_1_534' title='bbox 2776 1585 3088 1652; x_wconf 75' lang='grc' dir='ltr'>κριμάτων,</span> <span class='ocrx_word' id='word_1_535' title='bbox 3125 1584 3329 1652; x_wconf 80' lang='grc' dir='ltr'>Χριστὲ</span> <span class='ocrx_word' id='word_1_536' title='bbox 3367 1581 3628 1651; x_wconf 84' lang='grc' dir='ltr'>βασιλεῦ,</span> <span class='ocrx_word' id='word_1_537' title='bbox 3664 1581 3739 1640; x_wconf 83' lang='grc' dir='ltr'>ὡς</span> 
     </span>
    </p>
   </div>
   <div class='ocr_carea' id='block_1_74' title="bbox 2140 1669 3738 1751">
    <p class='ocr_par' dir='ltr' id='par_1_74' title="bbox 2140 1669 3738 1751">
     <span class='ocr_line' id='line_1_74' title="bbox 2140 1669 3738 1751; baseline -0.009 -16"><span class='ocrx_word' id='word_1_538' title='bbox 2140 1683 2520 1751; x_wconf 78' lang='grc' dir='ltr'>ἀνερμήνευτα</span> <span class='ocrx_word' id='word_1_539' title='bbox 2569 1681 2663 1731; x_wconf 73' lang='grc' dir='ltr'>καὶ</span> <span class='ocrx_word' id='word_1_540' title='bbox 2723 1676 3116 1743; x_wconf 80' lang='grc' dir='ltr'>ἀνεξιχνίαστά</span> <span class='ocrx_word' id='word_1_541' title='bbox 3146 1675 3294 1727; x_wconf 73' lang='lat' dir='ltr'><strong>sict!</strong></span> <span class='ocrx_word' id='word_1_542' title='bbox 3335 1674 3444 1726; x_wconf 79' lang='lat' dir='ltr'><strong>Kal.</strong></span> <span class='ocrx_word' id='word_1_543' title='bbox 3496 1669 3567 1743; x_wconf 80' lang='grc' dir='ltr'>ἦν</span> <span class='ocrx_word' id='word_1_544' title='bbox 3604 1673 3738 1724; x_wconf 62' lang='lat' dir='ltr'><strong>i652.-</strong></span> 
     </span>
    </p>
   </div>
   <div class='ocr_carea' id='block_1_75' title="bbox 2142 1765 3742 1841">
    <p class='ocr_par' dir='ltr' id='par_1_75' title="bbox 2142 1765 3742 1841">
     <span class='ocr_line' id='line_1_75' title="bbox 2142 1765 3742 1841; baseline -0.008 -14"><span class='ocrx_word' id='word_1_545' title='bbox 2142 1776 2232 1827; x_wconf 62' lang='grc' dir='ltr'><strong>τον</strong></span> <span class='ocrx_word' id='word_1_546' title='bbox 2280 1772 2667 1841; x_wconf 85' lang='grc' dir='ltr'>παμμέγιστον</span> <span class='ocrx_word' id='word_1_547' title='bbox 2723 1773 2931 1822; x_wconf 79' lang='grc' dir='ltr'>ἐκεῖνον</span> <span class='ocrx_word' id='word_1_548' title='bbox 2975 1770 3105 1820; x_wconf 82' lang='grc' dir='ltr'>ναὸν</span> <span class='ocrx_word' id='word_1_549' title='bbox 3155 1768 3250 1820; x_wconf 76' lang='grc' dir='ltr'><strong>καὶ</strong></span> <span class='ocrx_word' id='word_1_550' title='bbox 3301 1766 3590 1818; x_wconf 86' lang='grc' dir='ltr'>θειότατον</span> <span class='ocrx_word' id='word_1_551' title='bbox 3643 1765 3742 1830; x_wconf 75' lang='grc' dir='ltr'><strong>τῆς</strong></span> 
     </span>
    </p>
   </div>
   <div class='ocr_carea' id='block_1_76' title="bbox 2143 1856 3738 1929">
    <p class='ocr_par' dir='ltr' id='par_1_76' title="bbox 2143 1856 3738 1929">
     <span class='ocr_line' id='line_1_76' title="bbox 2143 1856 3738 1929; baseline -0.007 -13"><span class='ocrx_word' id='word_1_552' title='bbox 2143 1863 2236 1917; x_wconf 89' lang='grc' dir='ltr'><strong>τοῦ</strong></span> <span class='ocrx_word' id='word_1_553' title='bbox 2297 1863 2434 1915; x_wconf 86' lang='grc' dir='ltr'>Θεοῦ</span> <span class='ocrx_word' id='word_1_554' title='bbox 2499 1861 2708 1929; x_wconf 76' lang='grc' dir='ltr'>σοφίας,</span> <span class='ocrx_word' id='word_1_555' title='bbox 2744 1860 2833 1912; x_wconf 77' lang='grc' dir='ltr'><strong>τὸν</strong></span> <span class='ocrx_word' id='word_1_556' title='bbox 2886 1859 3117 1928; x_wconf 65' lang='grc' dir='ltr'>οὐρανὸν</span> <span class='ocrx_word' id='word_1_557' title='bbox 3174 1858 3266 1911; x_wconf 77' lang='grc' dir='ltr'>τὸν</span> <span class='ocrx_word' id='word_1_558' title='bbox 3318 1857 3596 1924; x_wconf 79' lang='grc' dir='ltr'>ἐπίγειον,</span> <span class='ocrx_word' id='word_1_559' title='bbox 3645 1856 3738 1908; x_wconf 74' lang='grc' dir='ltr'><strong>τὸν</strong></span> 
     </span>
    </p>
   </div>
   <div class='ocr_carea' id='block_1_77' title="bbox 2143 1948 3736 2022">
    <p class='ocr_par' dir='ltr' id='par_1_77' title="bbox 2143 1948 3736 2022">
     <span class='ocr_line' id='line_1_77' title="bbox 2143 1948 3736 2022; baseline -0.005 -16"><span class='ocrx_word' id='word_1_560' title='bbox 2143 1954 2332 2022; x_wconf 84' lang='grc' dir='ltr'>Θρόνον</span> <span class='ocrx_word' id='word_1_561' title='bbox 2383 1952 2482 2020; x_wconf 84' lang='grc' dir='ltr'><strong>τῆς</strong></span> <span class='ocrx_word' id='word_1_562' title='bbox 2515 1949 2674 2018; x_wconf 75' lang='grc' dir='ltr'>δόξης</span> <span class='ocrx_word' id='word_1_563' title='bbox 2713 1949 2806 2002; x_wconf 91' lang='grc' dir='ltr'><strong>τοῦ</strong></span> <span class='ocrx_word' id='word_1_564' title='bbox 2839 1948 3002 2009; x_wconf 81' lang='grc' dir='ltr'>Θεοῦ.</span> <span class='ocrx_word' id='word_1_565' title='bbox 3033 1949 3094 2002; x_wconf 79' lang='grc' dir='ltr'>τὸ</span> <span class='ocrx_word' id='word_1_566' title='bbox 3148 1948 3492 2017; x_wconf 72' lang='grc' dir='ltr'>Χερουϐικδν</span> <span class='ocrx_word' id='word_1_567' title='bbox 3543 1950 3736 2016; x_wconf 68' lang='grc' dir='ltr'>ὄχημα</span> 
     </span>
    </p>
   </div>
   <div class='ocr_carea' id='block_1_78' title="bbox 2143 2040 3736 2114">
    <p class='ocr_par' dir='ltr' id='par_1_78' title="bbox 2143 2040 3736 2114">
     <span class='ocr_line' id='line_1_78' title="bbox 2143 2040 3736 2114; baseline -0.004 -15"><span class='ocrx_word' id='word_1_568' title='bbox 2143 2048 2234 2099; x_wconf 55' lang='grc' dir='ltr'>καῖ.</span> <span class='ocrx_word' id='word_1_569' title='bbox 2280 2047 2572 2114; x_wconf 80' lang='grc' dir='ltr'>στερέωμα</span> <span class='ocrx_word' id='word_1_570' title='bbox 2617 2041 2894 2110; x_wconf 83' lang='grc' dir='ltr'>δεύτερον,</span> <span class='ocrx_word' id='word_1_571' title='bbox 2927 2040 3204 2109; x_wconf 51' lang='grc' dir='ltr'>τὴνίθεοῦ</span> <span class='ocrx_word' id='word_1_572' title='bbox 3248 2041 3456 2108; x_wconf 75' lang='grc' dir='ltr'>χειρῶν,</span> <span class='ocrx_word' id='word_1_573' title='bbox 3482 2040 3736 2105; x_wconf 82' lang='grc' dir='ltr'>ποίησιν.</span> 
     </span>
    </p>
   </div>
   <div class='ocr_carea' id='block_1_79' title="bbox 2145 2129 3739 2204">
    <p class='ocr_par' dir='ltr' id='par_1_79' title="bbox 2145 2129 3739 2204">
     <span class='ocr_line' id='line_1_79' title="bbox 2145 2129 3739 2204; baseline -0.004 -17"><span class='ocrx_word' id='word_1_574' title='bbox 2145 2137 2204 2188; x_wconf 73' lang='grc' dir='ltr'>τὸ</span> <span class='ocrx_word' id='word_1_575' title='bbox 2233 2136 2407 2204; x_wconf 83' lang='grc' dir='ltr'>θέαμα</span> <span class='ocrx_word' id='word_1_576' title='bbox 2452 2133 2738 2202; x_wconf 64' lang='grc' dir='ltr'>καὶέργον</span> <span class='ocrx_word' id='word_1_577' title='bbox 2770 2131 2942 2196; x_wconf 78' lang='grc' dir='ltr'>ἄξιον,</span> <span class='ocrx_word' id='word_1_578' title='bbox 2972 2133 3034 2184; x_wconf 78' lang='grc' dir='ltr'><strong>τὸ</strong></span> <span class='ocrx_word' id='word_1_579' title='bbox 3076 2131 3257 2201; x_wconf 68' lang='grc' dir='ltr'>πάσης</span> <span class='ocrx_word' id='word_1_580' title='bbox 3290 2131 3388 2196; x_wconf 86' lang='grc' dir='ltr'><strong>τῆς</strong></span> <span class='ocrx_word' id='word_1_581' title='bbox 3419 2131 3528 2198; x_wconf 78' lang='grc' dir='ltr'><strong>γῆς</strong></span> <span class='ocrx_word' id='word_1_582' title='bbox 3557 2129 3739 2198; x_wconf 69' lang='grc' dir='ltr'>ἀγαλ-</span> 
     </span>
    </p>
   </div>
   <div class='ocr_carea' id='block_1_80' title="bbox 2144 2221 3736 2296">
    <p class='ocr_par' dir='ltr' id='par_1_80' title="bbox 2144 2221 3736 2296">
     <span class='ocr_line' id='line_1_80' title="bbox 2144 2221 3736 2296; baseline -0.006 -16"><span class='ocrx_word' id='word_1_583' title='bbox 2144 2227 2335 2296; x_wconf 86' lang='grc' dir='ltr'>λίαμα,</span> <span class='ocrx_word' id='word_1_584' title='bbox 2381 2226 2473 2278; x_wconf 83' lang='grc' dir='ltr'><strong>τὸν</strong></span> <span class='ocrx_word' id='word_1_585' title='bbox 2515 2225 2716 2294; x_wconf 82' lang='grc' dir='ltr'>ὡραῖον</span> <span class='ocrx_word' id='word_1_586' title='bbox 2751 2224 2915 2294; x_wconf 73' lang='grc'><strong>290</strong></span> <span class='ocrx_word' id='word_1_587' title='bbox 2949 2223 3046 2275; x_wconf 73' lang='grc' dir='ltr'>καὶ</span> <span class='ocrx_word' id='word_1_588' title='bbox 3080 2221 3300 2290; x_wconf 82' lang='grc' dir='ltr'>ὡραίων</span> <span class='ocrx_word' id='word_1_589' title='bbox 3350 2222 3694 2291; x_wconf 84' lang='grc' dir='ltr'>ὡραιότερον</span> <span class='ocrx_word' id='word_1_590' title='bbox 3720 2235 3736 2250; x_wconf 82' lang='grc'><em>’</em></span> 
     </span>
    </p>
   </div>
   <div class='ocr_carea' id='block_1_81' title="bbox 2144 2312 3736 2378">
    <p class='ocr_par' dir='ltr' id='par_1_81' title="bbox 2144 2312 3736 2378">
     <span class='ocr_line' id='line_1_81' title="bbox 2144 2312 3736 2378; baseline -0.006 -6"><span class='ocrx_word' id='word_1_591' title='bbox 2144 2313 2204 2372; x_wconf 82' lang='grc' dir='ltr'><strong>οῦ</strong></span> <span class='ocrx_word' id='word_1_592' title='bbox 2235 2317 2441 2370; x_wconf 76' lang='grc' dir='ltr'>ἔσωθεν</span> <span class='ocrx_word' id='word_1_593' title='bbox 2472 2315 2581 2368; x_wconf 87' lang='grc' dir='ltr'><strong>τῶν</strong></span> <span class='ocrx_word' id='word_1_594' title='bbox 2628 2317 2842 2369; x_wconf 82' lang='grc' dir='ltr'>ἀδύτων</span> <span class='ocrx_word' id='word_1_595' title='bbox 2898 2315 2994 2368; x_wconf 75' lang='grc' dir='ltr'>καὶ</span> <span class='ocrx_word' id='word_1_596' title='bbox 3024 2315 3236 2369; x_wconf 79' lang='grc' dir='ltr'>ἄνωθεν</span> <span class='ocrx_word' id='word_1_597' title='bbox 3269 2313 3380 2366; x_wconf 83' lang='grc' dir='ltr'><strong>τῶν</strong></span> <span class='ocrx_word' id='word_1_598' title='bbox 3427 2312 3736 2378; x_wconf 81' lang='grc' dir='ltr'>θυσιαστη-</span> 
     </span>
    </p>
   </div>
   <div class='ocr_carea' id='block_1_82' title="bbox 2146 2405 3736 2482">
    <p class='ocr_par' dir='ltr' id='par_1_82' title="bbox 2146 2405 3736 2482">
     <span class='ocr_line' id='line_1_82' title="bbox 2146 2405 3736 2482; baseline -0.006 -16"><span class='ocrx_word' id='word_1_599' title='bbox 2146 2412 2278 2482; x_wconf 87' lang='grc' dir='ltr'>ρίων</span> <span class='ocrx_word' id='word_1_600' title='bbox 2333 2409 2439 2463; x_wconf 69' lang='grc' dir='ltr'>καῖ’</span> <span class='ocrx_word' id='word_1_601' title='bbox 2485 2408 2776 2478; x_wconf 79' lang='grc' dir='ltr'>τραπεζῶν</span> <span class='ocrx_word' id='word_1_602' title='bbox 2829 2408 3022 2480; x_wconf 81' lang='grc' dir='ltr'>ῆσθιον</span> <span class='ocrx_word' id='word_1_603' title='bbox 3075 2408 3169 2460; x_wconf 73' lang='grc' dir='ltr'>καὶ</span> <span class='ocrx_word' id='word_1_604' title='bbox 3219 2407 3429 2469; x_wconf 74' lang='grc' dir='ltr'>ἔπινον,</span> <span class='ocrx_word' id='word_1_605' title='bbox 3485 2406 3586 2458; x_wconf 73' lang='grc' dir='ltr'>καὶ</span> <span class='ocrx_word' id='word_1_606' title='bbox 3637 2405 3736 2466; x_wconf 68' lang='grc' dir='ltr'><strong>τὰς</strong></span> 
     </span>
    </p>
   </div>
   <div class='ocr_carea' id='block_1_83' title="bbox 2144 2497 3737 2573">
    <p class='ocr_par' dir='ltr' id='par_1_83' title="bbox 2144 2497 3737 2573">
     <span class='ocr_line' id='line_1_83' title="bbox 2144 2497 3737 2573; baseline -0.008 -15"><span class='ocrx_word' id='word_1_607' title='bbox 2144 2505 2396 2573; x_wconf 80' lang='grc' dir='ltr'>ἀσελγεῖς</span> <span class='ocrx_word' id='word_1_608' title='bbox 2426 2502 2654 2572; x_wconf 84' lang='grc' dir='ltr'>γνώμας</span> <span class='ocrx_word' id='word_1_609' title='bbox 2685 2502 2781 2555; x_wconf 74' lang='grc' dir='ltr'>καὶ</span> <span class='ocrx_word' id='word_1_610' title='bbox 2811 2501 3021 2571; x_wconf 80' lang='grc' dir='ltr'>ὀρέξεις</span> <span class='ocrx_word' id='word_1_611' title='bbox 3053 2501 3235 2553; x_wconf 76' lang='grc' dir='ltr'>αὐτῶν</span> <span class='ocrx_word' id='word_1_612' title='bbox 3276 2499 3415 2568; x_wconf 83' lang='grc' dir='ltr'>μετὰ</span> <span class='ocrx_word' id='word_1_613' title='bbox 3444 2497 3737 2565; x_wconf 79' lang='grc' dir='ltr'>γυναικῶν</span> 
     </span>
    </p>
   </div>
   <div class='ocr_carea' id='block_1_84' title="bbox 2144 2589 3740 2664">
    <p class='ocr_par' dir='ltr' id='par_1_84' title="bbox 2144 2589 3740 2664">
     <span class='ocr_line' id='line_1_84' title="bbox 2144 2589 3740 2664; baseline -0.008 -15"><span class='ocrx_word' id='word_1_614' title='bbox 2144 2597 2240 2650; x_wconf 76' lang='grc' dir='ltr'>καὶ</span> <span class='ocrx_word' id='word_1_615' title='bbox 2287 2595 2576 2664; x_wconf 80' lang='grc' dir='ltr'>παρθένιον</span> <span class='ocrx_word' id='word_1_616' title='bbox 2627 2594 2722 2646; x_wconf 75' lang='grc' dir='ltr'>καὶ</span> <span class='ocrx_word' id='word_1_617' title='bbox 2771 2591 2978 2644; x_wconf 89' lang='grc' dir='ltr'>παίδων</span> <span class='ocrx_word' id='word_1_618' title='bbox 3039 2591 3323 2646; x_wconf 80' lang='grc' dir='ltr'>ὲπάνωθεν</span> <span class='ocrx_word' id='word_1_619' title='bbox 3375 2591 3599 2642; x_wconf 77' lang='grc' dir='ltr'>ἐποίουν</span> <span class='ocrx_word' id='word_1_620' title='bbox 3645 2589 3740 2639; x_wconf 71' lang='grc' dir='ltr'>καὶ</span> 
     </span>
    </p>
   </div>
   <div class='ocr_carea' id='block_1_85' title="bbox 2144 2682 3741 2756">
    <p class='ocr_par' dir='ltr' id='par_1_85' title="bbox 2144 2682 3741 2756">
     <span class='ocr_line' id='line_1_85' title="bbox 2144 2682 3741 2756; baseline -0.006 -15"><span class='ocrx_word' id='word_1_621' title='bbox 2144 2689 2436 2756; x_wconf 80' lang='grc' dir='ltr'>ἔπραττον.</span> <span class='ocrx_word' id='word_1_622' title='bbox 2470 2684 2569 2747; x_wconf 89' lang='grc' dir='ltr'>Τίς</span> <span class='ocrx_word' id='word_1_623' title='bbox 2603 2683 2679 2752; x_wconf 85' lang='grc' dir='ltr'><strong>μὴ</strong></span> <span class='ocrx_word' id='word_1_624' title='bbox 2711 2682 2964 2754; x_wconf 81' lang='grc' dir='ltr'>θρηνήσῃ</span> <span class='ocrx_word' id='word_1_625' title='bbox 3015 2696 3093 2744; x_wconf 78' lang='grc' dir='ltr'><strong>σε,</strong></span> <span class='ocrx_word' id='word_1_626' title='bbox 3122 2682 3246 2750; x_wconf 80' lang='grc' dir='ltr'>ἆγιε</span> <span class='ocrx_word' id='word_1_627' title='bbox 3281 2683 3414 2744; x_wconf 75' lang='grc' dir='ltr'>ναὲς</span> <span class='ocrx_word' id='word_1_628' title='bbox 3447 2685 3546 2734; x_wconf 79' lang='grc' dir='ltr'>καὶ</span> <span class='ocrx_word' id='word_1_629' title='bbox 3598 2700 3741 2733; x_wconf 84' lang='grc' dir='ltr'>παν-</span> 
     </span>
    </p>
   </div>
   <div class='ocr_carea' id='block_1_86' title="bbox 2144 2770 3741 2851">
    <p class='ocr_par' dir='ltr' id='par_1_86' title="bbox 2144 2770 3741 2851">
     <span class='ocr_line' id='line_1_86' title="bbox 2144 2770 3741 2851; baseline -0.007 -17"><span class='ocrx_word' id='word_1_630' title='bbox 2144 2779 2311 2851; x_wconf 87' lang='grc' dir='ltr'>ταχοῦ</span> <span class='ocrx_word' id='word_1_631' title='bbox 2345 2779 2454 2831; x_wconf 83' lang='grc' dir='ltr'><strong>πᾶν</strong></span> <span class='ocrx_word' id='word_1_632' title='bbox 2506 2776 2678 2830; x_wconf 84' lang='grc' dir='ltr'>κακὸν</span> <span class='ocrx_word' id='word_1_633' title='bbox 2702 2770 2791 2851; x_wconf 77' lang='grc' dir='ltr'>ἦν,</span> <span class='ocrx_word' id='word_1_634' title='bbox 2825 2775 2920 2826; x_wconf 77' lang='grc' dir='ltr'>καὶ</span> <span class='ocrx_word' id='word_1_635' title='bbox 2971 2775 3121 2826; x_wconf 81' lang='grc' dir='ltr'>πᾶσα</span> <span class='ocrx_word' id='word_1_636' title='bbox 3165 2773 3380 2842; x_wconf 77' lang='grc' dir='ltr'>κεφαλὴ</span> <span class='ocrx_word' id='word_1_637' title='bbox 3429 2775 3608 2841; x_wconf 71' lang='grc' dir='ltr'>ῆλγει.</span> <span class='ocrx_word' id='word_1_638' title='bbox 3650 2773 3741 2824; x_wconf 75' lang='grc' dir='ltr'>Ἐν</span> 
     </span>
    </p>
   </div>
   <div class='ocr_carea' id='block_1_87' title="bbox 2145 2861 3744 2940">
    <p class='ocr_par' dir='ltr' id='par_1_87' title="bbox 2145 2861 3744 2940">
     <span class='ocr_line' id='line_1_87' title="bbox 2145 2861 3744 2940; baseline -0.013 -14"><span class='ocrx_word' id='word_1_639' title='bbox 2145 2875 2314 2933; x_wconf 75' lang='grc' dir='ltr'>οῖκοις</span> <span class='ocrx_word' id='word_1_640' title='bbox 2346 2869 2538 2940; x_wconf 81' lang='grc' dir='ltr'>θρῆνοι</span> <span class='ocrx_word' id='word_1_641' title='bbox 2573 2865 2671 2918; x_wconf 79' lang='grc' dir='ltr'>καὶ</span> <span class='ocrx_word' id='word_1_642' title='bbox 2713 2861 3007 2932; x_wconf 68' lang='grc' dir='ltr'>κλαυθμοὶ,</span> <span class='ocrx_word' id='word_1_643' title='bbox 3039 2864 3095 2915; x_wconf 80' lang='grc' dir='ltr'>ὲν</span> <span class='ocrx_word' id='word_1_644' title='bbox 3125 2862 3358 2928; x_wconf 81' lang='grc' dir='ltr'>τριόδοις</span> <span class='ocrx_word' id='word_1_645' title='bbox 3388 2862 3645 2930; x_wconf 60' lang='grc' dir='ltr'>ὀδυρμοι,</span> <span class='ocrx_word' id='word_1_646' title='bbox 3683 2863 3744 2911; x_wconf 77' lang='grc' dir='ltr'>ὲν</span> 
     </span>
    </p>
   </div>
   <div class='ocr_carea' id='block_1_88' title="bbox 2146 2953 3745 3033">
    <p class='ocr_par' dir='ltr' id='par_1_88' title="bbox 2146 2953 3745 3033">
     <span class='ocr_line' id='line_1_88' title="bbox 2146 2953 3745 3033; baseline -0.013 -13"><span class='ocrx_word' id='word_1_647' title='bbox 2146 2969 2294 3029; x_wconf 80' lang='grc' dir='ltr'>ναοῖς</span> <span class='ocrx_word' id='word_1_648' title='bbox 2323 2963 2649 3033; x_wconf 68' lang='grc' dir='ltr'>ὀλοφυρμοὶ,</span> <span class='ocrx_word' id='word_1_649' title='bbox 2685 2959 2902 3030; x_wconf 82' lang='grc' dir='ltr'>ἀνδρῶν</span> <span class='ocrx_word' id='word_1_650' title='bbox 2933 2956 3216 3025; x_wconf 76' lang='grc' dir='ltr'>ὀίμωγαὶ,</span> <span class='ocrx_word' id='word_1_651' title='bbox 3248 2955 3526 3021; x_wconf 81' lang='grc' dir='ltr'>γυναικῶν</span> <span class='ocrx_word' id='word_1_652' title='bbox 3553 2953 3745 3003; x_wconf 62' lang='grc' dir='ltr'>ὀλολυ-</span> 
     </span>
    </p>
   </div>
   <div class='ocr_carea' id='block_1_89' title="bbox 2147 3045 3742 3127">
    <p class='ocr_par' dir='ltr' id='par_1_89' title="bbox 2147 3045 3742 3127">
     <span class='ocr_line' id='line_1_89' title="bbox 2147 3045 3742 3127; baseline -0.011 -17"><span class='ocrx_word' id='word_1_653' title='bbox 2147 3058 2241 3127; x_wconf 69' lang='grc' dir='ltr'>γαὶ</span> <span class='ocrx_word' id='word_1_654' title='bbox 2297 3054 2564 3123; x_wconf 76' lang='grc' dir='ltr'>ἑλκυσμοὶ</span> <span class='ocrx_word' id='word_1_655' title='bbox 2620 3048 3058 3120; x_wconf 75' lang='grc' dir='ltr'>ἀνδραποδισμοὶ</span> <span class='ocrx_word' id='word_1_656' title='bbox 3116 3045 3462 3116; x_wconf 66' lang='grc' dir='ltr'>διασπασμοί</span> <span class='ocrx_word' id='word_1_657' title='bbox 3514 3061 3572 3095; x_wconf 84' lang='grc' dir='ltr'><strong>τε</strong></span> <span class='ocrx_word' id='word_1_658' title='bbox 3644 3046 3742 3094; x_wconf 69' lang='grc' dir='ltr'>καὶ</span> 
     </span>
    </p>
   </div>
   <div class='ocr_carea' id='block_1_90' title="bbox 2069 3134 3739 3218">
    <p class='ocr_par' dir='ltr' id='par_1_90' title="bbox 2069 3134 3739 3218">
     <span class='ocr_line' id='line_1_90' title="bbox 2069 3134 3739 3218; baseline -0.009 -20"><span class='ocrx_word' id='word_1_659' title='bbox 2069 3156 2114 3218; x_wconf 78' lang='lat' dir='ltr'>C</span> <span class='ocrx_word' id='word_1_660' title='bbox 2150 3145 2396 3216; x_wconf 81' lang='grc' dir='ltr'>βιασμοί.</span> <span class='ocrx_word' id='word_1_661' title='bbox 2421 3145 2486 3198; x_wconf 80' lang='lat' dir='ltr'><strong>Oi</strong></span> <span class='ocrx_word' id='word_1_662' title='bbox 2523 3141 2718 3210; x_wconf 76' lang='grc' dir='ltr'>σεμνοὶ</span> <span class='ocrx_word' id='word_1_663' title='bbox 2771 3139 2850 3211; x_wconf 77' lang='grc' dir='ltr'>τῷ</span> <span class='ocrx_word' id='word_1_664' title='bbox 2900 3139 3049 3206; x_wconf 81' lang='grc' dir='ltr'>γένει</span> <span class='ocrx_word' id='word_1_665' title='bbox 3099 3137 3314 3205; x_wconf 84' lang='grc' dir='ltr'>ἀτίμως</span> <span class='ocrx_word' id='word_1_666' title='bbox 3359 3134 3662 3202; x_wconf 79' lang='grc' dir='ltr'>περιῆσαν,</span> <span class='ocrx_word' id='word_1_667' title='bbox 3690 3135 3739 3184; x_wconf 76' lang='grc' dir='ltr'>οἱ</span> 
     </span>
    </p>
   </div>
   <div class='ocr_carea' id='block_1_91' title="bbox 2150 3226 3742 3293">
    <p class='ocr_par' dir='ltr' id='par_1_91' title="bbox 2150 3226 3742 3293">
     <span class='ocr_line' id='line_1_91' title="bbox 2150 3226 3742 3293; baseline -0.007 -5"><span class='ocrx_word' id='word_1_668' title='bbox 2150 3234 2398 3288; x_wconf 80' lang='grc' dir='ltr'>πλούσιοι</span> <span class='ocrx_word' id='word_1_669' title='bbox 2456 3233 2685 3286; x_wconf 85' lang='grc' dir='ltr'>ἀνόσιοι.</span> <span class='ocrx_word' id='word_1_670' title='bbox 2739 3231 2805 3282; x_wconf 84' lang='lat' dir='ltr'><strong>Ai</strong></span> <span class='ocrx_word' id='word_1_671' title='bbox 2864 3229 3160 3292; x_wconf 84' lang='grc' dir='ltr'>πλατεῖαι,</span> <span class='ocrx_word' id='word_1_672' title='bbox 3224 3228 3281 3278; x_wconf 76' lang='grc' dir='ltr'>αἱ</span> <span class='ocrx_word' id='word_1_673' title='bbox 3339 3226 3536 3293; x_wconf 85' lang='grc' dir='ltr'>γωνίαι</span> <span class='ocrx_word' id='word_1_674' title='bbox 3595 3226 3742 3277; x_wconf 68' lang='grc' dir='ltr'>κατὰ</span> 
     </span>
    </p>
   </div>
   <div class='ocr_carea' id='block_1_92' title="bbox 2123 3381 3734 3481">
    <p class='ocr_par' dir='ltr' id='par_1_92' title="bbox 2123 3381 3734 3481">
     <span class='ocr_line' id='line_1_92' title="bbox 2123 3381 3734 3481; baseline -0.007 -14"><span class='ocrx_word' id='word_1_675' title='bbox 2123 3381 2245 3468; x_wconf 59' lang='grc' dir='ltr'>ἰίιῐι</span> <span class='ocrx_word' id='word_1_676' title='bbox 2283 3410 2766 3481; x_wconf 78' lang='lat' dir='ltr'><strong>dill&#39;ringi’pat‘tim</strong></span> <span class='ocrx_word' id='word_1_677' title='bbox 2823 3409 3030 3478; x_wconf 86' lang='lat' dir='ltr'><strong>integra</strong></span> <span class='ocrx_word' id='word_1_678' title='bbox 3085 3409 3138 3462; x_wconf 91' lang='lat' dir='ltr'><strong>in</strong></span> <span class='ocrx_word' id='word_1_679' title='bbox 3210 3408 3390 3460; x_wconf 89' lang='lat' dir='ltr'><strong>sinum</strong></span> <span class='ocrx_word' id='word_1_680' title='bbox 3441 3407 3734 3460; x_wconf 78' lang='lat' dir='ltr'><strong>abscondi.</strong></span> 
     </span>
    </p>
   </div>
   <div class='ocr_carea' id='block_1_93' title="bbox 2153 3498 3734 3565">
    <p class='ocr_par' dir='ltr' id='par_1_93' title="bbox 2153 3498 3734 3565">
     <span class='ocr_line' id='line_1_93' title="bbox 2153 3498 3734 3565; baseline -0.004 -8"><span class='ocrx_word' id='word_1_681' title='bbox 2153 3503 2388 3557; x_wconf 84' lang='lat' dir='ltr'><strong>Perinde</strong></span> <span class='ocrx_word' id='word_1_682' title='bbox 2432 3503 2499 3554; x_wconf 91' lang='lat' dir='ltr'><strong>de</strong></span> <span class='ocrx_word' id='word_1_683' title='bbox 2560 3508 2754 3554; x_wconf 84' lang='lat' dir='ltr'><strong>ornatu</strong></span> <span class='ocrx_word' id='word_1_684' title='bbox 2814 3498 3109 3560; x_wconf 78' lang='lat' dir='ltr'><strong>faciebant,</strong></span> <span class='ocrx_word' id='word_1_685' title='bbox 3170 3509 3389 3552; x_wconf 89' lang='lat' dir='ltr'><strong>sanctas</strong></span> <span class='ocrx_word' id='word_1_686' title='bbox 3442 3499 3734 3565; x_wconf 79' lang='lat' dir='ltr'><strong>imagines.</strong></span> 
     </span>
    </p>
   </div>
   <div class='ocr_carea' id='block_1_94' title="bbox 2152 3591 3741 3661">
    <p class='ocr_par' dir='ltr' id='par_1_94' title="bbox 2152 3591 3741 3661">
     <span class='ocr_line' id='line_1_94' title="bbox 2152 3591 3741 3661; baseline -0.005 -11"><span class='ocrx_word' id='word_1_687' title='bbox 2152 3611 2312 3658; x_wconf 87' lang='lat' dir='ltr'><strong>auro,</strong></span> <span class='ocrx_word' id='word_1_688' title='bbox 2347 3601 2576 3661; x_wconf 83' lang='lat' dir='ltr'><strong>argento</strong></span> <span class='ocrx_word' id='word_1_689' title='bbox 2629 3605 2683 3645; x_wconf 90' lang='lat' dir='ltr'><strong>et</strong></span> <span class='ocrx_word' id='word_1_690' title='bbox 2716 3591 2914 3660; x_wconf 87' lang='lat' dir='ltr'><strong>lapillis</strong></span> <span class='ocrx_word' id='word_1_691' title='bbox 2956 3591 3214 3659; x_wconf 89' lang='lat' dir='ltr'><strong>pretiosis</strong></span> <span class='ocrx_word' id='word_1_692' title='bbox 3247 3591 3556 3648; x_wconf 77' lang='lat' dir='ltr'><strong>decoratas.</strong></span> <span class='ocrx_word' id='word_1_693' title='bbox 3614 3605 3741 3642; x_wconf 60' lang='lat' dir='ltr'><strong>cna.</strong></span> 
     </span>
    </p>
   </div>
   <div class='ocr_carea' id='block_1_95' title="bbox 2153 3681 3740 3749">
    <p class='ocr_par' dir='ltr' id='par_1_95' title="bbox 2153 3681 3740 3749">
     <span class='ocr_line' id='line_1_95' title="bbox 2153 3681 3740 3749; baseline -0.007 -9"><span class='ocrx_word' id='word_1_694' title='bbox 2153 3686 2464 3748; x_wconf 86' lang='lat' dir='ltr'><strong>culcabaut,</strong></span> <span class='ocrx_word' id='word_1_695' title='bbox 2497 3694 2550 3739; x_wconf 93' lang='lat' dir='ltr'><strong>et</strong></span> <span class='ocrx_word' id='word_1_696' title='bbox 2575 3691 2900 3738; x_wconf 89' lang='lat' dir='ltr'><strong>ornamenta</strong></span> <span class='ocrx_word' id='word_1_697' title='bbox 2953 3681 3251 3749; x_wconf 88' lang='lat' dir='ltr'><strong>spoliantes</strong></span> <span class='ocrx_word' id='word_1_698' title='bbox 3289 3683 3339 3732; x_wconf 92' lang='lat' dir='ltr'><strong>iu</strong></span> <span class='ocrx_word' id='word_1_699' title='bbox 3400 3681 3635 3733; x_wconf 82' lang='lat' dir='ltr'><strong>lectulos</strong></span> <span class='ocrx_word' id='word_1_700' title='bbox 3685 3693 3740 3730; x_wconf 76' lang='lat' dir='ltr'><strong>et</strong></span> 
     </span>
    </p>
   </div>
   <div class='ocr_carea' id='block_1_96' title="bbox 2153 3771 3740 3839">
    <p class='ocr_par' dir='ltr' id='par_1_96' title="bbox 2153 3771 3740 3839">
     <span class='ocr_line' id='line_1_96' title="bbox 2153 3771 3740 3839; baseline -0.006 -9"><span class='ocrx_word' id='word_1_701' title='bbox 2153 3792 2374 3831; x_wconf 88' lang='lat' dir='ltr'><strong>mensas</strong></span> <span class='ocrx_word' id='word_1_702' title='bbox 2403 3775 2756 3839; x_wconf 87' lang='lat' dir='ltr'><strong>adhibebant,</strong></span> <span class='ocrx_word' id='word_1_703' title='bbox 2794 3772 3234 3828; x_wconf 85' lang='lat' dir='ltr'><strong>sacerdotalibus</strong></span> <span class='ocrx_word' id='word_1_704' title='bbox 3267 3771 3426 3825; x_wconf 89' lang='lat' dir='ltr'><strong>stolis</strong></span> <span class='ocrx_word' id='word_1_705' title='bbox 3463 3781 3519 3825; x_wconf 92' lang='lat' dir='ltr'><strong>et</strong></span> <span class='ocrx_word' id='word_1_706' title='bbox 3572 3771 3740 3824; x_wconf 71' lang='lat' dir='ltr'><strong>vesti-</strong></span> 
     </span>
    </p>
   </div>
   <div class='ocr_carea' id='block_1_97' title="bbox 2154 3850 3741 3932">
    <p class='ocr_par' dir='ltr' id='par_1_97' title="bbox 2154 3850 3741 3932">
     <span class='ocr_line' id='line_1_97' title="bbox 2154 3850 3741 3932; baseline -0.004 -12"><span class='ocrx_word' id='word_1_707' title='bbox 2154 3867 2373 3932; x_wconf 86' lang='lat' dir='ltr'><strong>mentis,</strong></span> <span class='ocrx_word' id='word_1_708' title='bbox 2403 3875 2516 3922; x_wconf 90' lang='lat' dir='ltr'><strong>tum</strong></span> <span class='ocrx_word' id='word_1_709' title='bbox 2551 3865 2743 3921; x_wconf 86' lang='lat' dir='ltr'><strong>sericis</strong></span> <span class='ocrx_word' id='word_1_710' title='bbox 2782 3850 2894 3918; x_wconf 88' lang='lat' dir='ltr'><strong>tum</strong></span> <span class='ocrx_word' id='word_1_711' title='bbox 2928 3878 3062 3918; x_wconf 88' lang='lat' dir='ltr'><strong>auro</strong></span> <span class='ocrx_word' id='word_1_712' title='bbox 3092 3862 3340 3928; x_wconf 76' lang='lat' dir='ltr'><strong>intextis,</strong></span> <span class='ocrx_word' id='word_1_713' title='bbox 3395 3876 3570 3931; x_wconf 84' lang='lat' dir='ltr'><strong>equos</strong></span> <span class='ocrx_word' id='word_1_714' title='bbox 3595 3871 3741 3915; x_wconf 82' lang='lat' dir='ltr'><strong>ster-</strong></span> 
     </span>
    </p>
   </div>
   <div class='ocr_carea' id='block_1_98' title="bbox 2152 3953 3743 4026">
    <p class='ocr_par' dir='ltr' id='par_1_98' title="bbox 2152 3953 3743 4026">
     <span class='ocr_line' id='line_1_98' title="bbox 2152 3953 3743 4026; baseline -0.006 -11"><span class='ocrx_word' id='word_1_715' title='bbox 2152 3960 2354 4015; x_wconf 87' lang='lat' dir='ltr'><strong>nebant</strong></span> <span class='ocrx_word' id='word_1_716' title='bbox 2384 3969 2480 4013; x_wconf 89' lang='lat' dir='ltr'><strong>aut</strong></span> <span class='ocrx_word' id='word_1_717' title='bbox 2512 3973 2610 4026; x_wconf 90' lang='lat' dir='ltr'><strong>pro</strong></span> <span class='ocrx_word' id='word_1_718' title='bbox 2647 3957 2860 4025; x_wconf 89' lang='lat' dir='ltr'><strong>mappis</strong></span> <span class='ocrx_word' id='word_1_719' title='bbox 2901 3956 3219 4019; x_wconf 85' lang='lat' dir='ltr'><strong>utebantur,</strong></span> <span class='ocrx_word' id='word_1_720' title='bbox 3265 3953 3541 4022; x_wconf 81' lang='lat' dir='ltr'><strong>pretiosas</strong></span> <span class='ocrx_word' id='word_1_721' title='bbox 3567 3969 3743 4007; x_wconf 58' lang='lat' dir='ltr'><strong>sacrae</strong></span> 
     </span>
    </p>
   </div>
   <div class='ocr_carea' id='block_1_99' title="bbox 2153 4046 3739 4123">
    <p class='ocr_par' dir='ltr' id='par_1_99' title="bbox 2153 4046 3739 4123">
     <span class='ocr_line' id='line_1_99' title="bbox 2153 4046 3739 4123; baseline -0.006 -17"><span class='ocrx_word' id='word_1_722' title='bbox 2153 4066 2298 4123; x_wconf 77' lang='lat' dir='ltr'><strong>gazae</strong></span> <span class='ocrx_word' id='word_1_723' title='bbox 2327 4051 2652 4117; x_wconf 78' lang='lat' dir='ltr'><strong>margaritas</strong></span> <span class='ocrx_word' id='word_1_724' title='bbox 2685 4048 3019 4119; x_wconf 72' lang='lat' dir='ltr'><strong>Spoliabant,</strong></span> <span class='ocrx_word' id='word_1_725' title='bbox 3078 4046 3254 4102; x_wconf 85' lang='lat' dir='ltr'><strong>sacris</strong></span> <span class='ocrx_word' id='word_1_726' title='bbox 3295 4046 3545 4116; x_wconf 89' lang='lat' dir='ltr'><strong>reliquiis</strong></span> <span class='ocrx_word' id='word_1_727' title='bbox 3583 4049 3739 4098; x_wconf 86' lang='lat' dir='ltr'><strong>humi</strong></span> 
     </span>
    </p>
   </div>
   <div class='ocr_carea' id='block_1_100' title="bbox 2155 4137 3742 4213">
    <p class='ocr_par' dir='ltr' id='par_1_100' title="bbox 2155 4137 3742 4213">
     <span class='ocr_line' id='line_1_100' title="bbox 2155 4137 3742 4213; baseline -0.003 -18"><span class='ocrx_word' id='word_1_728' title='bbox 2155 4142 2415 4213; x_wconf 83' lang='lat' dir='ltr'><strong>protritis.</strong></span> <span class='ocrx_word' id='word_1_729' title='bbox 2447 4140 2563 4195; x_wconf 86' lang='lat' dir='ltr'><strong>Alia</strong></span> <span class='ocrx_word' id='word_1_730' title='bbox 2600 4139 2867 4208; x_wconf 86' lang='lat' dir='ltr'><strong>permulta</strong></span> <span class='ocrx_word' id='word_1_731' title='bbox 2902 4137 3345 4192; x_wconf 77' lang='lat' dir='ltr'><strong>exsecratissima</strong></span> <span class='ocrx_word' id='word_1_732' title='bbox 3374 4144 3426 4191; x_wconf 88' lang='lat' dir='ltr'><strong>et</strong></span> <span class='ocrx_word' id='word_1_733' title='bbox 3477 4139 3742 4207; x_wconf 75' lang='lat' dir='ltr'><strong>lacrymis</strong></span> 
     </span>
    </p>
   </div>
   <div class='ocr_carea' id='block_1_101' title="bbox 2154 4226 3738 4300">
    <p class='ocr_par' dir='ltr' id='par_1_101' title="bbox 2154 4226 3738 4300">
     <span class='ocr_line' id='line_1_101' title="bbox 2154 4226 3738 4300; baseline -0.003 -15"><span class='ocrx_word' id='word_1_734' title='bbox 2154 4230 2532 4300; x_wconf 83' lang='lat' dir='ltr'><strong>prosequenda</strong></span> <span class='ocrx_word' id='word_1_735' title='bbox 2589 4228 2832 4283; x_wconf 83' lang='lat' dir='ltr'><strong>facinora</strong></span> <span class='ocrx_word' id='word_1_736' title='bbox 2871 4241 3243 4296; x_wconf 72' lang='lat' dir='ltr'><strong>przecursores</strong></span> <span class='ocrx_word' id='word_1_737' title='bbox 3294 4226 3372 4278; x_wconf 90' lang='lat' dir='ltr'><strong>illi</strong></span> <span class='ocrx_word' id='word_1_738' title='bbox 3405 4227 3738 4280; x_wconf 83' lang='lat' dir='ltr'><strong>Antichristi</strong></span> 
     </span>
    </p>
   </div>
   <div class='ocr_carea' id='block_1_102' title="bbox 2155 4319 3738 4393">
    <p class='ocr_par' dir='ltr' id='par_1_102' title="bbox 2155 4319 3738 4393">
     <span class='ocr_line' id='line_1_102' title="bbox 2155 4319 3738 4393; baseline -0.003 -15"><span class='ocrx_word' id='word_1_739' title='bbox 2155 4323 2460 4393; x_wconf 85' lang='lat' dir='ltr'><strong>patrabant.</strong></span> <span class='ocrx_word' id='word_1_740' title='bbox 2500 4321 2544 4377; x_wconf 92' lang='grc' dir='ltr'>Ο</span> <span class='ocrx_word' id='word_1_741' title='bbox 2582 4321 2993 4390; x_wconf 88' lang='lat' dir='ltr'><strong>sapientissima</strong></span> <span class='ocrx_word' id='word_1_742' title='bbox 3044 4327 3142 4373; x_wconf 89' lang='lat' dir='ltr'><strong>tua</strong></span> <span class='ocrx_word' id='word_1_743' title='bbox 3197 4319 3452 4385; x_wconf 84' lang='lat' dir='ltr'><strong>consilia,</strong></span> <span class='ocrx_word' id='word_1_744' title='bbox 3512 4319 3738 4374; x_wconf 81' lang='lat' dir='ltr'><strong>Christe</strong></span> 
     </span>
    </p>
   </div>
   <div class='ocr_carea' id='block_1_103' title="bbox 2154 4411 3738 4484">
    <p class='ocr_par' dir='ltr' id='par_1_103' title="bbox 2154 4411 3738 4484">
     <span class='ocr_line' id='line_1_103' title="bbox 2154 4411 3738 4484; baseline -0.003 -15"><span class='ocrx_word' id='word_1_745' title='bbox 2154 4416 2290 4479; x_wconf 77' lang='lat' dir='ltr'><strong>Rex,</strong></span> <span class='ocrx_word' id='word_1_746' title='bbox 2319 4429 2480 4484; x_wconf 86' lang='lat' dir='ltr'><strong>quam</strong></span> <span class='ocrx_word' id='word_1_747' title='bbox 2511 4425 2638 4468; x_wconf 91' lang='lat' dir='ltr'><strong>sunt</strong></span> <span class='ocrx_word' id='word_1_748' title='bbox 2668 4413 2991 4468; x_wconf 85' lang='lat' dir='ltr'><strong>abscondita</strong></span> <span class='ocrx_word' id='word_1_749' title='bbox 3034 4421 3089 4465; x_wconf 89' lang='lat' dir='ltr'><strong>et</strong></span> <span class='ocrx_word' id='word_1_750' title='bbox 3145 4411 3536 4466; x_wconf 86' lang='lat' dir='ltr'><strong>inscrutabilia</strong></span> <span class='ocrx_word' id='word_1_751' title='bbox 3567 4415 3589 4465; x_wconf 70' lang='grc' dir='ltr'><em>ἲ</em></span> <span class='ocrx_word' id='word_1_752' title='bbox 3620 4423 3738 4466; x_wconf 81' lang='lat' dir='ltr'><strong>erat</strong></span> 
     </span>
    </p>
   </div>
   <div class='ocr_carea' id='block_1_104' title="bbox 2089 4503 3739 4576">
    <p class='ocr_par' dir='ltr' id='par_1_104' title="bbox 2089 4503 3739 4576">
     <span class='ocr_line' id='line_1_104' title="bbox 2089 4503 3739 4576; baseline -0.005 -12"><span class='ocrx_word' id='word_1_753' title='bbox 2089 4513 2130 4566; x_wconf 88' lang='grc' dir='ltr'><strong>Ι)</strong></span> <span class='ocrx_word' id='word_1_754' title='bbox 2158 4522 2318 4576; x_wconf 85' lang='lat' dir='ltr'><strong>porro</strong></span> <span class='ocrx_word' id='word_1_755' title='bbox 2353 4505 2536 4562; x_wconf 84' lang='lat' dir='ltr'><strong>videre</strong></span> <span class='ocrx_word' id='word_1_756' title='bbox 2566 4503 2863 4557; x_wconf 79' lang='lat' dir='ltr'><strong>maximum</strong></span> <span class='ocrx_word' id='word_1_757' title='bbox 2897 4504 3024 4557; x_wconf 86' lang='lat' dir='ltr'><strong>illud</strong></span> <span class='ocrx_word' id='word_1_758' title='bbox 3059 4512 3114 4556; x_wconf 90' lang='lat' dir='ltr'><strong>et</strong></span> <span class='ocrx_word' id='word_1_759' title='bbox 3159 4503 3570 4558; x_wconf 86' lang='lat' dir='ltr'><strong>divinissimum</strong></span> <span class='ocrx_word' id='word_1_760' title='bbox 3605 4513 3739 4558; x_wconf 84' lang='lat' dir='ltr'><strong>lem-</strong></span> 
     </span>
    </p>
   </div>
   <div class='ocr_carea' id='block_1_105' title="bbox 2157 4594 3742 4665">
    <p class='ocr_par' dir='ltr' id='par_1_105' title="bbox 2157 4594 3742 4665">
     <span class='ocr_line' id='line_1_105' title="bbox 2157 4594 3742 4665; baseline -0.001 -16"><span class='ocrx_word' id='word_1_761' title='bbox 2157 4600 2301 4664; x_wconf 91' lang='lat' dir='ltr'><strong>plum</strong></span> <span class='ocrx_word' id='word_1_762' title='bbox 2345 4595 2641 4665; x_wconf 68' lang='lat' dir='ltr'><strong>Sapientia:</strong></span> <span class='ocrx_word' id='word_1_763' title='bbox 2673 4595 2790 4660; x_wconf 86' lang='lat' dir='ltr'><strong>Dei,</strong></span> <span class='ocrx_word' id='word_1_764' title='bbox 2825 4595 3024 4648; x_wconf 67' lang='lat' dir='ltr'><strong>malum</strong></span> <span class='ocrx_word' id='word_1_765' title='bbox 3052 4603 3331 4656; x_wconf 87' lang='lat' dir='ltr'><strong>terrestre,</strong></span> <span class='ocrx_word' id='word_1_766' title='bbox 3395 4594 3595 4647; x_wconf 68' lang='lat' dir='ltr'><strong>sellam</strong></span> <span class='ocrx_word' id='word_1_767' title='bbox 3629 4597 3742 4663; x_wconf 74' lang='lat' dir='ltr'><strong>glo-</strong></span> 
     </span>
    </p>
   </div>
   <div class='ocr_carea' id='block_1_106' title="bbox 2153 4679 3738 4752">
    <p class='ocr_par' dir='ltr' id='par_1_106' title="bbox 2153 4679 3738 4752">
     <span class='ocr_line' id='line_1_106' title="bbox 2153 4679 3738 4752; baseline -0.003 -10"><span class='ocrx_word' id='word_1_768' title='bbox 2153 4691 2247 4743; x_wconf 73' lang='lat' dir='ltr'><strong>riae</strong></span> <span class='ocrx_word' id='word_1_769' title='bbox 2303 4687 2416 4752; x_wconf 85' lang='lat' dir='ltr'><strong>Dei,</strong></span> <span class='ocrx_word' id='word_1_770' title='bbox 2447 4686 2812 4741; x_wconf 81' lang='lat' dir='ltr'><strong>Cherubicum</strong></span> <span class='ocrx_word' id='word_1_771' title='bbox 2859 4686 3166 4739; x_wconf 84' lang='lat' dir='ltr'><strong>vehiculum</strong></span> <span class='ocrx_word' id='word_1_772' title='bbox 3225 4696 3276 4739; x_wconf 88' lang='lat' dir='ltr'><strong>et</strong></span> <span class='ocrx_word' id='word_1_773' title='bbox 3329 4679 3738 4740; x_wconf 77' lang='lat' dir='ltr'><strong>ﬁrmamentum</strong></span> 
     </span>
    </p>
   </div>
   <div class='ocr_carea' id='block_1_107' title="bbox 2152 4776 3742 4846">
    <p class='ocr_par' dir='ltr' id='par_1_107' title="bbox 2152 4776 3742 4846">
     <span class='ocr_line' id='line_1_107' title="bbox 2152 4776 3742 4846; baseline 0 -14"><span class='ocrx_word' id='word_1_774' title='bbox 2152 4780 2404 4842; x_wconf 88' lang='lat' dir='ltr'><strong>alterum,</strong></span> <span class='ocrx_word' id='word_1_775' title='bbox 2449 4794 2584 4846; x_wconf 86' lang='lat' dir='ltr'><strong>opus</strong></span> <span class='ocrx_word' id='word_1_776' title='bbox 2619 4793 2880 4832; x_wconf 90' lang='lat' dir='ltr'><strong>manuum</strong></span> <span class='ocrx_word' id='word_1_777' title='bbox 2916 4777 3032 4838; x_wconf 88' lang='lat' dir='ltr'><strong>Dei.</strong></span> <span class='ocrx_word' id='word_1_778' title='bbox 3066 4776 3442 4845; x_wconf 82' lang='lat' dir='ltr'><strong>spectaculum</strong></span> <span class='ocrx_word' id='word_1_779' title='bbox 3467 4778 3742 4839; x_wconf 73' lang='lat' dir='ltr'><strong>eximium</strong></span> 
     </span>
    </p>
   </div>
   <div class='ocr_carea' id='block_1_108' title="bbox 2153 4868 3742 4937">
    <p class='ocr_par' dir='ltr' id='par_1_108' title="bbox 2153 4868 3742 4937">
     <span class='ocr_line' id='line_1_108' title="bbox 2153 4868 3742 4937; baseline -0.003 -11"><span class='ocrx_word' id='word_1_780' title='bbox 2153 4882 2207 4926; x_wconf 88' lang='lat' dir='ltr'><strong>et</strong></span> <span class='ocrx_word' id='word_1_781' title='bbox 2241 4873 2404 4927; x_wconf 86' lang='lat' dir='ltr'><strong>totius</strong></span> <span class='ocrx_word' id='word_1_782' title='bbox 2431 4873 2580 4925; x_wconf 86' lang='lat' dir='ltr'><strong>orbis</strong></span> <span class='ocrx_word' id='word_1_783' title='bbox 2612 4880 2883 4925; x_wconf 85' lang='lat' dir='ltr'><strong>terrarum</strong></span> <span class='ocrx_word' id='word_1_784' title='bbox 2923 4871 3132 4934; x_wconf 87' lang='lat' dir='ltr'><strong>lumen,</strong></span> <span class='ocrx_word' id='word_1_785' title='bbox 3171 4868 3433 4937; x_wconf 88' lang='lat' dir='ltr'><strong>templum</strong></span> <span class='ocrx_word' id='word_1_786' title='bbox 3467 4870 3606 4923; x_wconf 88' lang='lat' dir='ltr'><strong>illud</strong></span> <span class='ocrx_word' id='word_1_787' title='bbox 3641 4875 3742 4922; x_wconf 58' lang='lat' dir='ltr'><strong>cie.</strong></span> 
     </span>
    </p>
   </div>
   <div class='ocr_carea' id='block_1_109' title="bbox 2155 4962 3740 5034">
    <p class='ocr_par' dir='ltr' id='par_1_109' title="bbox 2155 4962 3740 5034">
     <span class='ocr_line' id='line_1_109' title="bbox 2155 4962 3740 5034; baseline -0.004 -16"><span class='ocrx_word' id='word_1_788' title='bbox 2155 4982 2289 5034; x_wconf 81' lang='lat' dir='ltr'><strong>gans</strong></span> <span class='ocrx_word' id='word_1_789' title='bbox 2321 4975 2374 5016; x_wconf 87' lang='lat' dir='ltr'><strong>et</strong></span> <span class='ocrx_word' id='word_1_790' title='bbox 2403 4963 2744 5032; x_wconf 77' lang='lat' dir='ltr'><strong>elegantibus</strong></span> <span class='ocrx_word' id='word_1_791' title='bbox 2770 4962 3099 5031; x_wconf 79' lang='lat' dir='ltr'><strong>elegantius,</strong></span> <span class='ocrx_word' id='word_1_792' title='bbox 3139 4963 3278 5016; x_wconf 90' lang='lat' dir='ltr'><strong>intra</strong></span> <span class='ocrx_word' id='word_1_793' title='bbox 3314 4963 3471 5030; x_wconf 82' lang='lat' dir='ltr'><strong>cujus</strong></span> <span class='ocrx_word' id='word_1_794' title='bbox 3501 4978 3533 5015; x_wconf 90' lang='lat' dir='ltr'><strong>a</strong></span> <span class='ocrx_word' id='word_1_795' title='bbox 3561 4967 3668 5031; x_wconf 72' lang='lat' dir='ltr'><strong>tyta</strong></span> <span class='ocrx_word' id='word_1_796' title='bbox 3689 4974 3740 5012; x_wconf 68' lang='grc' dir='ltr'><strong>«ιι</strong></span> 
     </span>
    </p>
   </div>
   <div class='ocr_carea' id='block_1_110' title="bbox 2155 5054 3739 5126">
    <p class='ocr_par' dir='ltr' id='par_1_110' title="bbox 2155 5054 3739 5126">
     <span class='ocr_line' id='line_1_110' title="bbox 2155 5054 3739 5126; baseline -0.004 -13"><span class='ocrx_word' id='word_1_797' title='bbox 2155 5074 2318 5126; x_wconf 86' lang='lat' dir='ltr'><strong>supra</strong></span> <span class='ocrx_word' id='word_1_798' title='bbox 2360 5057 2552 5110; x_wconf 86' lang='lat' dir='ltr'><strong>altaria</strong></span> <span class='ocrx_word' id='word_1_799' title='bbox 2609 5071 2673 5108; x_wconf 89' lang='lat' dir='ltr'><strong>ac</strong></span> <span class='ocrx_word' id='word_1_800' title='bbox 2709 5070 2929 5109; x_wconf 88' lang='lat' dir='ltr'><strong>mensas</strong></span> <span class='ocrx_word' id='word_1_801' title='bbox 2987 5055 3213 5109; x_wconf 85' lang='lat' dir='ltr'><strong>ederent</strong></span> <span class='ocrx_word' id='word_1_802' title='bbox 3284 5069 3348 5108; x_wconf 88' lang='lat' dir='ltr'><strong>ac</strong></span> <span class='ocrx_word' id='word_1_803' title='bbox 3383 5054 3659 5117; x_wconf 85' lang='lat' dir='ltr'><strong>biberent,</strong></span> <span class='ocrx_word' id='word_1_804' title='bbox 3689 5066 3739 5108; x_wconf 83' lang='lat' dir='ltr'><strong>et</strong></span> 
     </span>
    </p>
   </div>
   <div class='ocr_carea' id='block_1_111' title="bbox 2156 5146 3735 5217">
    <p class='ocr_par' dir='ltr' id='par_1_111' title="bbox 2156 5146 3735 5217">
     <span class='ocr_line' id='line_1_111' title="bbox 2156 5146 3735 5217; baseline -0.001 -15"><span class='ocrx_word' id='word_1_805' title='bbox 2156 5151 2392 5202; x_wconf 84' lang='lat' dir='ltr'><strong>incestas</strong></span> <span class='ocrx_word' id='word_1_806' title='bbox 2425 5148 2753 5217; x_wconf 86' lang='lat' dir='ltr'><strong>cupiditates</strong></span> <span class='ocrx_word' id='word_1_807' title='bbox 2789 5158 2841 5200; x_wconf 85' lang='lat' dir='ltr'><strong>et</strong></span> <span class='ocrx_word' id='word_1_808' title='bbox 2868 5147 3122 5201; x_wconf 87' lang='lat' dir='ltr'><strong>libidines</strong></span> <span class='ocrx_word' id='word_1_809' title='bbox 3147 5162 3276 5201; x_wconf 87' lang='lat' dir='ltr'><strong>suas</strong></span> <span class='ocrx_word' id='word_1_810' title='bbox 3304 5163 3431 5201; x_wconf 90' lang='lat' dir='ltr'><strong>cum</strong></span> <span class='ocrx_word' id='word_1_811' title='bbox 3494 5146 3735 5208; x_wconf 75' lang='lat' dir='ltr'><strong>feminis,</strong></span> 
     </span>
    </p>
   </div>
   <div class='ocr_carea' id='block_1_112' title="bbox 2155 5233 3734 5307">
    <p class='ocr_par' dir='ltr' id='par_1_112' title="bbox 2155 5233 3734 5307">
     <span class='ocr_line' id='line_1_112' title="bbox 2155 5233 3734 5307; baseline -0.002 -18"><span class='ocrx_word' id='word_1_812' title='bbox 2155 5238 2462 5307; x_wconf 80' lang='lat' dir='ltr'><strong>virginibus</strong></span> <span class='ocrx_word' id='word_1_813' title='bbox 2485 5247 2538 5290; x_wconf 91' lang='lat' dir='ltr'><strong>et</strong></span> <span class='ocrx_word' id='word_1_814' title='bbox 2562 5237 2744 5303; x_wconf 88' lang='lat' dir='ltr'><strong>pueris</strong></span> <span class='ocrx_word' id='word_1_815' title='bbox 2773 5245 3117 5289; x_wconf 80' lang='lat' dir='ltr'><strong>exercerent.</strong></span> <span class='ocrx_word' id='word_1_816' title='bbox 3149 5233 3284 5299; x_wconf 83' lang='lat' dir='ltr'><strong>Quis</strong></span> <span class='ocrx_word' id='word_1_817' title='bbox 3312 5245 3362 5287; x_wconf 92' lang='lat' dir='ltr'><strong>te</strong></span> <span class='ocrx_word' id='word_1_818' title='bbox 3389 5251 3498 5288; x_wconf 90' lang='lat' dir='ltr'><strong>non</strong></span> <span class='ocrx_word' id='word_1_819' title='bbox 3533 5235 3734 5304; x_wconf 80' lang='lat' dir='ltr'><strong>lugeat.</strong></span> 
     </span>
    </p>
   </div>
   <div class='ocr_carea' id='block_1_113' title="bbox 2158 5327 3736 5396">
    <p class='ocr_par' dir='ltr' id='par_1_113' title="bbox 2158 5327 3736 5396">
     <span class='ocr_line' id='line_1_113' title="bbox 2158 5327 3736 5396; baseline -0.001 -15"><span class='ocrx_word' id='word_1_820' title='bbox 2158 5329 2414 5395; x_wconf 85' lang='lat' dir='ltr'><strong>templum</strong></span> <span class='ocrx_word' id='word_1_821' title='bbox 2449 5327 2856 5382; x_wconf 85' lang='lat' dir='ltr'><strong>sanctissimum</strong></span> <span class='ocrx_word' id='word_1_822' title='bbox 2892 5329 2905 5378; x_wconf 79' lang='grc' dir='ltr'><strong>ί</strong></span> <span class='ocrx_word' id='word_1_823' title='bbox 2945 5328 3147 5396; x_wconf 86' lang='lat' dir='ltr'><strong>ubique</strong></span> <span class='ocrx_word' id='word_1_824' title='bbox 3195 5327 3479 5382; x_wconf 79' lang='lat' dir='ltr'><strong>calamitas</strong></span> <span class='ocrx_word' id='word_1_825' title='bbox 3540 5337 3656 5380; x_wconf 79' lang='lat' dir='ltr'><strong>erat</strong></span> <span class='ocrx_word' id='word_1_826' title='bbox 3687 5334 3736 5380; x_wconf 85' lang='lat' dir='ltr'><strong>et</strong></span> 
     </span>
    </p>
   </div>
   <div class='ocr_carea' id='block_1_114' title="bbox 2155 5418 3733 5486">
    <p class='ocr_par' dir='ltr' id='par_1_114' title="bbox 2155 5418 3733 5486">
     <span class='ocr_line' id='line_1_114' title="bbox 2155 5418 3733 5486; baseline -0.003 -14"><span class='ocrx_word' id='word_1_827' title='bbox 2155 5419 2378 5473; x_wconf 81' lang='lat' dir='ltr'><strong>dolebat</strong></span> <span class='ocrx_word' id='word_1_828' title='bbox 2411 5433 2572 5472; x_wconf 85' lang='lat' dir='ltr'><strong>onme</strong></span> <span class='ocrx_word' id='word_1_829' title='bbox 2613 5429 2795 5486; x_wconf 80' lang='lat' dir='ltr'><strong>caput.</strong></span> <span class='ocrx_word' id='word_1_830' title='bbox 2833 5419 2891 5470; x_wconf 93' lang='lat' dir='ltr'><strong>In</strong></span> <span class='ocrx_word' id='word_1_831' title='bbox 2921 5418 3179 5472; x_wconf 88' lang='lat' dir='ltr'><strong>domibus</strong></span> <span class='ocrx_word' id='word_1_832' title='bbox 3201 5419 3441 5472; x_wconf 85' lang='lat' dir='ltr'><strong>lamenta</strong></span> <span class='ocrx_word' id='word_1_833' title='bbox 3473 5429 3530 5471; x_wconf 87' lang='lat' dir='ltr'><strong>et</strong></span> <span class='ocrx_word' id='word_1_834' title='bbox 3555 5419 3733 5481; x_wconf 77' lang='lat' dir='ltr'><strong>licius,</strong></span> 
     </span>
    </p>
   </div>
   <div class='ocr_carea' id='block_1_115' title="bbox 2155 5511 3734 5580">
    <p class='ocr_par' dir='ltr' id='par_1_115' title="bbox 2155 5511 3734 5580">
     <span class='ocr_line' id='line_1_115' title="bbox 2155 5511 3734 5580; baseline -0.002 -15"><span class='ocrx_word' id='word_1_835' title='bbox 2155 5514 2209 5565; x_wconf 88' lang='lat' dir='ltr'><strong>in</strong></span> <span class='ocrx_word' id='word_1_836' title='bbox 2241 5511 2420 5576; x_wconf 82' lang='lat' dir='ltr'><strong>triviis</strong></span> <span class='ocrx_word' id='word_1_837' title='bbox 2449 5513 2722 5580; x_wconf 88' lang='lat' dir='ltr'><strong>planctus,</strong></span> <span class='ocrx_word' id='word_1_838' title='bbox 2758 5511 2812 5565; x_wconf 92' lang='lat' dir='ltr'><strong>in</strong></span> <span class='ocrx_word' id='word_1_839' title='bbox 2847 5513 3064 5580; x_wconf 89' lang='lat' dir='ltr'><strong>templis</strong></span> <span class='ocrx_word' id='word_1_840' title='bbox 3125 5512 3329 5576; x_wconf 92' lang='lat' dir='ltr'><strong>luctus,</strong></span> <span class='ocrx_word' id='word_1_841' title='bbox 3361 5513 3613 5563; x_wconf 83' lang='lat' dir='ltr'><strong>virorum</strong></span> <span class='ocrx_word' id='word_1_842' title='bbox 3643 5528 3734 5580; x_wconf 77' lang='lat' dir='ltr'><strong>gr-</strong></span> 
     </span>
    </p>
   </div>
   <div class='ocr_carea' id='block_1_116' title="bbox 2157 5604 3736 5674">
    <p class='ocr_par' dir='ltr' id='par_1_116' title="bbox 2157 5604 3736 5674">
     <span class='ocr_line' id='line_1_116' title="bbox 2157 5604 3736 5674; baseline -0.003 -15"><span class='ocrx_word' id='word_1_843' title='bbox 2157 5607 2345 5670; x_wconf 89' lang='lat' dir='ltr'><strong>mitus,</strong></span> <span class='ocrx_word' id='word_1_844' title='bbox 2381 5605 2674 5661; x_wconf 83' lang='lat' dir='ltr'><strong>mulierum</strong></span> <span class='ocrx_word' id='word_1_845' title='bbox 2704 5605 2965 5669; x_wconf 85' lang='lat' dir='ltr'><strong>ululatus,</strong></span> <span class='ocrx_word' id='word_1_846' title='bbox 3003 5604 3226 5673; x_wconf 74' lang='lat' dir='ltr'><strong>rapinae,</strong></span> <span class='ocrx_word' id='word_1_847' title='bbox 3250 5606 3622 5674; x_wconf 79' lang='lat' dir='ltr'><strong>captivitates.</strong></span> <span class='ocrx_word' id='word_1_848' title='bbox 3659 5606 3736 5656; x_wconf 88' lang='lat' dir='ltr'><strong>in-</strong></span> 
     </span>
    </p>
   </div>
   <div class='ocr_carea' id='block_1_117' title="bbox 2156 5694 3736 5762">
    <p class='ocr_par' dir='ltr' id='par_1_117' title="bbox 2156 5694 3736 5762">
     <span class='ocr_line' id='line_1_117' title="bbox 2156 5694 3736 5762; baseline -0.003 -12"><span class='ocrx_word' id='word_1_849' title='bbox 2156 5697 2496 5750; x_wconf 84' lang='lat' dir='ltr'><strong>sultationcs.</strong></span> <span class='ocrx_word' id='word_1_850' title='bbox 2524 5695 2732 5749; x_wconf 88' lang='lat' dir='ltr'><strong>Genere</strong></span> <span class='ocrx_word' id='word_1_851' title='bbox 2768 5695 2979 5748; x_wconf 90' lang='lat' dir='ltr'><strong>nobiles</strong></span> <span class='ocrx_word' id='word_1_852' title='bbox 3008 5694 3304 5762; x_wconf 90' lang='lat' dir='ltr'><strong>contempti</strong></span> <span class='ocrx_word' id='word_1_853' title='bbox 3340 5705 3521 5757; x_wconf 83' lang='lat' dir='ltr'><strong>erant,</strong></span> <span class='ocrx_word' id='word_1_854' title='bbox 3545 5697 3736 5746; x_wconf 67' lang='lat' dir='ltr'><strong>dictus</strong></span> 
     </span>
    </p>
   </div>
   <div class='ocr_carea' id='block_1_118' title="bbox 2158 5786 3737 5858">
    <p class='ocr_par' dir='ltr' id='par_1_118' title="bbox 2158 5786 3737 5858">
     <span class='ocr_line' id='line_1_118' title="bbox 2158 5786 3737 5858; baseline -0.004 -16"><span class='ocrx_word' id='word_1_855' title='bbox 2158 5789 2329 5858; x_wconf 87' lang='lat' dir='ltr'><strong>impii.</strong></span> <span class='ocrx_word' id='word_1_856' title='bbox 2365 5787 2557 5842; x_wconf 67' lang='lat' dir='ltr'><strong>Platete</strong></span> <span class='ocrx_word' id='word_1_857' title='bbox 2591 5798 2642 5842; x_wconf 89' lang='lat' dir='ltr'><strong>ct</strong></span> <span class='ocrx_word' id='word_1_858' title='bbox 2672 5788 2853 5857; x_wconf 77' lang='lat' dir='ltr'><strong>anguli</strong></span> <span class='ocrx_word' id='word_1_859' title='bbox 2894 5788 3101 5857; x_wconf 82' lang='lat' dir='ltr'><strong>ubique</strong></span> <span class='ocrx_word' id='word_1_860' title='bbox 3135 5787 3284 5839; x_wconf 89' lang='lat' dir='ltr'><strong>omni</strong></span> <span class='ocrx_word' id='word_1_861' title='bbox 3340 5786 3613 5838; x_wconf 73' lang='lat' dir='ltr'><strong>malorum</strong></span> <span class='ocrx_word' id='word_1_862' title='bbox 3647 5801 3737 5853; x_wconf 77' lang='lat' dir='ltr'><strong>ge-</strong></span> 
     </span>
    </p>
   </div>
  </div>
