3920 6188
209 283 311 351 881

1263 294 1714 355 CHRONICON
1764 296 2028 377 MAJUS.
2066 323 2137 335 -
2170 299 2313 360 LIB.
2345 301 2459 362 lll.

1886 170 1917 189 κ

3339 303 3446 360 882

206 403 386 457 πάντα
420 400 582 454 τόπον
620 401 897 471 πανταχοῦ
946 403 1138 458 πασῶν
1192 405 1403 459 κακιῶν
1429 401 1499 476 ἦν
1526 405 1779 475 ἔμπλεα·
1814 418 1856 473 Α
1890 389 1982 475 ρος
2023 406 2215 460 τούτου
2262 408 2444 477 χρόνοι
2496 408 2908 477 τεσσαράκοντα
2952 407 3109 460 ἐννέα
3142 407 3238 458 καὶ
3285 407 3451 475 μῆνες

202 493 380 556 066:1;
433 492 599 556 τόπος
649 493 1081 566 ἀνεξερεύνητος
1124 497 1156 566 ἦ
1195 498 1394 561 ἄσυλος
1446 498 1683 566 ἔμεινεν.
1710 494 1781 550 Ὦ

203 588 408 656 Χρισττέ
436 586 681 657 βασιλεῦ,
711 588 810 655 τῆς
853 589 976 642 τότε
1022 588 1257 657 θλίψεως
1287 590 1384 643 καλ⁸
1416 591 1780 661 στενοχωρίας

206 680 387 732 πᾶσαν
413 679 568 733 πόλιν
598 681 695 732 καὶ
728 680 937 750 χώραν,
975 683 1043 750 ἢν
1075 681 1317 735 οἰκοῦσιν
1351 682 1402 735 oi
1433 664 1778 750 Χριστιανοὶ,

201 770 592 838 ἐλευθέρωσον.
628 772 741 837 καὶ
787 772 964 825 πάντα
1017 774 1198 842 κῆπον
1240 775 1338 826 καὶ
1376 767 1530 827 οἷκον
1565 775 1614 826 οἱ
1645 774 1780 825 ἀσε-

204 862 318 922 ϐεῖς
376 861 482 915 οὐκ
534 862 726 915 εἴασαν
771 861 1112 932 ἀνώρυκτον.
1150 865 1238 918 ινα
1288 865 1359 919 τὰ
1410 867 1781 937 κεκρυμμένα

200 954 464 1022 χρήματα
511 951 720 1021 εὕρωσι
746 968 763 983 ο
801 954 895 1006 καὶ
948 955 1222 1009 πλείστων
1270 956 1370 1025 μὲν
1403 956 1541 1010 νέων
1577 956 1783 1026 θησαυ-

202 1045 314 1114 ρῶν
330 1045 426 1097 καὶ
447 1043 693 1099 παλαιῶν
719 1046 813 1099 καὶ
837 1047 1042 1116 ἐτέρων
1071 1047 1389 1118 πολυτίμων
1412 1051 1776 1119 πραγμάτων,

200 1136 483 1206 εὑρόντες,
517 1138 829 1209 ἐνεπλήσθη
839 1155 962 1193 σαν.
1354 1190 1359 1195 .

174 1214 233 1301 Β
391 1229 480 1289 Ὧς
511 1229 605 1284 οῦν
634 1232 668 1298 ἡ
698 1232 854 1295 πόλις
882 1234 1046 1298 ἑάλω,
1093 1237 1122 1288 6
1168 1236 1397 1306 ἀμηρᾶς
1425 1236 1572 1291 ἔνδον
1605 1238 1780 1290 alae).-

203 1320 538 1384 θὼν-εὐθὺς
587 1323 736 1394 πάσῃ
787 1326 988 1396 σπουδῇ
1021 1326 1249 1397 ζήτησιν
1286 1329 1461 1382 ἐποίει
1512 1330 1639 1399 περὶ
1685 1330 1781 1383 τοῦ

205 1413 495 1481 βασιλέως,
523 1416 585 1476 ὃς
618 1419 760 1471 κατὰ
811 1419 938 1471 νοῦν
969 1421 1132 1474 ἄλλον
1161 1422 1261 1475 οὐκ
1315 1421 1592 1489 ἐλογίζετο
1625 1422 1672 1474 εί
1704 1424 1779 1492 μὴ

208 1506 375 1573 μόνον
431 1507 625 1577 μαθεῖν
676 1511 726 1562 εί
778 1512 842 1579 ζῇ
899 1510 932 1580 ἢ
986 1510 1251 1576 τέθνηκεν
1294 1514 1321 1563 6
1365 1512 1641 1582 βασιλεύς.
1672 1515 1780 1566 Καὶ

204 1595 356 1658 τινὲς
405 1597 507 1666 μὲν
554 1598 806 1662 ἐλθόντες
849 1600 1040 1669 ἔλεγον
1069 1604 1152 1656 ὅτι
1198 1603 1427 1671 ἔφυγεν.
1457 1606 1609 1658 ἄλλοι
1638 1606 1693 1659 δὲ
1722 1607 1782 1659 ἐν

202 1690 269 1756 τῇ
299 1688 455 1741 πόλει
482 1688 670 1756 ἔλεγον
696 1688 833 1744 εἶναι
868 1696 1280 1769 κεκρυμμένον,
1312 1694 1465 1750 ἄλλοι
1487 1698 1543 1750 δὲ
1579 1697 1777 1751 τεθνάο

1884 500 2034 565 τρεῖς
2070 500 2165 550 καὶ
2197 498 2406 566 ἡμέραι
2438 498 2633 552 εἴκοσι.

1965 587 2025 639 ὐ
2054 588 2111 638 δὲ
2148 589 2377 656 ἁμηρᾶς
2423 590 2490 658 τῇ
2532 590 2657 662 νίκῃ
2700 592 2763 660 τῇ
2804 589 3017 659 μεγάλῃ
3068 588 3330 658 ἐπαρθεὶς
3360 589 3449 641 καὶ

1886 676 2143 748 πλείστης
2175 679 2482 744 κενοδοξίας
2508 682 2774 751 πλησθεὶς
2806 682 2955 750 ὠμὸς
3000 682 3095 733 καὶ
3133 680 3327 750 ἀνελεή
3338 686 3453 747 μων

1884 768 2082 838 ἐφάνη.
2116 770 2436 840 Προσελθὼν
2484 771 2542 825 δὲ
2585 772 2737 841 αὐτῷ
2786 774 2815 825 6
2868 773 3041 841 μέγας
3090 772 3219 836 δοὺξ
3262 772 3290 824 6
3345 773 3454 838 κὺρ

1884 862 2103 925 Λουκᾶς
2138 863 2167 915 6
2202 863 2451 932 Νοταρᾶς
2485 864 2896 934 προσεκύνησεν
2923 866 3111 928 αὑτὸν,
3143 865 3238 917 καὶ
3270 864 3452 929 δείξας

1884 954 2036 1023 αὐτῷ
2084 956 2361 1025 θησαυρὸν
2418 957 2587 1010 πολὺν
2632 956 2692 1009 ὃν
2744 954 2857 1027 εἷχε
2923 959 3325 1027 κεκρυμμένον,
3360 959 3454 1009 καὶ

1884 1044 2066 1107 λίθους
2092 1047 2188 1099 καὶ
2219 1047 2542 1117 μαργᾶρους
2572 1048 2668 1101 καὶ
2703 1050 2868 1120 ἕτερα
2900 1049 3117 1117 λάφυρα
3148 1048 3273 1113 ἄξια
3300 1047 3452 1115 βασι-

1884 1134 2085 1197 λεῦσιν,
2126 1134 2162 1188 ἃ
2193 1136 2318 1188 ἰδὼν
2354 1137 2383 1188 6
2409 1135 2662 1207 Ἀμηρᾶς
2692 1138 2789 1191 καὶ
2825 1142 2977 1190 πᾶσα
3006 1139 3038 1206 ἡ
3071 1135 3234 1205 βουλὴ
3284 1135 3451 1187 αὐτοῦ

1883 1225 2219 1295 ἐθαύμασαν.
2253 1226 2312 1279 '0
2340 1228 2398 1280 δέ
2424 1227 2675 1293 Νοταρᾶς
2704 1222 2827 1281 εἷπε
2855 1227 2930 1295 τῷ
2954 1226 3145 1296 ἀμηρᾷ
3171 1242 3185 1257 ·
3217 1243 3237 1277 ι
3267 1224 3454 1277 Ταῦτα

1883 1316 2061 1369 πάντα
2094 1316 2394 1384 ἐφύλαττον
2441 1318 2530 1371 διὰ
2579 1320 2681 1388 τὴν
2722 1317 3003 1387 βασιλείαν
3058 1333 3174 1380 σου,
3213 1316 3306 1368 καὶ
3341 1314 3451 1367 ἰδοὺ

1883 1410 1951 1462 τὰ
1981 1409 2077 1462 νῦν
2104 1408 2407 1480 χαρίζομαι
2437 1427 2520 1463 σοι
2549 1409 2725 1481 δῶρον
2748 1426 2764 1442 ο
2803 1410 2901 1463 καὶ
2929 1409 3143 1476 δέομαι,
3179 1408 3329 1471 δέξαι
3357 1405 3453 1457 τοῦ

1883 1500 2069 1556 δούλου
2122 1518 2219 1553 σου
2266 1501 2366 1571 τὴν
2398 1500 2582 1570 δέησιν
2623 1502 2717 1554 καὶ
2745 1500 3143 1571 παρακάλεσιν.
3185 1518 3203 1550 ι
3250 1498 3456 1549 Ἤλπι-

1883 1595 1976 1658 ξεν
2024 1594 2118 1648 οὖν
2171 1588 2327 1659 οὗτος
2378 1595 2447 1649 δι’
2496 1598 2677 1650 αὐτῶν
2730 1596 3046 1665 ἐλευθερίαν
3089 1595 3251 1663 τύχαι
3292 1590 3454 1660 292

1887 1688 2026 1756 μετὰ
2056 1689 2152 1741 τοῦ
2180 1690 2330 1742 οἴκου
2361 1688 2560 1741 αύτοῦο
2592 1689 2959 1755 ἀπελογίσατο
2988 1689 3041 1740 δὲ
3087 1684 3236 1753 αὐτῷ
3284 1686 3312 1735 ὁ
3353 1699 3457 1750 μη-

202 1795 294 1831 ναι
355 1780 682 1849 μαχόμενον.
736 1785 848 1839 Καὶ
905 1757 1108 1840 θέλων-
1159 1788 1499 1848 πιστωθῆναι
1558 1790 1777 1859 ἀληθῶς
1815 1757 1853 1810 Β
1882 1777 1982 1847 ρᾶς
2013 1778 2103 1830 καὶ
2150 1774 2304 1831 εἶπεν
2332 1794 2346 1810 ο
2382 1795 2403 1829 ι
2436 1774 2507 1830 Ὤ
2534 1778 2790 1847 ήμικύων
2823 1777 2916 1831 καὶ
2945 1776 3282 1842 ἀπάνθρωπε
3314 1774 3458 1841 ἀμη-

202 1871 444 1924 εστειλεν
467 1874 598 1927 ἔνθα
622 1875 779 1945 291
811 1878 875 1948 δὴ
918 1880 990 1932 τὰ
1019 1882 1290 1951 πτώματα
1319 1884 1429 1935 τῶν
1463 1883 1780 1952 ἀναιρεθέν-

203 1978 312 2013 των
356 1962 534 2016 ἔκειτο
574 1968 880 2033 σωροειδῶς
933 1968 1278 2040 Χριστιανῶν
1317 1989 1374 2026 τε
1421 1977 1516 2027 καὶ
1541 1975 1777 2031 ἀσεϐῶν.

208 2052 320 2102 Καὶ
345 2053 610 2118 πλείστας
653 2058 897 2127 κεφαλὰς
935 2060 1046 2115 τῶν
1089 2064 1491 2133 ἀναιρεθέντων
1506 2066 1776 2127 ἔπλυναν,

206 2141 421 2211 ιξτύχῃ
477 2144 571 2195 καὶ
626 2143 728 2214 τὴν
783 2146 1068 2218 βασιλικὴν
1129 2153 1464 2221 γνωρίσωσι.
1525 2154 1635 2208 Καὶ
1680 2155 1782 2208 οὐκ

207 2230 543 2302 ἐδυνήθησαν
573 2238 849 2305 γνωρίσαι
862 2238 1035 2309 αὐτὴν
1060 2244 1109 2294 εἰ
1141 2244 1215 2315 μὴ
1245 2244 1307 2296 τὸ
1331 2246 1546 2308 τεθνεδς
1576 2247 1781 2314 πτῶμα

200 2323 300 2374 τοῦ
333 2322 598 2391 βασιλείοις
652 2330 929 2399 εὑρόντες,
964 2332 994 2386 6
1043 2335 1349 2405 ἐγνώρισαν
1382 2337 1447 2390 ἐκ
1488 2339 1596 2392 τῶν
1625 2338 1778 2407 βασι-

199 2413 377 2501 λικῶν
417 2411 842 2489 ’περικνημίδων
886 2421 921 2493 ἢ
960 2423 1055 2476 καὶ
1117 2424 1372 2493 πεδίλων,
1406 2426 1538 2482 ἔνθα
1583 2431 1783 2498 χρυσοῖ

198 2506 362 2561 ἀετοὶ
384 2503 527 2577 ἦσαν
550 2515 954 2583 γεγραμμένοι,
980 2519 1055 2579 ὡς
1081 2517 1204 2576 ἔθος
1229 2517 1444 2589 ὑπῆρχε
1480 2523 1593 2584 τοῖς
1626 2521 1781 2589 βασι-

192 2595 380 2651 λεῦσι.
414 2600 522 2653 Καὶ
553 2602 736 2669 μαθὼν
759 2605 788 2656 6
825 2604 1048 2675 ἀμηρᾶς
1086 2608 1399 2677 περιχαρὴς
1431 2610 1524 2661 καὶ
1551 2611 1780 2679 εὐφραι-

196 2690 432 2757 νόμενος
466 2690 679 2767 ὑπῆρχε
706 2708 720 2723 ο
758 2698 856 2749 καὶ
884 2696 1184 2765 προστάξει
1232 2700 1397 2752 αὐτοῦ
1434 2702 1484 2753 οί
1522 2701 1778 2771 εὑρεθένο

193 2799 297 2844 τες
331 2783 652 2851 Χριστιανοὶ
694 2787 905 2855 ἔθαψαν
965 2789 1029 2841 τδ
1072 2791 1350 2860 βασιλικὸν
1401 2793 1600 2862 πτῶμα
1640 2793 1781 2862 μετὰ

197 2877 503 2943 βασιλικῆς
546 2880 733 2948 τιμῆς.
768 2881 905 2934 Οὐαὶ
947 2882 1069 2936 οὐαὶ
1103 2883 1272 2950 κάμοὶ
1306 2883 1406 2953 τῆς
1433 2885 1690 2953 προνοίας
1721 2886 1779 2937 ἐν

195 2968 313 3019 τίνι
345 2970 525 3039 καιρῷ
556 2987 623 3040 με
651 2972 1057 3043 φυλαττούσηςί
1088 2969 1197 3028 Ἦν
1224 2975 1281 3028 δὲ
1309 2976 1509 3045 πᾶσαή
1540 2976 1654 3044 ζωὴ
1684 2975 1780 3028 τοῦ

1881 1870 2196 1939 χανορῤάφε
2237 1870 2332 1921 καὶ
2381 1869 2715 1939 πολύτροπε,
2745 1869 3002 1921 τοσοῦτον
3034 1865 3266 1918 πλοῦτον
3310 1860 3457 1932 εἶχες

1882 1960 1978 2012 καὶ
1997 1959 2098 2012 οὐκ
2126 1959 2441 2031 ἐϐοήθησας,
2469 1959 2548 2029 τῷ
2582 1959 2797 2030 βασιλεῖ
2839 1958 2916 2026 τῷ
2955 1956 3191 2026 αὐθέντῃ
3235 1971 3327 2007 σου
3363 1954 3458 2005 καὶ

1881 2054 1946 2121 τῇ
1986 2052 2137 2104 πόλει
2182 2054 2248 2122 τῇ
2300 2052 2523 2120 πατρίδι
2574 2067 2708 2114 σονς
2756 2050 2876 2104 Νῦν
2910 2050 2967 2103 δέ
3017 2050 3157 2117 μετὰ
3198 2049 3458 2099 τοιούτων

1885 2144 2162 2214 πονηριῶν
2223 2147 2322 2198 καὶ
2380 2146 2735 2213 πανουργιῶν
2792 2144 2860 2207 ἃς
2919 2141 3072 2206 οδδας
3133 2143 3309 2195 ποιεῖν
3359 2139 3458 2192 καὶ

1883 2236 2145 2307 πράττειν
2170 2239 2234 2289 ἐκ
2261 2237 2544 2306 νεότητος,
2579 2237 2745 2308 βούλῃ
2775 2236 3135 2290 ὑποσκελίσαι
3167 2234 3335 2301 κάμὲ,
3362 2234 3459 2285 καὶ

1883 2332 2062 2399 φύγῃς
2093 2330 2190 2382 τοῦ
2239 2331 2547 2403 πρέποντός
2582 2346 2666 2383 σοι
2696 2346 2711 2396 ;
2747 2330 2886 2384 Εἰπέ
2928 2346 3039 2398 μοι,
3070 2322 3115 2380 ὧ
3150 2326 3343 2395 ἀσεϐῆ,
3373 2324 3459 2385 τὶς

1880 2422 1908 2473 6
1939 2420 2176 2490 χαρίσας
2218 2438 2310 2490 μοι
2350 2423 2441 2476 τὸν
2493 2422 2724 2475 πλοῦτον
2757 2424 2852 2475 τὸν
2901 2421 2994 2474 σὺν
3037 2419 3135 2473 καὶ
3164 2418 3265 2489 τὴν
3304 2417 3462 2470 πόλιν

1880 2514 2088 2585 ταύτην
2118 2516 2201 2577 είς
2231 2514 2422 2586 χεῖράς
2472 2531 2614 2585 μου;
2655 2533 2675 2567 ι
2721 2515 2885 2581 Λέγει
2916 2511 3124 2582 αὐτῷό
3163 2511 3416 2579 Νοταρᾶς
3441 2528 3456 2543 ο

1886 2622 1906 2658 ι
1954 2603 2015 2660 '0
2048 2606 2202 2668 Θεός.
2244 2621 2266 2658 ι
2314 2607 2373 2660 '0
2402 2606 2461 2661 δὲ
2498 2605 2750 2678 Ἀμηρᾶς
2776 2604 2932 2659 εἶπεν
2963 2604 3113 2673 αὐτῷ
3136 2618 3152 2634 ·
3189 2603 3397 2656 (Ἐπεὶ
3432 2603 3460 2652 6

1879 2697 2012 2759 Θεὸς
2057 2698 2233 2751 ταῦτᾶ
2284 2715 2376 2767 μοι
2422 2699 2719 2769 ἐχαρίσατο
2753 2700 2845 2751 καὶ
2879 2699 2939 2751 σε
2969 2698 3065 2752 καὶ
3104 2698 3316 2759 πάντας
3348 2694 3459 2748 ὑπὸ

1878 2789 1977 2845 τὰς
2010 2789 2201 2858 χεῖράς
2238 2808 2341 2859 μου
2372 2792 2594 2855 δούλους
2616 2792 2803 2855 ἐδωσε,
2829 2792 2882 2844 τί
2910 2791 2975 2844 σὺ
3005 2788 3454 2857 λέγεις,πονηρὲ,

1880 2883 1976 2935 καὶ
2001 2883 2298 2952 φλυαρεῖςς
2325 2884 2450 2947 Πῶς
2470 2885 2578 2952 ,οὐκ
2618 2884 2868 2947 ἐστειλάς
2901 2899 2992 2952 μοι
3024 2881 3165 2934 αὐτὰ
3194 2881 3325 2949 πρὶν
3359 2879 3459 2945 τὴν

1884 2973 2065 3044 μάχην
2086 2976 2297 3045 κινήσω
2322 2974 2447 3028 καθ’
2480 2975 2635 3044 ὑμῶν
2660 2975 2693 3044 ἢ
2721 2975 2853 3046 πρὶν
2887 2976 2987 3043 τὴν
3041 2973 3196 3025 πόλιν
3224 2970 3455 3037 νικήσω,

197 3061 455 3129 ἀοιδίμου
502 3065 561 3115 ἐν
606 3062 889 3133 βασιλεῦσι
915 3068 1010 3119 xui.
1044 3068 1413 3136 γαληνοτάτου
1445 3071 1536 3122 καὶ
1567 3068 1781 3139 μάρτυ-
1802 3078 1849 3142 C
1882 3065 1969 3119 ἵνα
1996 3066 2200 3134 ὀφείλω
2234 3084 2319 3121 σοι
2359 3067 2460 3139 τὴν
2487 3067 2650 3138 χάριν
2678 3069 2770 3120 καὶ
2799 3068 2898 3137 τὴν
2935 3064 3310 3133 ἀνταμοιόήν;
3342 3061 3457 3115 Νῦν

197 3186 340 3226 nere
401 3173 815 3243 redundabant;
865 3177 1047 3233 nullus
1079 3179 1416 3250 locusgerat,
1476 3195 1635 3250 quem
1672 3196 1779 3235 non

190 3269 590 3345 scrutarentur
618 3273 673 3319 et
699 3267 1028 3336 expilarent.
1060 3248 1277 3325 Christe
1334 3270 1473 3337 Rex,
1494 3248 1508 3250 ἡ
1537 3272 1606 3327 ab
1665 3271 1779 3338 illa,

200 3369 376 3420 quam
411 3362 522 3408 tum
562 3348 768 3426 experti
832 3375 1044 3428 sumus,
1102 3362 1322 3417 miseria
1359 3373 1414 3418 et
1469 3363 1784 3420 calamitate

199 3460 430 3498 oznuem
465 3447 655 3502 urbem
685 3456 740 3503 et
794 3459 1017 3515 terram,
1065 3467 1229 3521 quant
1276 3452 1577 3508 Christiani
1629 3455 1780 3509 habi-

202 3547 346 3594 tant.
388 3546 593 3594 tueare.
657 3539 847 3597 Nullos
894 3543 1097 3610 hortos,
1158 3546 1302 3599 nulla
1345 3546 1619 3600 domicilia
1675 3562 1781 3601 non

202 3630 603 3697 perquirebaut
635 3632 808 3701 impii,
843 3644 903 3688 ut
955 3637 1240 3702 pecuniam
1300 3634 1539 3691 abditam
1574 3639 1784 3706 reperi-

203 3729 380 3771 rent:
462 3735 527 3775 ac
589 3724 844 3780 maximis
873 3724 1147 3780 Iinvbntis
1202 3727 1497 3791 thesauris,
1555 3725 1784 3782 vetustis

199 3818 261 3862 et
334 3809 516 3877 novis,
587 3824 752 3882 atque
820 3814 945 3869 aliis
1022 3817 1185 3869 rebus
1244 3817 1500 3885 pretiosis
1574 3816 1782 3886 impleti

198 3910 362 3955 sunt.

277 3994 337 4047 9.
367 3995 536 4063 Capta
591 3999 755 4065 igitur
782 4000 937 4063 urbe,
992 4003 1245 4068 Ameras,
1290 4017 1409 4058 eam
1476 4005 1782 4073 ingressus,

190 4085 619 4141 studiosissime
654 4088 721 4143 de
772 4090 1102 4158 imperatore
1157 4096 1458 4162 quaerebat,
1492 4113 1594 4152 nec
1621 4099 1784 4166 quid-

184 4191 370 4242 quam
399 4178 676 4245 antiquius
698 4180 949 4247 habebat,
976 4198 1139 4250 quam
1167 4193 1225 4238 ut
1248 4197 1619 4254 cognosceret,
1639 4191 1785 4244 vive-

184 4276 362 4320 l‘clne
388 4281 455 4319 an
475 4267 771 4325 interiisset
789 4272 1103 4340 imperator.
1130 4275 1305 4344 Atque
1322 4293 1446 4331 eum
1467 4279 1555 4333 alii
1583 4280 1785 4350 fugisse

182 4357 590 4421 dicebant,alii
620 4360 671 4414 in
693 4361 823 4415 urbe
843 4364 1081 4428 latitare,
1107 4365 1197 4419 alii
1224 4368 1408 4435 praelia
1430 4371 1776 4426 occubuisse.
1815 4402 1858 4455 υ

183 4451 399 4518 Itaque
444 4460 503 4505 ut
540 4466 653 4506 rem
688 4464 839 4507 certo
874 4466 1249 4526 cognosceret,
1293 4459 1460 4523 misit,
1505 4463 1595 4516 ubi
1625 4463 1781 4517 Chri-

178 4544 512 4596 stianorum
567 4551 622 4598 et
669 4545 959 4614 impiorum
999 4550 1262 4603 cadavera
1302 4554 1595 4606 acervatim
1632 4552 1783 4622 jaco-

184 4640 363 4687 tmut.
399 4634 697 4688 Ablueruut
735 4637 1040 4693 occisorum
1072 4641 1244 4709 capita
1279 4640 1532 4709 plurima,
1567 4645 1611 4698 si
1642 4644 1782 4699 forte

183 4724 564 4789 imperatoris
621 4736 1003 4793 agnoscerent.
1072 4728 1187 4783 Non
1251 4742 1498 4799 poterant
1561 4743 1778 4798 autem,

174 4813 298 4870 sed
346 4815 630 4868 inventum
669 4817 1016 4884 imperatoris
1048 4820 1282 4874 cadaver
1317 4836 1381 4875 ex
1416 4823 1782 4892 imperatoriis

176 4906 392 4960 ocreis
427 4912 480 4957 et
510 4906 897 4961 calceamentis
926 4919 1282 4978 agnoverunt,
1305 4912 1356 4964 in
1387 4913 1583 4981 quibus
1608 4931 1785 4971 aurea:

184 4995 415 5064 aquila:
443 4995 671 5063 depicta:
702 5009 906 5063 essent,
943 4986 1013 5053 ut'
1030 5016 1148 5056 mos
1184 5014 1303 5056 erat
1340 5004 1779 5073 imperatoribus.

186 5088 392 5155 Ilujus
420 5087 495 5142 rei
525 5091 723 5144 certior
754 5092 929 5145 factus
960 5094 1205 5157 Ameras,
1242 5112 1585 5166 summopere
1630 5101 1781 5167 gavi-

175 5193 303 5232 sus
332 5183 390 5230 et
418 5176 750 5235 exhilaratus
806 5189 909 5244 est,
942 5193 995 5236 et
1052 5185 1143 5251 qui
1215 5184 1445 5240 aderant
1489 5186 1782 5242 Christiani

167 5270 361 5336 jussu
396 5267 516 5333 eius
538 5270 941 5336 imperatorium
961 5273 1191 5327 cadaver
1213 5274 1413 5329 honore
1443 5277 1782 5346 imperatori-

171 5361 312 5415 bus
343 5357 589 5425 legitimo
612 5361 998 5425 Sepeliverunt.
1040 5361 1128 5416 Vae
1165 5363 1295 5416 mihi
1324 5379 1559 5432 quoque,
1594 5362 1776 5433 ‘quem

166 5460 317 5514 quo
338 5454 584 5515 tempore
610 5450 847 5504 servavit
871 5452 1052 5504 divina
1100 5452 1437 5518 providentia
1466 5454 1478 5505 ι
1520 5451 1662 5507 Vixit
1694 5469 1784 5507 ve-

169 5537 488 5592 nerandus
544 5539 633 5593 hic
684 5549 736 5595 et
814 5541 1216 5611 placidissimus
1275 5544 1594 5613 imperator,
1650 5546 1778 5600 dum

165 5640 419 5697 martyr
443 5629 601 5694 obiit,
650 5645 823 5687 annos
858 5633 1225 5703 quadraginta
1293 5614 1508 5696 novem.
1568 5653 1780 5693 menses

166 5731 321 5775 trcs
352 5728 405 5772 et
429 5720 544 5776 dies
586 5720 800 5793 viginti.

1364 5778 1411 5803 "vi.

1958 3178 2180 3234 Ameras
2212 3194 2409 3251 magna
2440 3180 2666 3235 victoria
2704 3182 2883 3235 elatus
2933 3188 2988 3233 et
3022 3179 3169 3261 inani
3220 3176 3456 3253 tumefa-

1884 3278 2004 3324 ctus
2029 3270 2219 3341 gloria,
2278 3271 2555 3327 crudelem
2613 3286 2674 3326 se
2731 3280 2785 3325 et
2836 3271 3124 3324 immanem
3184 3268 3454 3340 praestitit.

1883 3362 2126 3417 Accessit
2152 3363 2217 3418 ad
2250 3378 2373 3417 eum
2406 3362 2583 3419 Lucas
2613 3362 2870 3429 Nataras,
2920 3377 3149 3432 magnus
3210 3364 3346 3427 dux,
3382 3371 3455 3418 et.

1878 3451 2196 3520 .adoratione
2225 3453 2388 3517 facta,
2418 3453 2694 3523 ingentem
2734 3455 3078 3517 thesaurum,
3138 3467 3298 3517 quem
3335 3452 3457 3507 abs—
3552 3452 3562 3459 “

1885 3544 2164 3597 conditum
2219 3545 2471 3611 habebat,
2527 3561 2769 3615 gemmas
2826 3559 2989 3614 porro
3038 3553 3086 3597 et
3137 3544 3459 3612 margaritas

1885 3635 2156 3703 aliamque
2195 3651 2380 3704 gazam
2426 3637 2646 3706 regibus
2702 3637 2919 3706 dignam
2977 3637 3026 3689 ri
3089 3635 3458 3697 monstravit;

1885 3741 2117 3794 quorum
2173 3736 2393 3795 aspectu
2434 3730 2662 3782 Ameras
2723 3745 2845 3783 cum
2885 3729 3138 3782 universo
3195 3727 3455 3783 comitatu

1885 3814 2189 3889 obstupuit.
2232 3814 2369 3868 Tum
2422 3815 2699 3873 Notaras:
2744 3837 2762 3867 ι
2823 3815 2945 3871 Ilaec
2994 3819 3199 3882 omnia,
3254 3818 3452 3885 inquit,

1887 3910 2101 3961 servavi
2140 3907 2406 3973 maiestati
2474 3917 2579 3961 tua:
2635 3917 2689 3963 et
2748 3923 2892 3960 nunc
2941 3904 3035 3960 tibi
3066 3922 3184 3974 'pro
3234 3922 3457 3960 munere

1885 3998 2062 4060 trado,
2095 4012 2159 4050 ac
2190 4013 2342 4066 rogo,
2376 4005 2433 4050 ut
2463 3998 2607 4052 servi
2641 3999 2715 4051 tui
2776 4013 2965 4067 preces
2997 4008 3050 4052 et
3098 4008 3221 4051 vota
3257 4013 3324 4051 ne
3368 4013 3457 4052 as-

1888 4101 2136 4154 pernere.
2190 4104 2208 4137 ι
2243 4086 2506 4154 Sperabat
2534 4098 2739 4151 autem,
2773 4086 2854 4141 sic
2903 4102 2961 4142 se
2999 4102 3124 4140 cum
3158 4085 3323 4139 domo
3353 4101 3449 4139 sua

1887 4179 2187 4233 libertatem
2219 4188 2641 4232 consecuturum
2675 4193 2819 4232 esse.
2873 4179 2939 4231 At
2969 4175 3245 4247 respondit
3292 4178 3456 4231 Ame-

1886 4284 2015 4324 ras:
2064 4288 2081 4320 ‹
2123 4268 2231 4323 lleu
2289 4279 2339 4323 te
2391 4269 2749 4331 semicanem,
2808 4271 3078 4324 hominem
3138 4269 3452 4332 immanem,

1886 4370 2242 4415 veteratorem
2278 4371 2329 4415 et
2367 4356 2792 4421 fraudulentu’m,
2819 4362 2911 4429 qui
2960 4372 3137 4415 tantas
3159 4376 3288 4428 Opes
3332 4377 3456 4431 psse

1888 4455 2113 4516 sederis,
2148 4470 2246 4507 nec
2299 4454 2640 4508 succurreris
2697 4455 2920 4507 doruino
2956 4464 3073 4518 tuo,
3112 4454 3453 4523 imperatori,

1886 4559 1986 4597 nec
2015 4545 2140 4598 huic
2168 4544 2310 4606 urbi,
2346 4547 2534 4613 patria;
2585 4546 2720 4598 true!
2780 4560 2923 4598 nunc
2987 4559 3118 4599 vero
3151 4560 3273 4598 cum
3336 4544 3456 4597 istis

1887 4636 2145 4703 nequitiis
2172 4645 2225 4689 et
2255 4636 2559 4700 fraudibus,
2594 4638 2800 4706 quibus
2837 4636 3052 4691 deditus
3082 4626 3233 4689 fuisti
3263 4651 3291 4687 a
3327 4650 3458 4703 pue-

1887 4717 2031 4785 ritia,
2064 4741 2145 4777 tuo
2197 4740 2412 4802 quoque
2437 4724 2785 4792 supplantare
2833 4733 2887 4779 et
2940 4739 3152 4791 poenam
3219 4722 3456 4791 effugere

1836 4824 1845 4829 ’
1885 4815 2110 4870 studes?
2136 4814 2228 4869 Dic
2260 4815 2413 4877 mihi,
2442 4818 2689 4879 sceleste,
2716 4818 2838 4885 quis
2883 4828 2988 4881 est,
3019 4818 3110 4887 qui
3170 4818 3221 4869 in
3259 4831 3455 4868 manus

1886 4924 2036 4963 meas
2073 4908 2544 4964 tradiditdivitias
2579 4919 2697 4963 tuas
2726 4919 2779 4963 et
2814 4909 2956 4962 hanc
2983 4908 3216 4961 urbem?
3254 4926 3270 4956 ι
3315 4904 3455 4959 Res-

1874 5001 2075 5068 .pondit
2108 4999 2378 5057 Notaras:
2421 5020 2438 5052 ι
2469 5001 2664 5057 Deus.»
2700 4999 2837 5054 Tmn
2868 5001 3096 5053 Arneras
3131 5016 3145 5050 :
3190 5018 3207 5047 ‹
3243 4998 3448 5061 Quodsi

1887 5092 2024 5145 Deus
2054 5096 2166 5147 haec
2189 5092 2319 5146 mihi
2347 5093 2586 5157 donavit,
2616 5101 2777 5161 atque
2803 5100 2853 5145 te
2906 5103 2958 5145 et
2992 5090 3228 5157 reliquos
3256 5089 3307 5140 in
3340 5105 3454 5138 ma-

1886 5199 1988 5238 nus
2022 5200 2170 5238 meas
2193 5185 2419 5248 dedidit,
2453 5186 2583 5255 quid
2615 5192 2691 5247 tu,
2719 5197 2973 5251 nequam,
3005 5182 3086 5236 ais
3107 5191 3159 5234 et
3189 5178 3455 5248 nugaris?

1886 5289 1985 5327 cur
2018 5275 2147 5327 tuihi
2173 5276 2285 5329 haec
2316 5291 2422 5329 non
2458 5287 2585 5330 ante
2608 5274 2828 5337 misisti,
2853 5288 3015 5342 quam
3042 5271 3238 5327 bellum
3260 5281 3449 5325 contra

1885 5381 1980 5420 vos
2003 5381 2398 5421 commove-rem
2426 5356 2519 5422 aut
2541 5369 2726 5421 urbem
2751 5381 3024 5433 caperem,
3048 5373 3105 5418 ut
3126 5364 3219 5418 tibi
3244 5364 3451 5431 gratias

1885 5467 1939 5510 et
1972 5458 2462 5512 remunerationem
2502 5458 2800 5513 deberem?
2832 5456 2986 5510 Nunc
3038 5458 3182 5510 enim
3247 5471 3356 5509 nou
3393 5466 3448 5508 tu

1887 5551 1999 5603 iure
2025 5550 2152 5602 mihi
2189 5551 2422 5621 largiris,
2448 5552 2539 5606 sed
2572 5549 2739 5604 Deus.
2785 5570 2802 5601 ι
2845 5552 2920 5604 Ita
2949 5551 3133 5603 statim
3173 5548 3452 5615 mandavit

1887 5639 2186 5704 lictoribus,
2220 5650 2277 5693 ιιι
2303 5655 2425 5694 eum
2462 5640 2514 5694 in
2542 5655 2811 5694 carcerem
2860 5640 3199 5710 conjicerent
3230 5646 3284 5693 et
3330 5636 3454 5690 dili-

1885 5744 2071 5801 genter
2095 5733 2448 5789 custodireut.
2479 5733 2741 5789 Postridie
2771 5750 2895 5789 eum
2930 5747 3128 5788 rursus
3172 5745 3358 5787 coram
3391 5743 3455 5783 se
