3916 6196
244 253 352 319 893
1230 252 1680 316 CHRONICON
1726 252 1999 316 MAJUS.
2028 281 2089 290 -
2134 256 2285 317 LIB.
2318 256 2439 317 ΙΙΙ.
3390 250 3498 313 89$

244 369 460 421 πόλεων
510 365 605 435 ἐτη
665 366 790 435 ρςδ¹
818 367 918 421 καὶ
960 367 1135 435 μῆνας
1168 365 1197 419 ι’
1229 371 1323 421 καὶ
1368 370 1584 439 ἡμέρας
1615 369 1680 421 δ’.
1718 367 1821 421 Καὶ
1854 376 1898 432 Α
1928 372 2084 427 λικοῦ
2138 374 2276 443 μετὰ
2335 374 2518 438 πάσης
2571 372 2669 441 τῆς
2713 369 3021 439 συγκλήτου
3078 365 3435 436 ἐξερχόμενος
3469 366 3498 416 6

246 466 355 520 ὑπὸ
404 465 822 527 Κωνσταντίνου
885 464 1119 516 Φλαϐίου
1155 464 1443 535 ἣρξατοή
1489 465 1736 535 βασιλεία
1767 467 1824 517 ἐν
1929 468 2276 535 πατριάρχης
2327 468 2424 519 καὶ
2469 463 2894 534 εὐφημούμενος
2917 462 2974 512 ἐν
3002 459 3079 530 τῷ
3112 457 3499 528 πατριαρχείῳ

245 556 832 611 Κωνσταντινουπόλει
870 556 966 609 καὶ
1006 557 1101 609 ἐπὶ
1131 557 1549 610 Κωνσταντίνου
1580 557 1676 610 τοῦ
1712 558 1825 610 Πα-
1929 558 2361 627 ἐπανέστρεφινι
2390 557 2487 610 καὶ
2535 558 2568 624 ἡ
2623 552 2930 625 χειροτονία
2972 552 3181 619 ἐγίνετο
3211 549 3359 617 παρᾶ
3391 546 3499 598 τῶν

248 648 539 715 λαιολόγου
572 649 749 718 πέρας
795 648 1008 702 ἔλαϐεν.
1074 650 1163 701 Ἐν
1214 649 1340 719 τῇδε
1386 652 1451 718 τῇ
1501 648 1824 719 τριταλαίνῃ
1929 649 2263 718 ἀρχιερέων,
2310 649 2385 711 ὡς
2444 647 2598 711 τάξις
2629 647 2724 698 καὶ
2769 646 2937 715 νόμος
2971 639 3059 713 ἦν.
3092 638 3400 702 Ἐλάμϐανε
3441 636 3499 689 δὲ

248 741 409 793 πόλει
457 741 842 810 ἐπεκράτησεν
894 743 928 809 ἡ
979 740 1091 793 τῶν
1131 740 1417 811 Ῥωμαίων
1452 740 1699 810 βασιλεία
1729 740 1824 808 ἐτη
1926 740 1957 792 6
1990 740 2205 810 μέλλων
2231 740 2489 808 γενέσθαι
2522 739 2865 807 πατριάρχης
2891 738 2956 789 ἐκ
2985 732 3204 786 τῶντοῦ
3236 728 3502 799 βασιλέως
3598 755 3608 797 ξ

248 834 438 905 ,αρμγ’
469 834 644 904 μῆνας
677 840 709 886 ι’
743 835 841 887 καὶ
886 834 1104 904 ἡμέρας
1134 834 1198 886 δ’.
1931 832 2134 902 χειρῶν
2185 833 2247 884 τὸ
2287 832 2595 885 δεκανίκιον
2618 830 3077 897 τοιουτοτρόπως.
3124 821 3501 890 Καθξζομένου

321 929 564 996 Ποιήσας
609 926 705 980 θῦν
751 928 819 997 τῇ
887 928 1051 998 τρίτῃ
1113 927 1297 999 ἡμέρᾳ
1334 928 1444 997 τῆς
1470 926 1747 989 ’ἁλώσεως
1799 926 1828 977 6
1930 925 2028 977 τοῦ
2068 925 2339 993 βασιλέως
2376 924 2471 977 ἐπὶ
2515 923 2608 976 τοῦ
2651 921 2935 992 βασιλικοῦ
2969 920 3188 987 δίφρου,
3230 916 3327 967 καὶ
3350 914 3502 965 πᾶσα

248 1018 476 1088 ἀμηρᾶς
516 1017 785 1086 Θρίαμϐον
822 1019 918 1071 καὶ
967 1019 1143 1088 χαρὰν
1196 1018 1441 1088 μεγάλην
1474 1019 1562 1072 διὰ
1621 1018 1722 1087 τὴν
1752 1017 1832 1070 νί-
1929 1020 1962 1087 ἡ
1998 1018 2305 1085 σύγκλητος
2343 1018 2624 1078 ἱστάμενοι
2679 1016 2941 1075 ἀσκεπεῖς
2996 1011 3090 1065 καὶ
3139 1009 3314 1076 ὀρθοὶ,
3348 1006 3445 1058 καὶ
3471 1004 3501 1055 6

230 1106 358 1178 κην
394 1109 496 1179 τὴν
539 1112 684 1163 κατὰ
718 1111 820 1177 τῆς
853 1110 1086 1176 πόλεως,
1116 1110 1210 1164 καὶ
1250 1110 1520 1181 κελεύσας
1561 1111 1647 1163 ἵνα
1683 1109 1832 1174 ὲξέλ-
1936 1108 2110 1179 μέγας
2152 1110 2536 1177 πρωτοπαπᾶς
2571 1106 2665 1160 τοῦ
2692 1105 2958 1158 παλατίου
2991 1101 3163 1154 ἐποίει
3190 1095 3503 1164 εὖλογητδν,
3573 1134 3589 1149 .

252 1203 394 1256 θωσι
443 1204 647 1264 πάντες
686 1203 737 1255 oi
786 1201 1304 1272 ἄνθρωποιμικροί
1355 1218 1415 1254 τε
1461 1202 1553 1254 καὶ
1605 1202 1831 1271 μεγάλοι

250 1294 302 1346 ot
332 1294 487 1354 ὄντες
529 1293 903 1362 κεκρυμμένοι
950 1294 1008 1346 ἐν
1062 1311 1171 1346 τισι
1202 1295 1388 1356 τόποις
1423 1295 1651 1361 κρυφοῖς
1705 1295 1805 1363 τῆς

254 1385 472 1446 πόλεως
501 1386 595 1436 καὶ
633 1385 912 1450 ἐλεύθεροι
942 1385 1037 1437 καὶ
1069 1386 1419 1455 ἀνενόχλητοι
1448 1377 1602 1437 ὦσιν
1633 1384 1839 1454 ὁμοίως

228 1450 353 1541 Ῐκ⁶αλ
385 1477 589 1539 πάντες
616 1476 734 1529 ὅσοι
778 1476 840 1529 ἐκ
879 1477 982 1545 τῆς
1014 1450 1487 1546 adlatae-eteorum
1536 1477 1612 1539 ὡς
1648 1450 1837 1547 προεί-

255 1585 466 1636 παμεν,
501 1568 591 1621 διὰ
612 1569 719 1620 κτὸν
760 1568 924 1636 φόϐον
958 1567 1053 1621 τοῦ
1089 1570 1355 1635 πολέμου,
1399 1569 1628 1633 ἕκαστος
1654 1570 1835 1621 αὐτῶν

256 1657 566 1729 ἐπιστρέψῃ
594 1660 675 1720 είς
710 1659 799 1710 τὸν
836 1654 989 1710 οἷκον
1020 1659 1213 1723 αὑτοῦ,
1245 1661 1340 1712 καὶ
1372 1660 1564 1728 βιῶναι
1605 1662 1836 1714 ἕκαστον

260 1751 410 1801 κατά
449 1750 550 1818 τὴν
579 1749 731 1812 τάξιν
775 1750 868 1802 καὶ⁵
900 1750 1200 1819 θρησκείαν
1247 1751 1432 1813 αὐτοῦ,
1467 1752 1542 1814 ὡς
1574 1753 1666 1806 καὶ
1694 1756 1830 1821 πρό·
1862 1759 1908 1818 Β
1939 1768 2077 1815 κιον,
2110 1752 2139 1802 6
2167 1751 2225 1803 δὲ
2257 1747 2570 1816 ὑποψὴφιος
2631 1745 2930 1815 ἐρχόμενος
2952 1785 2968 1808 ν

257 1856 421 1909 τερον
455 1836 542 1908 ἦν.
588 1840 829 1909 Ὀμοίως
875 1841 1212 1910 προσέταξεν
1269 1842 1357 1896 ἵνα
1420 1844 1690 1912 ποιήσωσι
1737 1845 1834 1897 καὶ

258 1933 613 2002 ⁸ιιατριάρχην
648 1933 724 1995 ὡς
756 1933 989 2002 σύνηθες
1019 1929 1087 2004 ἦν
1116 1936 1254 1987 κατὰ
1300 1934 1399 2002 τὴν
1426 1935 1581 1999 τάξιν
1627 1937 1829 1989 αὐτῶν·

258 2018 331 2093 ἦν
378 2025 925 2103 γὸρῖπροαπροανὼν
979 2028 1008 2079 6
1074 2028 1445 2098 πατριάρχης.
1505 2030 1614 2081 Καὶ
1678 2028 1830 2081 ἐκλέ-

261 2116 454 2180 ξαντες
485 2119 535 2170 οί
584 2118 894 2187 ἐντυχόντες
934 2120 1216 2189 ἀρχιερεῖς
1261 2123 1356 2172 καὶ
1390 2120 1647 2187 οίιόλίγοι
1688 2122 1830 2173 πάνυ

256 2209 438 2279 ἕτεροι
492 2210 780 2279 ίερωμένοι
842 2212 937 2262 καὶ
993 2211 1176 2264 λαῖκοὶ
1224 2212 1317 2273 τὸν
1368 2210 1527 2281 305
1586 2212 1833 2280 σοφώτα-

257 2317 351 2352 τον
400 2301 505 2369 κῖιρ
536 2301 809 2371 Γεῶργιον
867 2302 958 2353 τὸν
1014 2302 1308 2372 Σχολάριον
1342 2303 1532 2357 λαῖκὸν
1588 2304 1668 2357 ἔτι
1704 2305 1833 2357 ὄντα

257 2393 341 2453 είς
389 2393 736 2463 πατριάρχην
792 2394 1253 2469 ἐχειροτόνησαν,
1306 2395 1366 2447 ὃν
1407 2396 1504 2450 καὶ
1546 2397 1841 2452 Γεννάδιον-

256 2483 647 2550 ἐπωνόμασαν.

334 2574 670 2645 Προῦπῆρχε
698 2574 755 2628 δὲ
784 2575 878 2627 καὶ
906 2575 1062 2642 τάξις
1093 2578 1187 2630 καὶ
1229 2578 1497 2648 συνήθεια
1527 2581 1644 2641 τοῖς
1678 2577 1830 2648 βασι-

255 2662 414 2715 λεῦσι
475 2665 827 2733 Χριστιανοῖς
865 2666 953 2719 ἵνα
976 2668 1320 2736 δωροποιῶσι
1377 2668 1454 2737 τῷ
1514 2687 1831 2739 χειροτονη-

255 2752 410 2806 θέντι
443 2754 755 2825 πατριάρχῃ
811 2755 1014 2809 νεωστὶ
1067 2757 1376 2810 δεκανίκιον
1427 2758 1664 2827 χρυσοῦν
1695 2757 1834 2825 μετὰ

257 2843 425 2896 λίθων
461 2846 773 2913 πολυτίμων
830 2847 926 2898 καὶ
969 2848 1262 2916 μαργάρων
1320 2848 1829 2918 ἐγκεκοσμημένον,

255 2935 351 2987 καὶ
387 2936 557 2988 ἵππον
587 2937 838 2990 ἐκλεκτὸν
888 2939 951 2990 ἐκ
990 2938 1100 2991 τῶν
1148 2938 1448 3008 βασιλικῶν
1486 2940 1625 3009 μετὰ
1670 2940 1833 3009 ἐφιπ-

254 3028 390 3103 πίου
420 3030 514 3081 καὶ
544 3030 856 3098 ὲφεστρίδος
893 3029 1178 3102 βασιλικῆς
1206 3032 1689 3102 ἐγκεκοσμημένον
1733 3048 1832 3084 πο·

252 3122 517 3184 λυτελῶς’
558 3123 654 3175 καὶ
702 3122 839 3191 μετὰ
870 3123 1092 3192 χασδίου
1120 3125 1318 3178 λευκοῦ
1344 3126 1439 3177 καὶ
1465 3126 1671 3196 χρυσοῦ
1711 3141 1834 3178 σκε-

253 3212 496 3282 πόμενος
523 3209 590 3284 ἦν
618 3214 645 3264 6
673 3213 858 3286 ⁸ίππος.
893 3215 1002 3268 Καὶ
1032 3217 1096 3269 ἐκ
1126 3215 1219 3268 τοῦ
1248 3216 1512 3270 παλατίου
1539 3218 1633 3270 τοῦ
1667 3217 1827 3288 βασι-

254 3404 390 3449 runt
422 3404 600 3449 autem
631 3396 923 3466 Palaeologi
954 3396 1008 3448 in
1041 3395 1143 3449 hac
1172 3397 1358 3464 regina
1396 3399 1616 3452 urbium
1660 3414 1833 3457 annos

257 3487 385 3552 194,
413 3503 628 3541 menses
670 3486 734 3542 10
756 3497 808 3542 et
840 3488 956 3542 dies
1001 3488 1058 3549 4,
1094 3487 1249 3557 Cpoli
1272 3491 1560 3559 imperium
1592 3508 1830 3560 coeptum

258 3584 349 3635 est
372 3581 475 3635 sub
532 3578 720 3635 Flavio
746 3581 1135 3647 Constantino,
1188 3584 1402 3637 [initum
1426 3586 1529 3638 sub
1561 3585 1834 3640 Constan-

255 3673 376 3725 tino
401 3671 725 3741 Palaeologo.
746 3671 932 3742 Viguit
963 3660 1129 3743 igitur
1157 3675 1209 3728 in
1237 3677 1550 3731 miserrima
1577 3678 1679 3731 hac
1700 3672 1833 3732 urbe

257 3780 435 3819 annos
464 3764 603 3819 1H3
624 3805 639 3828 ,
671 3780 887 3820 menses
922 3767 1009 3827 10,
1037 3766 1151 3820 dies
1182 3767 1234 3821 4.

331 3858 559 3911 Ameras
581 3857 667 3910 die
685 3856 845 3910 tertio
869 3865 989 3926 post
1010 3865 1226 3924 captam
1254 3859 1446 3913 urbem
1490 3859 1829 3929 triumphum

255 3958 310 4001 et
343 3948 602 4012 gaudium
640 3944 847 4016 ingens
905 3959 1129 4017 propter
1177 3959 1508 4019 reportatam
1542 3952 1829 4006 victoriam

257 4038 509 4107 agitavit,
537 4039 779 4102 ediceus,
813 4048 871 4093 ut
893 4054 1104 4103 onlnes,
1135 4040 1312 4105 magni
1345 4052 1401 4093 et
1435 4043 1608 4107 parvi,
1632 4043 1724 4110 qui
1752 4042 1830 4096 lao

262 4131 453 4183 tebant
491 4130 542 4182 in
579 4130 710 4183 lucis
761 4130 911 4183 urbis
941 4128 1307 4191 absconditis.
1372 4132 1659 4198 prodirent
1695 4148 1831 4187 neve

258 4235 595 4287 aquoquam
647 4229 1023 4284 vexarentur;
1091 4222 1218 4273 item
1265 4221 1301 4274 ii
1337 4223 1430 4291 qui
1478 4222 1677 4277 timore
1705 4223 1829 4277 belli

259 4313 504 4380 impulsi,
556 4320 615 4366 ut
642 4321 767 4367 ante
808 4313 1382 4374 commemoravimus.
1446 4329 1514 4367 ex
1550 4318 1684 4368 urbe
1711 4331 1833 4383 pro-

1932 1195 2053 1253 εἷτα
2085 1202 2183 1253 καὶ
2233 1199 2441 1270 μικρὰν
2494 1197 2719 1267 ἐκτενὴν
2741 1235 2756 1257 .
2789 1196 2885 1248 καλ⁸
2913 1196 2941 1248 6
2980 1194 3156 1263 μέγας
3184 1190 3507 1259 δομέστικος

1935 1292 2130 1360 ἔψαλλε
2150 1292 2211 1345 τὸ
2248 1312 2266 1344 ι
2301 1292 2480 1346 Ὀπου
2507 1292 2616 1359 γὰρ
2641 1290 2903 1362 βασιλέως
2938 1284 3235 1357 παρουσία,
3271 1302 3290 1334 ι
3316 1281 3411 1335 καὶ
3440 1282 3508 1332 τά
3560 1320 3565 1323 .

1935 1388 2086 1455 ἑξῆς.
2106 1382 2241 1439 Εἶτα
2271 1388 2331 1438 tl)
2362 1403 2381 1435 ι
2409 1385 2569 1446 Δόξα,
2589 1402 2607 1434 ι
2638 1385 2666 1441 6
2690 1380 3072 1449 λαμπαὸάριος
3095 1378 3157 1430 ἐκ
3185 1374 3280 1428 τοῦ
3316 1373 3511 1441 ἐτέρου

1934 1475 2119 1546 χοροῦ,
2167 1477 2264 1528 καὶ
2298 1474 2395 1528 νῦν
2428 1475 2508 1526 τό·
2543 1491 2563 1524 ι
2611 1472 2671 1524 Ὀ
2712 1469 2967 1539 βασιλεὺς
3016 1466 3129 1520 τῶν
3172 1463 3443 1533 οὐρανῶν,
3482 1479 3502 1512 ι

1937 1570 2030 1622 καὶ
2089 1556 2160 1621 τά
2194 1568 2341 1640 ἑξῆς.
2384 1565 2539 1619 Μετὰ
2586 1563 2644 1616 δὲ
2702 1564 2763 1615 τὸ
2804 1560 2959 1622 τέλος
3005 1556 3100 1610 τοῦ
3145 1554 3445 1625 τροπαρίου
3480 1553 3509 1603 6

1940 1662 2197 1732 βασιλεὺς
2236 1660 2520 1720 ἀνίστατο,
2553 1656 2694 1727 ἔχων
2720 1655 2813 1706 ἐπὶ
2842 1654 2942 1721 τὴν
2988 1649 3172 1716 δεξιὰν
3200 1649 3260 1700 τὸ
3290 1643 3504 1698 δεκανί-

3019 1741 3115 1793 καὶ
3165 1741 3227 1791 ἐκ
3253 1739 3348 1790 τοῦ
3388 1736 3507 1796 ἐνὸς

1940 1844 2140 1911 μέρους
2196 1840 2361 1894 αὑτοῦ
2414 1841 2443 1892 6
2483 1837 2846 1908 Καισαρείας,
2878 1837 2946 1887 ἐκ
2979 1834 3037 1886 δὲ
3063 1832 3157 1885 τοῦ
3187 1830 3445 1899 δευτέρου
3478 1829 3509 1881 6

1945 1935 2279 2005 Ἡρακλείας
2332 1930 2739 2001 μητροπολίτης
2768 1967 2783 1990 ,
2821 1926 2985 1996 306
3028 1924 3125 1976 καὶ
3167 1923 3313 1974 ποιεῖ
3369 1920 3508 1989 πρὸς

1937 2032 2147 2089 πάντας
2182 2023 2474 2093 μετανοίας
2523 2024 2696 2091 τρεῖς,
2746 2017 2866 2072 εἶτα
2911 2016 3276 2087 προσέρχεται
3316 2013 3394 2081 τῷ
3416 2012 3513 2080 βα-

1938 2117 2080 2169 σιλεῖ
2110 2119 2202 2169 καὶ
2260 2116 2493 2169 ἐνώπιον
2530 2114 2723 2167 τούτου
2779 2114 2926 2165 ποιεῖ
2973 2110 3076 2179 τὴν
3121 2109 3511 2177 προσήκουσιν

1936 2209 2089 2277 αὑτῷ
2139 2208 2532 2277 προσκύνησιν.
2593 2209 2703 2261 Καὶ
2749 2208 2774 2258 6
2827 2203 3079 2274 βασιλεὺς
3123 2201 3184 2253 τὸ
3206 2199 3512 2252 δεκανίκιον

1935 2302 2115 2369 ὀλίγον
2155 2300 2305 2370 ὑψῶν
2338 2300 2543 2368 ἔλεγεν·
2582 2317 2601 2349 ι
2643 2298 2709 2351 Ἦ
2758 2280 2889 2362 άγία
2941 2294 3117 2363 Τριὰς
3168 2295 3201 2363 ἡ
3253 2292 3355 2361 τὴν
3386 2290 3511 2359 ἐμοὶ

1940 2392 2220 2462 βασιλείαν
2275 2390 2645 2464 δωρησαμένη
2707 2385 3116 2458 προχειρίζεταί
3171 2402 3229 2437 σε
3278 2384 3358 2445 εἶς
3409 2399 3514 2453 7t?"-

1938 2485 2216 2555 τριάρχην
2260 2485 2387 2545 νέας
2429 2482 2672 2551 Ῥώμης.
2714 2499 2731 2531 ι
2771 2480 2877 2532 Καὶ
2910 2478 3084 2538 οὕτως
3115 2478 3177 2528 ἐκ
3208 2474 3319 2526 τῶν
3357 2475 3512 2538 βασι-

1936 2576 2110 2630 λικῶν
2158 2577 2360 2646 χειρῶν
2419 2579 2448 2629 6
2498 2555 2867 2644 πατριάρχης.
2898 2571 3171 2639 ἐλάμϐανε
3212 2569 3329 2638 τὴν
3358 2564 3510 2628 ἐξου-

1938 2669 2082 2734 σίαν,
2114 2671 2210 2721 καὶ
2237 2671 2338 2735 τὴν
2367 2668 2717 2738 εὐχαριστίαν
2772 2665 2851 2732 τῷ
2898 2664 3109 2735 βασιλεῖ
3144 2661 3337 2713 ἐδίδου.
3376 2656 3511 2711 Εἶτα

1934 2761 1983 2812 οἱ
2009 2760 2160 2828 χοροὶ
2181 2758 2409 2827 ἔψαλλον
2437 2759 2497 2810 τό
2523 2775 2535 2789 ⁸
2573 2777 2590 2807 ι
2618 2758 2709 2817 Et;
2747 2754 2916 2808 πολλὰ
2946 2754 3067 2822 ἔτη,
3094 2751 3350 2809 δέσποτα,
3394 2767 3413 2799 ι
3446 2749 3508 2800 ἐκ

1936 2848 2145 2918 τρίτου,
2175 2850 2269 2900 καὶ
2297 2847 2583 2909 ἀπόλυσις.
2621 2846 2681 2899 '0
2719 2844 3071 2914 πατριάρχης
3100 2838 3507 2909 κατερχόμενος

1942 2943 2080 3010 μετὰ
2108 2940 2409 3009 λαμπάδων
2442 2940 2534 2991 ἐπὶ
2559 2939 2628 2991 τὰ
2656 2936 2951 2990 διϐάϐουλα
2992 2936 3088 2988 καὶ
3117 2933 3389 2997 εὑρίσκων
3418 2930 3510 2982 τὸν

1938 3032 2111 3086 ἵππον
2160 3032 2562 3103 ἡτοιμασμένον
2606 3013 2892 3082 ἀνέϐαινεν
2943 3029 3028 3079 ἐπ’
3062 3027 3249 3079 αὐτόν.

2008 3123 2194 3186 Οὕτως
2216 3124 2273 3177 δέ
2299 3125 2392 3177 καὶ
2421 3122 2577 3184 αὐτὸς
2606 3122 2635 3172 6
2661 3121 2937 3190 ἀλιτήριος
2968 3118 3138 3172 θέλων
3170 3119 3397 3189 ποιῆσαι
3430 3118 3511 3181 ὡς

1937 3216 2195 3287 βασιλεὺς
2240 3218 2339 3285 τῆς
2380 3214 2608 3278 πόλεως,
2661 3212 2843 3275 καθὼς
2892 3211 3115 3265 ἐποίουν
3144 3211 3237 3263 καὶ
3276 3213 3323 3264 οἱ
3368 3211 3508 3281 Χρι-

1935 3391 2429 3453 acclamationibus
2459 3409 2493 3449 e
2522 3393 2728 3463 palatio
2767 3391 3123 3461 imperatorio
3180 3393 3231 3444 in
3275 3393 3510 3462 patriar—
3615 3452 3618 3455 η

1936 3489 2093 3544 chale
2144 3489 2377 3551 redibat,
2427 3495 2590 3554 atque
2632 3485 2846 3537 creatio
2875 3499 2968 3551 per
3000 3483 3287 3553 episcopos
3325 3483 3504 3545 (lebat,

1937 3590 1997 3634 ut
2026 3582 2143 3650 lege
2171 3588 2225 3632 et
2254 3591 2405 3631 more
2449 3576 2724 3630 sancitum
2772 3586 2910 3630 erat.
2957 3575 3272 3643 Accipiebat
3322 3582 3506 3628 autem

1938 3674 2150 3725 futurus
2182 3668 2493 3736 patriarcha
2537 3682 2568 3721 e
2609 3659 2863 3719 manibus
2911 3665 3259 3733 imperatoris
3309 3666 3503 3734 pedum

1936 3764 2028 3815 tali
2045 3762 2227 3814 modo.
2258 3760 2489 3813 Sedente
2507 3759 2839 3825 imperatore
2863 3757 2914 3808 in
2934 3757 3064 3810 sella
3085 3756 3430 3825 imperatoria
3452 3765 3508 3810 et

1933 3855 2075 3908 omni
2099 3867 2384 3921 procerum
2410 3850 2604 3905 ordine
2625 3850 3014 3905 circumstante
3034 3851 3193 3903 nudis
3211 3849 3504 3917 capitibus,

1935 3953 2510 4013 magnusprotopapas
2560 3943 2744 4011 palatii
2798 3940 3268 4005 benedictionem,
3309 3940 3507 3993 deinde

1935 4053 2155 4107 parvam
2178 4050 2398 4105 precum
2423 4034 2617 4089 seriem
2648 4033 3057 4104 pronuntiabat,
3085 4041 3249 4100 atque
3273 4048 3504 4098 magnus

1934 4129 2264 4184 domesticus
2298 4126 2566 4180 canebat:
2605 4145 2624 4177 ι
2660 4126 2760 4181 Ubi
2783 4126 2927 4177 enim
2954 4125 3095 4190 regis
3135 4124 3498 4193 prmsentia,\

1935 4229 1988 4273 et
2019 4236 2141 4288 quae
2172 4229 2511 4288 sequuntur;
2540 4228 2650 4271 tum
2677 4235 2691 4271 :
2735 4235 2753 4267 ι
2783 4216 2969 4270 Gloria
3001 4234 3019 4266 ι
3050 4213 3413 4282 lampadarius
3439 4230 3502 4266 ex

1936 4311 2106 4363 altero
2135 4312 2324 4374 choro,
2349 4322 2402 4364 et
2439 4330 2457 4361 ι
2498 4326 2590 4363 rex
2616 4309 2901 4366 ctelorum.
2937 4325 2955 4358 ι
2993 4317 3096 4360 etc.
3126 4304 3308 4358 Finito
3340 4313 3502 4358 cantu

261 4406 540 4473 fugerant,
560 4420 711 4459 suam
736 4405 967 4473 quisque
986 4404 1205 4457 domum
1237 4404 1480 4458 redirent
1505 4414 1558 4459 et
1590 4408 1831 4462 viverent

1940 4399 2168 4463 alterno,
2205 4400 2501 4469 imperator
2530 4401 2800 4467 surgebat.
2863 4398 3055 4451 dextra
3104 4411 3267 4449 manu
3308 4396 3502 4465 pedum

261 4498 563 4551 secundum
598 4511 805 4550 morem
836 4507 888 4550 et
919 4497 1240 4565 religionem
1267 4512 1442 4561 suam,
1481 4497 1625 4552 sicut
1647 4509 1828 4554 antea.

261 4589 411 4641 Idem
473 4589 779 4656 imperavit,
837 4598 893 4640 ut
951 4590 1319 4655 patriareham
1380 4604 1481 4658 pro
1548 4606 1700 4645 more
1730 4606 1832 4645 suo

261 4688 546 4742 crearent;
606 4686 758 4732 vetns
817 4679 964 4731 enim
1008 4689 1262 4732 mortuus
1312 4690 1432 4732 erat
1510 4680 1698 4750 Itaque
1740 4682 1834 4750 qui

260 4770 408 4822 forte
457 4771 682 4822 aderant
731 4770 968 4837 episcopi
1025 4781 1081 4824 et
1136 4773 1391 4839 perpauci
1438 4773 1529 4827 alii
1557 4773 1750 4827 clerici
1781 4785 1837 4830 et

258 4860 386 4914 laici
441 4861 904 4928 sapientissimum
956 4862 1237 4916 dominum
1278 4861 1571 4930 Georgium
1606 4862 1837 4918 Schola-

259 4953 432 5015 rium,
461 4953 742 5007 etiamtum
796 4952 1017 5015 laicum,
1050 4953 1331 5020 elegerunt
1368 4962 1424 5006 et
1466 4955 1833 5023 patriarcham

260 5054 543 5108 crearunt,
578 5054 789 5100 mutato
817 5046 1039 5101 nomine
1077 5044 1415 5117 Geunadium
1474 5048 1831 5117 appellatum.

334 5136 468 5190 Erat
496 5147 678 5191 autem
708 5152 909 5192 munus
931 5148 999 5217 ’et
1041 5152 1160 5191 mos
1195 5138 1634 5192 Christianorum
1661 5141 1834 5208 impe—

166 5240 173 5243 '
260 5236 534 5292 ratorum,
566 5237 627 5280 ut
673 5243 860 5283 recens
890 5236 1074 5282 creato
1126 5230 1450 5297 patriarchm
1487 5231 1682 5299 pedum
1741 5248 1836 5282 an-

262 5334 440 5384 teum,
475 5319 704 5389 gemmis
726 5328 782 5373 et
822 5318 1128 5388 margaritis
1161 5318 1504 5381 decoratum,
1537 5332 1700 5386 atque
1725 5321 1834 5373 ele-

262 5418 411 5464 ctum
485 5412 551 5464 de
613 5410 759 5478 regio
817 5409 1027 5463 stabulo
1091 5424 1317 5477 equum,
1372 5410 1524 5463 stella
1565 5418 1618 5463 et
1664 5420 1834 5463 strato

264 5511 581 5570 sumptuose
609 5510 885 5565 ornatum,
906 5496 960 5555 et
992 5501 1169 5556 serico
1204 5501 1394 5555 villoso
1427 5501 1535 5554 albi
1554 5503 1751 5554 coloris
1777 5509 1833 5554 et

268 5593 370 5647 litis
401 5593 584 5647 aureis
620 5593 908 5648 intertexto
943 5604 1162 5658 tectum,
1205 5591 1491 5647 donarent.
1536 5591 1669 5645 lluic
1690 5607 1830 5661 equo

268 5685 509 5739 insidens
554 5685 860 5753 patriarcha
894 5700 1015 5740 cum
1056 5684 1309 5739 universo
1333 5694 1518 5738 senatu
1549 5697 1600 5739 et
1635 5683 1829 5739 (aristis

1939 4501 2150 4553 tenens,
2188 4502 2349 4560 atque
2373 4491 2718 4556 candidatus,
2753 4490 2912 4557 cuius
2952 4488 3181 4541 alterum
3213 4488 3360 4541 latus
3394 4503 3509 4541 me-

1935 4584 2185 4651 tropolita
2211 4584 2597 4647 Cmsareeusis,
2621 4577 2852 4637 alterum
2878 4581 3253 4637 Heracleensis
3275 4580 3506 4647 tegebat,

1936 4690 2169 4744 corpore
2232 4676 2298 4729 ad
2329 4691 2519 4730 omnes
2566 4688 2647 4730 ter
2676 4677 2963 4740 inclinato,
3013 4674 3081 4728 ad
3112 4676 3498 4744 imperatorem

1936 4770 2225 4823 accedebat
2241 4778 2294 4823 et
2313 4768 2544 4823 solemni
2566 4783 2690 4821 eum
2716 4769 3140 4837 prosequebatur
3163 4765 3504 4821 adoratione.

1937 4860 2074 4913 Tum
2131 4860 2201 4923 is,
2248 4860 2389 4928 pede
2417 4859 2637 4927 paulum
2667 4858 2905 4922 sublato,
2940 4858 3160 4913 dicebat
3194 4873 3210 4911 :
3254 4876 3273 4909 ι
3304 4855 3505 4912 Sancta

1937 4949 2199 5013 Trinitas,
2224 4965 2345 5020 qum
2375 4949 2672 5018 imperium
2708 4949 3036 5012 mihidedit,
3065 4949 3131 5003 ad
3168 4949 3509 5017 patriarcha-

1939 5055 2050 5097 tum
2077 5060 2230 5098 novae
2251 5044 2435 5097 Romae
2455 5053 2505 5097 te
2527 5041 2758 5096 evehit.»
2783 5041 2858 5096 ita
2885 5055 2914 5094 e
2940 5040 3194 5094 manibus
3216 5023 3509 5107 imperato—

1937 5134 2013 5187 ris
2040 5141 2304 5201 potesmte
2322 5130 2672 5200 patriarchali
2709 5139 2953 5216 accepta,
2982 5128 3290 5196 patriarcha
3328 5125 3502 5178 eidem

1937 5226 2145 5293 gratias
2176 5225 2394 5293 agebat.
2447 5221 2656 5276 Deinde
2703 5220 2892 5274 chori:
2953 5217 3044 5270 «lu
3087 5216 3295 5270 multos
3332 5230 3506 5268 annos

1940 5316 2262 5377 Dominus.»
2298 5317 2592 5378 canebant,
2616 5323 2781 5382 atque
2808 5313 2969 5365 ﬁebat
2997 5310 3275 5364 dimissio.
3302 5308 3508 5363 Dehinc

1937 5406 2249 5475 patriarcha
2282 5419 2408 5457 cum
2432 5403 2779 5472 lampadibus
2807 5401 2874 5456 ad
2910 5400 3165 5454 dibabula
3200 5400 3509 5455 descende-

1941 5496 2029 5550 bat
2055 5506 2407 5564 paratumque.
2438 5494 2509 5548 ibi
2540 5493 2819 5548 inveniens
2846 5507 3046 5562 equum
3074 5492 3502 5547 conscendebat.

2006 5588 2284 5642 Seelestus
2332 5588 2437 5642 iste
2480 5585 2645 5656 igitur
2686 5597 2749 5640 ut
2787 5586 3091 5654 imperator
3134 5584 3290 5639 urbis
3354 5583 3500 5638 idem

1936 5681 2116 5738 facere
2149 5681 2396 5752 cupiens,
2428 5681 2574 5751 quod
2606 5677 2851 5737 fecerant
2875 5678 3175 5735 Christiani
3205 5677 3498 5747 imperato-
