3916 6196
347 251 453 314 895

1601 263 1924 323 GEORGII
1966 261 2392 322 ΡΗΒΛΝΤΖΕ

3493 268 3603 330 896

359 375 572 454 ετιανοὶ
613 373 854 445 βασιλεῖς
875 419 890 443 ,
927 367 1032 430 τὸν
1063 379 1413 450 πατριάρχην
1459 382 1920 449 προσεκαλέσατο,
1951 380 2001 436 Α
2029 395 2178 432 στου.
2217 380 2325 432 Καὶ
2356 377 2798 449 ἐδωρήθηαύτῷ
2831 380 2927 434 106
2972 374 3112 434 εἶναι
3137 382 3220 445 εἰς
3249 382 3600 452 κατοίκησινο

361 466 449 519 ἵνα
500 468 808 538 συγκαθίσῃ
855 470 976 537 μετ’
1003 470 1167 523 αὑτοῦ
1203 473 1296 526 τοῦ
1352 475 1648 541 ἀριστῆσαι
1683 475 1776 527 καὶ
1803 479 1942 544 ομιτ

357 558 544 627 λῆσαι.
582 562 689 612 Καὶ
731 560 979 624 ἐλθόντος
1012 563 1107 616 τοῦ
1135 565 1477 634 πατριάρχου
1503 567 1725 632 ἐδέξατο
1759 569 1925 620 αὐτὸν

363 652 390 702 6
420 651 686 718 τυράννος
726 653 866 719 μετά
926 656 1170 724 μεγάλης
1217 657 1382 725 τιμῆς
1412 672 1426 688 ο
1459 663 1552 711 καὶ
1603 659 1771 712 πολλὰ
1797 661 1925 726 ὀμι-

363 740 627 808 λήσαντες
660 741 970 809 ἀναμεταξὺ
997 785 1011 805 ,
1066 745 1160 795 καὶ
1207 747 1544 811 ἐπαγγελίας
1579 751 1922 818 ἀμετρήτους

363 831 736 897 ἐπηγγείλατο
767 833 952 887 δοῦναι
985 835 1063 904 τῷ
1096 839 1436 908 πατριάρχῃ.
1481 841 1568 901 Ὠς
1600 841 1656 893 δὲ
1692 843 1923 911 ἤγγικεν

357 921 385 972 6
415 921 602 990 καιρὸς
651 923 744 975 τοῦ
777 925 1015 988 ἐξελθεῖν
1061 927 1151 978 τὸν
1208 931 1556 999 πατριάρχην
1601 933 1662 983 ἐκ
1697 933 1791 984 τοῦ
1823 950 1926 987 πα-

357 1011 543 1064 λατίου
572 1054 586 1077 ,
625 1015 872 1069 ἐκϐαλὼν
937 1019 964 1069 6
1013 1019 1234 1088 άμηρᾶς
1288 1021 1519 1074 δέδωκεν
1572 1024 1722 1094 αὐτῷ
1751 1024 1925 1094 δῶρον

358 1104 420 1155 16
449 1105 754 1174 πολύτιμον
789 1110 970 1162 ἐκεῖνο
1009 1100 1341 1175 δεδίανίκιον,
1386 1116 1479 1167 καὶ
1517 1117 1922 1185 ἐπαρεκάλεσεν

356 1197 524 1248 αὐτὸν
559 1197 812 1266 δεχθῆναι
849 1202 1030 1257 10616.
1084 1205 1194 1255 Καὶ
1241 1189 1477 1272 κατῆλθε
1513 1209 1650 1274 μετὰ
1683 1210 1776 1262 106
1820 1227 1925 1264 πα-

356 1287 626 1356 τριάρχου
657 1290 762 1352 ἕως
809 1292 1055 1344 κάτωθεν
1090 1295 1188 1362 τῆς
1220 1296 1411 1362 αὐλῆς.
1448 1298 1691 1362 θέλοντος
1723 1305 1817 1355 καὶ
1846 1305 1922 1372 μὴ

359 1377 605 1439 θέλοντος
651 1381 745 1432 106
781 1385 1118 1452 πατριάρχου
1144 1425 1158 1450 ,
1202 1389 1293 1437 καὶ
1333 1388 1424 1441 τὸν
1458 1389 1623 1442 ἵππον
1667 1393 1924 1462 εὐτρεπι-

359 1469 557 1535 σμένον
591 1471 729 1539 ἔχων
771 1473 1094 1527 ἀνεϐίϐασεν
1319 1479 1502 1544 αὐτὸν,
1532 1484 1624 1534 καὶ
1651 1486 1921 1547 προσέτα-

358 1561 448 1623 ξεν
503 1563 590 1614 ἵνα
644 1565 843 1627 πάντες
871 1567 920 1617 0!
953 1567 1213 1636 ἄρχοντες
1236 1571 1336 1637 τῆς
1374 1573 1545 1640 αὐλῆς
1577 1576 1744 1628 αὐτοῦ
1773 1577 1925 1640 ἐξέλ-

357 1652 524 1704 θωσιν
552 1655 631 1714 είς
661 1655 907 1710 συνοδίαν
950 1659 1028 1726 τῷ
1061 1663 1395 1734 πατριάρχη,
1452 1667 1547 1718 καὶ
1591 1666 1766 1730 οὕτως
1793 1670 1918 1738 ἄχρι

355 1744 448 1824 106
490 1748 688 1798 σεπτοῦ
745 1748 1102 1804 ἀποστολείου
1161 1755 1512 1808 συνώδευσαν
1541 1759 1724 1823 αὑτὸν,
1753 1762 1916 1814 τινῶν

356 1839 848 1905 προπορευομένων
892 1843 986 1894 καὶ
1016 1844 1175 1898 τινῶν
1226 1846 1513 1915 ἑπομένων
1558 1850 1726 1919 αὐτῷ.
1775 1853 1920 1906 Αὐτὸ

356 1927 466 1994 γὰρ
497 1927 556 1979 16
586 1928 696 1979 τῶν
725 1930 1042 1986 ἀποστόλων
1083 1935 1311 2004 τέμενος
1359 1937 1594 1992 δέδωκεν
1620 1945 1648 1994 6
1691 1944 1918 2013 άμηρᾶς

360 2017 442 2076 είς
478 2032 681 2082 πατρια
695 2021 893 2086 ρχεῖον.
930 2021 1032 2073 Τὸν
1073 2023 1132 2076 δέ
1160 2025 1465 2095 περικαλλῆ
1500 2031 1595 2083 καὶ
1621 2030 1764 2085 θεῖον
1793 2033 1922 2085 ναὸν

356 2105 454 2174 τῆς
473 2106 609 2160 Θεοῦ
628 2109 845 2177 Σοφίας,
867 2113 927 2164 16
952 2115 1274 2183 περιϐόητον
1301 2119 1611 2187 κειμήλιον,
1636 2122 1727 2174 τὸν
1753 2123 1920 2194 οὐρα-

361 2195 452 2246 νὸν
483 2197 576 2248 τὸν
613 2200 859 2267 ἐπίγειον
896 2203 991 2256 καὶ⁹
1036 2204 1096 2256 16
1131 2205 1278 2269 ξένον
1310 2208 1583 2277 ἄκουσμα,
1613 2213 1868 2281 ἐποίησεν
1894 2214 1923 2264 6

356 2287 635 2356 ἀλιτήριος
669 2293 750 2351 είς
797 2291 928 2345 ίδιον
977 2294 1144 2347 αὑτοῦ
1207 2300 1594 2370 προσκύνημα.
1638 2303 1700 2355 '0
1753 2303 1812 2356 δέ
1861 2307 1920 2357 ἐν

357 2377 690 2446 Βλαχέρναις
747 2380 1166 2454 θαυματουργός
1223 2389 1348 2451 ναὸς
1386 2392 1804 2462 πυρπολημένος
1829 2391 1920 2466 ἦν,
1942 2443 1953 2450 .

353 2468 432 2529 ὡς
471 2471 818 2540 προεγράφη.
857 2475 1098 2544 Ποιήσας
1155 2478 1183 2530 6
1225 2482 1577 2552 πατριάρχης
1600 2486 1658 2536 ὲν
1684 2483 1762 2554 τῷ
1793 2502 1926 2538 σεπ-

359 2558 436 2625 τῷ
465 2558 802 2633 άποστολείῳ
845 2567 1040 2636 καιρὸν
1083 2568 1286 2637 ὀλίγον,
1337 2573 1528 2627 ἔπειτα
1569 2576 1797 2644 θεωρῶν
1841 2579 1924 2630 ὅτι

355 2654 412 2703 ἐν
448 2655 676 2718 ἐκείνοις
727 2660 842 2720 τοῖς
887 2662 1078 2728 μέρεσι
1111 2664 1210 2730 τῆς
1244 2664 1472 2728 ςπόλεως
1518 2667 1694 2730 οὐδεὶς
1738 2669 1926 2722 ταλαί-

357 2759 541 2811 πωρος
571 2744 896 2813 Χριστιανὸς
939 2751 1290 2820 ἐναπέμεινε,
1331 2758 1426 2809 καὶ
1458 2756 1722 2826 φοϐηθεὶς
1757 2761 1831 2829 μή
1867 2777 1922 2812 τι

354 2835 597 2888 ἐναντίον
632 2838 812 2908 συμϐῇ
845 2841 992 2906 αὐτῷ
1021 2842 1110 2894 διὰ
1138 2844 1236 2913 τὴν
1269 2846 1526 2915 ἐρημίαν,
1561 2849 1697 2902 διότι
1731 2852 1791 2903 ἐν
1819 2854 1920 2922 μιᾷ

2033 473 2093 524 ἐν
2151 473 2380 535 ἐκείνοις
2427 473 2534 542 γὰρ
2591 474 2704 536 τοῖς
2752 474 2982 542 μέρεσιν
3037 475 3407 545 ἐναπέμεινάν
3451 494 3603 540 τινες

2033 564 2205 631 ὀλίγοι
2253 565 2593 634 Χριστιανοί.
2647 565 2758 628 Τὰς
2801 566 2859 618 δέ
2915 567 3082 628 οὓσας
3131 569 3370 638 μοναχὰς
3424 570 3482 622 ἐν
3531 574 3604 638 τῇ

2037 654 2502 724 Παρμακαρίστῳ
2558 655 2887 723 προσέταξεν
2945 657 3201 712 ἀπελθεῖν
3253 661 3311 710 ἐν
3350 661 3419 729 τῇ
3463 662 3607 727 μονῇ

2033 743 2126 797 τοῦ
2177 745 2334 813 ἁγίου
2381 747 2660 817 προφήτου
2721 747 3030 816 προδρόμου
3091 748 3342 801 Ἰωάννου
3401 748 3495 801 106
3549 751 3609 801 ἐν

2033 837 2110 906 τῷ
2139 836 2418 907 Τρούλλῳ,
2465 838 2603 890 ὅπου
2639 839 2732 890 ἐπὶ
2769 839 2869 907 τῆς
2901 839 3176 908 βασιλείας
3218 839 3604 893 Ἰουστινιανοῦ

2033 927 2128 980 τοῦ
2163 927 2517 997 Ῥινοτμήτου
2539 931 2577 1002 ἡ
2603 915 2876 998 «deum
2905 929 3034 998 άγία
3059 930 3278 994 σύνοδος
3311 933 3606 1002 συνηθροίο

2035 1022 2160 1092 σθη.
2205 1021 2476 1074 Παλάτιον
2505 1021 2616 1090 γὰρ
2645 1020 2804 1074 τοῦτο
2827 1022 3122 1089 περιφανὲς
3154 1023 3231 1093 τῷ
3256 1025 3374 1077 τότε
3401 1025 3587 1092 καιρῷ

2035 1115 2286 1183 ὑπῆρχεν
2337 1114 2454 1164 ἐκεῖ
2480 1111 2648 1179 ἐγγὺς
2677 1109 2781 1178 τῆς
2833 1112 3308 1182 Παμμακαρὶστου
3355 1115 3502 1166 κατά
3539 1115 3604 1167 16

2033 1203 2244 1272 βόρειον
2270 1203 2457 1271 μέρος.

2103 1294 2266 1363 308
2296 1293 2465 1356 Οὗτος
2515 1289 2609 1347 06v
2653 1296 2681 1348 6
2732 1293 3058 1364 παμμίαρος
3099 1295 3196 1346 καὶ
3222 1295 3460 1363 φθορεὺς
3489 1295 3603 1358 τῶν

2031 1384 2374 1453 Χριστιανῶν
2428 1385 2664 1453 πονηρὸς
2719 1384 2796 1437 ὢν
2844 1385 2936 1438 καὶ
2998 1384 3334 1454 πολύτροπος
3388 1387 3486 1437 καὶ
3532 1390 3604 1456 τῇ

2030 1478 2276 1532 ἀλώπεκι
2308 1479 2734 1548 ὑποκρινόμενος
2781 1477 2952 1530 ταῦτα
3001 1478 3102 1546 οὐχ
3136 1479 3276 1548 ὑπὲρ
3308 1479 3602 1540 εὐλαϐείας

2031 1571 2064 1638 ἢ
2101 1569 2503 1636 καλοκαγαθίας
2529 1567 2694 1620 αὐτοῦ
2732 1567 2932 1632 ἐποίει,
2975 1567 3090 1620 ἀλλ’
3127 1566 3215 1619 ἶνα
3245 1569 3295 1618 οι
3334 1567 3606 1636 Χριστια-

2029 1663 2111 1714 νοὶ
2147 1659 2422 1713 ἀκούσωσι
2454 1659 2552 1717 τὰς
2587 1660 2922 1726 ἐπαγγελίας
2967 1658 3312 1726 συναχθῷσίν
3343 1675 3404 1710 τε
3441 1661 3501 1711 ἐν
3531 1661 3602 1727 τῇ

2023 1752 2176 1804 πόλει
2234 1753 2331 1804 καὶ
2378 1752 2784 1820 κατοικήσωσιν
2812 1749 2983 1819 αὐτήν
3010 1767 3024 1779 ο
3058 1749 3092 1818 ῆ
3123 1751 3192 1801 ὲκ
3223 1749 3319 1802 106
3355 1749 3612 1820 καθημε-

2024 1843 2171 1914 ρινοῦ
2197 1841 2435 1911 πολέμου
2477 1840 2774 1911 ἠρημώθη,
2805 1840 2898 1892 καὶ
2928 1840 3165 1908 μάλιστα
3199 1842 3256 1892 ἐν
3275 1843 3345 1909 τῇ
3376 1841 3604 1896 ἁλώσει.

2021 1936 2132 1987 Καὶ
2157 1934 2330 1996 οὕτως
2361 1933 2595 2001 ἐγένετο.
2651 1932 2744 1984 καί
2783 1948 2930 1993 τινες
2960 1933 3281 2003 Χριστιανοὶ
3319 1933 3598 2002 συνήχθη-

2023 2042 2148 2080 σαν.
2182 2025 2315 2078 Μετ’
2347 2024 2527 2092 ὀλίγον
2574 2023 2632 2076 δὲ
2675 2022 2770 2076 καί
2795 2040 2948 2084 τινας
2976 2023 3239 2086 ἀποίκους
3272 2025 3590 2090 είσήνεγκε,

2021 2115 2141 2168 κατ’
2171 2113 2388 2183 ἐκείνην
2437 2114 2538 2183 τὴν
2581 2113 2858 2166 διάλεκτον
2917 2113 3248 2178 λεγομένους
3312 2113 3596 2181 0069106-

2022 2208 2184 2268 νιδες,
2217 2206 2277 2258 ἐκ
2317 2223 2376 2258 τε
2401 2205 2497 2258 τοῦ
2528 2206 2690 2272 Καφᾶ
2735 2204 3150 2273 Τραπεζοῦντος
3185 2206 3280 2258 καὶ
3315 2207 3603 2258 Σινωπίου

2023 2301 2119 2353 καὶ
2166 2298 2610 2366 ’Λσπροκάστρου
2637 2313 2650 2327 ·
2700 2300 2793 2349 καὶ
2835 2297 3006 2359 οὓτως
3055 2296 3153 2366 τὴν
3186 2297 3344 2349 πόλιν
3375 2297 3596 2368 ἐκατῲ-

2023 2409 2185 2460 κησε.
2217 2393 2427 2443 Ἔδωκε
2485 2389 2542 2442 δέ
2587 2391 2683 2442 καὶ
2730 2390 3125 2458 προστάγματα
3179 2390 3482 2460 ἐγγράφως
3512 2390 3600 2457 τῷ

2024 2485 2346 2552 πατριάρχῃ
2399 2481 2520 2549 μετ’
2551 2480 2801 2543 ἐξουσίας
2833 2481 3124 2548 βασιλικῆς
3160 2481 3607 2550 ὑπογεγραμμέ-

2025 2589 2122 2640 νης
2167 2571 2414 2625 κάτωθεν
2451 2571 2537 2623 ίνα
2570 2571 2766 2639 μηδεὶς
2797 2569 2960 2622 αὑτὸν
2993 2570 3260 2639 ἐνοχλήσῃ
3295 2571 3329 2640 ἢ
3363 2568 3606 2622 ἀντιτεί-

2025 2679 2117 2735 vn,
2144 2663 2280 2715 ἀλλὰ
2316 2659 2454 2715 εἷναι
2497 2662 2659 2714 αὐτὸν
2705 2661 2998 2730 ἀναίτητον
3038 2664 3133 2713 καὶ
3182 2661 3607 2730 ἀφορολόγητον

2025 2755 2121 2806 καὶ
2155 2753 2498 2806 ἀδιάσειστόν
2523 2769 2582 2804 τε
2617 2753 2723 2804 ἀπὸ
2751 2752 2962 2823 παντὸς⁸
2984 2752 3251 2812 ἐναντίου,
3285 2753 3380 2804 καὶ
3409 2751 3609 2812 τέλους

2028 2845 2118 2898 καὶ
2165 2842 2381 2904 δώσεως
2435 2840 2719 2912 ἐλεύθερος
2770 2844 2967 2912 ἑσηται
3015 2841 3180 2905 αὐτὸς
3229 2842 3329 2894 καὶ
3375 2844 3424 2894 οἱ
3479 2842 3607 2910 μετ’

353 2925 462 2976 τῶν
486 2927 712 2996 ἡμερῶν
741 2931 938 3000 εὑρέθη
981 2949 1065 2996 τις
1096 2933 1396 3006 Ἀγαρηνὸς
1433 2941 1836 3010 πεφονευμένος
1865 2944 1924 2996 ὲν
2027 2939 2188 2992 αὑτὸν
2219 2939 2551 3008 πατριάρχαι
2584 2939 2660 3000 είς
2685 2939 2776 2990 τὸν
2805 2938 2998 3002 αιῶνα,
3026 2938 3227 3006 ὁμοίως
3252 2937 3349 2989 καὶ
3377 2937 3521 2989 πάντ
3537 2951 3602 2996 ες

353 3015 428 3085 τῷ
454 3019 548 3069 τοῦ
579 3022 702 3072 ναοῦ
732 3023 1216 3095 περιαυλείῳμκαὶ
1254 3029 1342 3081 διὰ
1375 3029 1582 3094 ταύτας
1607 3035 1708 3096 τὰς
1739 3034 1924 3096 αἰτίας
1948 3068 1994 3132 C
2025 3030 2075 3082 οἱ
2121 3029 2556 3098 ὑποτεταγμένοι
2605 3028 2758 3096 αὐτῷ
2804 3028 3100 3098 ἀρχιερεῖς.

352 3110 380 3159 ὀ
429 3111 774 3183 πατριάρχης
820 3114 988 3184 ᾔτησε
1033 3117 1132 3188 τὴν
1182 3121 1353 3189 μονὴν
1393 3123 1494 3189 τῆς
1539 3126 1917 3195 Παμμακαρί-

355 3308 463 3351 res,
506 3294 902 3362 patriarcltam,
940 3304 1000 3350 ut
1024 3312 1208 3352 secum
1248 3301 1542 3368 pranderet
1571 3314 1624 3358 et
1647 3307 1925 3376 colloque-

359 3390 531 3447 retur,
551 3384 820 3438 invitavit.
852 3385 1168 3440 Venientem
1206 3397 1472 3458 tyrannus
1499 3408 1698 3465 magno
1720 3397 1926 3454 honore

355 3475 591 3542 excepit,
634 3484 688 3528 et
719 3477 888 3530 multa
927 3493 1050 3531 eum
1107 3493 1174 3532 eo
1229 3481 1560 3546 collocutus,
1631 3487 1841 3543 inﬁnita
1871 3492 1924 3546 ei

358 3567 630 3628 promissa
658 3566 802 3622 fecit.
841 3569 941 3623 Ubi
972 3580 1186 3640 tempus
1217 3573 1529 3629 discedendi
1552 3570 1730 3637 aﬂuit.
1758 3582 1925 3636 Ame-

359 3670 448 3708 ras
483 3658 725 3724 porrexit
759 3660 1078 3725 patriarchae
1109 3661 1407 3728 pretiosum
1459 3666 1588 3719 illud
1620 3668 1840 3735 pedum,
1867 3682 1922 3726 et

356 3763 480 3800 t-um
515 3750 832 3804 cohortatus
861 3761 966 3814 est,
1021 3765 1078 3805 nt
1111 3753 1162 3807 id
1195 3756 1490 3828 acciperet,
1536 3758 1926 3831 descenditque

357 3853 482 3890 eum
530 3841 858 3906 patriarcha,
901 3845 1256 3909 quantumvis
1294 3856 1606 3914 recusante,
1649 3853 1717 3906 ad
1743 3863 1924 3909 extre-

359 3945 506 3982 mum
569 3946 740 3999 usque
769 3934 1053 3999 palatium,
1106 3935 1160 3989 in
1202 3952 1402 4006 equum
1453 3941 1559 3995 rite
1599 3943 1922 4000 decoratum

357 4020 656 4076 ascendere
684 4039 806 4077 eum
825 4023 1006 4092 jussit.
1029 4035 1192 4094 atque
1215 4029 1404 4095 edixit,
1430 4041 1490 4086 ut
1517 4035 1700 4090 cuncti
1730 4037 1915 4104 palatii

359 4128 610 4179 proceres
633 4116 886 4171 eumdem
919 4120 1342 4179 comitarentur.
1374 4123 1564 4190 itaque
1588 4141 1713 4180 eum
1753 4144 1924 4198 usque

358 4204 815 4260 aii-venerandum
839 4207 1226 4276 Apostolorum
1259 4213 1545 4280 templum,
1568 4219 1763 4286 partim
1786 4235 1924 4288 prae-

355 4296 629 4359 cedentes,
663 4297 852 4365 partim
877 4299 1292 4368 subseqnentes.
1312 4305 1674 4363 deduxerunt.
1697 4310 1752 4364 ld
1774 4312 1920 4386 enim

2028 3297 2254 3368 regione
2289 3296 2449 3365 pauci
2479 3295 2648 3364 aliqui
2703 3295 3005 3350 Christiani
3046 3305 3446 3351 remanserant.
3477 3296 3609 3350 Mo-

2025 3391 2230 3445 nachas
2262 3389 2382 3458 ejus
2418 3388 2600 3457 templi
2633 3389 2686 3441 in
2713 3388 3104 3442 monasterium
3126 3390 3299 3442 sancti
3322 3390 3610 3458 promit-ta:

2024 3488 2079 3535 et
2109 3478 2466 3548 prmcursoris
2498 3477 2746 3538 Joannis,
2782 3477 2925 3546 quod
2961 3477 3014 3530 in
3039 3475 3226 3530 Trullo
3250 3489 3357 3541 est,
3397 3493 3610 3531 conce-

2026 3570 2360 3639 derejussit,
2417 3569 2508 3622 ubi
2535 3567 2848 3622 Justiniano
2878 3568 3229 3622 nhinotmeto
3280 3569 3596 3630 imperante

2027 3671 2214 3717 sancta
2261 3661 2506 3730 synodus
2556 3661 2866 3727 quinisexta
2923 3660 3107 3712 habita
3170 3668 3274 3714 est.
3326 3660 3607 3713 Palatium

2025 3755 2172 3808 enim
2225 3755 2328 3807 hoc
2377 3753 2590 3806 illustre
2651 3757 2766 3806 tum
2816 3762 2972 3816 erat,
3039 3769 3205 3822 prope
3269 3753 3610 3807 beatissima;

2026 3845 2265 3915 Virginis
2297 3845 2556 3914 templum
2591 3845 3017 3912 septentrionem
3050 3861 3234 3898 versus
3264 3846 3454 3899 situm.

2096 3937 2204 3990 ISIe
2232 3936 2397 4004 igitur
2443 3935 2868 3988 seelestissimns
2922 3937 3105 4000 homo,
3154 3933 3605 3988 Christianorum

2029 4027 2168 4080 mala
2201 4027 2386 4095 pcStis,
2443 4035 2714 4080 veterator
2777 4035 2831 4077 et
2851 4025 3058 4092 vulpes.
3113 4041 3218 4076 non
3273 4025 3472 4092 pietate
3506 4035 3613 4078 ant

2027 4119 2399 4172 benevolentia
2425 4127 2751 4180 commotus,
2777 4118 2906 4170 illud
2934 4115 3082 4175 fecit,
3104 4117 3196 4170 sed
3232 4116 3608 4170 ntCliristiani

2028 4214 2312 4282 promissis
2355 4213 2471 4266 suis
2501 4211 2722 4271 auditis,
2758 4212 2809 4262 in
2837 4211 3025 4262 urbem
3060 4209 3405 4262 conﬂuerent
3442 4226 3606 4262 eam-

2026 4323 2132 4374 que
2181 4305 2527 4360 habitarent:
2565 4317 2684 4371 quae
2719 4312 2939 4370 propter
2970 4302 3321 4369 quotidianus
3384 4318 3607 4369 pugnas

357 4388 618 4454 templum
651 4398 706 4441 ut
737 4390 1112 4457 patriarclialis
1131 4393 1287 4448 sedes
1318 4405 1463 4450 esset
1507 4413 1726 4454 ameras
1759 4401 1926 4455 dona-
1959 4413 1998 4461 ο
2029 4399 2148 4468 ejus
2173 4397 2447 4464 pra'cipue
2467 4392 2750 4460 temporis,
2774 4407 2884 4460 quo
2910 4403 3065 4459 capta
3084 4403 3190 4456 e51,
3220 4395 3432 4446 deserta
3455 4403 3605 4448 erat.

356 4487 527 4530 verat.
553 4477 984 4533 i’ulcherrimum
1007 4491 1190 4535 autem
1211 4491 1263 4537 et
1281 4483 1523 4540 divinum
1545 4490 1801 4558 templum
1823 4491 1925 4544 Sa-

2029 4494 2105 4543 Ac
2129 4503 2315 4542 revera
2336 4485 2581 4539 nonnulli
2598 4483 2894 4537 Christiani
2918 4485 3231 4552 congregati
3256 4493 3406 4537 sunt.
3437 4484 3599 4539 Brevi

359 4571 574 4638 pientize
610 4571 724 4631 Dei.
753 4572 1028 4624 cimelittm
1063 4573 1504 4643 celeberrimum,
1527 4581 1724 4636 malum
1756 4592 1926 4638 terre-
2027 4583 2279 4638 colonos,
2331 4592 2469 4644 quos
2505 4575 2698 4627 Turrm
2738 4592 2838 4628 sua
2889 4575 3074 4641 lingua
3135 4575 3466 4638 surgunides
3505 4592 3608 4640 ap-

353 4669 464 4713 stre
491 4667 543 4712 cl
569 4671 949 4716 ornamentum
971 4664 1290 4730 inntditnm.
1313 4671 1575 4726 scelestus
1593 4673 1696 4728 iste
1733 4677 1786 4728 in
1812 4691 1922 4734 sua:

2030 4674 2250 4742 pellant,
2284 4668 2490 4736 Capita,
2513 4665 2876 4734 Trapezunte,
2905 4664 3106 4732 Sinope
3142 4674 3192 4718 et
3227 4666 3604 4732 Asprocastro

358 4752 770 4818 superstitionis
822 4769 979 4807 usum
1027 4759 1322 4811 convertit.
1379 4758 1644 4817 Mirabilis
1687 4779 1818 4818 vero
1867 4767 1920 4818 in

355 4841 671 4898 Blachernis
697 4846 838 4900 miles
872 4847 1124 4900 incendio
1149 4850 1450 4914 interierat,
1493 4863 1551 4906 ut
1586 4871 1749 4923 supra
1788 4875 1915 4909 nar-

356 4935 622 4988 ravitnus.
671 4935 1057 4994 Commoratus
1096 4941 1497 5010 aliquantisper
1521 4944 1573 4996 in
1606 4947 1918 4998 venerando

358 5026 737 5091 Apostnlnrum
775 5029 993 5094 templo,
1021 5045 1142 5083 cum
1183 5033 1232 5083 in
1268 5048 1327 5082 ea
1359 5033 1580 5099 regione
1603 5035 1669 5088 de
1699 5036 1918 5089 miseris

354 5116 686 5171 Christianis
719 5126 989 5172 neminem
1026 5137 1250 5174 manere
1290 5122 1544 5186 vidisset,
1571 5123 1918 5192 timeretque,

358 5224 426 5263 ne
457 5211 586 5279 quid
619 5211 745 5264 mali
789 5211 894 5264 sibi
941 5211 1214 5265 accideret
1267 5222 1488 5282 propter
1539 5215 1917 5283 solitudinem,

356 5304 613 5368 quoniam
675 5303 972 5372 aliquando
1027 5303 1309 5370 Agarenus
1345 5303 1400 5357 in
1437 5305 1703 5358 vestibulo
1735 5309 1918 5376 templi

361 5396 616 5448 i..ventns
646 5407 762 5450 erat
794 5395 1037 5458 oecisus,
1091 5395 1423 5451 beatissimae
1448 5395 1690 5465 Virginis
1724 5415 1916 5452 mona-

359 5485 580 5540 sterium
607 5499 706 5553 pro
728 5483 1004 5539 domicilio
1041 5485 1230 5553 petivit
1251 5493 1302 5538 et
1332 5482 1584 5539 obtinuit.
1615 5486 1671 5538 ln
1694 5499 1756 5539 ea
1778 5487 1919 5539 enim

1950 5665 2020 5681 '—

2026 4767 2216 4819 eotlem
2269 4760 2516 4820 deduxit,
2575 4769 2738 4824 atque
2791 4759 2862 4810 ita
2915 4758 3106 4810 urbem
3145 4757 3361 4810 civibus
3411 4757 3604 4810 denuo

2026 4855 2290 4924 implevit.
2313 4854 2452 4906 ltlcm
2483 4849 2807 4919 patriarchae
2832 4849 3040 4902 litteras
3063 4863 3186 4901 cum
3220 4850 3379 4917 regia:
3399 4859 3603 4902 aucto-

2021 4946 2198 5000 ritatis
2224 4943 2632 5010 subscriptione
2658 4937 2832 5001 dedit,
2859 4952 2917 4991 ιιι
2951 4955 3016 4990 tte
3039 4949 3334 4991 vexaretur
3364 4951 3458 4991 aut
3493 4939 3598 4992 im-

2022 5048 2352 5110 pugnaretur
2379 5051 2407 5088 a
2439 5048 2736 5103 quoquam,
2755 5033 2846 5086 sed
2878 5031 3014 5085 liber
3034 5043 3084 5082 et
3109 5045 3338 5083 securus
3357 5040 3506 5082 esset
3531 5031 3603 5083 ab

2023 5131 2169 5185 omni
2203 5128 2447 5189 inimico,
2476 5139 2609 5178 neve
2639 5122 2937 5192 quidquam
2988 5120 3174 5173 tributi
3203 5130 3297 5173 aut
3354 5121 3600 5190 vectiga-

2021 5223 2156 5276 lium
2197 5219 2473 5288 penderet,
2507 5225 2620 5268 tum
2663 5215 2798 5282 ipse,
2839 5223 2950 5263 tum
2973 5227 3164 5263 omnes
3197 5211 3249 5262 in
3277 5220 3599 5279 perpetuum

2027 5323 2318 5379 sequentes
2385 5307 2705 5378 patriarchae
2777 5302 3073 5372 cunctique
3131 5301 3307 5355 eidem
3363 5301 3596 5371 subjecti

2031 5405 2296 5474 episeopi.
