3916 6196
343 316 449 378 8'19

1528 297 1851 391 GEORGII
1898 257 2326 355 minam/13

3466 285 3580 346 903

345 436 404 486 ἒν
436 432 502 499 τῇ
536 428 670 496 ἕκτῃ
703 423 925 491 συνόδῳ,
958 419 1054 474 καὶ
1076 420 1102 471 ὁ
1134 418 1435 486 ἁγιώτατος
1470 415 1660 477 tritta;
1690 413 1907 483 ’Δδρια-
1940 417 1979 471 Α
2011 412 2091 467 ὅτι
2142 409 2202 461 ού
2267 409 2468 468 πάντες
2508 402 2559 455 οἱ
2615 398 2959 473 κρατοῦντες’
3012 398 3228 458 xiv-cut;
3280 397 3577 466 όρθ-Ξδοξοι,

348 526 435 583 νος
550 521 613 587 τῇ
645 489 844 583 έϐδόμῃ
872 489 1029 581 311
1065 512 1285 580 συνόδῳο
1332 509 1405 570 ὼς
1448 510 1563 560 ῖστε
1596 505 1789 568 πάντες
1824 504 1906 555 ὅτι
2008 504 2115 555 οὐδ’
2153 497 2307 564 αῦθις
2337 500 2387 551 οἱ
2418 496 2786 567 κρατούμενοι
2816 492 3107 563 αἱρετικοὶ,
3145 490 3221 549 ὡς
3259 489 3408 543 ἔστιν
3444 491 3585 544 ίδεῖν

351 614 532 666 ἔθεντο
587 609 684 661 καὶ
735 603 1217 673 ἀναθεματισμοῦς
1271 602 1366 652 καὶ
1415 598 1753 667 ἀφορισμοὺς
1785 595 1910 648 ἀλύ-

350 721 493 768 τους,
524 703 599 771 μὴ
631 720 712 762 τις
743 700 991 769 τολμήσῃ
1018 695 1322 765 προσθῆσαι
1349 692 1381 760 ἢ
1424 692 1670 758 ὲκλεῖψαι
1707 688 1739 759 ἦ
1774 688 1907 749 ὅλως

352 794 766 864 παρασαλεῦσαι
808 793 954 860 amp
981 792 1176 842 ἐκεῖνοι
1211 783 1584 852 εραγγελικῶς
1633 783 1729 835 καὶ
1780 783 1909 832 ἀποο

350 884 612 945 σεολικῶς
636 881 731 934 κει)⁸
764 879 1008 949 ἀκριϐῶς
1033 873 1511 942 ὲξακολουθοῦντες
1538 870 1629 923 διὰ
1660 868 1912 936 ῐινεύμαο

350 992 443 1038 τος
491 975 662 1041 ,ἁγίου
719 973 1145 1041 ὲσφραγίσαντο.
1186 968 1481 1037 Μάρτυρες
1504 962 1827 1017 τῶνῖαύτῶν
1857 960 1912 1011 αί

356 1065 635 1118 συνοδικαὶ
674 1063 847 1131 βίϐλοι
896 1062 989 1114 καὶ
1039 1063 1106 1113 τὰ
1155 1058 1411 1112 συνοδικά
1447 1056 1751 1124 γράμματα
1803 1050 1912 1103 τῶν

351 1156 495 1205 κατὰ
525 1152 711 1221 καιρὸν
752 1153 940 1219 ἄκρων
968 1148 1267 1219 ἀρχιερέων
1299 1147 1416 1214 ἦτοι
1451 1145 1649 1211 πάττων
1678 1140 1770 1194 καὶ
1805 1138 1913 1192 τῶν

358 1246 533 1313 ἁγίων
577 1244 826 1313 μεγάλων
852 1242 1077 1295 ἐκείνων
1107 1239 1360 1301 συνόδων,
1390 1237 1465 1298 ὡς
1499 1233 1911 1304 ὴριθμὴσαμεν,

355 1342 419 1391 ὲκ
461 1336 561 1405 τῆς
608 1334 881 1405 ὑμετέρας
927 1332 1081 1392 ὄντες
1129 1333 1222 1382 καὶ
1258 1329 1411 1380 αὐτοὶ
1456 1327 1558 1393 τῆς
1598 1324 1770 1392 φυλῆς
1804 1322 1915 1374 τῶν

353 1427 619 1487 Λατίνων,
680 1424 867 1491 ἄνδρες
914 1419 1405 1490 θεοφρουρούμενοι
1457 1415 1606 1485 ἔργῳ
1637 1414 1727 1466 καὶ
1772 1413 1915 1479 λόγῳ

351 1516 727 1586 τετιμημένοι.
756 1512 972 1580 Ταύτην
999 1512 1099 1578 τὴν
1130 1509 1429 1578 παράδοσιν
1462 1508 1623 1576 ἡμεῖς
1658 1503 1916 1571 ἀσφαλῶς
1950 1559 1961 1565 ,

353 1607 685 1675 κρατοῦμεν,
720 1605 808 1656 ἵνα
856 1602 932 1672 μὴ
966 1603 1049 1664 είς
1094 1601 1404 1669 ἀφορισμδν
1450 1596 1557 1649 τῶν
1598 1594 1919 1662 ἁγιωτάτων

353 1698 668 1753 ἀποστόλων
695 1697 790 1749 καὶ
826 1696 936 1748 τῶν
986 1694 1158 1760 ἁγίων
1198 1687 1593 1759 οίκουμενικῶν
1628 1688 1769 1740 ὲπτά
1793 1702 1917 1738 συν-

349 1791 488 1850 όδων
510 1787 741 1841 καὶτῶν
767 1784 1090 1852 ἁγιωτάτων
1126 1784 1352 1835 ἐκείνων
1382 1781 1553 1842 ὅντως
1589 1778 1778 1847 ἄκρων
1813 1776 1914 1838 ἀρ-

356 1880 584 1951 χιερέων
619 1878 895 1944 πέσωμεν.
930 1876 1038 1926 Καὶ
1062 1876 1225 1943 ἡμεῖς
1252 1869 1630 1939 εύαγγελικῶς
1664 1868 1758 1921 καὶ
1782 1868 1918 1920 ἀπο-

357 1968 621 2030 στολικῶς
655 1969 797 2019 κατά
823 1965 1081 2033 ἀλήθειαν
1127 1963 1445 2032 κρατοῦμεν
1476 1963 1577 2030 τὴν
1615 1959 1918 2022 παράδοσιν

357 2063 458 2130 τῆς
498 2059 880 2129 πρεσϐυτέρας
927 2056 1169 2124 Ῥώμης·
1203 2055 1263 2107 τὸ
1295 2055 1402 2121 γὰρ
1437 2052 1704 2122 ἡμέτερον
1749 2051 1924 2117 δόγμα

357 2152 491 2220 παρ’
521 2150 849 2219 ἀμφοτέρων
892 2145 950 2200 εὖ
988 2151 1226 2200 πάντοτε
1286 2146 1638 2214 ὡμολογεῖτο,
1674 2143 1732 2193 τὸ
1760 2142 1814 2193 δὲ
1864 2139 1925 2203 ἐξ
1955 2182 1975 2199 ς

358 2245 539 2300 αὐτῶν
592 2240 995 2309 καινοτομηθὲν
1049 2239 1234 2298 αὐτοῖς
1281 2236 1464 2304 μόνοις
1510 2232 1926 2301 ἀκατηγόρητον

359 2333 505 2390 εἶναι
552 2335 701 2387 δοκεῖ
725 2374 740 2398 ,
768 2332 862 2385 καὶ
894 2332 1038 2397 ἡμᾶς
1077 2330 1186 2382 ἔδει
1218 2328 1410 2397 κριτὰς
1446 2326 1627 2378 αὐτῶν
1660 2320 1799 2376 εἶναι
1830 2323 1923 2375 καὶ

359 2425 727 2493 κατηγόρους,
757 2424 853 2474 καὶ
883 2421 982 2474 οὐκ
1013 2420 1212 2480 αὐτοὺς
1259 2417 1439 2486 ἡμῶν.
1468 2416 1548 2468 Τὰ
1583 2415 1677 2468 νῦν
1709 2414 1765 2465 δὲ
1790 2429 1924 2463 νεω-

362 2517 448 2569 στί
483 2532 629 2576 τινες
674 2512 853 2566 αὐτῶν
892 2511 1132 2577 θεολόγοι
1169 2510 1201 2579 ῆ
1237 2510 1331 2561 καὶ
1366 2508 1565 2576 μᾶλλον
1600 2506 1773 2556 εἰπεῖν
1802 2520 1927 2556 και·

364 2609 598 2677 νολόγοι,
653 2607 746 2660 καὶ
803 2605 906 2657 ούκ
953 2602 1300 2672 αἰσχύνονται
1330 2601 1415 2651 ἐπ’
1445 2597 1764 2667 ὀκρίϐαντος
1794 2597 1925 2647 ἀνα-

362 2702 568 2755 ϐαίνειν
597 2699 939 2757 διδάσκοντες
986 2695 1165 2761 λέγειν
1217 2692 1493 2762 ὲρρόρουμ
1546 2688 1921 2757 Γραικόρουμ,

358 2793 605 2846 τουτέστι
656 2790 946 2857 σφάλματα
1000 2789 1271 2856 ἡμέτερα,
1310 2780 1429 2837 εἶτα
1488 2784 1563 2852 μὴ
1598 2780 1814 2850 ἔχοντές
1866 2796 1921 2831 τι

359 2885 545 2953 ἕτερον
574 2880 773 2936 εἰπεῖν’
803 2882 853 2933 εί
907 2880 981 2949 μὴ
1015 2879 1197 2948 μόνον,
1229 2877 1302 2939 ὠς
1334 2876 1585 2943 εἴπομεν,
1619 2874 1709 2926 διὰ
1740 2871 1799 2923 τὸ
1842 2869 1918 2939 μη

267 3037 272 3045 ε
361 2977 509 3043 ημᾶς
546 2974 723 3043 ὀρθῶς
774 2973 993 3041 φρονεῖν
1039 2970 1167 3038 -τὴν
1224 2967 1495 3036 βασιλείαν
1540 2965 1923 3031 ἀπωλέσαμεν*

361 3046 529 3134 312
547 3063 643 3117 καὶ
670 3062 827 3115 αὐτοὶ
857 3060 1000 3129 τάχα
1031 3060 1104 3121 ὼς
1131 3058 1291 3127 δῆθεν
1314 3056 1587 3127 ὀροόδοξοι
1620 3056 1749 3117 ίσως
1769 3054 1921 3116 ὄντες

2011 595 2095 661 ἐφ’
2124 596 2289 662 ἡμῖν’
2349 591 2425 660 μὴ
2475 592 2582 657 γὰρ
2623 586 2893 656 ὀρθόδοξοί
2937 587 3074 638 εἰσιν
3128 584 3175 636 οί
3208 582 3581 652 ’ῐσμαηλῖται,

2011 688 2096 739 ὅτι
2125 682 2424 754 κρατοῦσιν
2458 680 2616 750 ἡμῶν
2636 721 2651 744 ,
2707 679 2802 730 καὶ
2841 677 2948 745 πρὸ
2980 674 3188 726 τούτων
3212 674 3261 725 οἱ
3293 672 3585 726 εἰδωλολά-

2014 796 2140 846 τραι
2189 777 2240 829 οἳ
2290 776 2416 835 τοὺς
2462 770 2830 842 Χριστιανοὺς
2879 769 3125 832 ὲδέωκον,
3156 766 3189 833 ἦ
3221 766 3382 818 πάλιν
3409 766 3458 817 ol
3488 767 3585 816 Ai-

2013 868 2236 934 γύπτιοι
2298 866 2331 933 ἢ
2377 862 2710 917 Βαϐυλώνιοι
2759 863 2813 915 οἴ
2864 878 2989 914 ποτε
3023 856 3441 924 ἑξουσιάσαντες
3475 857 3588 908 τῶν

2014 955 2402 1026 Ἰσμαηλιτῶν.
2445 954 2588 1007 Ἀλλ’
2625 955 2725 1005 οὐκ
2758 953 2941 1022 έχουσι
2972 953 3024 1002 τί
3058 952 3253 1003 εἰπεῖν’
3283 948 3445 1014 δῆλον
3473 946 3588 1014 γὰρ

2014 1047 2096 1099 ὅτι
2122 1049 2169 1099 ol
2207 1046 2306 1115 μὲν
2341 1044 2737 1112 κυριεύσαντες
2771 1041 3004 1104 ἀσεϐεῖς,
3037 1043 3084 1092 οἱ
3117 1039 3174 1091 δὲ
3198 1038 3590 1108 κυριευόμενοι

2016 1139 2284 1200 εὐσεϐεῖς.
2321 1138 2421 1190 Διά
2447 1136 2609 1188 τοῦτο
2661 1136 2722 1187 οὐ
2767 1134 2850 1186 δεῖ
2880 1132 3075 1194 αὐτοὺς
3107 1131 3428 1201 ,κομπάζειν
3456 1129 3593 1195 περὶ

2018 1230 2121 1299 τῆς
2154 1228 2614 1298 αὐτοκρατορίας.
2672 1224 2784 1277 Καὶ
2838 1225 2931 1277 ἐπὶ
2988 1224 3197 1284 τούτοις
3245 1219 3594 1289 ἀντεροῦμεν

2018 1325 2202 1383 αὐτοῖς
2225 1339 2238 1352 ·
2266 1322 2391 1384 Πῶς
2418 1322 2468 1373 oi
2502 1320 2643 1373 κατὰ
2667 1320 2767 1387 τὴν
2793 1318 3012 1371 Μυσίαν
3059 1317 3155 1368 καὶ
3195 1314 3468 1366 Ῥωσσίαν
3497 1313 3599 1364 κςὶ

2017 1412 2264 1483 Ἰϐηρίαν
2314 1413 2414 1472 τὴν
2462 1411 2603 1481 ἑῴαν
2665 1412 2763 1463 καὶ
2798 1410 3101 1474 Ἀϐασγίαν
3154 1406 3440 1468 οἰκοῦντες
3490 1407 3595 1459 καὶ

2021 1507 2080 1558 ὲν
2131 1506 2342 1565 λοιποῖς
2384 1505 2578 1561 τόποις
2631 1504 2860 1570 ἄρχουσι
2903 1502 2995 1554 καὶ
3041 1501 3299 1569 ἄρχονται
3331 1497 3424 1565 ἀφ’
3466 1498 3600 1549 ἑαυ-

2020 1598 2132 1651 τῶν
2162 1636 2177 1661 ,
2211 1598 2393 1649 καίτοι
2433 1613 2494 1663 γε
2543 1598 2656 1657 τοῖς
2699 1595 2994 1664 ἡμετέροις
3043 1593 3306 1661 δόγμασιν
3364 1591 3599 1642 ἀκολου-

2021 1688 2211 1753 θοῦσι;
2244 1689 2354 1741 Καὶ
2390 1687 2563 1749 ἄλλως
2607 1688 2670 1739 τὸ
2698 1686 2906 1755 σχίσμα
2933 1684 3041 1737 τῶν
3075 1682 3379 1751 ἐκκλησιῶν
3406 1682 3601 1749 ἐποίη-

2023 1795 2114 1830 σεν
2164 1780 2192 1831 ό
2236 1779 2424 1840 πάντας
2458 1779 2733 1846 Στέφανος
2761 1779 2789 1829 ό
2831 1776 3117 1847 Συρῳρὼν,
3149 1776 3207 1837 ὃς
3236 1778 3336 1842 ,καὶ
3367 1775 3599 1843 πρῶτος

2026 1872 2138 1933 τοῖς
2169 1870 2399 1931 Ἰταλοῖς
2453 1872 2594 1937 μετὰ
2655 1869 2881 1938 ἀζύμων
2946 1868 3265 1937 παρέδωκεν
3316 1868 3600 1921 ἐπιτελεῖ-ι

2026 1966 2125 2029 τὴν
2181 1961 2345 2028 ἁγίαν
2394 1961 2730 2031 ἱερουργίαν,
2772 1961 2996 2029 καυτὴν
3029 1959 3348 2029 προσθήκην
3380 1958 3482 2027 τὴν
3519 1961 3605 2019 εἰς

2023 2054 2086 2106 τὸ
2148 2052 2415 2121 σύμϐολον
2467 2054 2531 2106 τὸ
2562 2054 2717 2117 ἅγιον
2761 2053 3008 2121 φανερῶς
3063 2052 3324 2118 ἐκήρυξε,
3368 2054 3466 2102 καὶ
3501 2051 3604 2113 τὰς

2026 2145 2216 2213 τρίχας
2245 2143 2337 2206 τοῦ
2373 2142 2631 2209 πώγωνος
2659 2142 2872 2211 πρῶτος
2919 2141 3203 2209 ἀπέθριξε,
3231 2141 3327 2193 καὶ
3350 2142 3473 2201 τοῖς
3503 2141 3603 2192 ὑπ’

2027 2235 2190 2288 αὐτὸν
2221 2236 2388 2287 πᾶσιν
2428 2233 2602 2295 οὕτως
2647 2233 2901 2297 ἐξέδωκε,
2949 2233 3328 2303 βασιλεύοντος
3367 2232 3468 2300 μὲν
3500 2233 3605 2299 τῆς

2028 2330 2153 2390 νέας
2186 2326 2409 2395 Ῥώμης
2441 2325 2519 2395 τῷ
2549 2326 2670 2378 τότε
2718 2325 2907 2394 καιρῷ
2939 2326 3032 2378 τοῦ
3067 2326 3405 2392 ἀειμνήστου
3444 2323 3605 2392 βασι⁴

2026 2419 2165 2478 λέως
2190 2416 2608 2471 Κωνσταντίνου
2643 2417 2737 2470 τοῦ
2790 2418 3120 2487 μονομάχου,
3160 2416 3607 2484 πατριαρχεύον-

2026 2525 2118 2571 τος
2148 2508 2202 2561 δὲ
2234 2508 2473 2577 Μιχαὴλ,
2522 2508 2581 2570 ὃς
2613 2511 2678 2577 τῇ
2734 2508 3020 2577 ἐπωνυμίᾳ
3063 2509 3277 2574 ἐλέγετο
3312 2507 3609 2576 Κηρουλάο

2032 2616 2169 2668 ριος.
2196 2599 2365 2660 Οὗτος
2407 2598 2500 2652 οὖν
2531 2603 2557 2652 ό
2589 2601 2934 2671 πατριάρχης
2966 2599 3161 2672 γνώμῃ
3186 2600 3279 2652 τοῦ
3329 2599 3610 2667 βασιλέως

2027 2691 2123 2742 καὶ
2182 2690 2290 2742 τῶν
2319 2689 2480 2759 313
2535 2691 2738 2758 ἐτέρων
2787 2691 2956 2757 τριῶν
2989 2688 3351 2757 πατριαρχῶν
3377 2691 3475 2741 καὶ
3506 2688 3606 2739 τοῦ

2025 2781 2461 2850 ἀρχιεπισκόπου
2528 2781 2871 2849 Βουλγαρίας
2926 2781 3021 2834 καὶ
3073 2782 3167 2832 τοῦ
3224 2781 3453 2848 Κύπρου
3504 2782 3608 2832 καὶ

2033 2873 2216 2941 πάσης
2248 2875 2347 2939 τῆς
2380 2871 2473 2923 ὑπ’
2502 2874 2666 2925 αὐτὸν
2700 2874 2920 2925 συνόδου
2954 2873 3048 2924 τὸν
3084 2873 3373 2940 εἰρημένον
3408 2874 3609 2925 πάπαυ

2035 2962 2315 3031 Στέφανον
2354 2962 2464 3015 τῶν
2509 2962 2785 3033 διπτύχων
2828 2963 3114 3026 ἐξέϐαλεν,
3167 2962 3457 3032 ζητοῦντες
3499 2964 3607 3028 τῆς

2026 3055 2133 3107 τῶν
2160 3055 2386 3125 ἀζύμων
2437 3058 2529 3109 καὶ
2590 3057 2693 3126 τῆς
2746 3056 3067 3125 προσθήκης
3111 3057 3210 3124 τῆς
3257 3054 3492 3124 ἐμϐολῆς
3536 3060 3609 3106 τὸ

365 3155 522 3208 αὐτοὶ
553 3155 763 3209 ἑαυτῶν
787 3152 886 3224 τὴν
922 3151 1201 3223 βασιλείαν
1244 3147 1562 3217 κρατοῦσιν,
1596 3148 1693 3199 οὐκ
1729 3144 1926 3207 εἰδότες
1955 3140 1999 3197 C
2032 3146 2227 3211 αἴτιον,
2279 3149 2488 3217 κόσμου
2537 3147 2648 3200 ἔτει
2684 3155 2819 3220 ,gtp',
2885 3147 3219 3209 ίνδικτιῶνος
3273 3145 3363 3200 ια’.
3443 3146 3508 3198 Ἥ
3541 3146 3607 3197 δι

366 3320 639 3385 crationes
671 3337 966 3397 perpetuas
1001 3328 1071 3384 iis
1102 3328 1337 3382 minatos
1366 3342 1509 3392 esse,
1543 3328 1636 3397 qui
1670 3327 1801 3395 quid
1829 3328 1927 3381 ad-

364 3407 669 3475 derent'aut
696 3418 977 3493 demerent
1006 3424 1100 3470 aut
1132 3416 1357 3470 omnino
1391 3416 1720 3469 ﬂuctuarent
1756 3416 1810 3468 in
1836 3416 1925 3480 iis,

365 3524 488 3579 qua:
516 3507 639 3577 ipsi,
668 3505 941 3575 Evangelii
971 3513 1025 3559 et
1055 3505 1427 3575 apostolorum
1466 3510 1733 3575 praecepta
1762 3519 1928 3559 accu-

365 3608 487 3653 rate
517 3597 753 3652 assecuti
779 3611 872 3665 per
900 3605 1148 3663 sanctum
1177 3594 1466 3665 Spiritum,
1485 3595 1924 3650 constituissent.

370 3690 560 3745 Testes
590 3699 718 3743 sunt
743 3688 864 3742 libri
895 3696 950 3741 et
968 3689 1157 3742 litterae
1182 3688 1428 3758 synodici
1453 3702 1790 3741 summorum
1816 3688 1931 3741 sin-

368 3781 508 3851 gulis
541 3779 875 3848 temporibus
896 3778 1273 3849 episcoporum
1299 3780 1413 3833 sive
1441 3795 1701 3850 paparum
1721 3788 1775 3834 et
1798 3795 1929 3832 san-

368 3883 577 3928 clarum
629 3873 840 3925 illarum
884 3871 1241 3940 synodornm,
1274 3885 1413 3937 quas
1465 3870 1927 3936 enumeravimus,

366 3978 489 4018 cum
538 3961 612 4015 illi
645 3977 675 4015 e
725 3972 903 4015 vestra
938 3970 993 4014 et
1024 3959 1345 4013 Latinorum
1380 3968 1541 4029 gente
1570 3971 1777 4025 essent,
1825 3960 1927 4014 viri

366 4052 437 4122 pii
477 4061 532 4107 et
552 4051 890 4107 venerabiles
919 4049 1067 4105 dicto
1107 4058 1159 4103 et
1194 4050 1358 4104 facto.
1396 4049 1544 4104 Hanc
1574 4050 1738 4120 igitur
1766 4052 1932 4105 tradi-

364 4145 582 4198 tionem-
601 4143 915 4197 inviolatam
938 4156 1249 4205 servamus,
1281 4156 1348 4195 ne
1370 4142 1425 4196 in
1453 4142 1926 4197 sanctissimorum

363 4234 737 4303 apostolorum
760 4243 813 4288 et
844 4219 1048 4301 septem
1080 4240 1393 4288 sanctarum
1423 4233 1756 4302 synodorum
1780 4247 1930 4288 aecu-

364 4325 702 4380 menicarum
733 4332 788 4379 et
821 4323 1301 4379 sanctissimorum
1335 4323 1551 4377 illorum
1573 4339 1762 4378 revera
1787 4339 1928 4378 sum-

2025 3329 2180 3383 licet.
2216 3327 2299 3381 An
2334 3327 2624 3381 orthodoxi
2661 3340 2789 3381 sunt
2814 3327 3122 3389 lsmaelitm,
3155 3327 3281 3396 quia
3309 3329 3467 3381 nobis
3494 3328 3609 3381 im-

2028 3425 2242 3485 perant,
2291 3414 2386 3469 aut
2429 3416 2640 3485 priores
2674 3416 2780 3469 illis
2806 3415 3125 3478 idololatrm,
3157 3414 3245 3483 qui
3281 3414 3611 3482 premebant

2026 3506 2392 3570 Christianos,
2447 3514 2540 3559 aut
2589 3505 2825 3575 IEgyptii
2860 3507 2943 3558 vel
2986 3492 3265 3575 Babylonii
3302 3505 3609 3559 lsmaelitis

2028 3600 2156 3653 olim
2197 3600 2522 3667 imperantes
2551 3599 2573 3650 ?
2598 3598 2891 3653 Enimvero
2939 3614 3046 3652 non
3086 3598 3309 3661 habent,
3342 3597 3476 3666 quid
3510 3613 3608 3651 re—

2028 3691 2353 3760 spondeant.
2398 3688 2454 3744 In
2486 3700 2675 3759 aperto
2716 3691 2860 3744 enim
2895 3700 2999 3754 est,
3034 3706 3128 3744 eos
3169 3690 3263 3758 qui
3301 3691 3606 3758 imperant,

2029 3783 2245 3850 impios,
2277 3782 2474 3849 quibus
2508 3790 2691 3835 autem
2728 3780 3049 3849 imperatur,
3079 3780 3203 3848 pios
3228 3793 3374 3833 esse.
3412 3777 3607 3842 Quare

2028 3887 2139 3927 non
2189 3873 2346 3927 decet
2379 3872 2501 3927 illos
2519 3873 2728 3941 jactare
2758 3873 3049 3941 imperium
3109 3886 3293 3924 suum.
3330 3870 3608 3924 Praeterea

2028 3973 2220 4018 contra
2277 3965 2500 4020 eesdetn
2551 3964 2801 4018 dicamus
2838 3982 2852 4017 :
2888 3962 3173 4030 Quomodo
3218 3965 3312 4032 qui
3346 3961 3609 4033 Mysiam,

2030 4053 2306 4117 Rossiam,
2333 4053 2560 4109 lberiam
2582 4055 2901 4108 orientalem
2926 4065 2979 4108 et
3002 4055 3291 4124 Abasgiam
3327 4054 3603 4117 habitant,

2029 4153 2077 4198 et
2102 4131 2237 4198 aliis
2295 4138 2350 4197 in
2385 4145 2700 4216 regionibus
2754 4154 3001 4214 regnent,
3027 4156 3081 4200 et
3113 4146 3199 4200 sui
3257 4146 3402 4215 juris
3462 4145 3607 4210 sint,

2029 4235 2469 4306 quandoquidem
2501 4242 2745 4291 nostram
2769 4246 2971 4291 sectam
2998 4239 3337 4307 sequuntur?
3362 4239 3429 4291 Αι
3448 4242 3606 4295 enim

2028 4325 2387 4379 ecclesiarum
2417 4324 2818 4380 dissensionem
2847 4336 3052 4382 temere
3091 4331 3259 4382 movit
3289 4329 3609 4399 Stephanus

366 4430 581 4469 morum
611 4416 993 4485 episcoporum
1026 4413 1456 4467 exsecrationem
1478 4404 1816 4468 incidamus.
1850 4414 1925 4467 Ac
1953 4436 2005 4494 ι)
2033 4414 2276 4483 Syrphro
2330 4429 2489 4483 papa,
2540 4415 2633 4484 qui
2682 4416 2905 4485 primus
2937 4433 3073 4486 pane
3131 4435 3237 4472 non
3272 4420 3610 4475 fermentata

366 4516 619 4561 tenemus
640 4521 770 4560 sane
815 4505 1123 4574 evangelice
1160 4515 1214 4557 et
1254 4506 1552 4573 apostolice
1581 4505 1958 4566 traditionem,

367 4598 567 4652 veteris
626 4598 832 4651 Romae.
874 4594 1072 4650 Nostra
1108 4598 1253 4650 enim
1283 4597 1533 4652 doctrina
1583 4599 1651 4651 ab
1682 4597 1930 4668 utrisque

364 4702 582 4756 semper
611 4686 894 4740 observata
922 4692 1113 4750 est;at
1136 4701 1254 4752 quae
1279 4684 1347 4739 ab
1373 4685 1479 4739 illis
1499 4687 1758 4740 innovate
1776 4695 1926 4752 sunt,

364 4779 497 4834 solis
528 4778 663 4846 ipsis
685 4793 790 4832 non
821 4777 1181 4846 vituperanda
1206 4793 1329 4831 esse
1353 4778 1627 4842 videntur,
1652 4779 1722 4831 ita
1742 4786 1802 4831 ut
1828 4793 1927 4832 nos

362 4870 581 4923 illorum
612 4867 828 4938 judices
860 4876 913 4921 et
948 4875 1296 4921 accusatores
1345 4880 1467 4921 esse
1506 4876 1778 4937 oporteat,
1814 4882 1924 4920 non

358 4968 573 5013 contra.
622 4956 802 5026 Nuper
854 4971 985 5011 vero
1018 4957 1069 5010 in
1105 4957 1211 5010 illis
1244 4957 1466 5025 quidam
1503 4972 1688 5010 rerum
1713 4956 1924 5009 divina-

358 5064 463 5104 rnr.
491 5090 507 5115 ,
545 5049 654 5103 imo
684 5050 864 5118 potius
890 5063 1153 5101 novarum
1185 5048 1417 5102 studiosi
1441 5049 1798 5111 exstiterunt,
1825 5046 1920 5115 qui

357 5155 466 5194 non
500 5149 838 5205 vererentur,
867 5139 934 5193 de
967 5141 1171 5194 noStris
1191 5140 1401 5193 scilicet
1427 5137 1709 5192 erroribus
1737 5139 1921 5205 dispu-

356 5233 545 5296 taturi,
572 5233 623 5285 in
647 5242 961 5301 suggestum
994 5231 1311 5295 ascendere,
1334 5244 1458 5282 cum
1481 5228 1617 5282 nihil
1637 5228 1919 5294 baberent,

344 5325 504 5391 ,quod
539 5323 825 5393 afferrent,
843 5322 951 5378 nisi
982 5324 1237 5377 amisisse
1266 5337 1366 5376 nos
1394 5321 1678 5391 imperium
1702 5332 1919 5390 propter

354 5416 617 5471 doctrinae
648 5418 972 5487 pravitatem
1011 5431 1025 5467 :
1057 5414 1214 5484 quasi
1244 5430 1373 5469 vero
1401 5413 1527 5483 ipsi,
1555 5414 1702 5483 quod
1730 5416 1920 5467 ortho-

352 5506 480 5560 (Ιοτὶ
522 5505 650 5571 sint,
688 5514 947 5561 tueantur
990 5506 1282 5574 imperium
1336 5519 1520 5571 suum,
1586 5504 1759 5573 ignari
1816 5504 1915 5567 illi,

353 5609 460 5649 non
492 5612 707 5660 omnes,
738 5598 829 5668 qui
856 5597 1151 5668 imperant,
1171 5598 1530 5664 orthodoxos,
1554 5611 1653 5651 nec
1671 5596 1765 5666 qui
1783 5597 1916 5649 obe-

349 5684 528 5750 dium,
549 5686 834 5743 haereticos
863 5703 1005 5756 esse,
1027 5687 1079 5741 id
1103 5689 1247 5757 quod
1275 5690 1327 5743 in
1366 5687 1523 5743 nobis
1553 5685 1911 5741 animadverti

2031 4516 2278 4560 sanctum
2311 4502 2640 4560 sacriﬁcium
2676 4512 2859 4577 peragi
2896 4509 3046 4572 sivit,
3078 4519 3134 4562 et
3160 4511 3605 4567 additamentum

2031 4593 2160 4647 illud
2187 4594 2252 4647 ad
2292 4601 2543 4648 sanetum
2592 4596 2900 4666 symbolum
2928 4597 3103 4665 palam
3136 4599 3518 4665 proclamavit,
3538 4617 3608 4657 ac

2028 4685 2237 4753 primus
2264 4686 2485 4740 barbam
2509 4687 2767 4753 totondit,
2792 4688 3044 4758 idemque
3067 4692 3325 4746 omnibus
3347 4692 3452 4746 sibi
3479 4696 3613 4748 sub—

2028 4777 2189 4847 jectis
2225 4777 2405 4831 facere
2434 4779 2709 4846 permisit,
2739 4790 3005 4847 regnante
3029 4789 3142 4833 tum
3166 4781 3316 4849 Cpoli
3339 4795 3609 4851 perpetno

2029 4866 2367 4919 memorabili
2419 4866 2748 4933 imperatore
2795 4867 3160 4923 Constantino
3200 4868 3567 4926 Monomaeho

2030 4956 2453 5041 patriarcltatnm
2489 4947 2909 5013 administrante
2947 4959 3235 5029 Micltaele,
3268 4965 3360 5031 qui
3395 4978 3606 5034 cogno-

2026 5058 2211 5101 mento
2258 5048 2574 5103 Ccrnlarius
2601 5051 3001 5118 appellabatur.
3038 5050 3135 5107 llic
3169 5052 3336 5121 igitur
3367 5056 3607 5123 patriar-

2027 5141 2130 5195 cha
2161 5156 2191 5194 e
2225 5144 2501 5211 sententia
2556 5144 2908 5212 imperatoris
2951 5154 3005 5199 et
3058 5132 3390 5216 reliquorum
3427 5148 3600 5204 trium

2027 5233 2485 5301 patriarcharum,
2517 5236 2913 5306 archiepiscopi
2943 5239 3071 5290 item
3109 5239 3376 5309 Bulgaria:
3403 5250 3458 5293 et
3491 5240 3605 5307 Cy-

2023 5325 2130 5393 pri,
2164 5324 2330 5378 totius
2358 5325 2619 5393 deniqne,
2649 5327 2737 5379 cui
2760 5340 3013 5395 praeerat,
3039 5331 3252 5399 synodi.
3281 5347 3407 5385 eum
3437 5348 3601 5399 quem

2023 5415 2160 5478 dixi,
2202 5429 2397 5483 papam
2431 5413 2796 5484 Stephanum,
2844 5419 3156 5486 diplomatis
3206 5422 3385 5490 ejecit,
3441 5423 3603 5490 panis

2023 5507 2330 5560 fermentati
2350 5517 2401 5561 et
2429 5510 2554 5561 facti
2575 5509 2931 5563 additamenti
2964 5514 3225 5565 rationem
3255 5513 3599 5575 desiderans,

2021 5610 2168 5648 anno
2221 5595 2411 5649 mundi
2442 5597 2604 5652 6500.
2643 5597 2900 5653 Ecclesiae
2951 5611 3136 5654 autem
3174 5602 3518 5656 Alexandrize
3544 5612 3601 5655 et

1994 5731 2001 5738 .
2025 5687 2325 5744 Antiochia:
2342 5697 2396 5744 et
2424 5688 2955 5761 Hierosolymorum,
2991 5694 3163 5750 ﬁdelis
3187 5695 3446 5759 Thebais,
3473 5709 3607 5749 sano

3900 616 3903 825 ι
