3916 6196
264 330 370 397 901

1298 338 1737 399 CIIRONICON
1783 339 2052 431 MAIUS.
2084 368 2149 377 -
2178 345 2328 406 LIB.
2370 345 2466 407 ιν.

3411 349 3520 413 902

284 446 585 517 Ἐκκλησία
626 449 724 518 τῆς
766 450 1173 519 Ἀλεξανδρείας
1234 454 1332 504 καὶ
1373 453 1709 522 Ἀντιοχεῖας
1757 452 1850 502 καὶ
1882 457 1923 512 Α
1955 455 2191 525 δέχεται,
2227 478 2245 510 ι
2309 462 2405 515 καὶ
2442 459 2509 513 τὰ
2572 461 2718 529 ἑξῆς.
2765 478 2790 530 ι,
2840 460 3038 522 Πιστὸς
3091 462 3234 530 γὰρ,
3278 462 3465 529 φησῖν,
3501 466 3521 515 3

283 540 694 610 Ἰεροσολύμων,
721 543 754 609 ἡ
800 541 1009 610 Θηϐαΐς
1039 544 1071 611 ἡ
1107 543 1294 612 πιστὴ.
1333 547 1367 612 ἡ
1397 543 1574 607 Λιϐύη
1615 545 1647 610 ἡ
1695 542 1843 606 ὁσία,

272 633 306 701 ἡ
335 632 463 694 τοὺς
488 631 721 694 πολίτας
766 632 1014 700 θρέψασα
1059 633 1155 700 τῆς
1207 633 1479 702 βασιλείας
1520 637 1629 687 τῶν
1681 635 1847 704 οὐρα-

272 719 403 782 νῶν,
435 720 619 784 καθὼς
667 724 835 791 φησὶν
878 724 904 774 6
956 723 1099 776 θεῖος
1126 724 1377 792 Κοσμᾶς,
1411 724 1469 775 ἐν
1496 723 1634 791 ποίῳ
1665 722 1846 793 καιρῷ

270 810 653 879 ἐδουλώθησαν
681 812 785 864 ὑπὸ
804 811 900 865 τοῦ
934 815 1124 882 ἀμηρᾶ
1148 815 1366 883 Ούμὰρ,
1391 816 1540 878 ὅστις
1569 814 1637 885 ἦν
1667 819 1695 868 6
1731 815 1847 884 τρί-

267 919 361 964 τος
385 902 524 969 μετὰ
551 903 645 955 τὸν
670 904 1118 974 τρισκατάρατον
1152 907 1289 960 Μωά
1300 905 1422 974 μεθ,
1462 909 1558 962 καὶ⁸
1582 908 1845 978 ᾐχμαλω-

267 992 582 1060 τίσθησαν;
620 995 733 1047 Καὶ
782 997 945 1048 τοῦτο
989 997 1224 1063 φανερόν
1284 999 1433 1051 ἐστιν
1480 998 1555 1061 ὡς
1598 999 1874 1066 ἐγεγόνει·

266 1085 364 1136 ἐπὶ
400 1086 506 1154 τῆς
532 1084 814 1155 βασιλείας
869 1089 1289 1143 Κωνσταντίνου
1334 1090 1429 1143 τοῦ
1473 1092 1840 1159 Πωγωνόιτου,

265 1177 479 1246 κόσμου
527 1178 638 1231 ἔτει
674 1178 869 1251 ,ςρλδᾌ
903 1182 1037 1249 πρὶν
1069 1184 1170 1250 τὴν
1202 1183 1369 1251 ἁγίαν
1402 1183 1497 1237 καὶ
1526 1184 1849 1254 οίκουμενι-,

264 1267 372 1337 κὴν
408 1267 580 1337 ἕκτην
614 1268 834 1322 σύνοδον
869 1272 1328 1342 συναθροισθῆναι
1354 1315 1370 1339 ,
1401 1275 1536 1327 ὅπου
1572 1275 1695 1328 οὕτε
1729 1276 1844 1345 σχί-

227 1377 456 1428 -σματα
510 1362 569 1411 ἐν
599 1364 720 1423 ταῖς
763 1362 1081 1432 ἐκκλησίαις
1111 1365 1360 1434 ὑπῆρχον
1397 1365 1521 1419 οὔτε
1564 1366 1840 1438 διαφοραί.

262 1452 422 1506 Μετὰ
469 1451 526 1504 δέ
560 1469 684 1506 τινα
719 1454 913 1524 καιρὸν
966 1455 1017 1507 οί
1067 1454 1309 1524 βασιλεῖς
1346 1459 1485 1527 μετὰ
1524 1460 1693 1512 κόπου
1741 1460 1842 1513 οὐκ

260 1541 446 1608 ὀλίγου
482 1542 583 1612 τὴν
618 1542 781 1610 ἁγίαν
816 1544 973 1597 πόλιν
1013 1546 1076 1597 ἐκ
1127 1545 1237 1599 σιῶν
1265 1548 1463 1616 χειρῶν
1494 1547 1608 1602 τῶν
1628 1550 1840 1604 ἀσεϐῶν

260 1634 654 1703 ἠλευθέρωσαν
718 1637 814 1689 καὶ
900 1636 1007 1689 ὑπὸ
1062 1638 1164 1707 τὴν
1220 1638 1469 1704 ἐξουσίαν
1546 1640 1840 1710 Ῥωμαίοις

265 1726 561 1794 ἐποίησαν
594 1726 690 1779 καὶ
722 1727 884 1780 πάλιν
926 1727 988 1780 ἐκ
1017 1728 1281 1800 δευτέρου
1318 1731 1408 1783 ἐπὶ
1433 1731 1535 1801 τῆς
1560 1733 1840 1802 βασιλείας

263 1818 554 1870 Βασιλείου
635 1818 732 1870 τοῦ
804 1822 1326 1890 πορφυρογεννήτου
1400 1825 1493 1876 τοῦ
1541 1824 1837 1894 λεγομένου

262 1909 743 1985 Βουλγαροκτόνου
792 1912 970 1981 δ-τῆς
1002 1912 1280 1975 Αἰγύπτου
1331 1914 1557 1985 ἁμηρᾶς
1604 1916 1841 1982 Ἀζίξιος

261 2005 363 2070 τὴν
388 2002 555 2068 ἁγίαν
575 1983 745 2054 ’πόλιν
776 2001 940 2056 πάλιν
965 2002 1128 2056 ἔλαϐε
1163 2003 1409 2074 πολέμῳ,
1429 1983 1525 2058 καὶ
1553 2008 1646 2060 τὸν
1667 2008 1841 2077 τάφον

261 2096 357 2150 τοῦ
402 2097 662 2167 Σωτῆρος
722 2098 879 2167 ἡμῶν
945 2098 1120 2169 Ἰησοῦ
1171 2099 1412 2169 Χριστοῦ
1466 2104 1842 2173 ἐγηγερμένον

262 2188 576 2251 πολυτελῶς
612 2188 758 2242 θεῖον
789 2188 915 2242 ναὸν
943 2192 1382 2262 κατεστρέψατο,
1425 2194 1520 2246 καὶ
1570 2194 1641 2246 τὰ
1670 2194 1842 2264 σκεύη

261 2280 610 2349 ἐλυμήνατο,
655 2279 726 2333 τὰ
764 2282 1105 2350 μοναστήρια
1169 2284 1535 2353 κατηδὰφισε,
1579 2287 1675 2340 καὶ
1716 2264 1842 2349 τοὺς

259 2370 431 2442 314
465 2372 839 2439 ἀσκουμένους
878 2374 1200 2444 ἁπανταχοῦ
1237 2375 1335 2443 τῆς
1359 2379 1462 2446 γῆς
1494 2379 1709 2448 ἐκείνης
1742 2396 1843 2448 μοί

261 2463 509 2532 ναχοὺς,,
532 2464 770 2527 Ἰταλοὺς
818 2465 878 2517 τὸ
907 2465 1072 2519 πλέον
1105 2467 1137 2537 ἦ
1173 2465 1482 2537 Ῥωμαίους
1523 2469 1616 2522 καὶ
1645 2469 1704 2533 ἐξ
1733 2470 1844 2524 ἐτέ-

264 2570 383 2622 ρων
432 2552 640 2623 φυλῶν,
683 2553 952 2623 ἐφόνευσε
994 2555 1092 2608 καὶ
1126 2557 1487 2625 ἐφυγάδευσε.
1524 2558 1671 2611 Πάνυ
1708 2560 1842 2611 θαυ-

265 2643 482 2712 μαστόν
531 2646 718 2709 ἐστιν,
772 2645 848 2710 ὡς
876 2646 1156 2713 λέγουσιν,
1193 2649 1492 2718 ἡνωμένων
1530 2649 1707 2701 οὐσῶν
1734 2648 1843 2703 τῶν

260 2737 583 2806 ἐκκλησιῶν
612 2737 691 2807 τῷ
729 2740 850 2791 τότε
881 2738 1085 2808 καιρῷ,
1119 2739 1236 2802 πῶς
1263 2742 1290 2793 6
1324 2740 1457 2803 Θεὸς
1490 2740 1843 2812 ἐπαρέδωκεν

258 2827 464 2890 αὐτοὺς
493 2828 573 2890 εἰς
603 2831 787 2898 χεῖρας
823 2829 1056 2884 ἀσεϐῶν.
1094 2831 1256 2883 Ὥστε
1292 2834 1355 2885 ἐκ
1384 2834 1605 2887 πάντων
1634 2834 1842 2889 τούτων

254 2911 323 2985 ἦν
369 2916 502 2969 ίδιῖν
526 2918 609 2970 δτι
657 2918 720 2971 οὐ
769 2919 857 2972 διὰ
897 2923 1244 2989 παρανομίαν
1286 2923 1411 2975 τινὰ
1460 2924 1842 2994 παρεδόθημεν

254 3011 375 3071 τοῖς
437 3008 652 3079 ἐχθροῖς
699 3009 889 3079 ἠμῶν¹,
945 3011 1083 3064 ἀλλὰ
1122 3013 1264 3083 πρὸς
1304 3014 1535 3083 μερικὴν
1562 3015 1837 3078 παιδείαν,

1949 545 2103 611 Θεὸς,
2139 549 2197 611 ὃς
2229 551 2327 602 οὐκ
2373 552 2571 620 ἀφήσει
2625 553 2770 620 ὑμᾶς
2824 555 2905 612 είς
2956 553 3109 614 τέλος
3149 555 3521 624 πειρασθῆναι

1950 637 2090 707 ὑπὲρ
2136 639 2163 691 ὃ
2193 639 2446 694 δύνασθε.
2485 661 2504 693 ι
2551 644 2662 703 Καὶ
2692 646 2719 696 6
2756 645 2920 696 Δαϐίδ
2948 661 2963 676 ο
2997 663 3016 696 t
3062 646 3344 700 Παιδεύων
3368 648 3525 700 ἐπαί-

1948 729 2107 782 δευσέ
2159 747 2227 799 με
2270 733 2297 783 6
2352 732 2594 803 Κύριος,
2627 733 2706 803 τῷ
2751 733 2812 788 δὲ
2859 736 3075 805 θανάτῳ
3123 738 3184 789 ού
3233 740 3521 808 παρέδωκε

1950 836 2040 889 με.
2074 840 2092 872 ι
2442 882 2447 893 _

2018 913 2128 965 Καὶ
2155 912 2315 965 τοῦτο
2341 912 2593 966 ἄκουσον.
2635 915 2849 984 Ὠσπερ
2877 917 3057 969 τοίνυν
3099 920 3134 986 ἡ
3164 918 3273 971 τῶν
3323 918 3523 971 ’Λσσυο

1950 1004 2082 1074 ρίων
2113 1004 2363 1075 βασιλεία
2393 1005 2665 1075 κατελύθη
2707 1006 2814 1059 ὑπὸ
2845 1009 2955 1060 τῶν
2988 1007 3372 1079 Βαϐυλιιψίων,
3408 1012 3441 1078 ἡ
3466 1011 3523 1061 δὲ

1944 1096 2056 1151 τῶν
2087 1097 2454 1150 Βαϐυλωνίων
2508 1093 2613 1150 ύπδ
2646 1098 2757 1149 τῶν
2796 1097 3045 1167 Περσῶν,
3076 1101 3108 1166 ἡ
3151 1101 3206 1152 δέ
3240 1101 3350 1153 τῶν
3386 1103 3525 1168 Περ-

1948 1188 2057 1240 σῶν
2091 1190 2196 1242 ὑπὸ
2230 1188 2340 1240 τῶν
2372 1189 2723 1254 Μακεδόνων,
2760 1189 2792 1259 ἡ
2824 1188 2881 1242 δὲ
2907 1190 3237 1243 Μακεδόνων
3277 1192 3384 1243 ὑπὸ
3414 1192 3524 1245 τῶν

1960 1280 2271 1347 Ῥωμαίων,
2313 1279 2485 1342 οὕτως
2527 1283 2620 1334 καὶ
2666 1283 2699 1350 ἡ
2746 1283 2858 1334 τῶν
2902 1282 3196 1350 Ῥωμαίων
3249 1282 3523 1351 κατελύθη

1945 1370 2050 1424 ὑπὸ
2096 1370 2207 1424 τῶν
2248 1370 2640 1439 Ὀτμανλίδων.
2675 1369 2749 1423 Τὸ
2794 1371 2850 1423 δὲ
2878 1372 3035 1434 τέλος
3077 1370 3286 1440 ταύτης
3318 1371 3440 1441 ἦξει
3468 1374 3527 1425 ἐν

1943 1463 2022 1533 τῷ
2067 1464 2403 1532 προσήκοντι
2452 1465 2544 1516 καὶ
2579 1464 2874 1533 ὡρισμένῳ
2906 1465 3104 1534 καιρῷ,
3155 1466 3253 1518 καὶ
3289 1464 3527 1519 καταλυ-

1944 1555 2190 1626 θήσεται,
2224 1555 2408 1618 καθὼς
2456 1556 2624 1624 φησὶν
2653 1558 2681 1607 6
2734 1555 3025 1619 θεσπέσιος
3071 1555 3299 1619 Ἡσαΐας
3340 1558 3398 1608 ἐν
3448 1555 3526 1625 τῷ

1942 1649 2039 1717 τῆς
2072 1647 2383 1716 Ἰδουμαίας
2436 1649 2676 1717 δράματι
2702 1663 2715 1679 ο
2767 1666 2785 1698 t
2824 1644 2959 1700 Είπέ
3000 1666 3091 1713 μοι
3125 1648 3365 1718 Κύριος·
3429 1648 3523 1717 ἔτη

1944 1739 2192 1792 ἐνιαυτοῦ
2230 1740 2303 1800 ὡς
2335 1739 2587 1802 ἐνιαυτὸς
2625 1738 2921 1808 μισθωτοῦ,
2957 1740 3119 1810 315
3150 1740 3241 1792 καὶ
3283 1738 3524 1808 ἐκλείψει

1945 1833 1978 1902 ή
2013 1832 2139 1895 δόξα
2164 1831 2384 1901 Κηδὰρ,
2415 1830 2510 1884 καὶ
2537 1831 2599 1883 τὸ
2629 1831 2985 1900 κατάλειμμα
3018 1833 3130 1885 τῶν
3172 1831 3526 1900 τοξευμάτων

1944 1926 2075 1995 υίῷν
2102 1923 2289 1993 Κηδὰρ
2315 1922 2425 1975 τῶν
2456 1921 2696 1992 ίσχυρῶν
2722 1923 2876 1975 ἔσται
2911 1923 3115 1990 ὀλίγον,
3147 1923 3285 1976 διότι
3319 1922 3525 1992 Κύριος

1944 2017 2207 2085 ἐλάλησεν
2231 2020 2259 2069 6
2288 2016 2419 2076 Θεὸς
2455 2015 2698 2084 Ἰσραήλ.
2740 2033 2758 2066 ι
2796 2015 2953 2068 Οὕτω
2986 2015 3041 2067 δὲ
3093 2017 3187 2068 καὶ
3213 2018 3241 2068 6
3274 2017 3526 2082 σοφώτα-

1943 2125 2035 2170 τος
2080 2108 2353 2175 Στέφανος
2380 2108 2408 2160 6
2436 2106 2847 2173 Ἀλεξανδρεὺς,
2895 2106 3285 2163 ἐπακολουθῶν
3322 2107 3401 2177 τῷ
3427 2108 3525 2161 τοῦ

1945 2202 2229 2270 προφήτου
2261 2198 2434 2270 ῥητῷ,
2470 2199 2567 2252 ἐπὶ
2598 2199 2753 2261 ἔτους
2790 2197 2989 2269 ,ςρλα’,
3032 2200 3412 2270 Σεπτεμϐρίου
3452 2201 3522 2269 γ’.

1945 2292 2129 2363 ἡμέρᾳ.
2156 2289 2209 2357 ς’
2240 2291 2499 2359 θεμάτιον
2532 2295 2659 2360 περὶ
2693 2291 2793 2359 τῆς
2834 2292 2942 2342 τῶν
2974 2290 3337 2359 Ἰσμαηλιτῶν
3368 2290 3525 2359 βασι-

1945 2377 2095 2439 λείας
2129 2379 2360 2447 ποιήσας
2404 2380 2499 2430 καὶ
2530 2378 2854 2441 κανονίσας,
2899 2400 2916 2428 ι
2958 2378 3126 2441 Οὗτος
3169 2381 3439 2449 κρατήσει
3469 2381 3527 2432 ἐν

1951 2464 2095 2535 ἰσχύϊ
2131 2465 2230 2532 μὲν
2281 2466 2374 2517 καὶ
2409 2466 2635 2536 εὐτυχία
2674 2466 2770 2535 ἐτη
2803 2468 3097 2535 τριακόσια
3144 2469 3324 2533 ἐννέα,
3376 2470 3434 2522 ἐν
3470 2471 3526 2523 δὲ

1947 2560 2229 2627 συστροφῇ
2280 2559 2373 2610 καὶ⁵
2409 2558 2794 2627 ἀκαταστασία
2822 2558 2988 2627 ἕτερα
3040 2559 3135 2630 ἐτη
3182 2546 3529 2631 πεντήκοντα

1945 2648 2025 2711 ἐξ,
2057 2648 2199 2702 ὥστε
2230 2644 2373 2701 εἶναι
2404 2648 2502 2719 τὴν
2526 2648 2888 2719 διακράτησιν
2922 2651 3107 2704 αὐτῶν
3152 2654 3334 2706 πᾶσαν
3363 2655 3527 2707 εὐτυ-

1945 2738 2149 2808 χοῦσαν
2181 2741 2276 2791 καὶ
2318 2739 2692 2808 δυστυχοῦσαν
2724 2739 2819 2809 ἐτη
2866 2740 2994 2804 τξε’.
3033 2760 3052 2793 ι
3086 2724 3247 2807 Τινὲς
3298 2745 3398 2811 μέν
3443 2744 3528 2798 λο⁹

1947 2829 2052 2895 ξῶς
2092 2829 2187 2884 τὸν
2235 2831 2489 2901 χρησμὸν
2529 2831 2992 2900 διαλαμϐάνοντες
3048 2832 3291 2901 λέγουσι,
3326 2836 3527 2899 Κακῶς

1945 2923 2274 2994 ἐθεμάτισεν
2324 2926 2352 2977 6
2402 2924 2760 2991 ἀστρονόμος,
2808 2923 3183 2992 λαμϐάνοντες
3212 2925 3313 2995 τὴν
3346 2929 3526 2996 ἀρχὴν

1945 3012 2039 3066 τοῦ
2075 3012 2326 3083 χρησμοῦ
2359 3014 2421 3065 ἐκ
2452 3012 2546 3065 τοῦ
2585 3013 2882 3083 εἰρημένου
2932 3013 3084 3075 ἔτους
3111 3030 3124 3043 ·
3170 3015 3265 3067 καὶ
3298 3015 3398 3069 ἐὰν
3430 3018 3526 3069 οῦς

252 3102 329 3164 ὡς
385 3102 483 3153 καὶ
506 3103 556 3154 oi
614 3100 721 3171 πρὸ
757 3102 918 3170 ἡμῶν
963 3102 1148 3170 ἅγιον
1196 3120 1215 3153 ι
1254 3103 1368 3156 Καὶ
1412 3106 1592 3157 πάντα
1643 3107 1752 3176 γὰρ
1778 3107 1836 3160 δν
1870 3115 1912 3173 c
1947 3121 2054 3166 τως
2102 3099 2170 3174 ἦν
2200 3104 2276 3163 ὼς
2334 3104 2435 3171 ἐμὲ
2470 3105 2619 3171 παχὺ
2670 3103 2891 3166 λεπτὸν,
2948 3103 3245 3158 ἐλάνθανεν
3290 3106 3522 3160 ἐκεῖνον.

253 3178 691 3265 ἀγαπᾷΊίύριος
732 3193 1006 3261 παιδεύει,
1041 3197 1305 3266 μαστιγεῖ
1329 3196 1384 3249 δὲ
1417 3198 1531 3252 υίὶν
1574 3198 1633 3251 ὃν
1665 3216 1840 3267 παρα·

254 3388 341 3432 rta
372 3376 562 3446 Libya,
597 3390 720 3446 qua:
760 3375 909 3429 cives
933 3375 1152 3444 imperii
1204 3376 1465 3432 caelorum
1497 3379 1743 3446 nutrivit,
1780 3389 1840 3434 ut

252 3470 331 3523 ait
357 3468 583 3526 divinus
604 3466 856 3531 Cosmas,
885 3480 1125 3535 quonam
1165 3473 1406 3534 tempore
1433 3467 1672 3521 subactae
1713 3479 1840 3524 sunt

254 3563 322 3615 ab
354 3558 567 3613 Umaro
596 3570 804 3621 amera,
841 3565 967 3627 post
1006 3556 1373 3613 Mobametem
1405 3567 1487 3612 ter
1540 3574 1838 3615 exsecran-

253 3654 393 3706 dum
429 3648 613 3711 tertio,
651 3656 707 3703 et
740 3648 791 3702 in
822 3648 1138 3703 servitutem
1174 3651 1448 3704 redactae?
1482 3648 1707 3705 Factum
1735 3652 1839 3707 hoc

253 3751 344 3798 est
404 3740 693 3795 manifesto
751 3741 1053 3809 imperante
1110 3739 1469 3795 Constantino
1535 3741 1835 3811 Pogonato,

255 3847 407 3887 anno
439 3832 626 3886 mundi
662 3832 824 3895 6l56,
855 3839 1147 3901 antequam
1182 3842 1370 3887 sancta
1404 3844 1454 3887 et
1497 3835 1837 3913 meumenica

253 3936 414 3980 sexta
431 3926 671 3997 synodus
694 3925 1011 3990 haberetur,
1029 3941 1140 3995 quo
1163 3935 1403 3995 tempore
1422 3943 1519 3980 nec
1541 3927 1836 3983 schismata

253 4034 362 4073 nec
392 4017 618 4073 dissidla
648 4018 703 4071 in
730 4016 978 4073 ecclesiis
1011 4026 1187 4071 erant.
1214 4017 1511 4088 Aliquanto
1539 4027 1659 4086 post
1683 4035 1836 4090 reges

255 4110 451 4164 labore
495 4123 604 4162 non
641 4106 748 4161 levi
782 4108 1025 4162 sanciam
1060 4107 1251 4162 urbem
1285 4124 1312 4162 a
1343 4109 1602 4165 manibus
1638 4110 1838 4180 impio-

253 4215 381 4253 rum
404 4198 734 4252 vindicatam
771 4195 1146 4251 Romanorum
1181 4197 1527 4253 tradiderunt
1558 4200 1834 4268 imperio;

251 4294 349 4346 sed
383 4292 688 4360 imperante
730 4284 935 4346 Basilio
974 4290 1459 4361 porphyrogenito,
1510 4292 1606 4360 qui
1644 4291 1839 4363 Bulga-

252 4394 524 4439 roctonus
560 4383 897 4449 nominatur,
932 4398 1129 4438 rursus
1163 4382 1384 4455 Egypti
1426 4399 1643 4440 ameras
1665 4428 1681 4451 ,
1710 4385 1836 4439 Διί-

251 4476 401 4537 zius,
460 4475 710 4529 eamdem
761 4472 1135 4544 expugnavit,
1174 4476 1488 4544 sepulcrum
1535 4475 1836 4532 Salvatoris

251 4568 432 4623 nostri
452 4566 582 4623 Jesu
618 4567 822 4622 Christi
851 4576 905 4620 et
934 4577 1260 4637 sumptuose
1283 4577 1540 4623 ornatum
1576 4570 1837 4639 templum

249 4659 665 4715 sanctissimum
698 4660 754 4713 in
788 4668 1119 4729 petestatem
1178 4661 1408 4731 redegit,
1442 4661 1835 4732 supellectilem

246 4753 471 4823 polluit,
504 4753 829 4807 monasteria
863 4753 1085 4817 evertit,
1111 4751 1293 4807 ubivis
1340 4754 1454 4807 illic
1507 4769 1713 4823 corpus
1743 4770 1837 4810 ex-

246 4852 508 4898 ercentes
538 4843 861 4907 monachos,
893 4842 946 4896 in
974 4844 1175 4912 quibus
1207 4845 1468 4899 Italorum
1500 4856 1555 4899 et
1603 4846 1833 4900 aliarum

246 4934 503 5004 gentium
556 4934 756 5004 major,
788 4948 953 5002 quam
990 4935 1365 4988 Romanorum
1405 4951 1668 4990 numerus
1696 4947 1834 5003 erat,

249 5032 354 5076 ant
385 5022 588 5077 occidit
613 5032 710 5078 aut
747 5022 975 5092 iugavit.
1009 5023 1175 5077 Plane
1204 5027 1407 5078 mirum
1436 5035 1617 5079 autem
1643 5034 1748 5088 est,
1779 5035 1838 5080 ut

250 5116 433 5181 aiunt,
467 5115 835 5181 Christianos,
858 5130 983 5170 cum
1019 5116 1324 5185 conjuncta:
1352 5125 1536 5172 essent
1565 5119 1832 5183 ecclesiae,

248 5219 281 5257 a
314 5205 429 5258 Deo
456 5216 571 5259 tum
604 5206 657 5259 in
695 5214 1019 5274 potestatem
1062 5206 1353 5276 impiorum
1403 5209 1634 5263 traditos
1691 5227 1830 5265 esse.

249 5297 410 5349 Adeo
435 5314 501 5351 ex
535 5284 619 5351 his
647 5297 902 5351 omnibus
922 5298 1270 5366 intelligitur,
1305 5315 1411 5352 non
1462 5312 1685 5369 propter
1710 5318 1834 5370 pec-

250 5398 441 5441 catum
483 5388 702 5457 aliquod
733 5390 981 5445 hostibus
1014 5406 1116 5445 nos
1150 5390 1432 5460 subjectos
1463 5409 1607 5454 esse.
1639 5396 1736 5447 sed
1761 5399 1830 5448 ob

252 5476 586 5545 singularem
616 5479 1021 5548 educationem,
1055 5482 1520 5551 quemadmodum
1549 5485 1677 5538 olim
1703 5501 1831 5539 san-

252 5569 328 5620 cti
348 5569 650 5623 docuerunt
675 5589 688 5625 :
720 5590 738 5623 t
761 5569 1162 5643 Quemcunque
1185 5573 1328 5629 enim
1352 5583 1497 5629 amat
1522 5575 1683 5640 Deus,
1702 5591 1825 5630 emn

253 5657 474 5725 educat,
504 5672 558 5716 et
593 5663 825 5732 castigat
872 5664 1065 5732 tilium,
1101 5681 1262 5735 quem
1302 5667 1519 5737 recipit,
1551 5687 1569 5720 ι
1607 5678 1660 5722 et
1706 5684 1828 5739 quae

252 5762 584 5813 sequuntur.
623 5773 639 5805 ι
679 5754 877 5810 Fidelis
919 5758 1087 5823 enim,
1124 5759 1219 5826 ait,
1274 5756 1537 5815 Dominus
1586 5772 1688 5826 ρει,
1738 5760 1828 5830 qui

1955 3194 2099 3263 Ἐγὼ
2136 3195 2194 3248 δὲ
2229 3196 2372 3251 κατὰ
2403 3196 2463 3247 τὸ
2498 3194 2691 3249 δοκοῦν
2730 3195 2893 3289 τινῶν
2935 3195 3246 3266 φιλοσόφων
3278 3198 3522 3266 ἀρίστων

1942 3348 2052 3426 non
2086 3372 2363 3438 permittet
2408 3386 2505 3424 vos
2529 3370 2695 3435 ultra,
2728 3386 2891 3441 quant
2957 3373 3235 3427 sustinere
3274 3375 3522 3444 possitis,

1945 3465 2164 3520 tentari.
2206 3484 2223 3514 ι
2281 3463 2413 3519 item
2467 3464 2681 3517 David:
2727 3482 2746 3515 ι
2786 3461 3087 3519 Educando
3132 3466 3386 3521 educavit
3437 3484 3525 3523 me

1944 3557 2229 3622 Dominus,
2264 3572 2363 3612 nec
2394 3572 2521 3611 vero
2554 3557 2714 3611 morti
2752 3572 2837 3610 me
2870 3558 3119 3611 tradidit.
3151 3553 3191 3609 ι’

2012 3649 2187 3703 Etiam
2224 3650 2326 3703 hoc
2368 3650 2520 3703 audi.
2551 3648 3027 3714 Quemadmodum
3054 3652 3406 3721 Assyriorum
3442 3668 3526 3707 rc-

1942 3755 2107 3809 gnum
2139 3756 2168 3794 a
2209 3740 2525 3807 Babyloniis
2571 3755 2823 3793 eversum
2875 3748 2979 3804 est,
3039 3741 3456 3811 Babyloniorum
3491 3759 3521 3798 a

1942 3830 2149 3894 Persis,
2198 3829 2492 3884 Persarum
2530 3846 2559 3884 a
2604 3830 3018 3897 Macedonibus,
3084 3831 3439 3888 Macedonum
3490 3849 3521 3888 a

1942 3923 2225 3985 Romanis,
2267 3923 2341 3976 ita
2394 3921 2766 3976 Romanorum
2817 3934 3037 3991 quoque
3102 3923 3393 3993 imperium
3452 3925 3522 3980 ab

1940 4012 2344 4069 Otmanlidibus
2379 4031 2393 4067 :
2426 4019 2591 4081 atque
2630 4013 2828 4067 horum
2882 4013 3005 4066 linis
3052 4012 3229 4068 aderit
3273 4015 3424 4083 justo
3466 4028 3522 4069 et

1939 4106 2238 4162 constituto
2265 4113 2531 4174 tempore,
2555 4113 3009 4173 evertenturque,
3036 4105 3179 4158 sicut
3203 4109 3278 4158 alt
3296 4087 3518 4160 divinus

1940 4200 2108 4255 Isaias
2136 4198 2191 4252 in
2216 4197 2398 4267 specie
2425 4197 2694 4251 Idumaeae.
2728 4214 2747 4247 ι
2783 4195 2929 4250 Dixit
2956 4194 3088 4249 mihi
3116 4195 3520 4253 Dominus:lno

1939 4298 2021 4345 tra
2064 4305 2291 4353 annum,
2327 4288 2505 4359 qualis
2535 4297 2618 4342 est
2663 4303 2843 4342 annus
2893 4288 3250 4355 mercenarii,
3303 4289 3521 4357 deﬁciet

1938 4380 2113 4457 gloria
2151 4379 2349 4445 Cedar,
2376 4387 2432 4435 et
2477 4379 2721 4448 reliquiae
2751 4378 3063 4449 jaculorum
3107 4378 3332 4433 fortium
3376 4381 3518 4436 tilio-

1942 4488 2063 4526 rum
2094 4470 2271 4526 Cedar
2299 4468 2508 4541 exiguae
2536 4478 2717 4534 erunt,
2749 4470 3007 4537 quoniam
3052 4469 3342 4538 Dominus,
3378 4471 3519 4528 Deus

1930 4558 2179 4627 'lsraelis,
2207 4563 2422 4616 locutus
2446 4572 2550 4618 est.
2583 4582 2601 4614 ι
2649 4564 2729 4617 Ad
2756 4566 2899 4633 quod
2924 4563 3128 4619 dictum
3160 4566 3440 4636 prophetae,
3460 4583 3519 4621 se

1939 4655 2261 4724 appliquans
2283 4655 2727 4723 sapientissimus
2750 4645 3070 4724 Stephanus
3096 4657 3518 4723 Alexandrinus,

1938 4764 2082 4804 anno
2136 4750 2296 4814 6151,
2340 4746 2679 4816 Septembris
2727 4748 2815 4802 die
2855 4749 2912 4810 3,
2948 4749 3310 4807 hebdomadis
3340 4752 3394 4814 6,
3449 4754 3517 4808 de

1934 4840 2336 4894 lsrnaelitarum
2371 4847 2540 4908 regno
2571 4840 2674 4894 hoc
2720 4841 2897 4894 thema
2928 4841 3050 4895 fecit
3099 4851 3151 4896 et
3178 4845 3465 4898 constituit
3500 4862 3513 4897 :

1943 4929 2025 4984 «is
2074 4938 2322 4997 potenter
2361 4938 2416 4981 et
2451 4945 2714 4999 prospere
2748 4931 3002 5001 regnabit
3038 4944 3518 4991 annostrecentos

1939 5038 2155 5087 novem,
2189 5027 2242 5075 iu
2278 5037 2460 5075 rerum
2498 5022 2769 5090 angustiis
2800 5032 2849 5075 cl
2873 5025 3286 5091 perturbatione
3320 5026 3515 5081 deinde

1940 5130 2118 5168 annos
2142 5116 2530 5183 quinquaginta
2555 5130 2669 5177 sex,
2688 5123 2744 5168 ut
2764 5106 3201 5169 otnnino‘eorum
3225 5118 3513 5185 imperium
3624 5114 3633 5118 ’

1937 5215 2051 5260 tum
2085 5206 2325 5260 faustum
2377 5213 2489 5259 tum
2539 5206 2836 5259 infaustum
2882 5205 3127 5259 futurum
3172 5206 3241 5260 sit
3271 5220 3365 5274 per
3413 5223 3515 5263 an-

1936 5313 2034 5351 nos
2061 5296 2188 5351 565.
2225 5315 2242 5348 ι
2275 5295 2535 5351 Nonnulli
2572 5296 2889 5350 vaticinium
2922 5310 3208 5365 perperam
3247 5298 3516 5368 interpre-

1937 5388 2054 5452 tati,
2080 5396 2457 5443 astronomum
2483 5387 2621 5441 male
2645 5386 3034 5441 ratiocinatum
3068 5402 3189 5443 esse
3223 5386 3512 5450 afﬁrmant,

1934 5476 2151 5532 initium
2181 5476 2444 5530 ducentes
2473 5475 2543 5528 ab
2573 5489 2663 5540 eo,
2694 5489 2856 5544 quem
2898 5475 3035 5539 dixi,
3073 5490 3241 5530 anno.
3273 5474 3429 5540 Quod
3467 5474 3513 5528 si

1933 5571 2005 5627 ita
2030 5581 2197 5638 esset,
2222 5571 2388 5625 falsus
2410 5570 2499 5624 illc
2538 5569 2697 5623 foret.
2756 5568 2826 5621 At
2853 5568 3104 5638 equidem
3126 5569 3192 5623 de
3216 5585 3277 5622 ea
3302 5583 3359 5623 re
3384 5583 3519 5638 quo-

1932 5665 2181 5719 rumdam
2202 5662 2648 5717 doctissimorum
2670 5660 2956 5715 hominum
2974 5660 3271 5717 sententias
3287 5661 3518 5731 cognovi

1944 5768 1998 5813 et
2025 5758 2210 5825 didici,
2259 5756 2559 5813 secundum
2596 5770 2735 5825 quas
2770 5752 2992 5824 sapiens
3028 5754 3120 5809 ille
3167 5755 3249 5809 vir
3301 5755 3520 5810 initium
