3920 6188
435 285 540 346 ςοι
591 317 594 320 -

1503 359 1510 364 _
1614 280 1932 341 GEORGII
1975 277 2396 341 PHBANTZE

3549 293 3656 356 ςοι

430 401 642 470 ἀνδρῶν
688 397 845 460 οίδὼς
889 399 982 449 καὶ
1023 395 1369 465 ἀνεγνωκὼς.
1403 398 1516 450 Οὐκ
1550 398 1725 467 ἀρχὴν
1757 399 1856 467 τῆς
1884 400 1992 448 τῶν
2027 411 2063 463 Α
2101 397 2337 448 ποικίλοι
2371 397 2429 447 τδ
2467 397 2683 467 ἰσχυρδν
2718 399 2806 450 καὶ
2842 399 3060 452 εὔτονον
3091 403 3187 466 τῆς
3220 402 3324 454 τῶν
3365 399 3661 474 Ῥωμαίων
3697 431 3711 442 ~

443 492 808 564 Ἰσμαηλιτῶν
837 491 1139 560 θρησκείας
1176 490 1209 558 ἦ
1250 490 1530 558 βασιλείας
1563 492 1590 540 6
1644 494 1808 558 σοφὶς
1839 485 1994 554 οὗτος

431 589 606 642 ὲποίει
640 588 748 639 ἀπὸ
783 587 892 638 τῶν
923 584 1134 653 χρόνων
1184 581 1456 650 Μωάμεθ,
1487 581 1601 634 ἀλλ’
1650 581 1840 651 ὥσπερ
1867 583 1995 651 περὶ

433 653 902 748 τῆςιπροφητείας
932 675 1131 740 Δανιὴλ
1163 674 1256 726 τοῦ
1293 673 1461 732 θείου.
1490 673 1759 743 Τέταρτον
1806 674 1996 742 θηρίον

431 771 692 838 ὀνομάζει
752 768 852 838 τὴν
897 768 1009 820 τῶν
1045 767 1334 835 Ῥωμαίων
1392 765 1710 832 βασιλείανο
1758 764 1853 817 καὶ
1896 765 1998 816 οὐκ

431 863 608 933 ἀρχὴν
637 859 884 914 ποιοῦσιν
925 859 975 911 οί
1011 858 1276 926 ἐξηγηταὶ
1324 858 1433 910 ἀπὸ
1477 859 1692 928 Ῥώμου
1736 859 1829 911 καὶ
1866 859 2000 912 Ῥω-

435 955 630 1020 μύλου,
659 953 783 1006 οὐτε
811 950 1132 1011 δυναστείας
1171 949 1481 1017 Ῥωμαίων⁹
1519 950 1996 1018 ἀριστοκρατείας,
2033 988 2036 991 -

432 1041 857 1111 δημοκρατείας,
888 1039 1261 1106 διδακτορίας,
1295 1039 1528 1098 ὐπατίας
1573 1038 1668 1091 καὶ
1719 1037 1997 1106 βασιλείας

436 1131 897 1200 μνημονεύουσιν,
927 1129 1064 1181 ἀλλὰ
1097 1128 1258 1196 μόνον
1291 1130 1353 1180 ὲκ
1399 1129 1493 1180 τοῦ
1542 1128 1832 1180 Ὀκταϐίου
1863 1127 2002 1180 Καί-

437 1238 603 1287 σαρος
647 1220 734 1272 διὰ
788 1220 887 1288 τὴν
928 1220 1276 1271 κατάπαυσιν
1313 1220 1412 1287 τῆς
1462 1219 1782 1287 μοναρχίας,
1817 1218 1998 1279 καθὼς

432 1310 677 1363 κάτωθεν
733 1311 1055 1379 ῥηθήσεται.
1111 1308 1266 1360 Οὕτω
1321 1311 1420 1373 μὲν
1462 1310 1557 1361 καὶ
1609 1312 1636 1361 6
1688 1309 2000 1376 σοφώτατος

433 1401 707 1469 Στέφανος
735 1403 797 1452 ὲκ
828 1400 923 1452 τοῦ
952 1400 1219 1469 Ὀτμάνου
1250 1401 1414 1470 316
1471 1403 1667 1470 ἀμηρᾶ
1701 1403 1875 1471 ἀρχὴν
1905 1401 1998 1453 τοῦ

431 1493 682 1546 κανονίου
745 1491 910 1544 αὐτοῦ
972 1494 1136 1544 ποιεῖ.
1171 1493 1293 1544 Ἔτι
1354 1492 1413 1544 δὲ
1467 1493 1560 1544 καὶ
1612 1494 1639 1544 6
1687 1492 2000 1561 σοφώτατος

430 1585 583 1638 Λέων
633 1585 661 1636 6
719 1583 973 1653 βασιλεὺς
1027 1583 1313 1650 Ῥωμαίων
1372 1583 1633 1651 θεμὰτιον
1687 1585 1781 1636 καὶ
1839 1585 2001 1647 αὐτὸς

425 1676 677 1745 ἐποίησε,
711 1675 1076 1744 τρισαρίθμου
1115 1674 1320 1726 κύκλου
1365 1673 1540 1744 εὐρὼν
1571 1676 1848 1745 κρατῆσαι
1887 1674 1998 1746 ἔχει

2100 486 2376 555 βασιλείας
2408 487 2648 556 δηλοῦσι.
2679 491 2752 540 Τὸ
2785 491 2839 542 δὲ
2869 493 3213 562 προσταχθὲν
3249 495 3446 558 αὐτοὺς
3475 515 3667 568 περιο-

2096 578 2288 631 δεῦσαι
2338 580 2436 643 τὴν
2479 582 2583 649 γῆν
2641 581 2884 635 δ;δάτκει
2936 583 3101 638 πάλιν
3151 585 3226 648 ὡς
3258 587 3344 640 διὰ
3393 590 3487 652 τοῦ
3520 592 3664 645 Θεοῦ

2097 673 2248 723 πᾶσα
2280 670 2528 738 βασιλεία
2573 674 2888 727 συνίσταται
2913 691 2928 707 ο
2960 676 3096 743 φησὶ
3126 678 3234 745 γὰρ
3277 680 3306 731 6
3342 680 3603 745 Εὐσέϐιος
3635 688 3670 738 6

2100 759 2391 828 Παμφίλου
2411 779 2424 794 ⁸
2450 762 2576 818 Ἐπὶ
2606 764 2700 816 τοῦ
2727 765 3039 831 Αὐγούστου
3067 767 3358 840 Ὀκταϐίου
3388 773 3670 843 Καίσαρος

2098 850 2336 921 ἀρχὴνὴ
2386 855 2620 925 τετάρτη
2677 856 2926 926 βασιλεία
2971 858 3259 928 λαμϐάνει,
3289 863 3356 933 ἢν
3403 867 3432 918 6
3466 868 3678 939 Δανιὴλ

2099 940 2362 1010 τέταρτον
2401 943 2593 1014 θηρίον
2642 948 2873 1016 φοϐερὸν
2910 949 3191 1016 ὀνομάζει,
3227 953 3362 1006 διότι
3397 957 3500 1021 μὲν
3548 960 3678 1011 τότε

2100 1033 2317 1100 πρῶτος
2346 1036 2514 1100 αὐτὸς
2545 1038 2890 1108 ὲμονάρχησε
2921 1041 3017 1093 καὶ
3048 1044 3140 1096 τὸν
3167 1045 3370 1112 κόσμον
3397 1047 3520 1100 ὅλον
3556 1066 3682 1116 ηε-

2099 1122 2189 1176 δδν
2238 1126 2412 1178 είπεϊν
2455 1127 2850 1192 καθυπέταξεν.
2901 1127 3071 1194 Οὗτος
3109 1135 3167 1186 ὲν
3198 1135 3356 1204 317
3410 1141 3513 1209 μιᾷ
3561 1142 3678 1192 τῶν

2101 1215 2324 1284 ἡμερῶν
2367 1219 2622 1270 ἀπελθὼν
2657 1222 2737 1282 είς
2771 1221 3006 1290 Δελφοὺς
3042 1226 3171 1286 τοὺς
3210 1226 3302 1278 νῦν
3328 1228 3680 1297 ὀνομαζομέ-

2104 1324 2226 1366 νους
2260 1307 2484 1369 Δαύλια,
2537 1307 2792 1378 ¹ἠρώτησε
2823 1311 2883 1362 τὸ
2927 1316 3182 1380 μαντεῖον
3215 1317 3299 1374 τίς
3353 1321 3476 1382 μετ’
3508 1322 3682 1373 αὐτὸν

2105 1395 2419 1469 βασιλεύσῃ.
2474 1401 2582 1452 Τοῦ
2613 1401 2669 1453 δὲ
2723 1402 2922 1467 Πυθίου
2961 1404 3127 1471 μηδὲν
3178 1408 3678 1478 άποκρινομένουιό

2101 1486 2146 1537 δ’
2179 1486 2342 1547 abet;
2377 1488 2657 1560 ἠρώτησε,
2699 1491 2792 1544 διὰ
2817 1493 2870 1543 τί
2905 1496 3032 1564 σιγᾷ
3061 1495 3120 1546 τὸ
3145 1501 3436 1566 μαντεῖονς
3470 1501 3610 1557 Τότε
3641 1508 3674 1571 ἡ

2103 1578 2279 1631 Πυθία
2326 1579 2429 1650 ἔφη
2477 1620 2492 1634 .
2572 1621 2586 1635 .
2667 1625 2681 1638 .
2761 1622 2776 1636 .
2857 1624 2871 1637 .
2925 1585 3207 1648 Ἐλθόντος
3251 1587 3346 1642 οὖν
3377 1592 3572 1644 τούτου
3621 1599 3676 1646 ἐν

2116 1670 2327 1742 Ῥώμῃ,
2369 1673 2464 1726 καὶ
2499 1677 2556 1726 ὲν
2595 1675 2673 1744 τῷ
2721 1677 2940 1746 μέλλειν
2975 1678 3274 1733 ἁποϐιῶναι
3320 1686 3676 1754 παρεγγύησε

431 1768 683 1838 βασιλεία
706 1767 908 1835 δυνατὴ
950 1767 1044 1819 καὶ
1078 1766 1278 1834 ισχυρὰ
1312 1769 1345 1836 ἠ
1395 1768 1458 1818 ὲκ
1502 1766 1601 1834 τῆς
1639 1767 1840 1835 Ἀγαρ,
1875 1784 2002 1818 του-
2032 1750 2076 1808 Β
2104 1764 2231 1825 τούς
2266 1766 2325 1815 ὲν
2356 1765 2499 1817 τέλει
2550 1766 2716 1819 αὐτοῦ
2766 1770 2954 1836 χεῖρας
2988 1771 3256 1839 κροτῆσαι
3309 1750 3411 1828 καὶ.
3447 1750 3679 1842 γελάσαι

429 1862 612 1913 τέστιν
647 1859 742 1928 ἐτη
793 1857 1102 1927 τριακόσια.
1143 1858 1205 1908 Ἠ
1237 1857 1294 1908 δὲ
1326 1856 1630 1926 συστροφὴι
1662 1859 2003 1926 πεντήκοντα

430 1950 491 2016 ἐξ
533 1950 633 2002 οὐκ
686 1947 956 2016 ἐμνήσθη.
1001 1943 1134 1999 Εἶτα
1168 1947 1230 1998 τὸ
1277 1945 1466 2010 ξανθὸν
1513 1947 1668 2014 γένος
1697 1947 1809 2016 ἅμα
1867 1947 2005 2016 μετὰ

430 2039 539 2092 τῶν
569 2039 899 2108 πρακτόρων
932 2037 1051 2089 ὅλον
1079 2035 1310 2105 Ἰσμαὴλ
1341 2035 1685 2105 τροπὼσουσι
1720 2039 1858 2090 κατὰ
1879 2036 2003 2098 τοὺς

433 2130 719 2200 χρησμοὺς
751 2129 860 2180 τῶν
897 2127 1056 2181 θείων
1088 2128 1318 2197 ἀνδρῶν.
1361 2128 1469 2180 Καὶ
1497 2129 1584 2181 διὰ
1638 2130 1734 2198 μὲν
1774 2125 1866 2180 οὖν
1901 2130 2006 2180 τῶν

433 2219 722 2289 τεσσάρων
757 2222 975 2289 ἀνέμων
999 2223 1096 2281 τὰς
1131 2223 1404 2292 τέσσαρας
1447 2222 1692 2290 μεγάλας
1731 2221 2007 2292 βασιλείας

433 2313 461 2364 6
498 2313 752 2381 μέγιστος
799 2312 1040 2366 διδάσκει
1090 2311 1367 2382 Ζαχαρίας
1405 2314 1498 2363 καὶ
1534 2313 1731 2380 Δανιὴλ
1768 2315 1796 2365 6
1843 2313 2004 2377 θεῖος,

433 2405 532 2469 τὴν
562 2401 844 2455 Χαλδαίων
892 2402 1056 2468 λέγω,
1086 2402 1184 2470 τὴν
1217 2403 1442 2472 Περσῶν
1489 2405 1583 2455 καὶ
1624 2403 1725 2472 τὴν
1750 2403 1859 2455 τῶν
1883 2404 2008 2456 Μα-

436 2493 669 2545 κεδόνων
701 2493 796 2546 καὶ
837 2493 935 2563 τὴν
980 2493 1088 2545 τῶν
1133 2494 1444 2562 Ῥωμαίων.
1477 2495 1557 2547 Τὰ
1580 2495 1646 2547 δὲι
1670 2496 1764 2548 δύο
1804 2495 1906 2564 ὅρη
1939 2497 2009 2548 τὰ

437 2584 619 2653 χαλκᾶ
643 2585 712 2637 τὰ
743 2583 837 2637 δύο
871 2583 1112 2652 κλίματα
1148 2582 1245 2651 τῆς
1277 2586 1603 2654 οἰκουμένης
1638 2580 1780 2638 εἶναι
1819 2587 2004 2654 φασίνο

435 2673 513 2733 εἰς
542 2672 639 2725 δύο
679 2671 786 2741 γὰρ
820 2670 1099 2740 τέμνεται,
1129 2672 1208 2734 εἷς
1256 2689 1315 2723 τε
1346 2671 1674 2737 Ἀσίανοιαὶ
1703 2673 2001 2744 Εὐρώπην.

435 2764 547 2815 Καὶ
578 2764 626 2816 ol
656 2763 754 2831 μὲν
782 2764 983 2833 πυῤῥοὶ
1009 2763 1164 2816 ἵπποι
1191 2765 1252 2818 τὸ
1280 2765 1566 2833 μιαιφόνον
1593 2763 1700 2817 τῶν
1720 2766 2006 2819 Χαλδαίων

437 2855 826 2923 σημαίνουσιν,
860 2854 911 2906 oi
965 2854 1020 2906 δὲ
1054 2854 1282 2923 μέλανες
1315 2854 1414 2908 ’τὸν
1461 2855 1821 2924 ἐπενεχθέντα
1851 2858 2006 2925 παρά

433 2944 662 3012 Περσῶν
689 2947 784 2998 καὶ
814 2945 1019 3013 Μήδων
1050 2950 1164 3006 τοῖς
1196 2946 1563 3010 Βαϐυλωνίοις
1593 2947 1847 3011 θάνατον,
1877 2949 1924 3000 οί
1951 2948 2006 3000 δὲ

2108 1856 2182 1918 ὡς
2211 1858 2299 1908 ἐπὶ
2338 1859 2508 1927 μίμου
2541 1861 2820 1930 τελευτῆς.
2849 1864 3024 1917 Τοῦτο
3047 1867 3103 1918 δὲ
3138 1867 3363 1936 ποιῆσαι
3383 1870 3684 1938 διωρίσατο

2107 1949 2440 2001 ἀποσκοπῶν
2498 1950 2579 2012 είς
2617 1951 2709 2004 τὸν
2761 1952 3102 2025 ἀνθρώπινον
3156 1957 3270 2026 βίον
3314 1959 3389 2022 ὡς
3437 1962 3684 2026 γέλωτος

2107 2037 2277 2102 ἄξιονι

2178 2131 2290 2183 Καὶ
2336 2132 2464 2202 περὶ
2499 2133 2601 2201 μὲν
2646 2129 2740 2188 οὖν
2769 2135 2877 2188 τῶν
2920 2141 3342 2209 προειρημένων
3387 2143 3685 2208 βασιλειῶν

2107 2221 2307 2291 Δανιὴλ
2337 2224 2363 2275 ό
2395 2222 2541 2286 θεῖος
2577 2227 2865 2295 προφήτης
2899 2229 2991 2280 καὶ
3035 2229 3062 2279 ὁ
3104 2230 3246 2294 θεῖος
3276 2234 3558 2302 Ζαχαρίας
3591 2240 3683 2288 καὶ

2107 2313 2309 2382 ἕτεροι,
2335 2312 2412 2376 ὡς
2444 2317 2805 2386 προείπομεν.
2831 2319 2931 2389 τήν
2957 2337 3017 2372 τε
3043 2322 3348 2390 ἀνόρθωσιν
3375 2327 3561 2378 αὐτῶν
3587 2332 3684 2380 καὶ

2111 2404 2408 2458 κατάλυσιν
2452 2409 2548 2461 καὶ
2595 2408 2665 2462 τὰ
2693 2411 2982 2478 συμϐάντα
3032 2413 3213 2467 πάντα
3240 2417 3330 2468 διὰ
3361 2419 3682 2492 Πνεύματος

2110 2497 2266 2563 ἁγίου
2295 2498 2564 2565 λέγουσιν.
2601 2502 2816 2570 ὁμοίως
2847 2503 2902 2555 δὲ
2949 2505 3042 2557 καὶ
3085 2504 3306 2569 Ἡσαΐας
3337 2509 3434 2560 καὶ
3459 2511 3489 2562 6
3523 2512 3683 2579 σοφὸς

2111 2589 2384 2656 Στέφανος
2439 2593 2533 2661 καὶ
2584 2592 2788 2646 Λέωνό
2819 2593 3078 2664 βασιλεὺς
3124 2598 3255 2666 περὶ
3306 2601 3405 2664 τῆς
3438 2603 3680 2654 καταλύ-

2111 2696 2249 2742 σεως
2280 2681 2382 2749 τῆς
2411 2681 2716 2751 βασιλείας,
2751 2684 2827 2746 ὡς
2860 2687 3219 2755 προείπομεν.
3270 2689 3328 2752 ὐ
3351 2690 3410 2742 δὲ
3439 2690 3678 2762 θεόπτη;

2109 2770 2315 2838 Μωσῆς
2344 2775 2472 2842 περὶ
2501 2773 2821 2835 ἀναϐάσεως
2855 2778 2949 2826 καὶ
2975 2777 3232 2845 εὐτυχίας
3258 2781 3315 2830 ὲν
3337 2784 3404 2850 τῇ
3459 2783 3675 2836 Γενέσεν

2109 2861 2236 2914 τάδε
2265 2861 2541 2936 διέξεισιν·
2564 2881 2583 2915 t
2609 2864 2666 2918 Ὀ
2690 2867 3034 2936 πατριάρχης
3060 2868 3216 2937 ἡμῶν
3250 2870 3507 2940 Ἀϐραάμ
3529 2872 3682 2935 υίούς

2111 2950 2402 3018 ἐγέννησεν
2432 2952 2597 3017 ὀκτὼ,
2646 2955 2862 3024 πρῶτον
2895 2957 2996 3024 μὲν
3026 2958 3258 3027 Ἰσμαὴλ
3304 2961 3394 3011 τὸν
3422 2961 3582 3014 νόθον
3618 2964 3678 3014 ὲκ

431 3035 618 3090 λευκοὶ
647 3037 708 3088 τὸ
733 3038 902 3105 σαφὲς
935 3037 1036 3104 τῆς
1082 3037 1243 3107 δόξης
1274 3037 1384 3090 τῶν
1415 3039 1743 3092 Μακεδόνων
1767 3055 1780 3069 ·
1812 3041 2007 3110 οὐγὰρ
2038 3075 2084 3134 c
2115 3039 2213 3108 τῆς
2249 3041 2452 3110 Ἀγαρ,
2503 3042 2762 3111 δεύτερον
2793 3045 2979 3098 Ἰσαὰκ
3013 3045 3070 3108 ἐξ
3113 3049 3443 3116 ἐπαγγελίας
3475 3055 3541 3106 ἐκ
3583 3054 3681 3120 τῆς

433 3127 624 3197 ὥσπερ
651 3128 704 3180 αἱ
731 3128 889 3181 ἄλλαι
924 3127 1196 3196 βασιλεῖαι
1223 3129 1315 3180 καὶ
1345 3127 1504 3197 αὐτη.
1536 3129 1596 3181 Ol
1624 3129 1682 3182 δὲ
1710 3130 1877 3201 ψαροὶ
1904 3129 1999 3183 καὶ

437 3305 849 3375 superstitionis
875 3313 928 3356 et
957 3303 1171 3372 irrperii
1193 3302 1588 3356 lsmaelitarum
1618 3317 1726 3357 non
1759 3319 1789 3358 a
1822 3303 2011 3358 Moba-

437 3397 600 3451 metis
632 3403 791 3448 aetate
823 3393 997 3458 duxit,
1051 3395 1144 3447 sed
1182 3394 1248 3446 ad
1293 3393 1510 3447 modum
1550 3395 1794 3448 vaticinii
1839 3395 2010 3449 divini

440 3486 680 3540 Danielis
716 3484 929 3538 locutus
960 3494 1062 3537 est.
1096 3482 1148 3536 ls
1187 3493 1435 3552 quartam
1464 3485 1690 3538 bestiam
1734 3485 2010 3540 Romano-

437 3590 558 3628 rum
583 3573 876 3642 imperium
922 3572 1217 3640 appellavit
1248 3589 1262 3625 :
1295 3587 1395 3626 nec
1418 3572 1748 3640 interpretes
1777 3589 1808 3626 a
1838 3575 2010 3628 Remo

437 3676 494 3720 et
541 3663 773 3717 Romulo
805 3663 1019 3717 initium
1061 3664 1304 3732 capiunt,
1337 3673 1430 3716 aut
1461 3661 1832 3718 Romanorum
1857 3666 2012 3734 prin-

438 3757 676 3826 cipatus,
700 3755 986 3820 nobilium,
1013 3754 1208 3824 plebis,
1227 3754 1579 3821 dictatorum,
1596 3758 1909 3821 consulum,
1924 3772 2012 3812 re-

439 3864 564 3918 gum
588 3849 819 3916 imperia
851 3853 1315 3911 commemorant,
1341 3845 1435 3901 sed
1462 3847 1528 3900 ab
1550 3847 1775 3903 Octavio
1795 3850 2008 3903 demum

439 3937 656 3991 Caesare
688 3942 910 4004 propter
933 3935 1137 3988 exitum
1168 3935 1518 3998 monarchize,
1548 3937 2008 4003 quemadmodum

439 4027 580 4083 infra
617 4019 920 4082 docebitur.
964 4024 1161 4078 Eodem
1192 4025 1356 4094 igitur
1383 4026 1544 4078 modo
1562 4027 2006 4101 sapientissimus

439 4121 752 4190 Stephanus
784 4120 850 4171 ab
888 4111 1348 4171 Ot‘mane'amera
1398 4117 1626 4170 canonis
1671 4119 1751 4171 sui
1799 4118 2012 4172 initium

438 4203 587 4266 facit.
605 4210 775 4264 Etiam
797 4206 1552 4276 doctissimusﬂomanorum
1580 4209 1882 4278 imperator
1905 4209 2014 4266 Leo

438 4303 622 4357 thema
649 4300 802 4363 fecit,
834 4299 926 4367 qui
959 4297 1243 4352 ﬂorentem
1273 4305 1325 4351 et
1355 4298 1628 4367 vigentem
1666 4300 1879 4369 Imperii
1917 4301 2016 4354 Sa-

2116 3133 2376 3198 γυναικὸς
2401 3132 2567 3186 αὐτοῦ
2590 3134 2830 3205 Σάρρας,
2852 3136 2908 3197 ὃς
2932 3138 3025 3189 καὶ
3053 3139 3322 3210 εὐλογήθη
3349 3143 3503 3212 παρὰ
3522 3143 3681 3198 Θεοῦ.

2113 3309 2321 3363 colores
2369 3310 2539 3364 robur
2576 3318 2631 3366 et
2677 3312 2975 3381 potentiam
3029 3313 3244 3380 imperii
3277 3316 3675 3372 Romanorum.

2111 3395 2317 3450 Deinde
2346 3397 2628 3464 mandato,
2660 3411 2718 3454 ut
2761 3411 2959 3456 terram
3018 3403 3240 3466 obeant,
3311 3407 3678 3474 significatur.

2113 3505 2210 3559 per
2244 3490 2412 3546 Deum
2453 3508 2614 3547 omne
2637 3502 2891 3550 constare
2926 3509 3179 3563 regnum.
3221 3495 3362 3552 Dicit
3395 3501 3545 3552 enim
3577 3501 3679 3553 Eu-

2113 3583 2300 3637 sebius
2327 3582 2614 3653 Pamphili,
2648 3587 2716 3639 ab
2746 3589 2988 3656 Augusto
3012 3585 3236 3642 Octavio
3267 3589 3484 3644 Caesare
3520 3607 3679 3660 quar-

2117 3675 2228 3720 tum
2285 3677 2518 3738 regnum
2555 3673 2769 3726 initium
2801 3689 3019 3743 capere,
3053 3675 3314 3743 quoniam
3349 3686 3464 3731 tum
3497 3680 3548 3732 is
3577 3683 3681 3748 pri-

2113 3771 2240 3812 mus
2288 3762 2442 3813 solus
2477 3761 2781 3829 imperavit,
2809 3772 2862 3815 et
2894 3770 3066 3817 totum
3108 3778 3256 3832 paene
3300 3767 3487 3820 orbem
3514 3780 3678 3822 terra-

2114 3863 2236 3900 rum
2284 3848 2386 3902 sibi
2441 3850 2696 3918 subjecit.
2731 3850 2782 3904 ls
2814 3854 3086 3918 quondam
3125 3855 3378 3922 Delphos,
3419 3858 3510 3925 qui
3541 3874 3678 3910 nunc

2115 3938 2301 3991 Daulia
2334 3939 2692 4008 appellantur,
2729 3943 3031 4010 profectus,
3063 3945 3351 3998 oraculum
3385 3948 3673 4008 consuluit,

2114 4025 2237 4093 quis
2268 4035 2389 4094 post
2415 4027 2860 4097 seimperaturus
2899 4041 3063 4085 esset.
3120 4033 3253 4086 Cum
3304 4037 3436 4088 nihil
3466 4052 3679 4104 res-pou-

2114 4114 2271 4168 deret
2300 4114 2514 4186 Pythia,
2541 4117 2739 4172 iterum
2774 4119 3008 4187 rogavit,
3045 4137 3213 4189 quare
3248 4125 3528 4178 oraculum
3551 4124 3678 4178 sile-

2115 4215 2220 4262 ret.
2259 4207 2392 4261 Tum
2425 4207 2614 4278 Pythia
2652 4211 2962 4278 respondit.
3002 4253 3016 4266 .
3053 4249 3070 4265 .
3103 4251 3116 4266 .
3156 4213 3203 4266 is
3238 4211 3466 4267 Rutulam
3503 4228 3676 4267 rever-

2117 4310 2232 4358 sus,
2265 4311 2387 4349 cum
2422 4297 2687 4364 morsipsi
2738 4298 2984 4365 instaret,
3013 4302 3302 4368 imperavit
3324 4303 3672 4370 primoribus.

438 4406 767 4449 racenorum
822 4399 1018 4444 statum
1035 4375 1137 4441 lter
1165 4388 1594 4454 computandum
1626 4390 1888 4443 circulum
1925 4398 2005 4442 te-
2033 4394 2087 4453 1)
2115 4393 2173 4438 ut
2206 4387 2520 4452 plauderent
2549 4398 2604 4442 et
2637 4389 2878 4443 riderent
2908 4393 3040 4443 utin
3076 4393 3183 4444 line
3219 4394 3393 4445 mimi.
3428 4393 3534 4447 Hoc
3561 4393 3672 4446 furi

437 4500 585 4547 nere,
621 4485 724 4537 hoc
754 4488 862 4544 est,
895 4494 1067 4532 annos
1107 4487 1379 4532 trecentos
1426 4479 1749 4533 duraturum
1775 4480 2004 4534 invenit.

438 4571 742 4626 Pcrturbati
765 4567 984 4637 imperii
1010 4582 1108 4636 per
1140 4582 1313 4622 anuos
1332 4569 1731 4637 quinquaginta
1757 4582 1852 4622 sex
1894 4584 2004 4622 non

437 4664 564 4718 fecit
591 4661 945 4715 mentionem.
985 4657 1186 4711 Deinde
1213 4657 1350 4711 ﬂava
1373 4674 1505 4726 gens
1543 4673 1649 4711 una
1684 4674 1806 4712 cum
1835 4659 2009 4712 vindi-

436 4755 590 4807 cibus
615 4767 778 4806 omne
807 4748 1049 4803 lsmaclis
1086 4763 1263 4817 genus
1300 4749 1510 4816 iugabit
1539 4750 1839 4802 secundum
1871 4750 2006 4802 divi-

438 4858 634 4897 norum
673 4841 954 4894 hominum
1000 4840 1278 4892 vaticinia.
1307 4837 1553 4903 Quatuor
1603 4841 1777 4892 ventis
1823 4848 2004 4892 autem

436 4940 673 5001 quatuor
698 4945 890 4998 magna
924 4929 1153 4996 imperia
1183 4927 1480 4981 Zacharias
1505 4937 1558 4980 et
1579 4927 1796 4981 divinus
1820 4927 2006 4981 Daniel

436 5022 764 5092 signiﬁcant,
817 5020 1222 5082 Chaltheorum,
1273 5019 1593 5081 Persarum,
1647 5018 2005 5072 Macedonum

435 5129 489 5169 et
519 5115 909 5170 Romanorum.
961 5113 1106 5166 Duos
1149 5125 1329 5164 aeneas
1370 5121 1582 5162 montes
1629 5118 1811 5161 autem
1863 5110 2004 5163 (luas

439 5218 597 5261 terra:
651 5208 903 5276 regiones
937 5219 1060 5258 esse
1091 5203 1280 5256 dicunt
1312 5217 1326 5263 ;
1374 5201 1429 5254 in
1463 5201 1599 5251 duas
1633 5201 1778 5252 enim
1829 5211 2008 5266 partes

439 5307 580 5351 terra
612 5296 890 5358 dividitur,
917 5292 1104 5347 Asiam
1136 5302 1190 5344 et
1217 5289 1512 5358 Eur-epam.
1537 5290 1714 5357 Atque
1742 5294 1843 5341 ruh
1881 5291 2005 5358 equi

438 5389 776 5440 atrocitatem
801 5385 1183 5439 Chaldaeorum
1220 5382 1551 5451 significant,
1587 5381 1728 5448 nigri
1765 5397 1790 5432 a
1822 5380 2006 5435 Persis

437 5491 492 5528 ct
518 5475 683 5529 Medis
716 5473 1021 5544 Babyloniis
1049 5474 1255 5525 illatum
1297 5472 1596 5530 interitum,
1648 5469 1864 5520 candidi
1898 5470 2008 5521 cla-

441 5580 556 5617 ram
590 5563 940 5618 Maccdouum
975 5564 1240 5633 gloriam;
1281 5577 1453 5630 neque
1490 5564 1636 5614 enim
1673 5560 1866 5612 horutn
1914 5562 2013 5611 im-

443 5656 651 5724 pcrium
690 5660 901 5712 ueteris
941 5655 1117 5709 simile
1147 5665 1232 5710 est
1257 5670 1272 5719 ;
1302 5654 1570 5710 cineracei
1602 5668 1728 5708 vero
1750 5660 1803 5707 et
1841 5655 2009 5706 versi-

2109 4476 2300 4541 voluit,
2333 4478 2588 4544 quoniam
2638 4478 2800 4533 vitam
2859 4495 2972 4534 rem
3015 4496 3134 4534 esse
3169 4483 3280 4536 risu
3321 4483 3536 4552 dignam
3577 4499 3672 4550 pu-

2111 4565 2284 4618 tabat.

2183 4657 2255 4709 De
2287 4657 2354 4711 iis
2397 4657 2564 4726 igitur
2589 4699 2602 4723 ,
2634 4674 2755 4726 qum
2791 4659 2954 4712 modo
2983 4662 3450 4725 commemoravi,
3492 4662 3664 4727 regnis

2110 4744 2317 4808 Daniel,
2358 4750 2571 4802 divinus
2631 4752 2908 4818 propheta,
2939 4751 3158 4803 divinus
3227 4749 3519 4803 Zacharias
3561 4751 3670 4800 alii-

2107 4852 2238 4905 que,
2268 4846 2325 4891 ut
2352 4839 2559 4892 dictum
2593 4850 2694 4897 est.
2719 4841 2784 4892 de
2807 4855 2991 4894 eorum
3018 4849 3132 4894 tum
3158 4841 3367 4908 Origine
3403 4849 3514 4893 tum
3539 4841 3668 4894 exim

2109 4937 2162 4979 et
2229 4931 2389 4983 rebus
2421 4933 2608 4998 gestis,
2645 4946 2674 4982 a
2702 4941 2892 4983 sancto
2923 4931 3128 4994 Spiritu
3172 4931 3371 4990 edocti,
3409 4932 3666 4982 dixerunt.

2111 5018 2378 5072 Similiter
2401 5037 2520 5086 qua:
2539 5021 2725 5082 Isaias,
2743 5031 2794 5074 et
2827 5021 3266 5090 sapientissimus
3289 5021 3594 5090 Stephanus
3620 5029 3666 5070 et

2109 5110 2216 5162 Leo
2243 5111 2538 5176 imperatur
2567 5113 2632 5164 dc
2665 5112 2814 5164 exitu
2839 5111 3046 5181 imperii
3075 5114 3388 5176 docuerint,
3418 5109 3669 5178 explicui-

2108 5211 2252 5252 mus.
2306 5197 2407 5262 Qui
2471 5199 2633 5250 Deum
2681 5199 2810 5253 vidit
2869 5199 3044 5254 Moses
3091 5201 3157 5254 de
3212 5202 3558 5255 incrementis
3621 5207 3670 5246 t’l

2110 5304 2364 5342 successu
2393 5289 2448 5340 in
2473 5288 2669 5342 Genesi
2692 5289 2805 5343 hzec
2837 5290 3069 5358 explicat
3103 5308 3117 5344 :
3151 5309 3168 5339 ι
3195 5291 3553 5352 Ahrahamus,
3583 5301 3638 5355 pa
3657 5315 3669 5324 -

2111 5381 2348 5432 triareha
2429 5389 2638 5444 noster,
2700 5381 2838 5435 ﬁlios
2887 5391 3010 5434 octo
3072 5382 3397 5448 procreavit,
3457 5380 3667 5446 primum

2111 5471 2389 5522 lsmaelem
2425 5472 2672 5532 nothum,
2699 5486 2761 5524 ex
2793 5472 2954 5540 Agar,
2993 5472 3184 5523 deinde
3231 5472 3550 5539 promissum
3574 5466 3668 5520 sibi

2110 5558 2352 5613 lsaacnm
2386 5577 2414 5613 e
2437 5559 2599 5613 Sarra
2632 5576 2816 5625 uxore,
2854 5562 2938 5614 cui
2993 5563 3335 5615 benedictum
3370 5571 3448 5613 est
3479 5576 3503 5609 τι
3547 5555 3662 5606 [δον.

2112 5655 2274 5707 Sarra
2310 5665 2543 5720 mortua,
2576 5655 2862 5712 Cheturam
2913 5657 3082 5720 duxit,
3118 5673 3147 5711 c
3183 5675 3287 5722 qua
3312 5656 3445 5707 ﬁlius
3477 5666 3558 5704 ενδ
3584 5663 3656 5710 ξεῖ·
