3920 6196
444 244 545 307 907

1656 242 1973 302 GEOIlGlI

2120 213 2480 305 iItANtrzzu'
3548 247 3636 313 938

439 363 535 419 mi.
582 360 673 414 τὸν
707 360 915 414 Ἰσαάκ.
973 360 1079 412 Kal
1114 361 1170 411 ἐν
1215 359 1389 428 τούτῳ
1441 357 1752 411 πλανῶνται
1802 358 1876 420 ὡς
1921 359 2012 410 καὶ
2049 370 2093 420 Α
2135 362 2357 430 Ἀνέστη
2391 362 2447 414 δὲ
2510 361 2761 432 Ἀϐραὰμ
2810 359 2890 428 τῷ
2920 357 3083 429 πρωῒ,
3122 362 3212 412 καὶ
3257 360 3436 414 ἕλαδεν
3465 361 3637 430 ἄρτους

441 459 500 510 ιν
547 458 682 510 πᾶσι
709 454 1113 515 ηλανθάνοεθται,
1152 453 1238 505 διὰ
1280 454 1334 504 τί
1365 451 1466 520 μὲν
1497 453 1524 504 6
1567 450 1698 513 Θεὸς
1750 451 2013 521 εὐλόγησε

440 549 532 602 τὸν
572 548 761 600 Ἰσαὰκ
790 546 886 598 καὶ
925 545 1023 614 τὴν
1069 543 1334 614 διαθήκην
1375 543 1540 596 αὑτοῦ
1583 542 2016 610 ὲνεμπίστευσεν

441 641 611 712 αὐτῷ,
650 639 741 692 τὸν
792 639 849 690 δὲ
887 637 1114 707 Ἰσμαὴλ
1160 638 1258 707 οὐχ
1293 635 1490 700 οὕτως,
1547 636 1664 688 ἀλλ’
1716 635 2015 702 εὐλόγησεν

440 735 601 788 αὐτὸν
626 733 813 794 ἁπλῶς
833 733 914 784 ὅτι
946 750 964 782 ι
989 733 1099 784 Καὶ
1125 730 1382 798 πληθυνῶ
1404 729 1566 781 αὑτὸν
1598 727 1824 797 σφόδρα.
1856 746 1874 778 ι
1905 729 2016 781 Καὶ

440 827 509 880 τὰ
538 827 710 894 ἄλογα
743 826 857 889 ζῶα
883 827 911 876 6
944 823 1094 886 Θεὸς,
1119 821 1422 890 τετράποδα
1453 821 1548 872 καὶ
1570 818 1802 890 ἑρπετὰ,
1827 817 2017 886 ἰχθύας

441 937 500 973 τε
537 919 633 972 καὶ
664 915 910 980 πετεινὰ,
947 915 1242 984 εὐλόγησεν
1277 915 1449 966 εἰπών
1475 929 1489 943 ο
1529 932 1546 964 ι
1581 912 1890 976 Αὑξάνεσοε
1921 911 2015 964 καὶ

439 1011 782 1083 πληθύνεσθε
854 1009 950 1061 καὶ
1007 1006 1340 1076 πληρώσατε
1396 1005 1494 1075 τὴν
1547 1005 1670 1074 γῆν.
1721 1023 1739 1055 ι
1795 1004 1900 1056 Τὸν
1958 1005 2014 1055 δὲ

453 1105 626 1175 Ἀδὰμ
674 1103 734 1154 οὐ
767 1100 1030 1162 τοιούτως
1076 1099 1348 1168 ηὐλόγησε
1407 1099 1589 1168 μόνον,
1632 1115 1650 1147 ι
1706 1094 2014 1159 Αῦξάνεσθε

443 1200 537 1252 καὶ
588 1195 932 1266 πληθύνεσθε
977 1193 1070 1246 καὶ
1125 1192 1450 1263 πληρώσατε
1501 1190 1597 1259 τὴν
1647 1189 1774 1258 γῆν,
1818 1206 1836 1240 ι
1877 1186 2016 1241 ἀλλὰ

443 1293 556 1356 καὶ,
589 1307 606 1341 ι
640 1285 1122 1356 Κατακυριεύσατε
1155 1283 1325 1350 αὐτῆς
1354 1272 1369 1315 έ
1399 1301 1416 1334 ι
1447 1285 1544 1335 καὶ
1567 1281 1746 1334 πάντα
1777 1280 1882 1335 ὑπὸ
1914 1281 2015 1344 τὰς

441 1384 628 1454 χεῖρας
669 1380 839 1434 αὐτοῦ
871 1379 1040 1430 ἔδωκε
1081 1380 1146 1429 τά
1179 1379 1282 1428 ὅσα
1312 1376 1368 1426 ὲν
1400 1377 1464 1442 τῇ
1491 1375 1561 1443 γῇ
1601 1376 1720 1428 ἐστὶ
1751 1373 2007 1436 κατεξου-

443 1474 653 1536 σιάζειν
685 1469 777 1524 καί
806 1469 1112 1531 δεσπόζειν,
1145 1466 1286 1519 ὥστε
1321 1461 1389 1536 ἦν
1421 1466 1552 1518 [δεῖν
1583 1466 1666 1516 ὅτι
1697 1466 1793 1517 καὶ
1830 1467 1884 1517 αἱ
1916 1467 2011 1518 εὑ-

441 1565 620 1632 λογίαι
666 1561 762 1614 τοῦ
815 1557 950 1612 Θεοῦ
995 1557 1245 1626 διάφοροί
1297 1559 1402 1609 είσι
1439 1559 1534 1608 καὶ
1580 1557 1703 1625 οὐχὶ
1731 1557 1807 1618 ὡς
1861 1555 2016 1608 αὐτοὶ

441 1656 689 1722 λέγουσι.·
714 1652 801 1704 διὰ
823 1653 876 1704 τὶ
910 1651 1010 1721 μὲν
1039 1652 1093 1702 αἱ
1123 1648 1264 1702 θεῖαι
1287 1651 1382 1703 καὶ
1410 1649 1558 1718 ἱεραὶ
1599 1649 1811 1718 Γραφαλ.
1838 1648 2017 1711 καλῶς

442 1746 792 1817 δηλοποιοῦσι
842 1746 954 1806 τοῖς
1004 1741 1064 1795 εὖ
1115 1742 1426 1812 φρονοῦσιν,
1460 1742 1694 1796 ἑκάστου
1753 1741 1868 1792 υἱοῦ
1923 1739 2016 1792 τοῦ

2121 458 2216 508 καὶ
2252 457 2421 509 ἀσκὸν
2454 452 2645 516 ὕδατος
2679 456 2773 507 καὶ
2807 453 2976 506 ἔδωκε
3017 455 3084 523 τῇ
3117 452 3312 523 Ἀγαρ,
3347 454 3436 506 καὶ
3466 457 3641 524 ὲπὲΘη‹

2117 563 2214 604 κεν
2247 551 2339 603 ἐπὶ
2369 551 2459 602 τὸν
2503 542 2654 616 ὦμον
2679 547 2852 614 αὐτῆς
2888 547 2977 598 καὶ
3012 545 3072 598 τὸ
3119 546 3350 610 παιδίον,
3385 547 3472 599 καὶ
3522 549 3641 600 ἀπέ-

2121 641 2329 695 στειλεν
2361 640 2554 710 αὑτήν.
2599 638 2940 691 Ἀπελθοῦσα
2964 637 3019 689 δὲ
3051 637 3318 690 ἐπλανᾶτο
3345 638 3438 706 τὴν
3462 639 3643 708 ἔρημον

2119 733 2262 786 κατὰ
2303 732 2365 784 τὸ
2420 731 2600 800 φρέαρ
2628 729 2722 782 τοῦ
2756 730 2922 798 ὅρκου
2952 746 2966 761 ·
3016 727 3227 791 ἐξέλιπε
3253 728 3308 781 δὲ
3342 729 3400 780 τὸ
3432 728 3563 796 ὕδωρ
3588 733 3642 782 ἐκ

2121 822 2215 876 τοῦ
2254 821 2450 884 ἀσκοῦ,
2485 823 2576 875 καὶ
2606 823 2667 874 ὲκ
2694 823 2794 890 τῆς
2819 821 2979 889 δίψης
3008 819 3351 888 ἑλειποθύμει
3378 821 3404 871 6
3424 819 3646 888 Ἰσμαήλ.

2119 917 2228 968 Καὶ
2263 915 2455 986 ἔρριψε
2483 915 2542 966 τὸ
2581 914 2793 966 παιδίον
2837 912 2929 964 καὶ
2976 911 3262 964 ἔκλαυσεν.
3293 911 3572 979 Είσήκουσε
3600 913 3648 964 6i

2117 1011 2145 1061 6
2180 1009 2312 1069 Θεὸς
2342 1007 2436 1060 τοῦ
2467 1008 2689 1059 παιδίου
2721 1008 2785 1060 ἐκ
2814 1006 2909 1058 τοῦ
2941 1006 3107 1058 τόπου
3138 998 3198 1057 οὗ
3225 999 3292 1074 ἦν
3313 1017 3328 1032 ·
3367 1004 3457 1056 καὶ⁵
3482 1003 3651 1057 ἐκάλε-

2121 1117 2212 1153 σεν
2267 1099 2497 1168 ἄγγελος
2535 1098 2670 1152 Θεοῦ
2727 1100 2826 1168 τὴν
2858 1101 3036 1168 Ἀγαρ
3088 1101 3152 1151 ἐκ
3190 1098 3282 1150 τοῦ
3328 1098 3546 1167 οὐρανοῦ
3574 1099 3655 1152 καὶ

2118 1191 2272 1247 εἶπεν
2327 1193 2464 1263 αὐτῇ
2496 1209 2509 1222 ·
2545 1210 2562 1243 ι
2609 1189 2674 1244 Τί
2711 1192 2879 1254 ἐστιν,
2913 1191 3136 1258 Ἀγαρς
3191 1189 3263 1258 μὴ
3306 1189 3466 1257 φοϐοῦ
3492 1206 3505 1220 ·
3536 1190 3654 1242 ἑπα-

2118 1286 2285 1356 κήκοε
2311 1288 2418 1356 γάρ
2441 1287 2467 1338 6
2497 1283 2632 1347 Θεὸς
2663 1285 2760 1354 τὴν
2786 1283 2971 1354 φωνὴν
3000 1283 3094 1335 τοῦ
3125 1282 3338 1336 παιδίου
3369 1299 3457 1335 σου
3489 1283 3546 1334 ἐκ
3574 1282 3653 1334 τοῦ

2117 1377 2282 1430 τόπου
2314 1377 2373 1430 οῦ
2410 1379 2579 1430 ἐστίν.
2621 1375 2909 1443 Ἀνάστηθι
2946 1377 3041 1428 καὶ
3093 1374 3224 1427 λάϐε
3253 1373 3311 1427 τὸ
3347 1373 3548 1427 παιδίον
3579 1376 3655 1426 καὶ

2119 1470 2397 1536 κράτησαν
2435 1469 2501 1536 τῇ
2552 1466 2696 1535 χειρί
2733 1481 2825 1518 σου
2881 1465 3055 1518 αὐτόο
3096 1465 3176 1526 είς
3203 1464 3310 1533 γάρ
3344 1463 3488 1526 ἔθνος
3530 1463 3654 1532 μέγα

2121 1561 2334 1628 ποιήσω
2359 1559 2515 1612 αὑτό.
2556 1576 2574 1608 ι
2603 1557 2714 1611 Καὶ
2741 1555 2979 1626 ἀνέῳξεν
3009 1558 3038 1610 6
3065 1555 3202 1617 Θεὸς
3220 1557 3344 1617 τοὺς
3373 1555 3655 1623 ὀφθαλμοὺς

2122 1652 2312 1720 αὐτῆς,
2346 1653 2440 1704 καὶ
2465 1645 2573 1703 εἶδε
2609 1650 2787 1720 φρέαρ
2812 1649 3005 1711 ὓδατος
3031 1648 3258 1715 ζῶντος,
3298 1647 3387 1700 καὶ
3415 1647 3654 1716 ἐπορεύθη

2119 1744 2217 1798 καὶ
2256 1744 2504 1815 ἔμπλησε
2551 1743 2643 1796 τὸν
2668 1743 2835 1797 ἀσκὸν
2879 1741 2971 1794 τοῦ
3013 1740 3208 1804 ὓδατος
3240 1742 3335 1794 κα)⁸
3377 1741 3580 1794 induas
3607 1741 3655 1793 τὸ

455 1833 724 1903 Ἀδραὰμέ
756 1831 944 1884 Ἶσαάκ
977 1829 1120 1896 λέγω
1156 1831 1251 1882 καὶ
1281 1829 1530 1901 Ἰτμαὴλι
1580 1830 1697 1892 πῶς
1727 1829 2016 1900 διαφέρου·
2049 1818 2088 1871 Β
2119 1836 2349 1890 παιδίον.
2389 1835 2501 1889 Καὶ
2534 1830 2603 1904 ἦν
2637 1837 2665 1887 6
2694 1834 2826 1896 Θεὸς
2868 1832 3006 1903 μετὰ
3039 1832 3133 1886 τοῦ
3189 1831 3418 1894 παιδίου,
3453 1833 3541 1882 καὶ
3575 1831 3656 1899 ηὖ-

446 1945 530 1979 σιν
575 1928 630 1978 αἱ
683 1925 951 1992 εὐλογίαι,
984 1923 1050 1976 τὰ
1083 1923 1213 1991 γέντῚ
1249 1923 1344 1976 καὶ
1383 1925 1436 1976 ai
1487 1923 1839 1993 κληρονομίαι
1894 1923 2014 1986 ἑνὸς

444 2019 674 2072 ἑκάστου
704 2015 907 2068 αὐτῶν.

527 2111 616 2162 Ἐν
639 2109 694 2162 δὲ
725 2109 803 2177 τῷ
837 2097 1118 2177 κεφαλαίῳ
1142 2106 1216 2176 τῷ
1241 2107 1286 2160 κ’
1322 2108 1412 2160 καὶ
1443 2107 1527 2159 κα⁹
1563 2107 1688 2159 τάδε
1723 2109 1856 2176 φησὶ
1885 2109 2015 2177 περὶ

447 2202 540 2256 τοῦ
606 2201 926 2270 Ἰσμαήλχι
972 2195 1107 2251 Eine
1161 2200 1216 2251 δὲ
1278 2200 1357 2268 τῷ
1402 2199 1651 2268 ’Λϐραὰμ
1705 2199 1736 2268 ή
1795 2199 2012 2269 Σάρῤα·

453 2296 690 2349 Ἔκϐαλε
734 2295 834 2362 τὴν
869 2293 1168 2360 παιδίσκην
1214 2291 1421 2361 ταύτην
1453 2293 1592 2359 μετὰ
1641 2291 1735 2344 τοῦ
1768 2293 1882 2344 υίοῦ
1919 2293 2016 2343 αὑ·

449 2386 670 2455 τῆς⁶οῦ
727 2385 833 2452 γὰρ
891 2383 1349 2453 κληρονομήσειὸ
1407 2383 1519 2444 υίὸς
1573 2381 1668 2450 τῆς
1723 2380 2016 2448 παιδίσκης

451 2481 588 2550 μετὰ
606 2478 696 2531 τοῦ
729 2477 848 2529 υίυῦ
882 2492 984 2546 μου
1015 2475 1219 2528 Ἰσαάκ.
1251 2493 1267 2526 ι
1299 2475 1544 2544 Σκληρὸν
1565 2473 1619 2526 δὲ
1651 2473 1808 2543 321
1844 2474 2015 2540 ἐφάνη

448 2575 507 2625 τὸ
545 2573 696 2640 ρἦοι
754 2569 962 2638 σφόδρα
993 2569 1235 2620 ἐναντίον
1285 2568 1540 2634 Ἀΰραὰμ
1583 2567 1709 2635 περὶ
1755 2565 1849 2617 τοῦ
1897 2565 2014 2616 υἱοῦ

449 2662 614 2716 αὑτοῦ
649 2661 898 2729 Ὶσμαήλ.
936 2655 1068 2710 Eine
1101 2658 1155 2710 δὲ
1197 2659 1224 2710 ὁ
1259 2659 1390 2719 Θεὸς
1427 2657 1503 2726 τῷ
1541 2656 1830 2725 Ἀϐραάμο
1867 2674 1883 2706 ι
1926 2655 2016 2723 Μὴ

449 2753 688 2823 σκληρὸν
729 2752 870 2804 εστω
931 2751 1177 2804 ἐναντίον
1215 2766 1308 2800 σου
1359 2749 1488 2816 περὶ
1524 2748 1616 2801 τοῦ
1671 2747 1886 2800 παιδίου
1923 2749 2018 2800 καὶ

449 2849 549 2916 τῆς
569 2847 881 2914 παιδίσκης.
921 2844 1106 2897 Πάντα
1139 2845 1234 2895 ὅσα
1265 2843 1330 2895 ἂν
1353 2844 1479 2914 εῐπῃ
1515 2859 1594 2892 σοι
1623 2842 1825 2911 Σάρρα,
1853 2842 2016 2895 ἄκουε

445 2940 544 3008 τῆς
581 2939 766 3006 φωνῆς
799 2937 990 3002 αὐτῆς,
1026 2937 1109 2987 ὅτι
1140 2937 1197 2986 ὲν
1237 2939 1313 3002 τῷ
1343 2933 1529 2987 Ἰσαὰκ
1568 2933 1902 3002 κληθήσεταί
1935 2948 2016 2984 σοι

449 3032 690 3097 σπέρμτ,
721 3029 812 3082 καὶ
858 3026 949 3079 τὸν
990 3027 1102 3078 υἱὸν
1145 3025 1200 3077 δὲ
1235 3026 1333 3090 τῆς
1368 3023 1662 3092 παιδίσκης
1708 3024 1907 3090 ταύτης
1939 3023 2019 3082 εἰς

2116 1929 2304 1998 ξύνϐη,
2369 1927 2463 1980 καὶ
2497 1927 2848 1997 ἐκατῴκησεν
2903 1926 2962 1977 ὲν
2994 1927 3059 1995 τῇ
3115 1925 3312 1993 ἐρήμῳ
3345 1925 3408 1992 τῇ
3454 1923 3654 1992 Φαραῇ·

2117 2023 2333 2090 ἐγένετο
2361 2021 2417 2073 δὲ
2450 2021 2672 2089 τοξότης
2706 2019 2953 2080 δυνατός.
2993 2037 3012 2070 ι

2187 2107 2314 2165 Ὧδε
2355 2111 2633 2181 δυνάμεθα
2675 2110 3010 2164 καταλαϐεῖν
3059 2107 3149 2162 τὸν
3186 2108 3439 2178 Ἰσμαήλ.
3489 2105 3655 2168 Καθὼς

2119 2205 2492 2274 ἐπηγγείλατο
2531 2206 2558 2256 6
2612 2203 2742 2264 Θεὸς
2794 2202 2870 2270 τῷ
2913 2201 3193 2270 ’Λϐραέιμ,
3248 2201 3330 2261 είς
3367 2200 3500 2269 μέγα
3531 2199 3656 2259 ἐοννς

2118 2295 2260 2352 εἶναι
2289 2296 2529 2366 ἐποίησε,
2565 2297 2660 2348 καὶ
2688 2294 2849 2364 322
2893 2293 3134 2353 βασιλεῖς
3165 2292 3398 2361 μεγάλοι
3437 2291 3490 2356 ἐξ
3519 2290 3654 2344 αὑτοῦ

2120 2391 2403 2458 γεγόνασι,
2461 2389 2555 2441 καὶ
2590 2389 2688 2450 τὰς
2737 2389 2924 2455 χεῖρας
2959 2385 3126 2439 αὑτοῦ
3167 2386 3268 2438 ἐπὶ
3318 2385 3514 2438 πάντας
3544 2384 3654 2436 Θεω-

2122 2479 2324 2550 ροῦμεν
2367 2477 2529 2543 εἶναι,
2569 2477 2662 2529 καὶ
2693 2477 2745 2528 αἱ
2773 2479 2955 2548 χεῖρες
2998 2476 3227 2529 πάντων
3261 2475 3346 2527 ἐπ’
3383 2476 3553 2534 αὐτὸν,
3580 2475 3654 2526 καὶ
3733 2483 3736 2486 ’

2121 2571 2530 2642 ἐνεκατῲκησεν
2565 2571 2656 2622 ἐπὶ
2705 2570 2994 2640 πρόσωπον
3022 2569 3182 2638 ἡμῶν
3233 2569 3467 2628 πάντων.
3511 2570 3592 2619 καὶ
3617 2569 3654 2616 οἱ

2121 2666 2186 2716 ὲκ
2211 2664 2405 2716 τούτου
2440 2664 2654 2728 τοξόται
2684 2663 2900 2731 ἄριστοί
2925 2663 3033 2714 είσι
3081 2660 3209 2712 λίαν
3239 2659 3383 2713 λίαν.
3419 2659 3552 2727 Πλὴν
3575 2660 3653 2727 τῆς

2121 2756 2383 2825 διαθήκης
2417 2755 2583 2807 αὐτοῦ
2613 2758 2641 2808 6
2668 2755 2800 2836 Θεὸς
2839 2753 3144 2824 ὑστέρησεν
3177 2753 3346 2805 αὐτόν
3376 2769 3391 2782 ο
3424 2751 3552 2810 ὥστε
3576 2767 3655 2802 κα-

2123 2848 2228 2909 Θώς
2259 2867 2424 2917 φησιν
2449 2851 2492 2925 ,ἡ
2528 2847 2646 2900 Θεία
2671 2847 2882 2917 Γραφὴ,
2915 2850 3007 2898 καὶ
3032 2841 3104 2914 ἦν
3133 2844 3442 2914 ὡρισμένον
3472 2846 3529 2896 ὲκ
3554 2840 3653 2894 πολ-

2123 2941 2215 2993 λοῦ
2255 2942 2460 2994 ἄνωθεν
2492 2943 2560 2993 δι’
2589 2934 2662 2993 ὧν
2688 2941 2970 3009 κριμάτων
3004 2935 3142 2990 οἶδεν
3176 2940 3212 2991 ὁ
3256 2939 3408 3004 Θεὸς,
3438 2936 3653 2995 τοιοῦτως

2122 3034 2377 3102 γενέσθαι
2409 3052 2421 3064 ·
2459 3031 2525 3104 ἧν
2552 3035 2657 3103 γὰρ
2695 3034 2910 3102 ἀνάγκη
2951 3032 3138 3085 λοιπὸν
3167 3031 3263 3086 ἵνα
3286 3031 3454 3102 πέρας
3480 3031 3653 3082 λὰὅωσι

447 3122 594 3183 ἔθνος
635 3123 773 3188 μέγα
803 3120 1014 3188 ποιήσω
1046 3118 1227 3180 αὑτὸν,
1269 3120 1349 3168 ὅτι
1386 3118 1609 3186 σπέρμα
1649 3115 1742 3167 σού
1774 3116 1948 3168 ἐστιν.
1985 3132 2003 3165 ι
2039 3140 2082 3199 c
2122 3127 2187 3179 τὰ
2219 3127 2320 3180 ὅσα
2350 3129 2376 3180 ὁ
2410 3128 2642 3195 οεάπτης
2696 3127 2901 3197 Μωσῆς
2946 3125 3138 3195 ἔφησε,
3199 3128 3292 3179 καὶ
3321 3126 3437 3194 οὐχι
3478 3125 3549 3176 δτι
3576 3123 3654 3174 οὐκ

448 3301 593 3355 Deus
637 3301 822 3353 Isaaco
881 3299 1154 3352 benedixit
1193 3307 1246 3350 et
1297 3298 1602 3365 pactionem
1635 3311 1792 3351 suam
1849 3297 2017 3360 dedit,

448 3391 659 3446 lsmaoli
695 3405 802 3443 non
858 3391 1008 3451 item,
1035 3387 1128 3442 sed
1164 3387 1480 3454 simpliciter
1513 3387 1788 3440 benedixit
1814 3395 1866 3439 et
1900 3402 2022 3456 pro-

449 3481 617 3545 misit,
681 3495 1011 3549 magnopere
1075 3493 1134 3532 se
1186 3492 1308 3531 cum
1365 3487 1648 3532 aut-turum
1702 3493 1846 3533 esse.
1883 3477 2017 3531 Nam

450 3572 623 3625 brutis
681 3572 1073 3634 animantibus,
1106 3569 1548 3638 quadrupedibus
1599 3581 1652 3623 et
1710 3571 2016 3636 reptilibus,

451 3664 690 3733 piscibus
715 3674 769 3717 et
799 3663 1044 3725 alitibus,
1082 3659 1223 3714 Deus
1272 3661 1568 3723 benedixit.
1613 3678 1733 3716 cum
1771 3664 2017 3720 diceret:

455 3775 474 3809 ι
505 3755 791 3826 Augemini
821 3764 875 3809 et
903 3753 1338 3823 multiplicamini
1369 3762 1420 3808 et
1471 3753 1688 3822 implete
1736 3763 1957 3809 terram.
1993 3773 2012 3806 ι

447 3849 660 3904 Adamo
691 3860 869 3904 autem
894 3861 1001 3900 non
1031 3847 1113 3900 sic
1145 3846 1420 3900 benedixit
1444 3848 1619 3901 solum
1650 3864 1664 3901 :
1703 3846 2019 3916 «Augemini

445 3956 494 3999 et
526 3940 961 4012 multiplicamini
993 3948 1047 3994 et
1081 3939 1295 4009 implete
1319 3949 1539 4002 terram,
1576 3958 1593 3992 ι
1627 3956 1812 3996 verum
1830 3942 2015 4010 etiam,

449 4055 470 4089 ι
509 4035 722 4090 Domini
757 4032 874 4100 ejus
911 4041 1048 4094 este,
1088 4050 1106 4084 ι
1137 4040 1300 4102 atque
1351 4032 1403 4086 in
1461 4048 1656 4089 manus
1694 4049 1885 4089 eorum
1910 4044 2018 4089 tra-

445 4129 602 4192 didit,
631 4140 971 4196 quaecunque
1023 4123 1075 4176 in
1129 4132 1269 4177 terra
1306 4124 1572 4193 possideri
1606 4135 1659 4179 et
1728 4127 1837 4195 regi
1895 4142 2020 4196 pos-

445 4230 593 4284 Sunt,
634 4229 696 4274 ut
753 4217 1102 4286 intelligatur.
1163 4216 1571 4272 benedictiones
1637 4218 1726 4271 Dei
1773 4221 2016 4274 diversas

443 4328 584 4376 esse,
622 4326 782 4367 secus
809 4320 972 4378 atque
1039 4306 1115 4361 illi
1164 4308 1373 4373 dicunt,
1417 4310 1674 4378 quoniam
1733 4311 1927 4364 divinre
1961 4321 2013 4364 et

442 4418 613 4458 sacra:
649 4401 866 4455 Littera:
885 4410 1027 4452 recte
1059 4398 1420 4452 sentientibus
1449 4400 1583 4469 satis
1608 4400 2013 4464 demonstrant.

2122 3313 2264 3379 Agar
2311 3309 2549 3373 tradidit,
2585 3309 2811 3362 ltnmero
2864 3310 2984 3377 ejus
3038 3325 3272 3377 puerum
3327 3309 3584 3379 imposuit,
3614 3316 3653 3357 et

2121 3403 2329 3457 dimisit
2358 3418 2496 3455 eam.
2524 3402 2654 3466 Quae
2684 3416 2806 3454 cum
2841 3403 3086 3462 abiisset,
3121 3416 3224 3469 per
3275 3404 3478 3455 deserta
3507 3399 3652 3453 delata

2123 3503 2204 3547 est
2249 3495 2313 3546 ad
2365 3492 2563 3545 fontem
2619 3493 2964 3546 sacramenti.
3004 3491 3299 3546 Deliciebat
3331 3509 3464 3560 aqua
3494 3492 3655 3543 inutre

2121 3593 2174 3636 et
2209 3599 2317 3652 pra:
2371 3581 2900 3651 sitielanguescebat
2954 3583 3164 3636 Isniael.
3213 3583 3425 3653 Abiecit
3460 3595 3652 3653 puerum

2125 3677 2318 3730 mulier
2375 3684 2428 3729 et
2487 3673 2838 3744 lacrymabat.
2872 3673 3093 3727 Audit-it
3141 3684 3328 3730 autem
3376 3690 3406 3728 e
3434 3674 3550 3727 sede
3577 3686 3654 3725 sua

2119 3782 2310 3822 vocem
2370 3767 2522 3836 pueri
2561 3766 2720 3830 Deus,
2752 3775 2915 3834 atque
2966 3765 3263 3834 appellavit
3283 3770 3424 3836 Agar
3451 3765 3512 3820 de
3539 3765 3656 3817 coalu

2124 3859 2350 3930 angelus
2405 3858 2518 3921 Dei,
2549 3859 2708 3928 eique
2737 3859 2908 3911 dixit:
2945 3875 2964 3908 ι
2985 3858 3124 3923 Quid
3159 3860 3241 3914 rei
3274 3869 3378 3920 est,
3408 3860 3541 3927 Agar
3562 3861 3652 3908 lae

2122 3953 2312 4008 timeas
2339 3968 2353 4017 ;
2383 3950 2589 4005 audivit
2617 3951 2759 4004 etaim
2788 3949 2930 4004 Deus
2960 3937 3146 4005 vocem
3190 3954 3347 4020 pueri
3367 3951 3445 4008 tui
3472 3961 3531 4004 ex
3558 3951 3654 4001 loro

2119 4059 2204 4106 eo,
2241 4044 2292 4096 in
2321 4058 2429 4112 quo
2450 4052 2555 4097 est.
2587 4043 2776 4109 Surge,
2810 4041 2938 4096 tolle
2986 4057 3241 4110 puerum,
3268 4057 3494 4113 eumque
3521 4053 3654 4093 manu

2121 4144 2210 4188 tua
2247 4133 2954 4202 comprehendennagnam
3005 4135 3146 4188 enim
3181 4145 3396 4204 gentem
3427 4149 3542 4189 eum
3589 4129 3654 4183 ia-

2121 4224 2283 4280 ciam.
2319 4225 2496 4278 »Τυω
2528 4223 2741 4293 aperuit
2780 4225 2918 4278 Deus
2947 4224 3162 4278 'oculos
3208 4225 3351 4294 ejus,
3381 4234 3440 4279 ut
3481 4224 3653 4276 videret

2119 4313 2323 4370 fontem
2356 4330 2530 4384 aquae.
2569 4315 2713 4369 Abiit
2748 4315 2910 4383 igitur
2950 4316 3165 4381 mulier,
3201 4325 3278 4376 et.
3321 4317 3512 4384 repleto
3537 4322 3656 4374 utre,

2120 4417 2304 4477 potum
2341 4407 2567 4476 praebuit
2597 4422 2788 4475 puero.
2823 4406 3041 4461 Deinde.
3077 4409 3266 4462 aderat
3311 4407 3449 4462 Deus
3494 4421 3656 4474 puero.

445 4495 499 4546 in
583 4502 811 4560 utroque
874 4491 983 4543 lilio
1041 4490 1334 4542 Abraliami
1415 4490 1616 4555 Isaaco,
1672 4492 1912 4560 inquam,
1951 4504 2006 4547 et
2041 4494 2202 4567 uni
2256 4497 2597 4551 adolescebat
2641 4507 2694 4550 et
2733 4495 3010 4550 habitabat
3057 4496 3112 4549 in
3165 4496 3387 4552 deserto
3445 4497 3658 4553 Paaraze.

447 4582 667 4637 lsmaele
721 4579 966 4633 diversas
1021 4591 1145 4631 esse
1225 4576 1653 4642 benedictioncs,
1710 4594 1904 4646 genera
1958 4589 2010 4631 et

446 4673 705 4728 Incredia.

512 4763 699 4832 Capite
720 4761 791 4815 20
819 4770 872 4815 et
907 4762 972 4816 Ἦ
1005 4761 1117 4816 hinc
1153 4761 1218 4817 de
1254 4759 1478 4816 lsmaelc
1514 4774 1824 4816 narrantur.
1863 4780 1881 4812 ι
1921 4761 2012 4814 lli-

442 4857 521 4911 )tit
557 4855 869 4910 Abrahamo
910 4855 1072 4908 Sarra
1108 4870 1121 4908 :
1155 4872 1174 4906 ι
1206 4854 1354 4922 Ejice
1397 4854 1627 4919 puellam
1680 4854 1820 4908 hanc
1886 4870 2009 4909 cum

443 4947 552 5002 ﬁlio
580 4953 719 5016 ejus.
755 4931 938 5015 Nerine
974 4947 1114 5000 enim
1164 4947 1335 5000 haeres
1370 4945 1636 5000 eritﬁlius
1673 4945 1862 5013 puellae
1889 4961 2014 5002 cum

446 5041 554 5095 lilio
595 5056 713 5095 meo
749 5038 951 5095 lsaaco.
980 5055 998 5088 ι
1050 5037 1352 5091 Admodum
1401 5051 1651 5105 asperum
1705 5037 1756 5091 id
1805 5037 2010 5092 dictum

441 5135 751 5190 Abrahamo
774 5133 1058 5188 videbatur
1084 5132 1135 5184 in
1163 5131 1334 5200 ipsius
1367 5130 1535 5184 lilium
1567 5130 1874 5186 lsmaelem.
1902 5131 2010 5186 Sed

442 5226 582 5282 Deus
615 5225 924 5282 Abrahamo
959 5223 1128 5278 dixit:
1155 5243 1174 5274 ‹
1205 5222 1282 5276 Ne
1311 5237 1566 5290 asperum
1615 5223 1713 5277 tibi
1768 5223 2014 5278 videatur

442 5318 497 5372 in
556 5333 785 5388 puerum
851 5325 946 5371 aut
999 5316 1400 5384 puellam;iino
1437 5329 1776 5384 quaecunque
1818 5315 2014 5372 dixerit

445 5407 627 5476 Sarra,
664 5409 916 5464 ausculta
974 5409 1090 5462 voci
1133 5408 1272 5476 ejus.
1302 5408 1562 5477 quoniam
1617 5410 1671 5462 in
1707 5407 1889 5464 lsaaco
1926 5423 2016 5462 vo-

442 5501 656 5555 cabitur
691 5501 786 5554 tibi
821 5514 1033 5562 semen,
1061 5509 1113 5552 et
1144 5499 1309 5552 [ilium
1337 5499 1525 5567 puella
1556 5499 1716 5570 hujus
1761 5515 2013 5569 magnam

441 5597 650 5654 gentem
677 5587 919 5642 facturas
955 5602 1096 5651 sum,
1128 5588 1254 5656 quia
1281 5603 1464 5642 semen
1487 5592 1655 5642 'tuum
1689 5599 1792 5644 est.
1827 5608 1846 5640 ι
1880 5591 2014 5642 Sur-

442 5679 578 5732 rexit
602 5679 760 5748 igitur
789 5693 944 5732 mane
971 5678 1328 5744 Abraliamus,
1350 5694 1539 5746 panem
1569 5689 1622 5735 et
1645 5691 1820 5736 utrem
1849 5698 2004 5751 aqua:

2115 4587 2403 4657 factusque
2434 4597 2519 4644 est
2553 4589 2869 4658 sagittarius
2897 4588 3155 4641 eximius.
3189 4606 3209 4639 ι

2184 4679 2274 4736 Sic
2331 4694 2626 4748 agnoscere
2685 4694 2971 4746 possumus
2999 4680 3328 4736 .lsmaelem.
3360 4681 3503 4736 Sicut
3540 4679 3656 4732 Ουιις

2113 4769 2426 4823 Abraliamo
2461 4766 2729 4836 promisit,
2762 4767 2834 4820 ita
2875 4781 3127 4835 magnam
3178 4779 3395 4838 gentem
3451 4785 3565 4823 eum
3601 4767 3660 4818 le-

2115 4858 2465 4925 cit,etregcs
2525 4855 2702 4924 magni
2745 4870 2808 4908 ex
2841 4856 3279 4922 eoexstiterunt,
3324 4869 3374 4912 et
3410 4872 3588 4910 manus
3610 4871 3657 4908 e-
3700 4847 3708 4862 “

2111 4948 2200 5016 jus
2250 4947 2512 5002 adversus
2540 4962 2751 5012 omnes,
2779 4955 2835 5000 et
2893 4948 3142 5002 omnium
3189 4965 3382 5004 manus
3426 4952 3657 5002 adici-sus

2116 5043 2291 5110 ipsum
2341 5043 2574 5096 intentas
2640 5041 2907 5104 videmus,
2943 5049 2998 5095 et
3031 5040 3368 5096 domicilium
3403 5042 3655 5096 collocavit

2117 5136 2169 5188 in
2209 5143 2502 5203 conspectu
2539 5134 2710 5188 nostri
2760 5133 3027 5195 omnium,
3060 5143 3112 5188 et
3141 5133 3342 5204 posteri
3386 5133 3657 5203 ejus’sagit-

2117 5229 2239 5282 tarii
2280 5227 2439 5295 longe
2495 5225 2683 5294 Optimi
2709 5233 2875 5290 sunt;
2916 5226 3164 5294 pactione
3202 5238 3380 5280 autem
3413 5239 3504 5279 sua
3535 5222 3654 5275 Deus

2116 5336 2242 5374 eum
2273 5319 2510 5374 exclusit
2545 5337 2560 5372 :
2590 5326 2674 5381 ut,
2699 5318 3158 5387 quemadmodum
3184 5318 3236 5373 in
3263 5317 3434 5373 sacris
3462 5314 3654 5368 Litteris

2116 5421 2197 5464 est
2240 5417 2293 5462 et
2344 5409 2502 5478 longe
2557 5419 2683 5464 ante
2733 5412 3090 5465 constitutum
3149 5417 3262 5465 erat
3309 5407 3379 5460 ob
3419 5404 3648 5458 rationes.

2117 5516 2253 5570 quas
2289 5500 2432 5555 Deus
2465 5502 2636 5565 novit,
2671 5500 2745 5554 ita
2777 5483 3040 5554 evenerit.
3069 5498 3306 5556 Necesse
3359 5495 3496 5551 enim
3534 5497 3650 5546 erat.

2119 5603 2174 5647 ut
2197 5603 2448 5646 eventum
2511 5592 2788 5654 baberent,
2839 5606 3176 5662 quacunque
3231 5589 3444 5642 divinus
3499 5581 3651 5634 loses

2117 5685 2348 5740 dixerat.
2384 5682 2606 5738 Minime
2639 5697 2764 5738 vero
2796 5699 2896 5740 nos
2951 5699 3114 5754 prave
3147 5681 3526 5741 sentiebamus,
3558 5672 3654 5723 llo-
