3920 6196
385 263 479 325 9H

1607 262 1757 322 (ἶΕο
1770 262 1934 322 RGII
1968 263 2064 322 ΡΠ
2077 264 2394 324 ΠΛΝΤΖΕ

3479 267 3572 336 912

379 389 475 443 καὶ
511 386 658 449 υἱοὺς
710 385 1100 455 συγγάμϐρους
1141 386 1227 439 καὶ
1283 384 1750 454 γυναικαδελφοὺς
1804 381 1946 438 εἶναι
1975 389 2024 444 Α
2119 389 2228 442 Καὶ
2265 390 2330 458 τῇ
2381 387 2447 455 ιβ’
2487 385 2582 441 τοῦ
2617 387 2958 456 Δεκεμϐρίου
3001 385 3368 458 παρελθόντων
3402 389 3456 456 ἐξ
3485 409 3578 462 μη-

379 482 457 548 up
516 480 748 551 βασιλεῖ,
786 478 1000 543 ἐνδόξου
1055 478 1155 548 μὲν
1219 478 1349 542 ἴσως
1380 479 1476 531 καὶ
1529 478 1722 540 δουκὸς
1768 478 1941 543 ὄντος,

379 577 515 629 ἀλλά
552 576 886 644 πρόσκαιρος
941 569 1030 644 ἦν.
1081 573 1189 626 Καὶ
1223 571 1377 636 αὖθις
1430 573 1568 641 μετὰ
1609 573 1671 626 τὸ
1722 571 1946 642 βασιλέα

379 668 634 736 γενέσθαι
665 668 758 720 τὸν
781 666 1053 736 αὐθέντην
1084 684 1183 736 μου
1214 669 1242 720 6
1271 666 1395 732 δοὺξ
1417 665 1596 736 ἐζήτει
1623 667 1684 719 τὸ
1713 666 1943 729 τοιοῦτο,

379 761 495 813 ἀλλ’
554 760 921 829 ἀπεπέμφθη.
961 760 1191 812 Ἕνεκεν
1219 759 1413 811 τούτου
1462 759 1646 810 λοιπὸν
1680 759 1706 809 6
1739 759 1948 826 ἄνθρω-

380 871 481 916 πος
506 854 727 920 ἐγένετο
759 852 952 922 ἐχθρός
974 870 987 886 -
1023 853 1118 905 καὶ
1152 852 1324 905 πολλά
1355 852 1604 912 εἰπόντος
1627 849 1722 904 τοῦ
1745 851 1946 904 ’Λλωῦ-

383 948 500 1000 σίου
528 947 876 1016 Λαυρεδάνυυ
909 947 1006 1000 καὶ⁸
1057 946 1150 998 τοῦ
1184 945 1474 998 Ἀντωνίου
1515 943 1697 996 Διέδου
1729 944 1822 995 καὶ
1851 942 1948 996 ἀλ-

380 1039 489 1093 λων
513 1038 748 1103 πολλῶν,
776 1039 871 1091 καὶ
916 1037 1321 1102 ἀποδειξάντων
1365 1037 1446 1089 ὅτι
1496 1038 1545 1088 εί
1584 1036 1679 1088 καὶ
1722 1037 1755 1105 ή
1794 1034 1949 1097 πόλις

384 1133 590 1202 ἀλωθῇ,
643 1132 873 1200 πλείστη
922 1131 1096 1200 ζημία
1150 1130 1439 1199 συμϐαίνει
1498 1130 1592 1181 καὶ
1651 1131 1715 1196 τῇ
1767 1125 1947 1180 αὐτῶν

383 1226 544 1296 325
585 1227 862 1296 αὑθεντίᾳ,
919 1225 1058 1293 πλὴν
1089 1226 1190 1278 οὐκ
1220 1224 1447 1292 ἴσχυσαν
1487 1223 1824 1290 παροτρῦναι
1851 1218 1941 1272 τὸν

383 1307 550 1372 δοῦλκα
581 1320 908 1386 συνδραμεῖν
938 1317 1013 1387 τῷ
1047 1316 1312 1385 βασιλεῖ.ι

455 1412 618 1481 Καὶή
659 1409 956 1476 Ἐκκλησία
981 1408 1079 1478 τῆς
1119 1407 1337 1476 Ῥώμης
1372 1407 1501 1476 περὶ
1529 1405 1723 1460 τούτου
1752 1411 1948 1477 ἐφρόν-

383 1518 556 1554 τισεν.
610 1500 939 1569 Εὐρεθέντος
967 1498 1075 1568 γάρ
1121 1499 1216 1551 τοῖο
1253 1498 1618 1568 καρδηναλίου
1674 1499 1950 1564 Ῥωσσίας

383 1598 465 1657 εις
494 1595 595 1662 τὴν
620 1594 796 1655 πόλιν,
825 1594 918 1646 καὶ
945 1594 1053 1660 ἐγὼ
1077 1580 1206 1661 περὶ
1231 1590 1424 1644 τούτου
1453 1593 1779 1662 μεσιτεύσας
1815 1595 1950 1666 πρὸς

381 1689 474 1742 τὸν
503 1688 749 1758 ἀοίδιμον
782 1688 877 1739 καὶ
930 1685 1246 1754 μακαρίτην
1278 1685 1369 1737 τὸν
1403 1685 1673 1756 αὐθέντην
1710 1703 1813 1756 μου
1857 1685 1950 1739 τὸν

349 1755 774 1847 1βασιλέα,τ’ίνα
807 1778 1034 1847 γένηται
1082 1778 1166 1828 ὅδε
1216 1776 1551 1846 καρδηνάλις
1597 1755 1950 1848 πατριάρχης

385 1873 1052 1932 Κωνσταντινουπόλεως·
1117 1871 1209 1922 καὶ
1252 1871 1300 1922 εί
1335 1870 1580 1938 γένηται,
1619 1869 1686 1922 τὰ
1746 1871 1835 1922 καὶ
1885 1869 1952 1922 τὰ

383 1967 707 2036 γενήσονται
751 1963 882 2031 παρ’
909 1963 1076 2016 αὑτοῦ
1107 1950 1201 2014 καὶ
1236 1961 1331 2014 τοῦ
1361 1962 1486 2015 τότε
1517 1963 1676 2015 πάπα
1718 1963 1797 2023 εἰς
1825 1963 1953 2031 βοή-

385 2056 538 2108 θειαν
583 2057 681 2122 τῆς
711 2051 944 2114 πόλεως,
976 2054 1022 2104 εἰ
1059 2052 1158 2105 κᾶν
1200 2053 1263 2103 ἐκ
1309 2051 1567 2117 δευτέρου
1601 2051 1948 2122 μνημονευθῇ

383 2151 411 2200 6
439 2149 659 2207 πάπας·
688 2144 785 2198 xci
810 2143 1020 2196 πολλῶν
1051 2141 1406 2210 συζητήσεων
1430 2142 1604 2209 λόγων
1630 2145 1723 2195 καὶ
1751 2143 1951 2212 βουλῆς

383 2238 698 2306 γενομένων
744 2234 892 2298 ἔδοξε
926 2233 1004 2302 τῷ
1048 2233 1280 2302 ἀοιδίμῳ
1332 2232 1547 2302 βασιλεῖ
1597 2235 1674 2302 τῷ
1717 2234 1950 2306 αὐθέντῃ

390 2350 493 2402 μου
527 2332 586 2383 τὸ
617 2330 672 2382 ἓν
706 2331 813 2382 τῶν
845 2327 937 2380 δύο
975 2327 1048 2396 μὴ
1074 2327 1285 2392 γένοιτο
1314 2326 1612 2391 παντελῶς,
1639 2328 1720 2380 ὅτι
1755 2328 1831 2396 τῷ
1861 2346 1955 2395 γε-

384 2424 596 2493 νομένῳ
650 2422 967 2491 πατριάρχη
1031 2420 1242 2488 ἀνάγκη
1275 2415 1344 2490 ἦν
1387 2421 1419 2488 ἢ
1473 2421 1758 2473 πείθεσθαι
1802 2422 1951 2490 αὐτῷ

385 2518 511 2580 τοὺς
545 2516 774 2578 πάντας,
807 2515 838 2583 ἢ
864 2514 980 2582 ἔρις
1005 2512 1100 2564 καὶ
1130 2510 1297 2581 ἔχθρα
1323 2513 1615 2579 γενήσεται
1636 2513 1950 2580 ἀναμεταξὺ

386 2605 550 2659 αὑτοῦ
589 2604 685 2658 καὶ
717 2603 899 2656 αὐτῶν
929 2603 1036 2656 τῶν
1075 2603 1148 2671 μὴ
1178 2602 1527 2669 πειθομένων
1560 2602 1728 2671 αὐτῷ.
1763 2605 1870 2656 Καὶ
1895 2606 1952 2656 ἐν

386 2699 581 2767 ἐκείνῳ
607 2697 700 2750 τοῦ
733 2695 924 2766 καιροῦ
949 2695 1193 2763 διαμέσῳ
1220 2695 1269 2746 εί
1297 2695 1391 2746 καὶ
1426 2695 1605 2764 συμϐῇ
1639 2698 1772 2763 ἡμῖν
1805 2697 1948 2766 μάχη

385 2788 584 2856 ἔξωθεν
616 2787 765 2858 παρὰ
794 2786 900 2838 τῶν
931 2784 1164 2855 ἐχθρῶν,
1197 2787 1293 2837 καὶ
1323 2785 1469 2855 ἔχειν
1503 2787 1650 2855 ἡμᾶς
1685 2788 1775 2839 καὶ
1805 2787 1944 2838 ἔσω-

387 2880 502 2945 θεν,
537 2878 703 2932 πόσον
733 2877 915 2931 ἔσεται
943 2875 1155 2941 κακόν;
1189 2876 1264 2928 Τὸ
1295 2876 1349 2928 δὲ
1387 2876 1830 2945 μνημονεύεσθαι
1863 2877 1951 2930 τδν

385 2970 574 3023 πάπαν
620 2965 906 3038 γενηθήτω
955 2970 1146 3021 ἕνεκεν
1208 2967 1422 3030 ἐλπίδος
1477 2967 1727 3037 βοηθείας
1778 2971 1834 3021 ἐν
1885 2971 1949 3038 τῇ

2052 481 2178 545 νῶν,
2225 483 2321 534 καὶ
2351 481 2608 534 τοσούτου
2652 480 2813 546 λόγου
2856 482 3147 549 γενομένου
3185 482 3308 550 περὶ
3353 480 3579 552 βοηθείας

2053 575 2176 626 ὅσον
2226 574 2522 642 ἐποιήσατο
2561 575 2590 626 ὁ
2641 572 2935 634 σουλτάνος
2973 570 3069 624 τοῦ
3102 573 3312 640 Κάερος
3350 572 3460 642 ήτοι
3488 573 3579 638 τῆς

2053 665 2335 732 Αἰγύπτου
2371 679 2384 693 ·
2416 663 2526 718 ἀπὸ
2570 665 2626 716 δὲ
2658 664 2754 732 τῆς
2811 663 3043 733 Σερϐίας
3280 665 3488 716 δυνατὸν
3521 659 3580 733 ἦν

2051 753 2457 823 ἀποσταλθῆναι
2508 754 2774 823 χρήματα
2815 753 3069 821 κρυφίως
3117 753 3448 823 πολυμερῶς,
3498 757 3584 806 καὶ

2052 847 2376 918 ἀνθρώπους
2400 848 2606 916 ὁμοίως
2635 847 2703 899 δι’
2735 846 2898 899 ἄλλου
2926 846 3128 917 τρόπου
3162 860 3176 875 ⁸
3207 845 3321 900 ἀλλ’
3348 851 3441 901 οὐκ
3467 850 3588 901 ἀπέ-

2051 940 2249 992 λαυσεν
2294 938 2413 991 οὐδὲ
2461 936 2602 991 εἶδεν
2632 937 2808 1001 οὐδεὶς
2858 938 2955 990 ἕνα
2985 937 3188 992 ὀϐολόν.
3221 939 3346 1002 Ναὶ,
3391 941 3585 1007 ἀληθῶς

2050 1032 2382 1086 ἀπέστειλαν
2441 1032 2615 1086 πολλὰ
2667 1034 2925 1102 χρήματα
2977 1033 3070 1086 καὶ
3115 1032 3429 1104 ἀνθρώπους
3467 1036 3586 1104 πρὸς

2050 1123 2143 1178 τὸν
2181 1125 2433 1195 ’Λμηρᾶν
2460 1123 2857 1193 πολιορκοῦντα
2895 1124 2993 1195 τὴν
3028 1125 3180 1179 πόλιν
3201 1140 3214 1156 ·
3248 1129 3338 1179 καὶ
3378 1127 3588 1196 ἐθριάμ-

2051 1216 2252 1269 ϐευσαν
2283 1217 2482 1279 αὐτοὺς
2511 1218 2562 1269 οἱ
2595 1219 2856 1289 Τοῦρκοι,
2884 1217 3221 1280 δεικνύοντες
3245 1217 3325 1270 ὅτι
3360 1218 3484 1271 Ἰδοὺ
3509 1225 3589 1272 καὶ

2050 1310 2099 1362 oi
2134 1306 2327 1375 Σέρϐοι
2355 1308 2478 1361 καθ’
2511 1307 2668 1376 ὑμῶν
2697 1309 2825 1364 είσί.
2861 1308 2956 1370 Τίς
2999 1309 3108 1359 τῶν
3142 1307 3477 1376 Χριστιανῶν
3504 1307 3588 1360 αὑ·

2053 1400 2252 1454 θέντων
2291 1400 2322 1468 ἢ
2376 1399 2604 1470 Ἰϐήρων
2635 1398 2961 1453 ἀπέστειλεν
3004 1399 3099 1452 ἕνα
3129 1397 3319 1452 ὀϐολὸν
3352 1398 3592 1469 ἢάνθρὼ-

2054 1508 2187 1552 πους
2216 1493 2296 1554 εἰς
2323 1490 2577 1560 βοήθειαν
2623 1490 2724 1559 τῆς
2769 1490 3000 1554 πόλεως,
3045 1492 3078 1560 ἦ
3114 1488 3427 1559 φανερῶςῆ
3474 1507 3592 1558 κρυ-

2057 1585 2231 1652 φίως;
2263 1583 2325 1634 Oi
2365 1580 2644 1652 Οῦγγαροι
2689 1582 2745 1634 δὲ
2776 1581 3026 1635 ἔστειλαν
3069 1581 3330 1650 πρέσϐεις
3363 1581 3492 1649 πρὸς
3516 1581 3594 1632 τὸν

2057 1678 2280 1746 άμηρᾶν
2309 1677 2560 1744 λέγοντες
2591 1676 2696 1740 ὅτι,
2716 1674 3034 1744 Σωζομὲνου
3063 1674 3151 1727 ἵνα
3179 1675 3336 1744 ἔχητε
3364 1677 3448 1726 καὶ
3475 1675 3595 1741 μετά

2051 1767 2147 1820 τοῦ
2173 1766 2439 1837 βασιλέως
2478 1767 2705 1836 εἰρήνην
2735 1767 2831 1819 καὶ
2864 1766 3112 1834 ἀγάπην,
3161 1764 3492 1834 ἐποιήσαμεν
3515 1767 3595 1817 καὶ

2050 1861 2212 1928 ἡμεῖς
2244 1857 2344 1927 τὴν
2371 1857 2596 1926 ἀγάπην
2634 1856 2753 1924 μεθ’
2785 1856 2940 1923 ὑμῶν
2960 1869 2974 1884 °
3009 1855 3128 1908 ἀλλ’
3155 1858 3273 1908 ἐπεὶ
3301 1855 3360 1907 οὐ
3400 1857 3594 1922 τηρεῖτε

2051 1946 2194 2000 κατὰ
2220 1945 2318 2008 τὰς
2343 1945 2656 2014 ἀναμεταξὺ
2693 1947 2850 2016 ἡμῶν
2880 1947 2973 2000 καὶ
3012 1947 3170 2016 ὑμῶν
3201 1947 3484 2016 συνθήκας,
3517 1948 3596 1998 καὶ

2052 2042 2213 2109 ἡμεῖς
2266 2039 2623 2109 ἀθετήσωμεν
2673 2042 2855 2092 πᾶσαν
2892 2040 2990 2108 τὴν
3038 2041 3463 2111 εῖρηνοποίητιν.
3504 2042 3596 2092 Καὶ

2053 2131 2296 2200 ἔφθασαν
2332 2132 2379 2182 οἱ
2430 2131 2714 2200 πρέσϐεις,
2759 2132 2920 2202 ἡνίκα
2951 2133 3329 2201 ἐπολιορκεῖτο
3374 2134 3406 2202 ή
3443 2134 3596 2196 πόλις,

2053 2217 2170 2294 ἐνῇ
2221 2222 2480 2288 ἐϐδομάδι
2531 2223 2756 2289 ἔμελλον
2789 2223 2886 2293 τὴν
2928 2223 3169 2294 ἐμϐολὴν
3220 2225 3406 2279 δῶσαι.
3452 2227 3505 2278 Ὀ
3550 2226 3596 2277 δὲ

2051 2315 2273 2384 ἀμηρᾶς
2321 2316 2416 2366 καὶ
2449 2315 2600 2367 πάσα
2631 2316 2663 2383 ἠ
2697 2315 2861 2383 βουλὴ
2906 2315 3071 2369 αὑτοῦ
3107 2316 3386 2386 ἐχρόνιζον
3425 2318 3596 2378 αὐτοὺς

2053 2407 2229 2473 λόγοις
2273 2406 2567 2468 κολακείας
2596 2406 2899 2477 προσδοκᾷν
2927 2407 3026 2478 τὴν
3056 2409 3356 2479 ἀπόκρισιν
3383 2412 3594 2479 σήμερον

2053 2503 2084 2568 ἦ
2117 2483 2336 2570 αὖριονῗ
2361 2501 2468 2554 Καὶ
2500 2498 2658 2552 τοῦτο
2690 2500 2907 2554 ἐποίουν
2938 2502 3080 2568 μετά
3111 2502 3293 2567 δόλου,
3323 2503 3446 2572 ἄχρι
3467 2505 3598 2556 [ὀωτι

2052 2595 2122 2647 τὰ
2152 2593 2415 2662 μέλλοντα
2451 2593 2752 2662 συμϐῆναι,
2785 2595 2868 2647 ὅτι
2903 2595 2950 2646 εἰ
2983 2593 3086 2662 μὲν
3121 2595 3488 2664 παραλάϐοιεν
3515 2597 3596 2662 τὴν

2055 2685 2230 2750 πόλιν,
2263 2686 2492 2736 εἴπωσιν
2523 2685 2665 2754 πρὸς
2713 2683 2946 2750 αὐτούς·
2983 2704 3002 2736 ι
3042 2685 3180 2739 Ἰδοὺ
3217 2685 3327 2754 γὰρ
3355 2684 3599 2754 ἐλάϐομεν

2055 2776 2224 2844 αὑτήν
2250 2794 2264 2808 ·
2324 2778 2480 2846 ὑμεῖς
2535 2777 2592 2830 δέ
2627 2776 2917 2843 ἀπέλθετε,
2974 2777 3066 2831 καὶ
3114 2780 3194 2842 ὡς
3231 2779 3299 2832 ἂν
3339 2778 3458 2849 δόξῃ
3487 2779 3596 2845 ὑμῖν

2055 2869 2343 2938 ποιήσατε,
2377 2869 2409 2938 ἢ
2458 2869 2684 2937 εἰρήνην
2722 2868 2870 2937 ἔχειν
2906 2869 3025 2938 μεθ’
3061 2870 3222 2939 ήμῶν
3267 2870 3298 2940 ἢ
3343 2870 3511 2939 μάχην
3534 2886 3545 2899 ·
3576 2887 3592 2918 ι

2055 2959 2082 3010 ὃ
2111 2960 2174 3029 δὴ
2205 2961 2297 3011 καὶ
2342 2962 2563 3027 ἐγένετο
2615 2963 2705 3013 καὶ
2733 2963 2847 3024 τοῖς
2884 2962 3186 3030 πρέσϐεσιν
3228 2963 3446 3034 ἐρρέθη.
3474 2962 3527 3012 El
3551 2961 3596 3012 δὲ

384 3063 597 3133 ἀνάγκη
634 3063 790 3130 ἡμῶν
817 3077 831 3092 ο
865 3063 958 3114 καὶ
981 3063 1096 3114 δσηι
1127 3059 1283 3112 τοῦτο
1310 3061 1609 3127 ποιήσωσιν
1637 3062 1692 3112 έν
1728 3065 1790 3130 τῇ
1821 3063 1950 3132 ἁγίᾳ
1981 3044 2022 3101 C
2056 3057 2155 3105 οὐκ
2189 3052 2643 3121 ἐπαρελάμϐανον
2683 3053 2869 3123 αὐτὴν,
2895 3054 3089 3124 ἤθελον
3117 3057 3296 3108 εἰπεῖν
3332 3055 3413 3107 ὅτι
3437 3053 3599 3107 ἕνεκεν

387 3155 576 3222 Σοφίᾳ,
614 3154 664 3206 οἱ
695 3154 846 3206 ἄλλοι
868 3153 1085 3206 ἔσονται
1119 3153 1357 3208 ἀναίτιοι
1393 3155 1487 3207 καὶ
1517 3157 1803 3226 είρηνικοί.

387 3283 484 3321 nes
550 3267 896 3342 imperatoris
952 3267 1258 3331 ctffratrcs
1317 3268 1953 3336 impcratricis.cssent?

386 3358 834 3425 Quandoquidem
869 3360 976 3411 dux
1013 3359 1313 3412 honoratus
1346 3359 1529 3411 forsan
1568 3371 1708 3427 erat,
1758 3364 1852 3417 sed
1885 3367 1950 3417 ad

387 3459 604 3518 tempus
637 3447 836 3502 lectus.
886 3453 1061 3515 Atque
1083 3450 1188 3502 dux
1219 3449 1436 3516 quidem
1466 3451 1624 3504 etiam
1667 3464 1950 3524 postquam

386 3539 642 3593 dominus
673 3553 827 3592 meus
890 3539 1186 3607 imperator
1213 3540 1386 3595 factus
1423 3548 1526 3605 est,
1583 3543 1705 3598 huic
1744 3559 1953 3600 connu-

390 3630 478 3682 bio
518 3629 775 3688 instabat,
805 3631 895 3682 sed
925 3629 1240 3698 repuliatus
1265 3641 1370 3688 est.
1401 3634 1628 3704 Propter
1653 3636 1792 3689 hanc
1817 3651 1950 3689 eau-

387 3737 503 3774 sam
544 3720 708 3788 igitur
741 3722 784 3773 is
813 3722 968 3774 nobis
995 3721 1400 3790 inimicuserat,
1432 3733 1485 3778 et
1512 3741 1632 3778 eum
1666 3727 1832 3778 multa
1867 3726 1953 3780 di-

386 3813 594 3866 xissent
626 3812 883 3882 Aloysius
936 3810 1299 3869 Lauredanus
1329 3824 1384 3869 et
1434 3815 1704 3870 Antonius
1756 3815 1954 3871 Diedus

386 3916 441 3960 et
460 3905 551 3958 alii
585 3904 765 3971 multi,
789 3907 1388 3975 demonstrassentque,
1421 3908 1463 3962 si
1491 3909 1619 3962 urbs
1643 3919 1951 3976 caperetur,

386 4015 584 4068 magna
613 4000 943 4072 detrimenta
971 4000 1133 4054 etiam
1205 4001 1446 4070 ipsorum
1515 4003 1678 4058 rebus
1727 3983 1948 4058 allatum

387 4090 478 4151 iri,
511 4106 616 4144 non
639 4099 890 4160 poterant
921 4101 1100 4145 tamen
1123 4090 1248 4145 duci
1283 4093 1628 4162 persuadere,
1649 4105 1705 4149 ut
1725 4094 1957 4164 impera-

389 4182 492 4236 tori
515 4194 880 4237 succurreret.

463 4271 637 4325 Etiam
666 4270 920 4327 Ecclesia:
953 4273 1210 4328 [initiante
1244 4275 1356 4327 hzee
1388 4289 1473 4330 res
1491 4290 1635 4330 cura:
1655 4286 1788 4333 erat.
1819 4276 1955 4332 Cum

387 4363 534 4417 enim
576 4364 628 4414 in
680 4363 812 4416 urbe
864 4361 1082 4417 adesset
1135 4364 1432 4418 cardinalis
1479 4365 1716 4430 Rossize,
1739 4377 1794 4419 et
1854 4381 1955 4436 ego
1991 4399 2035 4453 υ

388 4454 622 4520 egissem
653 4468 778 4506 cum
809 4455 1118 4508 venerando
1169 4465 1223 4508 et
1253 4456 1422 4510 beata:
1451 4457 1728 4511 memoria:
1785 4457 1955 4526 impe-

393 4554 595 4609 ratore,
632 4545 857 4598 domino
916 4561 1060 4609 meo,
1113 4554 1171 4599 ut
1197 4547 1244 4600 is
1298 4548 1590 4603 cardinalis
1648 4549 1957 4617 patriarcha

388 4637 574 4708 Cpolis
603 4639 772 4701 lieret,
812 4639 952 4693 unde
971 4637 1215 4694 futurum
1245 4649 1482 4705 esset,ut
1507 4642 1575 4695 ab
1606 4641 1724 4710 ipso
1753 4650 1806 4695 et
1825 4657 1960 4710 papa

393 4731 634 4785 nonnihil
656 4733 805 4786 lieret
826 4730 894 4786 ad
921 4732 1105 4785 urbem
1123 4730 1504 4802 adjuvandam,
1535 4735 1580 4786 si
1607 4746 1794 4786 rursus
1810 4747 1962 4803 pupae

393 4823 599 4875 mentio
627 4822 777 4876 ﬁeret
829 4861 843 4886 ,
869 4822 1052 4880 multis
1101 4823 1442 4877 sermonibus
1462 4831 1514 4876 et
1549 4824 1964 4878 consultationi-

392 4913 1106 4983 bushabitis,imperatori,
1143 4913 1365 4968 domino
1428 4931 1566 4978 meo,
1600 4916 1778 4969 visum
1851 4927 1960 4979 est,

393 5015 643 5058 neutrum
673 5020 860 5059 rerum
894 5021 1014 5076 qum
1036 5017 1402 5060 consecutura
1446 5017 1651 5067 essent,
1688 5007 1802 5060 Iieri
1869 5007 1962 5059 de-

393 5096 541 5160 bere,
585 5095 1029 5163 quandoquidem
1064 5109 1290 5148 necesse
1323 5105 1490 5155 esset,
1530 5104 1586 5146 ut
1610 5104 1704 5147 aut
1735 5097 1964 5162 patriar-

395 5188 511 5240 chae
536 5202 728 5242 armies
751 5187 1058 5253 obcdirent,
1087 5195 1181 5239 aut
1210 5185 1335 5240 lites
1366 5195 1418 5238 et
1472 5185 1780 5239 inimicitize
1821 5186 1964 5238 inter

395 5281 568 5347 ipsum
588 5291 639 5332 et
655 5293 769 5344 eos,
795 5281 888 5348 qui
921 5294 1028 5333 non
1072 5278 1378 5340 obedircnt,
1428 5279 1722 5330 orirentur.
1754 5276 1963 5332 interea

395 5377 439 5422 si
470 5371 626 5424 nobis
655 5370 787 5425 furis
817 5372 1017 5424 bellum
1049 5369 1347 5424 inferretur
1381 5369 1448 5424 ab
1467 5369 1736 5431 hostibus,
1767 5379 1959 5422 etcon-

395 5461 730 5517 Ilictaremur
767 5462 930 5515 etiam
955 5461 1100 5515 domi
1125 5461 1387 5524 dissidiis,
1410 5475 1615 5529 quanta
1649 5459 1787 5513 mala
1814 5457 1961 5513 futu—

395 5570 454 5607 ra
479 5554 702 5608 essent?
764 5552 922 5622 Papa:
977 5561 1154 5604 tamen
1210 5553 1471 5606 memoria
1537 5552 1692 5604 tieret
1732 5560 1959 5620 propter

397 5663 545 5713 spem
583 5646 767 5697 auxilii
805 5645 858 5695 in
891 5645 990 5696 hac
1022 5644 1365 5697 necessitate.
1405 5641 1559 5708 Quod
1593 5645 1684 5712 qui
1717 5643 1960 5696 facerent

398 5738 451 5789 iu
483 5743 695 5788 Sanctae
729 5737 943 5804 Sophia:
977 5735 1173 5802 templo
1192 5735 1437 5788 facerent
1463 5753 1474 5788 :
1499 5735 1691 5803 reliqui
1718 5750 1782 5789 ne
1801 5749 1965 5788 accu-

2057 3145 2152 3213 τῆς
2188 3145 2498 3214 ἀναμεταξυ
2535 3146 2691 3216 ἡμῶν
2734 3148 2827 3201 καί
2869 3148 3022 3216 ὑμῶν
3053 3149 3284 3220 εἰρήνης
3315 3151 3346 3202 ὁ
3390 3148 3598 3215 πόλεμος

2057 3269 2310 3317 sarcntur
2343 3277 2440 3316 nec
2473 3261 2843 3317 turbarentur.

2131 3353 2225 3408 Die
2256 3352 2321 3406 12
2340 3354 2672 3421 Decembris,
2703 3371 2825 3409 cum
2859 3370 2952 3410 sex
2979 3371 3201 3413 menses
3231 3358 3594 3427 przeterissent,

2059 3456 2111 3499 et
2146 3457 2224 3500 tot
2246 3449 2408 3501 verba
2436 3460 2619 3502 essent
2651 3449 2790 3502 facta
2816 3450 2881 3502 de
2906 3450 3140 3512 auxilio,
3178 3460 3316 3519 quot
3359 3449 3478 3505 fecit
3505 3449 3600 3502 sul-

2061 3549 2222 3592 tanus
2251 3538 2394 3593 Cairi
2425 3539 2540 3593 sive
2566 3537 2808 3609 Egypti,
2843 3550 2897 3594 et
2925 3557 2952 3594 a
2988 3541 3181 3596 Servia
3209 3550 3395 3612 posset
3458 3555 3598 3611 pecu-

2063 3633 2152 3686 nia
2173 3633 2394 3686 occulte
2435 3633 2623 3686 multis
2650 3632 2848 3698 modis,
2886 3632 3138 3688 homines
3175 3635 3308 3688 item
3344 3634 3449 3688 alio
3499 3646 3600 3684 mo-

2061 3723 2130 3776 do
2163 3723 2452 3788 suzmnitti,
2484 3738 2641 3778 neruo
2676 3723 3135 3794 quidquam'indc
3163 3723 3437 3780 commodi
3487 3736 3596 3791 per-

2061 3817 2198 3884 cepit
2219 3829 2319 3869 nec
2337 3815 2468 3868 vidit
2492 3815 2572 3868 vel
2595 3817 2919 3871 teruncium.
2944 3816 3058 3870 lmo
3080 3817 3355 3873 miserunt
3378 3828 3599 3884 magnam

2061 3909 2302 3974 pecuniae
2332 3917 2384 3960 et
2427 3909 2656 3962 militum
2689 3908 2896 3977 copiam
2949 3907 3163 3962 Amerze
3222 3911 3408 3963 urbem
3453 3921 3602 3975 opon

2060 3999 2270 4068 gnanti,
2305 4011 2466 4069 atque
2503 4001 2754 4054 laudibus
2784 4014 2877 4054 cos
2917 4000 3220 4054 eﬂerebant
3271 4001 3480 4062 Turcw,
3532 3998 3603 4066 ja-

2062 4090 2469 4153 ctautes,etiam
2508 4088 2725 4145 Servios
2753 4089 2907 4144 nobis
2966 4091 3273 4145 adversari.
3298 4092 3426 4156 Quis
3468 4088 3603 4143 Chri-

2063 4179 2363 4233 Stianorum
2397 4181 2700 4248 principum
2741 4190 2834 4235 aut
2860 4181 3144 4236 lberorum
3181 4184 3267 4236 vel
3314 4182 3598 4235 teruncium

2063 4279 2155 4324 aut
2198 4270 2447 4326 homines
2507 4274 2572 4324 ad
2633 4273 2783 4329 urbis
2831 4273 3101 4326 auxilium
3142 4273 3458 4344 siveapertc
3504 4272 3601 4326 sive

2064 4362 2276 4414 occulte
2308 4362 2456 4415 misit
2483 4361 2506 4414 ?
2529 4360 2764 4431 ﬂungari
2797 4370 2976 4416 tamen
3037 4363 3248 4432 legatos
3279 4364 3346 4416 ad
3374 4365 3601 4414 Ameram

2062 4452 2349 4518 miserunt,
2385 4452 2474 4522 qui
2511 4455 2852 4517 nuntiarent,
2891 4469 2950 4508 se
2976 4453 3076 4520 sic,
3099 4467 3158 4508 ut
3195 4455 3274 4510 illi
3309 4469 3428 4511 cum
3455 4453 3603 4519 impe-

2064 4550 2243 4594 ratore
2265 4556 2450 4610 pacem
2477 4549 2530 4594 et
2563 4543 2856 4596 amicitiam
2903 4544 3168 4607 colerent,
3197 4558 3321 4596 cum
3350 4542 3478 4611 ipsis
3519 4553 3603 4607 pa-

2061 4648 2177 4686 cem
2213 4632 2404 4688 fecisse
2437 4649 2623 4688 :nunc
2648 4648 2773 4688 eum
2816 4634 2893 4688 illi
2933 4651 3039 4688 non
3075 4643 3367 4689 servarent
3437 4639 3600 4685 mutua

2063 4733 2238 4794 pacta,
2269 4740 2328 4779 se
2350 4740 2570 4795 quoque
2586 4739 2772 4794 pacem
2806 4725 3003 4780 factam
3035 4727 3264 4782 ortinino
3300 4723 3602 4794 improbam

2064 4819 2413 4874 Advenerunt
2459 4819 2644 4890 legati,
2693 4835 2816 4874 cum
2892 4821 3023 4875 urbs
3087 4820 3455 4882 obsideretur,
3508 4829 3630 4883 qm-

2065 4910 2401 4965 liebdomaale
2429 4911 2842 4980 impressionem
2867 4909 3063 4966 facturi
3093 4921 3271 4966 erant.
3299 4912 3517 4963 Ameras
3559 4920 3622 4963 et;

2065 5011 2239 5056 totum
2272 5004 2560 5056 concilium
2601 5002 2720 5071 ejus
2755 5001 2968 5056 blandis
2997 5002 3345 5057 sermonibus
3372 5014 3462 5055 eos
3506 4996 3600 5050 dif-

2065 5094 2329 5156 ferebant,
2367 5103 2425 5148 ut
2467 5093 2522 5147 in
2572 5102 2896 5162 praesentem
2962 5101 3054 5146 aut
3112 5093 3411 5146 crastinum
3473 5087 3599 5156 diem

2067 5201 2386 5255 responsum
2421 5191 2821 5254 exspectarent.
2851 5183 3059 5238 Callide
3087 5184 3157 5237 ita
3180 5186 3430 5253 agebant,
3451 5181 3602 5234 donec

2068 5275 2337 5336 viderent,
2391 5290 2501 5342 quo
2563 5288 2650 5327 res
2697 5288 2923 5327 evasura
2973 5279 3137 5334 esset,
3195 5271 3242 5326 si
3294 5270 3478 5325 urbem
3527 5282 3602 5318 ce-

2065 5367 2290 5434 pissent,
2339 5361 2567 5428 dicturi,
2600 5377 2657 5416 se
2708 5375 2827 5416 eam
2863 5373 3203 5431 expugnasse
3235 5375 3252 5414 :
3286 5358 3363 5413 illi
3392 5355 3597 5411 abirent.

2067 5467 2121 5514 et
2181 5467 2362 5511 utrum
2405 5456 2539 5526 ipsis
2592 5455 2888 5516 videretur,
2952 5453 3214 5515 iacerent,
3257 5449 3373 5503 sive
3430 5459 3596 5516 pacem

2069 5551 2181 5604 sive
2212 5548 2411 5602 bellum
2448 5546 2705 5600 mallent:
2744 5531 2796 5598 id
2853 5543 2998 5613 quod
3054 5542 3256 5596 factum
3318 5547 3372 5592 et
3428 5533 3597 5603 legatis

2070 5641 2389 5710 responsum
2416 5649 2520 5693 est.
2548 5639 2604 5690 Si
2631 5652 2749 5690 eam
2782 5652 2888 5691 non
2938 5634 3144 5703 capturi
3195 5625 3398 5691 essent,
3436 5625 3598 5679 dicere

2071 5739 2394 5795 statuerant,
2424 5731 2494 5786 ob
2528 5743 2716 5798 pacem
2745 5744 2866 5784 cum
2921 5728 3028 5782 illis
3065 5721 3382 5781 servandam
3411 5730 3466 5771 sc
3515 5712 3597 5766 de-
