3920 6188
379 312 486 382 913
530 350 549 362 α

1316 399 1326 409 υ
1378 315 1824 384 ειιιιοΝιεῡΝ
1862 326 2222 389 ΜΛ][Ξ5.’-
2252 326 2394 390 un.
2438 326 2533 389 1v.

3524 330 3631 396 9H

380 434 612 501 ἔπαυσε,
662 419 756 490 καὶ
807 434 949 491 κατὰ
991 436 1087 501 τὰς
1135 438 1454 508 συμφωνίας
1496 439 1946 510 ἀνεχωρήσαμεν.
1978 448 2021 504 Α
2056 458 2212 504 πους,
2239 441 2333 495 καὶ
2359 441 2459 494 οῦκ
2484 439 2770 506 ἐστειλανς
2807 441 2841 510 ἢ
2874 439 2959 504 τίς
3002 439 3255 511 νηστείας
3284 442 3380 494 καὶ
3411 441 3631 513 δεήσεις

567 529 758 597 Ὅμως
786 528 1111 599 ὲψιθυρίσθη
1136 530 1217 582 ὅτι
1243 531 1272 583 6
1308 530 1532 600 ἁμηρᾶς
1559 531 1836 597 ἐλογίζετο
1860 531 1949 584 λέο

378 636 524 688 γωνο
566 638 585 671 ι
623 622 688 674 Et
732 622 795 674 οὐ
842 623 917 692 μὴ
966 621 1270 691 παραλάϐω
1304 621 1404 689 τὴν
1432 622 1586 674 πόλιν
1614 623 1680 676 τὲι
1707 623 1825 687 νῦν,
1856 625 1951 677 εὐ-

379 711 518 774 θέως
542 714 756 781 ποιήσω
782 713 1026 784 ἀγάπην,
1052 716 1151 768 καὶ
1176 714 1316 767 κατὰ
1342 714 1526 767 πᾶσάν
1555 731 1659 784 μου
1686 714 1783 785 τὴν
1808 715 1954 795 ζωὴν

377 806 609 875 τηρήσω
638 806 829 876 αὑτήν.
864 825 883 859 ι
928 830 931 831 ν

464 897 525 951 ’0
565 897 620 951 δέ
653 898 962 966 μακαρίτης
985 902 1013 955 6
1047 900 1314 971 αὐθέντης
1340 920 1445 973 μου
1493 905 1587 958 καλ⁵
1617 904 1871 974 βασιλεὺς
1902 906 1953 959 τί

381 989 482 1042 οὐκ
511 989 736 1058 ἔπραξε,
769 992 995 1062 κρυφῶς
1024 994 1056 1056 ἦ
1082 996 1357 1068 φανερῶς,
1394 999 1535 1069 ὑπὲρ
1569 1000 1667 1068 τῆς
1699 999 1955 1070 βοηθείας

379 1082 482 1152 τῆς
510 1084 719 1162 πόλεως
760 1087 854 1139 καὶ
885 1088 986 1155 τῆς
1038 1087 1204 1142 αὑτοῦ
1239 1090 1538 1159 βασιλείας,
1582 1092 1615 1162 ἦ
1651 1092 1852 1160 μᾶλλον
1879 1094 1956 1146 εί-

382 1177 506 1228 πεῖν
534 1160 677 1246 ὑπὲρ
707 1180 804 1246 τῆς
834 1181 1110 1249 σωτηρίας
1139 1182 1237 1251 τῆς
1274 1183 1420 1251 ζωῆς
1451 1160 1616 1237 αὑτοῦ
1644 1202 1658 1249 ;
1704 1185 1811 1237 Καὶ
1842 1185 1952 1257 γᾶρ

383 1265 544 1349 δῇλόν
573 1269 719 1321 ἐστιν
744 1271 848 1333 ὅτι,
882 1274 929 1324 εί
956 1271 1168 1342 ἤθελεν,
1203 1274 1444 1337 εὐκόλως
1474 1276 1702 1329 ἐδύνατο
1737 1281 1951 1349 φυγεῖν.

387 1357 535 1426 Πλὴν
586 1359 687 1411 οὐκ
718 1359 934 1428 ἢθελεν,
984 1362 1102 1416 ἀλλ’
1147 1365 1449 1441 ἠγωνίζετο
1482 1366 1557 1429 ὡς
1608 1369 1637 1420 6
1668 1372 1872 1441 ποιμὴν
1925 1374 1954 1425 6

383 1449 570 1513 καλὸς,
614 1450 672 1513 6,-
710 1451 897 1522 τίθησι
940 1455 1040 1525 τὴν
1069 1440 1251 1526 ψυχὴν
1278 1457 1440 1511 αὑτοῦ
1494 1460 1635 1530 ὑπὲρ
1662 1460 1770 1514 τῶν
1823 1481 1955 1533 προ-

386 1542 587 1608 ϐάτων,
617 1544 694 1607 ὠς
724 1546 818 1599 καὶ
853 1548 1100 1617 ἐποίησε.
1134 1550 1239 1603 Kal
1281 1550 1363 1610 τίς
1398 1552 1508 1604 τῶν
1540 1552 1716 1606 ἄλλων
1741 1553 1810 1607 τὰ
1839 1572 1954 1608 τοι·

385 1634 527 1689 αῦτα
566 1637 661 1689 καὶ
692 1637 828 1692 ἄλλα
874 1641 1143 1711 γενόμενα
1176 1642 1437 1697 ἐπίστατο
1472 1645 1646 1714 πάρεξ
1684 1648 1777 1700 τοῦ
1814 1650 1958 1704 Καν-

382 1725 722 1799 τακουζηνοῦ
762 1729 1014 1785 Ἰωάννου
1048 1733 1142 1786 καὶ
1164 1734 1297 1802 ἐμοῦ
1323 1753 1337 1797 ;
1364 1735 1488 1788 Ὀτι
1516 1737 1544 1790 6
1568 1734 1625 1800 ἐξ
1650 1738 1953 1808 Οὒγγάρων

385 1818 603 1883 Ἴαγκος
652 1821 945 1891 προεζήτει
991 1824 1076 1877 ἵνα
1113 1825 1259 1898 δὼσῃ
1310 1826 1456 1898 αῦτῷ
1484 1829 1513 1881 ὁ
1560 1828 1811 1897 βασιλεῦς
1853 1831 1950 1901 τὴν

290 1922 299 1931 ‘
383 1910 738 1981 Σηλυμϐρίαν
770 1915 802 1987 ἢ
837 1917 934 1984 τὴν
956 1919 1346 1991 μεσημϐρίαν,
1377 1923 1471 1976 καὶ
1513 1922 1706 1999 ἔσηται
1734 1921 1811 1987 εἷς
1841 1926 1950 1979 τῶν

383 2002 719 2069 ὐπεξουσίων
750 2009 937 2072 αὐτοῦ,
976 2012 1068 2064 καὶ
1103 2012 1335 2077 πολλοὺς
1365 2015 1474 2067 τῶν
1506 2016 1814 2086 ἀνθρώπιον
1849 2019 1948 2071 αῦ-

384 2095 478 2148 τοῦ
504 2099 685 2151 ἐκεῖσε
724 2099 889 2169 ἔχειν,
919 2103 1013 2156 καὶ
1041 2106 1097 2157 ἐν
1144 2104 1321 2175 καιρῷ
1362 2107 1460 2177 τῆς
1493 2109 1671 2178 μάχης
1699 2111 1805 2163 ὑπὸ
1844 2112 1953 2166 τῶν

387 2185 650 2259 Τοῦρκων
686 2191 880 2272 ἐσηται
906 2194 1131 2248 ἐκείνων
1156 2178 1349 2267 ἐχθρὸς
1379 2200 1475 2251 καὶ
1511 2197 1708 2270 βοηθὸς
1724 2201 1823 2272 τῆς
1848 2204 1951 2257 πό-

381 2281 540 2343 λεως.
583 2268 809 2347 itura;
857 2286 1138 2356 ἐγένετοή
1178 2289 1349 2360 μάχη.
1394 2268 1552 2359 esset;
1585 2268 1734 2371 αὐτῷ
1768 2268 1800 2363 ἦ
1837 2295 1949 2349 Με-

383 2372 629 2443 σημϐρία
680 2374 820 2429 κατὰ
851 2378 950 2447 τὴν
998 2380 1210 2434 ἐκείνου
1241 2381 1475 2451 αἴτησιν,
1521 2385 1617 2437 καὶ
1667 2384 1725 2438 τὸ
1756 2387 1956 2455 χρυσό-

387 2464 612 2519 ϐουλλον
638 2468 710 2522 δι’
752 2469 889 2537 ἐμοῦ
926 2472 1167 2549 ἐγράφη,
1201 2476 1295 2527 καὶ
1335 2477 1363 2528 6
1392 2475 1639 2546 γαμϐρὸς
1669 2476 1951 2532 Θεοδοσίου

390 2556 486 2609 τοῦ
519 2557 769 2630 Κυπρίου
802 2564 828 2615 6
861 2562 955 2616 τοῦ
1004 2565 1228 2635 Μιχαὴλ
1266 2567 1377 2630 υίὸς
1410 2568 1635 2638 ἐκόμισε
1668 2569 1729 2621 τὸ
1759 2572 1957 2639 χρυσοε-

385 2646 605 2703 ϐουλλον
655 2653 791 2723 πρὸς
829 2654 1069 2724 Ἵαγκον.
1106 2658 1202 2721 Τίς
1252 2658 1515 2712 ἐπίστατο
1557 2660 1657 2732 τὴν
1709 2660 1803 2714 τοῦ
1842 2664 1953 2715 τῶν

371 2743 719 2799 Καταλάνων
746 2747 913 2819 ρηγὸς
943 2750 1176 2822 ζήτησιν
1202 2770 1217 2816 ;
1249 2752 1308 2816 δς
1333 2752 1650 2824 δωρηθῆναι
1680 2753 1832 2824 αὐτῷ
1854 2755 1954 2825 τὴν

379 2834 600 2905 Λῆμνον
617 2838 823 2911 ἐζήτει,
849 2844 943 2897 καὶ
959 2843 1154 2913 ἔσηται
1178 2846 1321 2901 κατὰ
1344 2847 1454 2900 τῶν
1473 2848 1580 2900 Τοῦ
1590 2865 1736 2919 ρκων
1753 2849 1841 2903 διὰ
1857 2850 1957 2904 θα-

377 2926 590 2999 λάσσης
616 2931 703 2984 ἀεὶ
733 2933 824 2985 καὶ
855 2933 996 3004 ὑπὲρ
1017 2937 1117 3005 τῆς
1146 2938 1351 3002 πόλεως
1369 2940 1428 2993 ἐν
1456 2941 1673 3012 ἀνάγκῃ
1696 2941 1949 3011 βὀήθεια·

377 3025 478 3076 καὶ
496 3024 810 3094 ἐπράττετο.
836 3028 932 3093 Τίς
957 3031 1124 3102 328
1139 3034 1399 3089 ἐπίστατο
1414 3036 1516 3089 ὅσα
1539 3035 1604 3106 δὴ
1622 3036 1713 3091 καὶ
1731 3038 1837 3108 χρή
1847 3056 1954 3107 μα-

1982 1780 2029 1839 Β

2052 533 2288 585 ἐποιεῖτο
2311 533 2378 586 δι’
2401 530 2599 585 ἑαυτοῦ
2630 533 2725 587 καὶ
2747 533 2835 586 διὰ
2860 533 2969 587 τῶν
2990 534 3203 604 ἱερέων,
3229 534 3403 598 διδοὺς
3441 535 3633 598 αὐτοῖς

2055 627 2320 695 χρήματα
2355 625 2388 695 ἢ
2422 626 2535 688 τοῖς
2564 628 2825 695 πτωχοῖς,
2861 625 2955 690 οὓς
2985 626 3189 696 μᾶλλον
3217 627 3629 700 ἐθεράπευσενς

2053 717 2087 785 ἢ
2119 715 2457 785 ἐπαγγελίας
2493 716 2559 781 ἃς
2587 720 2890 789 ἐποιήσατο
2926 720 3193 784 πλείστας
3224 720 3361 790 πρὸς
3387 721 3523 776 Θεὸν
3550 724 3637 786 εἰς

2054 808 2116 871 τὸ
2140 806 2579 879 ἐλευθερωθῆναι
2606 811 2731 873 τοὺς
2765 811 3130 878 Χριστιανοὺς
3156 812 3266 866 ἀπὸ
3297 814 3397 882 τῆς
3425 815 3633 884 αἰχμα-
3656 876 3665 885 κ

2052 900 2259 962 λωσίας
2281 901 2393 954 τῶν
2422 902 2654 957 ἀσεϐῶν.
2681 903 2827 956 Ἀλλ’
2852 906 3001 975 ὅμως
3030 906 3206 959 ταῦτα
3228 905 3408 960 πάντα
3430 907 3500 959 τὰ
3530 907 3632 976 μὲν

2056 992 2285 1060 παρεῖδε
2318 991 2476 1056 Θεὸς,
2506 992 2594 1046 διὰ
2619 992 2781 1047 τίνων
2813 995 3099 1065 ἁμαρτιῶν
3144 996 3245 1048 οὐκ
3280 990 3401 1050 οῖδα
3430 996 3630 1061 αἰτίαν,

2053 1083 2123 1135 τὰ
2172 1083 2229 1135 δὲ
2261 1084 2544 1154 ἠγνόησαν
2591 1086 2639 1138 oi
2677 1085 2979 1156 ἄνθρωποι,
3015 1088 3111 1141 καὶ
3159 1086 3394 1150 ἕκαστος
3442 1088 3629 1155 ἔλεγεν

2055 1173 2132 1236 ὡς
2158 1175 2311 1244 αὐτῷ
2340 1175 2536 1230 ἐδόκει.
2569 1176 2715 1245 Ἐγὼ
2748 1178 2805 1230 δὲ
2839 1179 2980 1232 κατὰ
3014 1178 3076 1232 τὸ
3105 1179 3298 1232 δοκοῦν
3338 1197 3429 1250 μοι
3455 1179 3629 1232 ταῦτα

2058 1283 2201 1335 φημι
2224 1281 2239 1295 ⁶
2272 1267 2456 1338 κρίσις
2488 1269 2596 1339 γὰρ
2627 1265 2692 1339 ἦν
2721 1270 2893 1333 ὅντως
2921 1268 3081 1336 Θεοῦ,
3106 1270 3277 1325 πάλαι
3315 1271 3628 1341 κυρωθεῖσα

2057 1359 2197 1440 πρὸς
2242 1360 2501 1429 ἐσχατιὰς
2551 1361 2861 1432 καταϐῆναι
2917 1363 3352 1433 δυστυχημάτων
3392 1366 3459 1417 τὰ
3497 1363 3631 1417 Ῥω-

2060 1452 2239 1521 μαίων
2268 1453 2599 1531 πράγματα.
2635 1458 2736 1510 Διὰ
2765 1457 2924 1510 τοῦτο
2955 1458 3136 1525 λόγοις
3164 1461 3501 1531 ἀπορρήτοις
3533 1464 3634 1529 τῆς

2059 1544 2318 1613 προνοίας
2342 1530 2456 1600 τῶν
2489 1547 2587 1616 μὲν
2633 1547 2897 1617 λυπηρῶν
2929 1552 3023 1604 καὶ
3070 1530 3330 1606 ἐναντίων
3363 1554 3456 1605 καὶ
3502 1552 3633 1620 βλα-

2058 1637 2304 1690 πτόντων
2336 1639 2552 1708 μεγάλη
2583 1658 2666 1702 τις
2700 1642 2912 1709 γίνεται
2943 1644 3241 1714 συνδρομὴ.
3271 1644 3378 1696 τῶν
3405 1644 3462 1696 δὲ
3495 1645 3634 1711 ἀγα-

2059 1726 2170 1781 θῶν
2205 1731 2301 1783 καὶ
2327 1731 2688 1800 ὠφελούντων
2719 1734 2949 1788 πλεῖστα
2984 1735 3339 1803 τὰηέμπόδια.

2130 1822 2242 1892 Πρὸ
2291 1823 2477 1890 ὀλίγον
2525 1826 2716 1879 λοιπὸν
2751 1826 2817 1879 τὰ
2865 1828 2996 1896 περὶ
3046 1827 3141 1880 τοῦ
3187 1831 3632 1899 τρισκαταράτου

2058 1913 2303 1984 Μωάμεθ
2358 1917 2691 1988 εἰρήκαμεν,
2743 1918 2911 1988 μέρος
2948 1918 3059 1971 τῶν
3115 1920 3413 1987 φληνάφων
3468 1919 3633 1972 αὐτοῦ

2060 2004 2247 2073 μύθων
2279 2006 2386 2061 τῶν
2422 2008 2657 2077 γέλωτος
2687 2009 2853 2073 ἀξίων
2876 2026 2888 2038 ·
2946 2010 3013 2063 τὰ
3044 2008 3141 2062 νῦν
3174 2009 3270 2064 οὖν
3316 2011 3415 2073 τὰς
3450 2011 3634 2081 ἀντιρ-

2057 2096 2245 2166 ρήσεις
2270 2097 2450 2151 αὐτῶν
2481 2099 2577 2152 καὶ
2608 2098 2874 2169 ἐλεγμοὺς
2907 2100 3176 2170 εἴπωμεν.

2129 2187 2198 2257 γ’.
2229 2188 2432 2259 Φέρετε
2472 2189 2552 2252 είς
2600 2191 2946 2260 κατηγορίαν
2986 2190 3165 2260 ἡμῶν,
3197 2182 3242 2244 ὦ
3273 2191 3517 2256 ἀσεϐεῖς,
3549 2194 3638 2246 ὅτι

2056 2279 2353 2349 ἐρωτηθεὶς
2392 2283 2419 2335 6
2447 2282 2684 2350 Χριστὸς
2721 2282 2878 2355 παρὰ
2910 2282 3024 2336 τῶν
3069 2282 3371 2349 Ἰουδαίων,
3404 2285 3466 2339 Εἰ
3511 2286 3635 2350 Υίὸς

2056 2372 2193 2425 Θεοῦ
2209 2370 2260 2425 εἴ
2277 2374 2361 2441 σύ;
2381 2374 2547 2446 329
2564 2376 2842 2448 ἠρνήσατο
2860 2377 2953 2429 καὶ
2970 2371 3124 2428 εἶπεν
3140 2376 3221 2428 ὅτι
3237 2376 3428 2445 Ὑμεῖς
3445 2378 3633 2445 λέγετε

2061 2465 2241 2518 τοῦτο.
2278 2468 2385 2519 Καὶ
2420 2467 2618 2537 φέρετε
2653 2468 2788 2521 αὐτὸ
2819 2469 2900 2531 είς
2944 2467 3411 2539 μαρτυρίαν-καθ’
3451 2471 3634 2537 ἡμᾶν,

2070 2560 2158 2613 ἵνα
2185 2547 2496 2629 δείξητε’τὰ
2527 2561 2662 2631 παρ’
2695 2562 2851 2631 ὑμῶν
2886 2561 3158 2630 λεγόμενα
3219 2561 3418 2631 ἀληθῆ.
3450 2561 3635 2615 Ταῦτα

2063 2651 2197 2719 γοῦν
2227 2656 2433 2705 ποιεῖτε
2463 2652 2572 2706 ἀπὸ
2599 2652 2693 2705 τοῦ
2728 2652 2804 2724 μὴ
2847 2652 3142 2720 γινώσκειν
3174 2653 3319 2723 ὑμᾶς
3358 2653 3457 2717 τὰς
3489 2653 3635 2723 Γρα-

2062 2744 2190 2815 φάς’
2223 2745 2272 2797 εί
2319 2746 2425 2814 γὰρ
2449 2745 2773 2814 εὑρίσκεσθε
2804 2745 3154 2811 ἐξετάζοντες
3176 2745 3272 2799 καὶ
3305 2745 3635 2817 ἐρευνῶντες

2061 2836 2162 2899 τὰς
2198 2836 2428 2908 Γραφας
2484 2838 2560 2902 ὡς
2622 2839 2725 2903 δεῖ,
2778 2839 2878 2893 οὐκ
2912 2838 2982 2893 ἂν
3040 2839 3634 2910 ἐπλανήθητε.ἷομως

2061 2931 2268 3002 ἀφίημι
2297 2930 2394 2984 τοῦ
2425 2931 2609 3000 λέγειν
2648 2932 2792 2985 κατά
2823 2933 2885 2984 τὸ
2941 2931 3121 3001 παρὸν
3170 2932 3273 2995 τὰς
3326 2931 3423 2986 ἀπ’
3454 2933 3634 3003 ἀρχῆς

2063 3023 2161 3078 τοῦ
2191 3026 2400 3094 κόσμου
2435 3024 2770 3096 μαρτυρίας,
2789 3025 2991 3089 αἵτινες
3019 3024 3362 3094 ἐλαλήοησαν
3384 3025 3632 3096 περὶτοῦ

380 3130 455 3165 τα
496 3117 592 3168 καὶ
621 3118 959 3187 ἐπαγγελίας
972 3099 1221 3179 heminae
1250 3126 1279 3178 ό
1306 3125 1562 3195 βασιλεὺς
1589 3099 1683 3183 ξω),
1715 3099 1957 3184 Eua-tax“
1983 3099 2024 3156 ο
2061 3114 2328 3185 Χριστοῦ,
2355 3116 2703 3191 δεικνύουσαι
2738 3117 2903 3172 αὐτὸν
2942 3118 3065 3173 Υίὸν
3091 3118 3227 3173 Θεοῦ
3256 3118 3356 3173 καὶ
3381 3116 3516 3172 Θεὸν
3538 3119 3633 3170 καὶ

376 3205 466 3268 εἰς
491 3207 592 3277 τὴν
622 3209 752 3264 Χίον
778 3211 867 3267 διὰ
891 3213 986 3269 τοῦ
1017 3215 1258 3285 Γαλατᾶ,
1312 3218 1397 3273 ῖνα
1423 3220 1708 3275 στείλωσιν
1742 3221 1956 3293 ἀνθρὼ-

376 3386 596 3443 stitisse
626 3404 654 3443 a
685 3390 829 3447 bello
867 3402 918 3447 et
954 3382 1255 3451 secundum
1284 3409 1553 3456 conventa
1613 3401 1954 3460 discessisse.

374 3481 797 3537 llumortamen
841 3495 980 3551 erat,
1025 3488 1279 3544 Ameram
1337 3492 1583 3563 cogitare
1635 3510 1701 3551 ac
1748 3496 1951 3566 dicere,

376 3571 431 3627 si
462 3574 595 3627 urbe
622 3590 765 3629 nunc
788 3578 1077 3648 potiretur,
1106 3581 1291 3636 statim
1326 3598 1387 3639 se
1428 3585 1728 3642 amicitiam
1762 3590 1955 3648 nobis-

377 3680 509 3719 cum
540 3666 799 3723 initurum
822 3679 874 3725 et
899 3680 1188 3740 per,totatn
1221 3674 1389 3731 vitam
1419 3687 1767 3735 servaturum
1803 3698 1951 3738 esse.

460 3756 635 3814 Beata:
663 3769 844 3816 autem
864 3766 1474 3837 metnorimimperator,
1494 3771 1749 3829 dominus
1772 3790 1952 3841 meus,

377 3849 514 3920 quid
539 3866 639 3921 pro
670 3852 986 3909 defensione
1018 3856 1171 3913 urbis
1200 3865 1255 3913 et
1282 3860 1520 3931 imperii,
1580 3861 1714 3927 imo,
1747 3873 1808 3921 ut
1860 3881 1955 3921 ve-

383 3941 501 3997 rius
530 3944 730 4012 dicam,
766 3961 862 4014 pro
883 3947 1061 4003 salute
1115 3949 1338 4020 capitis,
1389 3953 1570 4022 palam
1632 3963 1688 4011 et
1739 3958 1957 4013 occulte

380 4048 496 4087 non
525 4048 610 4088 est
632 4036 886 4092 molitus?
906 4035 1259 4095 Manifestum
1289 4050 1373 4096 est
1425 4043 1597 4107 enim,
1639 4046 1687 4100 si
1746 4048 1957 4102 voluis-

2056 3207 2366 3279 ἄνθρωπον,
2401 3209 2602 3281 πολλὰς
2630 3208 2796 3274 circa;
2821 3227 2837 3242 ο
2875 3209 2958 3264 διὸ
2997 3210 3105 3264 ἀπὸ
3136 3208 3347 3264 τούτων
3388 3209 3633 3280 φθάσανο

2057 3390 2328 3458 Galatam,
2384 3401 2442 3447 ut
2496 3393 2700 3450 milites
2746 3394 2851 3450 sibi
2902 3395 3206 3462 mitterent,
3255 3411 3359 3452 nec
3413 3396 3632 3451 misisse

2058 3484 2218 3541 illos?
2243 3495 2337 3541 aut
2363 3485 2571 3558 jejunia
2592 3496 2646 3542 et
2665 3504 2875 3558 preces,
2924 3504 3064 3551 quas
3084 3496 3183 3543 aut
3207 3489 3326 3558 ipse
3372 3487 3629 3555 faciebat,

2056 3586 2152 3632 aut
2173 3594 2268 3648 per
2294 3580 2608 3635 sacerdotes
2637 3580 2754 3635 ﬁeri
2805 3582 3059 3643 curabat,
3105 3584 3335 3649 pecunia
3388 3581 3501 3636 illis
3547 3582 3632 3635 vel

2059 3670 2420 3740 pauperibus,
2457 3686 2597 3741 quos
2616 3671 2793 3740 magis
2822 3669 3105 3738 diligebat,
3130 3671 3470 3726 distributa?
3537 3681 3634 3725 aut

2059 3766 2206 3822 vota,
2240 3773 2361 3828 quae
2390 3759 2502 3815 Deo
2536 3760 2773 3829 plurima
2808 3760 2941 3813 fecit
2966 3759 3035 3813 ad
3068 3759 3421 3814 Christianos
3448 3774 3477 3813 a
3510 3775 3632 3814 ser-

2061 3848 2195 3903 vitio
2243 3848 2538 3919 impiorum
2587 3851 2940 3906 liberandos?
2997 3849 3199 3905 Verum
3259 3852 3377 3907 hate
3445 3852 3632 3905 omnia

2060 3940 2280 4011 partim,
2310 3940 2496 3996 nescio
2522 3951 2744 4012 propter
2772 3958 2893 4012 quae
2929 3951 3179 4012 peccata,
3198 3943 3434 4011 neglexit
3458 3944 3629 4008 Deus,

2056 4032 2256 4102 partim
2290 4032 2544 4089 homines
2584 4036 2927 4105 ignorarunt,
2951 4050 3049 4103 pro
3068 4049 3164 4089 sua
3192 4034 3427 4103 quisque
3449 4034 3634 4088 libidi-

380 4130 491 4188 set,
523 4120 684 4179 facile
705 4141 829 4180 eum
863 4125 1049 4197 fugere
1075 4129 1343 4199 potuisse.
1364 4127 1569 4187 Verum
1600 4132 1801 4196 noluit,
1854 4135 1950 4189 sed
2059 4138 2127 4177 ηε
2160 4122 2489 4178 Ῑδῦυιεηιεεο
2514 4122 2629 4196 Ego
2667 4140 2796 4179 Vero
2848 4141 2946 4194 Ρτο
2973 4139 3091 4180 mea
3115 4127 3334 4193 τιυίιιειιι
3360 4125 3631 4180 εθιιῑοιιιίλ

383 4214 677 4272 laborabat
714 4217 779 4270 ad
804 4219 1113 4289 exemplum
1148 4221 1278 4275 boni
1309 4223 1681 4293 pastoris,qui
1714 4226 1954 4281 animam
2059 4211 2368 4269 ίῑδεῑειυοι
2423 4212 2599 4270 ("isse
2631 4215 2737 4271 hoc
2782 4230 2972 4270 revera
3033 4215 3305 4299 indigium
3355 4216 3471 4280 θεῖ.
3521 4232 3631 4284 ιιυη

379 4307 610 4376 tit-ponit
642 4324 738 4377 pro
770 4310 984 4378 ovibus,
1020 4320 1083 4368 ut
1119 4314 1376 4382 deposuit
1400 4329 1555 4371 sane.
1580 4314 1715 4381 Quis
1769 4327 1953 4374 autem
2061 4304 2270 4375 pridem
2304 4305 2582 4361 decretum
2603 4317 2744 4372 erat,
2781 4317 2839 4362 ut
2870 4323 2960 4363 res
2990 4309 3209 4379 publica
3250 4307 3626 4363 llomanorum

380 4398 526 4453 alim;
548 4399 666 4456 tunc
686 4411 741 4455 οι
769 4401 975 4472 reliqua
1000 4402 1142 4458 facta
1202 4415 1399 4474 praeter
1427 4404 1694 4462 ,ιοηηηρηι
1752 4408 1961 4464 canta-
2062 4400 2128 4452 ad
2153 4409 2429 4454 extremas
2449 4399 2829 4455 devolveretur
2864 4402 3140 4457 miserias.
3167 4402 3417 4470 Arcauis;
3444 4411 3627 4456 autem

380 4507 654 4547 cnzcnum
682 4504 738 4548 et
764 4509 851 4550 me
916 4497 1181 4551 noverat?
1240 4496 1540 4568 Optaverat
1575 4517 1640 4556 ex
1681 4500 1957 4572 "ungat-is
1989 4497 2033 4552 Ι)
2065 4490 2430 4547 Providentiae
2457 4493 2709 4549 consiliis
2737 4494 2969 4563 ingratis
2996 4495 3241 4564 quidem,
3281 4493 3528 4548 adversis
3576 4502 3631 4549 ct

379 4585 653 4639 oriundus
680 4585 906 4653 Jaucus,
930 4588 1047 4642 dari
1093 4589 1196 4645 sibi
1228 4591 1298 4646 ab
1349 4591 1680 4661 imperatore
1735 4595 1951 4666 Selym-

379 4677 556 4731 bria’m
577 4688 671 4733 aut
697 4678 1104 4744 Mesembriam,
1144 4683 1426 4752 pollicitus
1451 4698 1511 4740 se
1541 4701 1709 4740 unum
1744 4702 1774 4742 e
1816 4689 1953 4743 sub-

372 4769 540 4839 jectis
562 4769 684 4839 ejus
713 4768 829 4826 fore
857 4780 911 4826 et
934 4775 1138 4828 multos
1165 4775 1229 4829 de
1276 4776 1394 4830 suis
1427 4791 1494 4832 eo
1544 4779 1952 4847 traducturum,

378 4869 550 4929 atque
592 4861 734 4916 bello
763 4878 887 4918 cum
925 4861 1125 4920 Turcis
1165 4865 1406 4922 conﬂato
1459 4868 1656 4922 horum
1714 4869 1950 4938 hostem,

377 4954 537 5010 urbis
584 4954 852 5011 vindicem
902 4956 1149 5011 futurum
1202 4973 1344 5014 esse.
1396 4959 1608 5028 Itaque,
1654 4962 1989 5018 commisso

376 5044 549 5107 bello,
580 5044 706 5100 data
751 5046 803 5101 el
835 5054 921 5102 est
953 5044 1299 5111 ﬂesembria,
1356 5057 1415 5102 ut
1466 5050 1752 5118 petiverat,
1804 5052 1953 5107 bulla

374 5151 545 5191 aurea
583 5152 613 5190 a
632 5152 718 5192 me
744 5138 1058 5209 conscripta
1086 5150 1141 5193 et
1170 5154 1265 5209 per
1290 5140 1549 5197 Tliedosii
1589 5142 1772 5213 Cyprii
1833 5145 1952 5198 am-

377 5242 531 5291 nem,
571 5226 854 5286 Michaelis
890 5230 1084 5298 (ilium,
1121 5232 1186 5286 ad
1212 5231 1431 5287 laurum
1463 5234 1687 5301 perlata.
1720 5234 1819 5291 Cui
1855 5251 1954 5290 no-

375 5329 434 5373 ta
457 5330 571 5374 erat
592 5319 975 5377 Catelanorutn
1011 5322 1154 5393 regis
1174 5323 1401 5392 petitio?
1433 5326 1550 5394 qui,
1572 5328 1617 5380 si
1651 5327 1952 5383 donaretur

378 5412 486 5466 sibi
522 5412 786 5485 Lemnus,
812 5415 1077 5471 adversus
1114 5414 1325 5471 Turcas
1347 5416 1483 5471 mari
1516 5433 1732 5488 semper
1750 5434 1953 5490 pugna-

382 5514 571 5561 turum
608 5515 664 5561 et
697 5507 841 5573 urbi,
880 5516 1109 5578 cogente
1150 5510 1502 5575 necessitate,
1554 5512 1949 5580 opitulaturum

377 5612 442 5655 se
466 5612 587 5653 esse
619 5599 914 5668 recipiebat
949 5616 965 5652 :
995 5601 1063 5655 de
1086 5616 1190 5670 qua
1211 5617 1269 5667 re
1307 5618 1431 5656 cum
1484 5604 1577 5658 illo
1605 5617 1786 5660 actum
1844 5614 1947 5662 est.

375 5690 632 5761 Autquis
661 5702 905 5758 noverat,
936 5704 1199 5764 quantam
1232 5696 1521 5764 pecuniam
1567 5707 1621 5752 et
1650 5713 1772 5767 qua).
1816 5714 1947 5770 pro-

377 5778 549 5837 missa
577 5782 789 5840 dederit
838 5784 1141 5855 imperator
1192 5785 1794 5857 ntiseritqucianium
1851 5805 1950 5861 per

2058 4581 2241 4636 noxiis
2277 4597 2472 4653 magna
2526 4584 2729 4638 auxilia
2783 4596 2971 4654 parata
3016 4595 3170 4653 sunt,
3207 4586 3304 4642 sed
3359 4587 3521 4641 bouis
3576 4595 3633 4639 et

2058 4674 2363 4727 commodis
2395 4673 2632 4743 plurima
2664 4676 3077 4745 impedimenta.
3446 4746 3453 4757 _

2045 4782 2053 4789 -
2098 4764 2300 4819 -Paulo
2316 4754 2495 4835 supra
2517 4776 2599 4821 ter
2630 4771 2947 4842 exsecrandi
2975 4770 3301 4827 Multamctis
3333 4754 3629 4827 nonnullas

2060 4873 2230 4928 nugas
2245 4867 2300 4912 et
2314 4857 2528 4915 fabulas
2546 4860 2806 4918 ridiculas
2826 4866 3379 4922 commemoravimus
3404 4878 3627 4920 :earum

2056 4966 2203 5006 nunc
2233 4949 2603 5009 dubitationes
2624 4965 2679 5010 et
2708 4953 3066 5012 refutationes
3093 4972 3438 5028 promamns.

2128 5044 2184 5099 5.
2226 5045 2451 5103 Aﬂertis
2483 5048 2537 5102 in
2572 5048 2985 5103 accusationem
3016 5050 3217 5110 nostri.
3262 5051 3435 5119 impii,
3465 5051 3625 5106 Chri-

2058 5146 2203 5195 stum
2226 5154 2254 5194 a
2286 5140 2492 5197 Judteis
2521 5142 2939 5212 interrogatum,
2965 5157 3093 5195 num
3125 5141 3299 5197 Filius
3328 5141 3424 5196 Dei
3454 5154 3622 5210 esset,

2058 5245 2308 5301 negasse,
2336 5241 2391 5286 et
2413 5233 2549 5287 istos
2580 5231 2653 5286 ita
2677 5233 2857 5285 dicere
2889 5232 3265 5300 reSpondisse,
3304 5234 3625 5289 testimonio

2058 5320 2164 5375 hoc
2188 5322 2457 5376 adversus
2482 5336 2581 5376 nos
2611 5322 2723 5387 usi,
2783 5337 2895 5392 quo
2929 5338 3049 5392 qua:
3110 5322 3214 5390 ipsi
3267 5322 3451 5380 dicitis
3496 5342 3624 5381 vera

2054 5429 2176 5471 esse
2193 5415 2517 5471 ostendatis.
2546 5417 2614 5470 At
2635 5417 2740 5471 boc
2761 5414 2985 5484 quidem
3012 5431 3077 5470 ex
3099 5416 3314 5473 inscitia
3337 5432 3622 5474 sacrarum

2045 5506 2387 5563 Litterarum
2420 5506 2600 5562 facitis
2632 5527 2647 5564 :
2677 5523 2818 5578 quas
2852 5507 2899 5562 si
2931 5508 3359 5578 investigaretis,
3388 5522 3444 5566 ct
3467 5527 3626 5566 scru-

2045 5598 2334 5664 taremini,
2357 5607 2416 5653 ut
2437 5599 2613 5666 decet,
2641 5615 2751 5654 non
2779 5600 3065 5656 errassetis
3099 5601 3308 5659 forsan.
3342 5601 3444 5658 Sed
3463 5604 3627 5659 omit-

2054 5701 2111 5750 to
2140 5708 2287 5748 nunc
2319 5693 2542 5763 quidem
2577 5692 2704 5748 inde
2757 5707 2788 5748 a
2816 5708 2998 5748 rerum
3056 5694 3330 5765 principio
3378 5709 3502 5765 quae
3558 5696 3624 5750 dc

2054 5785 2274 5842 Christo
2300 5784 2652 5856 pronuntiata
2674 5794 2801 5842 sunt
2820 5788 3090 5856 permulta
3142 5788 3478 5852 testimonia,
3503 5800 3627 5847 qua
