3920 6188
350 279 449 343 0ίὸ

1535 302 1579 360 G
1594 302 1788 361 ΕΘΠΟ
1804 303 1856 359 ll
1890 302 1984 360 ΡΗ
2001 304 2090 361 ΠΛ
2104 304 2243 363 ΝΤΖ
2256 304 2312 361 εΕ

3476 295 3574 358 916

342 418 434 463 τες
468 403 715 474 εἴπωμεν
755 410 988 477 μερικάς
1019 427 1193 474 τινας.
1221 413 1412 480 ’Ὅμως
1441 415 1583 482 λέγω
1609 416 1905 480 καὶτοῦτο,
1935 419 1988 476 Α
2013 421 2135 474 ἐπεὶ
2194 420 2518 482 διδάσκαλος
2577 421 2754 473 αὐτῶν
2810 414 2876 488 ἦν
2909 422 2937 473 6
2967 419 3226 484 Χριστὸς,
3299 415 3352 466 τί
3391 415 3578 482 ἕτερον

340 492 424 546 ὅτι
462 496 522 548 ού
551 497 619 548 δι’
652 498 781 550 ἄλλο
805 516 858 550 τι
893 502 1254 580 ἐσταύρωσαν
1287 505 1337 555 oi
1380 505 1628 556 Ἰουδαῖοι
1659 506 1751 556 τὸν
1776 504 1934 573 Χριν
2013 514 2205 581 ἔμελλε
2247 513 2519 567 διδάσκειν
2571 514 2766 574 αὐτοὺς
2800 515 2848 564 εξ
2891 513 2964 580 μὴ
3015 511 3115 579 τὴν
3158 509 3460 581 “ﬁgam.”
3512 506 3578 557 τε

344 588 472 637 στὸν
503 588 533 656 ἦ
563 589 646 640 ὅτι
677 591 950 643 ἐδείκνυεν
985 595 1178 645 ἑαυτὸν
1209 596 1343 648 Θεὸν
1375 612 1433 647 τε
1477 598 1571 649 καὶ
1625 595 1911 663 ἄνθρωπον

348 682 445 732 καὶ
484 680 618 733 Θεοῦ
656 683 802 740 Υἰῢν.
835 688 930 736 καὶ
964 689 1040 756 πῆ
1072 687 1171 754 μὲν
1204 689 1391 752 ἔλεγεν
1422 689 1504 741 ὅτι
1541 689 1600 741 Ὀ
1635 690 1732 758 ἐμὲ
1778 689 1912 740 θεω-

351 774 462 837 ρῶν
487 773 687 844 θεωρέἶ
708 779 797 829 τὸν
834 779 1051 850 Πατέρα
1087 800 1187 850 μου
1221 799 1236 815 ο
1268 785 1346 852 πῆ
1377 785 1433 836 δὲ
1474 785 1554 837 ὅτι
1602 784 1742 849 Ἐγὼ
1775 789 1868 839 καὶ
1889 788 1916 838 6

346 865 538 936 Πατήρ
577 888 680 939 μου
721 871 778 924 ἒν
815 875 983 934 ἐσμεν
1018 891 1030 902 ·
1071 880 1142 944 πῇ
1170 877 1227 928 δὲ
1285 878 1365 928 ὅτι
1406 878 1468 929 Εἰ
1503 877 1600 945 ἐμὲ
1625 877 1914 944 γνώκειτε,

346 961 444 1012 καὶ
471 962 564 1011 τὴν
598 963 819 1032 Πατέρα
854 983 957 1032 μου
988 965 1279 1033 ἐγνώκειτε
1324 969 1388 1021 ἄν
1422 988 1435 1001 ·
1466 973 1540 1038 πῇ
1575 972 1630 1022 δὲ
1656 971 1918 1032 ὡσαύτως

347 1052 430 1101 ὅτι
473 1051 608 1106 Ἐάν
645 1072 730 1118 τις
773 1057 865 1108 τὸν
895 1059 1053 1124 λόγον
1091 1077 1194 1130 μου
1232 1063 1716 1132 τηρήσῃ,θάνατον
1748 1064 1810 1115 ού
1848 1065 1922 1133 μὴ

349 1140 603 1212 θεωρήσῃ
633 1145 712 1206 είς
743 1145 836 1196 τὸν
863 1147 1033 1200 αίῶνα
1057 1163 1072 1178 ⁸
1099 1154 1192 1204 καὶ
1227 1151 1460 1220 ἀλλαχοῦ
1493 1154 1573 1204 ὅτι
1627 1152 1921 1221 Ἀφέωνταί

354 1248 437 1284 σοι
461 1233 516 1285 αἱ
541 1234 834 1305 ἁμαρτίαι.
863 1239 1043 1311 "Amp
1069 1241 1402 1312 Θεωροῦντες
1441 1244 1492 1295 οἱ
1535 1245 1780 1297 Ἰουδαῖοι
1813 1244 1927 1295 ἐλε-

354 1339 451 1390 γον
479 1330 616 1394 πρὸς
647 1331 832 1396 αὑτὸν,
882 1333 1016 1385 Τίνα
1042 1335 1268 1386 σεαυτὸν
1327 1339 1505 1397 ποιεῖς
1532 1354 1547 1401 ;
1604 1336 1926 1404 Ἀνθρωπος

360 1416 436 1468 ῶν
488 1423 664 1482 ποιεῖς
719 1425 947 1477 σεαυτὸν
975 1424 1142 1491 Θεόν;
1179 1425 1244 1478 Τί
1278 1427 1333 1478 δὲ
1376 1430 1403 1479 6
1448 1428 1686 1496 Χριστὸς
1740 1424 1927 1491 εἷπεν;

369 1510 429 1560 Ὀ
456 1513 729 1566 πιστεύων
762 1515 843 1574 είς
873 1517 973 1583 ἐμὲ
1012 1536 1029 1568 ι
1054 1519 1156 1571 κᾶν
1193 1518 1462 1590 ἀποθάνῃ,
1518 1519 1782 1589 ζήσεται·
1836 1522 1932 1572 καὶ

354 1599 543 1670 ὥσπερ
574 1603 601 1654 6
632 1605 821 1674 Πατὴρ
851 1607 1062 1676 ἐγείρει
1093 1611 1220 1672 τοὺς
1253 1611 1484 1680 νεκροὺς
1516 1613 1612 1664 καὶ
1649 1609 1929 1674 ζωοποιεῖ,

355 1691 528 1754 οὕτως
556 1695 653 1747 καὶ⁵
677 1696 705 1747 6
733 1695 859 1757 Υἱὸς
887 1694 980 1758 οὓς
1010 1696 1155 1751 θέλει
1177 1697 1441 1760 ζωοποιεῖ
1463 1716 1478 1731 ·
1507 1702 1603 1752 καὶ
1631 1701 1715 1753 ὅτι
1734 1701 1923 1762 Οὐδεὶς

356 1781 464 1838 οἶδε
494 1787 585 1838 τὸν
622 1788 748 1840 Υἱὸν
776 1790 823 1841 εί
859 1791 934 1860 μὴ
963 1794 990 1843 6
1027 1792 1239 1860 Πατὴρ,
1303 1794 1425 1845 οὐδὲ
1459 1793 1551 1846 τὸν
1588 1795 1808 1864 Πατέρα
1839 1759 1921 1856 τις
1957 1759 1998 1813 Β

357 1877 602 1947 ἑώρακεν
632 1881 680 1932 εί
720 1880 795 1950 μὴ
828 1883 855 1934 6
886 1880 1012 1943 Υἱὸς
1048 1889 1141 1935 καὶ
1174 1876 1217 1950 ᾧ
1253 1884 1501 1953 βούλεται
1543 1886 1571 1938 6
1619 1886 1744 1946 Υἱὸς
1787 1889 1925 1941 ἀπο-

358 1969 618 2038 καλύψαι.
649 1990 667 2022 ι
709 1972 768 2024 '0
793 1972 925 2039 γοῦν
946 1973 1181 2042 Χριστὸς
1392 1979 1420 2028 6
1443 1977 1615 2044 λέγων
1634 1978 1806 2030 ταῦτα
1834 1977 1927 2030 καὶ

357 2061 625 2114 διδάσκων
655 2064 782 2124 τοὺς
803 2064 1128 2132 ἀνθρώπους
1183 2067 1486 2136 ἐρωτηθεὶς
1545 2068 1742 2137 ἔμελλε
1789 2067 1924 2138 κρύ-

358 2151 480 2214 ψειν
518 2151 616 2221 τὴν
655 2154 912 2222 ἀλήθειαν
943 2173 956 2220 ;
985 2158 1094 2209 Kal.
1156 2159 1310 2220 ποῖος
1347 2161 1538 2228 ἄφρων
1579 2161 1672 2213 καὶ
1723 2161 1927 2230 εὐήθης

360 2243 622 2297 ὑπολάϐοι
676 2246 874 2310 τοῦτος
936 2248 996 2300 Ei
1047 2250 1154 2319 γὰρ
1209 2241 1307 2302 οὐκ
1364 2247 1432 2320 ἦν
1469 2251 1599 2316 Θεὸς
1659 2253 1755 2305 καὶ
1799 2253 1927 2316 Υἱὸς

359 2333 521 2399 Θεοῦ,
556 2337 658 2388 οὐκ
684 2337 750 2389 ἂν
787 2331 1124 2410 εἷπονάὗτῷ
1148 2342 1197 2394 οί
1236 2341 1478 2411 μαθηταὶ
1521 2343 1686 2396 αὐτοῦ
1722 2345 1930 2414 ἐρωτη-

362 2429 551 2484 θέντες
587 2429 721 2498 παρ⁹
752 2430 941 2494 αὐτοῦ,
983 2432 1117 2485 Τίνα
1166 2451 1233 2502 με
1273 2433 1524 2500 λέγουσιν
1557 2435 1605 2486 oi
1649 2434 1928 2504 ἄνθρωποι

361 2517 502 2574 εἶναι
533 2522 624 2574 τὸν
646 2522 774 2574 Υῐῦν
799 2523 894 2575 τοῦ
927 2523 1217 2594 ἀνθρώπου
1240 2545 1253 2589 ;
1285 2527 1383 2579 καὶ
1407 2521 1573 2582 εἷπον.
1596 2529 1737 2597 πρὸς
1762 2529 1927 2582 αὑτὸν

360 2615 444 2667 δτι
473 2614 539 2668 Οἱ
575 2615 672 2684 μὲν
711 2613 962 2683 λέγουσιν
1009 2609 1149 2668 εἴναί
1183 2635 1242 2669 σε
1270 2619 1358 2670 Ἦ)
1374 2619 1478 2678 ίαν,
1509 2619 1558 2670 οἱ
1579 2619 1633 2672 δὲ
1653 2620 1930 2690 Ἱερεμίαν

359 2705 392 2779 ἢ
423 2708 520 2762 ἕνα
544 2708 652 2761 τῶν
680 2709 1000 2780 προφητῶν.
1035 2709 1147 2763 Καὶ
1197 2707 1351 2762 εἶπεν
1408 2711 1593 2773 αὐτοῖς
1625 2714 1651 2779 6
1690 2713 1929 2782 Χριστός

367 2820 384 2850 ι
430 2801 624 2870 Ὑμεῖς
658 2801 715 2853 δὲ
738 2804 858 2854 τίνα
893 2819 957 2871 με
985 2803 1173 2870 λέγετε
1205 2799 1385 2867 εἷναις
1417 2821 1436 2854 ι
1471 2803 1583 2855 Καὶ
1616 2803 1932 2872 ἀποκριθεὶς

359 2897 388 2947 6
416 2895 619 2962 Πέτρος
649 2893 803 2949 εἶπεν
862 2897 1010 2968 αὐτῷ
1045 2898 1126 2951 ὅτι
1173 2899 1243 2951 Σὺ
1286 2893 1334 2950 εἷ
1359 2900 1384 2950 6
1445 2899 1680 2966 Χριστος
1716 2899 1744 2950 6
1803 2898 1930 2958 Υἱὸς

361 2987 455 3041 τοῦ
490 2989 626 3041 Θεοῦ
657 2989 749 3041 τοῦ
784 2989 1010 3053 ζῶντος.
1047 2991 1280 3059 Ἔμελλε
1302 2991 1408 3059 γὰρ
1433 2991 1608 3041 εἰπεῖν
1641 2991 1668 3041 6
1693 2987 1929 3056 Χριστὸς

2013 607 2145 675 γοῦν
2170 604 2321 657 εἶπεν
2355 609 2381 658 ὀ
2429 606 2663 673 Χριστὸς
2693 607 2768 673 τῷ
2798 605 3007 672 Σίμωνι
3043 603 3273 670 Πέτρῳς
3313 619 3332 650 ‹
3387 599 3578 654 Μακά-

2019 715 2133 770 ριος
2167 693 2238 759 εἷ,
2277 698 2462 766 Σίμων
2489 696 2585 748 Υἱὲ
2611 697 2704 749 τοῦ
2749 697 2925 757 Ἰωνᾶ,
2983 696 3066 747 ὅτι
3118 692 3254 761 σὰρξ
3315 693 3413 742 καὶ
3444 686 3581 756 αἷμα

2017 791 2115 842 οὐκ
2145 789 2462 856 ἀπεκάλυψέ
2491 806 2596 853 σοι,
2653 788 2768 840 ἀλλ’
2817 791 2843 840 6
2902 787 3093 854 Πατήρ
3154 802 3252 850 μου
3303 785 3327 834 6
3365 783 3420 832 ἐν
3472 783 3582 838 τοῖς

2017 882 2284 950 οὐρανοῖς.
2324 899 2342 931 ι
2387 883 2500 931 υύκ
2539 879 2750 946 ἀγνοῶν
2789 879 2845 930 δὲ
2897 875 3086 946 ἠρώτα
3122 878 3149 928 6
3207 872 3449 940 Χριστὸς
3483 869 3576 920 τον

2021 975 2226 1044 Πέτρον
2252 974 2312 1025 τὸ
2340 974 2461 1025 τίνα
2492 973 2741 1038 λέγουσιν
2796 971 2958 1022 αὐτὶν
2987 971 3036 1021 οἱ
3086 968 3366 1035 ἄνθρωποι
3400 960 3538 1016 εἶναι
3563 980 3575 992 ·

2023 1067 2139 1119 ἀλλ’
2163 1065 2353 1134 ὥσπερ
2384 1066 2478 1117 ἐπὶ
2501 1064 2596 1116 τοῦ
2623 1063 2878 1128 Λαζάρου
2911 1061 3016 1124 πρὸ
3058 1060 3152 1112 τοῦ
3186 1059 3418 1111 θανάτου
3446 1056 3585 1110 ὲκεί-

2026 1175 2117 1210 νου
2179 1155 2397 1222 ἔλεγενο
2447 1173 2464 1204 ι
2505 1153 2754 1216 Λάζαρος
2789 1153 2816 1202 6
2865 1149 3016 1218 φίλος
3066 1147 3224 1218 ἡμῶν
3274 1147 3582 1199 ἀπέθανεν·

2023 1248 2162 1300 ἀλλὰ
2197 1248 2507 1314 πορεύομαι
2541 1245 2865 1310 ἀναστήσων
2911 1241 3100 1301 αὑτὸν,
3141 1256 3160 1288 ι
3196 1237 3491 1303 πορευθεὶς
3532 1236 3586 1285 δὲ

2026 1339 2254 1410 ἠρώταο
2295 1356 2313 1388 ι
2348 1335 2461 1388 Ποῦ
2523 1334 2810 1386 τεθείκατε
2862 1334 3061 1394 αὑτόν;
3103 1348 3121 1380 r
3189 1330 3309 1380 εἶτα
3369 1327 3591 1394 ἐξουσίᾳ

2028 1431 2256 1498 ὲλάλησε
2280 1445 2295 1460 ⁸
2334 1447 2353 1480 ‹
2400 1427 2639 1496 Λάζαρε,
2672 1426 2832 1498 δεῦρο
2862 1424 2987 1488 ἔξω,
3027 1435 3045 1475 ι
3098 1421 3190 1474 καὶ
3221 1421 3537 1486 ὑπήκουσεν
3564 1420 3589 1470 6

2030 1522 2235 1583 ἄπνους
2288 1520 2364 1587 τῷ
2405 1520 2499 1572 τοῦ
2555 1518 2763 1586 Κυρίου
2819 1515 3224 1584 προστάγματι,
3259 1511 3593 1570 δεικνύοντος

2030 1611 2124 1665 τοῦ
2153 1611 2395 1680 Χριστοῦ
2435 1610 2536 1678 τήν
2584 1624 2643 1659 τε
2700 1605 2864 1659 αὐτοῦ
2901 1605 3132 1673 θεότητα
3162 1603 3257 1656 καὶ
3303 1599 3590 1670 ἀνθρωπύο

2032 1722 2167 1776 τητα
2203 1676 2391 1755 ίοῦτω
2441 1676 2582 1753 κατὰ
2631 1700 2693 1750 τὸ
2736 1697 2911 1767 παρὸν
2973 1695 3128 1765 331
3167 1676 3420 1763 ἠρώτησε
3459 1692 3593 1758 πρῖς

2025 1799 2152 1859 τοὺς
2191 1795 2462 1865 μαθητὰς,
2502 1793 2590 1844 ἵνα
2616 1791 2766 1861 δείξῃ
2792 1791 2985 1842 ἑαυτὸν
3010 1789 3146 1840 Θεὸν
3173 1788 3271 1839 καὶ
3301 1785 3591 1852 ἄνθρωπον

2033 1889 2126 1942 καὶ
2161 1879 2249 1940 ἵνα
2279 1887 2342 1936 ὲκ
2381 1884 2571 1936 τούτου
2622 1882 2762 1935 κατὰ
2810 1879 3007 1949 μικρὸν
3061 1879 3371 1945 ἀνάγωνται
3423 1877 3504 1935 εἰς
3533 1877 3592 1924 1‘.

2033 1981 2163 2050 ὕψος
2197 1978 2296 2046 τῆς
2326 1975 2561 2044 ἀληθοῦς
2592 1973 2866 2041 γνώσεως.
2914 1970 3078 2023 Ἀλλὰ
3103 1971 3165 2029 δὴ
3204 1970 3300 2021 καὶ
3334 1968 3476 2035 μετὰ
3497 1966 3593 2033 τὴν

2029 2071 2330 2124 ἀνάστασιν
2357 2067 2407 2120 τί
2431 2061 2582 2117 εἶπεν
2616 2066 2643 2115 6
2671 2063 2896 2131 Θωμᾶς,
2930 2057 3010 2124 εἷς
3037 2059 3110 2113 ῶν
3147 2063 3240 2112 καὶ
3285 2061 3448 2119 αὐτος
3480 2058 3602 2109 τῶν·

2032 2163 2245 2216 δώδεκα
2296 2158 2574 2230 μαθητῶν,
2643 2157 2980 2226 ψηλαφήσας
3039 2153 3138 2222 τὴν
3194 2153 3446 2217 πλευρὰν
3501 2147 3595 2200 τοῦ

2027 2252 2550 2324 Χριστοῦ;Πάντως
2579 2251 2677 2303 καὶ
2710 2249 2871 2312 αὐτὸς
2911 2247 3086 2307 οὓτως
3134 2246 3364 2316 εἴρηκεν
3394 2251 3409 2271 ⁶
3467 2261 3484 2292 ‹
3536 2243 3594 2292 ’0

2034 2349 2240 2418 Κύριός
2280 2364 2380 2416 μου
2419 2347 2512 2397 καὶ
2543 2347 2570 2396 6
2597 2343 2729 2404 Θεός
2767 2359 2889 2410 μοι).
2954 2361 2971 2391 ι
3017 2338 3081 2392 Τί
3133 2338 3258 2406 γοῦν
3311 2354 3449 2405 φησι
3506 2336 3596 2386 καὶ

2035 2443 2173 2511 πρὸς
2193 2440 2398 2496 αύτδνὸ
2421 2436 2655 2506 Χριστός
2678 2455 2690 2501 ;
2719 2436 2832 2487 Οὐκ
2855 2433 3006 2487 εἶπεν
3030 2432 3175 2501 αὐτῷ
3199 2447 3212 2460 ⁸
3238 2431 3455 2486 Παῦσαι
3472 2429 3595 2498 βλα-

2037 2531 2271 2602 σφημῶν
2306 2541 2318 2554 ⁶
2351 2528 2488 2582 ἀλλὰ
2517 2527 2610 2590 τί;
2659 2545 2676 2576 ι
2723 2524 3010 2591 Ἐώρακάς
3045 2540 3112 2593 με
3150 2521 3246 2573 καὶ
3303 2520 3599 2571 πεπίστευ-

2039 2640 2183 2684 κας⁶
2218 2623 2480 2690 μακάριοι
2507 2621 2555 2670 οἱ
2610 2618 2685 2687 μὴ
2729 2617 2926 2678 ἰδόντες
2981 2617 3077 2667 καὶ
3127 2611 3538 2671 πιστεύσαντες.
3576 2627 3594 2660 ι

2050 2714 2213 2769 Ἀλλὰ
2238 2715 2333 2767 καῖ
2370 2715 2426 2764 ὲν
2453 2714 2515 2780 τῇ
2553 2711 2695 2780 ἀρχῇ
2725 2709 2824 2780 τοῦ
2875 2708 3237 2776 κηρύγματος
3286 2704 3339 2756 τί
3369 2699 3524 2754 εἶπεν
3573 2690 3601 2752 6

2040 2802 2335 2872 Ναθαναὴλ
2357 2800 2812 2868 νομοδιδάσκαλος
2843 2799 2951 2850 τῶν
2995 2796 3270 2849 Ἰουδαίων
3297 2793 3409 2860 (Iw;
3435 2790 3602 2862 Ἦρὼ-

2038 2915 2206 2970 τησεν
2244 2895 2410 2948 αὐτὸν
2449 2895 2571 2946 ὅσον
2621 2893 2781 2961 ἤθελε
2816 2893 2913 2944 καὶ
2948 2889 3202 2942 ἐϐούλετο
3225 2905 3237 2917 ’
3279 2888 3520 2948 ἀκούσας
3547 2884 3600 2936 δὲ

2045 2991 2175 3060 παρ’
2204 2989 2372 3043 αὑτοῦ
2407 2988 2498 3040 τοῦ
2541 2973 2780 3056 Χριστοῦ
2833 2983 2868 3038 ἃ
2923 2979 3069 3051 εἶχεν
3116 2982 3405 3052 ἀπόρρητα
3452 2981 3509 3030 ὲν
3538 2979 3601 3045 τῇ

362 3080 441 3149 τῷ
476 3082 672 3175 Πέτρῳ-
713 3083 796 3175 οτι
843 3081 1218 3175 Πεπλάνησαι,
1287 3081 1629 3149 βλασφήμως
1679 3080 1925 3149 εἴρηκας,
1959 3119 2001 3175 c
2043 3083 2242 3153 καρδίᾳ
2260 3075 2920 3146 σύτοῦ,λέγειτῷ”1ησοῦ·
2945 3076 3044 3127 «Σῦ
3070 3068 3306 3131 εῐόΥίὸς
3329 3069 3424 3123 τοῦ
3447 3067 3600 3127 Θεοῦ,

363 3172 550 3234 κακῶς
599 3172 937 3242 λελάληκας·
979 3171 1078 3225 οὒκ
1131 3177 1247 3242 εἰμι
1292 3172 1418 3233 Υἱὸς
1458 3170 1618 3226 Θεοῦ.
1655 3171 1763 3222 Καὶ
1818 3169 1928 3239 γὰρ

367 3369 492 3409 eum
527 3353 720 3406 Filium
751 3353 844 3408 Dei
873 3361 926 3407 et
961 3355 1124 3406 Deum
1162 3362 1215 3406 et
1259 3353 1533 3404 hominem
1555 3366 1676 3405 esse
1701 3351 1933 3404 demon-

365 3456 575 3500 strant:
601 3456 759 3512 atque
788 3444 897 3498 illis
928 3443 1150 3506 relictis,
1197 3443 1302 3495 alia
1341 3441 1632 3509 singularia
1689 3441 1932 3508 qumdam

369 3535 938 3591 commemorahimus.
973 3534 1087 3588 Hoc
1128 3543 1308 3588 tamen
1334 3533 1588 3593 monebo,
1645 3547 1749 3584 non
1771 3531 1931 3584 aliam

374 3631 446 3684 ob
485 3643 706 3683 causam
734 3627 949 3682 Judazos
977 3627 1257 3681 Christum
1283 3626 1432 3679 cruci
1465 3624 1726 3687 afﬁxisse,
1759 3637 1925 3692 quam

369 3721 516 3790 quod
542 3719 710 3775 Deum
739 3736 819 3780 se,
846 3703 1120 3774 hominEm
1169 3727 1221 3772 et
1246 3708 1338 3772 Dei
1383 3715 1582 3771 Filium
1619 3731 1740 3770 esse
1797 3730 1935 3783 pue-

370 3815 579 3868 dicaret
605 3829 621 3880 ;
649 3821 702 3867 et
727 3813 915 3868 dicere
945 3812 1199 3868 eumdem
1233 3810 1384 3875 alibi,
1409 3810 1501 3880 qui
1525 3809 1702 3878 ipsum
1733 3809 1937 3872 videat,

369 3923 494 3964 eum
520 3907 731 3962 Patrem
757 3921 916 3963 suum
945 3906 1163 3970 videre;
1191 3903 1342 3966 alibi,
1375 3918 1432 3957 se
1461 3903 1740 3957 etPatrem
1769 3915 1938 3954 unum

370 4017 513 4069 esse;
539 4000 691 4064 alibi,
718 3998 761 4054 si
791 4014 849 4054 se
881 4012 1190 4057 nossemus,
1221 4011 1382 4050 nosse
1409 4009 1510 4049 nos
1532 3993 1770 4058 Patrem;
1790 3993 1939 4056 alibi,

373 4096 421 4150 si
450 4093 576 4166 quis
621 4096 891 4163 prascepta
933 4105 1030 4146 sua
1087 4089 1418 4149 observarit,
1473 4103 1596 4141 eum
1653 4101 1934 4148 nunquam

373 4197 600 4242 mortem
635 4186 905 4247 visurum;
945 4182 1074 4235 alibi
1132 4181 1371 4249 denique
1436 4187 1642 4247 aegroto
1701 4177 1941 4240 cuidam,

377 4285 604 4350 peccata
639 4278 946 4333 condonata
982 4275 1027 4329 ei
1063 4289 1205 4328 esse.
1251 4272 1381 4337 Quae
1432 4286 1556 4324 cum
1604 4269 1948 4322 animadver-

375 4379 555 4426 terent
583 4365 777 4432 Judaei,
803 4372 1083 4435 rogarunt,
1123 4362 1335 4431 qualem
1375 4377 1433 4416 se
1497 4359 1739 4414 faceret?
1766 4373 1944 4411 annon

2036 3178 2098 3229 σὺ
2133 3172 2181 3228 εί
2217 3177 2243 3227 6
2274 3174 2533 3243 βασιλεὺς
2565 3170 2656 3223 τοῦ
2682 3169 2925 3238 Ἰσραήλ.
2976 3185 2993 3218 ι
3055 3163 3434 3234 Ἐπετίμησεν
3475 3161 3602 3230 γοῦν

2032 3358 2189 3412 Certe
2211 3357 2425 3425 quidem
2460 3353 2708 3407 Christus
2746 3351 2964 3404 Petrum
3007 3345 3314 3402 moniturus
3340 3353 3456 3397 erat
3513 3341 3585 3392 ita

2037 3449 2148 3502 fere
2192 3466 2266 3520 τι(
2303 3446 2529 3507 Errasti,
2585 3443 2751 3512 impie
2804 3441 3011 3499 dixisti.
3063 3439 3203 3492 male
3248 3437 3468 3489 locutus
3510 3449 3605 3496 es;

2044 3555 2154 3595 non
2194 3554 2310 3590 sum
2352 3536 2495 3590 enim
2528 3533 2696 3587 Filius
2747 3531 2863 3584 Dei.
2897 3549 2916 3582 ι
2978 3526 3177 3582 Deinde
3238 3540 3362 3580 cum
3419 3536 3604 3576 eorum

2040 3633 2298 3701 magister
2335 3637 2477 3682 esset
2538 3625 2810 3688 Christus,
2837 3621 2964 3690 quid
2988 3619 3152 3683 aliud,
3179 3617 3280 3670 nisi
3324 3615 3607 3668 veritatem

2041 3743 2138 3782 eos
2161 3722 2431 3779 docebat?
2462 3719 2599 3786 Quid
2637 3727 2816 3770 autem
2877 3713 3088 3768 Simoni
3145 3708 3308 3763 Petro
3354 3708 3605 3762 Christus

2039 3819 2177 3873 dixit
2201 3817 2225 3869 ’ἒ
2249 3834 2267 3865 ‹
2303 3814 2500 3866 Beatus
2531 3825 2610 3875 es,
2647 3809 2818 3870 Simo,
2843 3805 2994 3861 Jonas
3027 3803 3122 3863 ﬁli,
3169 3801 3313 3870 quod
3345 3816 3452 3853 non
3485 3813 3608 3852 caro

2041 3919 2136 3964 aut
2169 3906 2390 3973 sanguis
2412 3903 2553 3957 istud
2588 3901 2681 3952 tibi
2710 3899 2942 3964 aperuit,
2981 3896 3072 3949 sed
3115 3894 3275 3946 Pater
3312 3907 3490 3953 meus,
3519 3887 3606 3957 qui

2045 4002 2098 4054 in
2127 3999 2400 4054 cmliscst.
2440 4011 2459 4045 ι
2490 3992 2638 4045 Haud
2671 3990 2884 4043 inscius
2925 3987 3200 4041 Christum
3251 3983 3470 4035 Petrum
3528 3983 3606 4033 in—

2045 4078 2360 4159 terrogavit,
2399 4085 2614 4153 qualem
2638 4097 2696 4137 se
2745 4079 2996 4133 homines
3024 4093 3140 4130 esse
3170 4078 3459 4134 dicerent,
3519 4070 3609 4126 sed

2044 4183 2185 4237 sicut
2213 4181 2279 4233 de
2315 4179 2520 4232 Lazaro
2556 4184 2683 4228 ante
2713 4175 2944 4226 mortem
2969 4169 3087 4239 ejus
3117 4166 3290 4221 dixit:
3331 4184 3349 4214 ι
3375 4164 3614 4218 Lazarus

2047 4273 2259 4327 amicus
2290 4279 2498 4326 noster,
2534 4276 2785 4320 mortuus
2812 4273 2931 4326 est;
2973 4260 3065 4314 sed
3093 4273 3215 4312 eum
3281 4256 3608 4309 suscitatum

2053 4365 2416 4437 proﬁciscor;
2453 4381 2469 4412 ι
2501 4360 2696 4412 deinde
2731 4353 3003 4425 profectus
3025 4349 3383 4418 interrogavit
3410 4369 3424 4403 :
3469 4368 3488 4398 ι
3519 4346 3620 4403 Ubi

378 4463 546 4518 Deum
585 4476 643 4514 sc
674 4459 901 4522 faceret,
921 4473 1042 4510 eum
1079 4456 1240 4508 homo
1270 4453 1456 4507 esset?
1486 4450 1623 4517 Quid
1650 4460 1761 4504 tum
1791 4450 1950 4504 Chri-
1980 4461 2024 4515 ι)
2053 4473 2174 4512 cum
2207 4452 2562 4510 collocastis?
2585 4470 2602 4502 ι
2635 4461 2796 4519 atque
2817 4449 2962 4502 clara
2989 4460 3122 4499 voce
3144 4443 3439 4497 clamavit:
3474 4460 3490 4490 ι
3522 4439 3622 4492 ιη-

377 4564 494 4609 stus
525 4554 548 4605 ?
578 4569 596 4601 ι
623 4550 749 4603 Mihi
788 4551 878 4618 qui
941 4549 1100 4601 ﬁdem
1122 4545 1330 4619 .habet,
1359 4544 1524 4608 vivet,
1551 4543 1765 4598 etiamsi
1815 4557 1959 4595 more

380 4661 508 4702 tuus
537 4646 643 4712 sit;
675 4644 820 4699 sicut
867 4642 1027 4696 Pater
1071 4640 1300 4696 suscitat
1352 4649 1402 4694 et
1444 4639 1495 4692 in
1537 4640 1706 4692 vitam
1737 4643 1958 4690 revocat

383 4742 673 4803 cadavera,
715 4739 788 4789 ita
813 4734 988 4791 Filius
1026 4748 1266 4804 quoque,
1289 4749 1429 4802 quos
1480 4732 1582 4802 ipsi
1617 4731 1822 4801 placet:
1858 4745 1958 4784 ne-

383 4848 474 4886 mo
506 4831 705 4885 Filium
735 4828 908 4892 novit,
944 4827 1046 4880 nisi
1085 4826 1265 4888 Pater,
1297 4840 1394 4879 nec
1421 4825 1631 4878 Patrem
1655 4825 1954 4892 quisquam

381 4926 538 4988 vidit,
568 4922 675 4977 nisi
706 4919 901 4983 Filius,
931 4929 984 4974 et
1019 4918 1168 4974 sicui
1189 4918 1388 4985 detegit
1419 4916 1609 4970 Filius.
1643 4935 1660 4967 ι
1690 4914 1808 4969 Jam
1829 4928 1958 4968 vero

394 5016 487 5082 qui
523 5013 648 5068 talia
674 5012 879 5066 diceret.
906 5020 960 5064 et
988 5008 1238 5063 homines
1257 5007 1476 5061 doceret
1531 5005 1810 5070 Christus,
1857 5019 1955 5059 ve-

385 5121 582 5161 rumne
615 5104 899 5158 celaturus
924 5101 1084 5157 erat?
1115 5099 1250 5166 Quis
1293 5099 1366 5152 ita
1402 5099 1602 5152 stultus
1638 5107 1687 5151 et
1737 5095 1957 5164 ineptus

386 5199 480 5264 sit,
511 5198 655 5253 istud
700 5207 758 5250 ut
781 5193 1166 5251 credat?‘Nam
1202 5193 1305 5245 nisi
1365 5190 1506 5244 Dens
1538 5200 1592 5244 et
1624 5189 1799 5243 Filius
1860 5187 1953 5242 Dei

383 5300 527 5355 erat,
571 5289 826 5358 discipuli
878 5289 996 5359 ejus
1055 5286 1123 5340 ah
1169 5286 1287 5354 ipso
1335 5281 1678 5353 interrogati,
1736 5281 1952 5350 qualem

387 5380 631 5435 hominis
656 5378 850 5432 Filium
881 5389 1004 5432 esse
1025 5375 1270 5428 homines
1299 5375 1564 5437 dicerent,
1595 5386 1701 5424 non
1729 5385 1955 5438 respon-

385 5474 500 5528 suri
531 5481 708 5538 erant,
731 5472 870 5526 alios
895 5486 1019 5526 eum
1053 5469 1251 5532 EIiam,
1285 5469 1425 5522 alios
1451 5465 1743 5520 Jeremiam
1770 5473 1862 5516 aut
1887 5463 1954 5517 de

386 5566 670 5634 prophetis
702 5565 936 5631 aliquem
962 5577 1082 5615 esse
1108 5561 1443 5620 existimare,
1483 5573 1605 5622 nec,
1641 5572 1762 5609 cum
1786 5554 1953 5608 Chri-

386 5665 506 5708 stus
551 5658 972 5722 interrogasset,
1020 5667 1181 5720 quem
1219 5651 1321 5720 ipsi
1367 5667 1426 5704 se
1468 5665 1592 5707 esse
1638 5647 1947 5708 crederent,

391 5743 643 5798 dicturus
667 5743 882 5809 Petrus,
903 5757 1028 5796 cum
1047 5740 1322 5795 Christum
1344 5754 1482 5804 esse,
1502 5738 1698 5791 Filium
1720 5739 1808 5791 Dei
1827 5736 1952 5788 vivi.

1301 5939 1322 5963 ’δ

2061 4565 2206 4613 zare,
2243 4548 2504 4601 adesdum
2541 4544 2725 4608 foras;
2755 4561 2772 4594 ι
2802 4543 2960 4611 etqui
2989 4539 3257 4595 exanimis
3290 4538 3492 4598 funerat,
3525 4552 3622 4586 au-

2059 4638 2307 4693 seultavit
2342 4635 2570 4705 imperio
2607 4632 2839 4694 Domini,
2898 4630 3117 4686 Christo
3156 4628 3477 4683 deelarante
3505 4639 3615 4679 tum

2058 4731 2320 4793 divinam,
2357 4739 2467 4782 tum
2497 4727 2788 4780 humanam
2827 4731 3078 4776 naturam
3127 4735 3279 4773 suam
3316 4737 3329 4771 :
3366 4719 3442 4770 ita
3497 4726 3622 4768 tunc

2059 4837 2274 4893 quoque
2313 4817 2614 4887 discipulos
2645 4814 3019 4882 interrogavit,
3071 4820 3130 4864 ut
3163 4811 3330 4862 Deum
3356 4819 3415 4860 et
3447 4806 3625 4860 homi-

2061 4927 2180 4968 nem
2217 4927 2419 4968 seesse
2440 4909 2772 4973 ostenderet,
2796 4921 3002 4976 eosque
3058 4904 3186 4956 hinc
3249 4900 3512 4969 paulatim
3556 4898 3618 4950 ad

2017 5011 2022 5014 ’
2058 5021 2198 5060 verae
2225 5002 2554 5073 cognitionis
2597 4999 2940 5054 altitudinem
3003 4994 3278 5052 cveherct.
3331 4993 3623 5045 Enimvero

2059 5099 2188 5169 quid
2217 5106 2336 5167 post
2361 5094 2816 5149 resurrectionem
2841 5092 3084 5146 Thomas
3121 5088 3281 5150 dixit,
3311 5086 3405 5154 qui
3439 5097 3490 5138 et
3515 5085 3627 5152 ipse

2061 5207 2204 5245 unus
2236 5206 2266 5245 e
2303 5190 2592 5244 duodecim
2622 5184 2907 5254 discipulis
2930 5190 3067 5248 erat,
3097 5187 3393 5236 attrectato
3459 5178 3622 5230 latere

2058 5280 2301 5335 Christi?
2333 5279 2529 5348 Utique
2563 5279 2608 5332 is
2631 5291 2846 5346 quoque
2882 5275 2953 5328 ita
2983 5273 3121 5327 dixit
3154 5290 3167 5325 :
3206 5290 3225 5322 ι
3267 5269 3499 5323 Domine
3523 5267 3617 5327 mi,

2058 5383 2108 5428 et
2151 5373 2290 5428 Deus
2321 5372 2415 5425 nti.
2448 5391 2468 5420 ι
2505 5371 2608 5424 Aut
2641 5369 2768 5438 quid
2803 5367 3001 5421 deinde
3035 5365 3111 5418 illi
3137 5361 3436 5418 Christus?
3500 5358 3614 5411 Non

2055 5465 2219 5534 jussit
2272 5463 2518 5533 profecto
2557 5477 2680 5516 eum
2727 5459 3004 5514 abstinere
3067 5453 3446 5523 hlasphemiis.
3501 5451 3615 5511 sed,

2063 5572 2082 5604 ι
2118 5553 2308 5622 Vidisti
2339 5567 2455 5616 me,
2488 5553 2683 5618 inquit,
2737 5561 2791 5603 et
2819 5547 3133 5612 credidisti;
3182 5544 3323 5600 beati
3373 5542 3474 5604 illi,
3525 5535 3618 5606 qui

2059 5660 2166 5698 non
2212 5644 2464 5697 viderunt
2495 5653 2550 5697 et
2572 5642 2922 5699 crediderunt
2950 5651 3154 5716 tamen.
3199 5655 3217 5686 ι
3261 5639 3365 5690 Aut
3413 5632 3541 5702 qui‘d
3566 5631 3614 5682 in

2058 5734 2326 5804 principio
2359 5733 2716 5790 institutionis
2763 5730 3086 5794 Nathauael,
3133 5734 3295 5786 homo
3331 5725 3468 5796 legis
3523 5720 3614 5778 Ju-
