3920 6188
387 301 491 366 9ιῖ

1296 275 1305 294 ’
1389 310 1831 372 CHRONICON
1865 312 2134 377 MAJUS.
2164 338 2235 351 —
2272 314 2416 373 LIB.
2465 315 2559 376 1v.

3518 309 3624 373 .018

381 417 529 486 αὐτῷ
563 417 590 469 6
613 417 852 488 Χριστος
885 419 958 481 ὡς
988 417 1170 481 κακῶς
1203 419 1495 490 λαλήσαντι
1524 441 1537 486 ;
1597 421 1756 493 Οὐχὶ,
1815 424 1951 478 ἀλλά
1984 433 2030 491 Α
2059 423 2319 495 βασιλεὺς
2356 421 2408 477 εἷ
2441 426 2504 478 σύ
2533 444 2546 485 ;
2593 445 2610 476 ι
2651 427 2950 497 ’Δπεκρίθη
2987 429 3014 480 ὁ
3072 428 3306 499 Χριστός
3333 442 3344 455 ο
3378 446 3393 476 ι
3431 426 3500 479 Σὺ
3533 427 3626 480 λέ-

379 511 429 562 τί
454 511 604 578 λέγει
633 511 786 580 αὐτῷ
813 514 840 564 6
865 512 1096 582 Χριστός
1139 531 1154 579 ;
1181 531 1198 564 ι
1244 514 1366 567 Ὅτι
1396 513 1550 567 εἶπόν
1577 533 1658 568 σοι
1689 515 1756 568 τὰ
1776 516 1953 588 ἀπόρ-

385 608 523 674 ῥητα
555 603 654 668 τῆς
705 603 933 670 καρδίας
979 621 1072 656 σου
1120 605 1700 671 πιστεύεις;Μείζονα
1744 610 1952 662 τούτων

378 697 519 764 ὄψει.
562 715 580 747 ι
615 697 726 749 Καὶ
756 699 839 749 ὄτι
873 697 971 766 μὲν
997 697 1298 767 ἐρωτηθεὶς
1335 701 1488 768 παρά
1526 700 1619 752 τοῦ
1667 701 1901 754 Πιλάτου
1924 703 1951 752 6

379 790 617 859 Χριστὸς
690 789 917 861 εἴρηκεν
975 791 1058 842 ὅτι
1120 792 1194 843 Συ
1251 787 1436 856 εἶπας,
1495 791 1654 844 τοῦτο
1707 792 1950 846 τοιοῦτόν

374 886 545 949 ἐστιν,
577 883 696 935 ἀλλ’
729 883 828 935 οὐκ
850 883 998 936 ἐστιν
1035 884 1315 954 ἀρνήσεως
1365 884 1544 951 λόγος,
1574 883 1707 938 ἀλλὰ
1743 901 1952 952 συγκα-

375 975 645 1038 ταθέσεως
677 977 772 1029 καὶ
793 976 1112 1044 ὁμολογίας,
1139 979 1232 1031 καὶ
1281 977 1471 1046 ὥσπερ
1502 979 1640 1044 πρὸς
1686 977 1778 1030 τὸν
1818 979 1950 1031 ’ῐοὺ-

369 1069 465 1122 δαν
490 1064 635 1122 εἷπε.
668 1068 1097 1137 Συγκαθήμενος
1128 1069 1223 1121 καὶ
1255 1068 1366 1138 γάρ
1403 1071 1461 1120 ὲν
1498 1071 1602 1139 μιᾷ
1632 1071 1659 1120 6
1711 1071 1945 1133 Χριστὸς

377 1161 515 1228 μετὰ
554 1160 662 1212 τῶν
697 1159 958 1229 μαθητῶν
986 1159 1154 1213 αὑτοῦ
1184 1160 1334 1227 λέγει
1359 1161 1497 1230 πρὸς
1531 1162 1731 1223 αὐτούς
1755 1177 1768 1192 ·
1799 1181 1815 1213 ι
1850 1156 1945 1226 Εἷς

371 1252 610 1320 ἐξύμῶν
641 1253 958 1321 παραδώσει
1009 1272 1097 1322 με.
1156 1274 1174 1305 ›
1213 1256 1324 1306 Καὶ
1371 1255 1557 1322 ἔλεγεν
1605 1248 1684 1318 εἷς
1715 1255 1942 1318 ἔκαστος

371 1345 501 1412 περὶ
560 1345 796 1398 ἑαυτοῦ·
858 1365 876 1397 ι
923 1347 1069 1415 Μήτι
1111 1347 1221 1413 ἐγώ
1293 1349 1445 1416 sitit;
1497 1366 1514 1396 ι
1568 1348 1664 1399 καὶ
1741 1347 1935 1408 ἄλλος·

376 1451 397 1484 ι
431 1433 579 1501 Μήτι
605 1433 718 1500 ἐγώ
753 1435 870 1503 εἰμι
899 1450 913 1499 ;
953 1452 975 1485 ε
1016 1429 1151 1488 Εἷπε
1178 1435 1233 1488 δὲ
1259 1436 1357 1488 καὶ
1382 1438 1410 1488 6
1446 1436 1650 1499 Ἰούδας
1673 1453 1685 1467 ο
1727 1455 1746 1487 ι
1793 1437 1940 1506 Μήτι

369 1513 481 1590 ὲγώ
505 1523 616 1594 είμι
643 1541 693 1591 ;ι
714 1523 929 1592 Λέγειὸ
957 1526 1195 1594 Χριστός
1217 1540 1231 1554 ⁸
1257 1525 1418 1595 332
1437 1526 1539 1578 «Σὺ
1560 1522 1774 1589 εἴπας.»
1805 1527 1938 1579 Τότε

369 1617 588 1679 πάντως
627 1617 730 1670 οὐκ
759 1615 826 1688 ἦν
856 1617 1015 1685 λόγος
1064 1618 1373 1687 ἀρνήσεως,
1407 1615 1543 1670 ἀλλά
1599 1611 1940 1684 συγκαταθέ-

368 1725 529 1770 σεως.
563 1708 750 1772 Οῦτως
781 1711 878 1762 καὶ
923 1709 1021 1761 ὶπὶ
1046 1708 1142 1762 τοῦ
1193 1709 1460 1763 Πιλάτουο
1508 1710 1662 1776 λόγος
1728 1710 1837 1778 γὰρ
1868 1704 1936 1779 ἦν

2059 533 2180 584 γειε
2211 517 2292 569 ὅτι
2325 516 2576 586 βασιλεύς
2602 519 2718 586 είμι
2748 517 2874 585 ἐγώ·
2908 517 3017 584 ἐγὼ
3044 519 3124 580 ei;
3151 516 3314 570 τοῦτο
3356 517 3622 586 γεγέννη-

2058 627 2158 676 μαι
2184 609 2279 662 καὶ
2312 609 2392 671 είς
2419 610 2580 662 τοῦτο
2607 611 2848 680 ἐλήλυθα
2879 612 2956 672 είς
2985 611 3077 664 τὸν
3100 611 3328 678 κόσμον,
3362 610 3450 662 ἵνα
3480 626 3623 678 μαρ-

2053 702 2278 770 τυρήσω
2309 704 2373 771 τῇ
2420 703 2678 774 ἀληθείᾳ.
2716 704 2830 764 Πᾶς
2886 705 2912 756 6
2968 702 3044 755 ὢν
3102 703 3166 756 ἐκ
3207 703 3305 768 τῆς
3358 699 3626 770 ἀληθείας

2052 792 2242 846 ἀκούει
2272 809 2374 860 μου
2410 795 2508 860 τῆς
2554 795 2758 862 φωνῆς.
2795 813 2812 844 ι
2872 795 3036 862 Λέγει
3075 792 3223 861 αὐτῷ
3267 795 3294 845 6
3348 791 3580 852 Πιλᾶτος
3605 808 3619 821 °

2059 904 2075 937 ι
2115 885 2179 936 Τί
2208 885 2359 938 ἐστιν
2388 886 2662 955 ἀλήθεια;
2714 907 2730 940 ι
2775 887 2942 958 Ὁρᾷς
2977 887 3092 949 πῶς
3126 885 3364 938 ἐνταῦθα
3399 885 3616 953 ἐδείχθη

2053 975 2432 1045 σαφέστερον;
2469 976 2693 1039 Πάντως
2727 977 2754 1027 6
2778 977 3014 1046 Χριστὸς
3043 976 3271 1044 βασιλέα
3314 974 3482 1040 ἔδειξε
3525 974 3620 1047 και

2049 1061 2206 1120 εἶπεν
2249 1067 2470 1123 ἑαυτόν.
2531 1068 2644 1120 Καὶ
2675 1068 2978 1137 ἐρωτηθεὶς
3039 1071 3189 1136 ποιρά
3239 1066 3334 1119 τοῦ
3384 1066 3617 1119 Πιλάτου

2047 1160 2212 1215 πάλιν
2232 1160 2382 1230 αὐτῷ
2408 1159 2568 1214 τοῦτο
2604 1160 2882 1230 ἀπεκρίθη
2905 1174 2920 1189 ο
2981 1160 3104 1212 ἀντὶ
3149 1159 3238 1211 τοῦ
3275 1159 3474 1210 εἰπεῖν·
3511 1157 3620 1210 Ναὶ

2047 1251 2301 1322 βασιλεύς
2342 1255 2481 1321 εἰμι,
2530 1248 2654 1305 εἷπε
2683 1269 2694 1282 ·
2755 1271 2773 1304 ι
2816 1254 2888 1305 Σὺ
2916 1252 3099 1320 λέγεις
3125 1252 3283 1322 333
3325 1253 3409 1304 ὅτι
3468 1249 3620 1318 βασι-

2045 1345 2171 1410 λεύς
2203 1349 2322 1415 είμι
2355 1347 2491 1415 ἐγώ.
2543 1366 2562 1399 ι
2611 1344 2677 1399 Τί
2704 1346 2835 1414 γοῦν
2863 1349 2891 1400 ὁ
2922 1345 3176 1408 Πιλᾶτος,
3225 1343 3476 1404 εἰπόντος
3521 1341 3614 1392 τοῦ
3646 1359 3654 1368 ο

2043 1438 2286 1508 Χριστοῦ
2313 1440 2392 1493 ὅτι
2436 1439 2576 1507 Ἐγὼ
2603 1441 2680 1502 εἰς
2701 1439 2861 1492 τοῦτο
2886 1439 3225 1506 γεγέννημαι
3246 1438 3339 1488 καὶ
3359 1438 3436 1498 εἰς
3458 1431 3614 1485 τοῦτο

2042 1528 2279 1600 ἐλήλυθα
2309 1530 2386 1592 είς
2420 1529 2510 1580 τὸν
2542 1530 2771 1597 κόσμον,
2807 1528 2896 1580 ἵνα
2955 1528 3300 1598 μαρτυρήσω
3353 1528 3418 1596 τῇ
3480 1524 3613 1592 ἀλη-

2043 1622 2186 1691 θείᾳ,
2251 1621 2402 1688 λέγει
2439 1620 2576 1690 πρὸς
2609 1621 2806 1674 αὐτόν·
2859 1638 2877 1671 ι
2939 1620 3005 1672 Τί
3065 1621 3215 1672 ἐστιν
3276 1617 3540 1686 ἀλήθεια;
3585 1633 3604 1665 ι

2039 1716 2337 1770 Τουτέστιν
2371 1716 2455 1768 ὅτι
2487 1717 2652 1778 Εἰείς
2705 1716 2798 1768 τὸν
2845 1715 3052 1784 κόσμον
3100 1711 3328 1782 ἀλήθεια
3366 1707 3454 1780 ἦν,
3507 1709 3610 1761 οὐκ

367 1797 612 1867 συνήθης
638 1798 730 1851 τοῦ
761 1800 950 1865 τόπου.
979 1800 1076 1855 καὶ
1104 1799 1180 1862 ὡς
1207 1799 1302 1852 τοῦ
1335 1801 1502 1853 τόπου
1554 1776 1764 1855 ἐκείνου
1789 1776 1935 1871 λόγῷ
1968 1776 2011 1835 Β
2040 1806 2105 1860 ἂν
2139 1807 2438 1878 παραδίδου
2477 1809 2560 1871 εἰς
2598 1776 2829 1860 θανατον
2855 1825 2871 1840 ο
2908 1776 3003 1860 καὶ
3032 1799 3143 1858 οἷον
3170 1776 3606 1870 ἀποκλαιὸμενον

365 1889 640 1958 ἐχρήσατο
679 1890 829 1960 αὖτῷ
859 1894 885 1944 6
910 1892 1172 1959 Χριστός.
1205 1893 1314 1944 Καὶ
1352 1891 1541 1960 ὥσπερ
1574 1894 1773 1961 ἀρτίως
1805 1894 1932 1946 πολ-

363 1977 524 2040 λάκις
554 1980 646 2031 καὶ
679 1980 770 2032 ἐπὶ
802 1980 911 2032 τῶν
931 1981 1378 2050 Μουσουλμάνων
1400 1984 1548 2048 λέγει
1581 1983 1767 2052 ἔτερος
1797 1985 1932 2052 προς

362 2071 454 2122 τὸν
485 2071 674 2139 ἕτερον
717 2073 855 2140 μετὰ
904 2073 1225 2142 συμϐουλῆς
1267 2075 1354 2127 δτι
1406 2075 1730 2143 Ποιήσωμεν
1785 2076 1928 2140 τόδε,

362 2161 457 2212 καὶ
477 2160 598 2212 ἀντὶ
619 2160 714 2212 τοῦ
744 2162 919 2214 εἰπεῖν
951 2163 1041 2214 τὸν
1064 2163 1253 2234 ἕτερον
1287 2163 1368 2215 ὅτι
1398 2162 1669 2225 Γενέσθω,
1698 2165 1931 2234 ἀποκρί-

363 2270 512 2305 νεται
544 2253 628 2304 ὅτι
661 2254 734 2306 Σὺ
775 2254 1054 2321 ἡξεύρεις,
1111 2255 1204 2306 καὶ
1239 2256 1338 2308 οὐκ
1375 2255 1490 2308 ἔστι
1555 2257 1726 2324 Λόγος
1760 2258 1928 2327 ἀρνή-

361 2363 519 2411 σεως,
551 2346 687 2398 ἀλλὰ
715 2346 1172 2414 συγκαταθέσεως
1193 2363 1204 2374 ⁸
1229 2346 1402 2407 οὕτως
1428 2349 1523 2401 καὶ
1552 2348 1642 2400 ἐπὶ
1672 2348 1763 2402 τοῦ
1791 2350 1926 2418 Χρι-

363 2437 512 2492 στοῦ.
561 2438 649 2500 Ὠς
704 2439 798 2492 τοῦ
859 2439 1029 2491 τόπου
1082 2439 1298 2491 ἐκείνου
1347 2439 1490 2507 λόγῳ
1547 2441 1813 2510 ἐχρήσατο
1858 2445 1921 2510 τῇ

362 2529 588 2600 τοιαύτῃ
621 2529 764 2595 λέξει
807 2533 832 2583 6
876 2531 1135 2600 Χριστὸς,
1167 2533 1231 2599 τῇ
1314 2531 1385 2584 Σὺ
1435 2527 1616 2592 εἶπας.
1662 2531 1851 2600 Ὅμως
1896 2534 1923 2582 6

360 2620 518 2680 αὐτὸς
550 2619 780 2684 Πιλᾶτος
835 2622 1088 2690 ἠρώτησε
1122 2621 1213 2674 τὸν
1274 2620 1509 2689 Χριστὸν
1536 2620 1743 2688 λέγων·
1779 2640 1795 2671 ι
1850 2622 1921 2673 ΣΞ)

355 2705 456 2760 εῖὸ
483 2709 737 2778 βασιλεὺς
767 2711 873 2763 τῶν
890 2709 1193 2776 Ἰουδαίων;
1232 2729 1250 2760 ι
1279 2707 1585 2778 ’Δπεκρίθη
1610 2707 1917 2777 όΧριστός·

366 2817 385 2848 ι
437 2798 503 2850 ’Π
535 2799 788 2868 βασιλεία
815 2801 848 2865 ἡ
875 2799 983 2868 ἐμὴ
1004 2799 1106 2852 οὑκ
1145 2798 1294 2850 ἔστιν
1327 2799 1390 2851 ἐκ
1435 2798 1527 2850 τοῦ
1558 2799 1766 2867 κόσμου
1799 2797 1922 2851 τού-

350 2905 472 2944 του.
509 2892 570 2944 ει
615 2893 680 2944 ὲκ
712 2891 806 2944 τοῦ
865 2892 1078 2959 κόσμου
1132 2887 1202 2960 ἦν
1259 2891 1290 2959 ή
1332 2889 1580 2958 βασιλεία
1625 2892 1659 2960 ή
1689 2891 1817 2960 ἐμὴ,
1873 2893 1919 2942 οἱ

352 2982 624 3052 ὑπηρέται
654 2984 718 3038 ἂν
751 2985 799 3036 οἱ
827 2983 948 3051 ἐμοὶ
975 2983 1328 3052 ἠγωνίζοντο,
1373 2985 1460 3037 ἵνα
1518 2983 1594 3054 μὴ
1627 2983 1919 3052 παραδοθῶ

349 3075 468 3137 τοῖς
495 3073 794 3138 Ἰουδαίοις.
825 3075 942 3129 Νῦν
967 3075 1080 3146 δὲή
1119 3075 1370 3144 βασιλεία
1409 3079 1441 3145 ή
1480 3077 1588 3148 ἐμὴ
1640 3077 1740 3128 οὐκ
1771 3076 1917 3128 ἔστιν

349 3165 626 3222 ἐντεῦθεν.
664 3186 684 3219 ›
741 3163 908 3223 Εἶπεν
934 3167 1029 3222 οῦν
1071 3167 1220 3239 αὐτῷ
1255 3169 1283 3221 6
1315 3169 1547 3231 Πιλᾶτος
1569 3185 1582 3198 ·
1625 3187 1642 3220 ι
1679 3167 1793 3221 Οὐκ
1824 3164 1918 3220 οὖν

350 3353 522 3409 daicze
544 3353 755 3423 peritus
781 3353 804 3406 ?
837 3351 1188 3423 interregavit
1229 3367 1351 3407 eum
1413 3351 1555 3421 quod
1578 3351 1737 3405 vellet
1759 3367 1771 3404 :
1791 3364 1915 3405 cum

347 3450 530 3498 autem
570 3443 812 3498 audisset
837 3457 868 3498 e
905 3441 1149 3506 Christo,
1189 3457 1310 3512 quae
1371 3443 1472 3496 sub
1502 3442 1666 3496 corde
1703 3450 1911 3496 secreta

348 3532 648 3600 premebat,
677 3533 815 3586 dixit
847 3532 894 3588 ei
924 3551 938 3587 ε
964 3550 983 3583 ι
1014 3531 1094 3586 Tu
1122 3547 1181 3586 es
1205 3532 1293 3586 Dei
1323 3531 1516 3594 Filius,
1550 3542 1605 3586 ιιι
1628 3547 1718 3586 rex
1743 3531 1916 3586 lsrae-

347 3623 437 3679 lis.
463 3624 715 3694 κει-(ιιιΞά
735 3624 1063 3693 vituperavit
1082 3638 1208 3678 cum
1227 3624 1479 3679 Christus
1497 3635 1552 3678 ut
1569 3626 1706 3680 male
1728 3625 1916 3678 dicen-

347 3717 492 3771 tem?
516 3715 736 3770 Minime
771 3732 916 3777 vero,
938 3715 1055 3781 sed,
1092 3734 1110 3766 ι
1139 3715 1278 3781 Quia
1306 3716 1415 3769 dixi
1445 3715 1566 3779 tibi,
1599 3715 1695 3778 ait,
1731 3729 1914 3768 secre-

347 3817 398 3862 ta
423 3808 606 3863 cordis
631 3808 730 3870 tui,
758 3806 975 3861 credis?
1013 3805 1222 3875 Maiora
1263 3807 1384 3861 istis
1419 3807 1649 3861 videbis.
1696 3823 1715 3856 ι
1755 3805 1911 3871 Quod

344 3907 525 3953 autem
548 3913 580 3954 a
620 3897 792 3953 Pilato
820 3906 1044 3968 rogatus
1071 3897 1326 3953 Christus
1357 3898 1657 3966 respondit,
1706 3897 1913 3952 dixisse

344 4007 492 4056 eum,
537 4006 600 4046 ea
649 4007 758 4045 non
801 3991 1066 4061 negantis,
1127 3993 1223 4046 sed
1261 3991 1612 4068 concedentis
1665 4001 1721 4046 et
1780 4007 1910 4046 con-

341 4085 629 4140 sentientis
651 4085 827 4139 oratio
884 4093 992 4151 est,
1019 4085 1164 4153 quali
1214 4085 1462 4140 etiamin
1523 4083 1719 4140 Judam
1776 4099 1910 4140 usus

340 4185 442 4231 est.
481 4175 746 4231 Assidens
771 4177 916 4232 enim
949 4176 1234 4245 discipulis
1269 4177 1559 4232 Christus:
1598 4171 1782 4232 «Unus
1813 4191 1906 4230 ve-

337 4274 536 4328 strum,
569 4266 765 4335 inquit,
803 4281 888 4319 me
913 4265 1217 4320 traditurus
1278 4275 1378 4319 cst.
1413 4285 1432 4316 ι
1472 4264 1701 4334 Rogavit
1755 4267 1819 4322 de
1851 4282 1909 4322 se

337 4355 593 4424 quisque,
625 4355 829 4425 Ecquid
865 4371 966 4424 ego
1022 4356 1190 4411 sum?
1219 4355 1282 4411 Et
1313 4355 1454 4410 alios
1484 4374 1497 4409 :
1551 4357 1757 4425 Ecquid
1805 4372 1906 4426 ego

2033 1896 2131 1960 τὴν
2161 1898 2263 1964 τῆς
2295 1897 2558 1965 ἀληθείας
2584 1897 2847 1965 στέρησιν
2877 1891 3002 1946 εἷπε
3029 1895 3092 1946 Τί
3130 1895 3276 1945 ἐστιν
3331 1890 3558 1957 ἀλήθεια
3587 1905 3604 1952 ;

2045 1987 2205 2040 Ἀλλὰ
2229 1989 2325 2041 καὶ
2352 1989 2499 2058 παρὰ
2521 1989 2616 2040 τοῦ
2642 1988 2952 2057 ἀρχιερέως
2987 1984 3285 2054 ἐρωτηθεὶς
3314 1985 3342 2035 6
3367 1983 3603 2048 Χριστὸς

2030 2079 2111 2130 δτι
2153 2078 2391 2148 Ὁρκίζω
2421 2096 2477 2130 σε
2505 2081 2645 2130 κατὰ
2671 2078 2764 2130 τοῦ
2799 2076 2936 2128 Θεοῦ
2973 2074 3062 2126 τοῦ
3097 2073 3299 2136 ζῶντος
3330 2073 3415 2124 ἵνα
3470 2071 3604 2140 ήμῖν

2030 2171 2191 2240 εἴπῃς
2214 2173 2263 2223 εί
2303 2172 2370 2224 σὺ
2399 2174 2446 2222 εί
2479 2173 2506 2223 6
2538 2171 2663 2232 Υίὸς
2695 2168 2793 2221 τοῦ
2822 2169 2982 2232 Θεοῦ,
3036 2166 3189 2219 οὐδὲν
3245 2166 3434 2236 ἕτερον
3466 2166 3602 2215 ἁπε-

2031 2265 2254 2333 κρίνατο
2272 2265 2303 2332 ἢ
2324 2265 2409 2316 ὅτι
2441 2263 2584 2324 Ἑγώ
2607 2266 2746 2327 εἰμι.

2099 2352 2260 2419 Οἶδας
2286 2358 2434 2420 ὅπως
2467 2360 2545 2414 είς
2589 2357 2623 2412 δι
2660 2357 2762 2409 οὐκ
2801 2357 3124 2410 ἐπίστανται
3154 2355 3203 2406 οἱ
3234 2350 3598 2420 Μουσουλμὰ-

2027 2465 2127 2508 νοι,
2165 2448 2540 2519 κατηγοροῦσι
2563 2450 2690 2510 τοὺς
2717 2449 2899 2513 ἀξίους
2923 2449 3149 2500 ἐπαίνου
3176 2463 3190 2510 ;
3226 2445 3360 2497 Ἰδοὺ
3395 2444 3596 2508 τοίνυν,

2028 2541 2193 2610 εἴπερ
2229 2540 2412 2608 ζητεῖς
2435 2540 2717 2608 ἀλήθειαν,
2745 2542 2914 2608 γνῶθι
2941 2541 3131 2607 αὑτήν.
3182 2539 3243 2592 Ei
3286 2537 3331 2589 δ’
3367 2533 3483 2598 οὖν,
3533 2540 3596 2587 σὺ

2022 2630 2209 2693 οἶδαςο
2246 2633 2306 2686 οὐ
2371 2635 2480 2704 γὰρ
2529 2634 2679 2703 παρά
2731 2635 2828 2702 τῆς
2875 2633 3135 2702 ἀληθείας
3183 2633 3332 2683 ἔστιν
3396 2633 3427 2700 ή
3467 2632 3595 2696 περὶ

2023 2725 2230 2794 ταύτην
2281 2727 2501 2792 ἄγνοια,
2551 2726 2688 2779 ἀλλὰ
2733 2727 2885 2796 παρά
2933 2728 3044 2778 τῶν
3093 2724 3595 2791 ἀποστρεφομένων

2023 2817 2218 2887 αὐτήν.

2091 2907 2153 2961 δ’.
2187 2907 2411 2981 Ἐπειδὴ
2434 2909 2565 2978 περὶ
2597 2910 2705 2962 τῶν
2770 2909 2950 2962 ἄλλων
2981 2901 3056 2961 ὧν
3093 2909 3224 2977 παρ’
3282 2907 3434 2976 ὑμῶν
3486 2907 3596 2959 τῶν

2021 2997 2480 3066 Μουσουλμάνων
2505 2998 2890 3068 ἐγκαλούμεθα
2921 2999 2970 3051 οί
3018 2999 3342 3063 Χριστιανοὶ
3384 2998 3600 3057 ἱκανῶς

1945 3131 1989 3190 C
2019 3088 2422 3155 ἀποδέδεικται,
2471 3090 2600 3142 ὥστ’
2653 3087 2791 3143 εἶναι
2846 3091 2993 3159 ἡμᾶς
3042 3092 3354 3157 ἀνωτέρους
3407 3089 3592 3158 πάσης

2021 3182 2389 3252 κατηγορίας,
2432 3185 2565 3255 φέρε
2602 3184 2666 3254 δὴ
2716 3184 2905 3244 λοιπὸν
2953 3184 3285 3254 σκεψώμεθα
3323 3185 3418 3236 καὶ
3462 3183 3591 3251 περὶ

2015 3357 2193 3412 derer.
2227 3359 2293 3412 At
2315 3375 2459 3416 nunc
2484 3376 2592 3414 non
2624 3371 2705 3416 est
2730 3363 2894 3432 hujus
2924 3365 3027 3419 loci
3053 3379 3275 3433 regnum
3314 3382 3516 3421 meum.
3565 3387 3584 3418 ι

2012 3447 2240 3518 Rogavit
2277 3449 2484 3508 Pilatus
2512 3470 2524 3506 :
2559 3473 2576 3504 ι
2609 3453 2727 3508 Νοη
2751 3470 2811 3510 es
2845 3456 3006 3527 igitur
3037 3459 3174 3511 rex?
3211 3476 3228 3508 ι
3287 3458 3587 3529 Respondit

2010 3539 2297 3596 Christus:
2335 3543 2532 3609 «Dicis,
2557 3558 2737 3614 regem
2762 3562 2846 3602 me
2877 3562 3021 3603 esse.
3048 3548 3126 3601 Ad
3159 3549 3262 3604 hoc
3291 3566 3390 3615 ego
3426 3563 3584 3606 natus

2011 3646 2132 3686 sum
2165 3642 2217 3688 et
2243 3634 2310 3687 ad
2341 3635 2446 3690 hoc
2483 3638 2536 3690 in
2568 3646 2768 3694 terram
2830 3642 2974 3705 veni,
3014 3651 3072 3695 ut
3116 3643 3368 3697 veritatis
3427 3646 3582 3699 testis

2008 3737 2211 3797 eSsem.
2238 3722 2497 3795 Quisquis
2513 3743 2576 3781 ex
2597 3729 2823 3784 veritate
2845 3741 2947 3794 est,
2967 3732 3119 3786 audit
3141 3749 3329 3787 vocem
3347 3750 3542 3790 meam.
3560 3756 3578 3788 ι

2013 3812 2151 3868 Dicit
2177 3815 2227 3868 ei
2261 3815 2468 3902 Pilatus
2506 3837 2519 3872 :
2557 3838 2576 3870 ι
2607 3820 2748 3886 Quid
2785 3830 2869 3876 est
2902 3824 3144 3879 veritas?
3183 3844 3202 3876 ›
3233 3827 3397 3882 Vides
3426 3843 3585 3897 aper-

2011 3905 2118 3959 tius
2152 3906 2241 3960 hic
2276 3922 2387 3962 rem
2421 3911 2633 3964 ostendi
2674 3929 2688 3964 :
2731 3913 2958 3967 omnino
2995 3930 3175 3985 regem
3207 3933 3264 3970 se
3293 3933 3415 3973 esse
3438 3919 3580 3972 amr-

2010 3999 2174 4052 mavit
2202 4002 2518 4055 etostendit
2556 4002 2830 4058 Christus.
2879 4007 3254 4074 Interrogatus
3290 4026 3318 4064 a
3371 4011 3570 4073 Pilato,

2017 4103 2210 4144 rursus
2256 4089 2304 4141 ei
2335 4093 2616 4159 respondit
2656 4107 2762 4146 non
2802 4095 2904 4147 hoc
2937 4097 3096 4151 modo
3130 4113 3143 4150 :
3185 4098 3262 4152 ita
3297 4110 3398 4162 est,
3454 4100 3582 4154 Rex-

2007 4181 2151 4244 sum,
2187 4181 2316 4237 sed:
2353 4202 2370 4232 ι
2400 4183 2566 4249 Dicis,
2592 4200 2674 4239 me
2704 4200 2881 4256 regem
2905 4201 3046 4241 esse.
3092 4208 3109 4239 ι
3143 4189 3279 4254 Quid
3305 4208 3466 4260 porro
3490 4193 3576 4246 Pi-

2007 4271 2169 4333 latus,
2199 4285 2321 4325 cum
2355 4272 2609 4329 Christus
2630 4274 2882 4343 dixisset,
2910 4279 2975 4330 ad
3011 4279 3113 4352 hoc
3148 4296 3206 4334 se
3236 4292 3421 4334 natum
3451 4300 3574 4338 esse

2007 4372 2060 4416 et
2090 4362 2154 4417 ad
2187 4363 2288 4420 hoc
2314 4367 2525 4423 venisse
2553 4371 2605 4422 in
2637 4371 2926 4437 imunlum,
2955 4382 3012 4427 nt
3036 4375 3280 4431 veritatis
3313 4379 3466 4432 testis
3489 4393 3578 4432 es-

335 4464 457 4504 sum
480 4450 503 4503 Ἰ
530 4450 600 4503 Ει
629 4451 837 4521 rogavit
860 4449 1033 4506 Judas
1067 4469 1080 4504 :
1111 4470 1129 4503 ι
1163 4451 1368 4522 Ecquid
1393 4465 1496 4520 ego
1515 4467 1636 4507 sum
1664 4470 1682 4501 ι
1709 4452 1731 4505 ?
1763 4451 1898 4508 Tum
1929 4467 1982 4527 ι)
2007 4463 2111 4522 set,
2133 4459 2345 4527 rogavit
2372 4476 2494 4514 eum
2527 4479 2542 4516 :
2577 4463 2743 4528 «Quid
2772 4475 2854 4518 est
2879 4467 3144 4522 veritas?»
3173 4470 3274 4524 hoc
3303 4481 3409 4532 εει.
3436 4472 3490 4524 Si
3521 4473 3572 4526 in

331 4541 591 4596 Chrisms
614 4559 628 4597 :
654 4561 671 4593 ι
691 4542 903 4609 Dixisti,
938 4563 953 4594 I
981 4544 1194 4612 inquit:
1222 4559 1329 4610 quo
1354 4552 1506 4598 certe
1539 4545 1759 4614 quidem
1782 4545 1904 4600 loco

330 4647 442 4689 non
466 4636 794 4701 recusantis,
814 4636 905 4690 sed
931 4635 1255 4690 aﬂirmantis
1276 4652 1459 4690 sermo
1486 4635 1606 4692 fuit.
1642 4637 1901 4690 Similiter

320 4726 499 4795 igitur
541 4727 592 4781 in
612 4728 809 4783 Pilato.
837 4727 1106 4788 Nimirum
1133 4739 1252 4784 erat
1279 4729 1331 4783 id
1387 4730 1604 4784 dicendi
1645 4732 1896 4800 genusin

325 4817 420 4872 illa
447 4819 670 4888 regione
703 4821 990 4883 usitatum,
1012 4830 1066 4873 et
1089 4836 1224 4873 usus
1285 4832 1369 4876 est
1395 4821 1488 4874 illo
1548 4819 1803 4876 Christus
1841 4834 1899 4878 ut

323 4912 448 4979 ejus
475 4912 714 4980 regionis
742 4913 987 4980 proprio.
1037 4911 1507 4978 Quemadmodum
1531 4914 1677 4968 enim
1727 4917 1892 4969 edam

322 5001 382 5056 in
407 5001 768 5056 Musulmanis
787 5018 930 5071 saepe
963 5004 1040 5065 lit,
1079 5013 1305 5062 ut.cum
1339 5008 1466 5076 quis
1523 5021 1644 5060 cum
1691 5011 1891 5064 cohor-

322 5092 540 5147 tatione
565 5093 718 5158 dicit,
743 5104 800 5149 ut
837 5095 1040 5150 iaciant
1071 5097 1373 5165 quippiam,
1399 5099 1536 5152 alter
1561 5117 1666 5154 non
1697 5140 1714 5166 ,
1771 5103 1895 5159 Fiat

320 5180 492 5248 istud,
521 5183 615 5236 sed
651 5200 672 5234 ι
707 5183 976 5252 Reperisti
1017 5203 1034 5236 ι
1072 5188 1434 5255 respondeat:
1469 5192 1539 5244 ita
1574 5194 1626 5244 in
1664 5193 1888 5248 Christo

319 5287 537 5342 quoque
561 5288 648 5328 res
688 5273 870 5330 habet.
901 5276 1110 5347 Quippe
1172 5279 1407 5336 dictione
1446 5282 1592 5337 illius
1653 5287 1892 5353 regionis

320 5367 544 5434 propria
578 5367 850 5435 utebatur,
873 5386 994 5424 cum
1045 5373 1397 5441 responderet
1434 5392 1452 5425 ι
1489 5377 1698 5431 Dixisti.
1735 5397 1753 5430 ›
1781 5378 1890 5430 [ιο-

319 5452 469 5520 gavit
499 5455 641 5508 idem
673 5453 880 5512 Pilatus
897 5459 1209 5514 Christum:
1244 5479 1260 5512 ι
1284 5458 1422 5516 Num
1453 5478 1546 5518 rex
1574 5441 1888 5523 Judaeoruui

319 5542 424 5596 es?
461 5562 480 5596 ›
515 5548 799 5615 respondit
851 5549 1105 5606 Christus
1144 5570 1158 5606 :
1194 5571 1212 5603 ι
1254 5551 1498 5623 Regnum
1549 5572 1729 5611 meum
1779 5575 1883 5614 non

320 5641 406 5687 est
435 5635 598 5706 hujus
624 5641 836 5695 mundi.
864 5640 920 5696 Si
971 5643 1132 5715 hujus
1189 5643 1379 5699 mundi
1440 5661 1660 5715 regnum
1709 5665 1885 5704 meum

320 5738 487 5796 esset,
515 5745 732 5800 operam
765 5734 1047 5794 dedissent
1070 5737 1206 5792 socii
1260 5735 1391 5805 mei,
1423 5753 1488 5793 ne
1510 5738 1716 5796 Judaeis
1774 5751 1884 5798 tra-

2012 4551 2215 4603 mundo
2242 4552 2443 4606 veritas
2468 4566 2635 4618 esset,
2670 4573 2776 4610 non
2816 4558 3115 4614 tradi-reris
3154 4563 3333 4616 morti.
3364 4562 3572 4618 Etenim

2011 4642 2163 4707 (ιιιιιεί
2191 4643 2397 4711 lugeret
2417 4646 2663 4702 veritatis
2685 4652 3011 4716 absentiam,
3042 4652 3171 4722 quid
3197 4653 3400 4708 veritas
3429 4645 3575 4711 esset

2011 4735 2241 4799 rogavit.
2276 4735 2345 4787 At
2380 4737 2521 4789 enim
2547 4739 2712 4792 etiam
2751 4756 2776 4790 a
2799 4742 3052 4809 pontifice
3079 4745 3316 4798 maximo
3349 4758 3570 4816 rogatus

2007 4821 2258 4878 Christus
2296 4825 2347 4878 in
2383 4827 2526 4881 hunc
2560 4835 2782 4886 modum
2811 4851 2823 4887 :
2861 4851 2880 4886 ι
2915 4833 3175 4890 Obtestor
3196 4845 3244 4890 te
3271 4853 3364 4906 per
3403 4839 3566 4894 Deum
3595 4823 3605 4834 ’

2009 4913 2212 4982 vivum,
2243 4925 2301 4970 ut
2324 4918 2473 4973 dicas
2511 4923 2691 4985 nobis,
2725 4939 2853 4978 num
2889 4925 3063 4983 Filius
3106 4927 3197 4982 Dei
3229 4930 3328 4994 sis,
3359 4950 3377 4982 ι
3436 4931 3568 4984 nihil

2006 5006 2303 5070 atlllld,niSi
2344 5029 2363 5060 ι
2394 5011 2523 5065 Sum
2562 5031 2580 5066 ι
2620 5017 2923 5083 τρειιοηιιίι.

2075 5096 2298 5153 Nostine
2319 5099 2431 5167 jam
2459 5105 2733 5170 quomodo
2765 5105 2831 5160 de
2887 5107 2974 5170 iis,
3000 5124 3119 5176 quae
3165 5111 3417 5176 ignorant
3450 5109 3567 5161 Mn-

2003 5191 2258 5254 sulmani,
2299 5206 2553 5247 accusent
2587 5198 2834 5252 homines
2893 5200 3051 5253 laude
3112 5201 3350 5269 dignos?
3398 5203 3561 5267 Ecce,

2002 5280 2046 5332 si
2081 5282 2281 5348 qumris
2307 5285 2609 5345 veritatem.
2633 5303 2901 5358 cognosce
2929 5305 3070 5345 eam.
3105 5291 3159 5344 Si
3187 5293 3385 5358 minus,
3416 5297 3560 5350 nosti

2000 5381 2163 5436 certe,
2198 5388 2301 5426 non
2330 5376 2614 5431 veritatem
2635 5395 3014 5446 causamesse,
3054 5383 3239 5452 siquis
3256 5399 3373 5440 eam
3406 5387 3563 5456 igno-

1998 5475 2098 5526 ret,
2137 5465 2228 5518 sed
2261 5482 2376 5533 cos,
2402 5469 2495 5536 qui
2541 5485 2664 5522 eam
2697 5472 2927 5542 fugiunt.

2067 5558 2118 5610 Il.
2146 5556 2277 5611 Cum
2310 5558 2375 5612 de
2404 5559 2650 5630 reliquis,
2684 5565 2754 5619 ob
2811 5583 2932 5635 qure
2955 5583 2984 5622 a
3011 5570 3164 5624 vobis
3205 5569 3562 5627 Musulmanis

1995 5652 2364 5720 vituperemur
2414 5654 2732 5725 Christiani,
2787 5662 2922 5719 satis
2961 5663 3396 5721 demonstratum
3463 5667 3560 5732 sit,

1996 5761 2114 5802 esse
2149 5760 2251 5800 nos
2281 5748 2427 5805 omni
2461 5751 2809 5808 accusatione
2837 5757 3173 5826 superiores,
3199 5773 3316 5829 age,
3350 5760 3557 5813 exarui.
