3920 6196
423 285 528 347 919

1628 301 1953 362 GEORGII
2000 298 2423 368 ΡΗΗᾹΝΤΖέΕ

2336 113 2369 137 ο

3512 330 3597 391 920

420 400 529 448 τίῗρν
552 400 781 467 ἑτέρων.
819 405 974 457 Ἔστι
1035 408 1090 459 δὲ
1141 408 1265 461 τάἰε
1309 403 1391 463 ὅτι
1442 411 1597 466 εἶπεν
1633 418 1659 468 6
1708 418 1858 481 Θεὸς
1915 418 1993 485 τῷ
2023 421 2065 476 Α
2100 403 2285 483 7.53%:
2319 424 2418 475 οὐκ
2451 418 2517 494 ἦν
2551 425 2659 477 ἀπὸ
2691 427 2785 478 τῢῧ
2823 422 3073 499 ’Λόρῖάμ
3118 431 3189 495 ὡς
3240 433 3506 507 ὁΜωὰμευ
3531 441 3602 495 λέ·

424 488 663 560 Μωάμεο
691 510 705 525 ·
746 512 766 544 ι
800 495 880 548 Τὰ
916 498 1094 551 πάντα
1119 501 1353 571 ἐποίησα
1375 504 1464 557 διὰ
1515 507 1598 571 σὲ,
1657 511 1751 561 καὶ
1796 512 1855 563 σὲ
1921 512 1991 566 δι’

421 579 543 647 ἐμὲ,
580 598 600 633 ι
638 582 730 634 καὶ
766 584 925 638 τοῦτο
972 588 1023 640 οί
1082 590 1408 658 Χριστιανοὶ
1456 597 1518 647 οὐ
1563 600 1992 670 παραδέχονται.

432 673 595 727 Ἀλλά
624 677 720 728 καὶ
748 677 808 729 τὸ
837 678 931 731 τοῦ
960 682 1207 752 Μωάμεθ
1233 685 1407 757 ὄνομα
1430 693 1826 762 γεγραμμένον
1849 695 1995 764 εὑρί-

419 771 588 819 σκετο
616 770 676 820 ὲν
700 771 774 841 τῷ
800 773 1149 843 Εὐαγγελίῳ,
1176 779 1425 845 εἰπόντος
1447 782 1605 836 τοῦτο
1628 785 1723 838 τοῦ
1751 788 1991 857 Χριστοῦ

414 863 526 923 τοῖς
548 859 850 931 Ἰουδαίοις,
882 867 965 920 ὅτι
1017 870 1477 943 Εὐαγγελίζομαι
1524 877 1688 949 334
1737 880 1866 949 ὑμῖν
1903 883 1991 935 ἴνα

386 952 735 1021 ,γινώσκητε
760 957 843 1010 ὃτι
872 959 992 1028 μετ’
1024 963 1127 1031 ἐμὲ
1162 965 1352 1031 μέλλει
1396 968 1573 1022 ὲλοείν
1621 972 1650 1022 6
1688 973 1990 1037 ἀπόστολος

417 1043 513 1094 καὶ
548 1047 840 1116 προφήτης
863 1052 1138 1121 Μωάμεθ.
1189 1056 1262 1107 Τὸ
1294 1058 1427 1110 αὐτό
1475 1060 1590 1113 ἐστι
1646 1066 1740 1115 καὶ
1793 1066 1871 1128 εἰς
1925 1068 1986 1118 τὸ

413 1134 508 1187 τοῦ
540 1137 825 1203 Μωῦσέως
880 1144 1131 1199 παλαιόν.
1178 1148 1242 1200 ΟΞ
1306 1149 1363 1200 δὲ
1424 1149 1747 1219 Χριστιανοὶ
1789 1157 1988 1227 φθονή-

412 1242 604 1292 σαντες
633 1230 891 1294 ἐξέσαλον
920 1237 1053 1289 αὐτὸ
1078 1237 1191 1290 ἀπὸ
1221 1239 1313 1293 τοῦ
1347 1242 1709 1310 Εὐαγγελίου.
1745 1247 1855 1299 Καὶ
1899 1249 1981 1299 ὅτι

352 1320 357 1325 ’
413 1320 488 1391 μὴ
523 1324 688 1390 μόνον
713 1328 794 1389 είς
824 1330 884 1380 τὸ
920 1330 1254 1397 Εὐαγγέλιον
1280 1334 1375 1386 καὶ
1404 1336 1463 1387 ἐν
1494 1336 1572 1403 τῷ
1592 1338 1804 1409 παλαιῷ
1828 1340 1983 1409 εὑρί-

411 1416 576 1467 σκετο
613 1421 998 1489 γεγραμμένον
1022 1422 1080 1475 τὸ
1105 1423 1201 1476 τοῦ
1232 1426 1480 1493 Μωάμεθ
1511 1428 1707 1498 ὄνομα,
1733 1431 1869 1485 ἀλλὰ
1884 1434 1981 1486 καὶ

409 1508 467 1556 ἐν
496 1508 609 1567 τοῖς
639 1507 836 1572 δεξιοῖς
866 1513 1061 1580 μέρεσι
1093 1516 1188 1568 τοῦ
1216 1516 1408 1587 θρόνου
1443 1519 1539 1572 τοῦ
1566 1521 1701 1575 Θεοῦ
1726 1525 1979 1594 εὑρίσκε-

406 1613 500 1648 ται
535 1604 943 1668 γεγραμμένον.
1000 1605 1111 1659 Καὶ
1167 1609 1249 1661 ὅτι
1307 1610 1475 1678 ἡτῶν
1534 1612 1981 1686 Μουσουλμάνων

405 1688 593 1753 πίστις
626 1692 734 1743 ἀπὸ
771 1695 864 1746 τοῦ
908 1696 1166 1766 Ἀϐραὰμ
1205 1699 1551 1772 εὑρίσκεται,
1605 1707 1701 1759 καὶ
1732 1709 1814 1762 ὅτι
1873 1728 1980 1763 πα-

407 1782 679 1847 ραϐάντες
732 1787 781 1837 οἱ
836 1789 1157 1857 Χριστιανοὶ
1218 1792 1309 1845 τὸν
1360 1795 1454 1847 τοῦ
1484 1797 1766 1864 Μωῦσέως
1814 1802 1977 1871 νόμον

405 1876 544 1926 εἰσὶν
575 1875 714 1939 ἄξιοι
748 1882 1091 1949 κατηγορίας
1133 1884 1229 1935 καὶ
1278 1885 1562 1953 μέμψεως,
1601 1893 1974 1963 κατηγοροῦσι

405 1968 459 2018 δὲ
500 1968 627 2029 τοὺς
672 1964 1137 2038 Μουσουλμὰνους
1189 1976 1319 2037 τοὺς
1368 1975 1556 2041 ἀξίους
1605 1982 1829 2036 ἐπαίνου
1882 1986 1976 2037 καὶ

405 2059 596 2127 τιμῆς.

473 2148 662 2205 Ταῦτά
696 2154 835 2208 εἰσιν
870 2156 1027 2210 ἅτινα
1063 2162 1215 2229 παρᾶ
1248 2164 1353 2215 τῶν
1390 2166 1509 2219 Μου
1524 2165 1842 2234 σουλμάνων
1874 2174 1976 2221 κα-

402 2247 792 2315 τηγορούμεοα
819 2252 869 2303 οἱ
927 2252 1271 2323 Χριστιανοί.
1304 2256 1759 2328 ’Λπολογούμεοα
1790 2261 1847 2314 δὲ
1886 2262 1977 2315 οὗ·

402 2352 529 2399 τως,
567 2334 648 2389 ὅτι
682 2340 817 2403 Θεὸς
844 2342 1031 2408 ἐνδεὴς
1082 2346 1179 2398 καὶ
1243 2350 1437 2417 χρείαν
1497 2352 1644 2412 τινὸς
1691 2350 1830 2421 ἔχων
1877 2352 1977 2405 οὐκ

401 2426 515 2480 ἔστι
547 2428 702 2495 Θεός.
752 2433 809 2485 Ὀ
842 2436 1074 2507 ποιητὴς
1105 2438 1337 2509 ούρανοῦ
1362 2457 1421 2494 τε
1461 2442 1557 2496 καὶ
1591 2443 1694 2513 γῆς
1720 2445 1816 2497 καὶ
1840 2445 1977 2498 πάν-

397 2536 507 2574 των
536 2523 645 2577 τῶν
670 2524 1196 2599 δημιουργηθέντων
1219 2534 1278 2584 ὲν
1303 2535 1505 2598 αὐτοῖς,
1538 2536 1566 2587 ὀ
1597 2538 1832 2606 ποιήσας
1851 2538 1978 2599 τοὺς

398 2617 675 2685 ἀγγέλους
726 2622 989 2687 καὶτοὺς
1039 2624 1389 2697 ἀνθρώπους,
1449 2631 1645 2699 χρείαν
1679 2631 1829 2693 τινὸς
1876 2632 1978 2684 οὐκ

397 2704 565 2779 εἶχεν,
596 2711 736 2765 ἀλλά
758 2712 846 2766 διὰ
876 2716 1045 2785 μόνην
1076 2717 1395 2788 ἀγαθότητα
1430 2721 1527 2773 καὶ
1570 2720 1792 2792 θέλησιν
1825 2723 1980 2777 ἐποί-

395 2818 493 2869 ησε
521 2802 587 2855 τὰ
614 2803 817 2861 πάντα.
855 2808 1015 2863 Ἐπεὶ
1066 2810 1200 2876 γοῦν
1263 2812 1429 2865 τοῦτο
1490 2814 1671 2878 οὕτως
1721 2815 1837 2885 ἔχει
1880 2817 1979 2870 καὶ

394 2891 573 2955 οὐδείς
608 2894 758 2946 ἐστιν
804 2898 831 2948 6
872 2898 1198 2967 ἀντιλέγων,
1240 2904 1430 2967 κακῶς
1469 2904 1583 2973 ἄρα
1616 2903 1919 2973 ἐφθέγξατο
1950 2906 1980 2957 6

394 2982 644 3055 Μωάμεθ
676 2988 750 3049 ὡς
769 2988 935 3057 δῆοεν
969 2987 1095 3044 εἶπε
1122 2993 1263 3064 πρὸς
1305 2995 1471 3048 αὑτὸν
1519 2998 1546 3048 6
1598 2996 1730 3060 Θεὸς
1783 2998 1864 3050 ὅτι
1895 2998 1977 3051 Τὰ

2098 516 2206 579 γει,
2242 512 2301 578 ἐξ
2323 514 2487 566 αὑτοῦ
2517 515 2612 568 τοῦ
2643 518 2891 587 Μωάμεθ
2923 522 3011 588 ἔχε
3073 523 3160 576 τὸν
3192 524 3432 597 ἔλεγχον·
3464 532 3602 597 αὐτος

2098 607 2205 675 γάρ
2242 607 2395 659 ἐστιν
2422 609 2450 660 6
2480 609 2725 679 ἀρχηγὸς
2764 613 2857 665 καὶ
2903 615 3197 685 νομοθέτης
3225 618 3331 671 τῶν
3378 622 3604 678 τοιούτων

2094 697 2404 765 δογμάτων.
2449 701 2508 754 El
2541 702 2598 753 δέ
2628 704 2775 755 ἐστιν
2809 703 2971 774 335
3004 706 3210 775 ἕτερος,
3235 709 3603 781 δειχῦήτωικαὶ

2096 788 2204 859 γὰρ
2226 791 2334 843 ἀπὸ
2368 791 2461 844 τοῦ
2506 792 2760 864 Ἀϐραὰμ
2791 796 2897 859 ’ἐως
2926 797 3021 849 τοῦ
3082 799 3312 868 Μωάμεθ
3359 806 3606 872 παρῆλθον

2093 881 2279 951 χρόνοι
2308 883 2624 952 τρισχίλιοι,
2652 887 2749 940 καὶ
2770 888 2909 954 μετὰ
2937 887 3112 941 ταῦτα
3140 892 3305 960 ἐφάνη
3327 895 3352 946 6
3373 886 3603 964 Μωάμεθ·

2093 972 2290 1026 οὐκοῦν
2314 974 2413 1026 οὐκ
2439 974 2586 1027 ἔστιν
2612 979 2641 1038 ἡ
2677 978 2785 1029 τῶν
2832 980 3273 1053 Μουσουλμάνων
3307 984 3475 1048 πίστις
3518 988 3607 1040 ἀπὸ

2091 1065 2186 1117 τοῦ
2235 1064 2512 1136 Ἀϐραάμ.
2562 1069 2624 1121 Ei
2677 1069 2725 1122 δ’
2775 1070 2908 1133 ἴσως
2954 1071 3143 1139 λέγετε
3192 1075 3343 1128 τοῦτο
3391 1077 3472 1131 διὰ
3526 1079 3606 1149 τὴν

2094 1160 2423 1230 περιτομὴν,
2479 1161 2591 1228 ἐγὼ
2655 1179 2739 1215 σοι
2793 1164 2904 1234 ἐρῶ
2956 1166 3048 1218 τὸν
3113 1166 3268 1235 λόγον
3330 1171 3424 1238 τῆς
3475 1186 3606 1240 περιο

2090 1252 2293 1319 τομῆς.

2171 1342 2232 1395 '0
2259 1341 2514 1421 Ἀϐραὰμ
2569 1345 2906 1418 θεασάμενος
2938 1350 3034 1403 τὸν
3084 1351 3327 1421 ούρανὸν,
3358 1354 3443 1406 τὸν
3463 1355 3608 1421 ἥλιον,

2087 1434 2216 1491 τοὺς
2254 1418 2516 1502 ἀστέρας,
2548 1439 2646 1506 τῆν
2670 1440 2796 1508 γῆν,
2826 1441 2924 1511 τὴν
2961 1418 3239 1496 θάλασσαν
3262 1445 3353 1497 καὶ
3381 1447 3444 1498 τὰ
3467 1418 3610 1500 ἑναὺέ

2087 1526 2221 1585 τοῖς,
2256 1525 2613 1592 ἁνελογίσατο
2665 1531 2789 1581 καθ’
2826 1518 3021 1584 ἑαυτὸν
3062 1532 3160 1585 καὶ
3216 1530 3395 1588 εἶπεν·
3431 1553 3448 1588 ι
3486 1531 3609 1606 ’Δρι

2087 1616 2153 1668 τὰ
2186 1615 2415 1668 τοιαῦτα
2449 1617 2586 1685 ἔργα
2621 1622 2834 1688 μεγάλα
2887 1622 3063 1686 οὓτως
3113 1627 3209 1677 καὶ
3260 1627 3461 1690 ἐξαίσια
3500 1629 3606 1680 ὄντα

2086 1708 2273 1769 ἁπλῶς
2303 1708 2482 1771 οὕτως
2519 1712 2616 1763 καὶ
2666 1713 2999 1782 αὐτομάτως
3064 1719 3334 1785 ἐγένοντο,
3377 1716 3409 1789 ἦ
3455 1720 3607 1789 ἔχουσι

2086 1800 2180 1852 καί
2210 1818 2334 1854 τινα
2363 1803 2456 1854 τὸν
2486 1806 2795 1870 ποιήσαντα
2844 1808 3020 1873 αὐτά;
3064 1828 3082 1860 ι
3112 1810 3443 1877 Θεασάμενος
3458 1814 3608 1863 τοίνυν

2082 1896 2181 1964 τὴν
2210 1895 2475 1965 καλλονὴν
2506 1899 2616 1951 τῶν
2677 1904 3003 1969 κτισμάτων
3038 1902 3319 1972 ἐθαύμαζε
3371 1907 3459 1966 καὶ
3510 1905 3606 1970 ἐξε-

2086 1988 2373 2057 πλήττετο,
2428 1991 2570 2043 κατά
2633 1990 2760 2043 νοῦν
2796 2009 2854 2044 τε
2923 1995 3225 2047 ἐσκέπτετο
3260 1995 3331 2064 μή
3382 2012 3490 2061 πως
3529 1996 3608 2049 οὐκ

2084 2075 2272 2146 ἔχουσί
2303 2084 2425 2131 τινὰ
2455 2080 2546 2131 τὸν
2570 2081 2874 2150 ποιήσαντα
2904 2083 3068 2143 αὐτὰ,
3096 2084 3232 2136 ἀλλά
3256 2086 3447 2153 μᾶλλον
3469 2084 3609 2137 ταῦτά

2084 2172 2191 2223 εἰσι
2226 2173 2339 2224 Θεοὶ
2365 2212 2381 2235 ,
2424 2173 2607 2233 καθὼς
2637 2172 2887 2242 ἐνόμιζον
2919 2177 3015 2228 καὶ
3041 2177 3094 2229 οἱ
3149 2179 3326 2245 γονεῖς
3364 2178 3513 2230 αὐτοῦ
3537 2178 3610 2228 καὶ

2086 2264 2286 2324 πάντες
2315 2264 2364 2315 οἱ
2383 2263 2793 2335 εἰδωλολάτραι.
2832 2267 2944 2319 Καὶ
2974 2268 3056 2320 ὅτι
3091 2269 3191 2337 μὲν
3217 2270 3244 2321 6
3270 2268 3399 2331 Θεὸς
3425 2268 3608 2336 ἐποίησε

2083 2358 2153 2408 τὰ
2179 2358 2359 2410 πάντα
2382 2357 2525 2410 καλά
2557 2357 2679 2411 λίαν
2722 2359 2817 2411 καὶ
2850 2359 2992 2422 ἀξια,
3013 2360 3119 2428 τῆς
3149 2360 3315 2413 αὑτοῦ
3345 2360 3609 2430 ἐνεργείας.

2086 2448 2162 2509 ὡς
2195 2442 2262 2502 ἀν
2283 2448 2372 2501 διὰ
2392 2452 2491 2518 τῆς
2530 2450 2765 2521 Θεωρίας
2792 2451 3000 2505 τούτων
3026 2454 3338 2522 ἀνάγωνται
3364 2454 3543 2517 πάντες
3572 2453 3610 2505 oi

2082 2538 2365 2610 ἄνθρωποι
2396 2542 2481 2603 είς
2513 2543 2851 2611 θεογνωσίαν
2880 2544 2977 2597 ναὶ
3040 2544 3387 2615 μεγαλύνουσι
3419 2545 3503 2598 καὶ
3543 2544 3613 2595 δο-

2083 2632 2289 2697 ξάσωσι
2322 2632 2416 2684 τὸν
2440 2632 2647 2686 τούτων
2681 2635 2918 2706 ποιητὴν
2965 2638 3059 2690 καὶ
3109 2638 3457 2708 δημιουργὸν,
3483 2634 3614 2689 τοῦτο

2080 2722 2254 2784 οὕτως
2278 2721 2391 2794 ἔχει
2418 2726 2513 2778 καὶ
2552 2726 2652 2778 οὐκ
2695 2726 2909 2791 ἄλλως*
2944 2730 2994 2781 οἱ
3047 2728 3097 2781 δ’
3160 2729 3433 2799 ἀνθρωττοι
3466 2744 3611 2798 παρα-

2083 2813 2392 2881 τραπέντες
2422 2813 2526 2884 τῆς
2556 2814 2795 2887 ἀληθοῦς
2843 2818 2940 2870 καὶ
2986 2818 3157 2890 ὀρθῆς
3221 2822 3480 2887 γνώσεως,
3535 2817 3613 2870 καὶ

2080 2904 2313 2972 ἀφέντες
2347 2908 2680 2975 προσκυνετν
2711 2909 2808 2961 καὶ
2851 2902 3115 2964 σέϐεσθαι
3157 2913 3252 2966 τὸν
3287 2912 3501 2980 ποιητὴν
3524 2908 3613 2960 τῶν

2081 2995 2305 3049 πάντων
2335 2995 2493 3061 Θεὸν,
2534 2997 2739 3067 μᾶλλον
2769 3001 3204 3072 προσεκύνησαν
3223 3004 3321 3072 τὴν
3346 3002 3509 3055 κτίσιν
3535 2998 3613 3051 καὶ

396 3077 575 3131 πάντα
611 3081 847 3150 ἐποίησα
885 3081 974 3134 διὰ
1009 3084 1090 3149 σὲ,
1112 3084 1208 3138 καὶ
1233 3086 1293 3139 σὲ
1325 3087 1406 3150 δι’.
1456 3088 1589 3158 ὲμέυ
1640 3092 1667 3141 6
1696 3090 1807 3159 γὰρ
1840 3089 1972 3154 Θεὸς
2000 3085 2045 3146 C
2078 3084 2465 3153 ἐσεϐάσθησαν
2519 3086 2728 3153 ταύτην
2779 3090 2930 3159 παρὰ
2983 3091 3079 3143 τὸν
3127 3094 3411 3146 κτίσαντα.
3477 3086 3612 3141 Ἀλλὰ

396 3169 594 3237 χρείαν
617 3172 762 3235 τινὸς
786 3174 889 3226 οὐκ
915 3173 1049 3245 ἔχει.
1074 3177 1197 3230 Ὀτι
1227 3178 1287 3232 δὲ
1321 3180 1353 3250 ἡ
1376 3179 1487 3231 τῶν
1519 3182 1968 3252 Μουσου).μάνων

394 3356 588 3403 nemus
617 3352 720 3405 alia
761 3354 1030 3423 q'uredam.
1060 3357 1269 3425 Quippe
1302 3357 1470 3413 Deum
1529 3352 1820 3416 Mohameti
1874 3358 1965 3418 di-

396 3441 540 3495 uisse
573 3443 727 3496 aiunt
760 3460 776 3498 :
815 3444 1049 3500 «Cuncta
1084 3454 1304 3517 propter
1338 3460 1388 3504 te
1417 3449 1541 3515 feci,
1581 3462 1633 3507 et
1660 3462 1710 3507 te
1746 3463 1966 3524 propter

393 3545 501 3596 me,
542 3553 559 3586 :
600 3538 742 3603 quod
789 3536 1087 3595 Christiani
1140 3554 1245 3595 non
1312 3545 1625 3600 admittunt.
1687 3547 1754 3600 At
1814 3549 1961 3602 enim

390 3625 553 3691 etiam
581 3625 900 3685 Mohametis
927 3640 1124 3687 nomen
1151 3634 1417 3703 scriptum
1446 3635 1636 3702 fuisse,
1690 3639 1741 3693 in
1784 3639 1967 3694 Evan-

392 3718 554 3785 gelio,
588 3719 807 3800 Christo
837 3721 1043 3777 Iudaeis
1076 3725 1294 3781 dicente
1335 3744 1348 3779 :
1379 3720 1769 3800 «Evangelium
1797 3732 1958 3790 vobis

391 3796 680 3881 impertio?
700 3829 808 3881 quo
843 3816 1211 3885 cognoscatis,
1245 3823 1367 3885 poet
1394 3834 1481 3874 me
1501 3829 1791 3877 venturum
1836 3832 1960 3880 esse

390 3904 693 3971 apostolum
744 3915 797 3959 et
853 3907 1170 3977 prophetam
1222 3909 1621 3969 Mohametem:
1664 3932 1683 3967 ι
1724 3915 1864 3970 idem
1908 3916 1963 3970 in

388 3994 589 4066 Moysis
615 3996 847 4053 vetustis
872 3998 1027 4053 libris
1063 3998 1272 4065 fuisse;
1314 4002 1409 4056 sed
1455 4001 1797 4059 Christianos
1822 4007 1965 4061 invi-

388 4087 477 4141 dia
504 4098 806 4143 commotos
832 4089 1061 4158 ejecisse
1091 4089 1146 4144 id
1181 4106 1247 4146 ex
1293 4092 1609 4163 Evangelio.
1661 4093 1772 4150 Nec
1826 4112 1959 4153 vero

388 4181 442 4233 in
475 4181 593 4236 solo
620 4179 912 4252 Evangelio
937 4193 990 4237 et
1019 4185 1251 4240 vetustis
1275 4185 1428 4241 libris
1449 4186 1617 4242 fuisse
1638 4188 1962 4247 Moliametis

388 4274 612 4336 nomen,
644 4272 737 4328 sed
768 4272 931 4328 etiam
957 4273 1011 4328 in
1038 4276 1222 4329 dextra
1258 4284 1410 4345 parte
1441 4276 1622 4332 throni
1657 4278 1749 4333 Dei
1783 4281 1961 4351 serip-

389 4372 502 4419 tum
529 4378 671 4420 esse.
707 4363 918 4420 Deinde
937 4362 1410 4423 Musulma‘norum
1435 4370 1751 4439 religlonem
1795 4373 1964 4443 repeti

387 4458 459 4510 ab
487 4454 822 4521 Ahrahamo,
860 4469 912 4511 et
939 4457 1306 4525 Christianos,
1361 4462 1457 4531 qui
1528 4437 1701 4533 legem
1758 4437 1964 4536 Moj'sis
1993 4437 2046 4496 Β

388 4547 688 4617 negligant,
729 4547 878 4615 ipsos
907 4549 1259 4605 accusatione
1281 4560 1335 4606 et
1368 4555 1797 4624 reprEhensione
1842 4557 1966 4627 dig-‘-

389 4642 490 4693 nos
510 4653 656 4704 esse,
685 4653 812 4692 cum
856 4638 1234 4698 Musulmanos
1267 4644 1430 4699 laude
1457 4655 1512 4701 et
1538 4645 1745 4702 honore
1772 4650 1968 4719 dignos

363 4783 371 4794 ,
388 4733 765 4789 criminentur.

460 4824 586 4881 Haec
614 4836 760 4889 sunt,
804 4840 925 4897 quze
954 4841 982 4880 a
1015 4826 1376 4903 Musulmauis
1414 4832 1573 4887 nobis
1635 4834 1971 4903 exprobran-

390 4928 479 4973 tur
504 4919 850 4975 Christianis.
884 4920 1017 4986 Ome
1055 4921 1128 4976 ita
1165 4900 1492 4989 refutamus,
1562 4932 1620 4978 ut
1690 4925 1735 4980 si
1798 4927 1966 4980 ullius

387 5016 462 5064 rei
491 5028 658 5082 egens
690 5022 741 5067 et
770 5015 989 5083 indigus
1030 5017 1172 5071 Deus
1205 5018 1297 5081 sit,
1333 5032 1458 5070 eum
1489 5030 1597 5070 non
1630 5032 1749 5071 esse
1778 5016 1956 5072 Deum

386 5104 657 5159 dicamus.
680 5104 997 5161 Fabricator
1014 5108 1140 5162 coeli
1171 5117 1224 5163 et
1242 5118 1400 5163 terra:
1419 5117 1471 5162 et
1491 5123 1671 5162 rerum
1698 5111 1966 5176 omnium,

385 5213 508 5267 quze
547 5200 599 5251 in
635 5199 829 5254 iisdem
857 5201 1011 5255 factae
1036 5209 1188 5262 sunt,
1224 5210 1277 5255 et
1307 5201 1401 5270 qui
1435 5200 1657 5269 angelos
1678 5209 1733 5255 et
1779 5203 1964 5255 homi-

387 5301 484 5343 nes
510 5291 735 5354 crearit,
762 5291 965 5345 nullius
993 5292 1068 5345 rei
1094 5292 1349 5360 indigens
1381 5300 1524 5358 erat,
1555 5292 1648 5347 sed
1716 5306 1780 5345 ex
1848 5291 1961 5345 sola

386 5383 731 5452 benignitate
770 5393 826 5438 et
863 5385 1146 5440 voluntate
1176 5396 1373 5441 cuneta
1408 5383 1557 5439 fecit.
1594 5385 1747 5451 Quod
1783 5385 1827 5439 si
1862 5387 1966 5441 hoc

261 5461 285 5482 ⁸
390 5472 463 5528 ita
494 5484 596 5536 est,
628 5491 729 5531 nec
755 5477 1047 5547 quisquam
1086 5480 1436 5541 contradicit,
1484 5480 1625 5534 male
1681 5478 1965 5535 Mohame-

390 5571 471 5621 les
506 5568 814 5631 afﬁrmavit,
847 5571 1011 5625 Deum
1060 5573 1164 5627 sibi
1187 5573 1394 5628 ditisse
1427 5591 1440 5627 :
1474 5572 1714 5628 «Cuncta
1748 5583 1968 5642 propter

394 5666 445 5710 te
476 5657 578 5713 feci
608 5671 661 5713 et
691 5671 747 5714 te
774 5673 995 5731 propter
1026 5665 1385 5735 me..Qnippe
1423 5666 1628 5721 nullius
1684 5666 1761 5720 rei
1824 5666 1967 5721 Deus

392 5758 534 5817 eget.
585 5748 1053 5807 Musulmanorum
1114 5756 1430 5826 religionem
1498 5766 1678 5812 autem
1734 5770 1839 5811 non
1897 5758 1965 5811 ah

2093 3174 2356 3247 ’Δΰραάμ
2392 3178 2493 3247 οὐχ
2516 3175 2710 3245 οὕτως,
2740 3179 2858 3231 ἀλλ’
2909 3182 3175 3250 ἀγχίνους
3211 3181 3311 3250 ὢν,
3368 3181 3457 3234 καὶ
3509 3177 3613 3231 ιδὼν

2078 3356 2390 3411 Abrahamo
2416 3361 2765 3428 repetendam
2806 3375 2951 3427 esse,
3002 3372 3061 3416 ut
3117 3362 3448 3417 Molaametes
3486 3355 3614 3419 dicit.

2077 3461 2143 3502 ex
2179 3448 2296 3518 ipso
2319 3449 2622 3506 Mohamete
2643 3454 3081 3507 demonstratur.
3110 3453 3157 3509 ls
3181 3455 3325 3508 enim
3365 3462 3539 3506 auctor
3570 3455 3614 3500 ει

2079 3541 2185 3594 dux
2217 3541 2381 3610 hujus
2412 3542 2673 3597 doctrinae
2694 3554 2798 3600 est.
2834 3545 2975 3599 Num
3005 3545 3148 3600 alter
3177 3548 3269 3603 sit.
3303 3543 3613 3599 ostendatur.

2075 3634 2159 3688 Ab
2189 3634 2502 3691 Abrahamo
2527 3637 2672 3691 enim
2708 3638 2772 3691 ad
2798 3636 3162 3693 Mohametem
3196 3639 3323 3692 anni
3373 3645 3449 3689 ter
3496 3631 3616 3685 mille

2075 3725 2296 3782 filerunt
2324 3748 2338 3784 :
2371 3740 2483 3783 tum
2517 3729 2847 3785 Moluametes
2875 3730 3111 3795 exstitit,
3148 3746 3280 3801 ergo
3331 3724 3614 3783 Mohametis

2070 3817 2264 3887 religio
2289 3833 2392 3872 non
2430 3830 2511 3872 est
2540 3819 2859 3873 Abrahami.
2889 3819 3098 3885 Quodsi
3128 3829 3352 3891 prapter
3398 3817 3608 3871 circum-

2076 3908 2340 3963 cisionem
2384 3907 2528 3962 istud
2560 3905 2862 3973 amrmatis,
2890 3908 3052 3980 hujus
3078 3923 3183 3979 ego
3216 3906 3491 3962 historiam
3536 3915 3613 3955 ex-

2072 4002 2309 4074 plicabo.

2148 4096 2516 4159 Abrahamus,
2556 4093 2780 4159 cmlum,
2806 4091 3002 4156 solem,
3026 4090 3237 4155 stellas,
3264 4096 3475 4152 terram,
3493 4094 3614 4139 mare

2076 4193 2271 4258 etquae
2321 4187 2510 4241 insunt
2541 4186 2594 4239 in
2621 4185 2713 4249 iis,
2753 4184 3181 4252 contemplatus,
3238 4197 3422 4238 secum
3480 4189 3616 4245 repu-

2074 4280 2209 4334 tavit
2246 4293 2311 4333 ac
2342 4278 2480 4331 dixit
2510 4299 2524 4330 -.
2560 4273 2762 4331 «Tanta
2800 4277 2917 4331 haec
2942 4290 2996 4333 et
3027 4278 3241 4334 eximia
3273 4289 3437 4347 opera
3478 4283 3617 4340 spon-

2076 4374 2203 4427 tene
2230 4379 2283 4425 et
2307 4369 2452 4424 ultro
2480 4370 2623 4423 facta
2653 4379 2800 4434 sunt,
2833 4382 2903 4423 an
2934 4384 3098 4438 quem
3163 4371 3370 4425 habent
3415 4362 3618 4419 fabrica-

2074 4462 2287 4516 torem?
2323 4459 2760 4530 )Contemplatus
2781 4460 2945 4528 igitur
2974 4474 3158 4515 rerum
3184 4454 3614 4530 pulchritudinem

2076 4552 2376 4607 mirabatur
2398 4561 2452 4605 et
2476 4551 2751 4619 stupebat,
2777 4562 2830 4604 et
2856 4551 3043 4606 animo
3106 4551 3491 4608 meditabatur,
3541 4556 3616 4597 ec-

2074 4645 2203 4713 quid
2239 4659 2346 4697 non
2369 4644 2956 4706 haberentauctorem,
2988 4642 3083 4698 sed
3133 4644 3263 4712 ipsa:
3318 4642 3391 4695 dii
3432 4642 3609 4696 essent,

2074 4736 2534 4807 quemadmodum
2562 4746 2817 4806 parentes
2842 4739 2961 4806 ejus
3015 4746 3067 4791 et
3095 4751 3291 4791 omnes
3339 4733 3611 4790 idololatrae.

2072 4827 2683 4896 existimaliant.'Atque
2710 4826 2880 4880 Deum
2920 4825 3114 4882 fecisse
3171 4825 3356 4881 omnia
3416 4820 3613 4893 pulchra

2074 4920 2362 4975 admodum
2393 4920 2690 4973 etnumine
2716 4934 2817 4973 suo
2874 4918 3059 4989 digna,
3122 4934 3357 4989 quorum
3398 4924 3615 4972 contem.

2075 5013 2314 5083 platione
2341 5027 2532 5067 omnes
2567 5010 2818 5066 homines
2846 5010 3148 5065 evehantur
3180 5011 3246 5063 ad
3276 5008 3612 5079 cognitionem

2073 5106 2191 5170 Dei,
2218 5122 2279 5162 ac
2308 5106 2603 5172 praedicent
2634 5104 3018 5174 celebrentque
3042 5119 3236 5158 eorum
3265 5112 3530 5156 auctorem
3568 5104 3613 5148 et

2074 5199 2477 5261 fabricatorem,
2516 5197 2568 5251 id
2596 5206 2805 5251 certum
2845 5205 2947 5261 est,
2980 5210 3080 5250 nec
3128 5196 3294 5249 aliter
3327 5193 3498 5246 habet.
3524 5186 3611 5240 Sed

2072 5293 2343 5357 homines,
2368 5306 2397 5346 a
2433 5306 2557 5345 vera
2587 5297 2641 5345 e‘t
2667 5299 2813 5344 recta
2846 5290 3156 5360 cognitione
3201 5287 3412 5349 deﬂexi,
3464 5284 3614 5337 inter-

2073 5386 2240 5440 misso
2268 5383 2381 5449 Dei,
2411 5398 2594 5437 rerum
2670 5382 2914 5436 omnium
2970 5379 3335 5439 fabricatoris,
3382 5374 3518 5430 cultu
3565 5375 3613 5421 et

2070 5478 2408 5538 adoratione,
2440 5485 2560 5543 quae
2591 5484 2774 5531 creata
2797 5485 2974 5538 erant,
3002 5474 3183 5544 potius
3235 5471 3525 5525 adorabant
3564 5470 3611 5516 ct

2073 5570 2476 5624 venerabantur
2504 5583 2565 5623 ea
2600 5578 2698 5636 pro
2726 5566 3006 5622 Creatore.
3038 5565 3105 5621 At
3139 5562 3477 5617 Abrahamus
3512 5568 3607 5609 non

2070 5662 2143 5716 ita
2167 5659 2283 5727 ;sed
2309 5675 2433 5715 eum
2463 5659 2629 5713 homo
2657 5659 2962 5728 intelligens
3004 5665 3147 5713 esset
3184 5664 3352 5725 atque
3388 5646 3611 5706 animad-

2070 5752 2572 5820 vt:rtisset,tmlum
2600 5766 2707 5808 non
2740 5751 3062 5820 consistere,
3095 5748 3187 5805 sed
3215 5754 3471 5818 perpetuo
3501 5752 3603 5793 ιιιοο
