3920 6196
263 329 357 395 921
1290 341 1731 401 (ΣΗΠΟΝΙΟΟΝ
1766 340 2033 404 MAJUS.
2080 371 2147 382 -
2194 345 2337 409 LIB.
2390 348 2487 406 Μ’.

3391 352 3496 417 922

254 450 347 501 καὶ
378 452 725 519 γατανοῆσας
761 452 844 504 ὅτι
879 456 906 505 ὁ
940 454 1040 522 μὲν
1077 457 1306 526 οὐρανὸς
1542 460 1648 530 οὐχ-
1669 460 1827 514 ἴστα-
1856 470 1900 523 Α
1935 464 2040 515 Καὶ
2077 463 2259 517 πεσὼν
2279 465 2369 516 ἐπὶ
2401 466 2501 531 τῆς
2555 465 2661 535 γῆς
2706 466 2962 537 Ἀϐραὰμ
3001 469 3383 540 προσεκύνησε
3420 472 3500 543 τῷ

254 563 345 598 ται
370 545 524 598 ἀλλὰ·
544 548 766 613 κίνησιν
798 550 913 619 ἔχει
939 551 1189 620 διηνεκῆ,
1222 554 1336 623 ἔχει
1386 544 1467 607 δὲ’
1493 558 1585 608 καὶ
1631 558 1827 625 χρείαν

255 638 488 706 ἡλιακοῦ
517 640 696 704 φωτὸς
734 642 1064 707 φωτίζοντος
1090 645 1254 697 αὐτόν
1295 663 1355 698 τε
1413 647 1655 717 θεωρίας
1701 644 1823 700 ἔνε-

210 760 213 769 ν
255 748 351 784 κεν
372 732 466 783 καὶ⁵
496 732 588 785 τὸν
615 734 709 785 ὑπ’
736 735 899 787 αὐτὸν
947 736 1105 805 ἀέρα,
1161 740 1187 789 ὀ
1240 737 1296 791 δὲ
1337 738 1492 805 ἥλιος
1527 740 1661 791 ποτὲ
1725 740 1826 809 μὲν

255 824 402 895 ὑπὲρ
430 825 535 895 γῆν
562 826 962 895 εὑρισκόμενος
981 830 1114 881 ποτὲ
1142 829 1187 882 δ’
1211 829 1277 885 αὖ
1326 829 1430 884 ὑπὸ
1455 833 1560 899 γῆν
1582 833 1825 901 κρυπτὸ-

258 934 445 984 μενος,
487 918 583 971 καὶ
614 919 697 971 ὅτι
731 919 807 989 μὴ
852 921 1033 974 οὐσῶν
1062 923 1544 992 νεφελῶν-φαίνει,
1572 925 1827 994 εὑρισκο-

256 1004 438 1071 μένων
471 1005 518 1056 δ’
542 1002 701 1069 αὖθις
753 1010 1087 1075 σκοτίζεται,
1143 1014 1239 1067 καὶ
1277 1014 1311 1083 ἠ
1379 1014 1580 1085 σελήνη
1623 1016 1718 1067 καὶ
1775 1015 1826 1068 οἱ

250 1097 487 1165 ἀστέρες
524 1097 600 1167 μὴ
638 1098 795 1163 ὄντος
837 1102 986 1170 ἡλίου
1022 1104 1334 1171 φαίνουσιν,
1381 1105 1534 1169 ὄντος
1565 1096 1622 1160 δὲ
1654 1108 1823 1161 αὐτοῦ

252 1189 603 1249 σκοτίζονται
630 1190 725 1242 καὶ
760 1193 1086 1268 ἀφανίζεται
1137 1196 1199 1248 τὸ
1223 1197 1451 1249 ἐκείνων
1505 1198 1619 1266 φῶς
1648 1198 1742 1249 καὶ
1791 1199 1823 1267 ἡ

252 1279 487 1348 θεωρία,
516 1288 613 1333 καὶ
639 1284 671 1350 ἡ
698 1283 945 1336 θάλασσα
991 1287 1374 1356 ὲμπαιζομένη
1411 1289 1514 1340 ὑπὸ
1544 1290 1654 1341 τῶν
1700 1289 1826 1341 ἀνέ-

258 1390 405 1440 μων,
432 1374 466 1442 ή
499 1372 572 1442 γῆ
607 1372 665 1425 δὲ
689 1375 973 1445 χρῄζουσα
998 1377 1192 1441 ὓδατος
1221 1382 1299 1441 είς
1326 1378 1427 1449 τὴν
1461 1380 1569 1431 τῶν
1597 1381 1825 1446 καρπῶν

256 1466 501 1529 γένεσιν,
531 1469 784 1532 κατέγνω
808 1469 917 1519 τῶν
944 1471 1165 1521 πάντων
1191 1471 1267 1534 ὡς
1315 1471 1493 1523 αὐτῶν
1532 1473 1656 1525 καθ’
1685 1474 1825 1525 αὐτὰ

251 1556 425 1608 ὄντων
448 1558 727 1610 ἀδυνάτων
748 1562 843 1611 καὶ
876 1562 1069 1629 χρείαν
1124 1562 1360 1631 ἐχόντων
1405 1563 1543 1633 πρὸς
1594 1564 1823 1634 ἄλληλα,

250 1648 485 1701 καὶοούκ
512 1649 771 1720 ἐλογίσθη
813 1647 955 1705 εἶναι
983 1653 1091 1706 ἀπὸ
1118 1654 1327 1706 τούτων
1366 1656 1502 1708 Θεὸν
1544 1657 1699 1708 οὐδέν
1733 1673 1745 1685 ·
1797 1660 1825 1710 ὁ

251 1742 389 1806 Θεὸς
419 1745 531 1812 γάρ
558 1761 704 1806 τινος
746 1747 939 1814 χρείαν
970 1748 1072 1800 οὐκ
1113 1748 1246 1818 ἔχει.
1314 1750 1483 1803 Πάλιν
1527 1751 1583 1803 δὲ
1621 1751 1826 1819 σκεψά-

257 1853 423 1904 μενος
452 1840 665 1906 μήποτε
700 1839 757 1891 ἓν
783 1840 1017 1893 ἕκαστον
1041 1843 1147 1893 ἀπὸ
1180 1840 1387 1895 τούτων
1417 1842 1692 1905 ἀδυνάτως
1711 1844 1824 1914 ἔχει

253 1929 402 1981 ῶστι
428 1925 571 1984 εῖναι
616 1933 937 2001 μονομερῶς
977 1933 1131 2000 Θεὸν,
1160 1933 1297 1986 ἀλλὰ
1333 1934 1506 1987 πάντα
1536 1936 1694 2002 ἐμοῦ,
1733 1936 1827 1987 καὶ

256 2020 383 2074 ίδὼν
414 2022 497 2075 ὅτι
518 2022 596 2091 τῷ
631 2024 731 2091 μὲν
767 2023 919 2094 ξηρῷ
952 2027 1260 2080 ἀντίκειται
1291 2027 1352 2079 τὸ
1412 2030 1604 2099 ὑγρὸν.
1634 2029 1712 2097 τῷ
1768 2029 1825 2082 δὲ

251 2114 456 2185 ψυχρῷ
488 2115 550 2168 τὸ
597 2116 799 2186 θερμὸν
838 2120 934 2171 καὶ
971 2118 1047 2182 ὡς
1080 2119 1141 2171 τὸ
1173 2118 1318 2190 ὕδωρ
1352 2121 1469 2173 ἐστὶ
1499 2121 1827 2189 φθοροποιὸν

254 2207 349 2261 τοῦ
386 2208 580 2276 πυρὸς,
642 2209 860 2278 ἔκρινεν
910 2213 969 2264 ὲν
1024 2212 1205 2281 ἐαυτῷ
1244 2212 1340 2264 καὶ
1375 2206 1533 2264 εἶπεν
1571 2214 1653 2265 ὅτι
1694 2212 1825 2275 Θεὸς

254 2303 569 2365 στασιάζων
628 2303 767 2371 πρὸς
815 2303 1010 2357 ἑαυτὸν
1052 2308 1145 2356 καὶ
1204 2304 1519 2374 μαχόμενος
1563 2302 1664 2357 οὐκ
1708 2304 1825 2357 ἔστι

250 2392 411 2457 Θεός.
437 2393 753 2447 Κὰντεῦοεν
780 2394 1121 2465 θεασάμενος
1150 2396 1249 2466 τὴν
1293 2395 1397 2464 τῆς
1457 2395 1687 2458 κτίσεως
1736 2393 1827 2447 εὕ-

248 2485 449 2551 ταείαν
468 2487 562 2539 καὶ
592 2486 949 2553 κατάστασιν,
978 2488 1252 2559 διαπορῶν
1280 2484 1348 2557 ἦν
1378 2487 1502 2540 καθ’
1527 2488 1721 2542 ἑαυτὸν
1750 2490 1825 2552 ὡς

248 2574 374 2627 ἔστι
402 2591 488 2637 τις
509 2575 745 2645 δύναμις
773 2579 805 2647 ἡ
836 2577 1136 2646 συνέχουσα
1152 2578 1246 2631 καὶ
1272 2577 1597 2650 κυϐερνῶσα
1614 2579 1674 2632 τὸ
1693 2580 1821 2633 πᾶν.

250 2670 366 2721 Καὶ
420 2669 545 2721 ἐπεὶ
584 2669 793 2732 πάντες
841 2664 890 2723 οἱ
938 2671 1224 2742 ἄνθρωποι
1276 2671 1635 2741 ὁμολογοῦσιν
1681 2666 1825 2723 εἶναι

248 2761 413 2824 Θεὸν,
468 2761 699 2824 ἕκαστος
741 2762 800 2815 δὲ
860 2764 1119 2832 ὁμολογεῖ
1172 2764 1356 2816 ὅντινα
1424 2763 1676 2833 βούλεται
1732 2764 1824 2814 καὶ

246 2853 631 2921 προαιρεῖται,
692 2850 873 2905 ἔοικεν
940 2854 1021 2905 ὅτι
1091 2854 1292 2916 πάντες
1364 2853 1676 2906 πλανῶνται
1729 2854 1825 2907 καὶ

244 2943 567 3011 ψεύδονται.
607 2943 875 2997 Λείπεται
901 2944 1035 3013 γοῦν
1068 2945 1148 2997 ὅτι
1171 2944 1269 2997 οὐκ
1297 2945 1447 2997 ἐστιν
1477 2945 1665 3016 ἕτερος
1689 2946 1823 3009 Θεὸς

247 3032 468 3102 ἀληθὴς
518 3032 608 3103 ἢὸ
658 3034 896 3105 ποιήσας
953 3039 1023 3087 τὰ
1068 3035 1275 3100 πάντα,
1313 3036 1458 3106 ἅπερ
1499 3037 1606 3089 elei
1660 3036 1820 3089 δοῦλα

1933 558 2079 626 μόνῳ
2113 560 2208 609 καὶ
2253 556 2449 625 ἀληθεῖ
2476 557 2620 627 Θεῷ.
2687 556 2749 614 Ὀ
2795 561 2851 612 δὲ
2890 563 3209 628 πανάγαοος
3255 564 3412 629 Θεὸς,
3469 566 3501 618 ϐ

1928 649 2016 700 διὰ
2046 648 2140 701 τοῦ
2169 650 2449 719 προφήτου
2484 648 2709 705 Ἦσαῒου
2734 654 2903 706 εἰπὼν
2929 654 3009 708 ὅτι
3048 654 3169 709 Ἔτι
3202 656 3496 719 λαλοῦντός

1932 756 2029 791 σου
2092 742 2202 806 ἐγὼ
2253 740 2510 811 πάρειμι,
2576 743 2736 806 αὐτὸς
2780 747 3060 816 παρευθὺς
3124 747 3347 812 ἐδέξατο
3398 750 3496 817 τὴν

1928 832 2027 885 τοῦ
2069 833 2329 903 Ἀϐραὰμ
2360 836 2738 905 προσκύνησίν
2779 854 2839 891 τε
2872 843 2967 891 καὶ
3033 841 3238 893 πίστιν.
3294 841 3501 908 Ἐλογί-

1931 925 2030 996 σθη
2070 925 2256 979 τοίνυν
2310 927 2461 997 αὐτῷ
2510 927 2713 999 αῦτηή
2761 930 2949 992 πίστις
3006 932 3087 993 είς
3144 922 3500 1000 δικαιοσύνην

1929 1020 2052 1072 ἀντὶ
2080 1020 2272 1072 πασῶν
2310 1021 2422 1071 τῶν
2447 1021 2682 1090 ἀρετῶν,
2732 1022 2828 1074 καί¹
2890 1019 3043 1089 φίλος
3084 1023 3217 1075 Θεοῦ
3259 1026 3498 1091 ἐγένετο.

1937 1107 2130 1177 Ἡμεῖς
2150 1108 2256 1176 γὰρ
2282 1110 2481 1172 πάντες
2515 1108 2795 1181 χρῄζομεν
2830 1112 2932 1181 τῆς
2978 1112 3087 1165 ἀπὸ
3120 1115 3228 1165 τῶν
3265 1112 3503 1182 Γραφῶν

1930 1201 2181 1271 βοηθείας
2236 1202 2322 1256 διὰ
2367 1204 2469 1273 τὴν
2512 1206 2802 1258 ἀσθένειαν
2850 1203 3042 1276 ἡμῶν
3092 1208 3121 1259 ὁ
3175 1198 3230 1260 δὲ
3289 1206 3503 1269 δίκαιος

1928 1293 2053 1345 Νῶε
2112 1293 2207 1345 καὶ
2242 1292 2503 1365 Ἀϐραὰμ
2561 1297 2657 1349 καὶ
2688 1298 2736 1349 oi
2786 1298 2909 1349 κατ’
2958 1294 3202 1361 ἐκείνους
3253 1299 3505 1369 καθαρὰν

1930 1382 2147 1452 ἔχοντες
2172 1384 2271 1453 τὴν
2306 1386 2541 1453 καρδίαν
2584 1389 2645 1440 οὐ
2693 1388 2913 1442 δέονται
2955 1393 3331 1459 γραμμάτων,
3386 1390 3503 1443 ἀλλ’

1928 1480 1985 1529 ὲν
2008 1480 2131 1538 ταῖς
2158 1477 2419 1545 καρδίαις
2455 1480 2636 1531 αὐτῶν
2673 1482 2984 1549 γράφονται
3039 1484 3135 1535 καὶ
3204 1483 3503 1535 ὲντυττοῦν-

1928 1583 2037 1618 ται.
2065 1566 2196 1618 Τότε
2246 1567 2378 1634 γοῦν
2405 1566 2555 1620 εἶπεν
2580 1570 2729 1638 αὐτῷ
2758 1571 2785 1622 ὁ
2816 1571 2949 1632 Θεὸς
2982 1573 3079 1623 καὶ
3130 1572 3224 1630 τὰς
3263 1572 3503 1639 ἐπαγγε-

1928 1656 2071 1721 λίας,
2101 1656 2273 1710 εἰπὼν
2303 1661 2419 1711 ὅτι·
2462 1679 2479 1710 ι
2519 1661 2610 1713 Ἑν
2634 1661 2713 1730 τῷ
2746 1661 3026 1731 σπέρματί
3084 1678 3179 1715 σου
3212 1656 3502 1731 ὲνευλογη-

1933 1750 2187 1817 θήσονται
2222 1754 2399 1805 πάντα
2421 1754 2489 1805 τὰ
2519 1754 2666 1822 ἔθνη.
2710 1772 2728 1805 ι
2766 1753 2900 1806 Τότε
2943 1755 3146 1819 ἔδειξεν
3180 1758 3209 1809 ὁ
3241 1756 3374 1817 Θεὸς
3422 1755 3502 1824 τῷ

1944 1843 2197 1912 Ἀϐραὰμ
2223 1846 2405 1897 πᾶσαν
2429 1845 2528 1914 τὴν
2570 1846 2698 1915 γῆν,
2756 1849 2851 1898 καὶ
2908 1842 3066 1900 εἶπεν
3112 1848 3294 1918 αὐτῷ’
3335 1868 3353 1899 ε
3409 1850 3501 1900 Σοί⁵

1927 1938 2026 1988 καλ⁸
2053 1940 2129 2005 τῷ
2164 1938 2447 2006 σπέρματί
2512 1955 2606 1990 σου
2658 1938 2816 1991 δώσω
2876 1942 3070 2009 αὐτὴν.
3104 1958 3121 1990 ι
3189 1936 3502 1993 Κὰντεῦθεν

1927 2028 2109 2080 λαϐὼν
2143 2031 2468 2099 παρῤησίαν
2499 2034 2525 2082 ὁ
2560 2031 2820 2100 ’Λϐραὰμ
2862 2032 3208 2102 παρεκάλεσε
3242 2032 3331 2083 τὸν
3368 2033 3502 2083 Θεὸν

1931 2120 2063 2189 περὶ
2109 2121 2218 2171 τῶν
2276 2122 2550 2191 Σοδόμων.
2586 2123 2769 2185 καθὼς
2832 2111 3144 2192 ἔμπροσθέν
3199 2122 3503 2191 φθάσαντες

1929 2213 2181 2281 εἴπομεν.
2216 2213 2370 2264 Ἐπεὶ
2399 2215 2457 2265 δὲ
2487 2215 2756 2283 κρίμασιν
2791 2210 2869 2276 οἷς
2901 2213 3009 2267 (εἶδε
3069 2215 3201 2272 Θεὸς
3232 2217 3335 2285 (τίς
3389 2218 3500 2284 γὰρ

1928 2302 2071 2370 ἔγνω
2099 2303 2225 2356 νοῦν
2259 2304 2521 2374 Κυρίους)
2573 2306 2654 2357 ὅτι
2695 2307 2812 2374 μετ’
2869 2307 3051 2374 ὀλίγον
3120 2307 3499 2376 ἀποσταλῆναι

1932 2395 2219 2464 μέλλουσιν
2242 2398 2290 2447 οἱ
2314 2385 2677 2466 τοῦἋϐραὰμ
2702 2400 2960 2465 ἀπόγονοι
2982 2400 3060 2461 είς
3088 2400 3186 2467 τὴν
3201 2399 3500 2465 Αἴγυπτον,

1926 2485 2002 2549 ῶς
2046 2488 2114 2540 ἂν
2161 2489 2342 2540 ἐκεῐτε
2413 2488 2777 2542 διαϐιϐἁσωσι
2830 2490 3056 2559 χρόνους
3104 2491 3504 2560 τετρακοσίους

1927 2578 2021 2628 καὶ
2070 2577 2370 2647 τριάκοντα
2404 2580 2499 2630 καὶ
2556 2580 2663 2649 γὰρ
2710 2579 2884 2643 οὕτως
2924 2580 3147 2651 εἴρηκεν
3195 2584 3222 2633 ὁ
3253 2582 3385 2644 Θεὸς
3423 2582 3501 2649 τῷ

1938 2666 2215 2738 Ἀϐραὰμ,
2246 2670 2329 2722 ὅτι
2360 2667 2554 2723 Ἔσται
2584 2672 2647 2723 τὸ
2672 2673 2897 2741 σπέρμα
2931 2690 3022 2725 σου
3054 2673 3317 2742 πάροικος
3353 2674 3412 2725 ὲν
3428 2678 3500 2744 γῇ

1928 2756 2221 2827 ἀλλοτρίᾳ·
2252 2759 2315 2810 τὸ
2340 2759 2396 2811 δὲ
2430 2760 2581 2821 ἔθνος
2612 2761 2639 2812 ὃ
2669 2762 2765 2812 ἐὰν
2793 2762 3043 2833 δουλὼσῃ
3077 2760 3295 2824 αὐτοὺς,
3332 2765 3503 2833 κρινῶ

1928 2847 2041 2915 ἐγώ
2074 2865 2087 2878 ·
2126 2849 2155 2901 ὂ
2184 2851 2282 2902 καὶ
2319 2852 2546 2918 γέγονεν
2580 2854 2673 2904 ἐπὶ
2702 2853 2795 2905 τοῦ
2855 2855 3075 2921 Φαραώ,
3108 2856 3206 2907 καλ⁸
3253 2852 3344 2907 διὰ
3403 2855 3503 2923 τὴν

1930 2941 2290 3011 πολυχρόνιον
2547 2944 2839 3014 διατριϐὴν
2886 2944 2997 2996 τῶν
3044 2945 3311 3014 Ἐϐραίων
3365 2946 3504 3013 μετὰ

1927 3033 2447 3101 τῶνΦαραωνιτῶν,
2485 3035 2559 3104 μή
2622 3051 2753 3086 ποτε
2810 3034 3105 3097 ἑνωθέντες
3162 3036 3380 3106 μάθωσι
3433 3037 3503 3089 τὰ

245 3127 497 3189 ἐκείνου,
549 3127 643 3179 καὶ
676 3128 800 3193 ἄγει
831 3130 927 3179 καὶ
958 3128 1113 3198 φέρει
1146 3129 1240 3180 καὶ
1262 3130 1519 3181 εὐτακτεῐ
1569 3127 1643 3191 ὡς
1699 3127 1819 3197 $013-
1852 3129 1893 3181 C
1928 3122 2133 3175 τούτων
2171 3123 2335 3193 ἔθιμα
2383 3126 2477 3178 καὶ
2533 3129 2634 3197 τὴν
2690 3128 3160 3196 εἰδωλολατρείαν,
3218 3129 3423 3199 ἐτάχθη
3469 3131 3503 3199 ἡ

247 3221 432 3272 λεῖαι.
657 3220 860 3273 Τοῦτον
899 3219 1031 3287 γοῦν
1074 3220 1164 3272 τὸν
1193 3220 1330 3273 Θεὸν
1363 3219 1473 3287 ἐγὼ
1510 3222 1820 3290 προσκυνῶ.

246 3402 364 3454 ver
397 3408 452 3456 et
484 3400 688 3455 lumine
718 3400 851 3454 solis
878 3415 1060 3469 egere,
1088 3415 1196 3467 quo
1227 3400 1404 3470 ipsum
1436 3398 1744 3453 illustretur
1773 3407 1826 3453 et

249 3492 490 3547 inferior
537 3507 651 3555 aer,
671 3491 839 3547 solem
870 3502 1047 3546 autem
1072 3508 1212 3545 nunc
1237 3508 1396 3561 supra
1440 3501 1640 3545 terram
1678 3507 1823 3557 esse,

249 3600 405 3638 nunc
432 3582 574 3638 inl'ra
602 3591 801 3638 terram
825 3585 1112 3646 occultari,
1136 3592 1296 3654 atque
1316 3584 1452 3639 cmlo
1472 3583 1710 3639 nubibus
1729 3590 1826 3638 ob-

246 3685 402 3730 tecto
435 3674 739 3733 obscurari.
771 3690 877 3728 non
918 3675 1132 3729 obtecto
1164 3675 1381 3739 lucere;
1427 3675 1823 3728 deimlelunam

245 3778 297 3819 et
320 3765 540 3827 stellas,
570 3765 787 3832 quando
806 3765 885 3817 sul
924 3781 1028 3819 non
1062 3767 1263 3829 luceat,
1282 3766 1581 3833 splendere,
1607 3766 1827 3834 quando

248 3860 455 3919 luceat,
482 3857 694 3909 illarum
720 3856 889 3910 lucem
931 3856 1213 3910 obscurari
1236 3864 1289 3909 et
1325 3855 1630 3925 exstingui;
1665 3871 1827 3924 porro

252 3962 407 4000 mare
437 3956 718 3999 ventorum
745 3945 872 4000 ﬂatu
905 3948 1121 4015 agitari,
1162 3959 1358 4000 terram
1402 3946 1468 4001 ad
1518 3946 1824 4017 plantarum

251 4043 654 4096 incrementum
686 4053 847 4109 egere
889 4054 1051 4109 aqua;
1077 4040 1375 4109 hzecigitur
1413 4055 1537 4093 cum
1581 4038 1826 4093 animad-

250 4133 540 4196 vertisset,
567 4132 852 4197 intellexit,
890 4137 1071 4186 omnia
1103 4133 1204 4187 ista
1233 4148 1325 4202 per
1344 4148 1403 4186 se
1423 4134 1537 4187 sola
1564 4148 1687 4187 esse
1720 4147 1825 4187 nou

247 4244 435 4300 posse,
473 4228 568 4284 sed
590 4238 779 4282 mutuo
808 4228 1077 4283 contineri
1103 4227 1330 4290 auxilio,
1356 4225 1822 4296 atquejudicavit,

247 4336 449 4375 eorum
477 4319 607 4373 nihil
639 4318 805 4372 Deum
830 4334 973 4374 esse.
999 4319 1141 4374 Deus
1164 4320 1310 4373 enim
1337 4318 1536 4373 nullius
1560 4320 1635 4373 rei
1661 4317 1820 4377 auxi-

247 4411 325 4464 lio
352 4420 494 4479 eget.
525 4410 738 4464 Rursus
758 4426 881 4465 cum
909 4410 1410 4478 animadvertisset,
1456 4411 1590 4465 nihil
1632 4424 1821 4464 eorum

248 4519 352 4575 per
377 4518 436 4557 se
456 4505 631 4557 solum
661 4506 825 4557 Deum
850 4520 972 4559 esse
994 4519 1175 4574 posse,
1195 4505 1288 4558 sed
1312 4512 1507 4559 cuncta
1532 4504 1717 4569 simul,
1738 4505 1827 4557 in-

250 4597 781 4661 tellexissetautem,
804 4596 961 4651 arido
994 4597 1305 4666 oppositum
1349 4612 1474 4652 csse
1516 4598 1826 4659 humidum,

248 4686 454 4756 frigido
483 4685 812 4750 calidum,et
874 4702 1014 4755 aqua
1056 4687 1327 4756 exstingui
1380 4687 1588 4756 ignem,
1633 4689 1829 4743 statuit

244 4781 394 4847 apud
420 4778 662 4831 animum
689 4777 954 4846 dixitque,
990 4781 1082 4848 qui
1106 4794 1288 4833 secum
1314 4780 1576 4834 dissideat
1598 4791 1831 4850 pugnet-

241 4886 356 4940 que
389 4868 532 4925 Deus
562 4886 667 4924 non
697 4884 817 4926 esse
844 4869 1037 4926 Deum.
1093 4870 1297 4926 Deinde
1335 4888 1517 4926 rerum
1578 4872 1826 4928 ordinem

240 4974 298 5017 et
328 4966 594 5016 rationem
623 4962 1051 5031 contemplatus,
1080 4964 1155 5017 ita
1206 4978 1392 5018 secum
1454 4966 1826 5021 ratiocinaba-

248 5066 341 5107 tur
377 5053 530 5109 ιιΕει
559 5055 643 5109 vis
675 5054 879 5123 aliqua,
911 5067 1017 5123 qua
1058 5055 1377 5111 universum
1435 5058 1749 5112 continetur
1771 5067 1825 5113 et

241 5145 603 5216 gubernatur.
646 5144 765 5199 Jam
808 5160 932 5199 eum
973 5159 1164 5201 omnes
1187 5147 1438 5201 homines
1457 5149 1824 5213 consentiant,

241 5218 419 5290 'Denm
442 5252 582 5303 esse,
634 5238 731 5293 sed
782 5239 1000 5309 qualem
1060 5239 1295 5309 quisque
1351 5242 1467 5294 vult
1491 5252 1547 5295 et
1603 5246 1825 5309 probat,

242 5339 676 5385 consentaneum
733 5343 839 5395 est,
869 5347 1062 5387 omnes
1120 5348 1301 5387 errare
1363 5345 1416 5388 et
1447 5336 1684 5389 mentiri.
1719 5336 1830 5389 lla-

244 5439 353 5490 que
382 5424 485 5476 hoc
526 5439 695 5477 unum
728 5419 999 5493 reliquum
1038 5436 1141 5489 est,
1175 5442 1281 5480 non
1311 5443 1435 5482 esse
1490 5428 1655 5481 alium
1719 5445 1821 5483 ve-

248 5531 371 5567 rum
398 5514 590 5577 Deum,
626 5517 730 5569 nisi
760 5518 852 5585 qui
882 5526 1076 5571 cuncta
1106 5518 1252 5578 fecit,
1315 5534 1433 5587 qua:
1498 5520 1664 5585 idem,
1718 5521 1822 5575 sibi

247 5607 519 5677 subjecta,
552 5608 711 5676 regit,
741 5608 1012 5676 gubernat
1040 5602 1095 5663 et
1126 5610 1496 5673 administrat,
1556 5614 1822 5682 quemad-

249 5699 471 5752 modum
518 5698 623 5767 ipsi
676 5703 872 5768 placet.
954 5701 1111 5755 llunc
1164 5703 1325 5772 igitur
1357 5701 1526 5757 Deum
1571 5705 1825 5774 equidem

249 5789 441 5857 δῴη).
479 5790 654 5861 Atque
686 5792 838 5847 humi
864 5794 1135 5865 projectus
1184 5795 1527 5851 Abrahamus
1581 5798 1825 5852 adoravit

1931 3218 2203 3287 περιτομὴ
2232 3216 2306 3280 ῶς
2329 3234 2381 3269 τι
2417 3222 2647 3288 σημεῖον
2675 3220 2772 3272 καὶ
2808 3218 3082 3289 σύμϐολον
3127 3219 3372 3290 διαιροῦν
3409 3221 3507 3274 καὶ

1930 3392 2106 3447 solum
2134 3404 2187 3447 ct
2216 3410 2400 3448 verum
2426 3393 2618 3448 Deum.
2668 3393 2816 3449 Illico
2867 3394 3012 3449 Deus
3076 3396 3342 3466 Optimus,
3408 3395 3502 3465 qui

1930 3500 2024 3554 per
2073 3486 2269 3539 Isaiam
2325 3488 2641 3555 prophetam
2695 3487 2849 3551 dicit,
2882 3487 3115 3541 «Adsum
3181 3480 3272 3541 tibi
3326 3488 3507 3541 adhuc

1929 3580 2480 3638 oranti'.pAbr:ilianii
2511 3581 2892 3633 adorationcm
2926 3591 2982 3633 et
3037 3581 3193 3633 ﬁdem
3265 3584 3503 3650 accepit.

1929 3670 2061 3734 Quae
2091 3671 2309 3739 quidem
2342 3670 2476 3723 fides
2505 3671 2580 3723 illi
2618 3680 2743 3723 ante
2774 3686 2967 3724 omnes
2998 3674 3229 3725 virtutes
3276 3672 3506 3737 iustitia:

1928 3764 2173 3831 apposita
2198 3774 2304 3827 est,
2336 3773 2389 3815 et
2416 3764 2530 3828 ipse
2576 3763 2755 3816 factus
2801 3774 2885 3817 est
2940 3766 3152 3818 amicus
3218 3762 3336 3817 Dei.
3391 3762 3503 3816 Nos

1927 3858 2073 3909 enim
2104 3870 2296 3909 omnes
2321 3869 2605 3909 sacrarum
2651 3854 2984 3911 Litterarum
3034 3857 3244 3910 auxilio
3274 3871 3501 3924 egemus

1931 3957 2153 4018 propter
2198 3947 2571 4002 infirmitatem
2632 3960 2923 4015 nostram;
2976 3950 3108 4018 justi
3162 3957 3343 4001 autem
3388 3945 3506 4001 Noe

1929 4049 1985 4095 et
2039 4041 2404 4105 Abrahamus,
2434 4049 2486 4093 et
2516 4041 2559 4093 si
2591 4043 2696 4108 .qui
2730 4041 2819 4095 alii
2871 4050 2984 4093 tum
3030 4048 3264 4093 mentem
3313 4054 3502 4107 puram

1930 4132 2242 4196 servabant,
2312 4146 2418 4184 non
2492 4132 2728 4201 egebant
2799 4130 3023 4195 litteris,
3084 4144 3205 4197 quae
3255 4131 3500 4196 ipsorum

1928 4225 2125 4277 animis
2165 4224 2441 4293 inscripta:
2470 4234 2523 4276 ct
2577 4223 2860 4291 insculptze
2913 4231 3090 4275 erant.
3141 4219 3280 4273 Tum
3337 4220 3505 4289 igitur

1928 4310 2073 4366 Deus
2100 4311 2266 4367 etiam
2312 4312 2583 4382 promissa
2649 4313 2721 4365 illi
2780 4312 2931 4376 fecit,
2987 4315 3057 4364 ita
3095 4312 3364 4369 locutus:
3409 4309 3497 4361 «lu

1929 4405 2135 4460 semine
2176 4414 2270 4459 tuo
2291 4404 2641 4460 benedieetur
2672 4407 2890 4459 cunctis
2915 4405 3147 4474 populis,
3182 4422 3200 4455 ›
3238 4414 3503 4455 monstra-

1936 4508 2097 4565 taque
2122 4496 2296 4551 eidem
2329 4507 2440 4551 tota
2472 4508 2614 4551 terra
2646 4512 2661 4550 :
2692 4495 2866 4561 «Tibi,
2921 4496 3018 4560 ait,
3068 4506 3123 4549 et
3162 4496 3356 4549 semini
3414 4503 3507 4547 tuo

1932 4588 2073 4644 dabo
2097 4605 2268 4644 eam.»
2314 4589 2515 4643 Deinde
2547 4590 2912 4653 Abrahamus,
2939 4588 3245 4642 libertatem
3288 4585 3505 4640 dicendi

1931 4693 2147 4745 nactus,
2200 4683 2369 4737 Deum
2400 4683 2467 4737 de
2499 4681 2752 4736 Sodomis
2795 4691 3046 4751 precatus
3096 4691 3200 4744 est,
3244 4679 3508 4751 quemad-

1935 4778 2155 4830 modum
2181 4792 2345 4844 supra
2377 4776 2760 4845 explicuimus.
2791 4776 2925 4829 Cum
2984 4785 3168 4829 autem
3222 4789 3318 4842 pro
3360 4787 3498 4827 eon-

1931 4870 2069 4925 siliis
2102 4869 2216 4923 suis
2271 4868 2598 4937 intelligeret
2656 4867 2800 4922 Deus
2858 4868 3001 4943 (quis
3064 4869 3208 4921 cnim
3266 4876 3504 4919 mentem

1934 4961 2145 5016 Domini
2170 4962 2486 5032 perspexit?
2517 4964 2555 5030 ),
2593 4962 2741 5015 brevi
2810 4963 2862 5015 in
2932 4958 3227 5030 [Egyptum
3274 4960 3502 5012 missum

1933 5054 1997 5108 iri
2028 5056 2320 5108 Ahrahami
2354 5065 2619 5124 posteros,
2650 5065 2708 5107 ut
2734 5056 2805 5110 ibi
2848 5043 3022 5109 annos
3074 5052 3506 5122 quadringentos

1929 5159 1984 5203 et
2022 5150 2243 5219 triginta
2283 5150 2546 5213 viverent,
2573 5148 2645 5202 ita
2679 5149 3050 5200 Ahrahamum
3084 5146 3357 5198 allociitus
3382 5152 3503 5194 est:

1938 5259 1957 5294 ι
1995 5242 2203 5295 Posteri
2233 5236 2309 5294 tui
2355 5242 2596 5309 hospites
2635 5241 2877 5311 eruntin
2911 5248 3055 5292 terra
3120 5236 3320 5294 aliena,
3371 5247 3506 5300 gen-

1929 5340 2035 5385 tem
2061 5341 2266 5392 autem,
2298 5332 2382 5384 cui
2410 5334 2670 5392 servient,
2696 5346 2796 5400 ego
2824 5327 3104 5399 judivaho.
3140 5344 3158 5376 ι
3199 5323 3350 5391 Quod
3388 5323 3506 5376 fac-

1929 5436 2042 5478 tmn
2071 5432 2156 5477 est
2187 5423 2288 5478 sub
2315 5422 2621 5476 Pharaone.
2644 5420 2719 5475 Ne
2746 5433 2927 5475 autem
2956 5429 3176 5489 propter
3205 5418 3505 5487 longinqua

1931 5535 2053 5573 cum
2098 5518 2442 5572 Pharaonitis
2467 5518 2799 5573 commercia
2854 5515 3085 5581 llchraei,
3123 5531 3246 5569 cum
3309 5513 3504 5566 iisdem

1935 5612 2239 5676 conciliati,
2271 5627 2450 5665 mores
2479 5621 2531 5665 ct
2559 5610 3000 5679 superstitionem
3029 5622 3220 5661 eorum
3256 5604 3507 5658 addisce-

1930 5714 2072 5772 rent,
2099 5705 2441 5761 circumcisio
2468 5705 2714 5759 instituta
2745 5712 2830 5757 est
2875 5712 3138 5771 tauquam
3167 5698 3386 5768 signum
3439 5705 3497 5751 et

1937 5800 2243 5872 symlmlum
2286 5800 2554 5869 quoddam
2591 5797 2843 5854 Hebraeos
2898 5798 2964 5852 ab
3009 5794 3278 5867 {Egyptiis
3322 5806 3506 5849 secer-
