3920 6188
533 270 637 332 931

1749 256 2073 318 GEORGII
2116 251 2543 315 ΡΗΗΑΝΤΖᾸΞ

3590 250 3683 315 93?.

527 377 662 430 θωσι
685 368 1095 435 Μουσουλςιάνοι
1122 367 1255 436 πρδς
1291 365 1528 434 πόλεμον
1558 366 1647 419 καὶ
1679 367 1736 418 ἐν
1761 366 1839 434 τῷ
1870 365 2093 432 πολεμῳ
2119 370 2169 429 Α
2196 360 2323 426 τοὺς
2354 364 2510 423 θεοὺς
2533 362 2866 429 ἀπέρχονται
2894 360 2984 411 καὶ
3013 363 3149 430 μετά
3171 363 3272 415 τῶν
3303 363 3432 415 θεῶν
3457 364 3691 432 εὑρίσκον-

526 468 669 536 πέσῃ
700 462 889 525 τιςιὲξ
938 460 1143 522 αὐτῶν,
1182 461 1245 512 οὐ
1286 458 1597 525 λογίζονται
1645 458 1874 519 ἑαυτοὺς
1905 458 2088 522 ἀξίους

529 558 788 627 μέμψεως
808 554 882 615 ὡς
907 553 1115 614 αἰτίους
1144 551 1238 603 τοῦ
1270 552 1530 619 πολέμου,
1551 550 1666 602 ἀλλ’
1694 551 1788 621 ἐπὶ
1815 550 1874 600 τὸ
1900 550 2094 616 νεκρὸν

524 653 680 717 σῶμα
713 647 804 701 τοῦ
847 645 1202 706 πεπτωκότος
1227 647 1531 711 σφάττουσι
1562 642 1797 706 ζῶντας,
1838 643 1994 702 ὅσους
2027 640 2094 693 δον

520 742 723 811 δυνηθῇ
759 742 987 797 ἕκαστος
1008 755 1022 769 ο
1055 737 1146 789 καὶ
1175 738 1299 787 ὅσον
1330 735 1551 796 πλείους
1584 736 1809 797 κτείνει,
1840 732 2094 784 τοσοῦτον

520 834 826 901 λογίζονται
862 828 1130 894 ὠφέλειαν
1174 828 1271 894 τῆς
1319 824 1417 877 τοῦ
1461 823 1757 886 τεθνεῶτος
1803 822 2003 891 ψυχῆς.
2033 822 2095 873 Ei

520 928 563 980 δ’
589 929 718 986 ἴσως
764 924 863 975 οὐκ
908 922 1019 990 ἔχει
1077 918 1400 987 ἀνθρώπους
1450 918 1529 979 είς
1577 915 1835 980 ἐξουσίαν
1872 914 2040 967 αὑτοῦ
2068 915 2096 965 6

524 1016 848 1086 βουλόμενος
884 1013 1147 1082 βοηθῆσαι
1181 1014 1245 1078 τῇ
1280 1009 1375 1062 τοῦ
1406 1008 1701 1072 τεθνεῶτος
1732 1007 1900 1076 ψυχῇ,
1956 1007 2093 1070 ἔξω.

528 1108 1100 1177 νεῖταιΧριστιανοῦς,
1137 1105 1296 1172 εἴπερ
1345 1102 1516 1169 εὖροι,
1556 1103 1650 1155 καὶ
1699 1103 1731 1170 ἦ
1782 1102 1967 1154 ἐπάνω
2000 1099 2095 1152 τοῦ

524 1201 721 1269 νεκροῦ
778 1200 1026 1263 σώματος
1081 1198 1307 1263 σφάττει
1362 1195 1556 1256 αὐτοὺς
1597 1195 1629 1261 ἢ
1679 1195 1771 1246 ἐπὶ
1816 1192 1896 1262 τῷ
1941 1192 2095 1260 τάφῳ

527 1295 715 1347 αὐτοῦ.
757 1293 865 1344 Καὶ
914 1294 941 1343 6
1003 1289 1177 1341 ταῦτα
1235 1285 1541 1356 νομοθετῶν
1596 1285 1711 1346 πῶς
1765 1285 1871 1336 ἀπὸ
1925 1284 2093 1347 Θεοῦς

530 1390 651 1439 Ἔτι
690 1385 972 1453 νομοθετεῖ
1016 1384 1098 1435 ὅτι
1142 1382 1172 1433 6
1206 1382 1329 1442 δοὺς
1374 1382 1437 1448 τῇ
1488 1380 1660 1449 πόρνη
1708 1377 1968 1447 μίσθωμα
2000 1377 2096 1429 καὶ

526 1477 815 1546 κοιμηθεὶς
854 1474 972 1543 μετ’
1006 1473 1176 1541 αὐτῆς
1205 1472 1304 1541 οὐχ
1331 1471 1643 1539 ἁμαρτάνει
1666 1486 1678 1499 ·
1726 1471 1821 1522 καὶ
1848 1471 1876 1520 6
1901 1467 2097 1537 βιασά-

528 1585 686 1638 μενος
717 1566 983 1634 παρθένον
1017 1562 1347 1632 ἁμαρτάνει,
1372 1563 1400 1612 ὀ
1432 1561 1488 1612 δὲ
1522 1560 1661 1626 μετὰ
1690 1560 1791 1627 τῆς
1818 1558 2096 1625 θελήσεως

526 1663 697 1729 αὐτῆς
752 1658 1035 1728 κοιμηθεὶς
1076 1655 1194 1725 μετ’
1242 1655 1412 1723 αὐτῆς
1461 1654 1558 1722 οὐχ
1609 1651 1960 1720 ἀμαρτάνει’
2001 1650 2096 1702 καὶ

531 1758 623 1809 ἐὰν
650 1752 1056 1822 αἰχμαλωτίδας
1090 1766 1173 1810 τις
1200 1748 1338 1816 λάϐῃ
1389 1748 1446 1798 ὲν
1479 1745 1723 1813 πολέμῳ,
1762 1744 1974 1809 ἔξεστιν
2010 1743 2097 1794 ἐπ’

529 1846 723 1905 αὑταῖς
785 1842 1008 1908 ποιῆσαι
1056 1839 1083 1890 ὃ
1143 1838 1390 1905 βούλεται
1452 1833 1773 1893 ἀκωλύτως.
1849 1832 1907 1884 '0
1971 1831 2102 1898 γοῦν

537 1936 794 2006 πορνείας
838 1934 932 1985 καὶ
986 1928 1454 2000 παρθενοφθορίας
1501 1926 1809 1995 νομοθετῶν
1854 1924 1970 1986 πῶς
1997 1923 2104 1976 ἀπὸ

532 2025 669 2079 Θεοῦ
694 2044 708 2088 ;

603 2115 717 2165 Καὶ
749 2112 808 2163 τὸ
837 2112 901 2179 δὴ
947 2109 1224 2179 χείριστον
1263 2107 1345 2160 ὃτι
1377 2108 1501 2168 τοὺς
1536 2106 1679 2159 κατὰ
1706 2106 1804 2174 τὴν
1832 2106 2104 2174 ἀποδοχὴν

526 2209 623 2263 τοῦ
655 2206 791 2262 Θεοῦ
822 2204 1301 2274 περιπατήσαντας
1324 2203 1379 2254 ὲν
1406 2201 1484 2268 τῷ
1518 2202 1748 2270 παρόντι
1774 2201 1933 2254 αἰῶνι
1960 2199 2104 2269 μετὰ

530 2305 631 2373 τὴν
679 2301 865 2354 ἐνθάδε
922 2298 1225 2353 ἀποὸίωσιν
1286 2295 1467 2348 αὐτῶν
1517 2295 1718 2362 λουτρὰ
1779 2294 1876 2346 καὶ
1918 2294 2104 2355 οἴκους

536 2392 888 2464 περικαλλεῖς
943 2390 1038 2442 καὶ
1087 2391 1355 2457 γυναῖκας
1406 2388 1712 2454 παρθένους
1760 2386 1841 2438 ὅτι
1904 2384 2107 2445 πολλὰς

534 2488 878 2555 ὑπισχνεῖται
926 2481 1250 2551 δοθήσεσθαι
1297 2481 1513 2549 ἑκάστῳ
1763 2477 1914 2544 παρά
1947 2474 2105 2527 Θεοῦ.

534 2579 645 2630 Καὶ
674 2578 811 2644 ὅπερ
865 2576 911 2625 οἱ
952 2570 1498 2639 τῶνχείδωλολατρῶν
1542 2568 1811 2638 Ἑλλήνων
1845 2567 2108 2635 ὀνομαζό-

538 2685 687 2736 μενοι
711 2666 950 2732 θεολόγοι
980 2667 1081 2719 οὐκ
1114 2661 1269 2716 εἷπον
1301 2662 1423 2714 οὐδὲ
1458 2663 1718 2730 ἐνόμισαν
1749 2656 1910 2724 εἷναι,
1936 2658 2107 2712 ταῦτα

532 2763 560 2810 ό
583 2759 826 2827 Μωάμεθ
855 2756 1368 2826 ἀνακεκαλυμμένῳ
1392 2754 1466 2824 τῷ
1495 2754 1772 2823 προσώπῳ
1800 2752 2105 2820 νομοθετεῖ.

545 2853 774 2905 Ἐκεῖνοι
810 2852 921 2920 γὰρ
962 2848 1133 2912 οὕτως
1163 2849 1434 2914 λέγουσιν,
1476 2850 1556 2900 ὅτι
1602 2848 1652 2898 oi
1684 2846 1783 2915 μὲν
1814 2845 1993 2906 καλῶς
2029 2845 2112 2895 ὲν-

474 2926 487 2941 ‘
536 2944 664 2996 θάδε
718 2942 1061 3012 βιώσαντες,
1131 2941 1267 2992 ἐπὰν
1324 2940 1643 2991 ἀποθάνωσι
1699 2937 1793 2989 καὶ
1852 2935 2108 3003 καθαρῶς

2196 472 2288 507 ται
2322 457 2400 514 εἰς
2448 454 2545 513 τὰς
2588 454 2697 504 τῶν
2734 454 3017 521 μακαρίων
3069 455 3259 522 νήσους
3291 454 3380 506 καὶ
3410 455 3514 523 μετ’
3544 457 3694 511 αὐτῶν

2199 546 2630 613 συναγάλλονται
2663 544 2807 596 ’τῶν
2868 545 2924 597 δὲ
2977 545 3158 607 κακῶς
3202 547 3376 599 ἐνθάδε
3427 550 3694 615 βιωσάντων

2196 637 2293 689 καὶ
2340 636 2662 705 ἀκαθάρτων
2703 637 2800 687 καλ⁸
2855 637 3276 705 μεμολυσμένων
3317 639 3625 694 ἀπελθόντων
3651 646 3694 694 αἱ

2195 727 2404 781 τούτων
2434 727 2604 796 ψυχαὶ
2634 730 2709 787 εἰς
2750 726 3010 794 ζοφώδεις
3039 729 3131 780 καὶ
3159 732 3452 792 σκοτεινοὺς
3476 732 3693 802 ἀπέρχον-

2197 838 2285 873 ται
2325 821 2526 883 τόπους
2567 823 2660 873 καὶ
2712 822 2791 882 είς
2847 821 2940 871 τὸν
2994 822 3238 889 ποταμὸν
3285 822 3371 873 τὸν
3416 824 3695 893 Πυριφλεγέο

2198 914 2381 968 θοντα.
2416 914 2523 965 Καὶ
2572 913 2622 965 oi
2669 912 2771 981 μὲν
2826 912 3213 981 εἰδωλολάτραι
3262 913 3505 985 Ἕλληνες
3547 918 3694 985 ελεγον

2197 1004 2370 1058 ταῦτα
2393 1019 2406 1033 ⁸
2439 1006 2466 1057 ὁ
2495 1004 2553 1056 δὲ
2586 1002 2939 1069 Μωάμεθ,ὂς
2969 1004 3223 1070 ὀνομάζει
3254 1005 3441 1057 ἑαυτὸν
3469 1006 3693 1075 ὀρθόδοξον

2197 1094 2294 1147 καὶ
2365 1095 2595 1165 πλησίον
2657 1092 2753 1146 τοῦ
2804 1094 2939 1146 Θεοῦ
3000 1095 3417 1165 εὑρισκόμενον,
3465 1097 3593 1167 λέγει
3628 1104 3691 1151 καὶ

2199 1186 2485 1256 νομοθετεί
2542 1186 2771 1239 τοιαῦτα
2831 1188 3165 1258 ἀτοπήματα
3219 1189 3432 1258 αἰσχρά,
3491 1192 3575 1243 καὶ
3620 1192 3690 1243 οὐκ

2199 1280 2313 1350 ἔχει
2356 1280 2664 1349 ἐνθύμησιν
2719 1281 2857 1341 ὅλως
2906 1280 2991 1332 ὅτι
3040 1280 3216 1333 ταῦτα
3267 1284 3434 1335 πάντα
3462 1282 3606 1352 ὀργῆς
3629 1291 3693 1336 καὶ

2198 1375 2551 1443 ἀποστροφῆς
2591 1372 2728 1440 ἔργα
2778 1372 2872 1425 καὶ
2899 1372 2999 1439 τῆς
3031 1364 3306 1441 ἁμαρτίας
3342 1374 3693 1442 ἀποτελέσματα

2198 1468 2330 1519 εισι.
2381 1464 2493 1534 Πρὸ
2530 1466 2639 1532 γὰρ
2683 1465 2784 1534 τῆς
2832 1465 3203 1535 παραδάσεως
3247 1468 3337 1519 καὶ
3367 1468 3605 1536 ἁμαρτίας
3624 1467 3692 1519 τοῦ

2213 1558 2383 1625 ’Δδὰμ
2445 1557 2549 1610 ποῦ
2598 1557 2824 1629 λουτρὰ,
2881 1558 2987 1611 ποῦ
3045 1560 3182 1621 ὅλως
3241 1560 3519 1628 οἰκήματα,
3551 1559 3632 1611 ποῦ
3655 1565 3692 1612 αἱ

2202 1650 2395 1702 πολλαὶ
2427 1651 2686 1717 γυναῖκες
2707 1667 2721 1713 ;
2745 1650 2907 1703 Ἀλλὰ
2942 1651 3085 1718 μετά
3110 1649 3209 1721 τὴν
3248 1651 3503 1719 ἁμαρτίαν
3530 1658 3605 1703 καὶ
3622 1652 3691 1720 τὴν

2206 1741 2451 1811 κατάραν
2481 1742 2758 1813 ἐπανέστη
2784 1743 2843 1794 τὸ
2875 1741 3035 1811 σῶμα
3064 1743 3255 1811 ὥσπερ
3288 1744 3463 1813 θηρίον
3487 1744 3605 1796 κατὰ
3625 1744 3691 1809 τῆς

2205 1834 2381 1903 ψυχῆς
2441 1834 2541 1903 τῆς
2598 1835 2671 1903 μὴ
2723 1833 2956 1903 ἐχούσης
3010 1833 3319 1896 καθολικῶς
3365 1833 3457 1901 τὴν
3496 1834 3574 1887 τοῦ
3596 1835 3691 1887 Θεσό

2207 1926 2519 1996 ἐπίσκεψιν.
2556 1928 2776 1996 Ἵσχυσε
2819 1925 2879 1978 τὸ
2928 1926 3125 1994 σῶμα,
3162 1927 3257 1980 καὶ
3314 1926 3588 1979 κατέσπασε
3623 1928 3689 1995 τὴν

2205 2019 2387 2087 ψυχὴν
2423 2018 2533 2073 ἀπὸ
2556 2019 2647 2071 τοῦ
2686 2017 2855 2087 ὕψους
2886 2019 2982 2071 καὶ
3014 2018 3113 2071 τοῦ
3151 2019 3438 2089 μεγαλεῖον
3466 2020 3606 2089 αὐτῆς
3626 2021 3689 2072 tul

2208 2112 2524 2176 κατήγαγεν
2555 2110 2636 2169 είς
2663 2108 2762 2170 τὰς
2796 2109 3149 2179 παραλόγους
3195 2110 3291 2165 καὶ
3320 2110 3533 2178 ματαίας
3559 2126 3689 2176 σωμτ·

2208 2201 2365 2262 τικάς
2412 2199 2571 2252 ἐπιθυ
2582 2200 2707 2265 μίας
2736 2201 2828 2253 καὶ
2859 2201 3055 2269 ἡδονάς
3081 2218 3096 2235 ι
3131 2203 3224 2254 καὶ
3270 2202 3462 2269 ὥσπερ
3489 2201 3688 2270 ἀνδράπο-

2208 2289 2319 2355 δον,
2343 2288 2515 2350 οὕτως
2550 2287 2933 2358 κατεδουλώθη
2971 2291 3003 2358 ὴ
3039 2288 3192 2359 ψυχὴ
3220 2292 3298 2352 είς
3327 2290 3419 2348 τὰς
3446 2288 3686 2357 σωματικὰ

2209 2379 2417 2447 ὀρέξεις
2444 2393 2457 2408 ·
2503 2380 2551 2430 εἰ
2585 2378 2716 2446 γοῦν
2750 2377 2892 2448 μετὰ
2945 2378 3113 2453 3E9
3159 2378 3259 2449 τὴν
3303 2381 3362 2432 ἐκ
3405 2380 3583 2449 νεκρῶν
3604 2379 3687 2430 ἀντὶ·

2211 2487 2399 2523 στασιν
2446 2471 2597 2523 οὐδὲν
2640 2470 2931 2539 μέλλουσιν
2987 2472 3179 2540 ε’ὐρείν
3226 2473 3274 2523 oi
3327 2473 3459 2524 κατὰ
3493 2472 3689 2537 ἀποδοχὴν

2210 2561 2302 2617 τοῦ
2349 2561 2482 2614 Θεοῦ
2533 2562 2988 2629 πολιτευσάμενοι
3033 2562 3315 2632 ἄνθρωποι
3367 2563 3458 2633 τὴν
3493 2562 3692 2629 μακαρίαν

2212 2656 2430 2721 ἐκείνην
2463 2654 2609 2721 ζωὴν
2657 2655 2722 2721 ἣν
2746 2656 2772 2705 6
2800 2654 3112 2724 προπάτωρ
3141 2654 3288 2724 εἶχεν
3318 2656 3476 2723 ’Δδᾶμ
3512 2656 3596 2723 πρὸ
3629 2654 3693 2714 τῆς

2225 2746 2598 2815 παραϐάσεως
2648 2746 2741 2796 καὶ
2766 2745 3073 2810 ἀπώλεσεν,
3116 2747 3253 2797 ἀλλὰ
3289 2747 3442 2797 πάλιν
3470 2744 3552 2815 τὴν
3580 2742 3697 2809 αὐτὴν

2214 2838 2361 2907 ζωὴν
2414 2838 2669 2906 μέλλουσι
2726 2836 2909 2906 εὑρεῖν
2964 2838 3029 2908 ἢν
3060 2833 3181 2907 εἶχε
3222 2839 3359 2907 μετὰ
3384 2839 3471 2907 τὴν
3498 2835 3698 2901 κατάραν,

2213 2931 2333 2982 οὐαὶ
2360 2934 2472 2992 τοῖς
2509 2929 2821 2998 ἀνθρώποις
2867 2932 3129 2991 ἐκείνοις.
3162 2933 3270 2983 Καὶ
3320 2931 3379 2982 τὸ
3412 2930 3468 2999 δὴ
3498 2929 3701 2998 χείριστον

536 3033 969 3103 ἀποδημήσωσιν
1036 3034 1091 3084 ai
1148 3031 1320 3100 ψυχαὶ
1346 3032 1452 3082 ἀπὸ
1506 3028 1616 3082 τῶν
1672 3028 1969 3096 σωμάτων,
2034 3027 2111 3086 εἰς
2142 3036 2186 3095 c
2216 3024 2296 3075 ὅτι
2325 3023 2443 3076 οῦδὲ
2477 3026 2638 3093 μέχρι
2670 3023 2769 3093 τῆς
2800 3023 3161 3094 ταλαιπώρου
3210 3025 3421 3094 ἐκείνης
3452 3025 3530 3075 καὶ
3552 3019 3701 3087 ἐπαρά-

536 3213 681 3264 enint
724 3211 825 3265 ista
860 3210 1197 3264 immanitate
1223 3218 1274 3263 et
1326 3210 1530 3263 szevitia
1572 3208 1798 3277 cogitari
1834 3208 2113 3262 crudelius

540 3315 739 3371 potest,
771 3318 930 3372 quam
962 3302 1260 3363 trucidare,
1291 3304 1382 3369 qui
1416 3303 1550 3355 nihil
1601 3303 1936 3370 peccarunt?
1966 3300 2117 3365 Quo-

540 3395 865 3461 tiescunque
913 3394 1055 3445 enim
1084 3395 1149 3445 ad
1189 3394 1746 3460 pugnamproccdunt
1783 3392 2116 3446 Musulmani

537 3494 591 3536 et
624 3497 813 3536 eorum
850 3482 970 3551 quis
1036 3482 1226 3549 praalio
1274 3482 1563 3545 occiditur,
1599 3499 1707 3536 non
1743 3500 1800 3538 se
1850 3485 2118 3537 crimina-

543 3571 689 3625 tione
721 3571 913 3638 dignos
946 3579 1157 3640 putant,
1188 3583 1246 3625 ut
1280 3580 1530 3627 auctores
1558 3573 1708 3640 belli,
1739 3575 1834 3630 sed
1867 3576 1921 3630 in
1948 3578 2124 3631 occisi

541 3663 809 3718 cadavere
840 3663 990 3717 vivos
1049 3662 1345 3725 trucidant,
1382 3672 1513 3732 quot
1538 3665 1772 3735 quisque
1823 3676 2023 3736 potest,
2055 3684 2119 3722 ac

544 3766 750 3825 quanto
781 3755 905 3824 quis
929 3755 1113 3824 plures
1146 3766 1322 3821 necat,
1362 3766 1512 3810 tanto
1538 3758 1797 3827 majorem
1827 3760 2114 3815 utilitatem

546 3848 666 3901 fore
695 3852 886 3915 putant
924 3845 990 3898 ad
1022 3846 1255 3898 animam
1286 3846 1475 3901 occisi.
1507 3845 1560 3901 Si
1610 3864 1714 3901 non
1745 3850 1985 3917 possidet
2026 3852 2122 3905 lto-

547 3938 745 4015 mines,
777 3936 868 4004 qui
906 3935 1102 3990 mortui
1152 3936 1349 3990 anima:
1393 3937 1649 4004 opitulari
1695 3938 1896 4002 studet,
1962 3939 2121 3994 Chri-

548 4031 785 4092 stianos,
822 4030 864 4082 si
913 4043 1047 4097 quos
1086 4028 1309 4096 reperit,
1345 4029 1565 4094 coemit,
1588 4044 1793 4098 eosque
1822 4039 1916 4084 aut
1954 4046 2119 4099 supra

546 4122 778 4175 cadaver
807 4120 999 4181 occisi,
1051 4129 1146 4171 aut
1186 4120 1239 4171 itt
1286 4119 1536 4186 sepulcro
1582 4120 1825 4190 ejusdem
1884 4123 2118 4191 iugulat.

546 4213 700 4265 Talia
736 4212 825 4279 qui
861 4212 1106 4279 prazcipit
1140 4211 1417 4278 quomodo
1440 4226 1465 4262 a
1505 4212 1610 4264 Deo
1644 4214 1847 4268 missus
1879 4215 1990 4268 sit?
2019 4216 2123 4268 Do-

546 4310 630 4355 cet
666 4300 828 4363 idem,
858 4300 948 4367 qui
976 4300 1098 4352 data
1126 4299 1352 4367 pecunia
1380 4315 1503 4353 cum
1538 4302 1823 4355 meretrice
1862 4319 2123 4357 concum-

2220 3201 2272 3253 itt
2307 3202 2586 3254 beatorum
2638 3201 2827 3255 insulis
2862 3216 2986 3254 cutn
3044 3200 3360 3270 iisdemque
3401 3202 3578 3256 laetari:
3609 3214 3702 3252 cott-

2222 3301 2301 3344 tra
2340 3295 2431 3360 qui
2470 3296 2607 3348 male
2636 3293 2722 3347 ltic
2748 3292 2983 3346 vixerint
3004 3304 3056 3347 et
3082 3294 3290 3364 itnpuri
3314 3306 3466 3363 atque
3504 3288 3702 3359 inquinati

2222 3386 2580 3448 excesserint,
2638 3385 2829 3438 borum
2876 3386 3087 3439 animas
3142 3388 3197 3441 in
3252 3388 3365 3441 loca
3409 3388 3642 3441 tenebrosa
3669 3393 3704 3434 et

2224 3477 2456 3530 obscura
2511 3488 2564 3532 et
2614 3479 3150 3551 Pyripltlegetontem
3188 3481 3407 3537 ﬂuvium
3440 3484 3581 3535 abire.
3621 3478 3701 3532 llaec

2223 3570 2392 3638 igitur
2427 3570 2595 3626 Graeci
2624 3571 2922 3625 idololatrae
2947 3573 3229 3633 dixerunt.
3268 3575 3568 3630 Moltametcs
3599 3586 3699 3628 rem.

2226 3663 2319 3732 qui
2354 3679 2412 3717 se
2447 3662 2813 3716 ortltodoxutn
2838 3678 2957 3717 esse
2985 3674 3037 3716 et
3063 3678 3260 3719 coram
3295 3667 3399 3720 Deo
3424 3666 3606 3719 stetisse
3623 3662 3700 3729 jac-

2226 3768 2321 3822 tat,
2356 3756 2546 3825 probat
2589 3756 2858 3823 docetque
2900 3756 3073 3810 foedas
3103 3755 3245 3811 istas
3291 3773 3472 3825 nugas,
3515 3769 3596 3810 nec
3630 3750 3702 3805 ullo

2225 3846 2385 3899 modo
2409 3846 2589 3909 sentit,
2620 3861 2781 3914 quant
2813 3859 3001 3900 omnes
3032 3846 3115 3899 hac
3169 3860 3258 3901 res
3299 3846 3566 3901 libidinosa:
3588 3838 3705 3894 etde-

2224 3936 2486 3990 tcstandze
2515 3937 2622 3990 sint
2654 3943 2706 3988 et
2735 3943 3017 4004 peccatum
3049 3948 3382 3991 consecuta).
3423 3936 3545 3989 Ante
3573 3927 3704 3986 Διίλωὶ

2225 4030 2368 4083 enim
2390 4038 2675 4097 peccatum
2700 4037 2750 4080 et
2775 4028 3027 4082 delictum
3053 4029 3278 4084 ubinam
3305 4019 3511 4090 balneté,
3547 4023 3703 4078 ubinam

2227 4122 2450 4176 omnino
2471 4122 2634 4185 aedes,
2660 4120 2880 4174 ubinam
2907 4120 3090 4175 multa:
3116 4119 3370 4175 remittat?
3409 4119 3493 4174 sed
3511 4126 3605 4187 post
3626 4126 3707 4181 pef-

2227 4226 2406 4267 catutn
2425 4222 2477 4265 et
2494 4216 2919 4267 exsecrationem
2937 4227 3136 4281 corpus
3157 4224 3407 4283 tanquam
3428 4210 3575 4267 bestia
3607 4219 3709 4259 meu-

2228 4307 2288 4366 ti,
2326 4306 2563 4373 perfecta
2597 4304 2822 4359 notione
2861 4303 2955 4359 Dei
2984 4320 3092 4358 non
3142 4316 3473 4367 sustentatae,
3513 4296 3708 4355 inltiabal.

545 4393 659 4455 bal,
696 4408 820 4445 cum
867 4407 974 4444 non
1007 4406 1264 4458 peccare;
1314 4392 1404 4459 qui
1444 4408 1536 4460 per
1567 4393 1670 4446 vim
1708 4394 1971 4464 virginem
2003 4406 2120 4449 stu-
2154 4392 2196 4445 ι)
2227 4396 2518 4463 superabat
2571 4410 2713 4458 eam,
2766 4404 2929 4464 atque
2982 4397 3249 4457 animam,
3303 4411 3365 4449 ex
3408 4393 3648 4449 altitudine
3676 4393 3710 4434 cl

546 4492 687 4551 pret,
741 4496 862 4534 eum
918 4496 1166 4548 peccare,
1217 4480 1310 4547 qui
1349 4490 1527 4535 autem
1583 4500 1701 4535 cum
1746 4487 2119 4540 consentiente

546 4578 894 4634 concumbat,
925 4586 1029 4622 non
1062 4584 1329 4639 peccare;
1392 4588 1529 4640 quas
1558 4574 1682 4641 quis
1723 4575 1859 4629 bello
1892 4579 2117 4645 ceperit,

549 4660 615 4713 iis
646 4660 693 4712 ei
728 4660 803 4711 uti
844 4659 1028 4723 licere,
1092 4662 1550 4726 quemadmodum
1588 4663 1736 4715 velit.
1795 4663 1957 4731 Alqtti
2001 4674 2119 4716 stu-

551 4765 647 4813 pra
681 4758 733 4801 ct
766 4748 1038 4817 virginum
1077 4749 1391 4804 vitiationes
1429 4751 1519 4819 qui
1551 4754 1764 4817 probat,
1796 4757 2068 4821 quomodo
2090 4768 2118 4806 a

553 4840 662 4893 Deo
699 4840 898 4893 missus
937 4840 1048 4893 sit?

622 4931 1016 4986 Gravissimum
1044 4945 1224 4987 autent
1250 4942 1354 4997 cst,
1381 4933 1525 5001 quod
1559 4936 1651 5001 qui
1693 4935 1757 4987 ad
1790 4938 2117 4989 voluntatem

555 5021 647 5076 Dei
680 5024 730 5077 itt
765 5025 864 5077 bac
896 5026 1002 5077 vita
1044 5042 1102 5077 se
1146 5024 1577 5093 composuerint,
1621 5026 1689 5078 iis
1727 5026 1956 5094 singulis
2004 5039 2123 5096 post

554 5128 782 5170 mortem
817 5117 1035 5171 balneas
1069 5125 1123 5170 et
1158 5118 1297 5169 atdcs
1336 5118 1733 5184 pulcherrimas
1779 5119 2123 5186 virginesque

553 5211 815 5278 plurimas
850 5227 877 5263 a
914 5210 1019 5264 Deo
1047 5210 1234 5264 datum
1266 5210 1329 5263 iri
1370 5211 1672 5278 pollicetur.
1705 5210 1768 5264 Et
1798 5214 1941 5281 quod
1977 5212 2125 5266 ϐιω-

553 5319 739 5356 corum
812 5303 1225 5357 idololatraruut
1283 5304 1517 5373 theologi
1574 5321 1679 5357 non
1721 5304 1984 5359 dixerunt
2029 5322 2126 5360 nec

555 5396 927 5459 crediderunt,
956 5397 1003 5449 id
1039 5396 1374 5452 Moltatnetes
1406 5397 1642 5451 revelata
1697 5398 1875 5453 fronte
1907 5400 2119 5453 statuit.

559 5483 637 5538 Illi
669 5486 811 5538 ettint
858 5486 930 5539 ita
965 5488 1136 5550 aiunt,
1174 5491 1266 5556 qui
1320 5490 1542 5558 pulchre
1587 5490 1675 5545 ltic
1716 5491 1974 5556 vixerint,
2033 5508 2127 5544 eos

560 5584 677 5642 post
705 5584 955 5641 mortem,
1015 5594 1135 5631 cum
1164 5581 1328 5633 animi
1359 5596 1388 5633 e
1428 5596 1720 5650 corporum
1753 5583 1983 5636 vinculis
2033 5600 2132 5651 pu-

560 5666 603 5716 ri
629 5666 983 5734 excesserint,
1017 5669 1085 5721 ad
1116 5671 1245 5725 deos
1273 5671 1506 5742 migrare
1541 5682 1593 5725 ct
1629 5690 1751 5727 cum
1784 5674 1887 5728 diis
1918 5675 2125 5728 versari

2227 4485 2630 4552 magniﬁcentia
2663 4485 2952 4552 dejectam,
2982 4486 3037 4537 itt
3067 4501 3237 4540 vanas
3267 4497 3320 4540 et
3352 4487 3559 4541 insanas
3581 4476 3711 4533 libidi-

2225 4592 2320 4629 nes
2369 4577 2783 4646 voluptatesque
2837 4579 3083 4645 corporis
3127 4580 3386 4632 adduxit:
3431 4594 3489 4631 ac
3529 4565 3713 4634 mancipii

2227 4665 2399 4719 instar
2456 4666 2639 4719 anima
2678 4667 3071 4736 cupiditatibus
3112 4670 3362 4739 corporis
3400 4666 3624 4723 obstricta
3645 4666 3712 4712 est.

2226 4756 2451 4823 Quodsi,
2489 4758 2581 4823 qui
2615 4756 2681 4811 ad
2724 4760 3058 4813 voluntatem
3090 4763 3183 4816 Dei
3222 4763 3471 4814 vixerunt
3512 4756 3713 4810 homines.

2229 4856 2349 4913 post
2383 4848 2835 4901 resurrectionem
2867 4861 3205 4903 mortuorum
3237 4867 3344 4904 non
3370 4846 3610 4903 inventuri
3640 4840 3714 4893 sint

2230 4937 2443 4991 beatam
2479 4938 2627 4991 illatn
2661 4942 2845 5005 vitam,
2872 4957 3032 5009 quam
3063 4943 3305 4996 Adamus
3331 4952 3475 5012 pater
3506 4946 3610 4991 ante
3625 4945 3712 5001 pec-

2227 5040 2405 5082 catum
2443 5032 2550 5097 egit
2580 5038 2742 5098 atque
2767 5033 2969 5093 amisit,
3005 5032 3101 5086 sed
3123 5033 3362 5085 eamdem
3393 5042 3562 5083 rursus
3580 5023 3713 5075 vitam.

2226 5136 2389 5188 quam
2433 5121 2519 5172 ille
2558 5132 2679 5187 post
2721 5123 3151 5177 exsecrationem
3192 5124 3458 5183 toleravit,
3488 5135 3558 5171 va:
3589 5110 3714 5171 ltouti—

2228 5210 2389 5262 uibus
2421 5209 2561 5263 illis!
2616 5210 2729 5263 lino
2784 5227 2932 5277 Vero,
2983 5214 3126 5282 quod
3162 5213 3514 5267 misertimutn
3547 5218 3630 5265 est,
3672 5211 3715 5250 ηε

2228 5303 2499 5372 acquievit
2520 5304 2737 5372 quidem
2768 5305 2818 5357 itt
2859 5323 3163 5361 aerumnosa
3193 5307 3296 5359 hac
3325 5284 3377 5359 ei.
3406 5305 3643 5357 exsecrata
3665 5292 3717 5341 νὶ-

2231 5404 2283 5447 ta
2324 5395 2647 5450 Mobamctis
2682 5398 2913 5462 insania,
2945 5409 3000 5452 ut
3029 5400 3167 5453 banc
3197 5399 3403 5454 scilicet
3443 5393 3565 5446 Deus
3598 5389 3716 5456 just“

2232 5490 2486 5539 daturum
2516 5503 2575 5541 se
2598 5504 2717 5543 csse
2744 5492 3077 5558 promiserit,
3118 5491 3207 5545 sed
3241 5488 3440 5543 invenit
3468 5485 3610 5537 vitam
3640 5490 3718 5528 tm-

2230 5580 2296 5632 lis
2319 5580 2474 5648 longe
2504 5580 2852 5649 ittsigniorem
2880 5594 2931 5636 et
2958 5600 3086 5638 vero
3111 5596 3344 5651 turpem.
3387 5578 3597 5632 Adatnus
3618 5578 3721 5619 enim

2230 5684 2353 5742 post
2391 5674 2644 5727 delictum
2684 5686 2734 5727 ct
2766 5678 3201 5731 CXSJCI'OththIII
3228 5684 3280 5727 et
3309 5690 3337 5726 c
3372 5668 3598 5739 paradiso
3621 5658 3723 5714 cra”;-
