3920 6196
302 203 442 272 1’09-

1324 223 1779 290 cunomcou
1809 228 2077 294 unus.
2112 204 2185 273 4—
2237 240 2386 306 LIB.
2436 208 2537 305 1v.

3404 242 3541 307 tem

300 322 740 434 ﬁfif”P‘-"°‘lf“}
764 327 845 434 5:!
870 330 1043 434 ἐτάφη
1074 337 1266 393 καὶδτι
1296 340 1593 412 ἐγήγερται
1618 343 1685 412 τῇ
1714 342 1872 415 τρίτῃ
1903 351 1950 409 Α
1980 347 2079 416 μὲν
2104 346 2199 405 οὖν
2234 354 2439 425 Κύριος
2473 357 2613 426 μετὰ
2656 358 2716 413 τὸ
2765 359 2995 431 λαλῆσαι
3046 358 3227 425 αὐτοῖς
3262 360 3538 434 ἀνελήφθη

298 413 482 486 ἡμέρᾳ
511 420 649 473 κατὰ
672 422 771 485 τὰς
800 425 1041 495 Γραφάς.
1079 450 1098 482 »

373 511 483 565 Kal
537 517 960 576 παθόντα’καὶ
1020 528 1304 595 ταφέντα.
1351 527 1651 594 Μωῦσέως,
1692 546 1711 580 ι
1766 530 1877 583 Καὶ

297 598 449 652 ἔσται
488 603 519 672 ή
553 603 665 674 ζωή
721 625 815 663 σου
862 617 1190 687 κρεμαμένη
1236 617 1495 672 ἀπέναντι
1530 618 1639 671 τῶν
1677 618 1875 686 ὀιρθαλ·

302 691 421 760 μῶν
451 710 565 747 σου.
616 715 634 747 »
696 697 947 766 Ἡσαΐου,
1000 724 1018 757 ι
1064 706 1151 770 Ὠς
1192 707 1465 777 πρόϐατον
1511 710 1604 762 ἐπὶ
1659 709 1875 780 σφαγὴν

294 783 462 854 ἤχθη,
501 803 519 836 »
561 787 676 853 καὶ,
706 806 728 842 s
759 790 863 846 Τὸν
882 795 1051 849 νῶτόν
1085 815 1185 867 μου
1209 799 1389 854 ἔδωκα
1415 802 1495 864 είς
1527 801 1821 870 μάστιγας.
1848 820 1868 853 ι

296 877 483 943 Δαὸὶδ,
519 897 538 930 t
577 882 700 935 Ὅτι
749 883 861 965 ἐγὼ
914 889 994 952 είς
1037 890 1312 959 μάστιγας
1363 892 1603 965 ἕτοιμος.
1646 912 1666 946 »
1702 894 1874 963 Ζαχα-

296 970 444 1041 ρίου,
484 992 503 1025 «
538 973 605 1027 Τί
648 976 704 1029 αἱ
748 978 958 1047 πληγαὶ
1004 977 1163 1037 αὗται
1216 985 1490 1054 ἀναμέσον
1529 987 1639 1040 τῶν
1672 988 1876 1059 χειρῶν

298 1080 432 1128 σου;
474 1067 566 1118 καὶ
599 1069 716 1137 ἐρεῖ
746 1069 811 1132 ἃς
861 1072 1108 1144 ἐπλήγην
1139 1076 1196 1128 ἐν
1225 1076 1302 1146 τῷ
1333 1077 1468 1149 οῐκῳ
1500 1079 1579 1148 τῷ
1606 1072 1879 1151 ἀγαῖτητῷ

301 1169 428 1221 μου.
472 1174 491 1206 »
533 1155 887 1229 Εύαγγελίου,
922 1182 941 1214 «
998 1164 1124 1218 Ὀτι
1167 1166 1275 1220 ἔδει
1320 1167 1495 1232 οὕτως
1544 1171 1737 1223 παθεῖν
1783 1170 1876 1222 τὸν

294 1243 540 1315 Χριστὸν
569 1250 663 1302 καὶ
698 1252 963 1308 εἰσελθεῖν
990 1257 1070 1319 είς
1109 1260 1206 1328 τὴν
1228 1257 1387 1324 δόξαν
1417 1260 1610 1315 αὑτοῦ.
1646 1281 1667 1314 »
1700 1261 1879 1330 Εὐαγ-

294 1338 510 1407 γελίου,
551 1358 571 1390 ι
614 1341 727 1395 Καὶ
775 1343 956 1399 λαϐὼν
994 1347 1055 1401 τὸ
1114 1350 1275 1419 σῶμα
1330 1353 1359 1405 6
1391 1351 1587 1422 Ἰωσὴφ
1637 1353 1878 1419 ὲτύλιξεν

298 1428 436 1482 αὐτὸ
474 1430 672 1484 σινδόνι
717 1433 961 1507 καθαρᾷ,
994 1439 1089 1492 καὶ
1121 1440 1318 1508 ἔθηκεν
1350 1441 1484 1495 αὐτὸ
1525 1443 1585 1495 ἐν
1617 1443 1876 1517 μνημείῳ

298 1520 476 1591 καινῷ
495 1521 525 1575 ὃ
549 1518 618 1593 ἦν
647 1524 1089 1598 λελατομημένον
1112 1532 1175 1585 ἐκ
1200 1532 1429 1603 πέτρας.
1458 1551 1476 1584 »
1508 1534 1641 1598 Καὶ,
1671 1552 1690 1586 ι
1720 1535 1877 1590 Ἐλα-

299 1614 397 1667 6ον
428 1612 524 1669 οὖν
548 1615 611 1670 τὸ
641 1618 801 1688 σῶμα
824 1619 918 1675 τοῦ
942 1622 1119 1701 Ἰησοῦ
1143 1627 1238 1680 καὶ
1262 1625 1460 1697 ἔδησαν
1484 1626 1614 1681 αύτδ
1642 1626 1877 1694 ὀθονίοις

1977 442 2058 503 είς
2082 442 2208 507 τοὺς
2230 446 2495 514 οὐρανοὺς
2520 450 2615 503 καὶ
2638 450 2888 505 ἐκάθισεν
2917 453 2981 506 ἐκ
3008 452 3197 517 δεξιῶν
3226 453 3318 506 τςῦ
3347 453 3535 506 Θεοῦ.»

1979 531 2113 598 Καὶ,
2142 552 2162 585 s
2204 535 2453 603 Ἐγένετο
2481 540 2642 609 ἐν-τῷ
2662 542 2903 610 εὐλογεῖν
2925 543 3085 597 αὐτὸν
3117 544 3337 607 αὐτοὺς,
3362 544 3540 603 διέστη

1976 623 2072 676 ἀπ’
2101 626 2282 679 αὐτῶν
2313 630 2407 683 καὶ
2444 631 2736 700 ἀνεφέρετο
2761 634 2839 696 είς
2864 634 2955 687 τὸν
2984 635 3232 704 οὐρανόν.
3272 654 3290 687 »

2048 717 2155 773 Kal
2185 719 2376 773 πάλιν
2412 723 2738 793 ἐρχόμενον
2776 726 2929 794 μετὰ
2954 726 3142 794 δόξης
3185 728 3381 797 κρῖναι
3408 727 3545 788 τῶν·

1977 824 2086 876 τας
2122 810 2221 863 καὶ
2265 814 2541 880 νεκρούς.
2584 805 2872 886 Ἡράξεων,
2914 837 2933 871 ι
2973 819 3200 886 Ἄνδρες
3249 820 3543 881 Γαλιλαῖοι,

1926 967 1931 972 ,
1979 901 2032 955 τί
2091 892 2379 972 ἑστήκατε
2409 903 2698 972 βλέποντες
2739 908 2821 970 είς
2885 909 2978 961 τὸν
3028 907 3289 977 ούρανόν;
3319 908 3488 971 Οὗτος
3518 911 3546 961 6

1995 992 2198 1063 Ἰησοῦς
2223 998 2250 1050 6
2277 996 2613 1067 ἀναληφθεὶς
2642 998 2735 1067 ἀφ’
2770 999 2923 1067 ὑμῶν
2945 1000 3024 1062 είς
3054 999 3142 1052 τὸν
3175 999 3425 1068 οὐρανὸν,
3456 993 3548 1053 06"-

1980 1104 2073 1151 τος
2122 1088 2406 1142 ἐλεύσεται
2446 1089 2630 1153 πάλιν,
2678 1090 2737 1142 ὃν
2786 1089 2988 1160 τρόπον
3032 1090 3331 1143 ἐθεάσασθε
3385 1092 3548 1145 αὑτὸν

1979 1178 2343 1248 ἀνερχόμενον
2376 1179 2459 1241 είς
2498 1178 2590 1231 τὸν
2623 1179 2873 1245 οὐρανόν.
2923 1198 2942 1230 »
2976 1179 3334 1247 Εύαγγελίου,
3380 1197 3401 1230 «
3438 1181 3549 1232 Καὶ

1978 1265 2098 1319 τότε
2118 1267 2315 1335 ὕφεσθε
2349 1267 2439 1322 τὸν
2471 1269 2597 1322 Υίὸν
2625 1269 2718 1323 τοῦ
2757 1271 3047 1341 ἀνθρώπῳ
3079 1272 3376 1341 ἐρχόμενον
3413 1272 3550 1340 μετὰ

1979 1357 2138 1428 δόξης
2169 1359 2262 1412 ἐπὶ
2292 1359 2403 1413 τῶν
2425 1360 2666 1428 νεφελῶν
2684 1377 2701 1395 ·
2732 1362 2828 1415 καὶ
2849 1363 2973 1415 τότε
3003 1361 3219 1416 καθίσει
3250 1365 3278 1416 6
3305 1362 3433 1424 Υἱὸς
3456 1364 3552 1415 ἀν-

1980 1448 2202 1519 θρώπου
2231 1450 2324 1503 ἐπὶ
2351 1451 2541 1521 θρόνου
2572 1452 2731 1518 δόξης
2768 1453 2955 1517 αὐτοῦ,
2988 1452 3080 1507 καὶ
3118 1454 3548 1525 συναχθήσονται

1978 1541 2289 1613 ἔμπροσθεν
2318 1544 2486 1598 αὐτοῦ
2516 1546 2694 1598 πάντα
2726 1545 2791 1598 τὰ
2827 1546 2978 1616 ἔθνη.
3022 1565 3042 1598 »
3079 1546 3360 1615 Πράξεων,
3403 1564 3419 1596 ι
3458 1546 3549 1599 Οἵ-

1978 1648 2124 1696 τινες
2158 1635 2538 1703 συνεφάγομεν
2565 1636 2675 1706 ,καὶ
2724 1634 3053 1706 συνεπίομεν
3100 1635 3249 1706 αύτῷ
3285 1636 3424 1704 μετὰ
3484 1635 3547 1689 τὸ

302 1706 444 1776 μετὰ
470 1707 581 1761 τῶν
600 1709 931 1798 ἁρῳμάτων,
960 1699 1146 1778 καθὼς
1169 1716 1289 1781 ἔθος
1319 1717 1438 1771 ἐστὶ
1459 1720 1571 1780 τοῖς
1595 1719 1872 1784 Ἰουδαίοις
1908 1699 1949 1754 Β
1977 1724 2274 1790 ἀναστῆναι
2303 1699 2469 1778 αὑτὸν
2497 1703 2568 1779 ἔχ’
2584 1726 2815 1795 νεκρῶν,
2847 1699 3138 1781 καιπάλιν
3172 1699 3549 1798 παρηγγειλεν

299 1799 664 1867 ἐνταφιάζειν.
696 1796 806 1858 Ἦν
860 1805 919 1859 δὲ
957 1807 1016 1860 ἐν
1059 1807 1139 1877 τῷ
1180 1809 1329 1878 τόπῳ
1358 1810 1497 1865 ὅπου
1549 1810 1868 1882 ἐσταυρώθη

299 1894 496 1960 κῆπος,
527 1896 625 1948 καὶ
651 1894 711 1948 ἐν
748 1897 826 1967 τῷ
866 1900 1028 1971 κήπῳ
1056 1903 1323 1973 μνημεῖον
1361 1903 1569 1970 καινὸν,
1617 1906 1675 1958 ἐν
1703 1896 1747 1973 ᾧ
1775 1904 1869 1956 οὐ·

302 1982 447 2037 δέπω
477 1985 649 2049 οὐδεὶς
677 1988 858 2059 ἐτέθη.
902 2008 920 2042 »

374 2077 478 2130 Kal
506 2078 858 2143 ἀναστάντα
884 2082 959 2152 τῇ
989 2085 1158 2153 τρίτῃ
1186 2086 1377 2155 ἡμέρᾳ
1402 2085 1553 2141 κατὰ
1587 2087 1693 2153 τὰς
1720 2089 1872 2157 Γρα-

302 2167 437 2237 sedc.
488 2171 849 2241 Εὖαγγελίου,
910 2176 1225 2239 «Ἀναστὰς
1281 2178 1310 2230 6
1366 2178 1580 2247 Ἰησοῦς
1633 2181 1870 2251 Χριστὸς

301 2260 447 2331 πρωῒ
474 2266 541 2333 τῇ
595 2264 787 2337 πρώτῃ
822 2266 1138 2321 Σασόάτων.
1181 2287 1199 2320 »
1240 2268 1372 2334 Καὶ,
1416 2289 1435 2321 ι
1487 2270 1693 2342 Τρίτην
1729 2271 1867 2343 ἡμέ-

296 2369 398 2421 ραν
441 2352 567 2422 ἇγει
624 2357 864 2426 σήμερον
896 2357 988 2426 ἀφ’
1051 2358 1111 2412 οὗ
1159 2358 1334 2414 ταῦτα
1393 2360 1632 2428 ἐγένετο.
1674 2381 1694 2414 »
1737 2363 1867 2429 Καὶ,

301 2460 321 2494 «
357 2443 627 2507 Ἀναστὰς
658 2445 921 2517 ὁκΊησοῧς
951 2448 1016 2501 ἐκ
1039 2449 1251 2520 νεκρῶν
1276 2450 1406 2522 ἔστη
1439 2454 1498 2504 ἐν
1523 2453 1690 2524 438
1715 2454 1870 2524 μέσῳ

292 2537 411 2589 τῶν
462 2539 746 2608 μαθητῶν,
796 2542 890 2594 καὶ
939 2541 1090 2610 λέγει
1138 2543 1599 2615 αύ.τοῖς,Ἐίρήνη
1653 2547 1805 2615 ὑμῖν.
1843 2565 1862 2598 »

291 2631 432 2691 Καὶ,
478 2650 496 2683 «
532 2632 840 2701 Μνήσθητι,
885 2633 1081 2703 Κύριε,
1113 2635 1190 2698 ὡς
1241 2636 1502 2704 ἐλάλησεν
1536 2638 1668 2707 ἡμῖν
1703 2638 1761 2689 ἐν
1800 2639 1867 2708 τῇ

290 2723 580 2793 Γαλιλαίᾳ,
610 2724 785 2791 λέγων
813 2726 896 2778 ὅτι
926 2729 1018 2779 Δεῖ
1044 2727 1136 2780 τὸν
1169 2727 1298 2781 Υξὸν
1328 2727 1422 2781 τοῦ
1447 2728 1740 2799 ἀνθρώπου
1768 2744 1872 2782 πα-

261 2814 594 2884 εραδοθῆναι
642 2818 723 2880 είς
779 2820 970 2886 χεῖρας
1016 2817 1321 2890 ἀνθρώπων
1366 2821 1730 2891 ἁμαρτωλῶν,
1776 2822 1872 2876 καὶ

289 2906 699 2976 σταυρωθῆναι,
723 2908 817 2961 καὶ.
843 2912 911 2979 τῇ
944 2910 1106 2981 τρίτῃ
1139 2914 1325 2984 ἡμέρᾳ
1346 2913 1673 2983 ἀναστῆναι.
1707 2933 1725 2966 »

368 3000 482 3053 Kal
506 3001 838 3056 ἀνελθόντα
881 3005 972 3069 εἰς
995 3004 1137 3069 τοὺς
1165 3006 1463 3072 οὐρανοὺς
1502 3006 1603 3060 καὶ
1637 3006 1869 3068 καθεζό-

281 3105 486 3158 μενον
536 3089 604 3143 ἐκ
631 3089 852 3155 δεξιῶν
878 3092 986 3147 τοῦ
1031 3094 1283 3161 Πατρός.
1338 3095 1696 3163 Εὐαγγελίου,
1741 3114 1759 3148 «
1801 3098 1866 3150 '0

282 3202 495 3256 cilixus
533 3211 677 3257 est.»
736 3203 936 3259 Paulus
972 3221 987 3258 :
1024 3205 1363 3261 «Cruciﬁxus
1394 3217 1498 3285 .est
1526 3217 1578 3263 et
1621 3210 1868 3278 sepultus

281 3301 345 3347 et
380 3292 683 3348 suscitatus
705 3294 792 3349 die
825 3297 987 3350 tertio
1020 3297 1322 3352 secundum
1357 3296 1731 3367 Scripturas.‘»

369 3383 572 3438 Passus
590 3397 638 3440 et
672 3386 905 3456 sepultus
932 3398 1030 3442 est.
1064 3388 1277 3459 Moyses
1303 3405 1319 3445 :
1350 3391 1601 3461 «Eritque
1628 3393 1737 3445 vita
1777 3402 1867 3447 tua

282 3490 561 3545 suspensa
617 3492 803 3532 coram
860 3481 1057 3535 oculis'
1098 3480 1260 3537 tuis.»
1297 3479 1526 3541 lsaias:_
1555 3480 1866 3551 «Tanquam

282 3581 470 3636 agnus
502 3567 569 3621 ad
619 3572 1005 3624 maetationem
1055 3572 1253 3627 ductus
1276 3578 1413 3635 est,»
1466 3579 1564 3625 et:
1603 3571 1868 3640 «Tergum

285 3672 479 3711 meum
510 3660 880 3727 castigandum
911 3661 1170 3731 praebui.»
1232 3660 1397 3716 David
1427 3679 1440 3713 :
1477 3679 1496 3712 ι
1542 3660 1608 3715 Ut
1637 3663 1870 3731 rastigvr

283 3759 574 3817 paratus.»
609 3749 907 3807 Zacharias
927 3752 1094 3817 «Quid
1131 3754 1234 3808 sibi
1261 3753 1454 3807 volunt
1473 3753 1703 3806 vulnera
1750 3753 1867 3808 haec

287 3841 351 3894 in
416 3842 677 3898 manibus
716 3844 865 3899 tuis?
907 3850 963 3899 et
1011 3845 1386 3912 respondebit,
1424 3845 1748 3899 vulneratus
1774 3843 1870 3913 Siis

286 3945 416 3984 sum
492 3931 549 3986 in
619 3933 897 3989 domicilio
964 3949 1087 3990 meo
1142 3935 1368 3995 dilecto.
1403 3954 1423 3987 »
1477 3934 1866 4004 Evangelium:

291 4021 585 4093 sOportu‘it
623 4025 699 4079 ita
728 4029 839 4095 pati
870 4026 1151 4083 Christum
1184 4038 1242 4082 et
1275 4027 1503 4082 introire
1537 4027 1592 4081 in
1633 4027 1865 4096 gloriam

287 4132 510 4172 suam.»
554 4116 913 4194 Evangelium
945 4137 961 4175 :
1000 4120 1389 4190 «EtJosephus
1416 4136 1541 4175 cum
1567 4120 1871 4190 accepisset

286 4225 518 4280 corpus,
578 4210 807 4267 involvit
851 4200 910 4265 id
948 4212 1182 4268 sindone
1233 4228 1370 4283 pura
1400 4221 1458 4266 et
1490 4212 1780 4268 collocavit
1814 4212 1868 4267 in

286 4285 649 4357 monumento
710 4316 875 4369 novo,
906 4304 1052 4374 quod
1108 4304 1163 4359 in
1201 4319 1336 4359 saxo
1367 4303 1616 4359 excisum
1679 4310 1859 4358 erat.»

1977 1816 2112 1884 ἡμῖν
2135 1815 2371 1885 κηρύξαι
2396 1817 2478 1889 τῷ
2504 1818 2620 1888 λαῷ
2649 1820 2742 1873 καὶ
2769 1818 3248 1896 ᾷιαμαρτὸρασθαι
3273 1820 3355 1871 ὅτι
3385 1819 3546 1880 αὑτός

1977 1907 2125 1959 ἐστιν
2153 1909 2182 1960 6
2209 1909 2513 1977 ὡρισμένος
2537 1910 2641 1963 ὑπ’)
2670 1910 2763 1964 τοῦ
2792 1910 2930 1963 Θεοῦ
2969 1909 3162 1979 κριτὴς
3194 1909 3415 1973 ζώντων
3448 1910 3557 1963 καὶ,

1976 1998 2141 2070 439
2177 2001 2407 2071 νεκρῶν.
2449 2020 2468 2054 »
2503 2003 2721 2072 Δανιὴλ,
2756 2020 2775 2052 ι
2820 2000 3118 2071 Ἐθεώρουν
3146 2001 3252 2062 ἕως
3278 1994 3339 2052 οὗ
3366 1999 3545 2069 θρόνοι

1977 2091 2245 2161 ἐτέθησαν
2274 2095 2369 2148 καὶ
2394 2096 2421 2147 6
2452 2094 2692 2157 Παλαιὸς
2723 2095 2833 2147 τῶν
2863 2093 3086 2164 ἡμερῶν
3110 2091 3351 2154 ἐκάθισε,
3381 2109 3399 2141 »
3431 2091 3544 2153 καὶ,

1985 2200 2004 2233 ι
2050 2181 2178 2237 Ἰδοὺ
2228 2185 2257 2236 6
2285 2184 2414 2246 Υἱὸς
2443 2184 2539 2237 τοῦ
2586 2184 2877 2254 ἀνθρώπου
2919 2186 3009 2236 ἐπὶ
3036 2183 3275 2252 νεφελῶν
3316 2182 3547 2251 ἐρχόμε-

1979 2290 2090 2338 νος,
2121 2292 2140 2325 »
2175 2276 2271 2327 καὶ
2306 2294 2325 2325 «
2359 2275 2503 2338 Ἕως
2531 2275 2625 2328 τοῦ
2662 2275 2900 2331 Παλαιοῦ
2923 2276 3031 2327 τῶν
3062 2274 3290 2343 ἡμερῶν
3318 2274 3543 2342 ἔφθασε,

1980 2366 2075 2421 καὶ
2114 2365 2265 2434 αύτῷ
2299 2366 2454 2436 ἐδόθη
2484 2369 2517 2437 ἡ
2550 2369 2685 2437 τιμὴ
2717 2368 2813 2420 καὶ
2844 2368 2874 2437 ἡ
2903 2367 3140 2430 ἐξουσία.
3178 2384 3197 2415 »

2045 2456 2129 2515 Οὗ
2171 2459 2281 2527 τῆς
2327 2459 2654 2524 βασιλείας
2686 2461 2797 2512 οὐκ
2846 2460 3017 2514 ἔσται
3078 2458 3277 2523 τέλος.
3328 2456 3589 2522 Δανιὴλ,.

1986 2566 2005 2599 «
2044 2548 2152 2600 Kal
2178 2548 2210 2615 ἡ
2248 2547 2498 2615 βασιλεία
2529 2548 2694 2601 αὐτοῦ
2721 2547 2959 2612 αἰώνιος,
2994 2547 3087 2600 καὶ
3117 2550 3149 2618 ἡ
3182 2546 3425 2617 βασιλεία
3455 2547 3549 2599 αύ-

1979 2637 2072 2690 τοῦ
2105 2636 2220 2705 λαῷ
2263 2638 2438 2709 ἑτέρῳ
2477 2638 2573 2708 οὐχ
2604 2638 3071 2709 ύποληφθήσεται.
3112 2656 3131 2689 »
3191 2636 3545 2703 Εὑαγγελίου,

1987 2745 2006 2781 t
2037 2728 2147 2781 Καὶ
2184 2727 2493 2796 βασιλεύσει
2518 2730 2608 2780 ἐπὶ
2637 2729 2730 2781 τὸν
2762 2724 2911 2781 οἷκον
2941 2728 3138 2782 Ἰακὼὸ
3166 2730 3246 2789 εἰς
3273 2727 3396 2788 τοὺς
3418 2725 3549 2780 αἰῶ-

1980 2834 2097 2881 νας,
2125 2818 2220 2870 καὶ
2249 2817 2350 2887 τῆς
2375 2809 2659 2886 βασιλείας
2691 2816 2855 2871 αὐτοῦ
2886 2818 2988 2870 οὐκ
3010 2817 3164 2870 ἔσται
3198 2818 3368 2880 τέλος.
3419 2835 3438 2867 ο
3478 2825 3490 2831 “

2050 2907 2124 2960 Τὸ
2156 2907 2355 2977 ἐφεξῆς
2381 2909 2634 2961 ἐντεῦθεν
2660 2909 2754 2961 τοῦ
2784 2908 2929 2978 ἱεροῦ
2957 2908 3224 2978 συμϐόλου
3260 2909 3292 2977 ἡ
3322 2907 3548 2978 δευτέρα

1981 3000 2111 3068 ἁγία
2141 3000 2235 3055 καὶ
2272 3001 2629 3072 οίκουμενικὴ
2663 3001 2881 3066 σύνοδος
2910 3003 3233 3072 ἀπήρτισεν.

2041 3093 2153 3145 Καὶ
2176 3094 2266 3158 είς
2292 3092 2356 3146 τὸ
2394 3093 2637 3162 Πνεῦμα
2668 3094 2734 3146 τὸ
2766 3092 2961 3159 ἅγιον.
2998 3093 3355 3161 Εὑαγγελίου,
3387 3111 3406 3145 «
3443 3094 3549 3146 Bot-

1971 3203 2320 3275 Evangelium
2344 3223 2357 3260 :
2383 3225 2403 3257 «
2439 3205 2703 3261 Dominus
2731 3206 2917 3277 igitur,
2941 3214 3226 3276 postquam
3242 3206 3453 3261 locutus
3467 3217 3550 3263 est

1970 3309 2094 3349 cum
2153 3296 2240 3363 iis,
2293 3306 2581 3365 susceptus
2636 3306 2718 3353 est
2773 3301 2826 3352 in
2886 3299 3057 3354 caelos
3082 3308 3136 3353 et
3164 3300 3417 3355 consedit
3480 3299 3551 3377 ad
3640 3353 3643 3356 .

1972 3387 2215 3442 dextram
2248 3386 2396 3440 Dei.»
2434 3386 2534 3440 Et:
2570 3405 2589 3439 «
2628 3388 2864 3454 Accidit,
2909 3398 2990 3457 ut,
3045 3390 3178 3461 dum
3206 3389 3553 3445 henediceret

1973 3471 2039 3530 iis
2063 3517 2077 3539 ,
2108 3476 2420 3545 disiunctus
2460 3477 2528 3531 ab
2563 3478 2653 3543 iis,
2692 3494 2910 3533 sursum
2953 3478 3187 3533 ferretur
3212 3479 3262 3533 in
3295 3479 3545 3534 caelum.»

2045 3566 2115 3620 Et
2132 3566 2334 3621 iterum
2376 3577 2627 3621 venturas
2650 3578 2725 3622 est
2747 3585 2865 3623 cum
2897 3569 3091 3638 gloria.
3117 3571 3364 3640 judicare
3408 3573 3545 3626 vivos

1975 3668 2023 3711 et
2050 3666 2299 3721 mortuos.
2330 3648 2501 3711 Acta:
2546 3657 2692 3712 «Viri
2726 3658 2958 3724 Galilzei,
2986 3661 3116 3729 quid
3144 3662 3302 3716 statis
3334 3663 3550 3715 intuen-

1975 3754 2057 3799 tes
2095 3746 2149 3797 in
2178 3745 2375 3800 caelum
2401 3746 2423 3799 Ἰ
2448 3744 2609 3801 Jesus
2641 3746 2749 3812 hic,
2777 3750 2871 3817 qui
2907 3748 3217 3818 disiunctus
3246 3766 3276 3804 a
3312 3752 3469 3804 vobis
3495 3760 3552 3805 et

1973 3847 2191 3888 sursum
2252 3842 2498 3903 receptus
2542 3845 2628 3890 est
2681 3836 2738 3892 in
2793 3838 3014 3902 cretum,
3075 3839 3272 3895 iterum
3346 3842 3546 3902 veniet.

1973 3923 2436 3992 quemadmodum
2483 3925 2698 3984 vidistis
2739 3941 2864 3981 eum
2911 3915 3295 3985 aseenJeutem
3342 3930 3396 4001 in
3431 3945 3548 3988 co:-

1972 4015 2138 4071 lum.»
2175 4016 2559 4088 Evangelium:
2594 4020 2762 4074 «Tum
2782 4018 3038 4076 videbitis
3066 4020 3273 4076 Filium
3307 4021 3547 4077 hominis

1974 4110 2285 4163 venientem
2326 4104 2451 4164 cum
2489 4113 2661 4180 gloria
2695 4112 2751 4166 in
2781 4111 3060 4178 nubibus;
3096 4117 3151 4167 et
3184 4123 3311 4168 tum
3333 4114 3548 4171 sedebit

1973 4197 2144 4254 Filius
2204 4200 2445 4255 hominis
2494 4201 2549 4255 in
2613 4203 2809 4256 throno
2872 4203 3055 4272 gloriae
3103 4214 3322 4267 suae,et
3348 4219 3547 4276 cogen-

1969 4300 2063 4346 tur
2129 4308 2313 4347 coram
2370 4308 2435 4348 eo
2486 4307 2677 4350 omnes
2728 4303 2939 4362 gentes.
2977 4314 2996 4346 »
3037 4298 3171 4350 Acta
3207 4312 3221 4349 :
3262 4295 3393 4363 «Qui
3425 4298 3545 4352 edi-

286 4394 357 4447 Ει
390 4410 405 4446 :
443 4394 815 4463 «Acceperunt
838 4394 1006 4464 igitur
1030 4410 1229 4464 corpus
1257 4393 1389 4450 Jesu
1418 4403 1473 4449 et
1497 4395 1865 4450 obvinxerunt

1986 4400 2095 4439 mus
2124 4394 2179 4439 et
2204 4384 2446 4439 bibimus
2492 4401 2615 4440 cum
2643 4400 2709 4440 eo
2737 4401 2770 4440 e
2811 4387 3045 4442 mortuis
3074 4386 3365 4454 suscitato,
3407 4404 3537 4442 rur-

286 4484 345 4537 id
370 4477 553 4540 linteis
583 4499 709 4540 cum
732 4486 1094 4553 aromatibus,
1127 4487 1271 4542 sicut
1294 4500 1413 4541 mos
1441 4494 1527 4541 est
1548 4483 1751 4541 Iudaeis
1784 4485 1866 4540 fu-

284 4590 507 4630 nerare.
533 4573 663 4630 Erat
681 4584 862 4632 autem
885 4577 1080 4632 hortus
1102 4576 1159 4631 iu
1188 4591 1255 4631 eo
1276 4576 1419 4643 loco,
1446 4576 1538 4630 ubi
1563 4575 1869 4632 cruxiﬁxus

286 4668 491 4728 ﬁxerat,
542 4678 595 4722 et
623 4669 677 4723 in
711 4669 872 4724 horto
913 4677 1328 4725 monumentum
1391 4683 1622 4736 novum,
1658 4670 1714 4723 in
1752 4685 1866 4739 quo

284 4769 454 4809 nemo
481 4756 611 4810 dum
645 4760 855 4826 positus
886 4766 1060 4811 erat.»

364 4848 435 4902 Et
451 4852 735 4904 resurrexit
760 4852 915 4905 tertio
935 4852 1021 4907 die
1031 4852 1318 4906 secundum
1341 4852 1672 4920 εει-ἔρωτας.
1693 4849 1871 4905 Evan-

190 4978 201 4993 .
285 4941 495 5008 gelium
527 4958 543 4997 :
581 4960 601 4994 ι
630 4942 956 4998 Resurrexit
999 4944 1160 4999 Iesus
1194 4942 1452 4999 Christus
1493 4957 1655 4997 mane
1688 4943 1869 5012 primo

286 5029 382 5085 die
431 5031 840 5086 hebdomadis.»
877 5031 974 5087 Et:
1010 5033 1167 5088 «Dies
1222 5034 1422 5087 tertius
1454 5033 1613 5087 hodie
1646 5042 1752 5095 est,
1790 5047 1863 5086 ex

282 5134 402 5189 quo
433 5120 549 5175 hac
584 5119 726 5175 facta
745 5129 928 5176 sunt.»
953 5130 1010 5176 et
1036 5141 1049 5176 :
1083 5142 1103 5176 «
1140 5122 1300 5179 Jesus
1327 5138 1450 5178 cum
1470 5122 1868 5178 resurrexisset

284 5228 319 5267 e
353 5213 606 5277 mortuis,
658 5213 799 5268 inter
862 5214 1073 5269 medios
1133 5214 1436 5284 discipulos
1476 5229 1606 5269 suos
1669 5212 1865 5278 adfuit,

286 5304 544 5371 dixitque
593 5302 685 5370 iis,
720 5304 832 5358 Pax
868 5313 988 5359 esto
1042 5304 1386 5359 vobiscum.»
1413 5313 1505 5359 et:
1542 5301 1864 5365 «Memento,

293 5391 551 5456 Domine,
575 5393 780 5448 dixisse
808 5409 933 5447 eum
965 5395 1126 5449 nobis
1161 5394 1215 5448 iu
1266 5394 1508 5457 Galilaea,
1535 5392 1732 5447 Filium
1767 5392 1870 5446 ho-

291 5480 465 5535 minis
481 5492 736 5550 oportere
755 5483 896 5538 trndi
928 5484 980 5538 in
1005 5500 1200 5540 manus
1218 5485 1502 5540 hominum
1523 5483 1868 5555 peccantium

294 5582 355 5627 et
377 5573 617 5644 ρι’ηοίθεί
636 5584 691 5629 et
719 5576 810 5631 die
837 5576 999 5632 tertio
1036 5591 1374 5647 resurgere.»

370 5663 439 5717 Et
471 5667 708 5722 ascendit
735 5668 805 5723 ad
832 5668 1010 5739 mlas,
1043 5678 1092 5725 et
1124 5671 1265 5725 sedet
1291 5669 1360 5722 ad
1390 5668 1637 5722 dextram
1665 5664 1867 5739 Patris,

1974 4491 2208 4545 sumque
2269 4476 2428 4531 nobis
2471 4476 2769 4540 mandavit,
2804 4490 2865 4530 ut
2923 4478 3308 4533 nuntiaremus
3348 4481 3545 4550 populo

1971 4576 2025 4623 et
2054 4576 2400 4632 testaremnr,
2431 4582 2552 4623 sese
2574 4567 2706 4624 esse
2724 4583 2755 4623 a
2778 4567 2890 4623 Deo
2914 4570 3276 4623 constitutum
3300 4570 3543 4639 judicent

1975 4660 2269 4714 viventium
2300 4670 2355 4714 et
2388 4669 2752 4716 mortuorum.
2790 4678 2809 4711 »
2848 4659 3034 4714 Daniel
3066 4676 3080 4713 :
3126 4680 3145 4712 «
3188 4660 3448 4715 Videbam
3479 4676 3544 4716 eo

1970 4766 2166 4821 usque,
2193 4752 2285 4805 ubi
2319 4752 2500 4806 tln‘oni
2525 4752 2810 4807 constituti
2838 4761 2999 4806 erant
3033 4761 3088 4807 et
3128 4752 3402 4821 Antiquos
3435 4753 3547 4806 die-

1969 4858 2091 4897 rum
2123 4843 2422 4905 consedit.»
2454 4851 2546 4897 et:
2588 4861 2607 4894 «
2638 4843 2780 4897 Ecce
2813 4841 3010 4896 Filium
3046 4842 3288 4897 hominis
3318 4844 3546 4896 venieno

1970 4925 2135 4999 tem,»
2165 4944 2258 4990 et:
2300 4934 2517 5005 «Usque
2550 4936 2680 4990 dum
2713 4936 2989 5004 Antiquus
3020 4934 3230 4989 dierum
3263 4935 3474 4989 veniret
3492 4943 3547 4989 et

1971 5028 2147 5082 honor
2178 5028 2228 5082 ei
2258 5042 2322 5082 ac
2350 5028 2594 5097 potestas
2624 5028 2905 5081 daretur.»

2041 5119 2207 5188 Cujus
2246 5121 2393 5192 regni
2428 5137 2533 5201 non
2582 5122 2682 5174 erit
2729 5119 2874 5185 finis.
2904 5119 3129 5174 Daniel:
3168 5136 3186 5169 «
3218 5116 3284 5172 Et
3308 5131 3549 5187 regnum.
3658 5188 3663 5191 _

1969 5213 2087 5281 ejus
2119 5224 2384 5267 αξιοι-ηοω
2417 5215 2545 5276 erit,
2601 5227 2701 5266 nec
2744 5214 2938 5265 aliena:
2974 5212 3123 5280 genti
3154 5209 3535 5277 subjicietur.»

1970 5305 2361 5372 Evangelium:
2401 5322 2421 5356 ς
2462 5304 2526 5357 Ει
2582 5302 2827 5370 regnabit
2886 5302 2938 5355 in
2997 5301 3161 5356 domo
3210 5299 3399 5356 Jacobi
3447 5315 3544 5370 per

1968 5395 2150 5450 omnia
2172 5395 2389 5456 sarcula.
2424 5408 2522 5447 nec
2554 5395 2660 5447 erit
2688 5392 2810 5445 linis
2834 5393 2983 5462 regni
3014 5394 3187 5462 ejus.»

2039 5481 2170 5547 Quae
2193 5485 2317 5535 hinc
2335 5482 2582 5549 sequitur
2600 5487 2780 5535 sancti
2803 5480 3046 5550 Symboli
3069 5497 3217 5550 pars.
3238 5496 3271 5536 a
3293 5480 3533 5536 secunda

1971 5581 2157 5626 sancta
2197 5580 2249 5625 et
2286 5571 2622 5625 (ecumenica
2663 5571 2871 5641 synodo
2898 5571 3083 5626 addita
3116 5579 3219 5625 est.

2045 5664 2117 5718 Et
2170 5665 2225 5720 in
2251 5663 2513 5736 Spiritum
2565 5676 2838 5737 sanetum.
2878 5658 3539 5738 Evangeliumz'oﬂapti-
3610 5708 3666 5738 ,.
