  <div class='ocr_page' id='page_1' title='image "/cluster/home/n/w/nwhite01/storage/ocr_20150623/156/hvd.32044073502650/525.png"; bbox 0 0 3964 6188; ppageno 0'>
   <div class='ocr_carea' id='block_1_1' title="bbox 383 345 526 408">
    <p class='ocr_par' dir='ltr' id='par_1_1' title="bbox 383 345 526 408">
     <span class='ocr_line' id='line_1_1' title="bbox 383 345 526 408; baseline -0.014 0"><span class='ocrx_word' id='word_1_1' title='bbox 383 345 526 408; x_wconf 66' lang='grc' dir='ltr'>ἷθὲθ</span> 
     </span>
    </p>
   </div>
   <div class='ocr_carea' id='block_1_2' title="bbox 1616 331 2400 393">
    <p class='ocr_par' dir='ltr' id='par_1_2' title="bbox 1616 331 2400 393">
     <span class='ocr_line' id='line_1_2' title="bbox 1616 331 2400 393; baseline -0.003 -2"><span class='ocrx_word' id='word_1_2' title='bbox 1616 333 1937 392; x_wconf 76' lang='lat' dir='ltr'>GEORGII</span> <span class='ocrx_word' id='word_1_3' title='bbox 1976 333 2179 393; x_wconf 74' lang='lat' dir='ltr'><strong>PHRA</strong></span> <span class='ocrx_word' id='word_1_4' title='bbox 2193 331 2400 393; x_wconf 70' lang='grc' dir='ltr'>ΝΤΖΈ</span> 
     </span>
    </p>
   </div>
   <div class='ocr_carea' id='block_1_3' title="bbox 3503 329 3644 395">
    <p class='ocr_par' dir='ltr' id='par_1_3' title="bbox 3503 329 3644 395">
     <span class='ocr_line' id='line_1_3' title="bbox 3503 329 3644 395; baseline -0.014 -1"><span class='ocrx_word' id='word_1_5' title='bbox 3503 329 3566 394; x_wconf 72' lang='grc' dir='ltr'>ίθ</span> <span class='ocrx_word' id='word_1_6' title='bbox 3583 330 3644 395; x_wconf 75' lang='grc' dir='ltr'>ἱθ</span> 
     </span>
    </p>
   </div>
   <div class='ocr_carea' id='block_1_4' title="bbox 464 426 3650 525">
    <p class='ocr_par' dir='ltr' id='par_1_4' title="bbox 464 426 3650 525">
     <span class='ocr_line' id='line_1_4' title="bbox 464 426 3650 525; baseline -0.002 -18"><span class='ocrx_word' id='word_1_7' title='bbox 464 455 626 524; x_wconf 81' lang='grc' dir='ltr'>Ἐμοῦ</span> <span class='ocrx_word' id='word_1_8' title='bbox 654 453 709 507; x_wconf 79' lang='grc' dir='ltr'>δὲ</span> <span class='ocrx_word' id='word_1_9' title='bbox 734 450 986 519; x_wconf 75' lang='grc' dir='ltr'>κειμένου</span> <span class='ocrx_word' id='word_1_10' title='bbox 1011 450 1066 501; x_wconf 89' lang='grc' dir='ltr'>ἐν</span> <span class='ocrx_word' id='word_1_11' title='bbox 1091 447 1306 518; x_wconf 77' lang='grc' dir='ltr'>φυλακῇ</span> <span class='ocrx_word' id='word_1_12' title='bbox 1337 447 1548 517; x_wconf 81' lang='grc' dir='ltr'>ἡμέρας</span> <span class='ocrx_word' id='word_1_13' title='bbox 1577 451 1650 514; x_wconf 82' lang='grc' dir='ltr'>μ’,</span> <span class='ocrx_word' id='word_1_14' title='bbox 1681 445 1757 508; x_wconf 84' lang='grc' dir='ltr'>ὡς</span> <span class='ocrx_word' id='word_1_15' title='bbox 1789 440 1959 514; x_wconf 78' lang='grc' dir='ltr'>ἦλθεν</span> <span class='ocrx_word' id='word_1_16' title='bbox 1990 469 2034 525; x_wconf 67' lang='grc' dir='ltr'><strong>Α</strong></span> <span class='ocrx_word' id='word_1_17' title='bbox 2065 449 2158 500; x_wconf 71' lang='grc' dir='ltr'>καὶ</span> <span class='ocrx_word' id='word_1_18' title='bbox 2199 449 2308 501; x_wconf 75' lang='grc' dir='ltr'>ἰδοὺ</span> <span class='ocrx_word' id='word_1_19' title='bbox 2353 448 2426 510; x_wconf 86' lang='grc' dir='ltr'>ώς</span> <span class='ocrx_word' id='word_1_20' title='bbox 2459 448 2698 518; x_wconf 79' lang='grc' dir='ltr'>βλέπεις,</span> <span class='ocrx_word' id='word_1_21' title='bbox 2740 449 3104 519; x_wconf 74' lang='grc' dir='ltr'>ἐσηκώθημεν</span> <span class='ocrx_word' id='word_1_22' title='bbox 3146 449 3245 503; x_wconf 75' lang='grc' dir='ltr'>καὶ</span> <span class='ocrx_word' id='word_1_23' title='bbox 3286 448 3529 518; x_wconf 76' lang='grc' dir='ltr'>ήλθομεν</span> <span class='ocrx_word' id='word_1_24' title='bbox 3564 426 3650 512; x_wconf 80' lang='grc' dir='ltr'>είς</span> 
     </span>
    </p>
   </div>
   <div class='ocr_carea' id='block_1_5' title="bbox 382 536 1958 620">
    <p class='ocr_par' dir='ltr' id='par_1_5' title="bbox 382 536 1958 620">
     <span class='ocr_line' id='line_1_5' title="bbox 382 536 1958 620; baseline -0.008 -19"><span class='ocrx_word' id='word_1_25' title='bbox 382 555 414 620; x_wconf 71' lang='grc' dir='ltr'><strong>ἡ</strong></span> <span class='ocrx_word' id='word_1_26' title='bbox 446 550 632 618; x_wconf 80' lang='grc' dir='ltr'>μνήμη</span> <span class='ocrx_word' id='word_1_27' title='bbox 666 544 759 597; x_wconf 93' lang='grc' dir='ltr'>τοῦ</span> <span class='ocrx_word' id='word_1_28' title='bbox 785 539 1152 610; x_wconf 86' lang='grc' dir='ltr'>ἐλευθερωτοῦ</span> <span class='ocrx_word' id='word_1_29' title='bbox 1179 539 1290 592; x_wconf 85' lang='grc' dir='ltr'>τῶν</span> <span class='ocrx_word' id='word_1_30' title='bbox 1321 537 1706 608; x_wconf 79' lang='grc' dir='ltr'>αἰχμαλώτων,</span> <span class='ocrx_word' id='word_1_31' title='bbox 1735 536 1830 590; x_wconf 89' lang='grc' dir='ltr'>τοῦ</span> <span class='ocrx_word' id='word_1_32' title='bbox 1863 554 1958 603; x_wconf 84' lang='grc' dir='ltr'>με·</span> 
     </span>
    </p>
   </div>
   <div class='ocr_carea' id='block_1_6' title="bbox 383 630 1954 710">
    <p class='ocr_par' dir='ltr' id='par_1_6' title="bbox 383 630 1954 710">
     <span class='ocr_line' id='line_1_6' title="bbox 383 630 1954 710; baseline -0.008 -15"><span class='ocrx_word' id='word_1_33' title='bbox 383 640 802 710; x_wconf 76' lang='grc' dir='ltr'>γαλομάρτυρος</span> <span class='ocrx_word' id='word_1_34' title='bbox 847 635 1088 706; x_wconf 77' lang='grc' dir='ltr'>δηλονότι</span> <span class='ocrx_word' id='word_1_35' title='bbox 1136 633 1435 704; x_wconf 86' lang='grc' dir='ltr'>Γεωργίου,</span> <span class='ocrx_word' id='word_1_36' title='bbox 1483 631 1712 701; x_wconf 89' lang='grc' dir='ltr'>ἐδεήθην</span> <span class='ocrx_word' id='word_1_37' title='bbox 1766 630 1954 694; x_wconf 88' lang='grc' dir='ltr'>αὐτοῦ,</span> 
     </span>
    </p>
   </div>
   <div class='ocr_carea' id='block_1_7' title="bbox 380 722 1958 800">
    <p class='ocr_par' dir='ltr' id='par_1_7' title="bbox 380 722 1958 800">
     <span class='ocr_line' id='line_1_7' title="bbox 380 722 1958 800; baseline -0.007 -13"><span class='ocrx_word' id='word_1_38' title='bbox 380 735 456 794; x_wconf 84' lang='grc' dir='ltr'>ὡς</span> <span class='ocrx_word' id='word_1_39' title='bbox 492 731 647 800; x_wconf 79' lang='grc' dir='ltr'>κάγὼ</span> <span class='ocrx_word' id='word_1_40' title='bbox 677 729 969 799; x_wconf 88' lang='grc' dir='ltr'>Γεώργιος,</span> <span class='ocrx_word' id='word_1_41' title='bbox 1007 729 1099 781; x_wconf 70' lang='grc' dir='ltr'>καὶ</span> <span class='ocrx_word' id='word_1_42' title='bbox 1127 725 1402 780; x_wconf 71' lang='grc' dir='ltr'>παιδιόθεν</span> <span class='ocrx_word' id='word_1_43' title='bbox 1436 724 1623 785; x_wconf 85' lang='grc' dir='ltr'>δοῦλος</span> <span class='ocrx_word' id='word_1_44' title='bbox 1649 722 1837 788; x_wconf 86' lang='grc' dir='ltr'>αὐτοῦ,</span> <span class='ocrx_word' id='word_1_45' title='bbox 1871 723 1958 776; x_wconf 75' lang='grc' dir='ltr'>ἵνα</span> 
     </span>
    </p>
   </div>
   <div class='ocr_carea' id='block_1_8' title="bbox 381 815 1958 896">
    <p class='ocr_par' dir='ltr' id='par_1_8' title="bbox 381 815 1958 896">
     <span class='ocr_line' id='line_1_8' title="bbox 381 815 1958 896; baseline -0.008 -17"><span class='ocrx_word' id='word_1_46' title='bbox 381 826 633 896; x_wconf 81' lang='grc' dir='ltr'>λυτρώσῃ</span> <span class='ocrx_word' id='word_1_47' title='bbox 665 841 728 893; x_wconf 86' lang='grc' dir='ltr'>με</span> <span class='ocrx_word' id='word_1_48' title='bbox 755 823 862 876; x_wconf 87' lang='grc' dir='ltr'>τῶν</span> <span class='ocrx_word' id='word_1_49' title='bbox 896 823 1108 888; x_wconf 83' lang='grc' dir='ltr'>δεσμῶν</span> <span class='ocrx_word' id='word_1_50' title='bbox 1138 837 1152 852; x_wconf 71' lang='grc' dir='ltr'><strong><em>ο</em></strong></span> <span class='ocrx_word' id='word_1_51' title='bbox 1183 819 1276 872; x_wconf 76' lang='grc' dir='ltr'>καὶ</span> <span class='ocrx_word' id='word_1_52' title='bbox 1300 818 1664 886; x_wconf 86' lang='grc' dir='ltr'>ἀφυπνισθε“ις</span> <span class='ocrx_word' id='word_1_53' title='bbox 1692 815 1838 880; x_wconf 78' lang='grc' dir='ltr'>ἔδοξέ</span> <span class='ocrx_word' id='word_1_54' title='bbox 1870 833 1958 884; x_wconf 89' lang='grc' dir='ltr'>μοι</span> 
     </span>
    </p>
   </div>
   <div class='ocr_carea' id='block_1_9' title="bbox 382 909 1960 988">
    <p class='ocr_par' dir='ltr' id='par_1_9' title="bbox 382 909 1960 988">
     <span class='ocr_line' id='line_1_9' title="bbox 382 909 1960 988; baseline -0.006 -17"><span class='ocrx_word' id='word_1_55' title='bbox 382 920 464 973; x_wconf 84' lang='grc' dir='ltr'>ὅτι</span> <span class='ocrx_word' id='word_1_56' title='bbox 495 918 724 988; x_wconf 86' lang='grc' dir='ltr'>εὐρέθην</span> <span class='ocrx_word' id='word_1_57' title='bbox 755 918 833 976; x_wconf 83' lang='grc' dir='ltr'>είς</span> <span class='ocrx_word' id='word_1_58' title='bbox 863 914 953 967; x_wconf 79' lang='grc' dir='ltr'>τὸν</span> <span class='ocrx_word' id='word_1_59' title='bbox 987 912 1289 982; x_wconf 83' lang='grc' dir='ltr'>περικαλλῆ</span> <span class='ocrx_word' id='word_1_60' title='bbox 1317 911 1443 964; x_wconf 81' lang='grc' dir='ltr'>ναὸν</span> <span class='ocrx_word' id='word_1_61' title='bbox 1469 909 1560 963; x_wconf 74' lang='grc' dir='ltr'>τὸν</span> <span class='ocrx_word' id='word_1_62' title='bbox 1593 912 1673 971; x_wconf 73' lang='grc' dir='ltr'>εἰς</span> <span class='ocrx_word' id='word_1_63' title='bbox 1702 911 1761 962; x_wconf 85' lang='lat'>16</span> <span class='ocrx_word' id='word_1_64' title='bbox 1789 910 1960 977; x_wconf 73' lang='grc' dir='ltr'>ὄνομα</span> 
     </span>
    </p>
   </div>
   <div class='ocr_carea' id='block_1_10' title="bbox 385 1001 1959 1075">
    <p class='ocr_par' dir='ltr' id='par_1_10' title="bbox 385 1001 1959 1075">
     <span class='ocr_line' id='line_1_10' title="bbox 385 1001 1959 1075; baseline -0.007 -13"><span class='ocrx_word' id='word_1_65' title='bbox 385 1011 549 1062; x_wconf 79' lang='grc' dir='ltr'>αὐτοῦ</span> <span class='ocrx_word' id='word_1_66' title='bbox 579 1009 685 1062; x_wconf 85' lang='grc' dir='ltr'>τῶν</span> <span class='ocrx_word' id='word_1_67' title='bbox 715 1006 1028 1074; x_wconf 82' lang='grc' dir='ltr'>Μαγγάνων</span> <span class='ocrx_word' id='word_1_68' title='bbox 1059 1003 1212 1075; x_wconf 64' lang='lat' dir='ltr'>[MSS]</span> <span class='ocrx_word' id='word_1_69' title='bbox 1242 1002 1731 1072; x_wconf 77' lang='grc' dir='ltr'>ἐπονομαζόμενον,</span> <span class='ocrx_word' id='word_1_70' title='bbox 1761 1003 1840 1064; x_wconf 78' lang='grc' dir='ltr'>εἰς</span> <span class='ocrx_word' id='word_1_71' title='bbox 1863 1001 1959 1070; x_wconf 83' lang='grc' dir='ltr'>τὴν</span> 
     </span>
    </p>
   </div>
   <div class='ocr_carea' id='block_1_11' title="bbox 384 1093 1958 1170">
    <p class='ocr_par' dir='ltr' id='par_1_11' title="bbox 384 1093 1958 1170">
     <span class='ocr_line' id='line_1_11' title="bbox 384 1093 1958 1170; baseline -0.007 -15"><span class='ocrx_word' id='word_1_72' title='bbox 384 1104 585 1170; x_wconf 85' lang='grc' dir='ltr'>φιάλην</span> <span class='ocrx_word' id='word_1_73' title='bbox 621 1101 907 1168; x_wconf 83' lang='grc' dir='ltr'>ἱστάμενος</span> <span class='ocrx_word' id='word_1_74' title='bbox 942 1099 1037 1151; x_wconf 71' lang='grc' dir='ltr'>καὶ</span> <span class='ocrx_word' id='word_1_75' title='bbox 1075 1097 1260 1166; x_wconf 84' lang='grc' dir='ltr'>φορῶν</span> <span class='ocrx_word' id='word_1_76' title='bbox 1298 1094 1393 1147; x_wconf 68' lang='grc' dir='ltr'>καὶ</span> <span class='ocrx_word' id='word_1_77' title='bbox 1425 1095 1494 1147; x_wconf 84' lang='grc' dir='ltr'>τά</span> <span class='ocrx_word' id='word_1_78' title='bbox 1544 1094 1770 1162; x_wconf 82' lang='grc' dir='ltr'>σιδηρᾶ·</span> <span class='ocrx_word' id='word_1_79' title='bbox 1812 1093 1958 1161; x_wconf 90' lang='grc' dir='ltr'>διερ-</span> 
     </span>
    </p>
   </div>
   <div class='ocr_carea' id='block_1_12' title="bbox 383 1179 1959 1261">
    <p class='ocr_par' dir='ltr' id='par_1_12' title="bbox 383 1179 1959 1261">
     <span class='ocr_line' id='line_1_12' title="bbox 383 1179 1959 1261; baseline -0.01 -17"><span class='ocrx_word' id='word_1_80' title='bbox 383 1193 612 1261; x_wconf 80' lang='grc' dir='ltr'>χομένου</span> <span class='ocrx_word' id='word_1_81' title='bbox 632 1191 687 1242; x_wconf 73' lang='grc' dir='ltr'>δὲ</span> <span class='ocrx_word' id='word_1_82' title='bbox 714 1189 806 1241; x_wconf 80' lang='grc' dir='ltr'>τοῦ</span> <span class='ocrx_word' id='word_1_83' title='bbox 835 1187 1098 1256; x_wconf 86' lang='grc' dir='ltr'>βασιλέως</span> <span class='ocrx_word' id='word_1_84' title='bbox 1120 1186 1259 1251; x_wconf 84' lang='grc' dir='ltr'>τάχα</span> <span class='ocrx_word' id='word_1_85' title='bbox 1293 1184 1377 1235; x_wconf 83' lang='grc' dir='ltr'>ἵνα</span> <span class='ocrx_word' id='word_1_86' title='bbox 1406 1185 1488 1244; x_wconf 87' lang='grc' dir='ltr'>εἱς</span> <span class='ocrx_word' id='word_1_87' title='bbox 1507 1182 1606 1251; x_wconf 82' lang='grc' dir='ltr'>τὴν</span> <span class='ocrx_word' id='word_1_88' title='bbox 1633 1179 1959 1233; x_wconf 77' lang='grc' dir='ltr'>ἀκολουθίαν</span> 
     </span>
    </p>
   </div>
   <div class='ocr_carea' id='block_1_13' title="bbox 385 1270 1962 1350">
    <p class='ocr_par' dir='ltr' id='par_1_13' title="bbox 385 1270 1962 1350">
     <span class='ocr_line' id='line_1_13' title="bbox 385 1270 1962 1350; baseline -0.007 -18"><span class='ocrx_word' id='word_1_89' title='bbox 385 1282 483 1350; x_wconf 75' lang='grc' dir='ltr'>τῆς</span> <span class='ocrx_word' id='word_1_90' title='bbox 515 1278 808 1348; x_wconf 71' lang='grc' dir='ltr'>ἐκκλησίας</span> <span class='ocrx_word' id='word_1_91' title='bbox 839 1275 1073 1344; x_wconf 85' lang='grc' dir='ltr'>ἀπέλθῃ,</span> <span class='ocrx_word' id='word_1_92' title='bbox 1107 1274 1333 1343; x_wconf 79' lang='grc' dir='ltr'>ἐδεήθην</span> <span class='ocrx_word' id='word_1_93' title='bbox 1361 1273 1553 1336; x_wconf 86' lang='grc' dir='ltr'>αὐτοῦ,</span> <span class='ocrx_word' id='word_1_94' title='bbox 1585 1270 1672 1324; x_wconf 80' lang='grc' dir='ltr'>ἴνα</span> <span class='ocrx_word' id='word_1_95' title='bbox 1711 1287 1777 1340; x_wconf 91' lang='grc' dir='ltr'>με</span> <span class='ocrx_word' id='word_1_96' title='bbox 1810 1271 1962 1322; x_wconf 89' lang='grc' dir='ltr'>ἐλευ-</span> 
     </span>
    </p>
   </div>
   <div class='ocr_carea' id='block_1_14' title="bbox 387 1362 1960 1442">
    <p class='ocr_par' dir='ltr' id='par_1_14' title="bbox 387 1362 1960 1442">
     <span class='ocr_line' id='line_1_14' title="bbox 387 1362 1960 1442; baseline -0.008 -17"><span class='ocrx_word' id='word_1_97' title='bbox 387 1370 664 1442; x_wconf 86' lang='grc' dir='ltr'>θερώσουν</span> <span class='ocrx_word' id='word_1_98' title='bbox 697 1369 802 1422; x_wconf 78' lang='grc' dir='ltr'>ἀπὸ</span> <span class='ocrx_word' id='word_1_99' title='bbox 831 1368 901 1422; x_wconf 86' lang='grc' dir='ltr'>τὰ</span> <span class='ocrx_word' id='word_1_100' title='bbox 934 1367 1129 1436; x_wconf 78' lang='grc' dir='ltr'>σιδηρᾶ</span> <span class='ocrx_word' id='word_1_101' title='bbox 1155 1382 1167 1394; x_wconf 71' lang='grc'><strong><em>⁸</em></strong></span> <span class='ocrx_word' id='word_1_102' title='bbox 1198 1367 1292 1419; x_wconf 68' lang='grc' dir='ltr'>καλ⁸</span> <span class='ocrx_word' id='word_1_103' title='bbox 1321 1365 1348 1415; x_wconf 89' lang='lat'>6</span> <span class='ocrx_word' id='word_1_104' title='bbox 1375 1365 1471 1434; x_wconf 88' lang='grc' dir='ltr'>μὲν</span> <span class='ocrx_word' id='word_1_105' title='bbox 1509 1363 1766 1433; x_wconf 80' lang='grc' dir='ltr'>βασιλεὺς</span> <span class='ocrx_word' id='word_1_106' title='bbox 1804 1362 1960 1432; x_wconf 87' lang='grc' dir='ltr'>διέϐη</span> 
     </span>
    </p>
   </div>
   <div class='ocr_carea' id='block_1_15' title="bbox 387 1455 1963 1531">
    <p class='ocr_par' dir='ltr' id='par_1_15' title="bbox 387 1455 1963 1531">
     <span class='ocr_line' id='line_1_15' title="bbox 387 1455 1963 1531; baseline -0.005 -16"><span class='ocrx_word' id='word_1_107' title='bbox 387 1465 538 1525; x_wconf 77' lang='grc' dir='ltr'>ἐντὸς</span> <span class='ocrx_word' id='word_1_108' title='bbox 568 1464 662 1530; x_wconf 85' lang='grc' dir='ltr'>τῆς</span> <span class='ocrx_word' id='word_1_109' title='bbox 688 1460 1010 1531; x_wconf 84' lang='grc' dir='ltr'>ἐκκλησίας,</span> <span class='ocrx_word' id='word_1_110' title='bbox 1043 1459 1226 1529; x_wconf 76' lang='grc' dir='ltr'>ἄρχων</span> <span class='ocrx_word' id='word_1_111' title='bbox 1252 1457 1310 1511; x_wconf 88' lang='grc' dir='ltr'>δέ</span> <span class='ocrx_word' id='word_1_112' title='bbox 1353 1475 1439 1520; x_wconf 88' lang='grc' dir='ltr'>τις</span> <span class='ocrx_word' id='word_1_113' title='bbox 1471 1456 1590 1519; x_wconf 84' lang='grc' dir='ltr'>νέος</span> <span class='ocrx_word' id='word_1_114' title='bbox 1626 1455 1963 1524; x_wconf 77' lang='grc' dir='ltr'>ἐπιστρέψας</span> 
     </span>
    </p>
   </div>
   <div class='ocr_carea' id='block_1_16' title="bbox 387 1546 1964 1624">
    <p class='ocr_par' dir='ltr' id='par_1_16' title="bbox 387 1546 1964 1624">
     <span class='ocr_line' id='line_1_16' title="bbox 387 1546 1964 1624; baseline -0.004 -18"><span class='ocrx_word' id='word_1_115' title='bbox 387 1556 519 1624; x_wconf 75' lang='grc' dir='ltr'>πρὸς</span> <span class='ocrx_word' id='word_1_116' title='bbox 549 1555 647 1622; x_wconf 79' lang='grc' dir='ltr'>ἐμὲ</span> <span class='ocrx_word' id='word_1_117' title='bbox 678 1553 830 1620; x_wconf 81' lang='grc' dir='ltr'>λέγει</span> <span class='ocrx_word' id='word_1_118' title='bbox 861 1567 984 1620; x_wconf 88' lang='grc' dir='ltr'>μοι·</span> <span class='ocrx_word' id='word_1_119' title='bbox 1020 1551 1244 1618; x_wconf 79' lang='grc' dir='ltr'>Ὠρισεν</span> <span class='ocrx_word' id='word_1_120' title='bbox 1274 1551 1302 1602; x_wconf 97' lang='lat'>6</span> <span class='ocrx_word' id='word_1_121' title='bbox 1338 1548 1603 1618; x_wconf 78' lang='grc' dir='ltr'>αὐθέντης</span> <span class='ocrx_word' id='word_1_122' title='bbox 1634 1547 1788 1618; x_wconf 83' lang='grc' dir='ltr'>ἡμῶν</span> <span class='ocrx_word' id='word_1_123' title='bbox 1811 1549 1838 1600; x_wconf 91' lang='lat'>6</span> <span class='ocrx_word' id='word_1_124' title='bbox 1867 1546 1964 1616; x_wconf 80' lang='grc' dir='ltr'>βα-</span> 
     </span>
    </p>
   </div>
   <div class='ocr_carea' id='block_1_17' title="bbox 388 1638 1964 1710">
    <p class='ocr_par' dir='ltr' id='par_1_17' title="bbox 388 1638 1964 1710">
     <span class='ocr_line' id='line_1_17' title="bbox 388 1638 1964 1710; baseline -0.004 -12"><span class='ocrx_word' id='word_1_125' title='bbox 388 1646 591 1710; x_wconf 77' lang='grc' dir='ltr'>σιλεὺς,</span> <span class='ocrx_word' id='word_1_126' title='bbox 619 1646 704 1696; x_wconf 81' lang='grc' dir='ltr'>ἵνα</span> <span class='ocrx_word' id='word_1_127' title='bbox 735 1661 792 1696; x_wconf 89' lang='grc' dir='ltr'>σε</span> <span class='ocrx_word' id='word_1_128' title='bbox 819 1642 1084 1696; x_wconf 82' lang='grc' dir='ltr'>ἐκϐάλουν</span> <span class='ocrx_word' id='word_1_129' title='bbox 1117 1641 1224 1694; x_wconf 71' lang='grc' dir='ltr'>ἀπὸ</span> <span class='ocrx_word' id='word_1_130' title='bbox 1246 1641 1314 1694; x_wconf 86' lang='grc' dir='ltr'>τά</span> <span class='ocrx_word' id='word_1_131' title='bbox 1346 1641 1542 1709; x_wconf 82' lang='grc' dir='ltr'>σιδηρᾶ</span> <span class='ocrx_word' id='word_1_132' title='bbox 1561 1657 1575 1672; x_wconf 79' lang='grc' dir='ltr'><strong>ο</strong></span> <span class='ocrx_word' id='word_1_133' title='bbox 1611 1638 1878 1710; x_wconf 77' lang='grc' dir='ltr'>ἐζήτησέν</span> <span class='ocrx_word' id='word_1_134' title='bbox 1903 1655 1964 1691; x_wconf 88' lang='grc' dir='ltr'>το</span> 
     </span>
    </p>
   </div>
   <div class='ocr_carea' id='block_1_18' title="bbox 385 1731 1957 1808">
    <p class='ocr_par' dir='ltr' id='par_1_18' title="bbox 385 1731 1957 1808">
     <span class='ocr_line' id='line_1_18' title="bbox 385 1731 1957 1808; baseline -0.015 -3"><span class='ocrx_word' id='word_1_135' title='bbox 385 1738 492 1808; x_wconf 67' lang='grc' dir='ltr'>γὰρ</span> <span class='ocrx_word' id='word_1_136' title='bbox 530 1737 680 1806; x_wconf 72' lang='grc' dir='ltr'>καὶὴ</span> <span class='ocrx_word' id='word_1_137' title='bbox 717 1736 880 1807; x_wconf 83' lang='grc' dir='ltr'>κυρία</span> <span class='ocrx_word' id='word_1_138' title='bbox 911 1735 1069 1806; x_wconf 82' lang='grc' dir='ltr'>ἡμῶν</span> <span class='ocrx_word' id='word_1_139' title='bbox 1109 1734 1390 1788; x_wconf 86' lang='grc' dir='ltr'>δέσποινα.</span> <span class='ocrx_word' id='word_1_140' title='bbox 1425 1734 1538 1787; x_wconf 77' lang='grc' dir='ltr'>Καὶ</span> <span class='ocrx_word' id='word_1_141' title='bbox 1576 1731 1706 1802; x_wconf 77' lang='grc' dir='ltr'>περὶ</span> <span class='ocrx_word' id='word_1_142' title='bbox 1729 1731 1830 1802; x_wconf 82' lang='grc' dir='ltr'>τὴν</span> <span class='ocrx_word' id='word_1_143' title='bbox 1858 1731 1957 1783; x_wconf 83' lang='grc' dir='ltr'>αὐ-</span> 
     </span>
    </p>
   </div>
   <div class='ocr_carea' id='block_1_19' title="bbox 386 1821 1970 1900">
    <p class='ocr_par' dir='ltr' id='par_1_19' title="bbox 386 1821 1970 1900">
     <span class='ocr_line' id='line_1_19' title="bbox 386 1821 1970 1900; baseline -0.006 -16"><span class='ocrx_word' id='word_1_144' title='bbox 386 1835 491 1900; x_wconf 68' lang='grc' dir='ltr'>γὴν</span> <span class='ocrx_word' id='word_1_145' title='bbox 521 1829 692 1898; x_wconf 84' lang='grc' dir='ltr'>αὐτὴν</span> <span class='ocrx_word' id='word_1_146' title='bbox 719 1830 816 1897; x_wconf 84' lang='grc' dir='ltr'>τῆς</span> <span class='ocrx_word' id='word_1_147' title='bbox 845 1827 1043 1889; x_wconf 79' lang='grc' dir='ltr'>νυκτὸς</span> <span class='ocrx_word' id='word_1_148' title='bbox 1074 1831 1130 1879; x_wconf 89' lang='grc' dir='ltr'>ἐν</span> <span class='ocrx_word' id='word_1_149' title='bbox 1178 1827 1298 1897; x_wconf 73' lang='grc' dir='ltr'>ῶρᾳ</span> <span class='ocrx_word' id='word_1_150' title='bbox 1338 1825 1624 1894; x_wconf 81' lang='grc' dir='ltr'>ἀσυνήθει,</span> <span class='ocrx_word' id='word_1_151' title='bbox 1661 1825 1768 1878; x_wconf 78' lang='grc' dir='ltr'>ίδοῦ</span> <span class='ocrx_word' id='word_1_152' title='bbox 1797 1823 1848 1876; x_wconf 84' lang='grc' dir='ltr'>οί</span> <span class='ocrx_word' id='word_1_153' title='bbox 1873 1821 1970 1875; x_wconf 88' lang='grc' dir='ltr'>τοῦ</span> 
     </span>
    </p>
   </div>
   <div class='ocr_carea' id='block_1_20' title="bbox 389 1915 1969 1990">
    <p class='ocr_par' dir='ltr' id='par_1_20' title="bbox 389 1915 1969 1990">
     <span class='ocr_line' id='line_1_20' title="bbox 389 1915 1969 1990; baseline -0.004 -15"><span class='ocrx_word' id='word_1_154' title='bbox 389 1924 559 1977; x_wconf 80' lang='grc' dir='ltr'>κυυλά</span> <span class='ocrx_word' id='word_1_155' title='bbox 614 1923 898 1990; x_wconf 84' lang='grc' dir='ltr'>ἄρχοντες,</span> <span class='ocrx_word' id='word_1_156' title='bbox 948 1920 1041 1973; x_wconf 76' lang='grc' dir='ltr'>καὶ</span> <span class='ocrx_word' id='word_1_157' title='bbox 1086 1918 1266 1988; x_wconf 79' lang='grc' dir='ltr'>ἐτεροι</span> <span class='ocrx_word' id='word_1_158' title='bbox 1320 1917 1457 1987; x_wconf 88' lang='grc' dir='ltr'>μετά</span> <span class='ocrx_word' id='word_1_159' title='bbox 1510 1916 1830 1985; x_wconf 87' lang='grc' dir='ltr'>σιδηρικῶν,</span> <span class='ocrx_word' id='word_1_160' title='bbox 1870 1915 1969 1968; x_wconf 72' lang='grc' dir='ltr'>καὶ</span> 
     </span>
    </p>
   </div>
   <div class='ocr_carea' id='block_1_21' title="bbox 390 2008 1972 2083">
    <p class='ocr_par' dir='ltr' id='par_1_21' title="bbox 390 2008 1972 2083">
     <span class='ocr_line' id='line_1_21' title="bbox 390 2008 1972 2083; baseline -0.004 -17"><span class='ocrx_word' id='word_1_161' title='bbox 390 2015 715 2069; x_wconf 77' lang='grc' dir='ltr'>ἐκϐάλλουσί</span> <span class='ocrx_word' id='word_1_162' title='bbox 751 2031 817 2083; x_wconf 86' lang='grc' dir='ltr'>με</span> <span class='ocrx_word' id='word_1_163' title='bbox 845 2012 1061 2066; x_wconf 75' lang='grc' dir='ltr'>ἅπαντα</span> <span class='ocrx_word' id='word_1_164' title='bbox 1091 2012 1160 2065; x_wconf 85' lang='grc' dir='ltr'>τά</span> <span class='ocrx_word' id='word_1_165' title='bbox 1215 2011 1445 2081; x_wconf 79' lang='grc' dir='ltr'>σιδηρᾶ·</span> <span class='ocrx_word' id='word_1_166' title='bbox 1485 2009 1578 2062; x_wconf 78' lang='grc' dir='ltr'>καὶ</span> <span class='ocrx_word' id='word_1_167' title='bbox 1621 2008 1972 2074; x_wconf 82' lang='grc' dir='ltr'>ἐξαιτιῶνται</span> 
     </span>
    </p>
   </div>
   <div class='ocr_carea' id='block_1_22' title="bbox 390 2100 1972 2174">
    <p class='ocr_par' dir='ltr' id='par_1_22' title="bbox 390 2100 1972 2174">
     <span class='ocr_line' id='line_1_22' title="bbox 390 2100 1972 2174; baseline -0.004 -14"><span class='ocrx_word' id='word_1_168' title='bbox 390 2108 489 2161; x_wconf 72' lang='grc' dir='ltr'>καὶ</span> <span class='ocrx_word' id='word_1_169' title='bbox 527 2107 804 2174; x_wconf 81' lang='grc' dir='ltr'>λέγουσιν,</span> <span class='ocrx_word' id='word_1_170' title='bbox 833 2105 933 2174; x_wconf 88' lang='grc' dir='ltr'>οὐχ</span> <span class='ocrx_word' id='word_1_171' title='bbox 965 2106 1046 2156; x_wconf 75' lang='grc' dir='ltr'>ὅτι</span> <span class='ocrx_word' id='word_1_172' title='bbox 1071 2103 1353 2172; x_wconf 69' lang='grc' dir='ltr'>ἐχθρωδῶς</span> <span class='ocrx_word' id='word_1_173' title='bbox 1385 2101 1585 2171; x_wconf 80' lang='grc' dir='ltr'>ἔχουσι,</span> <span class='ocrx_word' id='word_1_174' title='bbox 1610 2101 1792 2161; x_wconf 85' lang='grc' dir='ltr'>καλῶς</span> <span class='ocrx_word' id='word_1_175' title='bbox 1818 2100 1972 2153; x_wconf 89' lang='grc' dir='ltr'>οὐδέν</span> 
     </span>
    </p>
   </div>
   <div class='ocr_carea' id='block_1_23' title="bbox 394 2188 1973 2268">
    <p class='ocr_par' dir='ltr' id='par_1_23' title="bbox 394 2188 1973 2268">
     <span class='ocr_line' id='line_1_23' title="bbox 394 2188 1973 2268; baseline -0.006 -18"><span class='ocrx_word' id='word_1_176' title='bbox 394 2217 460 2267; x_wconf 88' lang='grc' dir='ltr'>με</span> <span class='ocrx_word' id='word_1_177' title='bbox 492 2198 806 2268; x_wconf 83' lang='grc' dir='ltr'>τρέφουσιν,</span> <span class='ocrx_word' id='word_1_178' title='bbox 859 2196 976 2248; x_wconf 82' lang='grc' dir='ltr'>ἀλλ’</span> <span class='ocrx_word' id='word_1_179' title='bbox 1016 2196 1097 2247; x_wconf 82' lang='grc' dir='ltr'>ὅτι</span> <span class='ocrx_word' id='word_1_180' title='bbox 1132 2194 1234 2245; x_wconf 70' lang='grc' dir='ltr'>οὒκ</span> <span class='ocrx_word' id='word_1_181' title='bbox 1284 2191 1470 2261; x_wconf 80' lang='grc' dir='ltr'>έχουσι</span> <span class='ocrx_word' id='word_1_182' title='bbox 1497 2209 1510 2223; x_wconf 86' lang='grc'><strong>·</strong></span> <span class='ocrx_word' id='word_1_183' title='bbox 1544 2191 1639 2244; x_wconf 78' lang='grc' dir='ltr'>καὶ</span> <span class='ocrx_word' id='word_1_184' title='bbox 1697 2189 1836 2259; x_wconf 85' lang='grc' dir='ltr'>μετά</span> <span class='ocrx_word' id='word_1_185' title='bbox 1878 2188 1973 2241; x_wconf 91' lang='grc' dir='ltr'>δύο</span> 
     </span>
    </p>
   </div>
   <div class='ocr_carea' id='block_1_24' title="bbox 392 2283 1972 2363">
    <p class='ocr_par' dir='ltr' id='par_1_24' title="bbox 392 2283 1972 2363">
     <span class='ocr_line' id='line_1_24' title="bbox 392 2283 1972 2363; baseline -0.008 -17"><span class='ocrx_word' id='word_1_186' title='bbox 392 2295 606 2363; x_wconf 78' lang='grc' dir='ltr'>ἡμέρας</span> <span class='ocrx_word' id='word_1_187' title='bbox 638 2293 883 2354; x_wconf 74' lang='grc' dir='ltr'>ἐλθόντες</span> <span class='ocrx_word' id='word_1_188' title='bbox 917 2289 1081 2343; x_wconf 81' lang='grc' dir='ltr'>πάλιν</span> <span class='ocrx_word' id='word_1_189' title='bbox 1123 2287 1345 2355; x_wconf 83' lang='grc' dir='ltr'>ζητοῦσί</span> <span class='ocrx_word' id='word_1_190' title='bbox 1395 2304 1486 2356; x_wconf 86' lang='grc' dir='ltr'>με,</span> <span class='ocrx_word' id='word_1_191' title='bbox 1524 2287 1616 2340; x_wconf 77' lang='grc' dir='ltr'>καὶ</span> <span class='ocrx_word' id='word_1_192' title='bbox 1650 2287 1843 2350; x_wconf 80' lang='grc' dir='ltr'>δέομαι</span> <span class='ocrx_word' id='word_1_193' title='bbox 1876 2283 1972 2335; x_wconf 87' lang='grc' dir='ltr'>τοῦ</span> 
     </span>
    </p>
   </div>
   <div class='ocr_carea' id='block_1_25' title="bbox 393 2373 1974 2452">
    <p class='ocr_par' dir='ltr' id='par_1_25' title="bbox 393 2373 1974 2452">
     <span class='ocr_line' id='line_1_25' title="bbox 393 2373 1974 2452; baseline -0.009 -14"><span class='ocrx_word' id='word_1_194' title='bbox 393 2385 652 2448; x_wconf 86' lang='grc' dir='ltr'>αὐθεντός</span> <span class='ocrx_word' id='word_1_195' title='bbox 690 2401 792 2452; x_wconf 90' lang='grc' dir='ltr'>μου</span> <span class='ocrx_word' id='word_1_196' title='bbox 835 2382 922 2435; x_wconf 83' lang='grc' dir='ltr'>διά</span> <span class='ocrx_word' id='word_1_197' title='bbox 961 2381 1201 2448; x_wconf 67' lang='grc' dir='ltr'>γραφῆς,</span> <span class='ocrx_word' id='word_1_198' title='bbox 1241 2380 1326 2431; x_wconf 82' lang='grc' dir='ltr'>ὅτι</span> <span class='ocrx_word' id='word_1_199' title='bbox 1369 2380 1436 2428; x_wconf 79' lang='grc' dir='ltr'>νά</span> <span class='ocrx_word' id='word_1_200' title='bbox 1475 2374 1678 2446; x_wconf 76' lang='grc' dir='ltr'>ἐνδώσῃ</span> <span class='ocrx_word' id='word_1_201' title='bbox 1713 2375 1777 2427; x_wconf 83' lang='grc' dir='ltr'>νά</span> <span class='ocrx_word' id='word_1_202' title='bbox 1823 2373 1974 2440; x_wconf 82' lang='grc' dir='ltr'>ἐξέλ-</span> 
     </span>
    </p>
   </div>
   <div class='ocr_carea' id='block_1_26' title="bbox 297 2470 1972 2551">
    <p class='ocr_par' dir='ltr' id='par_1_26' title="bbox 297 2470 1972 2551">
     <span class='ocr_line' id='line_1_26' title="bbox 297 2470 1972 2551; baseline -0.008 -16"><span class='ocrx_word' id='word_1_203' title='bbox 297 2517 307 2522; x_wconf 88' lang='lat'><strong>-</strong></span> <span class='ocrx_word' id='word_1_204' title='bbox 395 2485 524 2536; x_wconf 87' lang='grc' dir='ltr'>οουν</span> <span class='ocrx_word' id='word_1_205' title='bbox 555 2483 816 2551; x_wconf 84' lang='grc' dir='ltr'>ἄρχοντες</span> <span class='ocrx_word' id='word_1_206' title='bbox 844 2479 912 2530; x_wconf 74' lang='grc' dir='ltr'>νά</span> <span class='ocrx_word' id='word_1_207' title='bbox 945 2477 1242 2545; x_wconf 84' lang='grc' dir='ltr'>συντύχουν</span> <span class='ocrx_word' id='word_1_208' title='bbox 1275 2474 1412 2544; x_wconf 74' lang='grc' dir='ltr'>πρδς</span> <span class='ocrx_word' id='word_1_209' title='bbox 1447 2471 1802 2540; x_wconf 79' lang='grc' dir='ltr'>συμϐίϐασιν,</span> <span class='ocrx_word' id='word_1_210' title='bbox 1835 2470 1972 2537; x_wconf 86' lang='grc' dir='ltr'>ὅπερ</span> 
     </span>
    </p>
   </div>
   <div class='ocr_carea' id='block_1_27' title="bbox 392 2560 1972 2644">
    <p class='ocr_par' dir='ltr' id='par_1_27' title="bbox 392 2560 1972 2644">
     <span class='ocr_line' id='line_1_27' title="bbox 392 2560 1972 2644; baseline -0.011 -15"><span class='ocrx_word' id='word_1_211' title='bbox 392 2577 488 2629; x_wconf 68' lang='grc' dir='ltr'>’καὶ</span> <span class='ocrx_word' id='word_1_212' title='bbox 519 2576 712 2644; x_wconf 85' lang='grc' dir='ltr'>γέγονε</span> <span class='ocrx_word' id='word_1_213' title='bbox 738 2589 751 2602; x_wconf 91' lang='grc'><strong>·</strong></span> <span class='ocrx_word' id='word_1_214' title='bbox 781 2572 874 2625; x_wconf 71' lang='grc' dir='ltr'>καὶ</span> <span class='ocrx_word' id='word_1_215' title='bbox 906 2567 1371 2639; x_wconf 80' lang='grc' dir='ltr'>συμϐιϐασθέντες</span> <span class='ocrx_word' id='word_1_216' title='bbox 1401 2565 1698 2617; x_wconf 82' lang='grc' dir='ltr'>δεδώκασιν</span> <span class='ocrx_word' id='word_1_217' title='bbox 1738 2562 1884 2630; x_wconf 82' lang='grc' dir='ltr'>αὐτῷ</span> <span class='ocrx_word' id='word_1_218' title='bbox 1912 2560 1972 2613; x_wconf 83' lang='lat'>16</span> 
     </span>
    </p>
   </div>
   <div class='ocr_carea' id='block_1_28' title="bbox 396 2655 1974 2738">
    <p class='ocr_par' dir='ltr' id='par_1_28' title="bbox 396 2655 1974 2738">
     <span class='ocr_line' id='line_1_28' title="bbox 396 2655 1974 2738; baseline -0.01 -18"><span class='ocrx_word' id='word_1_219' title='bbox 396 2667 707 2738; x_wconf 84' lang='grc' dir='ltr'>Σαραϐάλε,</span> <span class='ocrx_word' id='word_1_220' title='bbox 735 2665 903 2727; x_wconf 78' lang='grc' dir='ltr'>οὕτως</span> <span class='ocrx_word' id='word_1_221' title='bbox 938 2665 1018 2719; x_wconf 81' lang='grc' dir='ltr'>ὅτι</span> <span class='ocrx_word' id='word_1_222' title='bbox 1045 2662 1113 2716; x_wconf 79' lang='grc' dir='ltr'>νά</span> <span class='ocrx_word' id='word_1_223' title='bbox 1148 2662 1372 2731; x_wconf 84' lang='grc' dir='ltr'>σηκωθῇ</span> <span class='ocrx_word' id='word_1_224' title='bbox 1407 2661 1481 2722; x_wconf 86' lang='grc' dir='ltr'>είς</span> <span class='ocrx_word' id='word_1_225' title='bbox 1510 2659 1570 2712; x_wconf 90' lang='lat'>16</span> <span class='ocrx_word' id='word_1_226' title='bbox 1595 2657 1857 2726; x_wconf 87' lang='grc' dir='ltr'>ὁσπήτιον</span> <span class='ocrx_word' id='word_1_227' title='bbox 1879 2655 1974 2706; x_wconf 87' lang='grc' dir='ltr'>αὐ-</span> 
     </span>
    </p>
   </div>
   <div class='ocr_carea' id='block_1_29' title="bbox 394 2747 1973 2830">
    <p class='ocr_par' dir='ltr' id='par_1_29' title="bbox 394 2747 1973 2830">
     <span class='ocr_line' id='line_1_29' title="bbox 394 2747 1973 2830; baseline -0.007 -20"><span class='ocrx_word' id='word_1_228' title='bbox 394 2761 490 2812; x_wconf 73' lang='grc' dir='ltr'>τοῦ</span> <span class='ocrx_word' id='word_1_229' title='bbox 521 2759 619 2830; x_wconf 82' lang='grc' dir='ltr'>τὴν</span> <span class='ocrx_word' id='word_1_230' title='bbox 648 2758 992 2829; x_wconf 77' lang='grc' dir='ltr'>Γλαρέντζαν</span> <span class='ocrx_word' id='word_1_231' title='bbox 1015 2773 1029 2789; x_wconf 76' lang='grc' dir='ltr'><strong>ο</strong></span> <span class='ocrx_word' id='word_1_232' title='bbox 1065 2757 1160 2810; x_wconf 73' lang='grc' dir='ltr'>καὶ</span> <span class='ocrx_word' id='word_1_233' title='bbox 1195 2755 1385 2824; x_wconf 76' lang='grc' dir='ltr'>μέχρις</span> <span class='ocrx_word' id='word_1_234' title='bbox 1419 2753 1541 2806; x_wconf 85' lang='grc' dir='ltr'>ὅλου</span> <span class='ocrx_word' id='word_1_235' title='bbox 1575 2751 1755 2805; x_wconf 80' lang='grc' dir='ltr'>Μαΐου</span> <span class='ocrx_word' id='word_1_236' title='bbox 1792 2749 1839 2800; x_wconf 82' lang='grc' dir='ltr'>εί</span> <span class='ocrx_word' id='word_1_237' title='bbox 1875 2747 1973 2816; x_wconf 81' lang='grc' dir='ltr'>μὲν</span> 
     </span>
    </p>
   </div>
   <div class='ocr_carea' id='block_1_30' title="bbox 398 2841 1974 2926">
    <p class='ocr_par' dir='ltr' id='par_1_30' title="bbox 398 2841 1974 2926">
     <span class='ocr_line' id='line_1_30' title="bbox 398 2841 1974 2926; baseline -0.008 -21"><span class='ocrx_word' id='word_1_238' title='bbox 398 2853 529 2926; x_wconf 75' lang='grc' dir='ltr'>ἔλθῃ</span> <span class='ocrx_word' id='word_1_239' title='bbox 559 2856 586 2906; x_wconf 91' lang='lat'>6</span> <span class='ocrx_word' id='word_1_240' title='bbox 640 2851 1047 2923; x_wconf 84' lang='grc' dir='ltr'>μητροπολίτης</span> <span class='ocrx_word' id='word_1_241' title='bbox 1093 2851 1188 2902; x_wconf 76' lang='grc' dir='ltr'>καὶ</span> <span class='ocrx_word' id='word_1_242' title='bbox 1223 2846 1488 2915; x_wconf 81' lang='grc' dir='ltr'>αὐθέντης</span> <span class='ocrx_word' id='word_1_243' title='bbox 1518 2843 1722 2906; x_wconf 89' lang='grc' dir='ltr'>αὐτῶν,</span> <span class='ocrx_word' id='word_1_244' title='bbox 1769 2841 1974 2911; x_wconf 86' lang='grc' dir='ltr'>ποιήσῃ</span> 
     </span>
    </p>
   </div>
   <div class='ocr_carea' id='block_1_31' title="bbox 397 2932 1978 3009">
    <p class='ocr_par' dir='ltr' id='par_1_31' title="bbox 397 2932 1978 3009">
     <span class='ocr_line' id='line_1_31' title="bbox 397 2932 1978 3009; baseline -0.009 -11"><span class='ocrx_word' id='word_1_245' title='bbox 397 2948 607 3008; x_wconf 61' lang='grc' dir='ltr'>ἐκεῖνός</span> <span class='ocrx_word' id='word_1_246' title='bbox 636 2945 710 3007; x_wconf 86' lang='grc' dir='ltr'>ὼς</span> <span class='ocrx_word' id='word_1_247' title='bbox 737 2943 907 2998; x_wconf 78' lang='grc' dir='ltr'>θέλειο</span> <span class='ocrx_word' id='word_1_248' title='bbox 935 2943 983 2996; x_wconf 83' lang='grc' dir='ltr'>εί</span> <span class='ocrx_word' id='word_1_249' title='bbox 1009 2943 1055 2995; x_wconf 90' lang='grc' dir='ltr'>δ’</span> <span class='ocrx_word' id='word_1_250' title='bbox 1083 2940 1198 3003; x_wconf 83' lang='grc' dir='ltr'>οῦν,</span> <span class='ocrx_word' id='word_1_251' title='bbox 1242 2939 1308 3009; x_wconf 81' lang='grc' dir='ltr'>νά</span> <span class='ocrx_word' id='word_1_252' title='bbox 1340 2938 1586 2990; x_wconf 86' lang='grc' dir='ltr'>δώσωσιν</span> <span class='ocrx_word' id='word_1_253' title='bbox 1618 2933 1768 3001; x_wconf 86' lang='grc' dir='ltr'>αὐτῷ</span> <span class='ocrx_word' id='word_1_254' title='bbox 1793 2933 1855 2986; x_wconf 90' lang='lat'>16</span> <span class='ocrx_word' id='word_1_255' title='bbox 1879 2932 1978 2984; x_wconf 76' lang='grc' dir='ltr'>κά-</span> 
     </span>
    </p>
   </div>
   <div class='ocr_carea' id='block_1_32' title="bbox 401 3022 1975 3109">
    <p class='ocr_par' dir='ltr' id='par_1_32' title="bbox 401 3022 1975 3109">
     <span class='ocr_line' id='line_1_32' title="bbox 401 3022 1975 3109; baseline -0.011 -17"><span class='ocrx_word' id='word_1_256' title='bbox 401 3057 565 3109; x_wconf 82' lang='grc' dir='ltr'>στρον</span> <span class='ocrx_word' id='word_1_257' title='bbox 587 3054 603 3070; x_wconf 79' lang='grc'><strong><em>⁸</em></strong></span> <span class='ocrx_word' id='word_1_258' title='bbox 637 3039 732 3094; x_wconf 80' lang='grc' dir='ltr'>καὶ</span> <span class='ocrx_word' id='word_1_259' title='bbox 767 3036 1071 3106; x_wconf 72' lang='grc' dir='ltr'>γεγονότων</span> <span class='ocrx_word' id='word_1_260' title='bbox 1105 3034 1286 3104; x_wconf 79' lang='grc' dir='ltr'>ὅρκων</span> <span class='ocrx_word' id='word_1_261' title='bbox 1319 3031 1415 3085; x_wconf 81' lang='grc' dir='ltr'>καὶ</span> <span class='ocrx_word' id='word_1_262' title='bbox 1449 3027 1858 3099; x_wconf 84' lang='grc' dir='ltr'>παραλαϐόντος</span> <span class='ocrx_word' id='word_1_263' title='bbox 1881 3022 1975 3076; x_wconf 74' lang='grc' dir='ltr'>καὶ</span> 
     </span>
    </p>
   </div>
   <div class='ocr_carea' id='block_1_33' title="bbox 1999 1805 2045 1866">
    <p class='ocr_par' dir='ltr' id='par_1_33' title="bbox 1999 1805 2045 1866">
     <span class='ocr_line' id='line_1_33' title="bbox 1999 1805 2045 1866; baseline 0 0"><span class='ocrx_word' id='word_1_264' title='bbox 1999 1805 2045 1866; x_wconf 84' lang='grc' dir='ltr'>Β</span> 
     </span>
    </p>
   </div>
   <div class='ocr_carea' id='block_1_34' title="bbox 2062 539 3654 610">
    <p class='ocr_par' dir='ltr' id='par_1_34' title="bbox 2062 539 3654 610">
     <span class='ocr_line' id='line_1_34' title="bbox 2062 539 3654 610; baseline -0.002 -17"><span class='ocrx_word' id='word_1_265' title='bbox 2062 542 2122 593; x_wconf 87' lang='lat'>16</span> <span class='ocrx_word' id='word_1_266' title='bbox 2150 542 2412 609; x_wconf 86' lang='grc' dir='ltr'>όσπήτιον</span> <span class='ocrx_word' id='word_1_267' title='bbox 2439 540 2602 609; x_wconf 88' lang='grc' dir='ltr'>ήμῶν</span> <span class='ocrx_word' id='word_1_268' title='bbox 2623 557 2637 570; x_wconf 88' lang='grc'>·</span> <span class='ocrx_word' id='word_1_269' title='bbox 2675 541 2756 603; x_wconf 80' lang='grc' dir='ltr'>είς</span> <span class='ocrx_word' id='word_1_270' title='bbox 2798 541 2986 607; x_wconf 78' lang='grc' dir='ltr'>ὀλίγας</span> <span class='ocrx_word' id='word_1_271' title='bbox 3016 540 3110 593; x_wconf 76' lang='grc' dir='ltr'>οὖν</span> <span class='ocrx_word' id='word_1_272' title='bbox 3144 539 3358 610; x_wconf 85' lang='grc' dir='ltr'>ἡμέρας</span> <span class='ocrx_word' id='word_1_273' title='bbox 3381 542 3490 609; x_wconf 78' lang='grc' dir='ltr'>ἔχω</span> <span class='ocrx_word' id='word_1_274' title='bbox 3520 558 3654 593; x_wconf 76' lang='grc' dir='ltr'>σκοο</span> 
     </span>
    </p>
   </div>
   <div class='ocr_carea' id='block_1_35' title="bbox 2063 616 3653 706">
    <p class='ocr_par' dir='ltr' id='par_1_35' title="bbox 2063 616 3653 706">
     <span class='ocr_line' id='line_1_35' title="bbox 2063 616 3653 706; baseline -0.001 -20"><span class='ocrx_word' id='word_1_275' title='bbox 2063 633 2165 686; x_wconf 85' lang='grc' dir='ltr'>πδν</span> <span class='ocrx_word' id='word_1_276' title='bbox 2199 633 2265 686; x_wconf 84' lang='grc' dir='ltr'>νά</span> <span class='ocrx_word' id='word_1_277' title='bbox 2299 633 2501 687; x_wconf 84' lang='grc' dir='ltr'>στέλλω</span> <span class='ocrx_word' id='word_1_278' title='bbox 2525 616 2718 688; x_wconf 79' lang='grc' dir='ltr'>τοῦτον</span> <span class='ocrx_word' id='word_1_279' title='bbox 2741 636 2805 706; x_wconf 81' lang='grc' dir='ltr'>δὴ</span> <span class='ocrx_word' id='word_1_280' title='bbox 2839 635 2931 687; x_wconf 87' lang='lat' dir='ltr'>16v</span> <span class='ocrx_word' id='word_1_281' title='bbox 2956 633 3227 704; x_wconf 76' lang='grc' dir='ltr'>ἄρχονταν</span> <span class='ocrx_word' id='word_1_282' title='bbox 3252 634 3333 695; x_wconf 88' lang='grc' dir='ltr'>είς</span> <span class='ocrx_word' id='word_1_283' title='bbox 3375 633 3466 686; x_wconf 78' lang='grc' dir='ltr'>τὸν</span> <span class='ocrx_word' id='word_1_284' title='bbox 3493 634 3653 686; x_wconf 83' lang='grc' dir='ltr'>ἀδελ-</span> 
     </span>
    </p>
   </div>
   <div class='ocr_carea' id='block_1_36' title="bbox 2065 726 3654 798">
    <p class='ocr_par' dir='ltr' id='par_1_36' title="bbox 2065 726 3654 798">
     <span class='ocr_line' id='line_1_36' title="bbox 2065 726 3654 798; baseline 0.002 -22"><span class='ocrx_word' id='word_1_285' title='bbox 2065 726 2162 792; x_wconf 75' lang='grc' dir='ltr'>φόν</span> <span class='ocrx_word' id='word_1_286' title='bbox 2194 743 2294 793; x_wconf 87' lang='grc' dir='ltr'>μου</span> <span class='ocrx_word' id='word_1_287' title='bbox 2324 726 2414 778; x_wconf 77' lang='grc' dir='ltr'>τὸν</span> <span class='ocrx_word' id='word_1_288' title='bbox 2465 727 2642 796; x_wconf 82' lang='grc' dir='ltr'>μέγαν</span> <span class='ocrx_word' id='word_1_289' title='bbox 2688 730 2913 798; x_wconf 78' lang='grc' dir='ltr'>ἀμηρᾶν</span> <span class='ocrx_word' id='word_1_290' title='bbox 2939 727 3174 796; x_wconf 82' lang='grc' dir='ltr'>(δεικνὺς</span> <span class='ocrx_word' id='word_1_291' title='bbox 3205 726 3345 795; x_wconf 79' lang='grc' dir='ltr'>ἐμὲ),</span> <span class='ocrx_word' id='word_1_292' title='bbox 3376 727 3470 778; x_wconf 80' lang='grc' dir='ltr'>καὶ</span> <span class='ocrx_word' id='word_1_293' title='bbox 3499 728 3654 779; x_wconf 79' lang='grc' dir='ltr'>Θέλει</span> 
     </span>
    </p>
   </div>
   <div class='ocr_carea' id='block_1_37' title="bbox 2063 817 3657 890">
    <p class='ocr_par' dir='ltr' id='par_1_37' title="bbox 2063 817 3657 890">
     <span class='ocr_line' id='line_1_37' title="bbox 2063 817 3657 890; baseline 0.003 -22"><span class='ocrx_word' id='word_1_294' title='bbox 2063 817 2328 885; x_wconf 80' lang='grc' dir='ltr'>δηλώσειν</span> <span class='ocrx_word' id='word_1_295' title='bbox 2349 819 2442 871; x_wconf 72' lang='grc' dir='ltr'>καὶ</span> <span class='ocrx_word' id='word_1_296' title='bbox 2470 820 2596 881; x_wconf 81' lang='grc' dir='ltr'>τοὺς</span> <span class='ocrx_word' id='word_1_297' title='bbox 2623 820 2877 883; x_wconf 88' lang='grc' dir='ltr'>πλείονας</span> <span class='ocrx_word' id='word_1_298' title='bbox 2899 819 3055 890; x_wconf 86' lang='grc' dir='ltr'>ήμῶν</span> <span class='ocrx_word' id='word_1_299' title='bbox 3084 818 3277 886; x_wconf 82' lang='grc' dir='ltr'>λόγους</span> <span class='ocrx_word' id='word_1_300' title='bbox 3304 835 3318 849; x_wconf 77' lang='grc'><strong>⁸</strong></span> <span class='ocrx_word' id='word_1_301' title='bbox 3344 821 3375 873; x_wconf 88' lang='lat'>6</span> <span class='ocrx_word' id='word_1_302' title='bbox 3393 818 3449 872; x_wconf 85' lang='grc' dir='ltr'>δέ</span> <span class='ocrx_word' id='word_1_303' title='bbox 3477 821 3657 888; x_wconf 72' lang='lat' dir='ltr'>T069-</span> 
     </span>
    </p>
   </div>
   <div class='ocr_carea' id='block_1_38' title="bbox 2065 911 3656 980">
    <p class='ocr_par' dir='ltr' id='par_1_38' title="bbox 2065 911 3656 980">
     <span class='ocr_line' id='line_1_38' title="bbox 2065 911 3656 980; baseline -0.001 -17"><span class='ocrx_word' id='word_1_304' title='bbox 2065 927 2159 972; x_wconf 89' lang='grc' dir='ltr'>κος</span> <span class='ocrx_word' id='word_1_305' title='bbox 2195 911 2434 976; x_wconf 79' lang='grc' dir='ltr'>ἀκούσας</span> <span class='ocrx_word' id='word_1_306' title='bbox 2469 915 2694 976; x_wconf 77' lang='grc' dir='ltr'>τούτους</span> <span class='ocrx_word' id='word_1_307' title='bbox 2751 917 2880 977; x_wconf 76' lang='grc' dir='ltr'>τούς</span> <span class='ocrx_word' id='word_1_308' title='bbox 2909 916 3128 980; x_wconf 88' lang='grc' dir='ltr'>λόγους,</span> <span class='ocrx_word' id='word_1_309' title='bbox 3163 913 3243 966; x_wconf 84' lang='grc' dir='ltr'>ἐτι</span> <span class='ocrx_word' id='word_1_310' title='bbox 3273 913 3327 966; x_wconf 86' lang='grc' dir='ltr'>δέ</span> <span class='ocrx_word' id='word_1_311' title='bbox 3359 914 3454 966; x_wconf 78' lang='grc' dir='ltr'>καὶ</span> <span class='ocrx_word' id='word_1_312' title='bbox 3497 913 3656 980; x_wconf 79' lang='grc' dir='ltr'>φιλο-</span> 
     </span>
    </p>
   </div>
   <div class='ocr_carea' id='block_1_39' title="bbox 2067 1002 3656 1074">
    <p class='ocr_par' dir='ltr' id='par_1_39' title="bbox 2067 1002 3656 1074">
     <span class='ocr_line' id='line_1_39' title="bbox 2067 1002 3656 1074; baseline -0.001 -21"><span class='ocrx_word' id='word_1_313' title='bbox 2067 1002 2359 1068; x_wconf 71' lang='grc' dir='ltr'>φρονηθεὶς</span> <span class='ocrx_word' id='word_1_314' title='bbox 2401 1003 2580 1065; x_wconf 82' lang='grc' dir='ltr'>καλῶς</span> <span class='ocrx_word' id='word_1_315' title='bbox 2611 1004 2819 1071; x_wconf 73' lang='grc' dir='ltr'>ἀπῆλθε</span> <span class='ocrx_word' id='word_1_316' title='bbox 2851 1005 3060 1074; x_wconf 87' lang='grc' dir='ltr'>χαίρων</span> <span class='ocrx_word' id='word_1_317' title='bbox 3086 1020 3102 1036; x_wconf 75' lang='grc' dir='ltr'><strong><em>ο</em></strong></span> <span class='ocrx_word' id='word_1_318' title='bbox 3143 1003 3355 1058; x_wconf 79' lang='grc' dir='ltr'>ἐκείνου</span> <span class='ocrx_word' id='word_1_319' title='bbox 3389 1002 3446 1055; x_wconf 84' lang='grc' dir='ltr'>δέ</span> <span class='ocrx_word' id='word_1_320' title='bbox 3477 1002 3656 1054; x_wconf 86' lang='grc' dir='ltr'>ἀπελ-</span> 
     </span>
    </p>
   </div>
   <div class='ocr_carea' id='block_1_40' title="bbox 2067 1095 3652 1167">
    <p class='ocr_par' dir='ltr' id='par_1_40' title="bbox 2067 1095 3652 1167">
     <span class='ocr_line' id='line_1_40' title="bbox 2067 1095 3652 1167; baseline 0 -21"><span class='ocrx_word' id='word_1_321' title='bbox 2067 1095 2271 1159; x_wconf 85' lang='grc' dir='ltr'>θόντος,</span> <span class='ocrx_word' id='word_1_322' title='bbox 2295 1097 2497 1165; x_wconf 84' lang='grc' dir='ltr'>ὥρισεν</span> <span class='ocrx_word' id='word_1_323' title='bbox 2522 1097 2647 1165; x_wconf 85' lang='grc' dir='ltr'>ἐμέ,</span> <span class='ocrx_word' id='word_1_324' title='bbox 2677 1097 2786 1151; x_wconf 75' lang='grc' dir='ltr'>ἰδοὺ</span> <span class='ocrx_word' id='word_1_325' title='bbox 2817 1099 3181 1167; x_wconf 80' lang='grc' dir='ltr'>προετοίμαζε</span> <span class='ocrx_word' id='word_1_326' title='bbox 3206 1099 3272 1151; x_wconf 80' lang='grc' dir='ltr'>τὰ</span> <span class='ocrx_word' id='word_1_327' title='bbox 3294 1097 3430 1165; x_wconf 79' lang='grc' dir='ltr'>πρὸς</span> <span class='ocrx_word' id='word_1_328' title='bbox 3455 1095 3652 1166; x_wconf 82' lang='grc' dir='ltr'>χρείαν</span> 
     </span>
    </p>
   </div>
   <div class='ocr_carea' id='block_1_41' title="bbox 2066 1188 3655 1258">
    <p class='ocr_par' dir='ltr' id='par_1_41' title="bbox 2066 1188 3655 1258">
     <span class='ocr_line' id='line_1_41' title="bbox 2066 1188 3655 1258; baseline 0.001 -19"><span class='ocrx_word' id='word_1_329' title='bbox 2066 1189 2165 1256; x_wconf 79' lang='grc' dir='ltr'>τῆς</span> <span class='ocrx_word' id='word_1_330' title='bbox 2195 1188 2336 1254; x_wconf 79' lang='lat'>6606,</span> <span class='ocrx_word' id='word_1_331' title='bbox 2386 1188 2461 1258; x_wconf 82' lang='grc' dir='ltr'>μὴ</span> <span class='ocrx_word' id='word_1_332' title='bbox 2495 1190 2702 1248; x_wconf 76' lang='grc' dir='ltr'>εἰδότος</span> <span class='ocrx_word' id='word_1_333' title='bbox 2753 1206 2856 1258; x_wconf 87' lang='grc' dir='ltr'>μου</span> <span class='ocrx_word' id='word_1_334' title='bbox 2892 1191 3158 1258; x_wconf 82' lang='grc' dir='ltr'>πρότερον</span> <span class='ocrx_word' id='word_1_335' title='bbox 3201 1190 3261 1242; x_wconf 82' lang='lat'>16</span> <span class='ocrx_word' id='word_1_336' title='bbox 3296 1189 3460 1258; x_wconf 83' lang='grc' dir='ltr'>τυχόν</span> <span class='ocrx_word' id='word_1_337' title='bbox 3489 1206 3503 1220; x_wconf 74' lang='grc' dir='ltr'><strong><em>ο</em></strong></span> <span class='ocrx_word' id='word_1_338' title='bbox 3536 1189 3655 1257; x_wconf 83' lang='grc' dir='ltr'>ἐγὼ</span> 
     </span>
    </p>
   </div>
   <div class='ocr_carea' id='block_1_42' title="bbox 2065 1279 3654 1355">
    <p class='ocr_par' dir='ltr' id='par_1_42' title="bbox 2065 1279 3654 1355">
     <span class='ocr_line' id='line_1_42' title="bbox 2065 1279 3654 1355; baseline 0.002 -23"><span class='ocrx_word' id='word_1_339' title='bbox 2065 1279 2112 1332; x_wconf 84' lang='grc' dir='ltr'>δ’</span> <span class='ocrx_word' id='word_1_340' title='bbox 2137 1281 2404 1350; x_wconf 78' lang='grc' dir='ltr'>ἀνέφερον</span> <span class='ocrx_word' id='word_1_341' title='bbox 2436 1282 2605 1352; x_wconf 82' lang='grc' dir='ltr'>αὐτῷ,</span> <span class='ocrx_word' id='word_1_342' title='bbox 2633 1281 2713 1335; x_wconf 83' lang='grc' dir='ltr'>ὅτι</span> <span class='ocrx_word' id='word_1_343' title='bbox 2753 1283 2916 1351; x_wconf 87' lang='grc' dir='ltr'>μόνον</span> <span class='ocrx_word' id='word_1_344' title='bbox 2944 1284 3010 1336; x_wconf 87' lang='grc' dir='ltr'>νά</span> <span class='ocrx_word' id='word_1_345' title='bbox 3045 1282 3191 1355; x_wconf 79' lang='grc' dir='ltr'>δὼσῃ</span> <span class='ocrx_word' id='word_1_346' title='bbox 3222 1285 3250 1336; x_wconf 90' lang='lat'>6</span> <span class='ocrx_word' id='word_1_347' title='bbox 3277 1283 3412 1346; x_wconf 80' lang='grc' dir='ltr'>Θεὸς</span> <span class='ocrx_word' id='word_1_348' title='bbox 3442 1283 3509 1335; x_wconf 86' lang='grc' dir='ltr'>νά</span> <span class='ocrx_word' id='word_1_349' title='bbox 3539 1300 3654 1352; x_wconf 83' lang='grc' dir='ltr'>μη-</span> 
     </span>
    </p>
   </div>
   <div class='ocr_carea' id='block_1_43' title="bbox 2065 1372 3657 1445">
    <p class='ocr_par' dir='ltr' id='par_1_43' title="bbox 2065 1372 3657 1445">
     <span class='ocr_line' id='line_1_43' title="bbox 2065 1372 3657 1445; baseline 0.002 -20"><span class='ocrx_word' id='word_1_350' title='bbox 2065 1372 2153 1425; x_wconf 81' lang='grc' dir='ltr'>δὲν</span> <span class='ocrx_word' id='word_1_351' title='bbox 2200 1373 2330 1444; x_wconf 71' lang='grc' dir='ltr'>ἔλθῃ</span> <span class='ocrx_word' id='word_1_352' title='bbox 2359 1377 2386 1428; x_wconf 94' lang='lat'>6</span> <span class='ocrx_word' id='word_1_353' title='bbox 2436 1376 2867 1445; x_wconf 84' lang='grc' dir='ltr'>μητροπολίτης,</span> <span class='ocrx_word' id='word_1_354' title='bbox 2918 1376 3015 1429; x_wconf 76' lang='grc' dir='ltr'>καὶ</span> <span class='ocrx_word' id='word_1_355' title='bbox 3043 1375 3111 1428; x_wconf 86' lang='grc' dir='ltr'>νά</span> <span class='ocrx_word' id='word_1_356' title='bbox 3162 1376 3368 1428; x_wconf 86' lang='grc' dir='ltr'>δώσουν</span> <span class='ocrx_word' id='word_1_357' title='bbox 3414 1376 3563 1444; x_wconf 78' lang='grc' dir='ltr'>ἡμᾶς</span> <span class='ocrx_word' id='word_1_358' title='bbox 3590 1376 3657 1428; x_wconf 83' lang='lat'>16</span> 
     </span>
    </p>
   </div>
   <div class='ocr_carea' id='block_1_44' title="bbox 2068 1464 3654 1539">
    <p class='ocr_par' dir='ltr' id='par_1_44' title="bbox 2068 1464 3654 1539">
     <span class='ocr_line' id='line_1_44' title="bbox 2068 1464 3654 1539; baseline 0.004 -25"><span class='ocrx_word' id='word_1_359' title='bbox 2068 1464 2326 1534; x_wconf 83' lang='grc' dir='ltr'>κάστρον,</span> <span class='ocrx_word' id='word_1_360' title='bbox 2361 1467 2455 1519; x_wconf 73' lang='grc' dir='ltr'>καὶ</span> <span class='ocrx_word' id='word_1_361' title='bbox 2512 1467 2622 1534; x_wconf 88' lang='grc' dir='ltr'>ἐγὼ</span> <span class='ocrx_word' id='word_1_362' title='bbox 2654 1469 2720 1521; x_wconf 83' lang='grc' dir='ltr'>νά</span> <span class='ocrx_word' id='word_1_363' title='bbox 2764 1468 3107 1539; x_wconf 78' lang='grc' dir='ltr'>άναρρωσθῶ</span> <span class='ocrx_word' id='word_1_364' title='bbox 3153 1469 3208 1522; x_wconf 87' lang='grc' dir='ltr'>τί</span> <span class='ocrx_word' id='word_1_365' title='bbox 3258 1485 3389 1522; x_wconf 88' lang='grc' dir='ltr'>ποτε</span> <span class='ocrx_word' id='word_1_366' title='bbox 3444 1469 3606 1521; x_wconf 84' lang='grc' dir='ltr'>πλέον</span> <span class='ocrx_word' id='word_1_367' title='bbox 3635 1484 3654 1500; x_wconf 78' lang='grc' dir='ltr'><strong>ο</strong></span> 
     </span>
    </p>
   </div>
   <div class='ocr_carea' id='block_1_45' title="bbox 2068 1557 3657 1630">
    <p class='ocr_par' dir='ltr' id='par_1_45' title="bbox 2068 1557 3657 1630">
     <span class='ocr_line' id='line_1_45' title="bbox 2068 1557 3657 1630; baseline 0.002 -20"><span class='ocrx_word' id='word_1_368' title='bbox 2068 1557 2183 1626; x_wconf 85' lang='grc' dir='ltr'>ἀμὴ</span> <span class='ocrx_word' id='word_1_369' title='bbox 2217 1559 2396 1612; x_wconf 86' lang='grc' dir='ltr'>πάντα</span> <span class='ocrx_word' id='word_1_370' title='bbox 2444 1560 2585 1614; x_wconf 84' lang='grc' dir='ltr'>θέλω</span> <span class='ocrx_word' id='word_1_371' title='bbox 2618 1563 2688 1612; x_wconf 86' lang='grc' dir='ltr'>τά</span> <span class='ocrx_word' id='word_1_372' title='bbox 2742 1560 2887 1624; x_wconf 74' lang='grc' dir='ltr'>ἕξειν</span> <span class='ocrx_word' id='word_1_373' title='bbox 2937 1561 3132 1630; x_wconf 83' lang='grc' dir='ltr'>ἐτοιμα</span> <span class='ocrx_word' id='word_1_374' title='bbox 3181 1562 3263 1624; x_wconf 81' lang='grc' dir='ltr'>είς</span> <span class='ocrx_word' id='word_1_375' title='bbox 3301 1561 3657 1630; x_wconf 76' lang='grc' dir='ltr'>ἐκπλήρωσιν</span> 
     </span>
    </p>
   </div>
   <div class='ocr_carea' id='block_1_46' title="bbox 2067 1649 3656 1722">
    <p class='ocr_par' dir='ltr' id='par_1_46' title="bbox 2067 1649 3656 1722">
     <span class='ocr_line' id='line_1_46' title="bbox 2067 1649 3656 1722; baseline 0.002 -20"><span class='ocrx_word' id='word_1_376' title='bbox 2067 1649 2166 1720; x_wconf 86' lang='grc' dir='ltr'>τῆς</span> <span class='ocrx_word' id='word_1_377' title='bbox 2181 1650 2454 1720; x_wconf 72' lang='grc' dir='ltr'>ἀποδοχῆς</span> <span class='ocrx_word' id='word_1_378' title='bbox 2472 1668 2589 1706; x_wconf 93' lang='grc' dir='ltr'>σου.</span> <span class='ocrx_word' id='word_1_379' title='bbox 2602 1652 2716 1721; x_wconf 85' lang='grc' dir='ltr'>Τῆς</span> <span class='ocrx_word' id='word_1_380' title='bbox 2729 1652 2784 1706; x_wconf 71' lang='grc' dir='ltr'>δὲ</span> <span class='ocrx_word' id='word_1_381' title='bbox 2801 1652 3142 1722; x_wconf 83' lang='grc' dir='ltr'>προθεσμίας</span> <span class='ocrx_word' id='word_1_382' title='bbox 3163 1652 3428 1721; x_wconf 81' lang='grc' dir='ltr'>ἐλθούσης</span> <span class='ocrx_word' id='word_1_383' title='bbox 3444 1655 3542 1706; x_wconf 81' lang='grc' dir='ltr'>καὶ</span> <span class='ocrx_word' id='word_1_384' title='bbox 3558 1653 3656 1705; x_wconf 85' lang='grc' dir='ltr'>τοῦ</span> 
     </span>
    </p>
   </div>
   <div class='ocr_carea' id='block_1_47' title="bbox 2077 1739 3662 1816">
    <p class='ocr_par' dir='ltr' id='par_1_47' title="bbox 2077 1739 3662 1816">
     <span class='ocr_line' id='line_1_47' title="bbox 2077 1739 3662 1816; baseline 0.001 -21"><span class='ocrx_word' id='word_1_385' title='bbox 2077 1745 2478 1813; x_wconf 89' lang='grc' dir='ltr'>μητροπολίτου</span> <span class='ocrx_word' id='word_1_386' title='bbox 2511 1746 2613 1799; x_wconf 86' lang='grc' dir='ltr'>οὐκ</span> <span class='ocrx_word' id='word_1_387' title='bbox 2643 1745 2913 1810; x_wconf 86' lang='grc' dir='ltr'>ἐλθόντος,</span> <span class='ocrx_word' id='word_1_388' title='bbox 2951 1749 3014 1816; x_wconf 81' lang='grc' dir='ltr'>τῇ</span> <span class='ocrx_word' id='word_1_389' title='bbox 3048 1739 3214 1799; x_wconf 76' lang='grc' dir='ltr'>αὑτοῦ</span> <span class='ocrx_word' id='word_1_390' title='bbox 3243 1744 3468 1798; x_wconf 84' lang='grc' dir='ltr'>Ἰουνίου</span> <span class='ocrx_word' id='word_1_391' title='bbox 3488 1745 3662 1813; x_wconf 76' lang='grc' dir='ltr'>μηνὸς</span> 
     </span>
    </p>
   </div>
   <div class='ocr_carea' id='block_1_48' title="bbox 2075 1836 3662 1909">
    <p class='ocr_par' dir='ltr' id='par_1_48' title="bbox 2075 1836 3662 1909">
     <span class='ocr_line' id='line_1_48' title="bbox 2075 1836 3662 1909; baseline 0.002 -21"><span class='ocrx_word' id='word_1_392' title='bbox 2075 1836 2169 1889; x_wconf 87' lang='grc' dir='ltr'>τοῦ</span> <span class='ocrx_word' id='word_1_393' title='bbox 2201 1836 2369 1889; x_wconf 90' lang='grc' dir='ltr'>αὐτοῦ</span> <span class='ocrx_word' id='word_1_394' title='bbox 2416 1837 2592 1902; x_wconf 77' lang='grc' dir='ltr'>ἔτους,</span> <span class='ocrx_word' id='word_1_395' title='bbox 2639 1837 3143 1900; x_wconf 76' lang='grc' dir='ltr'>καϐαλικεύσαντες</span> <span class='ocrx_word' id='word_1_396' title='bbox 3182 1838 3545 1909; x_wconf 88' lang='grc' dir='ltr'>ἀπερχόμεθα</span> <span class='ocrx_word' id='word_1_397' title='bbox 3578 1841 3662 1900; x_wconf 77' lang='grc' dir='ltr'>εἰς</span> 
     </span>
    </p>
   </div>
   <div class='ocr_carea' id='block_1_49' title="bbox 2077 1924 3662 2002">
    <p class='ocr_par' dir='ltr' id='par_1_49' title="bbox 2077 1924 3662 2002">
     <span class='ocr_line' id='line_1_49' title="bbox 2077 1924 3662 2002; baseline 0 -21"><span class='ocrx_word' id='word_1_398' title='bbox 2077 1929 2175 1998; x_wconf 81' lang='grc' dir='ltr'>τὴν</span> <span class='ocrx_word' id='word_1_399' title='bbox 2226 1931 2467 2000; x_wconf 81' lang='grc' dir='ltr'>Πάτραν.</span> <span class='ocrx_word' id='word_1_400' title='bbox 2507 1924 2786 2002; x_wconf 72' lang='grc' dir='ltr'>[1481”Εν</span> <span class='ocrx_word' id='word_1_401' title='bbox 2842 1931 3068 1993; x_wconf 78' lang='grc' dir='ltr'>ταύταις</span> <span class='ocrx_word' id='word_1_402' title='bbox 3111 1927 3206 1984; x_wconf 74' lang='grc' dir='ltr'>οὖν</span> <span class='ocrx_word' id='word_1_403' title='bbox 3249 1933 3370 1994; x_wconf 77' lang='grc' dir='ltr'>ταῖς</span> <span class='ocrx_word' id='word_1_404' title='bbox 3419 1931 3662 1999; x_wconf 76' lang='grc' dir='ltr'>ἡμέραις</span> 
     </span>
    </p>
   </div>
   <div class='ocr_carea' id='block_1_50' title="bbox 2079 2019 3658 2092">
    <p class='ocr_par' dir='ltr' id='par_1_50' title="bbox 2079 2019 3658 2092">
     <span class='ocr_line' id='line_1_50' title="bbox 2079 2019 3658 2092; baseline 0.001 -20"><span class='ocrx_word' id='word_1_405' title='bbox 2079 2019 2173 2072; x_wconf 77' lang='grc' dir='ltr'>καὶ</span> <span class='ocrx_word' id='word_1_406' title='bbox 2203 2021 2232 2072; x_wconf 89' lang='lat'>6</span> <span class='ocrx_word' id='word_1_407' title='bbox 2259 2021 2689 2086; x_wconf 84' lang='grc' dir='ltr'>αὐθεντόπουλος</span> <span class='ocrx_word' id='word_1_408' title='bbox 2721 2023 2830 2092; x_wconf 77' lang='grc' dir='ltr'>κύρ</span> <span class='ocrx_word' id='word_1_409' title='bbox 2875 2023 3077 2089; x_wconf 84' lang='grc' dir='ltr'>Θωμᾶς</span> <span class='ocrx_word' id='word_1_410' title='bbox 3108 2021 3169 2074; x_wconf 81' lang='lat'>16</span> <span class='ocrx_word' id='word_1_411' title='bbox 3213 2023 3307 2075; x_wconf 81' lang='grc' dir='ltr'>τοῦ</span> <span class='ocrx_word' id='word_1_412' title='bbox 3346 2023 3658 2090; x_wconf 81' lang='grc' dir='ltr'>πριγκίπου</span> 
     </span>
    </p>
   </div>
   <div class='ocr_carea' id='block_1_51' title="bbox 2078 2102 3664 2184">
    <p class='ocr_par' dir='ltr' id='par_1_51' title="bbox 2078 2102 3664 2184">
     <span class='ocr_line' id='line_1_51' title="bbox 2078 2102 3664 2184; baseline 0.004 -22"><span class='ocrx_word' id='word_1_413' title='bbox 2078 2102 2439 2182; x_wconf 81' lang='grc' dir='ltr'>Τζεντουρίου</span> <span class='ocrx_word' id='word_1_414' title='bbox 2471 2113 2710 2183; x_wconf 86' lang='grc' dir='ltr'>κάστρον</span> <span class='ocrx_word' id='word_1_415' title='bbox 2728 2113 2829 2183; x_wconf 78' lang='grc' dir='ltr'>τὴν</span> <span class='ocrx_word' id='word_1_416' title='bbox 2855 2112 3268 2184; x_wconf 79' lang='grc' dir='ltr'>Χαλαντρίτζαν</span> <span class='ocrx_word' id='word_1_417' title='bbox 3292 2115 3387 2168; x_wconf 90' lang='grc' dir='ltr'>τοῦ</span> <span class='ocrx_word' id='word_1_418' title='bbox 3414 2115 3507 2167; x_wconf 75' lang='grc' dir='ltr'>καὶ</span> <span class='ocrx_word' id='word_1_419' title='bbox 3528 2133 3664 2182; x_wconf 84' lang='grc' dir='ltr'>μετ-</span> 
     </span>
    </p>
   </div>
   <div class='ocr_carea' id='block_1_52' title="bbox 2077 2205 3662 2277">
    <p class='ocr_par' dir='ltr' id='par_1_52' title="bbox 2077 2205 3662 2277">
     <span class='ocr_line' id='line_1_52' title="bbox 2077 2205 3662 2277; baseline 0.003 -21"><span class='ocrx_word' id='word_1_420' title='bbox 2077 2205 2270 2258; x_wconf 83' lang='grc' dir='ltr'>έπειτα</span> <span class='ocrx_word' id='word_1_421' title='bbox 2315 2207 2604 2275; x_wconf 85' lang='grc' dir='ltr'>γεγονότος</span> <span class='ocrx_word' id='word_1_422' title='bbox 2653 2207 2924 2277; x_wconf 81' lang='grc' dir='ltr'>πενθεροῦ</span> <span class='ocrx_word' id='word_1_423' title='bbox 2974 2207 3138 2261; x_wconf 89' lang='grc' dir='ltr'>αὐτοῦ</span> <span class='ocrx_word' id='word_1_424' title='bbox 3197 2207 3549 2275; x_wconf 69' lang='grc' dir='ltr'>ἐπολιόρκει*</span> <span class='ocrx_word' id='word_1_425' title='bbox 3585 2211 3662 2270; x_wconf 84' lang='grc' dir='ltr'>ὡς</span> 
     </span>
    </p>
   </div>
   <div class='ocr_carea' id='block_1_53' title="bbox 2075 2297 3661 2369">
    <p class='ocr_par' dir='ltr' id='par_1_53' title="bbox 2075 2297 3661 2369">
     <span class='ocr_line' id='line_1_53' title="bbox 2075 2297 3661 2369; baseline 0.001 -18"><span class='ocrx_word' id='word_1_426' title='bbox 2075 2297 2133 2351; x_wconf 83' lang='grc' dir='ltr'>δὲ</span> <span class='ocrx_word' id='word_1_427' title='bbox 2179 2298 2436 2368; x_wconf 80' lang='grc' dir='ltr'>διήρχετο</span> <span class='ocrx_word' id='word_1_428' title='bbox 2481 2301 2509 2352; x_wconf 89' lang='lat'>6</span> <span class='ocrx_word' id='word_1_429' title='bbox 2544 2298 2811 2369; x_wconf 78' lang='grc' dir='ltr'>αὐθέντης</span> <span class='ocrx_word' id='word_1_430' title='bbox 2864 2316 2966 2361; x_wconf 89' lang='grc' dir='ltr'>μου</span> <span class='ocrx_word' id='word_1_431' title='bbox 3003 2299 3099 2353; x_wconf 73' lang='grc' dir='ltr'>καὶ</span> <span class='ocrx_word' id='word_1_432' title='bbox 3146 2298 3196 2352; x_wconf 78' lang='grc' dir='ltr'>οἱ</span> <span class='ocrx_word' id='word_1_433' title='bbox 3226 2299 3446 2367; x_wconf 83' lang='grc' dir='ltr'>ἀδελφοὶ</span> <span class='ocrx_word' id='word_1_434' title='bbox 3494 2298 3661 2352; x_wconf 85' lang='grc' dir='ltr'>αὐτοῦ</span> 
     </span>
    </p>
   </div>
   <div class='ocr_carea' id='block_1_54' title="bbox 2076 2388 3663 2462">
    <p class='ocr_par' dir='ltr' id='par_1_54' title="bbox 2076 2388 3663 2462">
     <span class='ocr_line' id='line_1_54' title="bbox 2076 2388 3663 2462; baseline -0.001 -20"><span class='ocrx_word' id='word_1_435' title='bbox 2076 2388 2174 2459; x_wconf 77' lang='grc' dir='ltr'>τήν</span> <span class='ocrx_word' id='word_1_436' title='bbox 2203 2390 2319 2442; x_wconf 78' lang='lat' dir='ltr'>666v</span> <span class='ocrx_word' id='word_1_437' title='bbox 2372 2389 2471 2460; x_wconf 83' lang='grc' dir='ltr'>τὴν</span> <span class='ocrx_word' id='word_1_438' title='bbox 2506 2391 2778 2458; x_wconf 83' lang='grc' dir='ltr'>φέρουσαν</span> <span class='ocrx_word' id='word_1_439' title='bbox 2828 2393 2908 2454; x_wconf 85' lang='grc' dir='ltr'>είς</span> <span class='ocrx_word' id='word_1_440' title='bbox 2938 2392 3038 2461; x_wconf 80' lang='grc' dir='ltr'>τήν</span> <span class='ocrx_word' id='word_1_441' title='bbox 3089 2392 3328 2462; x_wconf 84' lang='grc' dir='ltr'>Πάτραν,</span> <span class='ocrx_word' id='word_1_442' title='bbox 3381 2389 3663 2444; x_wconf 85' lang='grc' dir='ltr'>κατελθὼν</span> 
     </span>
    </p>
   </div>
   <div class='ocr_carea' id='block_1_55' title="bbox 2077 2479 3663 2551">
    <p class='ocr_par' dir='ltr' id='par_1_55' title="bbox 2077 2479 3663 2551">
     <span class='ocr_line' id='line_1_55' title="bbox 2077 2479 3663 2551; baseline -0.001 -19"><span class='ocrx_word' id='word_1_443' title='bbox 2077 2480 2173 2532; x_wconf 67' lang='grc' dir='ltr'>καὶ</span> <span class='ocrx_word' id='word_1_444' title='bbox 2204 2479 2360 2541; x_wconf 78' lang='grc' dir='ltr'>οὗτος</span> <span class='ocrx_word' id='word_1_445' title='bbox 2390 2479 2454 2550; x_wconf 83' lang='grc' dir='ltr'>δὴ</span> <span class='ocrx_word' id='word_1_446' title='bbox 2485 2483 2512 2532; x_wconf 91' lang='lat'>6</span> <span class='ocrx_word' id='word_1_447' title='bbox 2539 2481 2771 2548; x_wconf 75' lang='grc' dir='ltr'>ἀδελφὸς</span> <span class='ocrx_word' id='word_1_448' title='bbox 2802 2481 2993 2545; x_wconf 91' lang='grc' dir='ltr'>αὐτοῦ,</span> <span class='ocrx_word' id='word_1_449' title='bbox 3027 2481 3250 2551; x_wconf 80' lang='grc' dir='ltr'>ἔμειναν</span> <span class='ocrx_word' id='word_1_450' title='bbox 3279 2481 3419 2549; x_wconf 83' lang='grc' dir='ltr'>ὁμοῦ</span> <span class='ocrx_word' id='word_1_451' title='bbox 3449 2483 3532 2542; x_wconf 77' lang='grc' dir='ltr'>εἰς</span> <span class='ocrx_word' id='word_1_452' title='bbox 3559 2480 3663 2550; x_wconf 82' lang='grc' dir='ltr'>τὴν</span> 
     </span>
    </p>
   </div>
   <div class='ocr_carea' id='block_1_56' title="bbox 2082 2572 3663 2644">
    <p class='ocr_par' dir='ltr' id='par_1_56' title="bbox 2082 2572 3663 2644">
     <span class='ocr_line' id='line_1_56' title="bbox 2082 2572 3663 2644; baseline 0.001 -19"><span class='ocrx_word' id='word_1_453' title='bbox 2082 2572 2430 2639; x_wconf 82' lang='grc' dir='ltr'>Καμενίτζαν</span> <span class='ocrx_word' id='word_1_454' title='bbox 2455 2591 2472 2607; x_wconf 81' lang='grc' dir='ltr'><strong><em>ο</em></strong></span> <span class='ocrx_word' id='word_1_455' title='bbox 2511 2573 2589 2635; x_wconf 84' lang='grc' dir='ltr'>ὡς</span> <span class='ocrx_word' id='word_1_456' title='bbox 2619 2574 2676 2626; x_wconf 86' lang='grc' dir='ltr'>δέ</span> <span class='ocrx_word' id='word_1_457' title='bbox 2708 2573 2878 2644; x_wconf 79' lang='grc' dir='ltr'>ἔμαθε</span> <span class='ocrx_word' id='word_1_458' title='bbox 2918 2577 3077 2628; x_wconf 75' lang='grc' dir='ltr'>τοῦτο</span> <span class='ocrx_word' id='word_1_459' title='bbox 3114 2576 3212 2627; x_wconf 72' lang='grc' dir='ltr'>καὶ</span> <span class='ocrx_word' id='word_1_460' title='bbox 3240 2575 3270 2628; x_wconf 90' lang='lat'>6</span> <span class='ocrx_word' id='word_1_461' title='bbox 3310 2577 3392 2638; x_wconf 83' lang='grc' dir='ltr'>είς</span> <span class='ocrx_word' id='word_1_462' title='bbox 3414 2575 3516 2644; x_wconf 84' lang='grc' dir='ltr'>τὴν</span> <span class='ocrx_word' id='word_1_463' title='bbox 3546 2575 3663 2627; x_wconf 83' lang='grc' dir='ltr'>Χα-</span> 
     </span>
    </p>
   </div>
   <div class='ocr_carea' id='block_1_57' title="bbox 2077 2665 3663 2738">
    <p class='ocr_par' dir='ltr' id='par_1_57' title="bbox 2077 2665 3663 2738">
     <span class='ocr_line' id='line_1_57' title="bbox 2077 2665 3663 2738; baseline 0.003 -22"><span class='ocrx_word' id='word_1_464' title='bbox 2077 2665 2408 2730; x_wconf 79' lang='grc' dir='ltr'>λαντρίτζαν</span> <span class='ocrx_word' id='word_1_465' title='bbox 2447 2665 2540 2718; x_wconf 88' lang='grc' dir='ltr'>τοῦ</span> <span class='ocrx_word' id='word_1_466' title='bbox 2597 2667 2904 2735; x_wconf 87' lang='grc' dir='ltr'>πριγκίπου</span> <span class='ocrx_word' id='word_1_467' title='bbox 2963 2668 3353 2738; x_wconf 82' lang='grc' dir='ltr'>εὑρισκόμενος</span> <span class='ocrx_word' id='word_1_468' title='bbox 3397 2667 3606 2738; x_wconf 77' lang='grc' dir='ltr'>ἄρχων,</span> <span class='ocrx_word' id='word_1_469' title='bbox 3636 2669 3663 2720; x_wconf 89' lang='lat'>6</span> 
     </span>
    </p>
   </div>
   <div class='ocr_carea' id='block_1_58' title="bbox 2089 2757 3658 2830">
    <p class='ocr_par' dir='ltr' id='par_1_58' title="bbox 2089 2757 3658 2830">
     <span class='ocr_line' id='line_1_58' title="bbox 2089 2757 3658 2830; baseline 0.001 -21"><span class='ocrx_word' id='word_1_470' title='bbox 2089 2757 2464 2821; x_wconf 79' lang='grc' dir='ltr'>Ἰωαννούτζις</span> <span class='ocrx_word' id='word_1_471' title='bbox 2502 2758 2774 2822; x_wconf 70' lang='grc' dir='ltr'>Παλότας,</span> <span class='ocrx_word' id='word_1_472' title='bbox 2802 2761 3034 2829; x_wconf 76' lang='grc' dir='ltr'>αἰτήσας</span> <span class='ocrx_word' id='word_1_473' title='bbox 3062 2760 3385 2830; x_wconf 74' lang='grc' dir='ltr'>ἀφιέρωσιν,</span> <span class='ocrx_word' id='word_1_474' title='bbox 3415 2759 3505 2813; x_wconf 78' lang='grc' dir='ltr'>ἵνα</span> <span class='ocrx_word' id='word_1_475' title='bbox 3529 2758 3658 2830; x_wconf 73' lang='grc' dir='ltr'>ἔλθῃ</span> 
     </span>
    </p>
   </div>
   <div class='ocr_carea' id='block_1_59' title="bbox 2082 2847 3663 2923">
    <p class='ocr_par' dir='ltr' id='par_1_59' title="bbox 2082 2847 3663 2923">
     <span class='ocr_line' id='line_1_59' title="bbox 2082 2847 3663 2923; baseline 0.003 -23"><span class='ocrx_word' id='word_1_476' title='bbox 2082 2850 2177 2902; x_wconf 69' lang='grc' dir='ltr'>καὶ</span> <span class='ocrx_word' id='word_1_477' title='bbox 2211 2851 2569 2923; x_wconf 80' lang='grc' dir='ltr'>προσκυνήσῃ</span> <span class='ocrx_word' id='word_1_478' title='bbox 2605 2851 2953 2922; x_wconf 78' lang='grc' dir='ltr'>ἀμφοτέρους</span> <span class='ocrx_word' id='word_1_479' title='bbox 3000 2853 3125 2916; x_wconf 80' lang='grc' dir='ltr'>τοὺς</span> <span class='ocrx_word' id='word_1_480' title='bbox 3178 2851 3468 2914; x_wconf 77' lang='grc' dir='ltr'>αὐθέντας,</span> <span class='ocrx_word' id='word_1_481' title='bbox 3507 2847 3663 2922; x_wconf 79' lang='grc' dir='ltr'>ἦλθε,</span> 
     </span>
    </p>
   </div>
   <div class='ocr_carea' id='block_1_60' title="bbox 2080 2945 3664 3018">
    <p class='ocr_par' dir='ltr' id='par_1_60' title="bbox 2080 2945 3664 3018">
     <span class='ocr_line' id='line_1_60' title="bbox 2080 2945 3664 3018; baseline -0.001 -18"><span class='ocrx_word' id='word_1_482' title='bbox 2080 2949 2176 3000; x_wconf 80' lang='grc' dir='ltr'>καὶ</span> <span class='ocrx_word' id='word_1_483' title='bbox 2200 2945 2512 3012; x_wconf 77' lang='grc' dir='ltr'>ἐξελθόντος</span> <span class='ocrx_word' id='word_1_484' title='bbox 2542 2947 2702 3009; x_wconf 76' lang='grc' dir='ltr'>εὐθὺς</span> <span class='ocrx_word' id='word_1_485' title='bbox 2723 2948 2974 3001; x_wconf 82' lang='grc' dir='ltr'>ἐκϐαλὼν</span> <span class='ocrx_word' id='word_1_486' title='bbox 2994 2949 3092 3010; x_wconf 84' lang='grc' dir='ltr'>τὰς</span> <span class='ocrx_word' id='word_1_487' title='bbox 3120 2945 3214 3000; x_wconf 86' lang='grc' dir='ltr'>τοῦ</span> <span class='ocrx_word' id='word_1_488' title='bbox 3240 2948 3484 3018; x_wconf 83' lang='grc' dir='ltr'>κάστρου</span> <span class='ocrx_word' id='word_1_489' title='bbox 3515 2947 3664 3009; x_wconf 81' lang='grc' dir='ltr'>κλεῖς</span> 
     </span>
    </p>
   </div>
   <div class='ocr_carea' id='block_1_61' title="bbox 2079 3036 3662 3108">
    <p class='ocr_par' dir='ltr' id='par_1_61' title="bbox 2079 3036 3662 3108">
     <span class='ocr_line' id='line_1_61' title="bbox 2079 3036 3662 3108; baseline 0 -20"><span class='ocrx_word' id='word_1_490' title='bbox 2079 3036 2274 3088; x_wconf 82' lang='grc' dir='ltr'>δέδωκε</span> <span class='ocrx_word' id='word_1_491' title='bbox 2313 3038 2516 3099; x_wconf 82' lang='grc' dir='ltr'>ταύτας</span> <span class='ocrx_word' id='word_1_492' title='bbox 2547 3037 2622 3105; x_wconf 81' lang='grc' dir='ltr'>τῷ</span> <span class='ocrx_word' id='word_1_493' title='bbox 2654 3037 2891 3108; x_wconf 82' lang='grc' dir='ltr'>αὐθέντῃ</span> <span class='ocrx_word' id='word_1_494' title='bbox 2923 3055 3026 3106; x_wconf 91' lang='grc' dir='ltr'>μου</span> <span class='ocrx_word' id='word_1_495' title='bbox 3061 3037 3138 3106; x_wconf 82' lang='grc' dir='ltr'>τῷ</span> <span class='ocrx_word' id='word_1_496' title='bbox 3165 3037 3423 3108; x_wconf 79' lang='grc' dir='ltr'>δεσπότῃ,</span> <span class='ocrx_word' id='word_1_497' title='bbox 3454 3037 3628 3090; x_wconf 74' lang='grc' dir='ltr'>εἰπών</span> <span class='ocrx_word' id='word_1_498' title='bbox 3648 3052 3662 3066; x_wconf 78' lang='grc' dir='ltr'><strong>ο</strong></span> 
     </span>
    </p>
   </div>
   <div class='ocr_carea' id='block_1_62' title="bbox 397 3117 3664 3208">
    <p class='ocr_par' dir='ltr' id='par_1_62' title="bbox 397 3117 3664 3208">
     <span class='ocr_line' id='line_1_62' title="bbox 397 3117 3664 3208; baseline -0.006 -20"><span class='ocrx_word' id='word_1_499' title='bbox 397 3137 460 3188; x_wconf 78' lang='lat'>16</span> <span class='ocrx_word' id='word_1_500' title='bbox 495 3131 778 3205; x_wconf 86' lang='grc' dir='ltr'>Σαραϐάλε</span> <span class='ocrx_word' id='word_1_501' title='bbox 801 3132 868 3200; x_wconf 82' lang='grc' dir='ltr'>τῇ</span> <span class='ocrx_word' id='word_1_502' title='bbox 898 3136 938 3181; x_wconf 86' lang='grc' dir='ltr'>ε’</span> <span class='ocrx_word' id='word_1_503' title='bbox 967 3129 1145 3182; x_wconf 78' lang='grc' dir='ltr'>Μαΐου</span> <span class='ocrx_word' id='word_1_504' title='bbox 1183 3125 1608 3180; x_wconf 85' lang='grc' dir='ltr'>ἐκαϐαλίκευσεν</span> <span class='ocrx_word' id='word_1_505' title='bbox 1641 3122 1731 3174; x_wconf 62' lang='grc' dir='ltr'><strong>καῖ</strong></span> <span class='ocrx_word' id='word_1_506' title='bbox 1759 3117 1974 3187; x_wconf 78' lang='grc' dir='ltr'>ἀπῆλθε</span> <span class='ocrx_word' id='word_1_507' title='bbox 2000 3144 2049 3208; x_wconf 77' lang='lat' dir='ltr'><strong>C</strong></span> <span class='ocrx_word' id='word_1_508' title='bbox 2082 3128 2256 3180; x_wconf 66' lang='grc' dir='ltr'>Τοῦτο</span> <span class='ocrx_word' id='word_1_509' title='bbox 2284 3127 2360 3180; x_wconf 69' lang='grc' dir='ltr'>ενι</span> <span class='ocrx_word' id='word_1_510' title='bbox 2389 3129 2628 3197; x_wconf 53' lang='lat' dir='ltr'>mia-ch</span> <span class='ocrx_word' id='word_1_511' title='bbox 2668 3129 2813 3191; x_wconf 71' lang='grc' dir='ltr'>ξδίως</span> <span class='ocrx_word' id='word_1_512' title='bbox 2848 3129 2942 3182; x_wconf 69' lang='grc' dir='ltr'>τοῦ</span> <span class='ocrx_word' id='word_1_513' title='bbox 2977 3129 3210 3197; x_wconf 65' lang='grc' dir='ltr'>αὐθέντη</span> <span class='ocrx_word' id='word_1_514' title='bbox 3247 3146 3348 3198; x_wconf 81' lang='grc' dir='ltr'>μου</span> <span class='ocrx_word' id='word_1_515' title='bbox 3398 3130 3496 3182; x_wconf 55' lang='grc' dir='ltr'>καὶ</span> <span class='ocrx_word' id='word_1_516' title='bbox 3531 3145 3664 3196; x_wconf 75' lang='grc' dir='ltr'>συγ-</span> 
     </span>
    </p>
   </div>
   <div class='ocr_carea' id='block_1_63' title="bbox 404 3209 1978 3296">
    <p class='ocr_par' dir='ltr' id='par_1_63' title="bbox 404 3209 1978 3296">
     <span class='ocr_line' id='line_1_63' title="bbox 404 3209 1978 3296; baseline -0.01 -19"><span class='ocrx_word' id='word_1_517' title='bbox 404 3229 569 3296; x_wconf 79' lang='grc' dir='ltr'>μέχρι</span> <span class='ocrx_word' id='word_1_518' title='bbox 617 3221 770 3295; x_wconf 70' lang='lat'>[146]</span> <span class='ocrx_word' id='word_1_519' title='bbox 825 3221 926 3289; x_wconf 77' lang='grc' dir='ltr'>τῆς</span> <span class='ocrx_word' id='word_1_520' title='bbox 975 3218 1322 3282; x_wconf 79' lang='grc' dir='ltr'>Σκλαϐίτζας</span> <span class='ocrx_word' id='word_1_521' title='bbox 1383 3217 1478 3269; x_wconf 71' lang='grc' dir='ltr'>καὶ</span> <span class='ocrx_word' id='word_1_522' title='bbox 1517 3213 1612 3267; x_wconf 90' lang='grc' dir='ltr'>τοῦ</span> <span class='ocrx_word' id='word_1_523' title='bbox 1656 3211 1860 3266; x_wconf 87' lang='grc' dir='ltr'>Ῥιόλου</span> <span class='ocrx_word' id='word_1_524' title='bbox 1911 3209 1978 3262; x_wconf 87' lang='grc' dir='ltr'>τά</span> 
     </span>
    </p>
   </div>
   <div class='ocr_carea' id='block_1_64' title="bbox 401 3302 1978 3384">
    <p class='ocr_par' dir='ltr' id='par_1_64' title="bbox 401 3302 1978 3384">
     <span class='ocr_line' id='line_1_64' title="bbox 401 3302 1978 3384; baseline -0.01 -17"><span class='ocrx_word' id='word_1_525' title='bbox 401 3319 524 3384; x_wconf 79' lang='grc' dir='ltr'>ὅρια</span> <span class='ocrx_word' id='word_1_526' title='bbox 550 3333 564 3346; x_wconf 89' lang='grc'><strong>·</strong></span> <span class='ocrx_word' id='word_1_527' title='bbox 593 3312 787 3380; x_wconf 83' lang='grc' dir='ltr'>δι’ἐμέ</span> <span class='ocrx_word' id='word_1_528' title='bbox 835 3310 890 3363; x_wconf 81' lang='grc' dir='ltr'>δὲ</span> <span class='ocrx_word' id='word_1_529' title='bbox 929 3309 1214 3375; x_wconf 75' lang='grc' dir='ltr'>ἐπαφῆκεν</span> <span class='ocrx_word' id='word_1_530' title='bbox 1257 3306 1511 3373; x_wconf 85' lang='grc' dir='ltr'>Ἰωάννην</span> <span class='ocrx_word' id='word_1_531' title='bbox 1561 3304 1652 3356; x_wconf 82' lang='lat' dir='ltr'>16v</span> <span class='ocrx_word' id='word_1_532' title='bbox 1698 3302 1978 3354; x_wconf 83' lang='grc' dir='ltr'>Ῥωσατᾶν</span> 
     </span>
    </p>
   </div>
   <div class='ocr_carea' id='block_1_65' title="bbox 404 3392 1979 3474">
    <p class='ocr_par' dir='ltr' id='par_1_65' title="bbox 404 3392 1979 3474">
     <span class='ocr_line' id='line_1_65' title="bbox 404 3392 1979 3474; baseline -0.01 -16"><span class='ocrx_word' id='word_1_533' title='bbox 404 3410 493 3458; x_wconf 84' lang='grc' dir='ltr'>ἵνα</span> <span class='ocrx_word' id='word_1_534' title='bbox 527 3421 593 3474; x_wconf 85' lang='grc' dir='ltr'>με</span> <span class='ocrx_word' id='word_1_535' title='bbox 635 3403 814 3471; x_wconf 81' lang='grc' dir='ltr'>ἐπάρῃ</span> <span class='ocrx_word' id='word_1_536' title='bbox 837 3417 851 3430; x_wconf 87' lang='grc'><strong>·</strong></span> <span class='ocrx_word' id='word_1_537' title='bbox 897 3398 1208 3466; x_wconf 77' lang='grc' dir='ltr'>σωζομένου</span> <span class='ocrx_word' id='word_1_538' title='bbox 1237 3397 1348 3465; x_wconf 77' lang='grc' dir='ltr'>γὰρ</span> <span class='ocrx_word' id='word_1_539' title='bbox 1380 3395 1473 3447; x_wconf 86' lang='grc' dir='ltr'>τοῦ</span> <span class='ocrx_word' id='word_1_540' title='bbox 1507 3392 1882 3464; x_wconf 82' lang='grc' dir='ltr'>ἐλευρωθήναί</span> <span class='ocrx_word' id='word_1_541' title='bbox 1913 3407 1979 3459; x_wconf 90' lang='grc' dir='ltr'>με</span> 
     </span>
    </p>
   </div>
   <div class='ocr_carea' id='block_1_66' title="bbox 404 3483 1979 3563">
    <p class='ocr_par' dir='ltr' id='par_1_66' title="bbox 404 3483 1979 3563">
     <span class='ocr_line' id='line_1_66' title="bbox 404 3483 1979 3563; baseline -0.011 -12"><span class='ocrx_word' id='word_1_542' title='bbox 404 3499 592 3563; x_wconf 68' lang='grc' dir='ltr'>ἕξουσι</span> <span class='ocrx_word' id='word_1_543' title='bbox 624 3494 681 3547; x_wconf 85' lang='grc' dir='ltr'>τδ</span> <span class='ocrx_word' id='word_1_544' title='bbox 713 3493 930 3562; x_wconf 84' lang='grc' dir='ltr'>βέϐαιον</span> <span class='ocrx_word' id='word_1_545' title='bbox 959 3491 1030 3544; x_wconf 86' lang='grc' dir='ltr'>τά</span> <span class='ocrx_word' id='word_1_546' title='bbox 1060 3489 1378 3560; x_wconf 82' lang='grc' dir='ltr'>πραχθέντα</span> <span class='ocrx_word' id='word_1_547' title='bbox 1402 3505 1415 3517; x_wconf 75' lang='grc' dir='ltr'><strong><em>ο</em></strong></span> <span class='ocrx_word' id='word_1_548' title='bbox 1449 3488 1545 3538; x_wconf 76' lang='grc' dir='ltr'>καὶ</span> <span class='ocrx_word' id='word_1_549' title='bbox 1587 3483 1979 3554; x_wconf 75' lang='grc' dir='ltr'>ἐλευθερωθεὶς</span> 
     </span>
    </p>
   </div>
   <div class='ocr_carea' id='block_1_67' title="bbox 405 3573 1982 3658">
    <p class='ocr_par' dir='ltr' id='par_1_67' title="bbox 405 3573 1982 3658">
     <span class='ocr_line' id='line_1_67' title="bbox 405 3573 1982 3658; baseline -0.011 -16"><span class='ocrx_word' id='word_1_550' title='bbox 405 3587 641 3658; x_wconf 75' lang='grc' dir='ltr'>ἡμιθνὴς</span> <span class='ocrx_word' id='word_1_551' title='bbox 691 3585 756 3655; x_wconf 77' lang='grc' dir='ltr'>δὴ</span> <span class='ocrx_word' id='word_1_552' title='bbox 801 3583 956 3654; x_wconf 86' lang='grc' dir='ltr'>μόλις</span> <span class='ocrx_word' id='word_1_553' title='bbox 1007 3583 1291 3644; x_wconf 85' lang='grc' dir='ltr'>ἀπέσωσα,</span> <span class='ocrx_word' id='word_1_554' title='bbox 1345 3579 1471 3632; x_wconf 76' lang='grc' dir='ltr'>ἔνθα</span> <span class='ocrx_word' id='word_1_555' title='bbox 1511 3579 1603 3632; x_wconf 69' lang='grc' dir='ltr'>καὶ</span> <span class='ocrx_word' id='word_1_556' title='bbox 1638 3578 1665 3629; x_wconf 86' lang='grc' dir='ltr'>ὁ</span> <span class='ocrx_word' id='word_1_557' title='bbox 1716 3573 1982 3644; x_wconf 87' lang='grc' dir='ltr'>αὐθέντης</span> 
     </span>
    </p>
   </div>
   <div class='ocr_carea' id='block_1_68' title="bbox 413 3669 1978 3753">
    <p class='ocr_par' dir='ltr' id='par_1_68' title="bbox 413 3669 1978 3753">
     <span class='ocr_line' id='line_1_68' title="bbox 413 3669 1978 3753; baseline -0.01 -17"><span class='ocrx_word' id='word_1_558' title='bbox 413 3702 538 3753; x_wconf 88' lang='grc' dir='ltr'>μου,</span> <span class='ocrx_word' id='word_1_559' title='bbox 563 3683 622 3742; x_wconf 82' lang='grc' dir='ltr'>δς</span> <span class='ocrx_word' id='word_1_560' title='bbox 657 3681 780 3734; x_wconf 77' lang='grc' dir='ltr'>ἰδών</span> <span class='ocrx_word' id='word_1_561' title='bbox 813 3695 880 3748; x_wconf 89' lang='grc' dir='ltr'>με</span> <span class='ocrx_word' id='word_1_562' title='bbox 913 3676 1051 3748; x_wconf 86' lang='grc' dir='ltr'>μετά</span> <span class='ocrx_word' id='word_1_563' title='bbox 1082 3676 1258 3745; x_wconf 80' lang='grc' dir='ltr'>χαρᾶς</span> <span class='ocrx_word' id='word_1_564' title='bbox 1285 3674 1365 3726; x_wconf 86' lang='grc' dir='ltr'>ὅτι</span> <span class='ocrx_word' id='word_1_565' title='bbox 1405 3671 1610 3739; x_wconf 81' lang='grc' dir='ltr'>πολλῆς</span> <span class='ocrx_word' id='word_1_566' title='bbox 1653 3671 1748 3723; x_wconf 75' lang='grc' dir='ltr'>καὶ</span> <span class='ocrx_word' id='word_1_567' title='bbox 1778 3669 1978 3733; x_wconf 86' lang='grc' dir='ltr'>λύπης,</span> 
     </span>
    </p>
   </div>
   <div class='ocr_carea' id='block_1_69' title="bbox 407 3760 1986 3847">
    <p class='ocr_par' dir='ltr' id='par_1_69' title="bbox 407 3760 1986 3847">
     <span class='ocr_line' id='line_1_69' title="bbox 407 3760 1986 3847; baseline -0.011 -17"><span class='ocrx_word' id='word_1_568' title='bbox 407 3781 470 3830; x_wconf 86' lang='lat'>16</span> <span class='ocrx_word' id='word_1_569' title='bbox 513 3776 612 3847; x_wconf 82' lang='grc' dir='ltr'>μὲν</span> <span class='ocrx_word' id='word_1_570' title='bbox 644 3775 726 3827; x_wconf 86' lang='grc' dir='ltr'>ὃτι</span> <span class='ocrx_word' id='word_1_571' title='bbox 761 3773 910 3841; x_wconf 76' lang='grc' dir='ltr'>ήμην</span> <span class='ocrx_word' id='word_1_572' title='bbox 938 3769 1114 3830; x_wconf 72' lang='grc' dir='ltr'>οὕτως</span> <span class='ocrx_word' id='word_1_573' title='bbox 1157 3764 1413 3836; x_wconf 76' lang='grc' dir='ltr'>ήμιθνής,</span> <span class='ocrx_word' id='word_1_574' title='bbox 1447 3763 1510 3816; x_wconf 89' lang='lat'>16</span> <span class='ocrx_word' id='word_1_575' title='bbox 1536 3763 1592 3816; x_wconf 89' lang='grc' dir='ltr'>δέ</span> <span class='ocrx_word' id='word_1_576' title='bbox 1641 3764 1724 3816; x_wconf 85' lang='grc' dir='ltr'>ὅτι</span> <span class='ocrx_word' id='word_1_577' title='bbox 1758 3760 1986 3830; x_wconf 74' lang='grc' dir='ltr'>ἠλευθε-</span> 
     </span>
    </p>
   </div>
   <div class='ocr_carea' id='block_1_70' title="bbox 413 3852 1986 3941">
    <p class='ocr_par' dir='ltr' id='par_1_70' title="bbox 413 3852 1986 3941">
     <span class='ocr_line' id='line_1_70' title="bbox 413 3852 1986 3941; baseline -0.011 -18"><span class='ocrx_word' id='word_1_578' title='bbox 413 3869 619 3941; x_wconf 84' lang='grc' dir='ltr'>ρώθην,</span> <span class='ocrx_word' id='word_1_579' title='bbox 650 3869 745 3920; x_wconf 74' lang='grc' dir='ltr'>καὶ</span> <span class='ocrx_word' id='word_1_580' title='bbox 774 3865 964 3936; x_wconf 79' lang='grc' dir='ltr'>ὁρίσας</span> <span class='ocrx_word' id='word_1_581' title='bbox 998 3859 1228 3920; x_wconf 79' lang='grc' dir='ltr'>πολλοὺς</span> <span class='ocrx_word' id='word_1_582' title='bbox 1255 3857 1448 3924; x_wconf 85' lang='grc' dir='ltr'>λόγους</span> <span class='ocrx_word' id='word_1_583' title='bbox 1476 3855 1610 3925; x_wconf 82' lang='grc' dir='ltr'>πρὸς</span> <span class='ocrx_word' id='word_1_584' title='bbox 1642 3855 1862 3908; x_wconf 77' lang='grc' dir='ltr'>ἔπαινον</span> <span class='ocrx_word' id='word_1_585' title='bbox 1891 3852 1986 3906; x_wconf 73' lang='grc' dir='ltr'>καὶ</span> 
     </span>
    </p>
   </div>
   <div class='ocr_carea' id='block_1_71' title="bbox 413 3945 1985 4029">
    <p class='ocr_par' dir='ltr' id='par_1_71' title="bbox 413 3945 1985 4029">
     <span class='ocr_line' id='line_1_71' title="bbox 413 3945 1985 4029; baseline -0.01 -17"><span class='ocrx_word' id='word_1_586' title='bbox 413 3959 768 4029; x_wconf 82' lang='grc' dir='ltr'>παραμυθίαν</span> <span class='ocrx_word' id='word_1_587' title='bbox 802 3973 926 4026; x_wconf 91' lang='grc' dir='ltr'>μου,</span> <span class='ocrx_word' id='word_1_588' title='bbox 957 3955 1034 4018; x_wconf 82' lang='grc' dir='ltr'>ὡς</span> <span class='ocrx_word' id='word_1_589' title='bbox 1066 3951 1307 4021; x_wconf 77' lang='grc' dir='ltr'>ἀπῆλθον</span> <span class='ocrx_word' id='word_1_590' title='bbox 1339 3947 1536 4018; x_wconf 77' lang='grc' dir='ltr'>εἰς’τὴν</span> <span class='ocrx_word' id='word_1_591' title='bbox 1561 3945 1832 4002; x_wconf 86' lang='grc' dir='ltr'>κατούναν</span> <span class='ocrx_word' id='word_1_592' title='bbox 1858 3961 1985 4013; x_wconf 88' lang='grc' dir='ltr'>μου,</span> 
     </span>
    </p>
   </div>
   <div class='ocr_carea' id='block_1_72' title="bbox 413 4035 1989 4122">
    <p class='ocr_par' dir='ltr' id='par_1_72' title="bbox 413 4035 1989 4122">
     <span class='ocr_line' id='line_1_72' title="bbox 413 4035 1989 4122; baseline -0.011 -18"><span class='ocrx_word' id='word_1_593' title='bbox 413 4051 609 4122; x_wconf 77' lang='grc' dir='ltr'>ἔφερόν</span> <span class='ocrx_word' id='word_1_594' title='bbox 631 4067 699 4118; x_wconf 89' lang='grc' dir='ltr'>με</span> <span class='ocrx_word' id='word_1_595' title='bbox 731 4047 1047 4118; x_wconf 86' lang='grc' dir='ltr'>εὐεργεσίαν</span> <span class='ocrx_word' id='word_1_596' title='bbox 1078 4042 1270 4106; x_wconf 81' lang='grc' dir='ltr'>αὐτοῦ,</span> <span class='ocrx_word' id='word_1_597' title='bbox 1318 4040 1609 4110; x_wconf 87' lang='grc' dir='ltr'>ταμπάρον</span> <span class='ocrx_word' id='word_1_598' title='bbox 1647 4035 1869 4092; x_wconf 84' lang='grc' dir='ltr'>διπλοῦν</span> <span class='ocrx_word' id='word_1_599' title='bbox 1892 4053 1989 4106; x_wconf 87' lang='grc' dir='ltr'>χα-</span> 
     </span>
    </p>
   </div>
   <div class='ocr_carea' id='block_1_73' title="bbox 421 4126 1990 4216">
    <p class='ocr_par' dir='ltr' id='par_1_73' title="bbox 421 4126 1990 4216">
     <span class='ocr_line' id='line_1_73' title="bbox 421 4126 1990 4216; baseline -0.01 -19"><span class='ocrx_word' id='word_1_600' title='bbox 421 4144 628 4216; x_wconf 78' lang='grc' dir='ltr'>μουχᾶν</span> <span class='ocrx_word' id='word_1_601' title='bbox 661 4142 924 4209; x_wconf 84' lang='grc' dir='ltr'>πράσινον</span> <span class='ocrx_word' id='word_1_602' title='bbox 957 4138 1064 4194; x_wconf 82' lang='grc' dir='ltr'>ἀπὸ</span> <span class='ocrx_word' id='word_1_603' title='bbox 1091 4139 1190 4208; x_wconf 79' lang='grc' dir='ltr'>τὴν</span> <span class='ocrx_word' id='word_1_604' title='bbox 1237 4126 1457 4192; x_wconf 78' lang='grc' dir='ltr'>Λοῦκαν</span> <span class='ocrx_word' id='word_1_605' title='bbox 1489 4131 1794 4199; x_wconf 80' lang='grc' dir='ltr'>ἀξιόλογον,</span> <span class='ocrx_word' id='word_1_606' title='bbox 1848 4129 1990 4200; x_wconf 87' lang='grc' dir='ltr'>μετά</span> 
     </span>
    </p>
   </div>
   <div class='ocr_carea' id='block_1_74' title="bbox 418 4219 1990 4303">
    <p class='ocr_par' dir='ltr' id='par_1_74' title="bbox 418 4219 1990 4303">
     <span class='ocr_line' id='line_1_74' title="bbox 418 4219 1990 4303; baseline -0.01 -16"><span class='ocrx_word' id='word_1_607' title='bbox 418 4238 510 4288; x_wconf 68' lang='grc' dir='ltr'>καὶ</span> <span class='ocrx_word' id='word_1_608' title='bbox 545 4233 816 4303; x_wconf 89' lang='grc' dir='ltr'>πρασίνης</span> <span class='ocrx_word' id='word_1_609' title='bbox 855 4231 1052 4299; x_wconf 79' lang='grc' dir='ltr'>τζόχας</span> <span class='ocrx_word' id='word_1_610' title='bbox 1086 4227 1178 4281; x_wconf 68' lang='grc' dir='ltr'>καὶ</span> <span class='ocrx_word' id='word_1_611' title='bbox 1207 4226 1382 4296; x_wconf 81' lang='grc' dir='ltr'>καλῆς</span> <span class='ocrx_word' id='word_1_612' title='bbox 1419 4223 1794 4292; x_wconf 87' lang='grc' dir='ltr'>ἐνδεδυμένον,</span> <span class='ocrx_word' id='word_1_613' title='bbox 1827 4219 1990 4274; x_wconf 85' lang='grc' dir='ltr'>σκού-</span> 
     </span>
    </p>
   </div>
   <div class='ocr_carea' id='block_1_75' title="bbox 419 4307 1988 4396">
    <p class='ocr_par' dir='ltr' id='par_1_75' title="bbox 419 4307 1988 4396">
     <span class='ocr_line' id='line_1_75' title="bbox 419 4307 1988 4396; baseline -0.011 -17"><span class='ocrx_word' id='word_1_614' title='bbox 419 4344 550 4396; x_wconf 81' lang='grc' dir='ltr'>φιαν</span> <span class='ocrx_word' id='word_1_615' title='bbox 579 4321 1046 4376; x_wconf 84' lang='grc' dir='ltr'>Θεσσαλονικαίαν</span> <span class='ocrx_word' id='word_1_616' title='bbox 1103 4318 1241 4389; x_wconf 87' lang='grc' dir='ltr'>μετὰ</span> <span class='ocrx_word' id='word_1_617' title='bbox 1275 4313 1718 4386; x_wconf 86' lang='grc' dir='ltr'>χρυσοκοκκίνου</span> <span class='ocrx_word' id='word_1_618' title='bbox 1769 4307 1988 4382; x_wconf 83' lang='grc' dir='ltr'>χασδίου</span> 
     </span>
    </p>
   </div>
   <div class='ocr_carea' id='block_1_76' title="bbox 421 4402 1992 4488">
    <p class='ocr_par' dir='ltr' id='par_1_76' title="bbox 421 4402 1992 4488">
     <span class='ocr_line' id='line_1_76' title="bbox 421 4402 1992 4488; baseline -0.01 -17"><span class='ocrx_word' id='word_1_619' title='bbox 421 4418 803 4488; x_wconf 82' lang='grc' dir='ltr'>ἐνδεδυμένην,</span> <span class='ocrx_word' id='word_1_620' title='bbox 831 4411 1123 4467; x_wconf 83' lang='grc' dir='ltr'>καϐϐάδιον</span> <span class='ocrx_word' id='word_1_621' title='bbox 1157 4409 1441 4481; x_wconf 77' lang='grc' dir='ltr'>χρεμεζῆν</span> <span class='ocrx_word' id='word_1_622' title='bbox 1504 4405 1792 4475; x_wconf 81' lang='grc' dir='ltr'>χαμουχᾶν</span> <span class='ocrx_word' id='word_1_623' title='bbox 1849 4402 1992 4472; x_wconf 79' lang='grc' dir='ltr'>μετὰ</span> 
     </span>
    </p>
   </div>
   <div class='ocr_carea' id='block_1_77' title="bbox 2087 3220 3666 3291">
    <p class='ocr_par' dir='ltr' id='par_1_77' title="bbox 2087 3220 3666 3291">
     <span class='ocr_line' id='line_1_77' title="bbox 2087 3220 3666 3291; baseline -0.002 -17"><span class='ocrx_word' id='word_1_624' title='bbox 2087 3220 2340 3290; x_wconf 83' lang='grc' dir='ltr'>γάμϐρου</span> <span class='ocrx_word' id='word_1_625' title='bbox 2390 3221 2488 3288; x_wconf 84' lang='grc' dir='ltr'>τῆς</span> <span class='ocrx_word' id='word_1_626' title='bbox 2539 3221 2820 3290; x_wconf 84' lang='grc' dir='ltr'>βασιλείας</span> <span class='ocrx_word' id='word_1_627' title='bbox 2871 3237 3001 3275; x_wconf 87' lang='grc' dir='ltr'>σου·</span> <span class='ocrx_word' id='word_1_628' title='bbox 3033 3224 3128 3276; x_wconf 65' lang='grc' dir='ltr'>καὶ</span> <span class='ocrx_word' id='word_1_629' title='bbox 3166 3224 3273 3291; x_wconf 73' lang='grc' dir='ltr'>γάρ</span> <span class='ocrx_word' id='word_1_630' title='bbox 3308 3223 3335 3274; x_wconf 89' lang='lat'>6</span> <span class='ocrx_word' id='word_1_631' title='bbox 3368 3221 3467 3273; x_wconf 82' lang='lat'>106</span> <span class='ocrx_word' id='word_1_632' title='bbox 3501 3237 3666 3290; x_wconf 83' lang='grc' dir='ltr'>πριγ-</span> 
     </span>
    </p>
   </div>
   <div class='ocr_carea' id='block_1_78' title="bbox 2089 3313 3667 3384">
    <p class='ocr_par' dir='ltr' id='par_1_78' title="bbox 2089 3313 3667 3384">
     <span class='ocr_line' id='line_1_78' title="bbox 2089 3313 3667 3384; baseline -0.001 -16"><span class='ocrx_word' id='word_1_633' title='bbox 2089 3316 2252 3368; x_wconf 87' lang='grc' dir='ltr'>κίπου</span> <span class='ocrx_word' id='word_1_634' title='bbox 2300 3315 2415 3377; x_wconf 82' lang='grc' dir='ltr'>υίὸς</span> <span class='ocrx_word' id='word_1_635' title='bbox 2483 3315 2811 3384; x_wconf 59' lang='grc' dir='ltr'>προαπῆρεν</span> <span class='ocrx_word' id='word_1_636' title='bbox 2859 3316 2941 3376; x_wconf 86' lang='grc' dir='ltr'>είς</span> <span class='ocrx_word' id='word_1_637' title='bbox 2987 3317 3224 3384; x_wconf 84' lang='grc' dir='ltr'>νόμιμον</span> <span class='ocrx_word' id='word_1_638' title='bbox 3289 3317 3528 3382; x_wconf 86' lang='grc' dir='ltr'>γυναῖκα</span> <span class='ocrx_word' id='word_1_639' title='bbox 3569 3313 3667 3383; x_wconf 81' lang='grc' dir='ltr'>τὴν</span> 
     </span>
    </p>
   </div>
   <div class='ocr_carea' id='block_1_79' title="bbox 2089 3406 3664 3480">
    <p class='ocr_par' dir='ltr' id='par_1_79' title="bbox 2089 3406 3664 3480">
     <span class='ocr_line' id='line_1_79' title="bbox 2089 3406 3664 3480; baseline -0.003 -17"><span class='ocrx_word' id='word_1_640' title='bbox 2089 3409 2328 3477; x_wconf 77' lang='grc' dir='ltr'>ἀδελφὴν</span> <span class='ocrx_word' id='word_1_641' title='bbox 2350 3409 2447 3478; x_wconf 79' lang='grc' dir='ltr'>τῆς</span> <span class='ocrx_word' id='word_1_642' title='bbox 2481 3408 2800 3480; x_wconf 81' lang='grc' dir='ltr'>βασιλίσσης</span> <span class='ocrx_word' id='word_1_643' title='bbox 2826 3409 3000 3478; x_wconf 76' lang='grc' dir='ltr'>κυρεῖς</span> <span class='ocrx_word' id='word_1_644' title='bbox 3028 3408 3312 3477; x_wconf 83' lang='grc' dir='ltr'>Θεοδώρας</span> <span class='ocrx_word' id='word_1_645' title='bbox 3336 3423 3350 3438; x_wconf 91' lang='grc'><strong>·</strong></span> <span class='ocrx_word' id='word_1_646' title='bbox 3374 3406 3470 3460; x_wconf 75' lang='grc' dir='ltr'>καὶ</span> <span class='ocrx_word' id='word_1_647' title='bbox 3495 3406 3664 3474; x_wconf 83' lang='grc' dir='ltr'>ὥρισέ</span> 
     </span>
    </p>
   </div>
   <div class='ocr_carea' id='block_1_80' title="bbox 2093 3497 3655 3572">
    <p class='ocr_par' dir='ltr' id='par_1_80' title="bbox 2093 3497 3655 3572">
     <span class='ocr_line' id='line_1_80' title="bbox 2093 3497 3655 3572; baseline -0.003 -19"><span class='ocrx_word' id='word_1_648' title='bbox 2093 3518 2209 3571; x_wconf 88' lang='grc' dir='ltr'>μοι,</span> <span class='ocrx_word' id='word_1_649' title='bbox 2269 3503 2358 3554; x_wconf 82' lang='grc' dir='ltr'>ἵνα</span> <span class='ocrx_word' id='word_1_650' title='bbox 2406 3501 2714 3572; x_wconf 82' lang='grc' dir='ltr'>παραδώσω</span> <span class='ocrx_word' id='word_1_651' title='bbox 2761 3500 2921 3554; x_wconf 87' lang='grc' dir='ltr'>τοῦτο</span> <span class='ocrx_word' id='word_1_652' title='bbox 2978 3500 3148 3564; x_wconf 85' lang='grc' dir='ltr'>αὐτῷ.</span> <span class='ocrx_word' id='word_1_653' title='bbox 3194 3500 3254 3553; x_wconf 81' lang='lat'>&#39;0</span> <span class='ocrx_word' id='word_1_654' title='bbox 3283 3499 3341 3553; x_wconf 81' lang='grc' dir='ltr'>δὲ</span> <span class='ocrx_word' id='word_1_655' title='bbox 3386 3497 3655 3568; x_wconf 79' lang='grc' dir='ltr'>ἀπεκρίθη</span> 
     </span>
    </p>
   </div>
   <div class='ocr_carea' id='block_1_81' title="bbox 2092 3589 3668 3663">
    <p class='ocr_par' dir='ltr' id='par_1_81' title="bbox 2092 3589 3668 3663">
     <span class='ocr_line' id='line_1_81' title="bbox 2092 3589 3668 3663; baseline -0.004 -16"><span class='ocrx_word' id='word_1_656' title='bbox 2092 3593 2242 3663; x_wconf 85' lang='grc' dir='ltr'>αὐτῷ</span> <span class='ocrx_word' id='word_1_657' title='bbox 2263 3609 2276 3621; x_wconf 89' lang='grc'><strong>·</strong></span> <span class='ocrx_word' id='word_1_658' title='bbox 2305 3592 2494 3655; x_wconf 81' lang='grc' dir='ltr'>Οὕτως</span> <span class='ocrx_word' id='word_1_659' title='bbox 2518 3593 2654 3661; x_wconf 77' lang='grc' dir='ltr'>ἔχει,</span> <span class='ocrx_word' id='word_1_660' title='bbox 2689 3592 2773 3644; x_wconf 86' lang='grc' dir='ltr'>ὅτι</span> <span class='ocrx_word' id='word_1_661' title='bbox 2797 3590 3098 3659; x_wconf 85' lang='grc' dir='ltr'>συγγενοῦς</span> <span class='ocrx_word' id='word_1_662' title='bbox 3128 3590 3230 3660; x_wconf 87' lang='grc' dir='ltr'>μού</span> <span class='ocrx_word' id='word_1_663' title='bbox 3253 3591 3406 3642; x_wconf 86' lang='grc' dir='ltr'>ἐστιν</span> <span class='ocrx_word' id='word_1_664' title='bbox 3427 3591 3453 3642; x_wconf 91' lang='lat'>6</span> <span class='ocrx_word' id='word_1_665' title='bbox 3477 3589 3668 3651; x_wconf 83' lang='grc' dir='ltr'>τόπος,</span> 
     </span>
    </p>
   </div>
   <div class='ocr_carea' id='block_1_82' title="bbox 2094 3681 3671 3754">
    <p class='ocr_par' dir='ltr' id='par_1_82' title="bbox 2094 3681 3671 3754">
     <span class='ocr_line' id='line_1_82' title="bbox 2094 3681 3671 3754; baseline -0.004 -15"><span class='ocrx_word' id='word_1_666' title='bbox 2094 3685 2212 3739; x_wconf 80' lang='grc' dir='ltr'>ἀλλ’</span> <span class='ocrx_word' id='word_1_667' title='bbox 2245 3687 2304 3737; x_wconf 90' lang='grc' dir='ltr'>οὐ</span> <span class='ocrx_word' id='word_1_668' title='bbox 2329 3685 2725 3754; x_wconf 85' lang='grc' dir='ltr'>γνησιεστέρου</span> <span class='ocrx_word' id='word_1_669' title='bbox 2756 3683 2850 3736; x_wconf 88' lang='grc' dir='ltr'>τοῦ</span> <span class='ocrx_word' id='word_1_670' title='bbox 2873 3682 3103 3751; x_wconf 87' lang='grc' dir='ltr'>ἀδελφοῦ</span> <span class='ocrx_word' id='word_1_671' title='bbox 3138 3699 3242 3752; x_wconf 87' lang='grc' dir='ltr'>μου</span> <span class='ocrx_word' id='word_1_672' title='bbox 3266 3697 3281 3712; x_wconf 79' lang='grc' dir='ltr'><strong>ο</strong></span> <span class='ocrx_word' id='word_1_673' title='bbox 3315 3681 3507 3734; x_wconf 78' lang='grc' dir='ltr'>λοιπὸν</span> <span class='ocrx_word' id='word_1_674' title='bbox 3538 3696 3671 3749; x_wconf 89' lang='grc' dir='ltr'>προ-</span> 
     </span>
    </p>
   </div>
   <div class='ocr_carea' id='block_1_83' title="bbox 2093 3769 3673 3846">
    <p class='ocr_par' dir='ltr' id='par_1_83' title="bbox 2093 3769 3673 3846">
     <span class='ocr_line' id='line_1_83' title="bbox 2093 3769 3673 3846; baseline -0.004 -16"><span class='ocrx_word' id='word_1_675' title='bbox 2093 3776 2417 3846; x_wconf 80' lang='grc' dir='ltr'>γενέστερον</span> <span class='ocrx_word' id='word_1_676' title='bbox 2463 3775 2528 3830; x_wconf 84' lang='grc' dir='ltr'>ἂν</span> <span class='ocrx_word' id='word_1_677' title='bbox 2565 3769 2678 3845; x_wconf 77' lang='grc' dir='ltr'>εἶχε</span> <span class='ocrx_word' id='word_1_678' title='bbox 2713 3775 2962 3844; x_wconf 81' lang='grc' dir='ltr'>ποιήσειν</span> <span class='ocrx_word' id='word_1_679' title='bbox 3012 3773 3193 3838; x_wconf 88' lang='grc' dir='ltr'>τοῦτο,</span> <span class='ocrx_word' id='word_1_680' title='bbox 3241 3773 3335 3826; x_wconf 78' lang='grc' dir='ltr'>καὶ</span> <span class='ocrx_word' id='word_1_681' title='bbox 3368 3775 3397 3825; x_wconf 93' lang='lat'>6</span> <span class='ocrx_word' id='word_1_682' title='bbox 3444 3771 3673 3838; x_wconf 78' lang='grc' dir='ltr'>ἀδελφός</span> 
     </span>
    </p>
   </div>
   <div class='ocr_carea' id='block_1_84' title="bbox 2097 3863 3676 3938">
    <p class='ocr_par' dir='ltr' id='par_1_84' title="bbox 2097 3863 3676 3938">
     <span class='ocr_line' id='line_1_84' title="bbox 2097 3863 3676 3938; baseline -0.004 -16"><span class='ocrx_word' id='word_1_683' title='bbox 2097 3886 2199 3938; x_wconf 90' lang='grc' dir='ltr'>μου</span> <span class='ocrx_word' id='word_1_684' title='bbox 2230 3869 2305 3932; x_wconf 86' lang='grc' dir='ltr'>ὡς</span> <span class='ocrx_word' id='word_1_685' title='bbox 2339 3868 2419 3930; x_wconf 83' lang='grc' dir='ltr'>είς</span> <span class='ocrx_word' id='word_1_686' title='bbox 2463 3869 2596 3938; x_wconf 77' lang='grc' dir='ltr'>ἐμὸν</span> <span class='ocrx_word' id='word_1_687' title='bbox 2639 3868 2794 3921; x_wconf 81' lang='grc' dir='ltr'>οὐδὲν</span> <span class='ocrx_word' id='word_1_688' title='bbox 2826 3867 3019 3937; x_wconf 74' lang='grc' dir='ltr'>ἢθελεν</span> <span class='ocrx_word' id='word_1_689' title='bbox 3070 3866 3452 3936; x_wconf 81' lang='grc' dir='ltr'>ἐπιχειρήσειν</span> <span class='ocrx_word' id='word_1_690' title='bbox 3492 3881 3545 3916; x_wconf 87' lang='grc' dir='ltr'>τι</span> <span class='ocrx_word' id='word_1_691' title='bbox 3580 3863 3676 3916; x_wconf 73' lang='grc' dir='ltr'>καὶ</span> 
     </span>
    </p>
   </div>
   <div class='ocr_carea' id='block_1_85' title="bbox 2095 3959 3796 4031">
    <p class='ocr_par' dir='ltr' id='par_1_85' title="bbox 2095 3959 3796 4031">
     <span class='ocr_line' id='line_1_85' title="bbox 2095 3959 3796 4031; baseline -0.004 -16"><span class='ocrx_word' id='word_1_692' title='bbox 2095 3962 2205 4030; x_wconf 82' lang='grc' dir='ltr'>ἐγὼ</span> <span class='ocrx_word' id='word_1_693' title='bbox 2240 3963 2534 4031; x_wconf 79' lang='grc' dir='ltr'>εἰρηνικῶς</span> <span class='ocrx_word' id='word_1_694' title='bbox 2573 3961 2742 4031; x_wconf 85' lang='grc' dir='ltr'>’ήθελα</span> <span class='ocrx_word' id='word_1_695' title='bbox 2771 3962 2915 4030; x_wconf 82' lang='grc' dir='ltr'>ἔχειν</span> <span class='ocrx_word' id='word_1_696' title='bbox 2945 3959 3083 4013; x_wconf 81' lang='grc' dir='ltr'>αὐτὸ</span> <span class='ocrx_word' id='word_1_697' title='bbox 3110 3961 3204 4013; x_wconf 73' lang='grc' dir='ltr'>καὶ</span> <span class='ocrx_word' id='word_1_698' title='bbox 3225 3961 3253 4013; x_wconf 89' lang='lat'>6</span> <span class='ocrx_word' id='word_1_699' title='bbox 3275 3959 3548 4027; x_wconf 86' lang='grc' dir='ltr'>αὐθέντης</span> <span class='ocrx_word' id='word_1_700' title='bbox 3581 3973 3675 4010; x_wconf 85' lang='grc' dir='ltr'>σου</span> <span class='ocrx_word' id='word_1_701' title='bbox 3777 3970 3796 3986; x_wconf 87' lang='lat'>&#39;</span> 
     </span>
    </p>
   </div>
   <div class='ocr_carea' id='block_1_86' title="bbox 2049 4051 3677 4124">
    <p class='ocr_par' dir='ltr' id='par_1_86' title="bbox 2049 4051 3677 4124">
     <span class='ocr_line' id='line_1_86' title="bbox 2049 4051 3677 4124; baseline -0.006 -16"><span class='ocrx_word' id='word_1_702' title='bbox 2049 4074 2054 4079; x_wconf 92' lang='grc'><strong>·</strong></span> <span class='ocrx_word' id='word_1_703' title='bbox 2097 4054 2487 4124; x_wconf 86' lang='grc' dir='ltr'>ἁλλοτρόπως·</span> <span class='ocrx_word' id='word_1_704' title='bbox 2521 4054 2636 4122; x_wconf 81' lang='grc' dir='ltr'>ἀμή</span> <span class='ocrx_word' id='word_1_705' title='bbox 2673 4051 2768 4104; x_wconf 88' lang='grc' dir='ltr'>νῦν</span> <span class='ocrx_word' id='word_1_706' title='bbox 2814 4051 2907 4119; x_wconf 77' lang='grc' dir='ltr'>(εἰ)</span> <span class='ocrx_word' id='word_1_707' title='bbox 2942 4051 3074 4104; x_wconf 74' lang='grc' dir='ltr'>αὐτὸ</span> <span class='ocrx_word' id='word_1_708' title='bbox 3118 4051 3328 4120; x_wconf 88' lang='grc' dir='ltr'>ἐπάρω,</span> <span class='ocrx_word' id='word_1_709' title='bbox 3373 4051 3677 4116; x_wconf 81' lang='grc' dir='ltr'>ἀναγκαῖον</span> 
     </span>
    </p>
   </div>
   <div class='ocr_carea' id='block_1_87' title="bbox 2101 4139 3681 4215">
    <p class='ocr_par' dir='ltr' id='par_1_87' title="bbox 2101 4139 3681 4215">
     <span class='ocr_line' id='line_1_87' title="bbox 2101 4139 3681 4215; baseline -0.005 -16"><span class='ocrx_word' id='word_1_710' title='bbox 2101 4145 2168 4199; x_wconf 80' lang='grc' dir='ltr'>νά</span> <span class='ocrx_word' id='word_1_711' title='bbox 2197 4144 2593 4215; x_wconf 81' lang='grc' dir='ltr'>διαφερώμεθα</span> <span class='ocrx_word' id='word_1_712' title='bbox 2642 4144 2780 4212; x_wconf 84' lang='grc' dir='ltr'>μετά</span> <span class='ocrx_word' id='word_1_713' title='bbox 2813 4143 2908 4196; x_wconf 86' lang='grc' dir='ltr'>τοῦ</span> <span class='ocrx_word' id='word_1_714' title='bbox 2949 4142 3182 4210; x_wconf 80' lang='grc' dir='ltr'>ἀδελφοῦ</span> <span class='ocrx_word' id='word_1_715' title='bbox 3227 4158 3350 4211; x_wconf 87' lang='grc' dir='ltr'>μου,</span> <span class='ocrx_word' id='word_1_716' title='bbox 3381 4141 3478 4194; x_wconf 72' lang='grc' dir='ltr'>καὶ</span> <span class='ocrx_word' id='word_1_717' title='bbox 3522 4139 3681 4192; x_wconf 82' lang='grc' dir='ltr'>οὐδὲν</span> 
     </span>
    </p>
   </div>
   <div class='ocr_carea' id='block_1_88' title="bbox 2097 4230 3683 4310">
    <p class='ocr_par' dir='ltr' id='par_1_88' title="bbox 2097 4230 3683 4310">
     <span class='ocr_line' id='line_1_88' title="bbox 2097 4230 3683 4310; baseline -0.008 -16"><span class='ocrx_word' id='word_1_718' title='bbox 2097 4241 2311 4310; x_wconf 83' lang='grc' dir='ltr'>τυχένει</span> <span class='ocrx_word' id='word_1_719' title='bbox 2361 4238 2449 4292; x_wconf 79' lang='grc' dir='ltr'>διὰ</span> <span class='ocrx_word' id='word_1_720' title='bbox 2481 4235 2616 4289; x_wconf 84' lang='grc' dir='ltr'>πολύ</span> <span class='ocrx_word' id='word_1_721' title='bbox 2657 4253 2732 4301; x_wconf 90' lang='grc' dir='ltr'>τι,</span> <span class='ocrx_word' id='word_1_722' title='bbox 2769 4233 2949 4305; x_wconf 88' lang='grc' dir='ltr'>πολλῷ</span> <span class='ocrx_word' id='word_1_723' title='bbox 3010 4235 3213 4305; x_wconf 79' lang='grc' dir='ltr'>μᾶλλον</span> <span class='ocrx_word' id='word_1_724' title='bbox 3253 4233 3342 4285; x_wconf 75' lang='grc' dir='ltr'>διὰ</span> <span class='ocrx_word' id='word_1_725' title='bbox 3382 4230 3640 4285; x_wconf 76' lang='grc' dir='ltr'>τοσοῦτον</span> <span class='ocrx_word' id='word_1_726' title='bbox 3663 4248 3683 4273; x_wconf 86' lang='grc'>·-</span> 
     </span>
    </p>
   </div>
   <div class='ocr_carea' id='block_1_89' title="bbox 2100 4322 3679 4396">
    <p class='ocr_par' dir='ltr' id='par_1_89' title="bbox 2100 4322 3679 4396">
     <span class='ocr_line' id='line_1_89' title="bbox 2100 4322 3679 4396; baseline -0.007 -10"><span class='ocrx_word' id='word_1_727' title='bbox 2100 4333 2216 4386; x_wconf 81' lang='grc' dir='ltr'>ἀλλ’</span> <span class='ocrx_word' id='word_1_728' title='bbox 2247 4330 2448 4386; x_wconf 76' lang='grc' dir='ltr'>άπελθε</span> <span class='ocrx_word' id='word_1_729' title='bbox 2479 4330 2537 4382; x_wconf 92' lang='grc' dir='ltr'>ἐν</span> <span class='ocrx_word' id='word_1_730' title='bbox 2583 4327 2732 4396; x_wconf 86' lang='grc' dir='ltr'>αὐτῷ</span> <span class='ocrx_word' id='word_1_731' title='bbox 2767 4327 2863 4380; x_wconf 76' lang='grc' dir='ltr'>καὶ</span> <span class='ocrx_word' id='word_1_732' title='bbox 2895 4326 2970 4386; x_wconf 83' lang='grc' dir='ltr'>ὡς</span> <span class='ocrx_word' id='word_1_733' title='bbox 3007 4326 3234 4378; x_wconf 78' lang='grc' dir='ltr'>δύνασαι</span> <span class='ocrx_word' id='word_1_734' title='bbox 3268 4323 3437 4377; x_wconf 79' lang='grc' dir='ltr'>ποίει.</span> <span class='ocrx_word' id='word_1_735' title='bbox 3499 4322 3591 4383; x_wconf 84' lang='grc' dir='ltr'>Ὦς</span> <span class='ocrx_word' id='word_1_736' title='bbox 3619 4323 3679 4376; x_wconf 81' lang='grc' dir='ltr'>δὲ</span> 
     </span>
    </p>
   </div>
   <div class='ocr_carea' id='block_1_90' title="bbox 2101 4415 3682 4490">
    <p class='ocr_par' dir='ltr' id='par_1_90' title="bbox 2101 4415 3682 4490">
     <span class='ocr_line' id='line_1_90' title="bbox 2101 4415 3682 4490; baseline -0.006 -15"><span class='ocrx_word' id='word_1_737' title='bbox 2101 4422 2276 4475; x_wconf 84' lang='grc' dir='ltr'>ταῦτα</span> <span class='ocrx_word' id='word_1_738' title='bbox 2333 4421 2588 4490; x_wconf 75' lang='grc' dir='ltr'>ἧκουσεν,</span> <span class='ocrx_word' id='word_1_739' title='bbox 2641 4419 2923 4490; x_wconf 81' lang='grc' dir='ltr'>ἐζήτησεν,</span> <span class='ocrx_word' id='word_1_740' title='bbox 2977 4418 3065 4470; x_wconf 84' lang='grc' dir='ltr'>ἵνα</span> <span class='ocrx_word' id='word_1_741' title='bbox 3098 4415 3281 4479; x_wconf 82' lang='grc' dir='ltr'>καλῶς</span> <span class='ocrx_word' id='word_1_742' title='bbox 3332 4415 3467 4486; x_wconf 78' lang='grc' dir='ltr'>ἐκϐῇ</span> <span class='ocrx_word' id='word_1_743' title='bbox 3505 4416 3584 4476; x_wconf 80' lang='grc' dir='ltr'>εἰς</span> <span class='ocrx_word' id='word_1_744' title='bbox 3617 4415 3682 4466; x_wconf 82' lang='lat'>16</span> 
     </span>
    </p>
   </div>
   <div class='ocr_carea' id='block_1_91' title="bbox 424 4497 3682 4582">
    <p class='ocr_par' dir='ltr' id='par_1_91' title="bbox 424 4497 3682 4582">
     <span class='ocr_line' id='line_1_91' title="bbox 424 4497 3682 4582; baseline -0.007 -2"><span class='ocrx_word' id='word_1_745' title='bbox 424 4511 621 4581; x_wconf 68' lang='grc' dir='ltr'>βαρέου</span> <span class='ocrx_word' id='word_1_746' title='bbox 654 4506 966 4575; x_wconf 82' lang='grc' dir='ltr'>καταράχου</span> <span class='ocrx_word' id='word_1_747' title='bbox 1000 4502 1367 4571; x_wconf 53' lang='grc' dir='ltr'>ἐνδεδυμένονο</span> <span class='ocrx_word' id='word_1_748' title='bbox 1395 4497 1865 4568; x_wconf 73' lang='grc' dir='ltr'>κουρτζουΰράκιν</span> <span class='ocrx_word' id='word_1_749' title='bbox 1901 4514 1994 4566; x_wconf 83' lang='grc' dir='ltr'>Χα·</span> <span class='ocrx_word' id='word_1_750' title='bbox 2028 4499 2072 4555; x_wconf 77' lang='lat' dir='ltr'><strong>D</strong></span> <span class='ocrx_word' id='word_1_751' title='bbox 2104 4511 2342 4582; x_wconf 84' lang='grc' dir='ltr'>κάστρον</span> <span class='ocrx_word' id='word_1_752' title='bbox 2397 4509 2584 4562; x_wconf 82' lang='grc' dir='ltr'>αὐτοῦ.</span> <span class='ocrx_word' id='word_1_753' title='bbox 2622 4509 2882 4579; x_wconf 85' lang='grc' dir='ltr'>Ὦρίσθην</span> <span class='ocrx_word' id='word_1_754' title='bbox 2928 4507 2973 4560; x_wconf 77' lang='grc' dir='ltr'>δ’</span> <span class='ocrx_word' id='word_1_755' title='bbox 3005 4507 3116 4576; x_wconf 85' lang='grc' dir='ltr'>ἐγὼ</span> <span class='ocrx_word' id='word_1_756' title='bbox 3155 4508 3248 4560; x_wconf 79' lang='grc' dir='ltr'>καὶ</span> <span class='ocrx_word' id='word_1_757' title='bbox 3284 4508 3474 4575; x_wconf 77' lang='grc' dir='ltr'>ἀπῆρα</span> <span class='ocrx_word' id='word_1_758' title='bbox 3516 4507 3682 4560; x_wconf 66' lang='grc' dir='ltr'>αὐτὸν</span> 
     </span>
    </p>
   </div>
   <div class='ocr_carea' id='block_1_92' title="bbox 428 4589 1998 4672">
    <p class='ocr_par' dir='ltr' id='par_1_92' title="bbox 428 4589 1998 4672">
     <span class='ocr_line' id='line_1_92' title="bbox 428 4589 1998 4672; baseline -0.009 -18"><span class='ocrx_word' id='word_1_759' title='bbox 428 4600 634 4672; x_wconf 84' lang='grc' dir='ltr'>μουχᾶν</span> <span class='ocrx_word' id='word_1_760' title='bbox 681 4596 884 4666; x_wconf 74' lang='grc' dir='ltr'>χρυσὸν</span> <span class='ocrx_word' id='word_1_761' title='bbox 919 4594 1206 4664; x_wconf 78' lang='grc' dir='ltr'>πράσινον,</span> <span class='ocrx_word' id='word_1_762' title='bbox 1245 4594 1338 4644; x_wconf 76' lang='grc' dir='ltr'>καὶ</span> <span class='ocrx_word' id='word_1_763' title='bbox 1383 4591 1569 4659; x_wconf 85' lang='grc' dir='ltr'>φωτάν</span> <span class='ocrx_word' id='word_1_764' title='bbox 1613 4589 1876 4660; x_wconf 83' lang='grc' dir='ltr'>πράσινον</span> <span class='ocrx_word' id='word_1_765' title='bbox 1903 4589 1998 4643; x_wconf 66' lang='grc' dir='ltr'>καὶ</span> 
     </span>
    </p>
   </div>
   <div class='ocr_carea' id='block_1_93' title="bbox 428 4681 2001 4757">
    <p class='ocr_par' dir='ltr' id='par_1_93' title="bbox 428 4681 2001 4757">
     <span class='ocr_line' id='line_1_93' title="bbox 428 4681 2001 4757; baseline -0.007 -13"><span class='ocrx_word' id='word_1_766' title='bbox 428 4692 630 4744; x_wconf 61' lang='lat' dir='ltr'>unum</span> <span class='ocrx_word' id='word_1_767' title='bbox 657 4688 1162 4757; x_wconf 84' lang='grc' dir='ltr'>ἐγκεκοσμημένον.</span> <span class='ocrx_word' id='word_1_768' title='bbox 1212 4685 1336 4738; x_wconf 78' lang='grc' dir='ltr'>Ἐπὶ</span> <span class='ocrx_word' id='word_1_769' title='bbox 1366 4685 1463 4753; x_wconf 80' lang='grc' dir='ltr'>τὴν</span> <span class='ocrx_word' id='word_1_770' title='bbox 1487 4682 1679 4753; x_wconf 74' lang='grc' dir='ltr'>αὔριον</span> <span class='ocrx_word' id='word_1_771' title='bbox 1717 4681 1810 4736; x_wconf 83' lang='grc' dir='ltr'>οῦν</span> <span class='ocrx_word' id='word_1_772' title='bbox 1838 4683 2001 4735; x_wconf 75' lang='grc' dir='ltr'>ἀπελ-</span> 
     </span>
    </p>
   </div>
   <div class='ocr_carea' id='block_1_94' title="bbox 426 4776 2001 4853">
    <p class='ocr_par' dir='ltr' id='par_1_94' title="bbox 426 4776 2001 4853">
     <span class='ocr_line' id='line_1_94' title="bbox 426 4776 2001 4853; baseline -0.007 -13"><span class='ocrx_word' id='word_1_773' title='bbox 426 4788 611 4847; x_wconf 82' lang='grc' dir='ltr'>θόντες</span> <span class='ocrx_word' id='word_1_774' title='bbox 628 4785 708 4846; x_wconf 81' lang='grc' dir='ltr'>είς</span> <span class='ocrx_word' id='word_1_775' title='bbox 731 4783 828 4852; x_wconf 79' lang='grc' dir='ltr'>τήν</span> <span class='ocrx_word' id='word_1_776' title='bbox 844 4780 1184 4853; x_wconf 74' lang='grc' dir='ltr'>Γλαρέντζαν</span> <span class='ocrx_word' id='word_1_777' title='bbox 1209 4779 1316 4833; x_wconf 76' lang='grc' dir='ltr'>ἰδοὺ</span> <span class='ocrx_word' id='word_1_778' title='bbox 1343 4780 1436 4832; x_wconf 85' lang='grc' dir='ltr'>καί</span> <span class='ocrx_word' id='word_1_779' title='bbox 1458 4779 1644 4847; x_wconf 83' lang='grc' dir='ltr'>ἄρχων</span> <span class='ocrx_word' id='word_1_780' title='bbox 1689 4777 1782 4830; x_wconf 86' lang='grc' dir='ltr'>τοῦ</span> <span class='ocrx_word' id='word_1_781' title='bbox 1809 4776 2001 4845; x_wconf 82' lang='grc' dir='ltr'>ἁμηρᾶ</span> 
     </span>
    </p>
   </div>
   <div class='ocr_carea' id='block_1_95' title="bbox 433 4867 2003 4950">
    <p class='ocr_par' dir='ltr' id='par_1_95' title="bbox 433 4867 2003 4950">
     <span class='ocr_line' id='line_1_95' title="bbox 433 4867 2003 4950; baseline -0.006 -20"><span class='ocrx_word' id='word_1_782' title='bbox 433 4880 570 4950; x_wconf 85' lang='grc' dir='ltr'>μετά</span> <span class='ocrx_word' id='word_1_783' title='bbox 606 4893 756 4939; x_wconf 89' lang='grc' dir='ltr'>τινας</span> <span class='ocrx_word' id='word_1_784' title='bbox 795 4875 981 4942; x_wconf 81' lang='grc' dir='ltr'>ὀλίγας</span> <span class='ocrx_word' id='word_1_785' title='bbox 1011 4872 1224 4943; x_wconf 79' lang='grc' dir='ltr'>ἡμέρας</span> <span class='ocrx_word' id='word_1_786' title='bbox 1256 4872 1450 4938; x_wconf 89' lang='grc' dir='ltr'>λέγων,</span> <span class='ocrx_word' id='word_1_787' title='bbox 1480 4871 1563 4923; x_wconf 80' lang='grc' dir='ltr'>ὅτι</span> <span class='ocrx_word' id='word_1_788' title='bbox 1592 4870 1624 4938; x_wconf 87' lang='grc' dir='ltr'>ή</span> <span class='ocrx_word' id='word_1_789' title='bbox 1655 4869 1842 4938; x_wconf 77' lang='grc' dir='ltr'>Πάτρα</span> <span class='ocrx_word' id='word_1_790' title='bbox 1869 4867 2003 4920; x_wconf 85' lang='grc' dir='ltr'>δίδει</span> 
     </span>
    </p>
   </div>
   <div class='ocr_carea' id='block_1_96' title="bbox 431 4959 2002 5042">
    <p class='ocr_par' dir='ltr' id='par_1_96' title="bbox 431 4959 2002 5042">
     <span class='ocr_line' id='line_1_96' title="bbox 431 4959 2002 5042; baseline -0.009 -18"><span class='ocrx_word' id='word_1_791' title='bbox 431 4990 496 5042; x_wconf 89' lang='grc' dir='ltr'>με</span> <span class='ocrx_word' id='word_1_792' title='bbox 535 4969 769 5040; x_wconf 80' lang='grc' dir='ltr'>χαράτζι</span> <span class='ocrx_word' id='word_1_793' title='bbox 801 4968 896 5021; x_wconf 77' lang='grc' dir='ltr'>καὶ</span> <span class='ocrx_word' id='word_1_794' title='bbox 927 4965 1193 5019; x_wconf 84' lang='grc' dir='ltr'>διαϐαίνει</span> <span class='ocrx_word' id='word_1_795' title='bbox 1229 4964 1368 5030; x_wconf 79' lang='grc' dir='ltr'>ίδική</span> <span class='ocrx_word' id='word_1_796' title='bbox 1409 4979 1513 5029; x_wconf 90' lang='grc' dir='ltr'>μου</span> <span class='ocrx_word' id='word_1_797' title='bbox 1541 4978 1555 4992; x_wconf 78' lang='grc' dir='ltr'><strong>ο</strong></span> <span class='ocrx_word' id='word_1_798' title='bbox 1593 4960 1873 5030; x_wconf 86' lang='grc' dir='ltr'>σηκώθητι</span> <span class='ocrx_word' id='word_1_799' title='bbox 1907 4959 2002 5012; x_wconf 76' lang='grc' dir='ltr'>οὖν</span> 
     </span>
    </p>
   </div>
   <div class='ocr_carea' id='block_1_97' title="bbox 428 5051 2002 5131">
    <p class='ocr_par' dir='ltr' id='par_1_97' title="bbox 428 5051 2002 5131">
     <span class='ocr_line' id='line_1_97' title="bbox 428 5051 2002 5131; baseline -0.01 -14"><span class='ocrx_word' id='word_1_800' title='bbox 428 5065 521 5117; x_wconf 79' lang='grc' dir='ltr'>ἀπ’</span> <span class='ocrx_word' id='word_1_801' title='bbox 549 5062 721 5131; x_wconf 77' lang='grc' dir='ltr'>αὐτῆς</span> <span class='ocrx_word' id='word_1_802' title='bbox 773 5059 868 5112; x_wconf 74' lang='grc' dir='ltr'>καὶ</span> <span class='ocrx_word' id='word_1_803' title='bbox 907 5057 1069 5128; x_wconf 81' lang='grc' dir='ltr'>μηδὲν</span> <span class='ocrx_word' id='word_1_804' title='bbox 1126 5055 1411 5124; x_wconf 86' lang='grc' dir='ltr'>πολιόρκει</span> <span class='ocrx_word' id='word_1_805' title='bbox 1443 5053 1613 5121; x_wconf 87' lang='grc' dir='ltr'>αὐτήν</span> <span class='ocrx_word' id='word_1_806' title='bbox 1641 5067 1655 5082; x_wconf 91' lang='grc'><strong>·</strong></span> <span class='ocrx_word' id='word_1_807' title='bbox 1684 5053 1734 5103; x_wconf 81' lang='grc' dir='ltr'>εί</span> <span class='ocrx_word' id='word_1_808' title='bbox 1783 5051 1830 5103; x_wconf 81' lang='grc' dir='ltr'>δ’</span> <span class='ocrx_word' id='word_1_809' title='bbox 1888 5051 2002 5115; x_wconf 85' lang='grc' dir='ltr'>οὐν,</span> 
     </span>
    </p>
   </div>
   <div class='ocr_carea' id='block_1_98' title="bbox 428 5141 2005 5224">
    <p class='ocr_par' dir='ltr' id='par_1_98' title="bbox 428 5141 2005 5224">
     <span class='ocr_line' id='line_1_98' title="bbox 428 5141 2005 5224; baseline -0.009 -17"><span class='ocrx_word' id='word_1_810' title='bbox 428 5156 657 5224; x_wconf 76' lang='grc' dir='ltr'>θέλομεν</span> <span class='ocrx_word' id='word_1_811' title='bbox 692 5150 930 5221; x_wconf 77' lang='grc' dir='ltr'>πέμψειν</span> <span class='ocrx_word' id='word_1_812' title='bbox 956 5147 1210 5217; x_wconf 81' lang='grc' dir='ltr'>φωσάτον</span> <span class='ocrx_word' id='word_1_813' title='bbox 1236 5146 1378 5199; x_wconf 87' lang='grc' dir='ltr'>κατά</span> <span class='ocrx_word' id='word_1_814' title='bbox 1412 5145 1531 5197; x_wconf 89' lang='grc' dir='ltr'>σοῦ.</span> <span class='ocrx_word' id='word_1_815' title='bbox 1571 5145 1630 5196; x_wconf 84' lang='grc'>’0</span> <span class='ocrx_word' id='word_1_816' title='bbox 1659 5143 1704 5195; x_wconf 75' lang='grc' dir='ltr'>δ’</span> <span class='ocrx_word' id='word_1_817' title='bbox 1739 5141 2005 5211; x_wconf 84' lang='grc' dir='ltr'>αὐθέντης</span> 
     </span>
    </p>
   </div>
   <div class='ocr_carea' id='block_1_99' title="bbox 432 5234 2005 5316">
    <p class='ocr_par' dir='ltr' id='par_1_99' title="bbox 432 5234 2005 5316">
     <span class='ocr_line' id='line_1_99' title="bbox 432 5234 2005 5316; baseline -0.007 -18"><span class='ocrx_word' id='word_1_818' title='bbox 432 5266 532 5316; x_wconf 71' lang='grc' dir='ltr'>μιν</span> <span class='ocrx_word' id='word_1_819' title='bbox 563 5247 723 5298; x_wconf 76' lang='grc' dir='ltr'>πάλιν</span> <span class='ocrx_word' id='word_1_820' title='bbox 753 5238 907 5295; x_wconf 78' lang='grc' dir='ltr'>εἶπεν</span> <span class='ocrx_word' id='word_1_821' title='bbox 937 5241 1070 5308; x_wconf 59' lang='grc' dir='ltr'>πρὶς</span> <span class='ocrx_word' id='word_1_822' title='bbox 1101 5240 1284 5303; x_wconf 60' lang='grc' dir='ltr'>αὐτὸν,</span> <span class='ocrx_word' id='word_1_823' title='bbox 1318 5235 1469 5309; x_wconf 75' lang='lat' dir='ltr'>[M7]</span> <span class='ocrx_word' id='word_1_824' title='bbox 1517 5236 1710 5303; x_wconf 79' lang='grc' dir='ltr'>Ἡμεῖς</span> <span class='ocrx_word' id='word_1_825' title='bbox 1760 5234 2005 5304; x_wconf 76' lang='grc' dir='ltr'>ἠκούσα-</span> 
     </span>
    </p>
   </div>
   <div class='ocr_carea' id='block_1_100' title="bbox 430 5327 2003 5405">
    <p class='ocr_par' dir='ltr' id='par_1_100' title="bbox 430 5327 2003 5405">
     <span class='ocr_line' id='line_1_100' title="bbox 430 5327 2003 5405; baseline -0.009 -15"><span class='ocrx_word' id='word_1_826' title='bbox 430 5355 527 5405; x_wconf 75' lang='grc' dir='ltr'>μεν</span> <span class='ocrx_word' id='word_1_827' title='bbox 559 5338 637 5388; x_wconf 72' lang='grc' dir='ltr'>ὅτι</span> <span class='ocrx_word' id='word_1_828' title='bbox 689 5333 833 5386; x_wconf 90' lang='grc' dir='ltr'>θέλει</span> <span class='ocrx_word' id='word_1_829' title='bbox 866 5332 932 5384; x_wconf 73' lang='grc' dir='ltr'>νά</span> <span class='ocrx_word' id='word_1_830' title='bbox 983 5332 1190 5383; x_wconf 81' lang='grc' dir='ltr'>δώσουν</span> <span class='ocrx_word' id='word_1_831' title='bbox 1222 5331 1394 5399; x_wconf 78' lang='grc' dir='ltr'>αὐτὴν</span> <span class='ocrx_word' id='word_1_832' title='bbox 1440 5329 1563 5390; x_wconf 78' lang='grc' dir='ltr'>τούς</span> <span class='ocrx_word' id='word_1_833' title='bbox 1614 5327 2003 5388; x_wconf 79' lang='grc' dir='ltr'>Καταλάνους·</span> 
     </span>
    </p>
   </div>
   <div class='ocr_carea' id='block_1_101' title="bbox 427 5417 2006 5496">
    <p class='ocr_par' dir='ltr' id='par_1_101' title="bbox 427 5417 2006 5496">
     <span class='ocr_line' id='line_1_101' title="bbox 427 5417 2006 5496; baseline -0.008 -12"><span class='ocrx_word' id='word_1_834' title='bbox 427 5433 580 5485; x_wconf 77' lang='grc' dir='ltr'>οὐδὲν</span> <span class='ocrx_word' id='word_1_835' title='bbox 613 5426 707 5483; x_wconf 75' lang='grc' dir='ltr'>οὖν</span> <span class='ocrx_word' id='word_1_836' title='bbox 755 5428 932 5496; x_wconf 78' lang='grc' dir='ltr'>ἐφάνη</span> <span class='ocrx_word' id='word_1_837' title='bbox 965 5425 1175 5495; x_wconf 83' lang='grc' dir='ltr'>πρέπον</span> <span class='ocrx_word' id='word_1_838' title='bbox 1227 5423 1458 5494; x_wconf 74' lang='grc' dir='ltr'>ἐχθροὺς</span> <span class='ocrx_word' id='word_1_839' title='bbox 1493 5421 1585 5476; x_wconf 78' lang='grc' dir='ltr'>καὶ</span> <span class='ocrx_word' id='word_1_840' title='bbox 1627 5421 1722 5474; x_wconf 88' lang='grc' dir='ltr'>τοῦ</span> <span class='ocrx_word' id='word_1_841' title='bbox 1771 5417 2006 5488; x_wconf 84' lang='grc' dir='ltr'>ἀδελφοῦ</span> 
     </span>
    </p>
   </div>
   <div class='ocr_carea' id='block_1_102' title="bbox 432 5514 2010 5594">
    <p class='ocr_par' dir='ltr' id='par_1_102' title="bbox 432 5514 2010 5594">
     <span class='ocr_line' id='line_1_102' title="bbox 432 5514 2010 5594; baseline -0.006 -19"><span class='ocrx_word' id='word_1_842' title='bbox 432 5541 532 5594; x_wconf 83' lang='grc' dir='ltr'>μου</span> <span class='ocrx_word' id='word_1_843' title='bbox 561 5521 654 5575; x_wconf 81' lang='grc' dir='ltr'>τοῦ</span> <span class='ocrx_word' id='word_1_844' title='bbox 692 5520 927 5590; x_wconf 82' lang='grc' dir='ltr'>μεγάλου</span> <span class='ocrx_word' id='word_1_845' title='bbox 957 5519 1149 5588; x_wconf 81' lang='grc' dir='ltr'>ἀμηρᾶ</span> <span class='ocrx_word' id='word_1_846' title='bbox 1179 5518 1272 5570; x_wconf 71' lang='grc' dir='ltr'>καὶ</span> <span class='ocrx_word' id='word_1_847' title='bbox 1303 5517 1460 5584; x_wconf 79' lang='grc' dir='ltr'>ἡμῶν</span> <span class='ocrx_word' id='word_1_848' title='bbox 1495 5515 1561 5568; x_wconf 86' lang='grc' dir='ltr'>νά</span> <span class='ocrx_word' id='word_1_849' title='bbox 1603 5515 1729 5575; x_wconf 83' lang='grc' dir='ltr'>τοὺς</span> <span class='ocrx_word' id='word_1_850' title='bbox 1785 5514 2010 5582; x_wconf 86' lang='grc' dir='ltr'>ἀφήσω-</span> 
     </span>
    </p>
   </div>
   <div class='ocr_carea' id='block_1_103' title="bbox 435 5607 2009 5684">
    <p class='ocr_par' dir='ltr' id='par_1_103' title="bbox 435 5607 2009 5684">
     <span class='ocr_line' id='line_1_103' title="bbox 435 5607 2009 5684; baseline -0.004 -19"><span class='ocrx_word' id='word_1_851' title='bbox 435 5634 534 5684; x_wconf 83' lang='grc' dir='ltr'>μεν</span> <span class='ocrx_word' id='word_1_852' title='bbox 575 5616 638 5667; x_wconf 71' lang='grc' dir='ltr'>νᾶ</span> <span class='ocrx_word' id='word_1_853' title='bbox 691 5613 940 5683; x_wconf 76' lang='grc' dir='ltr'>ἐπᾶρωσι</span> <span class='ocrx_word' id='word_1_854' title='bbox 990 5609 1234 5663; x_wconf 76' lang='grc' dir='ltr'>τοιοῦτον</span> <span class='ocrx_word' id='word_1_855' title='bbox 1283 5609 1522 5679; x_wconf 87' lang='grc' dir='ltr'>κάστρον</span> <span class='ocrx_word' id='word_1_856' title='bbox 1554 5609 1634 5671; x_wconf 83' lang='grc' dir='ltr'>εἰς</span> <span class='ocrx_word' id='word_1_857' title='bbox 1684 5607 1782 5677; x_wconf 84' lang='grc' dir='ltr'>τὴν</span> <span class='ocrx_word' id='word_1_858' title='bbox 1833 5608 2009 5677; x_wconf 85' lang='grc' dir='ltr'>μέσην</span> 
     </span>
    </p>
   </div>
   <div class='ocr_carea' id='block_1_104' title="bbox 429 5697 2006 5775">
    <p class='ocr_par' dir='ltr' id='par_1_104' title="bbox 429 5697 2006 5775">
     <span class='ocr_line' id='line_1_104' title="bbox 429 5697 2006 5775; baseline -0.004 -18"><span class='ocrx_word' id='word_1_859' title='bbox 429 5705 525 5757; x_wconf 84' lang='grc' dir='ltr'>τοῦ</span> <span class='ocrx_word' id='word_1_860' title='bbox 547 5706 715 5759; x_wconf 68' lang='grc' dir='ltr'>τόπου</span> <span class='ocrx_word' id='word_1_861' title='bbox 746 5722 849 5775; x_wconf 78' lang='grc' dir='ltr'>μας</span> <span class='ocrx_word' id='word_1_862' title='bbox 878 5721 892 5734; x_wconf 92' lang='grc'><strong>·</strong></span> <span class='ocrx_word' id='word_1_863' title='bbox 925 5704 1012 5756; x_wconf 74' lang='grc' dir='ltr'>διὰ</span> <span class='ocrx_word' id='word_1_864' title='bbox 1042 5702 1198 5755; x_wconf 76' lang='grc' dir='ltr'>τοῦτο</span> <span class='ocrx_word' id='word_1_865' title='bbox 1222 5701 1542 5771; x_wconf 79' lang='grc' dir='ltr'>ἀπήλθομεν</span> <span class='ocrx_word' id='word_1_866' title='bbox 1570 5697 1688 5752; x_wconf 78' lang='grc' dir='ltr'>ἐκεῖ</span> <span class='ocrx_word' id='word_1_867' title='bbox 1713 5715 1726 5730; x_wconf 93' lang='grc'><strong>·</strong></span> <span class='ocrx_word' id='word_1_868' title='bbox 1765 5701 1858 5753; x_wconf 77' lang='grc' dir='ltr'>καὶ</span> <span class='ocrx_word' id='word_1_869' title='bbox 1889 5701 2006 5765; x_wconf 78' lang='grc' dir='ltr'>ἐξε-</span> 
     </span>
    </p>
   </div>
   <div class='ocr_carea' id='block_1_105' title="bbox 439 5792 2006 5866">
    <p class='ocr_par' dir='ltr' id='par_1_105' title="bbox 439 5792 2006 5866">
     <span class='ocr_line' id='line_1_105' title="bbox 439 5792 2006 5866; baseline -0.004 -19"><span class='ocrx_word' id='word_1_870' title='bbox 439 5795 703 5860; x_wconf 86' lang='grc' dir='ltr'>τάσαντες</span> <span class='ocrx_word' id='word_1_871' title='bbox 737 5797 798 5850; x_wconf 86' lang='lat'>16</span> <span class='ocrx_word' id='word_1_872' title='bbox 829 5798 1060 5866; x_wconf 75' lang='grc' dir='ltr'>πρᾶγμα</span> <span class='ocrx_word' id='word_1_873' title='bbox 1104 5795 1409 5864; x_wconf 76' lang='grc' dir='ltr'>ἐστήσαμεν</span> <span class='ocrx_word' id='word_1_874' title='bbox 1440 5793 1506 5846; x_wconf 62' lang='lat' dir='ltr'>vi</span> <span class='ocrx_word' id='word_1_875' title='bbox 1539 5792 1708 5864; x_wconf 82' lang='grc' dir='ltr'>μηδὲν</span> <span class='ocrx_word' id='word_1_876' title='bbox 1743 5792 1966 5861; x_wconf 88' lang='grc' dir='ltr'>γένηται</span> <span class='ocrx_word' id='word_1_877' title='bbox 1991 5807 2006 5823; x_wconf 79' lang='grc' dir='ltr'><strong>ο</strong></span> 
     </span>
    </p>
   </div>
   <div class='ocr_carea' id='block_1_106' title="bbox 2105 4598 3689 4674">
    <p class='ocr_par' dir='ltr' id='par_1_106' title="bbox 2105 4598 3689 4674">
     <span class='ocr_line' id='line_1_106' title="bbox 2105 4598 3689 4674; baseline -0.004 -18"><span class='ocrx_word' id='word_1_878' title='bbox 2105 4604 2246 4674; x_wconf 83' lang='grc' dir='ltr'>μετά</span> <span class='ocrx_word' id='word_1_879' title='bbox 2288 4601 2643 4672; x_wconf 84' lang='grc' dir='ltr'>στρατιωτῶν</span> <span class='ocrx_word' id='word_1_880' title='bbox 2680 4603 2776 4654; x_wconf 70' lang='grc' dir='ltr'>καὶ</span> <span class='ocrx_word' id='word_1_881' title='bbox 2802 4601 3138 4671; x_wconf 85' lang='grc' dir='ltr'>ἀπηρχόμην</span> <span class='ocrx_word' id='word_1_882' title='bbox 3163 4618 3176 4631; x_wconf 89' lang='grc'>·</span> <span class='ocrx_word' id='word_1_883' title='bbox 3206 4600 3297 4652; x_wconf 69' lang='grc' dir='ltr'>καὶ</span> <span class='ocrx_word' id='word_1_884' title='bbox 3329 4601 3460 4668; x_wconf 76' lang='grc' dir='ltr'>περὶ</span> <span class='ocrx_word' id='word_1_885' title='bbox 3491 4598 3550 4650; x_wconf 89' lang='lat'>16</span> <span class='ocrx_word' id='word_1_886' title='bbox 3588 4602 3689 4650; x_wconf 79' lang='grc' dir='ltr'>κά-</span> 
     </span>
    </p>
   </div>
   <div class='ocr_carea' id='block_1_107' title="bbox 2104 4685 3686 4762">
    <p class='ocr_par' dir='ltr' id='par_1_107' title="bbox 2104 4685 3686 4762">
     <span class='ocr_line' id='line_1_107' title="bbox 2104 4685 3686 4762; baseline -0.004 -17"><span class='ocrx_word' id='word_1_887' title='bbox 2104 4709 2265 4762; x_wconf 91' lang='grc' dir='ltr'>στρον</span> <span class='ocrx_word' id='word_1_888' title='bbox 2299 4690 2543 4760; x_wconf 69' lang='grc' dir='ltr'>εὑρεθεὶς</span> <span class='ocrx_word' id='word_1_889' title='bbox 2573 4689 2723 4762; x_wconf 64' lang='grc'>[149]</span> <span class='ocrx_word' id='word_1_890' title='bbox 2769 4689 2962 4742; x_wconf 85' lang='grc' dir='ltr'>Ῥαοὺλ</span> <span class='ocrx_word' id='word_1_891' title='bbox 2997 4693 3024 4742; x_wconf 90' lang='lat'>6</span> <span class='ocrx_word' id='word_1_892' title='bbox 3056 4689 3262 4756; x_wconf 80' lang='grc' dir='ltr'>Θωμᾶς</span> <span class='ocrx_word' id='word_1_893' title='bbox 3305 4688 3564 4756; x_wconf 70' lang='grc' dir='ltr'>ἐνόμισεν</span> <span class='ocrx_word' id='word_1_894' title='bbox 3593 4685 3686 4739; x_wconf 64' lang='grc' dir='ltr'>εὖτ</span> 
     </span>
    </p>
   </div>
   <div class='ocr_carea' id='block_1_108' title="bbox 2105 4778 3690 4853">
    <p class='ocr_par' dir='ltr' id='par_1_108' title="bbox 2105 4778 3690 4853">
     <span class='ocr_line' id='line_1_108' title="bbox 2105 4778 3690 4853; baseline -0.007 -14"><span class='ocrx_word' id='word_1_895' title='bbox 2105 4786 2263 4839; x_wconf 89' lang='grc' dir='ltr'>κολον</span> <span class='ocrx_word' id='word_1_896' title='bbox 2295 4779 2435 4838; x_wconf 81' lang='grc' dir='ltr'>εἶναι</span> <span class='ocrx_word' id='word_1_897' title='bbox 2484 4784 2569 4836; x_wconf 84' lang='grc' dir='ltr'>ἴνα</span> <span class='ocrx_word' id='word_1_898' title='bbox 2601 4785 2782 4853; x_wconf 83' lang='grc' dir='ltr'>ἐπάρῃ</span> <span class='ocrx_word' id='word_1_899' title='bbox 2819 4781 2987 4835; x_wconf 82' lang='grc' dir='ltr'>αὐτὸν</span> <span class='ocrx_word' id='word_1_900' title='bbox 3015 4781 3112 4834; x_wconf 81' lang='grc' dir='ltr'>ἀπ’</span> <span class='ocrx_word' id='word_1_901' title='bbox 3143 4779 3277 4849; x_wconf 84' lang='grc' dir='ltr'>ἐμοῦ</span> <span class='ocrx_word' id='word_1_902' title='bbox 3323 4778 3420 4832; x_wconf 73' lang='grc' dir='ltr'>καὶ</span> <span class='ocrx_word' id='word_1_903' title='bbox 3462 4780 3544 4841; x_wconf 77' lang='grc' dir='ltr'>εἰς</span> <span class='ocrx_word' id='word_1_904' title='bbox 3576 4779 3690 4832; x_wconf 78' lang='grc' dir='ltr'>κίν-</span> 
     </span>
    </p>
   </div>
   <div class='ocr_carea' id='block_1_109' title="bbox 2103 4869 3689 4942">
    <p class='ocr_par' dir='ltr' id='par_1_109' title="bbox 2103 4869 3689 4942">
     <span class='ocr_line' id='line_1_109' title="bbox 2103 4869 3689 4942; baseline -0.006 -13"><span class='ocrx_word' id='word_1_905' title='bbox 2103 4876 2260 4929; x_wconf 89' lang='grc' dir='ltr'>δυνον</span> <span class='ocrx_word' id='word_1_906' title='bbox 2291 4869 2425 4942; x_wconf 76' lang='grc' dir='ltr'>ἦλθε</span> <span class='ocrx_word' id='word_1_907' title='bbox 2467 4871 2560 4925; x_wconf 88' lang='grc' dir='ltr'>τοῦ</span> <span class='ocrx_word' id='word_1_908' title='bbox 2596 4870 2850 4933; x_wconf 87' lang='grc' dir='ltr'>γενέσθαι</span> <span class='ocrx_word' id='word_1_909' title='bbox 2894 4871 3058 4939; x_wconf 86' lang='grc' dir='ltr'>μέσον</span> <span class='ocrx_word' id='word_1_910' title='bbox 3098 4869 3209 4923; x_wconf 88' lang='grc' dir='ltr'>τῶν</span> <span class='ocrx_word' id='word_1_911' title='bbox 3248 4869 3499 4937; x_wconf 81' lang='grc' dir='ltr'>ἀδελφῶν</span> <span class='ocrx_word' id='word_1_912' title='bbox 3544 4869 3689 4937; x_wconf 85' lang='grc' dir='ltr'>μέγα</span> 
     </span>
    </p>
   </div>
   <div class='ocr_carea' id='block_1_110' title="bbox 2105 4960 3687 5036">
    <p class='ocr_par' dir='ltr' id='par_1_110' title="bbox 2105 4960 3687 5036">
     <span class='ocr_line' id='line_1_110' title="bbox 2105 4960 3687 5036; baseline -0.003 -18"><span class='ocrx_word' id='word_1_913' title='bbox 2105 4985 2155 5018; x_wconf 81' lang='grc' dir='ltr'>τι</span> <span class='ocrx_word' id='word_1_914' title='bbox 2189 4967 2433 5036; x_wconf 88' lang='grc' dir='ltr'>μάχιμον</span> <span class='ocrx_word' id='word_1_915' title='bbox 2472 4966 2566 5016; x_wconf 69' lang='grc' dir='ltr'>καὶ</span> <span class='ocrx_word' id='word_1_916' title='bbox 2610 4963 2896 5033; x_wconf 87' lang='grc' dir='ltr'>λυπηρόν·</span> <span class='ocrx_word' id='word_1_917' title='bbox 2935 4963 3085 5032; x_wconf 83' lang='grc' dir='ltr'>ὅμως</span> <span class='ocrx_word' id='word_1_918' title='bbox 3131 4960 3224 5015; x_wconf 76' lang='grc' dir='ltr'>οὖν</span> <span class='ocrx_word' id='word_1_919' title='bbox 3273 4961 3410 5014; x_wconf 84' lang='grc' dir='ltr'>Θεοῦ</span> <span class='ocrx_word' id='word_1_920' title='bbox 3455 4962 3687 5028; x_wconf 73' lang='grc' dir='ltr'>εὐδοκήο</span> 
     </span>
    </p>
   </div>
   <div class='ocr_carea' id='block_1_111' title="bbox 2108 5044 3690 5124">
    <p class='ocr_par' dir='ltr' id='par_1_111' title="bbox 2108 5044 3690 5124">
     <span class='ocr_line' id='line_1_111' title="bbox 2108 5044 3690 5124; baseline -0.006 -13"><span class='ocrx_word' id='word_1_921' title='bbox 2108 5051 2322 5121; x_wconf 59' lang='grc' dir='ltr'>σαντοςζ</span> <span class='ocrx_word' id='word_1_922' title='bbox 2367 5044 2583 5109; x_wconf 35' lang='grc' dir='ltr'>’ἐκεῖνον</span> <span class='ocrx_word' id='word_1_923' title='bbox 2646 5056 2745 5124; x_wconf 76' lang='grc' dir='ltr'>μὲν</span> <span class='ocrx_word' id='word_1_924' title='bbox 2802 5054 2985 5118; x_wconf 85' lang='grc' dir='ltr'>καλῶς</span> <span class='ocrx_word' id='word_1_925' title='bbox 3023 5055 3452 5122; x_wconf 81' lang='grc' dir='ltr'>ἀπεκατέστήσα</span> <span class='ocrx_word' id='word_1_926' title='bbox 3504 5054 3586 5111; x_wconf 75' lang='grc' dir='ltr'>εἰς</span> <span class='ocrx_word' id='word_1_927' title='bbox 3628 5052 3690 5102; x_wconf 77' lang='lat'>16</span> 
     </span>
    </p>
   </div>
   <div class='ocr_carea' id='block_1_112' title="bbox 2107 5139 3690 5220">
    <p class='ocr_par' dir='ltr' id='par_1_112' title="bbox 2107 5139 3690 5220">
     <span class='ocr_line' id='line_1_112' title="bbox 2107 5139 3690 5220; baseline -0.006 -17"><span class='ocrx_word' id='word_1_928' title='bbox 2107 5151 2346 5220; x_wconf 83' lang='grc' dir='ltr'>κάστρον</span> <span class='ocrx_word' id='word_1_929' title='bbox 2375 5147 2564 5212; x_wconf 82' lang='grc' dir='ltr'>αὐτοῦ,</span> <span class='ocrx_word' id='word_1_930' title='bbox 2597 5148 2687 5201; x_wconf 72' lang='grc' dir='ltr'>καὶ</span> <span class='ocrx_word' id='word_1_931' title='bbox 2722 5147 2830 5215; x_wconf 86' lang='grc' dir='ltr'>ἐγὼ</span> <span class='ocrx_word' id='word_1_932' title='bbox 2863 5147 2916 5200; x_wconf 83' lang='grc' dir='ltr'>δέ</span> <span class='ocrx_word' id='word_1_933' title='bbox 2950 5145 3132 5206; x_wconf 82' lang='grc' dir='ltr'>καλῶς</span> <span class='ocrx_word' id='word_1_934' title='bbox 3164 5144 3497 5214; x_wconf 71' lang='grc' dir='ltr'>ἐπιστρέψας</span> <span class='ocrx_word' id='word_1_935' title='bbox 3529 5139 3690 5212; x_wconf 68' lang='grc' dir='ltr'>εὗρον</span> 
     </span>
    </p>
   </div>
   <div class='ocr_carea' id='block_1_113' title="bbox 2109 5237 3688 5310">
    <p class='ocr_par' dir='ltr' id='par_1_113' title="bbox 2109 5237 3688 5310">
     <span class='ocr_line' id='line_1_113' title="bbox 2109 5237 3688 5310; baseline -0.005 -15"><span class='ocrx_word' id='word_1_936' title='bbox 2109 5243 2205 5295; x_wconf 81' lang='lat' dir='ltr'>16v</span> <span class='ocrx_word' id='word_1_937' title='bbox 2248 5241 2516 5310; x_wconf 78' lang='grc' dir='ltr'>αὐθέντην</span> <span class='ocrx_word' id='word_1_938' title='bbox 2571 5257 2672 5310; x_wconf 89' lang='grc' dir='ltr'>μου</span> <span class='ocrx_word' id='word_1_939' title='bbox 2722 5241 2780 5293; x_wconf 91' lang='grc' dir='ltr'>ἐν</span> <span class='ocrx_word' id='word_1_940' title='bbox 2830 5239 2908 5307; x_wconf 82' lang='grc' dir='ltr'>τῷ</span> <span class='ocrx_word' id='word_1_941' title='bbox 2948 5240 3042 5293; x_wconf 88' lang='grc' dir='ltr'>τοῦ</span> <span class='ocrx_word' id='word_1_942' title='bbox 3083 5239 3242 5307; x_wconf 88' lang='grc' dir='ltr'>ἀγίου</span> <span class='ocrx_word' id='word_1_943' title='bbox 3284 5238 3535 5306; x_wconf 80' lang='grc' dir='ltr'>Ἀνδρέου</span> <span class='ocrx_word' id='word_1_944' title='bbox 3596 5237 3688 5288; x_wconf 80' lang='lat'>106</span> 
     </span>
    </p>
   </div>
   <div class='ocr_carea' id='block_1_114' title="bbox 2111 5327 3684 5402">
    <p class='ocr_par' dir='ltr' id='par_1_114' title="bbox 2111 5327 3684 5402">
     <span class='ocr_line' id='line_1_114' title="bbox 2111 5327 3684 5402; baseline -0.003 -18"><span class='ocrx_word' id='word_1_945' title='bbox 2111 5332 2498 5402; x_wconf 82' lang='grc' dir='ltr'>πρωτοκλήτου</span> <span class='ocrx_word' id='word_1_946' title='bbox 2540 5331 2653 5400; x_wconf 84' lang='grc' dir='ltr'>ναῷ</span> <span class='ocrx_word' id='word_1_947' title='bbox 2686 5333 2781 5385; x_wconf 71' lang='grc' dir='ltr'>καλ⁴</span> <span class='ocrx_word' id='word_1_948' title='bbox 2811 5330 2964 5400; x_wconf 79' lang='grc' dir='ltr'>τάφῳ</span> <span class='ocrx_word' id='word_1_949' title='bbox 3007 5329 3368 5383; x_wconf 68' lang='grc' dir='ltr'>ἀποσωθέντα</span> <span class='ocrx_word' id='word_1_950' title='bbox 3413 5331 3481 5399; x_wconf 76' lang='grc' dir='ltr'>τῇ</span> <span class='ocrx_word' id='word_1_951' title='bbox 3514 5329 3558 5380; x_wconf 87' lang='grc' dir='ltr'>δ’</span> <span class='ocrx_word' id='word_1_952' title='bbox 3592 5327 3684 5379; x_wconf 73' lang='grc' dir='ltr'>το]</span> 
     </span>
    </p>
   </div>
   <div class='ocr_carea' id='block_1_115' title="bbox 2125 5420 3692 5494">
    <p class='ocr_par' dir='ltr' id='par_1_115' title="bbox 2125 5420 3692 5494">
     <span class='ocr_line' id='line_1_115' title="bbox 2125 5420 3692 5494; baseline -0.003 -18"><span class='ocrx_word' id='word_1_953' title='bbox 2125 5424 2486 5492; x_wconf 77' lang='grc' dir='ltr'>Ἰαννουαρίου</span> <span class='ocrx_word' id='word_1_954' title='bbox 2517 5424 2664 5494; x_wconf 84' lang='grc' dir='ltr'>ἀργά</span> <span class='ocrx_word' id='word_1_955' title='bbox 2686 5440 2699 5454; x_wconf 89' lang='grc'><strong>·</strong></span> <span class='ocrx_word' id='word_1_956' title='bbox 2730 5425 2794 5491; x_wconf 82' lang='grc' dir='ltr'>τῇ</span> <span class='ocrx_word' id='word_1_957' title='bbox 2827 5421 2882 5473; x_wconf 84' lang='grc' dir='ltr'>δὲ</span> <span class='ocrx_word' id='word_1_958' title='bbox 2913 5420 2951 5474; x_wconf 87' lang='grc' dir='ltr'>ε’</span> <span class='ocrx_word' id='word_1_959' title='bbox 2985 5422 3130 5492; x_wconf 80' lang='grc' dir='ltr'>πρωῒ</span> <span class='ocrx_word' id='word_1_960' title='bbox 3159 5420 3253 5474; x_wconf 88' lang='grc' dir='ltr'>τοῦ</span> <span class='ocrx_word' id='word_1_961' title='bbox 3287 5421 3478 5483; x_wconf 86' lang='grc' dir='ltr'>αὐτοῦ,</span> <span class='ocrx_word' id='word_1_962' title='bbox 3507 5421 3692 5490; x_wconf 62' lang='grc' dir='ltr'>ήμέρα</span> 
     </span>
    </p>
   </div>
   <div class='ocr_carea' id='block_1_116' title="bbox 2111 5511 3694 5584">
    <p class='ocr_par' dir='ltr' id='par_1_116' title="bbox 2111 5511 3694 5584">
     <span class='ocr_line' id='line_1_116' title="bbox 2111 5511 3694 5584; baseline -0.006 -16"><span class='ocrx_word' id='word_1_963' title='bbox 2111 5515 2210 5584; x_wconf 84' lang='grc' dir='ltr'>τῆς</span> <span class='ocrx_word' id='word_1_964' title='bbox 2245 5514 2539 5584; x_wconf 81' lang='grc' dir='ltr'>ἑϐδομάδος</span> <span class='ocrx_word' id='word_1_965' title='bbox 2566 5512 2636 5576; x_wconf 84' lang='grc' dir='ltr'>α’,</span> <span class='ocrx_word' id='word_1_966' title='bbox 2672 5513 2986 5578; x_wconf 85' lang='grc' dir='ltr'>ἐξελθόντες</span> <span class='ocrx_word' id='word_1_967' title='bbox 3022 5516 3069 5566; x_wconf 83' lang='grc' dir='ltr'>οί</span> <span class='ocrx_word' id='word_1_968' title='bbox 3102 5513 3197 5566; x_wconf 89' lang='grc' dir='ltr'>τοῦ</span> <span class='ocrx_word' id='word_1_969' title='bbox 3231 5515 3468 5579; x_wconf 80' lang='grc' dir='ltr'>κάστρου</span> <span class='ocrx_word' id='word_1_970' title='bbox 3502 5511 3694 5580; x_wconf 80' lang='grc' dir='ltr'>ἐγκρι-</span> 
     </span>
    </p>
   </div>
   <div class='ocr_carea' id='block_1_117' title="bbox 2113 5601 3692 5674">
    <p class='ocr_par' dir='ltr' id='par_1_117' title="bbox 2113 5601 3692 5674">
     <span class='ocr_line' id='line_1_117' title="bbox 2113 5601 3692 5674; baseline -0.006 -14"><span class='ocrx_word' id='word_1_971' title='bbox 2113 5625 2196 5660; x_wconf 91' lang='grc' dir='ltr'>τοι</span> <span class='ocrx_word' id='word_1_972' title='bbox 2226 5609 2321 5660; x_wconf 76' lang='grc' dir='ltr'>καὶ</span> <span class='ocrx_word' id='word_1_973' title='bbox 2352 5608 2462 5669; x_wconf 82' lang='grc' dir='ltr'>πᾶς</span> <span class='ocrx_word' id='word_1_974' title='bbox 2488 5610 2515 5660; x_wconf 90' lang='lat'>6</span> <span class='ocrx_word' id='word_1_975' title='bbox 2561 5606 2690 5670; x_wconf 79' lang='grc' dir='ltr'>λαὸς</span> <span class='ocrx_word' id='word_1_976' title='bbox 2725 5607 2820 5658; x_wconf 73' lang='grc' dir='ltr'>καὶ</span> <span class='ocrx_word' id='word_1_977' title='bbox 2850 5605 3097 5667; x_wconf 75' lang='grc' dir='ltr'>ἐλθόντες</span> <span class='ocrx_word' id='word_1_978' title='bbox 3137 5605 3300 5674; x_wconf 82' lang='grc' dir='ltr'>μέχρι</span> <span class='ocrx_word' id='word_1_979' title='bbox 3334 5604 3425 5656; x_wconf 77' lang='grc' dir='ltr'>καὶ</span> <span class='ocrx_word' id='word_1_980' title='bbox 3457 5601 3550 5654; x_wconf 87' lang='grc' dir='ltr'>τοῦ</span> <span class='ocrx_word' id='word_1_981' title='bbox 3591 5604 3692 5668; x_wconf 77' lang='grc' dir='ltr'>ρη-</span> 
     </span>
    </p>
   </div>
   <div class='ocr_carea' id='block_1_118' title="bbox 2118 5695 3690 5767">
    <p class='ocr_par' dir='ltr' id='par_1_118' title="bbox 2118 5695 3690 5767">
     <span class='ocr_line' id='line_1_118' title="bbox 2118 5695 3690 5767; baseline -0.005 -15"><span class='ocrx_word' id='word_1_982' title='bbox 2118 5698 2303 5761; x_wconf 88' lang='grc' dir='ltr'>θέντος</span> <span class='ocrx_word' id='word_1_983' title='bbox 2337 5698 2464 5750; x_wconf 89' lang='grc' dir='ltr'>ναοῦ</span> <span class='ocrx_word' id='word_1_984' title='bbox 2493 5699 2587 5751; x_wconf 84' lang='grc' dir='ltr'>τοῦ</span> <span class='ocrx_word' id='word_1_985' title='bbox 2620 5698 2798 5764; x_wconf 82' lang='grc' dir='ltr'>ἁγίου,</span> <span class='ocrx_word' id='word_1_986' title='bbox 2831 5696 2908 5766; x_wconf 81' lang='grc' dir='ltr'>τῷ</span> <span class='ocrx_word' id='word_1_987' title='bbox 2938 5697 3175 5767; x_wconf 81' lang='grc' dir='ltr'>δεσπότῃ</span> <span class='ocrx_word' id='word_1_988' title='bbox 3206 5696 3300 5750; x_wconf 73' lang='grc' dir='ltr'>καὶ</span> <span class='ocrx_word' id='word_1_989' title='bbox 3331 5695 3556 5762; x_wconf 78' lang='grc' dir='ltr'>αὐθέντῃ</span> <span class='ocrx_word' id='word_1_990' title='bbox 3589 5711 3690 5761; x_wconf 80' lang='grc' dir='ltr'>μου</span> 
     </span>
    </p>
   </div>
   <div class='ocr_carea' id='block_1_119' title="bbox 2129 5786 3693 5861">
    <p class='ocr_par' dir='ltr' id='par_1_119' title="bbox 2129 5786 3693 5861">
     <span class='ocr_line' id='line_1_119' title="bbox 2129 5786 3693 5861; baseline -0.006 -16"><span class='ocrx_word' id='word_1_991' title='bbox 2129 5790 2544 5861; x_wconf 75' lang='grc' dir='ltr'>προσεκύνησαν</span> <span class='ocrx_word' id='word_1_992' title='bbox 2578 5789 2671 5845; x_wconf 70' lang='grc' dir='ltr'>καὶ</span> <span class='ocrx_word' id='word_1_993' title='bbox 2701 5789 2979 5854; x_wconf 79' lang='grc' dir='ltr'>τὰς,κλεῖς</span> <span class='ocrx_word' id='word_1_994' title='bbox 3009 5787 3100 5842; x_wconf 83' lang='grc' dir='ltr'>τοῦ</span> <span class='ocrx_word' id='word_1_995' title='bbox 3150 5790 3393 5860; x_wconf 78' lang='grc' dir='ltr'>κάστρου</span> <span class='ocrx_word' id='word_1_996' title='bbox 3432 5786 3693 5841; x_wconf 76' lang='grc' dir='ltr'>δεδώκασι</span> 
     </span>
    </p>
   </div>
  </div>
