3964 6188
499 225 634 284 1³ιὶ3
710 226 723 239 “

1719 224 2040 288 GEORGII
2087 229 2512 292 ΡΗΗᾹΝἸΖἉΕ

3572 239 3687 305 Ῑοίι

497 342 597 409 ἐ.μέ
630 340 723 392 καὶ
757 341 885 402 τοὺς
935 340 1034 394 σὺν
1064 342 1212 409 ἐμοί·
1249 344 1306 395 ἐν
1348 336 1393 410 ᾧ
1422 343 1485 413 δὴ
1532 343 1768 414 Μαρτίῳ
1817 347 1950 414 μηνὶ
1979 344 2073 395 καὶ⁵
2096 347 2152 406 Α
2176 348 2719 419 πορφυρογεννήτου,
2749 348 2892 419 κυρὰ
2922 350 3151 424 Κλεώπη
3179 367 3194 385 ⁸
3223 354 3313 408 καὶ
3357 355 3520 427 ἐτάφη
3554 356 3604 413 ἐν
3633 366 3688 434 τῇ

494 434 721 501 ἀμηρᾶς
752 434 779 484 ὁ
810 434 1215 503 Μουράτμπεῖς
1272 436 1372 505 τὴν
1406 436 1815 507 Θεσσαλονίκην
1854 437 2070 508 ἀπῆρεν

504 522 605 573 ἀπὸ
632 524 759 585 τοὺς
790 526 1111 590 Βενετικοὺς
1143 527 1361 598 πολέμῳ
1382 546 1395 559 ·
1425 533 1453 581 6
1474 530 1531 582 δὲ
1554 530 1821 599 δεσπότης
1849 532 1943 583 καὶ⁵
1968 532 2070 584 αὐ-

498 613 690 683 θέντης
725 632 826 683 μου
857 617 961 686 κὺρ
994 619 1421 682 Κωνσταντῖνος,
1450 622 1541 673 τὸν
1572 622 1749 674 Μάῖον
1778 619 1872 673 τοῦ
1901 619 2068 674 αὐτοῦ

500 705 671 771 ἔτους,
724 708 813 759 τὸν
847 710 1047 762 κουλᾶν
1077 710 1175 778 τῆς
1219 712 1441 781 Πάτρας
1496 714 1713 782 ἀπῆρεν
1763 713 1870 767 ἀπὸ
1903 712 2067 781 λιμοῦ

499 798 589 847 καὶ
621 798 721 866 τῆς
744 799 913 868 ἄλλης
944 802 1318 863 κακοπαθείας
1348 803 1457 856 τῶν
1485 804 1892 873 εὑρισκομένων
1916 805 2067 869 ἐντὸς

496 892 657 944 αὐτοῦ
684 909 697 921 ο
727 896 819 946 καὶ
863 896 927 963 τῇ
970 893 1035 957 ιζ’
1097 895 1318 947 Ἰουλίου
1348 896 1442 948 τοῦ
1498 897 1663 949 αὐτοῦ
1700 899 1873 963 ἔτους,
1913 897 2065 970 [156]

500 986 723 1053 ἀπῆραν
750 989 798 1038 οί
829 988 1138 1042 Καταλάνοι
1166 989 1266 1059 τὴν
1304 990 1665 1060 Γλαρέντζαν,
1696 992 1763 1059 ἣν
1802 992 1896 1044 καὶ
1925 1009 2069 1064 κρα-

498 1079 763 1143 τήσαντες
807 1080 969 1149 μέχρι
1002 1080 1151 1140 τινὸς
1181 1082 1348 1135 πάλιν
1386 1084 1696 1154 ἐπούλησαν
1731 1086 1937 1156 αὐτήψ
1972 1090 2069 1141 καὶ

498 1165 571 1231 τῷ
599 1166 900 1236 Αὐγούστῳ
929 1168 1062 1237 μηνὶ
1098 1170 1193 1223 τοῦ
1224 1172 1390 1225 αὐτοῦ
1429 1174 1583 1237 ἔτους
1619 1176 2069 1246 ἐπαναστρέψαν-

497 1273 585 1317 τες
619 1260 667 1310 oi
722 1261 830 1312 ἀπὸ
862 1260 957 1313 τοῦ
1006 1262 1274 1331 βασιλέως
1330 1267 1435 1333 κύρ
1494 1269 1744 1324 Ἰωάννου
1793 1271 1929 1340 πρὸς
1976 1272 2069 1326 τὸν

498 1345 686 1397 πάπαν
739 1348 1015 1418 Μαρτῖνον
1040 1353 1322 1422 πρέσϐεις,
1367 1358 1393 1409 ὂ
1431 1374 1490 1410 τε
1518 1359 1745 1429 Μάρκος
1790 1364 1818 1414 6
1848 1363 2071 1433 Ἴαγρος

496 1438 590 1490 καὶ
618 1441 795 1506 μέγας
827 1446 1332 1518 στρατοπεδάρχης,
1367 1451 1461 1505 καὶ
1490 1453 1521 1505 6
1547 1453 1719 1519 μέγας
1745 1455 2069 1525 πρωτυσύγ-

495 1530 651 1595 γελος
675 1534 765 1584 καὶ
792 1536 1099 1605 ἡγούμενος
1124 1541 1221 1608 τῆς
1241 1542 1547 1611 σεϐασμίας
1575 1544 1869 1617 βασιλικῆς
1897 1553 2071 1621 μονῆς

493 1624 587 1675 τοῦ
636 1627 1092 1702 Παντοκράτορος
1134 1633 1491 1707 ίερομὸναχος
1532 1640 1627 1693 καὶ
1673 1643 2068 1710 πνευματικὸς,

496 1716 785 1787 Μακάριος
834 1724 861 1775 6
903 1700 1132 1795 Μακρδς
1182 1700 1606 1799 ὀνομαζόμενος,
1652 1700 2068 1806 ἀνήρ’ἇριστος
2097 1700 2146 1760 Β

497 1808 639 1861 κατά
681 1826 739 1862 τε
775 1810 933 1879 λόγον
987 1815 1083 1868 καὶ
1127 1817 1335 1888 ἀρετὴν
1388 1821 1482 1873 καὶ
1526 1820 1763 1885 σύνεσιν,
1808 1825 2067 1896 ἐποίησαν

493 1898 708 1970 ὁρισμῷ
743 1904 838 1957 τοῦ
885 1906 1153 1973 βασιλέως
1198 1911 1467 1980 δεσπότην
1505 1913 1595 1966 τὸν
1639 1915 2068 1972 αὐθεντόπουλον

498 1992 602 2059 κὺρ
635 1993 858 2062 Θωμᾶν.

1204 2096 1340 2150 υλαξ

567 2177 675 2269 Καὶ
721 2179 799 2249 τῷ
840 2181 917 2234 λθ⁹
971 2179 1081 2237 ἔτει
1136 2191 1269 2256 μηνὶ
1327 2191 1641 2265 Σεπτεϐρίῳ
1699 2198 2069 2269 εὐεργετήθην

495 2268 607 2334 ἐγὼ
654 2270 715 2322 τὸ
763 2273 1153 2339 κεφαλατίκιον
1198 2280 1299 2350 τῆς
1352 2284 1616 2354 Πάτραςο
1667 2287 1816 2359 [15η
1861 2291 1957 2343 καὶ
1992 2268 2069 2361 τῷ

496 2361 645 2429 αὐτῷ
677 2362 785 2415 ἔτει
820 2367 876 2416 ἐν
908 2372 1041 2435 μηνὶ
1085 2370 1406 2444 Ὀκτωϐρίῳ
1440 2377 1657 2445 ἀπῆρεν
1695 2380 1723 2431 6
1757 2381 2070 2450 Μπελαρμ-

496 2453 617 2515 πεῒς
648 2456 754 2507 τῶν
786 2457 1048 2527 Τούρκων
1088 2463 1115 2513 6
1153 2465 1379 2531 Συνάνις
1417 2468 1485 2521 τὰ
1530 2470 1808 2524 Ἱωάννινα
1843 2472 1940 2526 καὶ
1968 2475 2069 2545 τὴν

496 2552 674 2602 αἰτῶν
722 2558 1007 2624 περιοχὴν,
1065 2560 1157 2611 καὶ
1190 2563 1254 2630 τῇ
1305 2566 1399 2623 κς⁸
1452 2564 1699 2632 Μαρτίου
1748 2567 1840 2619 τοῦ
1897 2568 2066 2621 αὐτοῦ

495 2643 649 2707 ἔτους
682 2647 739 2697 ἐν
769 2648 954 2719 ἡμέρᾳ
984 2651 1077 2703 καὶ
1107 2649 1226 2723 ὥρᾳ
1263 2657 1329 2723 τῇ
1360 2656 1524 2724 αὐτῇ,
1562 2658 1620 2709 ἐν
1715 2660 1805 2712 καὶ
1837 2661 1903 2714 τὰ
1932 2679 2065 2731 προ-

495 2738 758 2800 γεγονότα
827 2756 918 2807 μοι
975 2743 1303 2811 συνέϐησαν,
1358 2748 1628 2817 ἐδεξάμην
1657 2752 1843 2805 καὶτὸ
1891 2755 2067 2809 ἀπευ-

495 2829 679 2879 κταῖον
712 2831 835 2898 ἐμοὶ
870 2833 1097 2901 μήνυμα
1143 2836 1210 2888 δι’
1236 2838 1466 2907 ὁρισμοῦ
1514 2845 1607 2894 τοῦ
1659 2844 1915 2908 αὐθεντός
1963 2864 2065 2911 μου

493 2919 600 2972 ἀπὸ
627 2921 724 2989 τὴν
745 2924 1061 2991 Βοστίτζαν,
1083 2929 1163 2981 ὅτι
1195 2932 1261 2997 τῇ
1292 2932 1385 2983 τοῦ
1411 2933 1771 3001 παρελθόντος
1797 2938 2066 2995 Ἰαννουα-

494 3012 613 3080 ρίου
648 3012 695 3074 ζ’
724 3016 956 3085 τέθνηκε
988 3019 1242 3088 λοιμώδει
1274 3024 1414 3094 νόσῳ
1445 3026 1472 3079 6
1499 3026 1721 3097 ἄριστος
1746 3032 1956 3097 κάμοῦ,
1976 3032 2066 3099 φί-
2092 3034 2137 3097 C

492 3104 605 3169 λος,
639 3109 666 3159 ὁ
689 3110 975 3181 Μακάριος
998 3115 1087 3166 καὶ
1120 3114 1198 3167 ὢν
1226 3116 1322 3168 καὶ
1345 3118 1722 3189 καλούμενοςὸ
1749 3123 1997 3194 Μακρδς,
2033 3126 2062 3178 6

493 3202 621 3271 παρ’
639 3202 901 3274 ὀφθαλμῷ
919 3206 1017 3273 μὲν
1036 3211 1418 3281 πατριαρχικῷ
1440 3212 1774 3283 ὑπερηφάνῳ
1790 3218 1882 3269 καὶ
1895 3217 2068 3289 ἀπλή-

494 3313 607 3365 στῳ
638 3301 703 3367 τῇ
736 3299 969 3369 ἀγροικῇ
1000 3301 1199 3372 καρδίᾳ
1219 3304 1513 3372 αἱρετικὺς,
1540 3309 1691 3376 παρά
1715 3310 1769 3362 δέ
1798 3309 2065 3380 ὀφθαλμῷ

494 3389 993 3458 παντοκρατορικῷ
1030 3393 1318 3462 ἀκοιμήτῳ
1366 3396 1462 3447 καὶ
1490 3396 1721 3468 ἀληθεία
1768 3400 2064 3473 δικαζούσῃ

494 3477 795 3544 ὀρθόδοξος,
822 3479 881 3542 δς
913 3483 1008 3534 καὶ
1039 3484 1120 3546 είς
1169 3482 1265 3553 τὴν
1297 3486 1868 3545 Κωνσταντινούπολιν
1892 3495 2061 3546 ἐπαν-

494 3570 660 3638 ῆλθεν
711 3573 820 3626 ἀπὸ
848 3575 944 3629 τοῦ
976 3575 1130 3644 άγίου
1159 3578 1342 3649 ὄρους,
1371 3581 1467 3633 καὶ
1486 3583 1585 3652 τὴν
1613 3584 1780 3654 μονὴν
1802 3585 1896 3639 τοῦ
1921 3589 2066 3641 Παν-

492 3663 828 3735 τοκράτορος
852 3665 1012 3720 ἔλαϐε
1044 3672 1416 3742 παρακινήσει
1460 3677 1555 3725 καὶ
1592 3678 1885 3747 συνεργείᾳ
1918 3680 2059 3752 tamn

497 3773 622 3827 μου,
679 3757 757 3820 ὡς
788 3759 838 3811 οί
890 3759 1090 3826 πάντες
1139 3764 1462 3832 ἠπίσταντο,
1506 3768 1599 3820 καὶ
1644 3770 1901 3841 συνάρσει
1962 3774 2062 3841 μέν

492 3849 713 3920 πρῶτον
746 3850 840 3905 τοῦ
875 3856 1316 3926 παντοκράτορος
1347 3859 1503 3925 Θεοῦ,
1536 3859 1728 3915 ἔπειτα
1768 3863 1824 3917 δὲ
1856 3866 2059 3938 σπουδῇ

494 3944 589 3996 καὶ
628 3946 916 4017 ἐπιμελείᾳ
967 3950 1102 4017 ἐμοῦ
1130 3968 1187 4003 τε
1235 3953 1510 4018 κάκείνου,
1565 3956 1671 4008 πᾶν
1710 3958 1765 4009 εί
1806 3975 1859 4011 τι
1896 3959 2062 4013 καλὸν

493 4038 588 4090 καὶ
635 4040 773 4108 πρὸς
822 4043 1083 4094 σύστασιν
1129 4044 1223 4095 καὶ
1276 4045 1578 4113 εὐκοσμίαν
1623 4050 1704 4111 είς
1736 4050 1836 4120 τὴν
1887 4053 2060 4123 αὐτὴν

496 4133 665 4202 μονὴν
697 4134 1055 4204 προεχώρησε
1084 4152 1097 4166 ’
1132 4136 1227 4189 καὶ
1259 4137 1335 4207 τῷ
1385 4141 1531 4193 τέλει
1562 4140 1655 4194 τοῦ
1705 4142 1865 4213 ἔαρος
1894 4146 2059 4200 αὐτοῦ

491 4223 555 4294 δὴ
591 4226 682 4278 τοῦ
713 4227 864 4290 ἔτους
898 4224 1062 4296 ἦλθεν
1103 4230 1131 4281 6
1176 4231 1548 4302 Τουραχάνης,
1592 4237 1684 4288 καὶ
1721 4239 2059 4308 κατεχάλασε

492 4318 588 4369 καὶ
636 4317 715 4369 ἐτι
748 4318 809 4371 τὸ
846 4317 1160 4386 Ἐξαμίλιον
1202 4321 1296 4373 καὶ
1348 4322 1640 4379 θανατικδν
1670 4326 1753 4380 ὅτι
1798 4328 1935 4383 πολὺ
1977 4333 2058 4395 εἰς

489 4409 589 4478 τὴν
624 4411 841 4479 Πάτραν
876 4411 1114 4479 ἐγένετο.
2086 4405 2138 4461 ³)

1208 4505 1338 4575 υλβε.

561 4593 672 4645 Καὶ⁵
704 4596 771 4665 τῇ
825 4594 907 4648 λα’
950 4596 1314 4669 Ἰαννουαρίου
1369 4600 1462 4655 τοῦ
1511 4611 1567 4671 μ’
1614 4606 1770 4670 ἔτους
1820 4607 2058 4677 ὁρισθεὶς

490 4684 734 4753 ἀπῆλθον
759 4687 1177 4759 ἀποκρισιάριος
1211 4693 1290 4755 είς
1321 4709 1380 4746 τε
1405 4694 1496 4748 τὸν
1527 4695 1751 4764 βασιλέα
1792 4698 1928 4769 (καὶ)
1961 4698 2055 4766 ἀφ’

490 4778 550 4831 οὗ
590 4779 682 4831 καὶ
712 4777 771 4831 τὸ
805 4780 898 4833 τοῦ
930 4781 1430 4854 πρωτοϐεστιαρίου
1474 4787 1592 4840 τότε
1624 4789 1875 4858 όφφίκιον
1905 4788 2053 4863 [158]

488 4870 859 4941 εὐεργετηθῶ,
894 4873 975 4935 είς
1000 4872 1091 4925 τὸν
1121 4874 1347 4944 ἀμηρᾶν
1373 4892 1387 4907 ·
1450 4879 1509 4930 ἐν
1537 4874 1581 4947 ᾧ
1625 4879 1736 4933 ἔτει
1769 4882 1913 4935 κατὰ
1963 4883 2054 4935 τὸν

487 4961 737 5045 Μάρτιον
780 4963 927 5033 μῆνα
966 4966 1116 5033 καὶή
1157 4967 1424 5040 ἐναλλαγὴ
1467 4972 1574 5024 τῶν
1612 4973 1789 5027 τόπων
1815 4975 2057 5045 ἀμφοτέ-

489 5070 599 5124 ρων
626 5042 737 5107 τῶν
765 5056 1009 5126 ἀδελφῶν
1043 5060 1138 5112 καὶ
1175 5059 1447 5115 δεσποτῶν
1482 5064 1589 5133 κύρ
1638 5042 2054 5120 Κωνσταντίνου

484 5147 580 5198 καὶ
609 5148 777 5217 κυροῦ
808 5148 981 5218 Θωρᾶ
1014 5152 1253 5217 ἐγένετο,
1300 5153 1393 5207 καὶ
1422 5156 1449 5207 6
1483 5156 1584 5224 μὲν
1622 5158 1800 5229 ἀπῆρε
1844 5160 1912 5213 τὰ
1941 5162 2056 5214 Κα-

485 5233 727 5305 λάϐρυτα
776 5239 870 5291 καὶ
901 5240 1076 5293 πάντα
1110 5241 1177 5295 τά
1210 5244 1389 5297 ἐκεῖσε
1415 5245 1510 5298 τοῦ
1552 5248 1659 5318 κύρ
1693 5248 1868 5317 Θωμᾶ
1891 5267 1904 5281 ·
1937 5252 1964 5302 6
1995 5250 2063 5304 δὲ’

486 5327 648 5381 πάλιν
674 5328 774 5401 τὴν
817 5329 1158 5399 Γλαρέντζαν
1188 5333 1282 5387 καὶ
1311 5333 1377 5387 τὰ
1426 5336 1553 5407 περὶ
1582 5337 1681 5408 τὴν
1726 5338 2052 5409 Ἀνδροῦσαν

482 5419 681 5473 πάντα.

1200 5517 1335 5585 uxr.

554 5604 664 5655 Καὶ
689 5604 766 5673 τῷ
808 5612 899 5671 μα’
937 5604 1047 5659 ἔτει
1096 5608 1356 5677 τέθνηκεν
1388 5612 1420 5681 ἡ
1448 5612 1540 5666 τοῦ
1588 5614 1915 5669 Μαλατέστα
1951 5615 2053 5686 μὲν

484 5690 754 5762 θυγάτηρ,
787 5694 926 5766 γυνὴ
950 5695 1006 5749 δέ
1035 5696 1129 5751 τοῦ
1157 5698 1418 5753 δεσπότου
1440 5703 1629 5772 κυρίου
1650 5703 1929 5775 Θεοδώρου
1954 5706 2048 5759 τοῦ

2178 440 2271 494 τοῦ
2302 442 2574 496 Ζωοδότου
2608 446 2767 514 μονῇ.

2896 536 3022 593 υλδν.

2245 631 2356 683 Καὶ
2389 630 2468 697 τῷ
2518 628 2605 697 μβ⁹
2649 630 2757 683 ἔτει
2796 630 3156 700 Ἰαννουαρίου
3208 634 3253 698 ζ’
3287 637 3442 689 πάλιν
3488 640 3692 706 ἐπῆλθον

2172 721 2595 791 ἁποκρισιάριος
2655 723 2734 782 εἴς
2783 740 2842 776 τε
2888 725 2979 777 τὸν
3019 725 3273 777 ἀντώνιον
3325 730 3429 780 καὶι
3466 731 3695 800 αὐθέντην

2172 813 2281 865 τῶν
2337 813 2601 881 Ἀθηνῶν,
2634 816 2729 868 καὶ
2760 819 2839 879 εἰς
2866 818 2959 870 τὸν
2990 819 3234 886 ἀμηρᾶν,
3272 821 3361 871 καὶ
3395 822 3470 882 εἰς
3510 822 3592 873 τὸν
3616 827 3693 890 βα-

2174 904 2352 958 σιλέα·
2378 907 2433 958 ἐν
2522 907 2584 975 δὴ
2606 908 2971 978 Ἰαννουαρὶῳ,
2994 912 3059 979 τῇ
3087 910 3169 961 κθ¹
3192 910 3376 971 αὐτοῦ,
3401 915 3577 975 νυκτὶς
3591 916 3691 983 ὥρα

2173 996 2221 1067 γ’
2251 999 2598 1070 ἐπυρπόλησε
2627 1000 2720 1051 τον
2751 1001 2808 1053 ἐν
2842 1001 3171 1070 Βλαχέρναις
3204 1004 3280 1066 εἰς
3308 1005 3467 1071 ὄνομα
3490 1005 3572 1070 τῆς
3592 1006 3697 1058 Θεο-

2180 1092 2415 1161 μήτορο;
2439 1092 2742 1162 περικαλλῆ
2776 1095 2871 1146 καὶ
2904 1094 3047 1147 θεῖον
3071 1097 3198 1147 ναὸν
3230 1098 3307 1159 είς
3332 1098 3423 1165 τὴν
3452 1101 3697 1153 Κώνσταν-

2175 1182 2484 1235 τινούπολιν
2509 1198 2525 1215 ·
2550 1185 2687 1253 ὅπερ
2720 1186 3037 1255 ἀκηκόαμεν
3063 1189 3240 1240 ἐκεῖσε
3270 1191 3608 1259 ἀπερχόμενοι
3633 1196 3698 1254 εἰς

2174 1277 2266 1329 τὸν
2300 1278 2546 1347 ποταμὸν
2576 1280 2667 1332 τὸν
2716 1280 2927 1333 Μέστον
2983 1281 3381 1351 ὀνομαζόμενον
3417 1286 3475 1354 τῇ
3520 1292 3565 1337 α’
3591 1288 3699 1339 Φευ-

2178 1370 2458 1439 ρουαρίου,
2489 1371 2608 1442 ὥρᾳ
2651 1373 2793 1439 μετά
2823 1372 2916 1425 τὸν
2956 1374 3247 1442 έσπερινὸν
3276 1377 3372 1443 τῆς
3413 1376 3697 1445 δεσποτικῇ

2174 1462 2371 1532 ἐορτῆς
2416 1465 2517 1532 τῆς
2573 1463 2929 1535 ’Υπαπαντῆς
2959 1482 2973 1496 ο
3030 1468 3128 1519 καὶ
3188 1467 3538 1539 ἐλογισάμεθα
3591 1471 3697 1523 αὐτὸ

2175 1554 2389 1624 ψεῦδος,
2431 1556 2553 1609 ἐπεὶ
2584 1559 2612 1609 6
2642 1556 2880 1629 εἰρηκὼς
2901 1561 2998 1611 οὐκ
3031 1560 3304 1628 ἐγνώσθη.
3332 1563 3421 1613 καὶ
3442 1562 3696 1626 διελθόντες

2175 1649 2255 1711 είς
2297 1651 2359 1701 τὸ
2388 1650 2701 1719 ἔμπροσθεν
2749 1652 2917 1721 μονὰς
2950 1650 2988 1704 ε’
3038 1654 3134 1705 καὶ
3188 1653 3340 1705 οὐδὲν
3389 1656 3507 1725 περὶ
3539 1655 3694 1709 τούτου

2174 1740 2529 1803 ἀκούσαντες.
2594 1744 2657 1811 τῇ
2710 1746 2788 1805 εὶς
2840 1744 2930 1795 τὸν
2970 1744 3247 1797 Ῥεδεστὺν
3297 1743 3349 1809 ς’
3403 1750 3527 1815 μονῇ
3570 1748 3697 1815 ήμῶν

2172 1832 2445 1904 ἐμάθομεν
2476 1833 2628 1906 [159]
2660 1835 2814 1888 τοῦτο
2851 1837 3116 1907 ἀκριϐῶς,
3147 1839 3293 1899 ὅπως
3318 1838 3409 1892 καὶ
3430 1841 3576 1892 ὁπότε
3603 1841 3699 1907 ἐτέ-

2172 1944 2290 1981 νετο
2310 1943 2324 1958 ’
2359 1930 2497 1999 ὅπερ
2528 1929 2855 2000 παράδοξον.

2891 2021 3018 2075 υλε’.

2244 2116 2353 2168 Kal.
2392 2116 2469 2175 εἰς
2505 2112 2606 2177 τὰς
2636 2114 2811 2183 ἀρχὰς
2839 2113 2933 2165 τοῦ
2960 2113 3156 2181 θέρους
3190 2114 3286 2167 τοῦ
3322 2116 3409 2185 μγ¹
3430 2118 3569 2181 ἔτους
3591 2121 3698 2172 6::-

2171 2209 2298 2261 θανε
2328 2208 2421 2261 καὶ
2447 2211 2475 2262 6
2508 2209 2617 2260 τῶν
2646 2207 2890 2275 Ἀθηνῶν
2915 2210 3011 2261 καὶ
3036 2209 3234 2278 Θηϐῶν
3264 2206 3516 2281 αὐθέντης
3543 2212 3697 2280 κύριος

2182 2301 2468 2363 Ἀντώνιος
2520 2299 2939 2370 Ντελανζιόλης,
2981 2299 3076 2353 καὶ
3127 2300 3355 2372 ζητήσει
3388 2305 3487 2371 τῆς
3525 2304 3694 2355 ἐκείνου

2170 2393 2432 2462 γυναικὸς
2459 2394 2696 2462 ἐστάλην
2727 2392 2841 2460 ἐγὼ
2872 2395 3010 2462 μετά
3043 2394 3272 2465 ἐνόρκου
3304 2394 3695 2465 ἀργυροϐούλλου

2170 2485 2265 2537 καὶ
2297 2483 2512 2536 πολλῶν
2564 2485 2930 2554 στρατιωτῶν,
2968 2486 3053 2539 ἵνα
3095 2489 3402 2557 παραλάβω
3445 2488 3536 2558 τὴν
3571 2489 3698 2555 Ἀθή-

2169 2591 2289 2640 ναν,
2340 2574 2433 2626 καὶ
2466 2574 2625 2627 ἄλλον
2666 2574 2744 2636 είς
2779 2575 2873 2628 τὸν
2920 2575 3148 2645 Μορέαν
3196 2578 3335 2646 αὐτῇ
3383 2576 3528 2629 δώσω
3561 2575 3697 2627 τόπον

2167 2668 2364 2719 ὁπόσον
2388 2666 2481 2719 καὶ
2505 2667 2689 2719 ὁποῖον
2716 2666 2973 2735 φαίνηταί
3008 2684 3099 2734 μοι
3130 2685 3145 2698 ο
3175 2668 3533 2737 προλαϐόντος
3555 2668 3601 2719 δέ
3622 2664 3695 2717 τοῦ

2169 2758 2495 2828 Τουραχάνη
2536 2758 2628 2809 καὶ
2675 2757 2775 2827 τὴν
2805 2758 2995 2827 Θήϐαν
3035 2759 3486 2823 ἀποκλείσαντος,
3532 2759 3592 2828 ἢν
3620 2758 3697 2810 καὶ

2168 2850 2352 2920 ἀπῆρε
2398 2852 2537 2919 μετά
2567 2868 2719 2913 τινας
2762 2851 2994 2920 ἡμέρας.
3026 2852 3317 2919 ἄπρακτος
3361 2855 3573 2922 ἐγύρισα
3611 2849 3697 2904 ἀπὸ

2168 2942 2231 2993 τὸ
2296 2942 2401 3006 Ego:
2412 2942 2588 3011 μίλιον
2605 2941 2793 2996 τούτου
2831 2943 3221 3014 παραγγελίαν
3249 2945 3461 3015 ἔχοντός
3492 2959 3600 3014 μου.
3623 2940 3695 3001 Εἰς

2168 3031 2224 3084 δέ
2259 3032 2326 3085 τὰ
2355 3032 2629 3100 Στυλάρια
2664 3034 3056 3103 εὑρισκομένου
3092 3035 3194 3090 τοῦ
3223 3037 3481 3090 δεσπότου
3508 3036 3590 3090 καὶ
3614 3034 3695 3085 αὑ-

2170 3122 2354 3186 θεντός
2387 3140 2515 3193 μου,
2551 3125 2647 3178 καὶ
2672 3126 2740 3179 τά
2770 3129 2868 3196 τῆς
2902 3128 3295 3195 πραγματείας
3320 3128 3545 3198 κάτεργα
3571 3122 3693 3198 [1601

2168 3214 2431 3270 Βενετικά
2487 3215 2872 3285 ἐκδεχομένου,
2925 3219 3012 3274 ῖνα
3070 3222 3252 3289 ἐμϐὰς
3300 3224 3382 3287 είς
3432 3224 3524 3292 τὴν
3572 3220 3695 3275 πόλιν

2167 3308 2402 3381 ἀπέλθῃ,
2438 3308 2548 3363 ἰδοὺ
2595 3311 2751 3378 κάγὼ
2798 3304 3081 3381 ἄπρακτος
3119 3313 3358 3382 ἔφθασα.
3405 3316 3507 3368 Καὶ
3551 3313 3691 3382 ἐμϐὰς

2170 3403 2326 3470 κάγὼ
2354 3402 2730 3474 ἀπερχόμεθα,
2760 3404 2855 3458 καὶ
2885 3405 2966 3467 είς
2992 3405 3091 3475 τὴν
3124 3406 3371 3477 Εὐριπον
3413 3407 3689 3477 φθάσαντες,

2166 3495 2337 3563 ἐφάνη
2387 3494 2574 3557 καλὸν,
2610 3496 2705 3548 καὶ
2740 3496 2971 3564 ἐστάλην
3017 3498 3098 3560 είς
3132 3501 3230 3552 τὸν
3276 3500 3602 3570 Τοοραχάνην
3622 3498 3683 3556 εἰς

2166 3588 2265 3657 τὴν
2291 3589 2477 3655 Θήϐαν
2510 3589 2921 3659 εὑρισκόμενον,
2958 3592 3050 3643 καὶ
3070 3591 3173 3662 τὴν
3202 3593 3449 3646 δουλείαν
3479 3596 3563 3661 τὴν
3588 3589 3690 3657 περὶ

2164 3680 2266 3748 τῆς
2310 3681 2541 3750 Ἀθήνας
2576 3682 2936 3749 ἐδηλοποίησα
2971 3684 3158 3749 αὐτῷ·
3196 3686 3293 3737 καὶ
3322 3679 3693 3754 ἐπληροφόρησέ

2169 3789 2258 3842 μοι
2294 3772 2414 3840 μεθ’
2447 3773 2633 3843 ὅρκου,
2670 3775 2750 3826 ὃτι
2783 3776 2882 3827 Δια
2918 3775 3016 3845 τὴν
3044 3776 3185 3845 πρὸς
3215 3777 3308 3831 τὸν
3334 3778 3583 3843 δεσπότην
3619 3774 3695 3827 καὶ

2166 3865 2226 3917 σὲ
2278 3866 2615 3935 ἐγνωριμίαν
2651 3868 2745 3920 καὶ
2802 3867 3043 3936 ἀγάπην,
3090 3870 3277 3934 καλῶς
3321 3871 3412 3925 καὶ
3442 3868 3695 3940 προθύμως

2163 3956 2333 4028 ἧθελα
2364 3959 2747 4030 παραχωρήσῃ
2780 3958 2864 4011 ἵνα
2896 3960 3112 4030 πραχθῇ
3142 3962 3324 4025 τοῦτο,
3357 3964 3420 4016 ἂν
3448 3961 3556 4031 εῐχα
3578 3959 3694 4022 ἐξεύ-

2164 4064 2279 4115 ρειν
2310 4065 2363 4099 τι
2411 4048 2520 4115 πρὸ
2550 4047 2640 4101 τοῦ
2691 4047 2929 4112 ἐξελθεῖν
2984 4067 3049 4116 με
3076 4050 3185 4103 ἀπὸ
3216 4052 3278 4104 τὸ
3329 4053 3574 4120 δσπήτιόν
3614 4065 3697 4117 μου

2164 4138 2257 4193 καὶ
2292 4137 2472 4191 ἐλθεῖν
2501 4138 2736 4192 ἐνταῦθα
2761 4156 2775 4172 ο
2811 4141 2933 4192 ἐπεὶ
2973 4142 3192 4211 ὁρισμῷ
3223 4144 3318 4196 τοῦ
3352 4145 3575 4213 μεγάλου
3620 4142 3697 4195 αὐ-

2165 4231 2349 4293 θεντδς
2379 4232 2531 4284 οὐδὲν
2563 4232 2797 4301 ἐποίησα
2834 4231 2994 4286 τοῦτο
3018 4246 3031 4263 '
3062 4237 3155 4288 καὶ
3203 4236 3583 4305 εὑρισκομένου
3612 4249 3696 4299 μου

2165 4323 2245 4393 (ἐν
2275 4326 2339 4393 τῇ
2372 4323 2541 4394 οἰκίᾳ)
2567 4323 2710 4394 εἶχον
2736 4322 2904 4379 πολλὰ
2938 4327 3331 4395 σκεπάσματα,
3369 4330 3460 4382 νῦν
3486 4327 3537 4381 δὲ
3562 4324 3699 4378 πλέον

2166 4415 2461 4484 σκέπασμά
2485 4433 2537 4468 τι
2560 4417 2657 4469 οὐκ
2687 4416 2793 4486 ἔχω
2821 4431 2833 4447 ·
2873 4417 3299 4489 φιλοφρονηθεὶς
3344 4420 3411 4474 δὲ
3432 4418 3697 4488 φιλοτίμως

2166 4504 2297 4570 παρ’
2349 4506 2559 4558 ἐκείνου
2608 4509 2702 4560 καὶ
2744 4509 2872 4569 τοὺς
2925 4510 3074 4572 υἱοὺς
3124 4512 3292 4564 αὐτοῦ
3353 4514 3594 4580 φέροντος
3633 4509 3700 4568 εἰς

2166 4599 2539 4669 προσκύνησιν
2569 4619 2672 4669 μου
2709 4603 2803 4655 καὶ
2844 4605 3182 4673 παραδόντος
3234 4608 3427 4671 αὐτοὺς
3464 4607 3584 4675 πρὸς
3615 4604 3697 4671 ἐμὲ

2164 4694 2259 4746 καὶ
2288 4692 2381 4746 τὸν
2412 4693 2679 4765 αὐθέντην
2707 4715 2833 4766 μου,
2865 4697 2923 4761 ἐξ
2947 4692 3021 4751 ὧν
3046 4695 3113 4770 ἦν
3142 4702 3237 4753 καὶ
3263 4706 3291 4753 6
3321 4703 3413 4755 νῦν
3444 4703 3594 4761 πολὺς
3618 4697 3698 4750 καὶ

2166 4782 2341 4851 μέγας
2388 4784 2655 4855 Ἀμάρης.
2695 4790 3073 4860 ἐπανέστρεψα
3106 4793 3362 4845 κάκεῖθεν
3409 4793 3694 4860 ἄπρακτος·

2163 4876 2256 4928 καὶ
2286 4875 2409 4929 ἐπεὶ
2438 4876 2804 4947 προλαϐόντες
2836 4881 2884 4933 οί
2916 4883 2974 4934 ἐν
3002 4883 3080 4952 τῷ
3104 4884 3330 4953 Εὐρίπῳ
3358 4884 3629 4946 ἐσήκωσαν
3648 4877 3697 4929 τὸ

2158 4969 2442 5039 γεοφύριν,
2477 4971 2573 5035 καὶ,
2604 4971 2876 5033 ἀκουσίως
2910 4974 3207 5042 ἐμείναμεν
3251 4975 3335 5035 εἰς
3368 4974 3462 5034 τάς
3488 4972 3582 5035 ἔξω
3614 4966 3695 5021 τοῦ

2157 5062 2430 5131 γεοφύρου
2453 5048 2680 5133 πέτρας,
2703 5062 3094 5132 διεϐιϐἀσαμεν
3123 5060 3216 5117 οὖν
3242 5064 3495 5133 τοιαύτην
3515 5063 3695 5114 νύκταν

2157 5156 2263 5208 ἀπό
2294 5172 2352 5207 τε
2387 5155 2611 5222 κρύους,
2642 5154 2723 5207 κθ¹
2751 5150 2820 5224 ἦν
2850 5155 2943 5208 τοῦ
2974 5156 3310 5223 Αὐγούστου,
3356 5157 3461 5210 ἀπό
3489 5172 3547 5208 τε
3589 5151 3695 5205 πείο

2155 5263 2250 5307 νας
2301 5247 2410 5298 ἀπό
2436 5262 2497 5301 τε
2540 5246 2839 5316 ξηρότητος
2868 5246 2978 5299 τῶν
3027 5248 3264 5315 πετρῶν,
3316 5246 3424 5299 ἀπό
3451 5261 3507 5297 τε
3547 5239 3692 5310 φόϐον

2154 5340 2250 5393 καὶ
2281 5337 2532 5389 κλεπτῶν
2563 5338 2670 5389 τῶν
2704 5340 2811 5389 ἀπὸ
2836 5338 2929 5390 τοῦ
2965 5339 3217 5405 φωσὰτου
3247 5337 3344 5392 τοῦ
3372 5335 3692 5406 Τουραχάνηι

2152 5432 2242 5484 διὰ
2272 5431 2338 5484 τὰ
2375 5426 2497 5496 ξένα
2534 5433 2722 5499 ἄλογα,
2760 5431 2912 5504 [161]
2940 5432 2975 5487 ἃ
3004 5435 3109 5486 ἀπὸ
3142 5435 3267 5496 τούς
3305 5435 3363 5485 ἐν
3395 5433 3469 5502 τῷ
3500 5430 3695 5496 κάστρῳ

2155 5525 2569 5594 ἐδανεισάμεθα,
2608 5528 2689 5579 ὅτι
2728 5526 3001 5596 παροιμία
3038 5528 3255 5595 ἐγένετο
3289 5527 3381 5580 ἐπὶ
3415 5522 3559 5590 κακῷ
3597 5520 3694 5577 τοῖς

2158 5612 2275 5683 μετ’
2327 5616 2462 5684 ἐμοῦ
2520 5616 2641 5668 τότε
2690 5612 2841 5669 οὖσιν
2897 5618 2980 5680 είς
3029 5619 3122 5671 τὸν
3160 5617 3453 5687 μετέπειτα
3496 5610 3689 5684 χρόνον·

2168 5706 2502 5773 ’Δναϐάντες
2552 5709 2646 5764 οὖν
2677 5711 2756 5774 είς
2808 5710 2874 5765 τὰ
2916 5710 3162 5781 κάτεργα
3210 5710 3303 5764 ἐπὶ
3350 5710 3447 5780 τὴν
3502 5703 3691 5773 οὔρων»
