3964 6188
292 232 430 300 ιυιδ

1537 202 1979 295 CHRONICON
2021 204 2162 296 Mm
2180 234 2294 297 US.

3412 229 3547 293 1046

283 353 350 420 τῇ
383 353 468 416 κγ’
505 345 597 401 τοῧ
628 344 965 414 Σεπτιδρίου
1002 345 1171 415 μηνὸς
1207 344 1301 400 τοῦ
1339 346 1435 416 μδκ
1456 346 1616 411 ἕ’ἓτθυς
1648 348 1727 411 είς
1756 348 1857 418 τὴν
1889 352 1928 407 Α
1960 351 2284 422 ἀπήλθομεν
2339 350 2456 404 κατ’
2510 350 2701 421 αὐτῆς,
2750 348 2992 417 γεγονὼς
3028 348 3085 402 δὲ
3127 347 3359 415 λεγάτος
3398 348 3548 416 παρά

288 436 864 495 Κωνσταντινούπολιν
898 436 1240 505 ἐφθάσαμεν.

362 537 373 545 ‘
1008 528 1067 580 υλ
1075 533 1150 591 ς’.

358 623 469 676 Καὶ
498 624 565 692 τῇ
613 627 693 675 κε’
723 619 975 688 Μαρτίου
1016 619 1112 673 τοῦ
1166 620 1332 674 αὐτοῦ
1374 621 1528 683 ἔτους
1578 616 1743 692 ἢλθεν
1790 623 1869 686 είς

284 714 385 783 τὴν
415 713 573 767 πόλιν
600 711 698 783 καὶ
723 713 756 783 ἡ
786 710 882 766 τοῦ
916 712 1381 783 Παρασπονδήλου
1414 712 1654 781 μεγάλου
1679 714 1871 773 δουκδς

287 805 571 873 θυγατέρα
627 802 775 871 Ζωὴ,
836 804 977 872 μετά
1028 804 1302 873 κατέργου
1362 802 1648 874 βασιλικοῦ
1677 846 1691 870 ,
1733 805 1870 859 ὀποῦ

287 900 492 967 ἐστάλη
527 898 668 968 μετά
714 897 1084 965 Παλαιολόγου
1113 897 1209 951 τοῦ
1253 897 1537 969 Μανουὴλ,
1564 899 1652 953 ἵνα
1687 898 1871 968 φέρω-

290 1009 381 1045 σιν
416 991 613 1060 αὐτήν·
645 991 715 1061 ἢν
762 990 828 1060 δὴ
873 992 970 1044 καὶ
1001 990 1143 1059 μετά
1177 1008 1328 1055 τινας
1362 988 1578 1061 ἡμέρας
1602 990 1869 1061 εὐλογήθη

172 1123 177 1128 .
286 1080 465 1151 αὐτὴν
489 1082 519 1133 6
553 1080 823 1151 δεσπότης
859 1080 968 1149 κύρ
998 1080 1311 1150 Δημήτριος
1337 1096 1352 1110 ·
1387 1079 1508 1149 μεθ’
1540 1079 1601 1134 06
1637 1080 1701 1151 δὴ
1739 1096 1873 1134 κατ-

287 1177 457 1244 έργου
512 1169 681 1245 ἦλθεν
731 1175 815 1236 είς
869 1173 973 1243 τὴν
1033 1172 1192 1227 πόλιν
1238 1174 1333 1226 καὶ
1386 1175 1415 1226 ό
1460 1173 1732 1241 δεσπότης
1764 1174 1872 1244 κύρ

285 1267 590 1335 Θεόδωρος,
620 1266 709 1319 ῖνα
746 1264 952 1328 ἐκεῖνος
982 1267 1066 1328 είς
1100 1264 1201 1327 τὴν
1239 1265 1395 1319 πόλιν
1427 1265 1750 1336 εὑρίσκηται
1777 1269 1873 1322 καὶ

228 1346 235 1353 ’
286 1359 535 1429 διάδοχος
562 1358 637 1422 ὡς
669 1357 921 1429 δεύτερος
953 1357 1178 1427 ἀδελφὸς
1218 1360 1316 1429 τῆς
1343 1358 1627 1429 βασιλείας
1651 1375 1666 1391 ⁸
1701 1359 1730 1413 6
1776 1360 1871 1414 καὶ

287 1451 320 1504 6
352 1450 606 1521 βασιλεὺς
629 1451 858 1520 ἔστεργε
888 1451 988 1520 μὲν
1018 1451 1116 1506 καὶ
1155 1452 1448 1516 ἀκουσίως,
1477 1453 1605 1507 ἐπεὶ
1635 1453 1730 1508 τὸν
1763 1453 1870 1524 κὺρ

289 1543 701 1597 Κωνσταντῖνον
728 1543 822 1597 16v
854 1542 1124 1614 αὐθέντην
1158 1561 1262 1614 μου
1314 1545 1578 1608 πολλάκις
1608 1562 1676 1614 με
1700 1544 1871 1614 ἔπλησ-

294 1636 570 1707 ροφόρησε
601 1637 696 1689 καί⁵
726 1636 966 1705 ἐνόρκως
994 1635 1071 1700 ὡς
1119 1639 1180 1690 ὲν
1223 1637 1510 1709 μυστηρίῳ
1539 1636 1732 1708 ἠγάπα
1775 1636 1871 1690 καὶ

289 1695 507 1798 ὴθὲλᾶνζ
560 1727 638 1790 ὥς
684 1729 779 1782 καὶ
817 1695 851 1780 '1
887 1695 1284 1797 λόγος’προῖῶν
1325 1695 1602 1797 δηῖώέτειΪ
1629 1728 1783 1782 Ἐπει
1816 1727 1873 1781 δι
1903 1695 1947 1750 ⁸

289 1818 466 1881 οὕτως
512 1818 1003 1889 παρηκολούθησεν
1030 1855 1049 1881 ,
1101 1820 1438 1885 ἐσπούδαζεν
1493 1814 1580 1875 {vi
1640 1820 1721 1885 είς
1777 1822 1871 1874 τὸν

293 1908 508 1980 Μορέαν
528 1910 622 1964 καὶ
643 1910 771 1975 τοὺς
796 1911 947 1978 τρεῖς
973 1909 1170 1974 ἄλλους
1197 1910 1461 1979 ἀδελφοὺς
1488 1911 1869 1985 ῖίγιιατοιιιίσῃ⁹

293 2007 323 2058 ό
370 2003 503 2071 γοῦν
533 2003 799 2075 αὐθέντης
846 2019 951 2073 μου
999 2003 1165 2057 πάλιν
1199 2006 1229 2057 ό
1274 2004 1546 2067 δεσπότης
1581 2004 1687 2074 3169
1714 2004 1872 2058 Kmv-

297 2098 575 2158 σταντῖνος
603 2096 743 2166 μετά
771 2094 868 2148 τοῦ
902 2095 1140 2165 ἀδελφοῦ
1170 2097 1338 2150 αὐτοῦ
1370 2099 1540 2169 κυροῦ
1572 2097 1743 2167 Θωμᾶ
1772 2097 1870 2151 τοῦ

296 2189 556 2243 δεσπότου
586 2186 678 2259 (ἦν
711 2189 819 2260 γάρ
849 2191 930 2252 είς
956 2190 1057 2260 τὴν
1082 2191 1240 2244 πόλιν
1264 2192 1386 2262 μεθ’
1408 2192 1567 2263 ήμῶν
1591 2195 1619 2247 6
1651 2192 1870 2264 πρῶτος

295 2277 479 2349 ἄρχων
505 2278 601 2332 106
629 2279 893 2350 όσπητίου
916 2281 1335 2335 ἔκείνουῬαούλ
1363 2282 1585 2352 Μιχαὴλ
1611 2285 1639 2336 6
1676 2282 1871 2352 ⁹ῐσῆς),

298 2369 649 2436 ὲσπούδαζον,
702 2370 786 2424 ῐνα
835 2371 887 2425 οῖ
924 2370 1017 2425 δύο
1055 2371 1155 2441 μεν
1193 2375 1291 2426 σὺν
1343 2372 1421 2443 τῷ
1481 2372 1692 2442 βασιλεῖ
1719 2374 1873 2443 169(-

304 2477 545 2515 σκωνται
575 2462 655 2524 εις
705 2463 807 2531 τὴν
859 2463 1017 2519 πόλιν
1040 2505 1057 2530 ,
1091 2463 1245 2536 [162]
1276 2464 1426 2520 οὗτοι
1449 2465 1507 2520 δὲ
1552 2467 1601 2519 οί
1628 2466 1723 2520 δύο
1770 2467 1872 2520 αὐ-

302 2557 485 2610 θένται
523 2558 599 2619 είς
619 2556 713 2611 τὸν
736 2558 977 2629 Μορέαν·
1002 2558 1092 2612 διὰ
1111 2558 1315 2630 ταύτην
1337 2559 1401 2631 δὴ
1434 2559 1536 2630 τὴν
1565 2560 1748 2615 αἰτίαν
1776 2561 1875 2616 καὶ

300 2647 393 2702 τὸν
444 2648 660 2703 Ἰούνιον
682 2650 779 2704 τοῦ
822 2650 989 2706 αὐτοῦ
1016 2652 1168 2716 ἔτους
1199 2654 1352 2722 διέϐη
1380 2653 1489 2707 ἀπὸ
1519 2653 1634 2724 ’τῆς
1664 2654 1875 2718 πόλεως

298 2741 381 2804 εἰς
409 2740 501 2794 τὸν
551 2742 772 2813 Μορέαν
804 2743 831 2796 6
874 2742 1143 2815 δεσπότης
1181 2746 1289 2815 κύρ
1336 2746 1754 2809 Κωνσταντῖνος
1798 2745 1877 2811 ὡς

299 2833 480 2900 φυγάς
523 2833 662 2903 μετὰ
692 2833 973 2888 Δαλιὼτου
1000 2835 1097 2888 καὶ⁵
1122 2833 1233 2903 ἐγὼ
1266 2837 1503 2907 ἐστάλην
1532 2836 1664 2908 παρ’
1706 2836 1875 2911 αὐτοῦ

295 2927 378 2986 εἰς
421 2925 513 2977 16v
558 2926 785 2995 ἀμηρᾶν
833 2925 924 2979 διὰ
966 2925 1175 2998 ταύτην
1220 2928 1285 2997 δὴ
1333 2928 1434 2997 τὴν
1467 2929 1741 2999 δουλείαν,
1785 2930 1876 2985 ῐνα

296 3016 461 3070 αὐτὸν
490 3017 632 3087 ὑπὲρ
668 3017 880 3072 ἑαυτῶν
909 3018 1098 3090 ἔχωσι·
1132 3021 1226 3073 καὶ
1262 3021 1510 3091 ἀπῆλθον
1560 3025 1657 3079 καὶ
1691 3023 1877 3088 καλῶς

295 3109 630 3180 ιξικονόμησα
659 3110 745 3163 ’τά
790 3110 1209 3183 ἀνατεθειμένα,
1263 3115 1356 3166 καὶ
1398 3114 1488 3168 διά
1516 3114 1615 3183 τῆς
1645 3117 1876 3187 στερεᾶς

299 3205 384 3267 είς
413 3204 509 3256 16v
538 3204 761 3274 Μορέαν
791 3204 1026 3275 ἔφθασα·
1055 3205 1216 3279 εὖρον
1245 3207 1301 3260 δὲ
1326 3208 1453 3270 τοὺς
1489 3209 1754 3279 ἀδελφοὺς
1781 3213 1878 3269 καὶ

294 3295 567 3359 αὐθέντας
599 3296 823 3367 ἔχοντας
876 3298 1100 3370 ὄχλησιν
1129 3300 1310 3370 μάχης
1347 3301 1614 3371 μεγάλης·
1642 3306 1738 3358 καὶ
1767 3305 1877 3375 γὰρ

295 3385 533 3439 δπισθεν
562 3386 657 3440 τοῦ
677 3387 880 3457 Κυρίου
916 3391 1339 3444 Κωνσταντίνου
1365 3393 1461 3445 καί⁵
1480 3394 1742 3454 αὐθεντός
1773 3411 1874 3464 μου

298 3476 522 3540 σταλεὶς
562 3479 702 3547 μετὰ
741 3479 1013 3549 κατέργου
1047 3481 1145 3534 καὶ
1176 3482 1204 3534 6
1230 3481 1338 3552 3169
1366 3482 1639 3555 Θεόδωρος
1675 3486 1877 3557 ἐμάχε-

298 3583 366 3620 το
394 3570 505 3629 τοῖς
534 3568 684 3622 δυσὶν
713 3567 964 3638 ἀδελφοῖς
1004 3570 1195 3635 αὐτοῦ,
1229 3572 1306 3637 ὡς
1332 3576 1429 3627 καὶ
1457 3576 1730 3643 φωσάτων
1754 3595 1878 3631 συν-

299 3659 583 3729 αχθέντων
611 3661 697 3714 ἀπ’
728 3662 1062 3734 ἀμφοτέροις
1108 3666 1220 3727 τοῖς
1252 3666 1467 3734 μέρεσι,
1501 3668 1599 3721 καὶ
1638 3669 1880 3739 πολέμου

303 3754 537 3826 μερικοῦ
572 3755 738 3824 μέσον
769 3757 950 3811 αὐτῶν
982 3757 1293 3825 γεγονότος.

1040 3851 1175 3916 υλζ’.

375 3941 468 4012 Τῷ
524 3949 604 4013 με’
664 3943 776 3997 ἔτει
825 3944 920 3997 καὶ
969 3944 1411 4015 ἀποκρισιαρίων
1468 3944 1883 3998 ἀποσταλέντων

302 4036 462 4105 παρά
504 4036 602 4089 τοῦ
636 4036 927 4107 βασιλέως,
953 4032 1097 4107 ἦσαν
1144 4037 1201 4091 δὲ
1231 4038 1260 4089 6
1296 4034 1469 4100 ’καλὸς
1493 4037 1736 4107 κάγαθὸς
1765 4040 1887 4091 Διο-

303 4129 493 4191 νύσιος
536 4132 913 4201 ίερομόναχος,
945 4130 974 4182 6
1005 4128 1357 4201 χρηματίσας
1409 4130 1507 4183 καὶ
1553 4129 1886 4200 μητροπολί-

303 4239 407 4292 της
436 4222 688 4291 Σάρδεων
709 4262 726 4289 ,
758 4223 855 4275 καὶ
884 4222 1203 4285 Δυσύπατος
1233 4221 1530 4291 Γεὼργιος,
1565 4221 1665 4292 τὴν
1703 4222 1885 4292 μάχην

304 4314 419 4368 ἀπὸ
451 4315 654 4383 μέρους
708 4312 1136 4383 κατεπράῦναν’
1188 4312 1342 4376 τέλος
1387 4313 1444 4366 δὲ
1492 4300 1659 4366 πάλιν
1709 4311 1883 4367 ἄλλων

1905 3071 1953 3134 C

1970 446 2064 500 τοῦ
2096 446 2299 500 πάππα
2334 443 2594 509 Εὐγενίου
2622 441 2714 495 106
2747 441 3046 510 συγγενοῦς
3073 439 3260 503 αὐτοῦ,
3294 439 3389 491 καὶ
3417 438 3547 509 παρ’

1971 537 2180 592 ἐκείνου
2219 538 2316 590 καὶ
2360 532 2783 603 ἀπυκρισιάριος
2838 533 2919 594 είς
2979 530 3072 584 16v
3141 526 3390 596 βασιλέα.
3435 527 3547 580 Καὶ

1971 631 2035 699 τῇ
2065 629 2144 681 κδ’
2171 627 2268 680 τοῦ
2299 624 2462 680 αὐτοῦ
2494 625 2667 695 μηνὸς
2691 623 3025 691 Σεπτεϐρίου
3059 619 3428 688 ἀπεσώθημεν
3463 621 3546 674 εἰς

1969 723 2073 792 τὴν
2115 721 2305 775 πόλινο
2335 718 2483 792 [I76]
2517 720 2614 772 καὶ
2654 720 2719 787 τῇ
2755 715 2839 781 κζ’
2879 715 3191 784 Νοεμϐρίου
3240 711 3336 766 τοῦ
3374 710 3549 763 αὐτοῦ

1970 816 2128 878 ἔτους
2156 813 2308 882 διέϐη
2352 814 2381 865 6
2411 810 2666 881 βασιλεὺς
2697 810 2802 878 3169
2847 808 3109 877 Ἰωάννης
3140 804 3280 875 μετά
3314 803 3408 857 τοῦ
3444 819 3548 855 πα-

1969 908 2232 977 τριάρχου
2266 905 2358 958 καὶ
2379 902 2471 957 τοῦ
2493 902 2752 956 δεσπότου
2789 901 2896 969 κὺρ
2925 901 3263 969 Δημητρίου,
3288 895 3382 950 καὶ
3416 894 3548 947 πολ-

1970 999 2080 1052 λῶν
2110 998 2388 1069 ἀρχόντων
2414 995 2510 1063 τῆς
2543 992 2698 1066 [177]
2731 992 3038 1059 συγκλήτου
3069 991 3167 1042 καὶ
3215 989 3312 1057 τῆς
3346 988 3546 1051 ἐκκλη-

1973 1094 2093 1156 σίας
2149 1092 2244 1146 καὶ
2295 1090 2517 1143 πάντων
2567 1084 2755 1157 σχεδὸν
2814 1085 2925 1138 τῶν
2985 1072 3401 1153 μητροπολιτῶν
3451 1081 3547 1134 καὶ

1970 1183 2282 1240 ἐπισκόπων
2341 1182 2428 1236 διὰ
2496 1179 2597 1249 τὴν
2659 1178 3082 1248 μελετηθεῖσαν,
3115 1174 3190 1237 ὡς
3239 1173 3314 1242 μὴ
3347 1170 3546 1240 ὤφελε,

1972 1275 2209 1331 σύνοδον.
2251 1274 2362 1328 Καὶ
2393 1273 2454 1325 οὐ
2483 1272 2629 1339 λέγω
2661 1270 2821 1324 τοῦτο
2850 1268 2938 1324 διὰ
2972 1269 3042 1322 τὰ
3088 1268 3186 1335 τῆς
3222 1261 3553 1332 Ἐκκλησίας

1972 1369 2238 1438 δόγμοιτα⁸
2279 1364 2454 1419 ταῦτα
2499 1364 2610 1434 γὰρ
2667 1362 2800 1433 παρ’
2844 1361 3025 1425 ἀλλοις
3075 1359 3336 1426 ιδόθησαν
3367 1354 3551 1425 κρίνει

1971 1463 2120 1517 σθαι·
2158 1459 2281 1529 ἐμοὶ
2311 1459 2356 1512 δ’
2379 1457 2541 1527 ἀρκεῖ
2574 1457 2608 1526 ἡ
2642 1456 2886 1525 πατρική
2935 1472 3037 1524 μου
3078 1451 3300 1522 διαδοχὴ
3329 1451 3428 1512 τῆς
3460 1448 3550 1501 πί-

1973 1570 2166 1616 στεως,
2204 1550 2301 1604 καὶ
2332 1551 2416 1603 611
2440 1548 2701 1602 οὐδέποτε
2730 1547 2881 1619 παρά
2911 1562 3059 1608 τινος
3081 1545 3191 1598 τῶν
3220 1541 3315 1596 τοῦ
3351 1540 3550 1610 μέρους

1976 1651 2188 1704 ἐκείνου
2221 1646 2434 1717 ἤκουσα
2465 1646 2547 1699 ὅτι
2578 1643 2641 1697 16
2669 1644 2700 1712 ἡ
2712 1642 2832 1712 μῶν
2864 1638 3056 1701 κακὸν,
3085 1636 3221 1692 ἀλλά
3259 1632 3427 1687 καλὸν
3455 1633 3548 1685 καὶ

1974 1743 2222 1813 ἀρχαῖον,
2252 1739 2349 1792 καὶ
2392 1737 2455 1791 16
2501 1736 2729 1790 ἱκείνων
2755 1734 2818 1787 οὐ
2848 1727 3202 1797 κακον,ρλλά
3233 1726 3326 1780 κα)
3339 1726 3418 1779 όν·
3456 1725 3553 1778 καὶ

1973 1832 2039 1887 νά
2070 1832 2232 1896 είπω,
2265 1830 2367 1893 ὡς,
2386 1832 2445 1883 ἐν
2478 1827 2911 1897 παραδείγματι,
2957 1825 3040 1877 ὅτι
3093 1822 3197 1891 τὴν
3233 1821 3406 1889 μέσην
3434 1817 3554 1871 666v

1972 1923 2072 1992 τῆς
2101 1924 2332 1986 πόλεως,
2362 1921 2461 1990 τὴν
2512 1920 2777 1972 πλατεῖαν
2819 1917 2914 1970 καὶ
2966 1915 3305 1986 εὐρύχωρον,
3335 1907 3551 1980 διερχό-

1977 2014 2117 2084 μεθα
2152 2013 2382 2074 πολλοὺς
2414 2011 2645 2082 χρόνους
2695 2007 2836 2078 μετά
2873 2022 3062 2070 τινων,
3116 2005 3185 2058 δι’
3215 1999 3284 2071 ἧς
3327 2003 3555 2055 ῖκαταν-

1973 2107 2156 2178 τῶμεν
2188 2107 2271 2169 είς
2303 2104 2401 2176 τὴν
2432 2103 2613 2172 ἀγίαν.-
2650 2100 2877 2168 Σοφίαν,
2909 2094 3030 2152 εῖτα
3066 2097 3206 2164 μετά
3236 2110 3389 2157 τινας
3434 2110 3557 2146 και-

1980 2200 2106 2270 ροὺς
2138 2197 2343 2270 εὑρέθη
2372 2214 2444 2250 πα
2456 2194 2527 2266 ρόι
2568 2210 2735 2249 τινων
2760 2193 2858 2247 καὶ
2884 2191 3020 2261 ᾶλλη
3043 2189 3162 2251 ὁδὸς
3202 2185 3563 2247 καταντῶσα,’

1975 2291 2052 2355 ὡς
2086 2289 2327 2359 λέγουσι,
2367 2289 2466 2343 καλ⁸
2496 2285 2638 2358 αὐτὴ
2665 2287 2804 2348 ἐκεῖ,
2842 2285 2937 2338 καὶ
2984 2283 3050 2337 νά
3088 2280 3156 2351 μὶ
3178 2278 3555 2351 ’παροτρύνω-

1978 2400 2085 2447 σιν,
2111 2385 2194 2438 δτι
2235 2381 2392 2436 Ἐλθὲ
2431 2381 2528 2436 καὶ
2551 2381 2640 2435 διὰ
2666 2381 2769 2449 τῆς
2788 2378 2912 2433 6606
2943 2375 3171 2445 ταύτης,
3202 2368 3270 2447 ἦς
3299 2374 3556 2443 16909.n-

1976 2474 2072 2531 καὶ
2098 2474 2232 2545 γὰρ,
2262 2475 2310 2527 εί
2341 2472 2439 2526 καὶ
2485 2472 2635 2526 ἔστιν
2668 2471 2827 2533 αὐτη,
2852 2468 2992 2523 ὀποῦ
3020 2468 3258 2537 ἀπέρχῃ.
3289 2465 3428 2534 καλὴ
3464 2466 3560 2516 καὶ

1978 2568 2203 2638 ἀρχαία,
2255 2566 2351 2620 καὶ
2410 2566 2548 2635 ἡμῖν
2591 2562 2834 2634 ἀρχῆθεν
2888 2562 2986 2615 σὺν
3033 2561 3164 2630 ὑμῖν
3215 2560 3433 2628 γνωστὴ
3465 2560 3561 2610 καὶ.

1978 2659 2327 2730 διερχομένη,
2380 2656 2519 2711 ἀλλά
2566 2657 2659 2710 καὶ
2694 2655 2859 2725 αῦτη,
2891 2653 2960 2725 ἢν
2991 2653 3233 2724 εὕρομεν
3264 2653 3380 2714 νῦν,
3416 2650 3556 2716 καλή

1979 2751 2148 2806 ἐστιν.
2195 2747 2337 2817 Ἐγὼ
2365 2748 2423 2801 66
2475 2748 2541 2801 νά
2590 2745 2772 2800 ἀκούω
2823 2745 2974 2816 παρὰ
3007 2744 3107 2815 μὲν
3133 2744 3265 2807 τῶν,
3305 2743 3390 2797 ὅτι
3418 2740 3561 2812 καλὴ

1982 2848 2118 2912 ἔστι,
2161 2843 2313 2914 παρά
2362 2842 2419 2896 δὲ
2454 2840 2583 2906 τῶν,
2619 2841 2702 2894 ὅτι
2733 2839 2794 2893 οὐ
2834 2839 3001 2909 καλὴ,
3035 2838 3118 2892 διὰ
3167 2839 3221 2891 τί
3270 2838 3337 2891 νὰ
3393 2835 3562 2908 μηδὲν

1982 2934 2146 2999 εἴπω,
2178 2934 2315 2988 Μετ’
2341 2933 2572 3004 εἰρήνης
2624 2931 2719 2984 καὶ
2768 2930 2991 3000 ἀγάπης
3029 2926 3340 2998 ἀπέρχεσθε
3378 2926 3560 2987 καλῶς

1983 3027 2063 3087 είς
2110 3024 2211 3094 τὴν
2246 3022 2409 3092 ἁγίαν
2455 3021 2657 3091 Σοφίαν
2690 3062 2706 3088 ,
2748 3020 2943 3074 ὁπόθεν
2997 3018 3254 3089 βούλεσθε
3281 3035 3296 3050 ο
3348 3014 3461 3084 ἐγὼ
3501 3015 3560 3068 δὲ

1984 3117 2146 3172 πάλιν
2177 3116 2318 3170 θέλω
2346 3115 2658 3186 διέρχεσθαι
2693 3115 2782 3168 διά
2828 3115 2930 3185 τῆς
2978 3112 3123 3176 ὁδοῦ,
3179 3113 3247 3180 ἣν
3295 3110 3392 3162 καὶ
3438 3109 3559 3178 μεθ’

1982 3210 2138 3280 ὑμῶν
2174 3208 2343 3262 πολύν
2370 3214 2494 3261 τινα
2547 3207 2740 3278 χρόνον
2782 3205 3114 3277 διηρχόμην,
3148 3201 3303 3277 [178]
3335 3200 3434 3257 καὶ
3466 3219 3550 3256 κα·

1983 3302 2082 3375 λὴν
2114 3304 2285 3373 αὐτὴν
2317 3303 2411 3355 καὶ
2472 3305 2606 3370 παρ’
2664 3300 2820 3370 ὑμῶν
2867 3299 2965 3353 καὶ
2992 3297 3102 3351 τῶν
3136 3295 3423 3369 προγόνων
3456 3312 3561 3363 μου

1989 3395 2471 3467 μαρτυρουμένην.
2497 3394 2572 3447 Οὐ
2606 3391 2695 3446 διὰ
2718 3391 2924 3460 ταύτην
2951 3386 3046 3443 οὖν
3072 3386 3174 3459 τὴν
3199 3388 3378 3442 αίτίαν
3408 3384 3561 3441 εἷπον

1985 3486 2062 3550 ὡς
2116 3484 2192 3558 μὴ
2247 3483 2685 3554 ὤφελεν”οῆθελα
2716 3484 2825 3554 γὰρ
2880 3483 2946 3535 νὰ
2991 3476 3104 3550 εἶχε
3159 3482 3320 3550 γενῆν
3383 3478 3561 3540 καλᾶς

1983 3580 2174 3634 ἑνώσει
2206 3578 2316 3632 τῶν
2364 3578 2675 3648 ἐκκλησιῶν
2726 3578 2821 3630 καὶ
2852 3577 2919 3631 νά
2951 3577 3017 3646 μὲ
3069 3574 3254 3630 ἔλιπεν)
3282 3576 3310 3628 6
3341 3569 3422 3637 εἷς
3451 3574 3561 3627 τῶν

1981 3672 2278 3741 ὀφθαλμῶν
2313 3687 2437 3740 μου’
2467 3669 2606 3723 ἀλλά
2652 3670 2741 3721 διὰ
2794 3668 2885 3734 τίς
2951 3669 3075 3722 Ὅτι
3127 3665 3196 3735 ἦν
3225 3670 3325 3723 καὶ·
3351 3666 3491 3735 αὕτη
3526 3668 3558 3735 ἡ

1984 3752 2205 3823 σύνοδος
2245 3760 2458 3813 δουλεία
2489 3759 2641 3811 αίτία
2691 3758 2789 3829 μία
2840 3759 2937 3813 καὶ
2988 3757 3180 3830 πρώτη
3217 3758 3313 3811 καὶ
3345 3756 3559 3825 μεγάλη

1984 3854 2066 3918 είς
2094 3853 2153 3906 16
2185 3854 2250 3908 νά
2292 3853 2517 3925 γένηται
2568 3854 2600 3921 ὴ
2657 3852 2800 3904 κατά
2830 3851 2932 3921 τῆς
2961 3851 3172 3914 πόλεως
3202 3850 3313 3903 τῶν
3343 3849 3560 3903 ἀσεϐῶν

1983 3944 2171 4014 ἔφοδος
2201 3944 2294 3998 καὶ
2316 3943 2423 3996 ἀπὸ
2447 3942 2653 4014 ταύτην
2684 3941 2847 3995 πάλιν
2892 3942 2920 4011 ἡ
2953 3939 3241 4012 πολιορκία
3257 3939 3355 3993 καὶ
3383 3941 3416 4009 ἡ
3443 3941 3561 4010 αίχ-

1989 4037 2241 4108 μαλωσία
2277 4036 2375 4090 καὶ
2427 4036 2655 4105 τοιαύτη
2688 4038 2783 4089 καὶ
2818 4033 3059 4102 τὀσαύτη
3089 4032 3349 4103 συμφορά
3382 4031 3559 4101 ἡμῶν

1986 4127 2085 4180 καὶ
2112 4126 2384 4180 ἀκούσατε
2413 4126 2608 4194 λόγους
2637 4124 2858 4195 ἀληθεῖς
2885 4124 2983 4195 τὴν
3008 4121 3404 4193 αὐτοαλήθειαν
3434 4135 3556 4191 προ-

1989 4218 2291 4289 ϐαλομένου
2329 4236 2432 4289 μου
2494 4216 2825 4288 μαρτυρίαν.
2865 4211 3032 4273 Εἶπεν
3075 4218 3105 4269 ό
3138 4215 3380 4284 ἀοέδιμος
3412 4213 3558 4284 βασι·

1988 4311 2116 4374 λεὺς
2153 4309 2289 4382 πρὸς
2310 4309 2403 4363 τὸν
2437 4310 2553 4365 υίδν
2585 4309 2753 4363 αὐτοῦ
2774 4308 2868 4362 τὸν
2906 4308 3130 4379 βασιλέα
3160 4306 3266 4377 κύρ
3302 4307 3561 4372 Ἰωάννην

303 4405 576 4459 ἐλθόντων
624 4406 1066 4477 ἀποκρισιαρίων
1124 4405 1219 4459 106
1276 4404 1537 4475 βασιλέως
1580 4405 1887 4477 Γρηγορίου
1918 4401 1966 4462 D
1996 4403 2158 4475 μόνος
2193 4403 2330 4474 πρὸς
2374 4402 2557 4472 μόνον,
2601 4401 2901 4471 ἱσταμένου
2951 4404 3046 4455 καὶ
3082 4399 3220 4469 ἐμοῦ
3272 4399 3438 4470 μόνου
3471 4397 3557 4466 ἔμ-

308 4497 670 4567 ῖερομονάχου
709 4497 807 4552 καὶ
866 4496 1246 4567 πνευματικοῦ
1299 4497 1395 4549 106
1448 4499 1889 4566 χρηματίσαντος

307 4588 541 4659 ὕστερον
585 4590 683 4643 καὶ
718 4590 1058 4659 πατριάρχου
1096 4589 1762 4656 Κωνσταντινουπόλεως,
1793 4589 1891 4643 καὶ

306 4679 479 4734 αὐτοῦ
507 4681 573 4749 δὴ
608 4681 774 4735 πάλιν
816 4680 1093 4750 Γεωργίου
1122 4679 1214 4733 τοῦ
1254 4679 1578 4734 Δυσυπάτου
1608 4681 1891 4735 συνεϐίϐα-

311 4790 436 4835 σαν,
468 4774 555 4827 ῖνα
597 4777 626 4828 6
683 4775 782 4844 μὲν
829 4773 1097 4844 αὐθέντης
1152 4788 1254 4843 μου
1312 4771 1578 4844 δεσπότης
1610 4775 1714 4845 κὺρ
1745 4774 1892 4829 Κων-

310 4867 594 4930 σταντῖνος
643 4866 855 4941 ἀπέλθῃ
890 4865 983 4920 καὶ
1017 4865 1096 4919 ἔνι
1148 4867 1229 4928 είς
1267 4865 1359 4918 τὸν
1408 4865 1585 4929 πόλιν,
1622 4867 1651 4919 6
1689 4866 1747 4921 δὲ
1785 4869 1889 4940 3169

310 4958 592 5029 Θεόδωρος
647 4958 747 5012 καὶ
819 4958 927 5030 κὺρ
978 4958 1183 5028 Θωμᾶς
1240 4958 1290 5011 οί
1339 4956 1598 5012 δεσπόται
1654 4962 1733 5024 είς
1798 4961 1891 5017 τὸν

306 5049 549 5121 Μορέαν.

1033 5145 1171 5216 υλη’.

385 5236 541 5310 [165]
591 5239 703 5294 Καὶ
743 5242 809 5311 τῇ
841 5246 882 5293 ε’
913 5241 1250 5313 Σεπτεϐρίου
1285 5243 1379 5296 τοῦ
1424 5260 1511 5312 μς
1598 5240 1749 5304 ἔτους
1778 5240 1891 5294 616-

311 5329 493 5401 ϐημεν
522 5329 631 5384 ἀπὸ
663 5331 765 5401 τῆς
792 5332 1012 5403 Πάτρας
1060 5333 1149 5388 διὰ
1178 5334 1279 5404 τῆς
1303 5336 1530 5404 στερεᾶς
1555 5334 1636 5397 είς
1663 5334 1755 5385 τὸν
1788 5329 1891 5385 E6-

314 5438 496 5491 ριπον,
534 5422 676 5492 μετά
724 5422 820 5476 τοῦ
873 5423 1131 5489 αὐθεντός
1164 5442 1267 5495 μου
1299 5425 1461 5493 λέγω,
1500 5426 1594 5489 καὶ,
1618 5425 1887 5494 ὲσέϐημεν

314 5513 395 5574 είς
427 5512 697 5581 κάτεργον
728 5512 1015 5569 Βενετικὸν
1059 5516 1168 5569 άπὸ
1219 5516 1278 5569 16
1309 5514 1602 5569 καστέλλον
1644 5515 1744 5584 τῆς
1780 5513 1887 5566 Εὐ-

319 5604 507 5672 ρίπου,
558 5604 656 5675 τὴν
708 5591 1017 5677 Κάρυστονέ
1071 5608 1127 5659 ὲν
1151 5600 1195 5675 ᾧ
1245 5607 1310 5677 δὴ
1349 5607 1608 5677 κατέργῳ
1640 5601 1707 5676 ἦν
1740 5605 1834 5657 καὶ
1857 5604 1886 5656 6

317 5697 451 5751 ποτε
501 5695 599 5769 μὲν
659 5699 717 5755 6v
755 5701 822 5771 τῇ
884 5700 1069 5772 Πάτρᾳ
1120 5700 1414 5763 Κανονικὸς
1464 5700 1721 5770 Μάρκος,
1756 5697 1886 5750 ὅταν

1998 4496 2241 4566 προσθεν
2281 4493 2494 4557 αὐτῶν,
2531 4493 2868 4563 ἐμπεσόντος
2913 4493 3073 4562 λόγου
3120 4493 3247 4563 περὶ
3293 4493 3392 4563 τῆς
3444 4509 3564 4546 συν-

1942 4622 1947 4625 -
1999 4590 2141 4644 όδου·
2200 4589 2296 4642 Υίέ
2335 4605 2462 4659 μου,
2494 4586 2728 4657 βεϐαίως
2767 4586 2861 4639 καὶ
2900 4585 3113 4654 ἀληθῶς
3138 4584 3477 4653 ἐπιστάμεθα
3504 4586 3562 4638 ιν

2003 4684 2177 4754 μέσης
2207 4683 2306 4750 τῆς
2347 4679 2576 4750 καρδίας
2609 4677 2673 4750 δὴ
2714 4678 2823 4732 τῶν
2852 4678 3085 4740 ἀσεϐῶν.
3128 4677 3210 4730 ὅτι
3244 4676 3412 4729 πολλά
3441 4675 3562 4738 τούς

1999 4773 2176 4842 φοϐεῖ,
2215 4772 2290 4843 μὴ
2325 4770 2782 4840 συμφωνήσωμεν
2824 4769 2914 4822 καὶ
2974 4767 3266 4839 ἔνωθῶμεν
3322 4768 3388 4839 μὲ
3444 4769 3563 4830 τοὺς

1996 4864 2306 4933 Φράγκους·
2350 4861 2582 4934 ἡγοῦντο
2624 4861 2732 4932 γάρ
2793 4860 2875 4914 611
2916 4901 2931 4927 ,
2985 4859 3051 4914 ἃν
3103 4860 3264 4913 τοῦτο
3319 4860 3568 4931 γένηται,
3654 4900 3661 4905 .

1997 4956 2145 5009 θέλει
2176 4955 2341 5023 γενῆν
2396 4954 2538 5025 μέγα
2582 4970 2636 5006 τι
2695 4953 2865 5005 κακὸν
2905 4953 2985 5016 είς
3035 4952 3238 5015 αὐτοὺς
3267 4951 3423 5022 παρὰ
3460 4951 3569 5005 τῶν

1995 5049 2098 5118 τῆς
2133 5050 2351 5112 Δύσεως
2397 5046 2742 5118 Χριστιανῶν
2767 5061 2783 5079 ο
2813 5044 2881 5099 δι’
2906 5045 3054 5115 ἡμᾶς
3092 5044 3281 5098 λοιπὸν
3326 5045 3387 5098 16
3436 5045 3569 5114 περὶ

1996 5141 2097 5208 τῆς
2128 5140 2349 5205 συνόδου
2396 5138 2598 5207 μελέτα
2655 5137 2756 5209 μὶν
2798 5135 2931 5190 αὐτὸ
2981 5138 3076 5191 καὶ
3124 5135 3450 5200 ἀνακάτονε,
3473 5137 3570 5189 καὶ

1982 5233 2221 5305 ’μάλισθ’
2250 5234 2380 5287 ὅταν
2422 5231 2552 5304 ἔχῃς
2598 5228 2788 5302 χρείαν
2834 5228 2962 5284 τινὰ
3011 5229 3247 5299 φοϐῆσαι
3277 5227 3403 5291 τοὺς
3447 5230 3573 5281 άσε·

1999 5327 2134 5388 θεῖς·
2168 5325 2230 5378 16
2261 5324 2316 5377 δὲ
2361 5325 2425 5377 νά
2460 5325 2693 5396 ποιήσῃς
2725 5322 2916 5393 αὐτὴν,
2970 5319 3137 5392 μηδὲν
3191 5319 3581 5391 ἔπιχειρισθῇο

1999 5416 2152 5481 αὐτὸ,
2180 5417 2316 5469 διότι
2351 5415 2507 5469 οὐδὲν
2556 5416 2741 5486 βλέπω
2790 5418 2917 5478 τοὺς
2962 5413 3292 5484 ἡμετέρους,
3319 5414 3411 5467 ὅτι.
3429 5413 3570 5465 εἰσὶν

1998 5508 2252 5579 ἀρμόδιοι
2287 5505 2421 5576 πρὸς
2455 5502 2517 5557 16
2564 5505 2748 5574 εὐρεῖν
2784 5498 2907 5558 τινα
2955 5503 3157 5574 τρόπον
3203 5501 3451 5564 ἑνὼσεως
3474 5501 3567 5554 καὶ

1998 5601 2227 5670 εἰρήνης
2279 5600 2373 5652 καὶ
2416 5597 2671 5660 ὁμονοίας
2695 5635 2710 5660 ,
2739 5595 2888 5668 [179]
2917 5596 3031 5671 ἀλλ’
3063 5597 3147 5651 δτι
3179 5595 3244 5648 νά
3278 5595 3404 5657 τοὺς
3443 5597 3567 5646 ἑπι-

2001 5691 2271 5763 στρέψουν
2333 5688 2413 5751 είς
2456 5688 2513 5740 16
2565 5687 2632 5740 νὰ
2661 5687 2825 5756 ἐσμὲν
2871 5686 2943 5749 ὡς
2997 5685 3257 5757 ἀρχῆθενο
3292 5685 3487 5740 τούτου
3511 5683 3566 5736 δὲ

2988 5821 3013 5851 ο
