3920 6196
346 233 480 304 1049

1564 256 2010 321 CHRONICON
2050 262 2318 325 MINUS.
2390 304 2395 309 .

3451 264 3587 331 10ἶο

461 363 573 461 τίη
591 361 942 461 ξηλυμξρεαν
965 368 1060 422 καὶ
1087 369 1179 423 τὸν
1213 372 1404 443 πρώην
1433 372 1596 427 τόπον
1621 376 1785 429 αὐτοῦ
1816 380 1913 447 τὴν
1944 405 1987 461 Α
2017 380 2134 435 λιον
2165 379 2384 435 κτισθὲν
2424 379 2578 452 παρά
2604 378 2698 435 :06
2751 379 3006 444 ἀύθεντός
3048 396 3151 450 μου
3184 334 3290 434 καὶ
3318 378 3583 436 δεσπότου

338 456 702 527 Μεσημϐρίαν
729 458 826 512 καὶ
849 461 919 513 τά
943 463 1078 517 ἀλλα
1101 464 1208 528 ἔως
1223 467 1330 519 τῶν
1349 468 1570 538 Δέρκων
1587 470 1696 538 (διὰ
1720 472 1803 539 :0)
1820 474 1917 528 καὶ

335 548 417 610 είς
444 547 667 602 ἐλπίδαν
685 547 829 606 εἶναι
850 556 948 623 τῆς
970 554 1268 624 βασιλείας,
1283 558 1358 622 ὡς
1383 561 1574 630 ἠγάπα
1594 566 1621 615 0
1640 564 1910 632 βασιλεὺς,

333 639 516 691 ἐκεῖσε
561 641 981 713 εὑρισκόμενον·
1021 647 1051 702 δ
1094 650 1159 719 δὴ
1205 654 1388 717 καλῶς
1437 658 1844 727 ἀποδεξάμενος
1884 665 1913 716 0

339 727 615 825 βασιλεὺς,
645 737 739 788 τὸν
768 739 1131 813 Ἰαννουάριον
1163 746 1301 813 μῆνα
1323 750 1402 811 είς
1424 752 1522 820 τὴν
1550 753 1913 825 Μεσημϐρίαν

336 822 476 891 πρὸς
495 826 588 878 τὸν
618 828 887 901 δεσπότην
919 834 1027 906 κύρ
1053 839 1374 908 ’Δημήτριον
1399 844 1640 910 ἀπῆλθον
1657 862 1674 877 σ
1702 822 1910 912 ἐκεῖνος

339 917 396 970 δὲ
425 921 666 989 ἐνεργῶν
694 927 762 979 τά
794 928 936 982 κατὰ
992 931 1092 999 τῆς
1151 937 1360 1001 πόλεως
1419 940 1621 1006 μᾶλλον
1681 943 1753 995 τά
1787 943 1910 996 κατ’

331 1009 548 1067 ἐκείνου
591 1018 891 1089 ἀπέπεμψέ
931 1040 999 1092 με
1048 1026 1330 1096 ἄπρακτον
1350 1045 1365 1060 ·
1399 1033 1457 1084 ἐν
1485 1025 1530 1099 ᾧ
1560 1035 1692 1101 μηνὶ
1723 1035 1817 1087 καὶ
1849 1039 1908 1091 ἐν

334 1102 655 1178 ἀποπληξίᾳ
682 1110 832 1182 δεινῇ
865 1120 1182 1185 περιπεσὼν
1214 1122 1425 1177 Παῦλος
1460 1126 1487 1177 0
1522 1125 1756 1194 Ἀσάνης
1778 1128 1904 1182 ἐνα-

339 1196 581 1266 πέψυξεν
601 1216 614 1229 ·
640 1202 776 1272 ἐμοῦ
799 1206 854 1259 δέ
883 1209 1310 1279 ἐπιστρέψαντος
1338 1218 1419 1278 είς
1456 1216 1557 1285 τήν
1597 1218 1774 1283 πόλιν,
1811 1222 1907 1275 καὶ

334 1293 743 1360 προσμένοντος
795 1299 1012 1369 ὁρισμῷ
1042 1300 1137 1355 :06
1179 1302 1443 1372 βασιλέως
1486 1308 1625 1378 πρδς
1655 1311 1717 1362 :0
1781 1312 1904 1364 ἐπι-

327 1383 566 1452 στρέψαι
600 1389 683 1449 είς
711 1388 806 1442 τὸν
822 1391 1090 1463 αὐθέντην
1121 1412 1247 1458 μου,
1277 1399 1343 1465 τῇ
1357 1396 1442 1465 κγ’
1465 1400 1561 1452 :06
1590 1401 1902 1465 Ἀπριλλίου

329 1477 502 1542 μηνὸς
534 1478 628 1532 τοῦ
685 1482 850 1536 αὐτοῦ
881 1484 1063 1553 ἔτους,
1121 1488 1436 1558 ἐπηλάλησε
1468 1494 1607 1561 μετά
1642 1494 1903 1563 Τούρκων

327 1568 424 1620 καὶ
451 1569 748 1626 ἀπέκλεισε
770 1576 866 1628 καὶ
890 1577 1112 1649 ἔφθειρε
1141 1579 1210 1633 τὰ
1228 1582 1329 1650 τῆς
1358 1582 1569 1647 πόλεως
1594 1586 1620 1637 0
1637 1585 1903 1658 δεσπότης

326 1660 435 1731 κύρ
459 1663 796 1734 Δημήτριος,
827 1669 886 1722 έν
920 1661 964 1735 ᾧ
986 1668 1051 1740 δὴ
1083 1672 1215 1741 μηνὶ
1253 1671 1349 1726 καὶ
1398 1674 1581 1745 ήμέρᾳ
1631 1676 1900 1746 ἐγεννήθη

323 1754 672 1859 αὐτῷααίή
701 1758 946 1859 θυγάτηρ
987 1764 1154 1818 αὐτοῦ
1182 1780 1198 1796 ⁹
1230 1768 1323 1821 καὶ
1371 1766 1463 1821 τὸν
1493 1767 1718 1822 Ἰούλιον
1753 1770 1899 1839 μῆνα
1932 1802 1972 1859 Β

320 1850 419 1901 :06
446 1848 615 1903 αὐτοῦ
646 1850 802 1916 ἔτους
834 1851 1013 1927 [195],
1049 1858 1350 1928 ἐρχομένου
1386 1860 1480 1913 :06
1499 1862 1760 1926 αὐθεντός
1796 1881 1899 1933 μου

328 1943 428 1995 καὶ
446 1942 719 1999 δεσπότου
751 1948 859 2017 κύρ
908 1948 1329 2006 κωνσταντίνου
1369 1954 1453 2017 εἰς
1513 1954 1767 2024 βοήθειαν
1795 1954 1901 2024 τῆς

329 2034 557 2101 πόλεως,
604 2040 699 2092 καὶ
729 2039 817 2094 διὰ
842 2041 943 2109 τῆς
988 2043 1305 2114 Μιτυλήνης
1333 2045 1636 2109 διελθόντος
1666 2048 1762 2101 καὶ
1803 2048 1901 2100 λα-

320 2126 509 2190 ϐόντος
539 2130 636 2183 καὶ
656 2130 757 2201 τὴν
792 2133 957 2187 αὐτοῦ
996 2137 1235 2203 γυναῖκα
1263 2137 1365 2206 τὴν
1426 2137 1769 2208 βασίλισσαν,
1816 2142 1897 2203 είς

315 2221 419 2287 τήν
441 2222 663 2291 Λῆμνον
701 2220 835 2295 ἦλθε
854 2242 869 2254 ·
890 2226 985 2281 καὶ
1014 2228 1331 2299 εὑρεθέντος
1362 2231 1543 2286 ἐκεῖσε
1579 2232 1895 2302 ἐπολεμήθη

315 2317 402 2374 εἰς
434 2314 527 2367 τὸν
561 2315 838 2386 Κότζηνον
884 2320 1099 2389 ἡμέρας
1160 2320 1363 2383 πολλὰς
1407 2323 1514 2374 ὐπ’)
1566 2322 1662 2375 τοῦ
1702 2323 1894 2376 στόλου
1940 2347 1949 2355 ·

313 2407 518 2471 παντὲς
548 2408 656 2461 τῶν
686 2409 947 2479 Τούρκων
966 2426 981 2441 ’
1011 2411 1342 2478 ἀπελθόντος
1389 2413 1435 2467 δ’
1465 2416 1754 2483 ἀπράκτου
1798 2415 1893 2470 :06

316 2498 511 2551 στόλου
544 2498 773 2571 βοηθείᾳ
800 2500 937 2554 Θεοῦ
963 2502 995 2571 ή
1030 2502 1324 2572 βασίλισσα
1351 2504 1460 2557 ἀπὸ
1496 2506 1597 2572 τῆς
1624 2506 1894 2574 περιστά-
1976 2568 1983 2577 ο

315 2605 456 2651 σεω..
532 2589 886 2662 ἀσθενήσασα
944 2592 1039 2645 καὶ
1094 2593 1457 2663 ἐκτρωθείεα,
1523 2593 1617 2647 τὸν
1674 2594 1891 2663 Αὐγου-

315 2698 443 2735 στον
493 2682 589 2737 :06
649 2684 815 2740 αὐτοϋ
870 2685 1026 2749 ἔτους
1090 2687 1172 2749 εις
1219 2688 1281 2740 :0
1315 2687 1763 2757 Παλαιόκαστρον
1796 2688 1891 2743 τοῦ

310 2775 482 2830 αὐτοῦ
534 2776 721 2845 νησίον
749 2778 852 2849 τῆς
874 2779 1098 2849 Λήμνου
1145 2781 1385 2835 ἀπέθανε
1418 2782 1515 2835 καὶ
1549 2782 1745 2853 ἐτάφη.

1044 2880 1194 2931 υμγ’.

1044 2891 1075 2925 υ
1158 2890 1194 2931 '.

384 2960 499 3013 Καὶ
532 2962 599 3034 τῇ
630 2958 696 3014 ιδ’
753 2962 850 3015 τοῦ
896 2890 1232 3034 Σεπτεὲἔίου
1276 2969 1445 3036 μηνὸς
1475 2967 1567 3022 :06
1625 2977 1704 3024 va.’
1736 2970 1891 3035 ἔτους

309 3055 579 3126 ἐγεννήθη
613 3073 704 3126 μοι
731 3058 759 3111 0
791 3057 978 3129 ἔτερος
1007 3060 1123 3123 υίὸς
1148 3059 1392 3127 Ἀλέξιος
1419 3078 1432 3093 ·
1469 3064 1563 3118 καὶ
1591 3066 1683 3118 τὸν
1707 3065 1889 3135 Νοέμ-

2014 474 2093 543 τῷ
2123 475 2451 544 παρελθόντι
2485 474 2667 544 καιρῷ
2700 474 2794 529 τοῦ
2817 474 3000 545 ἔαρος.
3026 474 3339 537 Φθάσαντός
3371 490 3471 543 μου
3489 470 3585 527 οὖν

2015 567 2096 628 είς
2116 567 2210 619 τδν
2243 566 2569 637 Μυζηθρᾶν,
2602 567 2740 636 μετά
2770 584 2925 630 τινας
2957 567 3177 636 ἡμέρας
3237 566 3446 634 ὀλίγας,
3486 567 3582 619 :06

2015 658 2380 726 καρδηναλίου
2411 660 2507 712 καὶ
2537 658 3065 727 βιζεκαγκελλαρίου
3098 660 3193 712 καὶ
3217 659 3452 725 λεγάτου
3479 677 3583 712 κα-

2014 749 2234 803 θολικοῦ
2261 750 2355 804 τοῦ
2384 752 2544 805 πάπα
2581 753 2967 821 ἀπερχομένου
3019 752 3157 819 μετά
3192 751 3402 805 πολλῶν
3455 769 3586 803 κατ-

2014 844 2195 911 έργων
2222 846 2303 905 είς
2335 844 2438 915 τήν
2463 846 2620 899 πόλιν
2647 847 2735 899 διά
2759 846 2860 915 τήν
2910 849 3055 900 κατὰ
3106 848 3214 898 τῶν
3244 846 3458 899 ἀσεϐῶν
3488 847 3584 899 :06

2012 937 2180 1006 ῥηγδς
2211 938 2312 1006 τῆς
2345 940 2669 1007 Οὐγγαρίας
2695 941 2993 1007 ἐξέλευσιν,
3031 940 3187 1011 [I97]
3222 942 3457 1009 ἐστάλην
3487 942 3577 992 καλ

2008 1029 2125 1098 ἐγὼ
2152 1031 2315 1085 πάλιν
2349 1034 2773 1101 ἀποκρισιάριος
2819 1035 2955 1102 πρός
3003 1051 3059 1086 τε
3094 1034 3187 1086 τὸν
3231 1033 3453 1102 βασιλέα
3488 1034 3583 1084 καὶ

2010 1122 2149 1192 πρὸς
2174 1122 2268 1176 τὸν
2303 1124 2534 1192 ἀμηράν
2572 1124 2669 1177 καὶ
2718 1125 2884 1177 αὐτὸν
2940 1124 3005 1189 δὴ
3043 1124 3135 1175 :0v
3196 1123 3391 1190 ρἦαν.
3445 1123 3580 1175 ἀλλὰ

2005 1213 2071 1285 δὴ
2098 1215 2194 1267 καὶ
2222 1215 2361 1284 πρὸς
2389 1215 2481 1268 τὸν
2515 1215 2749 1281 λεγάτον
2806 1218 2903 1269 καὶ
2932 1216 3070 1285 πρδς
3103 1217 3198 1267 τδν
3250 1213 3582 1267 καπετάνιον

2018 1306 2301 1361 Ἀλωῒσιον
2338 1306 2552 1375 Δορδάν
2610 1306 2680 1375 δι’
2716 1308 3022 1375 ἀναγκαίας
3054 1306 3304 1369 δουλείας
3335 1306 3472 1376 πρὸς
3518 1306 3580 1359 06

2006 1398 2261 1467 προδῶσι
2288 1398 2357 1451 τὰ
2392 1399 2730 1469 πράγματα’
2768 1402 2862 1453 καὶ
2890 1398 3285 1470 ¹διερχομένου
3341 1416 3442 1468 μου
3482 1399 3580 1467 τὴν

2004 1490 2275 1560 Κόρινθον
2295 1495 2360 1562 τῇ
2395 1491 2439 1543 λ’
2462 1491 2557 1545 :06
2596 1492 2938 1560 Αὐγούστου,
2969 1494 3057 1545 ἵνα
3087 1494 3168 1555 είς
3194 1494 3287 1546 τὸν
3340 1492 3578 1559 Εὔριπον

2003 1584 2071 1637 τά
2090 1585 2339 1653 -κάτεργα
2362 1584 2461 1653 τῆς
2490 1586 2743 1655 ἀρμάτας
2773 1586 2987 1653 φθάσω,
3044 1579 3206 1653 εὗρον
3234 1585 3578 1649 θαπτόμενον

2003 1675 2097 1729 τὸν
2127 1678 2293 1731 καλὸν
2322 1678 2569 1746 κάγαθὸν
2603 1677 2872 1745 Κορίνθου
2904 1677 3150 1747 Μάρκον,
3180 1676 3237 1738 ὃς
3277 1676 3372 1729 καὶ
3405 1676 3461 1726 ἐν
3508 1676 3573 1743 τῇ

2002 1770 2138 1841 αὐλῇ
2169 1771 2327 1840 ήμῶν
2361 1770 2629 1841 ἐγεννήθη
2674 1771 2769 1823 καὶ
2801 1770 2922 1840 μεθ’
2956 1769 3118 1839 ήμῶν
3171 1768 3450 1837 ἀνετράφη
3481 1766 3576 1819 καὶ

2002 1862 2109 1916 ὐπὸ
2135 1862 2231 1916 :06
2264 1862 2438 1917 κακού
2470 1865 2571 1930 τῆς
2603 1864 2879 1933 μητρυιᾶς
2904 1862 3073 1915 αὐτοῦ
3098 1860 3269 1913 πολλά
3306 1859 3570 1928 πιεζόμε-

2000 1973 2091 2018 νος
2130 1956 2374 2025 μεγάλας
2403 1955 2708 2025 θεραπείας
2740 1956 2891 2022 παρά
2935 1956 3046 2007 τῶν
3083 1953 3432 2021 γεννητόρων
3466 1969 3571 2019 μου

2000 2046 2261 2116 εὐρισκεν
2283 2064 2298 2079 ⁶
2332 2050 2451 2101 ἐκεῖ
2490 2047 2860 2115 ἀναγκασθεὶς
2888 2047 2994 2099 ἀπὸ
3015 2045 3112 2099 :06
3161 2044 3357 2097 πολλοῦ
3397 2043 3572 2097 κακοῦ

1999 2138 2204 2206 ἔφυγεν
2231 2140 2342 2191 ἀπὸ
2370 2139 2464 2191 τὸν
2501 2140 2721 2209 πατέρα
2743 2137 2912 2192 αὐτοῦ
2935 2138 3029 2191 καὶ
3061 2139 3143 2200 είς
3168 2136 3269 2206 τὴν
3293 2134 3402 2187 τῶν
3438 2136 3574 2187 Ξαν-

2002 2231 2292 2286 θοπούλων
2329 2232 2500 2301 μονὴν
2558 2230 2812 2300 ἀπῆλθε’
2843 2233 2939 2284 καὶ
2998 2227 3244 2294 τοιοῦτος
3295 2228 3574 2300 χρήσιμος

2000 2325 2452 2396 ἀπεκατεστάθη.

2722 2422 2867 2484 υμε¹.

2065 2510 2286 2573 ⁶Ινθάσας
2316 2509 2410 2564 οὐδ
2432 2509 2545 2578 ἐγὼ
2578 2510 2659 2573 είς
2688 2509 2779 2563 τὸν
2821 2508 3085 2580 Εὐριπον,
3124 2509 3191 2562 τὰ
3220 2507 3274 2561 δέ
3323 2504 3573 2576 κάτεργα

1992 2604 2055 2659 οὐ
2089 2604 2322 2672 φθάσας,
2352 2604 2423 2659 δι’
2468 2604 2632 2659 ἀλλου
2697 2603 3003 2671 πλευσίμου
3057 2603 3139 2663 είς
3197 2600 3301 2670 τὴν
3345 2600 3572 2668 Λῆμνον

1993 2695 2316 2766 ἀπεσώθην,
2366 2697 2448 2760 εις
2480 2697 2581 2759 τὰς
2631 2696 2808 2765 ἀρχάς
2858 2695 2953 2748 :06
3004 2693 3318 2761 Νοεμϐρίου
3351 2691 3445 2743 :06
3502 2687 3571 2757 ιγ’

1991 2789 2145 2852 έτους
2169 2805 2186 2823 °
2212 2789 2294 2859 τῷ
2329 2787 2388 2842 δέ
2428 2787 2582 2858 αὐτῷ
2620 2788 2753 2857 μηνὶ
2788 2785 2856 2840 ια’
2888 2788 2918 2839 0
2968 2786 3071 2856 ρὴξ
3100 2785 3202 2849 τῆς
3253 2784 3572 2852 Οὐγγαρίας

1991 2884 2275 2953 ἐσκοτώθη
2338 2886 2490 2955 παρά
2533 2883 2629 2937 :06
2662 2883 2857 2952 ἀμηρᾶ
2887 2881 2972 2943 είς
3014 2882 3114 2941 τὴν
3148 2881 3363 2949 Βάρναν
3414 2875 3571 2949 [200]

1992 2980 2087 3033 καὶ
2125 2980 2191 3047 τῇ
2219 2974 2286 3041 ιζ’
2303 2977 2394 3031 :06
2426 2976 2648 3030 Ἰουλίου
2679 2975 2849 3045 μηνὸς
2883 2974 2977 3029 :06
3030 2972 3199 3028 αὐτοῦ
3237 2972 3390 3033 ἔτους
3448 2974 3573 3039 ἐγε-

1991 3073 2141 3140 γόνει
2179 3070 2525 3140 παγκόσμιος
2554 3070 2775 3124 καύσων
2809 3068 2905 3121 κα)¹
2935 3067 3085 3133 ἄξιος
3151 3067 3396 3136 μνήμης,
3432 3065 3491 3116 ἐν
3525 3056 3573 3130 ᾧ

309 3146 468 3218 ϐριον
509 3148 603 3201 τοῦ
629 3148 796 3204 αὐτοῦ
828 3151 986 3214 ἔτους
1015 3147 1182 3224 ἦλθεν
1209 3154 1288 3218 είς
1317 3155 1418 3226 τὴν
1455 3156 1611 3211 πόλιν
1641 3160 1668 3211 0
1693 3159 1886 3213 δεσπὸ-
1912 3143 1956 3205 C
1988 3164 2054 3236 δή
2085 3165 2237 3234 θέρει
2266 3166 2363 3219 καὶ
2381 3166 2409 3217 0
2427 3164 2799 3232 πνευματικὸς
2819 3161 2928 3231 κὺρ
2959 3160 3264 3231 Γρηγόριος
3292 3159 3573 3227 πατριάρ-

307 3256 414 3307 της
446 3239 542 3294 καὶ
572 3239 841 3310 αὐθέντης
876 3254 980 3312 μου
1032 3243 1139 3314 κύρ
1187 3246 1599 3310 Κωνσταντίνος
1621 3265 1636 3280 ο
1695 3252 1790 3302 καὶ
1820 3254 1887 3322 τῇ

310 3330 358 3385 α’
399 3334 650 3403 Μαρτίου
671 3335 866 3389 ἐλαϐεν
897 3337 1007 3390 ἀπὸ
1023 3338 1114 3390 τὸν
1132 3338 1357 3408 βασιλέα
1384 3341 1482 3411 τὴν
1508 3344 1883 3414 Σηλυμϐρίαν,

315 3424 412 3478 καὶ
469 3426 791 3480 ἀπέστειλεν
828 3428 925 3497 ἐμὲ
966 3431 1180 3483 ἐκεῖσεν
1239 3433 1321 3495 είς
1361 3433 1626 3503 κεφαλὴν,
1665 3435 1755 3490 ἵνα
1794 3436 1890 3489 καὶ

312 3519 424 3572 ἀπὸ
464 3518 555 3573 τὸν
583 3519 808 3591 ἀμηρᾶν
842 3522 938 3573 καὶ
985 3525 1077 3575 τὸν
1120 3523 1393 3595 δεσπότην
1438 3527 1543 3594 κὺρ
1571 3528 1888 3595 Δημήτριον

312 3612 411 3665 καὶ
435 3612 599 3666 αὐτὸν
628 3612 694 3683 δή
721 3613 815 3665 τὸν
844 3612 1114 3668 δεδωκότα
1165 3614 1396 3685 βασιλέα
1436 3618 1752 3686 προστάξας
1783 3636 1889 3686 φυ-

310 3704 511 3760 λάττω.
549 3706 657 3760 Καὶ
688 3707 779 3760 τὸν
812 3706 1035 3761 Ἰούλιον
1057 3709 1151 3760 τοῦ
1179 3710 1349 3761 αὐτοῦ
1403 3710 1558 3771 ἔτους
1611 3706 1776 3781 ἦλθεν
1806 3714 1887 3774 εἰς

308 3798 411 3868 τὴν
441 3799 601 3864 πόλιν
625 3799 1053 3869 Φραγκόπουλος
1080 3801 1110 3853 0
1129 3802 1569 3873 πρωτοστράτωρ
1594 3819 1607 3831 ·
1637 3804 1732 3855 καὶ
1769 3804 1887 3873 δρι-

309 3892 461 3956 σθεὶς
492 3890 653 3960 κάγὼ
686 3893 793 3945 άπὸ
828 3892 930 3963 τήν
951 3893 1307 3963 Σηλυμϐρίαν
1338 3895 1418 3957 είς
1440 3894 1539 3964 τὴν
1581 3896 1737 3949 πόλιν
1790 3893 1888 3968 ἧλ-

308 3984 429 4039 θον’
461 3987 557 4039 καὶ
588 3986 903 4056 συμφωνίαι
932 3988 1250 4055 γεγόνασιν,
1296 3987 1379 4040 ὅτι
1433 3990 1462 4041 0
1487 3988 1588 4057 μὲν
1616 3990 1887 4059 δεσπότης

306 4077 406 4131 καὶ
428 4077 700 4148 αὐθέντης
744 4094 850 4147 μου
877 4079 1109 4141 είς-τὸν
1140 4079 1360 4149 Μορέαν
1398 4080 1616 4153 ἀπέλθῃ
1668 4086 1761 4135 καὶ
1794 4084 1887 4135 τὸν

305 4171 474 4224 τόπον
508 4171 687 4224 πάντα
714 4167 811 4223 τοῦ
835 4170 1101 4224 δεσπότου
1131 4172 1237 4240 κύρ
1261 4170 1540 4243 Θεοδώρου
1565 4173 1726 4245 λάϐῃ,
1746 4178 1889 4227 ἐκεῖ·

306 4278 398 4325 νος
421 4259 482 4313 δέ
508 4261 588 4325 είς
620 4262 722 4328 τὴν
750 4260 906 4314 πόλιν
928 4260 1082 4333 ἔλθη,
1110 4262 1204 4316 καὶ
1224 4263 1324 4334 τὴν
1343 4264 1695 4337 Σηλυμϐρίαν
1718 4266 1884 4338 λάϐῃ,

302 4353 341 4409 ἃ
374 4354 439 4427 δὴ
466 4355 559 4408 καὶ
577 4355 820 4424 ἐγένετο.
1398 4350 1421 4383 ¹

1023 4454 1164 4521 υμδ’.
1258 4474 1267 4483 τ

1991 3276 2092 3328 χης
2119 3258 2400 3324 ἐγεγόνει*
2433 3258 2529 3310 κιὶ
2558 3259 2627 3325 τῇ
2661 3253 2724 3311 ιε’
2751 3255 2848 3309 :06
2880 3253 3194 3321 Αὐγούστου
3264 3252 3434 3321 μηνὸς
3465 3249 3565 3304 :06

1990 3350 2161 3404 αὐτοῦ
2194 3351 2349 3412 ἔτους
2385 3350 2653 3419 ἐγεννήθη
2682 3366 2773 3419 μοι
2805 3350 2921 3412 υίὸς
2953 3348 3320 3417 Ἀνδρόνικος,
3338 3345 3398 3409 ὃς
3437 3344 3570 3415 ἔζη-

1992 3462 2083 3499 σεν
2107 3443 2323 3514 ἡμέρας
2359 3443 2457 3496 καὶ
2490 3442 2659 3537 μόνον
2700 3441 2872 3499 ὀκτώ.

2700 3550 2731 3585 υ
2740 3537 2859 3601 μςθ.

2062 3624 2173 3678 Καὶ
2199 3623 2279 3693 τῷ
2306 3624 2380 3679 νδ⁹
2406 3624 2540 3688 ἔτει,
2584 3622 2913 3692 Δεκεμϐρίῳ
2950 3624 3083 3692 μηνὶ
3103 3620 3247 3692 πρὸς
3273 3620 3443 3685 τέλει,
3476 3618 3569 3672 ἐλ-

1988 3716 2175 3780 θόντος
2205 3734 2308 3785 μου
2336 3719 2421 3779 είς
2441 3718 2535 3770 τδν
2586 3715 2810 3783 Μορέαν
2841 3715 2984 3784 μετὰ
3031 3715 3133 3782 τῆς
3177 3712 3569 3783 πραγματείας

1989 3806 2299 3861 Βενετικῶν
2332 3809 2642 3877 κατέργων.

2723 3900 2871 3969 unc"

2058 3991 2395 4061 Σεπτεϐρίου
2430 3992 2598 4046 αὐτοῦ
2638 3997 2711 4043 νε¹
2757 3992 2911 4054 ἔτους
2944 3990 3323 4061 εὐεργετήθην
3377 3990 3439 4046 :0
3473 4008 3569 4045 κε-

1989 4083 2314 4151 φαλατίκιον
2347 4083 2443 4137 τοῦ
2501 4083 2804 4153 Μυζηθρᾶ,
2849 4086 2989 4153 μετὰ
3036 4088 3132 4136 καὶ
3184 4086 3406 4138 πάντων
3456 4085 3569 4137 τῶν

1993 4178 2118 4246 περὶ
2149 4175 2303 4239 αὐτὸ,
2344 4176 2513 4246 ἧγουν
2541 4174 2747 4240 Κιυλᾶ,
2798 4175 3100 4244 Ἐϐραῖκῆς
3144 4175 3400 4245 Τρύπης,
3435 4174 3570 4239 TC:-

1990 4268 2218 4340 ραμίου,
2284 4269 2585 4337 Παγκότων
2636 4269 2731 4323 καὶ
2796 4267 3242 4339 Σκλαϐοχωρίου,
3284 4269 3381 4321 καὶ
3427 4274 3567 4336 μετα

1990 4361 2213 4415 πάντων
2238 4360 2348 4413 τῶν
2370 4359 2747 4429 είσοδημάτων
2764 4359 2968 4422 αὐτῶν,
3003 4359 3078 4422 ὡς
3099 4358 3202 4411 οὐκ
3229 4354 3380 4428 εἶχεν
3406 4359 3569 4419 ἄλλος

1916 4483 1959 4539 υ
1989 4472 2073 4519 τις
2096 4453 2273 4517 οὕτως
2300 4452 2525 4507 πώποτε
2547 4454 2610 4506 :0
2638 4452 2736 4507 :06
2801 4453 3075 4524 Μυζηθρᾶ
3136 4451 3527 4521 κεφαλατίκιον
3550 4469 3566 4485 ο

377 4543 537 4618 [196]
570 4511 695 4603 κιξαὶ
745 4549 811 4619 τῇ
846 4553 878 4602 ι’
911 4511 1249 4621 Ὀκτωϐρίου
1283 4550 1376 4605 :06
1418 4546 1497 4621 νβ’
1546 4550 1703 4611 ἔτους
1746 4549 1885 4618 μετὰ
1920 4511 1959 4539 υ
1994 4511 2166 4612 ὤρισέ
2204 4511 2289 4610 μοι
2316 4544 2373 4597 δὲ
2399 4544 2705 4611 καὶτοῦτο,
2748 4546 2834 4599 δτι
3082 4511 3296 4598 δέδωκά
3344 4560 3429 4595 σοι
3476 4544 3569 4595 τὸν

303 4641 575 4711 καραϐίου
610 4640 925 4706 ἐξελθόντος
957 4643 1066 4697 ἀπὸ
1092 4643 1197 4712 τῆς
1250 4644 1456 4707 πόλεως
1486 4643 1582 4696 τοῦ
1623 4645 1884 4706 αὐθεντός

305 4751 410 4804 μου
435 4735 530 4788 καὶ
554 4734 842 4802 δεσπότου,
902 4735 998 4788 καὶ
1031 4735 1360 4801 ἀπελθόντος
1398 4738 1477 4799 είς
1508 4737 1600 4789 τὸν
1636 4736 1881 4805 Μορέκν,

306 4829 407 4878 καὶ
431 4824 603 4908 πάλιν
638 4826 780 4896 μετά
808 4824 976 4880 αὐτού
1007 4827 1072 4896 δὴ
1094 4826 1189 4880 :06
1238 4826 1508 4897 καραϐίου
1539 4828 1567 4880 0
1612 4826 1882 4895 δεσπότης

302 4916 411 4985 κὺρ
432 4913 714 4984 Θεόδωρος
735 4918 831 4968 τὸν
858 4915 1200 4985 Δεκέμϐριον
1230 4917 1378 4984 μῆνα
1419 4916 1509 4969 :06
1535 4916 1705 4969 αὐτοῦ
1726 4916 1882 4979 ἔτους

300 5009 383 5072 εἰς
417 5007 515 5079 τὴν
542 5008 699 5062 πόλιν
721 5008 1000 5063 ἀπέσωσε.
1034 5010 1145 5063 Καὶ
1186 5009 1277 5062 τὸν
1304 5008 1553 5078 Μάρτιον
1579 5008 1880 5078 παρέδωκα

300 5103 416 5170 ἐγὼ
438 5103 579 5169 πρὸς
601 5104 767 5158 αὐτὸν
786 5104 888 5175 τὴν
914 5104 1293 5174 Σηλυμϐρίαν,
1338 5104 1434 5157 καὶ
1458 5104 1732 5174 ἐμϐάντος
1775 5122 1878 5173 μου

301 5197 383 5259 είς
422 5197 692 5268 καράϐων
719 5196 815 5251 :06
839 5198 947 5250 ἀπὸ
978 5198 1076 5267 τὴν
1122 5198 1352 5268 Κρήτην
1398 5197 1628 5253 ’Υαλινά
1676 5198 1877 5252 ’Δντωο

297 5289 414 5342 νίου
450 5291 531 5352 είς
576 5291 676 5359 τὴν
723 5289 820 5343 :06
853 5290 1093 5360 Εὐρίπου
1136 5290 1431 5361 Κάρυστον
1470 5291 1730 5359 ἐπαφῆκέ
1767 5307 1873 5360 με·

299 5382 397 5433 καὶ
428 5383 496 5452 τῇ
521 5387 571 5448 γ’
594 5379 689 5435 τοῦ
730 5381 958 5436 Ἰουνίου
996 5383 1087 5435 διὰ
1123 5382 1222 5451 τῆς
1250 5385 1482 5449 στερεάς
1526 5382 1650 5437 ὀδοῦ
1681 5384 1761 5447 είς
1783 5385 1875 5439 τὸν

297 5472 607 5544 Μυζηθρᾶν
636 5473 873 5543 ἔφθασα,
912 5475 1085 5529 πολλὰ
1113 5474 1208 5529 :06
1237 5475 1500 5530 δεσπότου
1536 5478 1707 5549 κυρού
1738 5479 1873 5531 Θεο-

296 5563 476 5636 δώρου
496 5565 789 5635 ζητοῦντός
826 5584 895 5638 με
932 5567 1025 5621 καὶ
1055 5568 1512 5639 παροτρύνοντος,
1546 5570 1632 5623 ἵνα
1655 5570 1750 5624 καὶ
1773 5573 1873 5642 τήν

298 5656 653 5727 Σηλυμϐρίαν
682 5656 793 5728 ἔχω
807 5659 901 5713 καὶ
931 5657 1041 5711 τῶν
1072 5659 1307 5728 πρώτων
1338 5658 1507 5714 αὐτοῦ
1541 5660 1872 5730 ὑποχειρίων

300 5750 672 5823 εὑρίσκωμαι.
706 5750 1069 5824 Διερχόμενος
1111 5752 1165 5807 δὲ
1194 5749 1356 5821 εὖρον
1407 5754 1499 5807 καὶ
1550 5752 1612 5807 :0
1642 5753 1865 5824 Ἐξαμίτ

1993 4637 2303 4707 λὶυζηύράν
2332 4640 2413 4701 είς
2444 4637 2839 4706 κεφαλατίκιον
2877 4639 2970 4693 καὶ
3000 4638 3091 4691 διὰ
3122 4636 3223 4706 τὴν
3268 4635 3368 4705 σὴν
3395 4635 3569 4703 καλὴν

1990 4728 2323 4799 δουλοσύνην
2351 4731 2446 4784 καὶ
2474 4730 2572 4799 τὴν
2597 4732 2739 4801 ἐμὴν
2772 4731 2908 4801 πρὸς
2933 4732 2994 4784 σὲ
3024 4729 3293 4800 ἀναδοχὴν
3319 4729 3414 4781 καὶ
3432 4729 3559 4793 ἀγά-

1992 4839 2125 4891 πην,
2159 4822 2255 4876 καὶ
2284 4824 2366 4877 ὅτι
2394 4824 2536 4877 θέλω
2564 4826 2631 4877 νά
2658 4824 2737 4877 ἔνι
2766 4823 2865 4877 καὶ
2897 4824 3058 4877 τοῦτο
3082 4822 3165 4886 ἔν,
3198 4823 3274 4885 ὡς
3299 4823 3333 4892 ή
3369 4822 3559 4891 Κόριν-

1995 4915 2086 4977 θος
2116 4916 2210 4967 καὶ
2246 4918 2279 4987 η
2312 4917 2508 4985 Πάτρα
2534 4934 2547 4947 ο
2577 4913 2653 4970 ὧν
2682 4916 2779 4989 τὴν
2802 4916 2900 4987 μέν
2920 4916 3078 4986 ἐχειό
3113 4914 3567 4983 Καντακουζηνὸς

2000 5008 2282 5079 Ἰωάννης.
2315 5010 2415 5080 τὴν
2438 5011 2495 5064 δὲ
2530 5010 2770 5075 Ἀλέξιος
2799 5012 2827 5063 0
2864 5012 3176 5080 Λάσκαρις·
3209 5012 3305 5062 καὶ
3327 5008 3563 5077 γίνωσκε

1988 5102 2074 5155 ὅτι
2102 5101 2292 5172 ἔτερον
2335 5102 2645 5171 μεσάζοντα
2706 5103 2860 5156 οὐδέν
2888 5103 3031 5156 θέλω
3073 5102 3328 5170 ποιήσειν
3388 5100 3564 5170 πάρεξ

1987 5194 2154 5248 αὐτὸν
2178 5195 2243 5265 δὴ
2273 5196 2365 5248 τὸν
2427 5196 2972 5266 Εὑδαιμονοῖωάννην
2998 5195 3059 5247 δν
3091 5194 3221 5262 ἔχω·
3266 5191 3387 5246 ἀλλ’
3443 5192 3562 5245 οὐδὲ

1985 5284 2226 5339 ἐνταῦθα
2260 5285 2403 5339 θέλω
2443 5286 2805 5356 εὐρίσκεσθεν
2859 5285 2947 5339 ἀει
2976 5297 2993 5317 ⁸
3054 5282 3207 5356 [201]
3257 5284 3376 5354 ἀμὴ
3424 5284 3562 5338 θέλω

1982 5375 2299 5447 δίερχεσθεν
2327 5380 2420 5432 τὸν
2453 5381 2619 5433 τόπον
2662 5397 2765 5449 μου
2795 5379 2885 5433 διὰ
2918 5379 3093 5432 πολλὰ
3130 5377 3415 5447 ὠφέλιμα·
3471 5378 3561 5438 κεῖ

1982 5472 2111 5525 ὅταν
2133 5472 2482 5542 εὑρίσκωμαι
2519 5473 2598 5537 είς
2630 5473 2727 5537 τὴν
2778 5471 3068 5543 Κόρινθον,
3108 5470 3250 5524 θέλω
3298 5470 3562 5539 πράττειν

1980 5564 2079 5628 τὰς
2104 5566 2246 5635 ἐμάς
2268 5565 2517 5629 δουλείας
2540 5566 2757 5632 καὶτὰς
2810 5569 2903 5621 :06
2930 5568 3098 5621 τόπου
3137 5565 3355 5619 ἐκείνου
3416 5567 3561 5635 μετὰ

1983 5657 2078 5711 τοῦ
2127 5659 2589 5727 Καντακουζηνοῦ
2667 5660 2767 5715 καὶ
2810 5660 2909 5740 τοῦ
2966 5659 3508 5731 Εὐδαιμονοωάννου
3540 5674 3554 5686 ·

1978 5749 2107 5805 ὅταν
2137 5749 2194 5805 δὲ
2226 5750 2304 5815 είς
2335 5752 2435 5822 τὴν
2469 5751 2692 5824 Πάτραν
2731 5751 2961 5809 ἀπέλθω
2995 5752 3156 5809 πάλιν
3186 5750 3256 5823 μέ
3283 5749 3375 5807 τὸν
3405 5749 3548 5803 Λάσ-
