3972 6468
315 301 379 363 Ῑῖ
1442 312 1837 372 MANUELIS
1869 312 2392 372 CURYSOIDHE
3502 307 3566 369 lli

385 411 506 465 ΙΙωο
539 413 738 483 duplex
775 418 947 485 patria
993 419 1123 487 quid
1159 420 1262 473 sibi
1298 422 1445 483 velit,
1479 423 1719 491 explicat
1755 421 2125 492 Epitaphium,
2161 424 2305 488 quod
2334 421 2695 492 Chrysolorns
2742 432 2927 474 noster
2978 420 3030 474 in
3074 419 3562 475 Dominicanorum

314 504 659 558 monasterio
691 506 756 559 ad
787 523 936 559 aram
973 509 1023 560 in
1076 512 1206 561 urbe
1237 510 1553 565 Constantia
1596 522 1928 565 consecutus
1963 520 2046 564 est
2080 529 2092 560 :
2148 509 2362 563 Manuel
2398 510 2772 579 Chrysoloras,
2810 513 2960 562 miles
3004 509 3563 578 Constantinopolita-

311 601 432 650 nus,
464 604 529 641 ea:
566 601 765 646 uetusto
805 609 990 663 genere
1023 594 1402 660 Ilontanorum,
1436 600 1527 665 qui
1556 614 1676 649 cum
1720 595 2075 651 Constantino
2113 597 2432 663 imperatore
2476 596 2796 665 migrarunt.
2837 593 2901 648 Et
2927 604 3051 663 post
3083 597 3332 666 quaedam
3368 616 3382 650 :

806 707 973 780 ﬂama
1005 727 1141 763 meos
1167 713 1342 780 genuit
1385 712 1617 778 maiores
1660 726 1677 764 :
1718 728 1796 764 me
1827 713 1961 765 bona
1995 712 2153 765 tellus

812 778 1112 847 Byzantina
1152 778 1296 834 tulit.
1342 823 1354 836 .
1403 822 1415 836 .
1461 822 1473 836 .

384 884 400 937 Ι
435 923 449 937 .
494 885 637 948 Fuit,
673 893 731 939 ut
762 886 815 939 in
871 889 972 941 hoc
1010 888 1296 959 Epitaphio
1329 892 1554 955 dicitur,
1591 892 2243 962 Constantinopolitanus
2276 872 2451 944 miles.
2484 889 2606 954 Quo
2648 888 2915 943 vocabulo
2948 890 3315 958 scriptoribus
3342 890 3559 949 Latinis

310 974 718 1030 recentioribus
771 991 945 1045 eques,
981 978 1032 1030 id
1062 986 1168 1039 est,
1214 980 1489 1034 interdum
1526 983 1709 1047 miles,
1751 982 1848 1052 qui
1897 997 2007 1035 non
2041 981 2303 1050 peditem,
2347 979 2439 1034 sed
2469 976 2706 1047 equitem
2740 976 2851 1046 agit
2885 994 2898 1030 :
2940 978 3211 1032 interdum
3254 980 3420 1034 etiam
3456 997 3559 1034 no-

313 1062 459 1128 bilis,
509 1078 670 1131 quem
706 1062 949 1132 dignitas
983 1067 1258 1133 equestris
1306 1077 1488 1130 ornat,
1527 1068 1777 1123 denotari
1812 1067 1968 1124 solet.
2006 1067 2333 1122 Guilielmus
2364 1066 2517 1121 Brito
2548 1065 2643 1119 lib.
2681 1080 2742 1119 ιιι
2780 1066 3140 1135 Philippides,
3179 1082 3348 1122 Versu
3382 1068 3487 1122 246
3508 1078 3562 1124 et

311 1150 415 1204 247
450 1168 464 1204 :
988 1180 991 1187 -
2205 1156 2251 1183 κ

930 1281 941 1294 .
980 1242 1123 1294 solus
1153 1239 1507 1297 Garlamlicus
1543 1245 1695 1297 heros

806 1309 992 1364 Servat
1023 1329 1135 1364 eam
1173 1313 1413 1386 [urbem]
1450 1326 1496 1367 et
1530 1319 1689 1383 pauci
1717 1316 1916 1383 pedites
1949 1331 2067 1366 cum
2103 1313 2270 1365 milite
2308 1330 2450 1367 raro.

379 1423 498 1477 Lib.
537 1442 609 1489 tv,
639 1442 795 1481 versu
823 1428 921 1480 231
958 1439 1012 1480 et
1044 1431 1405 1498 qunentibus
1436 1448 1448 1483 :

810 1539 912 1610 [sed
948 1542 1096 1606 prius
1127 1557 1380 1610 expensas
1409 1544 1578 1595 tribus
1611 1545 1767 1601 annis
1800 1544 2130 1610 sufﬁcientes

805 1609 1071 1682 Militibus
1104 1609 1348 1665 nttmerat
1376 1614 1675 1682 quingentis
1708 1615 1771 1667 de
1811 1609 2027 1680 propria
2058 1628 2130 1674 re,
2164 1650 2189 1670 ο

805 1680 949 1732 Mille
978 1685 1165 1750 quibus
1195 1683 1368 1737 decies
1390 1680 1600 1752 pedites
1634 1685 1924 1752 artjungere
1948 1695 2121 1736 curat.

379 1764 497 1820 Lib.
532 1784 627 1830 Vit.
661 1784 817 1821 versu
857 1769 886 1819 7
922 1780 975 1823 et
1006 1772 1366 1839 sequentibus
1407 1789 1420 1823 :

801 1878 1115 1952 Intermissa
1144 1882 1285 1934 brevi
1318 1880 1661 1949 languescunt
1693 1881 1832 1935 bella
1866 1885 2063 1952 quiete,

808 1951 1072 2020 erositis
1100 1953 1303 2005 rediens
1342 1954 1506 2005 armis
1537 1954 1603 2004 ad
1629 1956 1846 2020 propria
1880 1951 2053 2017 miles,

802 2018 868 2071 Et
899 2021 1131 2087 peditum
1163 2032 1353 2075 turma:
1387 2038 1481 2074 sua
1513 2018 1639 2075 rura
1680 2018 1903 2078 revisere
1931 2024 2187 2093 gaudent.

385 2113 653 2169 llcnricus
684 2115 1104 2185 Gundeltingius
1138 2119 1191 2170 in
1221 2119 1557 2187 Appendice,
1601 2135 1766 2187 quam
1805 2118 2062 2173 Historia:
2092 2119 2395 2173 Austriacw
2426 2116 2712 2187 subiunxit
2744 2115 2965 2188 [Petrus
2995 2117 3320 2175 Lambecius
3360 2121 3458 2176 lib.
3491 2138 3552 2188 tt,

306 2214 831 2259 commentariorum
870 2205 938 2260 de
979 2207 1306 2260 bibliotheca
1338 2208 1584 2261 Ciesaren
1623 2207 2051 2269 \‘imlobonensi,
2088 2225 2208 2278 cap.
2243 2210 2297 2274 6,
2332 2205 2675 2278 publicavit],
2706 2208 2774 2261 de
2799 2206 3076 2261 Comiutm
3108 2207 3547 2278 Tyrolincnsium

308 2291 661 2346 Successioue
698 2311 711 2345 :
749 2293 853 2346 Illa
888 2293 1262 2364 [ilulteschim
1300 2296 1601 2350 Carinthite
1632 2297 1765 2367 dux]
1795 2313 1912 2349 cum
1944 2297 2231 2351 baronibus
2256 2298 2363 2351 suis
2393 2296 2586 2348 habitis
2616 2294 2835 2349 occultis
2865 2297 3208 2357 tractatibus,
3239 2306 3289 2350 et
3318 2313 3547 2365 prazser-

309 2379 403 2430 tim
429 2395 546 2431 cum
582 2378 899 2449 Engelmaro
931 2383 1094 2433 milite
1126 2383 1329 2436 Athesis
1360 2382 1436 2454 [id
1473 2394 1556 2437 est
1586 2384 1811 2438 ditionis
1842 2386 2168 2459 Athesinaa],
2205 2388 2369 2455 ejecto
2399 2386 2627 2439 Bohento
2660 2386 2726 2438 de
2771 2388 3027 2439 comitatu
3064 2386 3288 2457 Tyrolis.
3322 2390 3555 2444 Ludovi-

307 2486 424 2521 cnm
461 2470 819 2523 marchionem
854 2470 1435 2541 Brandenburgensem,
1471 2472 1722 2527 Ludovici
1775 2473 1972 2528 Bavari
2006 2476 2247 2543 prwdicti
2279 2476 2331 2527 in
2367 2491 2534 2543 regem
2596 2473 2751 2526 electi
2782 2473 2978 2540 ﬁlium,
3012 2475 3077 2527 de
3107 2478 3255 2544 [acto
3282 2482 3335 2530 in
3362 2481 3553 2532 matri-

317 2558 550 2610 monium
580 2562 800 2625 accepit.
838 2558 990 2611 Paris
1022 2557 1335 2613 Latinitatis
1371 2561 1698 2617 auctoribus
1735 2564 1923 2615 militia
1954 2563 2272 2616 norninatur
2308 2564 2423 2631 ipsa
2458 2561 2799 2625 nobilitas,id
2835 2572 2937 2626 est,
2962 2566 3239 2632 eqttestris
3258 2568 3412 2621 ordo.
3454 2568 3551 2620 Er-

306 2644 616 2698 chinl'ridus
654 2645 964 2699 Meliceiisis
999 2646 1169 2699 abbas
1201 2647 1255 2699 in
1292 2650 1518 2701 historia
1553 2647 1740 2718 [quam
1777 2650 1971 2704 Petrus
1999 2651 2327 2704 Lambecius
2359 2650 2530 2704 edidit
2563 2651 2656 2702 lib.
2691 2665 2726 2703 ιι
2776 2650 3313 2705 Commentariorum
3350 2656 3417 2707 de
3463 2656 3547 2708 bi-

306 2732 584 2787 bliotheca
618 2733 874 2787 Cmsarca
901 2732 1334 2802 Vindobonensi,
1361 2752 1481 2805 cap.
1521 2737 1604 2809 8.]
1636 2738 1703 2792 de
1727 2738 2050 2793 Colomanni
2083 2739 2344 2807 martyrio
2374 2747 2429 2789 et
2460 2735 2740 2790 miraculis
2768 2753 2781 2788 :
2817 2734 2993 2803 Hujus
3027 2747 3132 2790 tam
3163 2742 3412 2800 prtrclari
3437 2754 3548 2795 stu.

306 2823 571 2888 pendique
604 2822 852 2875 miraculi
878 2822 1022 2891 fama
1053 2822 1121 2874 ad
1153 2839 1308 2876 aures
1340 2824 1556 2878 llenrici
1580 2826 1899 2879 marchionis
1929 2828 2157 2892 pervenit
2198 2825 2501 2877 rumoribus
2538 2825 2748 2877 allata:
2785 2825 2875 2893 qui
2904 2829 3079 2877 statim
3119 2828 3296 2879 missis
3327 2829 3550 2882 clerico-

309 2925 426 2960 rum
457 2910 730 2963 ordinibus
759 2921 806 2963 et
842 2911 1161 2981 quibusdam
1194 2912 1396 2966 militia:
1424 2930 1535 2966 sua!
1567 2915 1881 2980 primatibus
1915 2915 2185 2981 prrerepit,
2222 2925 2277 2965 ut
2317 2915 2369 2965 in
2397 2930 2548 2965 suam
2582 2913 2840 2965 civitatem
2874 2915 3156 2982 honoriﬁce
3195 2917 3547 2984 transferrent

311 2998 584 3051 miraculis
620 2998 980 3065 glori/iratum
1014 3015 1229 3068 corpus.
1267 3000 1448 3067 Quare
1480 3002 1844 3073 Cbrysoloras
1881 3013 2087 3064 noster,
2118 3010 2174 3053 ut
2203 3017 2268 3054 ex
2310 2999 2695 3068 antiquissima
2736 2997 3111 3052 liottianorum
3148 3005 3421 3071 prosapia.
3451 3010 3545 3072 qui

308 3103 431 3138 ιιιιιι
466 3080 797 3151 imperatore
823 3088 1192 3142 Constantino
1226 3088 1423 3160 Magno
1474 3090 1991 3159 Constantinopolin
2030 3089 2426 3159 tnigraveruut,
2482 3089 2581 3140 l'uit
2615 3095 2797 3151 ortus,
2825 3088 2904 3141 sic
2944 3102 3068 3141 cum
3130 3090 3283 3142 mdes
3320 3092 3544 3154 dicitur,

305 3187 495 3241 optes,
534 3175 585 3226 id
624 3186 728 3236 est,
765 3176 976 3229 ordinis
1003 3178 1280 3244 equestris
1320 3180 1484 3230 homo
1527 3178 1632 3231 dici
1664 3177 1993 3247 judicandus
2017 3186 2122 3230 est.
2158 3175 2397 3240 Accedit,
2426 3175 2571 3244 quod
2608 3189 2731 3228 enm
2794 3175 2963 3228 nobili
2995 3176 3159 3227 duino
3188 3188 3399 3242 natum,
3427 3181 3547 3247 qui-

306 3266 428 3314 dam
460 3262 662 3316 diserte
693 3275 1152 3318 commemorent.
1190 3264 1548 3319 Leonhardus
1575 3266 1792 3338 lh'unus
1824 3268 2084 3320 Aretinus
2116 3266 2168 3317 in
2195 3264 2438 3317 Historia
2472 3280 2645 3316 rerum
2674 3260 2995 3315 Italicarum
3018 3280 3036 3317 :
3065 3263 3415 3333 Chrysoloras
3443 3266 3546 3337 By-

307 3351 575 3417 zantinus,
610 3353 688 3405 vir
720 3354 865 3406 domi
903 3355 1120 3409 nobilis.
1154 3356 1527 3411 llartmannus
1562 3356 1888 3411 Schedclius
1917 3357 1970 3407 in
1999 3354 2276 3408 Chronico
2311 3371 2323 3406 :
2361 3351 2579 3405 Μαιηιεί
2612 3351 2963 3420 Chrysoloras
3003 3350 3332 3420 Byzantinus
3363 3369 3541 3422 patria

308 3437 959 3509 Constantinopolitanns,
997 3445 1072 3495 rir
1105 3444 1247 3497 domi
1307 3445 1516 3497 nobilis.
1551 3443 1787 3498 Jacobus
1828 3442 2109 3512 Philippus
2141 3440 2399 3494 Ferestus
2455 3438 2748 3509 Bergomas
2780 3439 2834 3491 in
2867 3437 3267 3493 Chromcorum
3312 3440 3542 3512 Supple-

308 3536 488 3578 tueuto
518 3542 531 3578 :
577 3523 835 3580 Etnanuel
867 3526 1215 3598 Chrysoloras
1252 3533 1468 3599 natione
1502 3532 1740 3593 (irruens,
1775 3533 1952 3598 patria
1989 3531 2346 3600 Byzantinus,
2377 3530 2457 3581 vir
2491 3526 2635 3579 danti
2667 3527 2877 3579 nobilis.

377 3612 464 3665 Ill.
512 3611 771 3683 Tempus,
803 3631 912 3685 quo
942 3618 1301 3688 Cbrysoloras
1352 3629 1536 3673 noster
1582 3621 1928 3688 vixit,.ctiam
1962 3639 1991 3672 e
2017 3619 2352 3671 doctissimis
2383 3616 2512 3669 viris
2561 3615 2847 3669 neunullos
2884 3618 3041 3682 l'ugit.
3078 3619 3234 3682 Quo-l
3282 3619 3325 3671 si
3376 3617 3545 3672 Jaco-

306 3700 433 3753 bu-n
467 3699 776 3756 Pontanum
812 3707 863 3756 in
892 3706 1034 3759 notis
1065 3708 1129 3759 ad
1160 3706 1381 3776 Georgii
1417 3707 1675 3761 Pbranza:
1704 3708 2030 3772 chronicon,
2074 3709 2272 3760 librum
2300 3722 2337 3771 ι,
2375 3718 2539 3776 caput
2579 3706 2659 3771 l2,
2694 3707 2971 3771 audimus,
3005 3705 3151 3759 inter
3180 3706 3303 3770 hos,
3335 3712 3422 3772 qui
3461 3713 3546 3762 ln-

307 3805 451 3849 men,
486 3790 628 3855 quod
659 3788 939 3843 Christum
976 3793 1027 3845 in
1081 3804 1265 3848 monte
1294 3794 1679 3857 circumlulsit,
1719 3808 1993 3854 creatum.
2031 3810 2136 3847 non
2170 3795 2497 3853 iucreatum,
2536 3796 2898 3858 allii-marum,
2932 3797 3033 3847 sub
3068 3796 3397 3863 imperatore
3430 3800 3542 3851 Au-

304 3877 532 3929 dronico
559 3877 864 3948 Palaiologo
893 3880 1134 3948 juniorc,
1161 3884 1256 3950 qui
1289 3885 1475 3937 statim
1526 3898 1645 3951 post
1680 3882 1973 3936 concilium
1997 3899 2058 3935 ca
2093 3886 2159 3935 de
2194 3884 2570 3935 controversia
2604 3882 2961 3943 celebratum,
2991 3897 3131 3935 auito
3152 3883 3214 3936 C.
3254 3884 3402 3947 1541,
3430 3886 3539 3940 vita

303 3965 559 4027 decessit,
591 3966 695 4021 fuit
723 3969 978 4023 celebris.
1020 3972 1270 4026 Pbrauza
1304 3973 1425 4029 loco
1457 3974 1626 4037 dicto,
1666 3976 1963 4042 interprete
2009 3971 2226 4023 laudato
2259 3967 2548 4023 Pontano:
2586 3969 2708 4021 Tum
2742 3986 2942 4035 quoque
2990 3972 3276 4023 nionachus
3322 3974 3537 4040 quidam

304 4050 554 4117 Calaber,
583 4056 680 4120 ait,
711 4056 886 4108 dictus
923 4056 1273 4125 Barlaamus,
1305 4075 1371 4115 ea:
1400 4059 1568 4115 Italia
1601 4059 2099 4128 Constantinopolin
2130 4058 2289 4123 venit,
2326 4059 2419 4125 qui
2461 4060 2513 4110 in
2541 4058 2812 4127 dogmatis
2847 4056 3163 4113 Latinorum
3190 4064 3536 4127 exercitatus,

304 4150 352 4191 et
389 4141 459 4192 ad
495 4158 555 4193 ea
584 4141 926 4209 defendenda
958 4145 1190 4200 disertus
1220 4150 1507 4201 admodum
1541 4159 1588 4201 et
1638 4149 1881 4218 eloquens
1910 4146 2015 4201 sibi
2068 4146 2363 4198 videbatur.
2398 4144 2680 4198 Asserebat
2707 4144 2866 4207 idem,
2901 4146 3075 4199 lumen
3111 4147 3246 4200 illud
3275 4149 3331 4201 in
3369 4162 3544 4202 monte

309 4225 519 4281 Thabor
564 4239 801 4282 creatum
855 4246 989 4294 esse,
1030 4245 1347 4301 nostrosque
1375 4239 1442 4288 ad
1477 4237 1858 4305 disputandum
1894 4249 2047 4301 super
2083 4233 2179 4286 hoc
2233 4232 2502 4284 axiomate
2534 4234 2873 4299 provocabat.
2916 4232 3198 4303 Negotium
3253 4237 3541 4302 imperator

305 4312 679 4389 [Andronicus
708 4315 1047 4387 Pol-.eologus
1070 4320 1277 4392 junior]
1313 4320 1563 4392 Gregorio
1592 4320 1825 4376 Palamw
1852 4322 1995 4374 dedit
2019 4324 2108 4389 qui
2137 4330 2259 4372 tunc
2282 4316 2793 4372 Thessalonicensem
2824 4319 3117 4375 Ecclesium
3144 4324 3539 4378 moderabatur.

306 4402 437 4454 Cum
478 4405 570 4456 diu
607 4405 744 4457 inter
777 4422 831 4459 se
862 4407 1063 4463 velitati
1093 4420 1286 4475 essent,
1318 4409 1692 4475 persuasibilia
1727 4408 1882 4462 verba
1914 4418 1963 4461 et
1999 4423 2165 4476 nugas
2198 4405 2414 4459 Calabri
2442 4403 2696 4459 Palamas
2745 4407 2883 4461 velut
2908 4424 3228 4463 aranearum
3262 4411 3394 4465 tclas
3429 4414 3540 4464 dis-

306 4493 489 4545 cnssit.
524 4493 676 4558 Quod
703 4493 902 4549 Joanni
934 4497 1271 4567 Chrysalortt:
1298 4500 1481 4552 eadem
1515 4499 1781 4559 sentienti,
1812 4497 2124 4564 dicendique
2150 4511 2211 4547 ac
2235 4494 2545 4557 disputandi
2572 4495 2819 4549 similiter
2846 4496 2971 4550 bene
2997 4501 3184 4567 perito,
3224 4501 3436 4566 perinde
3458 4502 3538 4569 fe-

305 4581 395 4634 cit.
450 4582 530 4634 Ad
564 4584 677 4639 huic
704 4582 1003 4651 Pontanus,
1036 4586 1234 4640 Joanni
1271 4587 1630 4657 Chrysoloraz,
1670 4597 1781 4640 tuin
1817 4584 1946 4648 alia,
1977 4598 2099 4652 quae
2152 4592 2342 4636 nostra
2382 4579 2619 4635 Monuell
2647 4582 2982 4652 Chrysalum
3014 4587 3366 4649 conveniunt,
3421 4598 3534 4641 tum

252 4700 260 4709 -
305 4671 467 4722 c‘inin
504 4670 876 4740 Epitaphium,
915 4676 1077 4757 cujus
1106 4677 1436 4729 mentionem
1467 4675 1493 4745 §
1525 4692 1538 4727 ι
1573 4675 1824 4737 fecimus,
1859 4672 2109 4726 attribuit
2139 4689 2151 4735 ;
2208 4669 2344 4734 sive,
2375 4671 2519 4740 quod
2558 4675 2894 4739 praenomina
2930 4688 3023 4741 per
3065 4674 3412 4729 oscitantiam
3445 4694 3541 4729 ne-

306 4760 550 4826 glexerit,
594 4762 709 4814 sive.
743 4763 886 4829 quod
927 4761 1189 4816 Joannem
1222 4763 1519 4816 Manuelein
1565 4762 1942 4833 Chrysoloram
1976 4767 2223 4812 nostrum
2257 4758 2426 4811 fuisse
2453 4758 2659 4812 dirtum
2697 4774 3018 4825 persuasus,
3053 4775 3367 4826 prienumen
3403 4762 3539 4815 alt:-

307 4864 425 4901 rmn
460 4849 511 4902 in
549 4848 860 4917 Epitaphio,
890 4850 1124 4904 alterum
1160 4868 1187 4903 a
1221 4850 1468 4904 Pbranza
1503 4852 1765 4904 omissum
1793 4848 2215 4903 existimaverit.

377 4933 465 4989 IV.
502 4937 571 4989 At
605 4951 753 5001 vero,
812 4953 986 5007 neque
1011 4936 1278 4993 Joannem
1316 4940 1616 4994 Mauuelem
1667 4938 2057 5009 Cbrysoloram
2093 4943 2339 4988 nostrum
2376 4933 2546 4989 fuisse
2579 4934 2787 4987 dictum
2820 4938 3146 4997 reperimus,
3179 4947 3234 4990 rt
3272 4935 3537 4991 Joannem

307 5022 722 5092 Manuelemque
752 5023 1117 5094 Chrysoloras
1151 5026 1323 5081 fuisse
1370 5024 1641 5091 diversos,
1674 5027 1791 5096 ipsa
1832 5036 2140 5093 temporum
2176 5021 2380 5075 indicat
2413 5020 2674 5075 conditio.
2709 5021 2817 5075 Fac
2862 5024 3033 5089 enirn,
3071 5023 3400 5091 imperatore
3432 5028 3543 5079 An-

307 5110 536 5166 dronico
589 5110 895 5181 Palaeologo
919 5111 1138 5181 juniore
1161 5115 1325 5168 vitam
1382 5116 1691 5179 claudente,
1728 5117 1777 5168 id
1813 5122 1918 5179 est,
1956 5126 2102 5163 antro
2134 5109 2197 5164 C.
2237 5109 2398 5171 1541,
2427 5108 2695 5163 Joannem
2729 5111 3117 5181 Chrysaloram
3146 5112 3216 5166 25
3244 5128 3539 5175 annorum,

308 5199 560 5265 quamvis
592 5209 705 5252 tum
737 5199 1050 5268 grandioris
1100 5203 1279 5255 aetatis
1312 5216 1643 5269 prnsumere
1670 5216 1778 5255 non
1812 5209 2007 5270 prazter
2036 5212 2258 5252 causam
2296 5199 2518 5267 possis:
2553 5197 2961 5254 Constantiensi
2997 5200 3255 5263 concilio,
3288 5202 3352 5255 ad
3390 5202 3539 5270 quod

306 5284 519 5340 Manuel
552 5286 910 5356 Cbrysoloras
942 5297 1128 5342 uoster
1159 5297 1524 5357 spectatorem
1555 5300 1781 5342 acturus
1814 5289 2069 5349 accessit,
2107 5295 2161 5338 ut
2207 5284 2346 5339 inl‘ra
2397 5287 2976 5351 connncmorabimus,
3010 5287 3227 5342 initium
3264 5289 3537 5358 capiente,

306 5375 359 5425 id
393 5383 497 5437 est,
537 5388 667 5427 alin.
700 5372 763 5429 C.
801 5374 957 5437 1414,
991 5378 1364 5430 centenarium
1398 5391 1583 5431 senem
1616 5375 1858 5429 habebis.
1913 5413 1931 5431 .

378 5457 441 5512 V.
478 5451 664 5528 Neque
693 5458 929 5513 Jacobus
959 5461 1243 5516 Pontanus
1273 5463 1470 5528 solum,
1496 5464 1662 5515 etiam
1698 5461 1976 5516 Gerardus
2008 5460 2247 5515 Joannes
2292 5465 2509 5514 vossfus
2532 5458 2798 5513 Joannem
2832 5470 2995 5528 atque
3026 5457 3328 5515 Manuelcm
3366 5462 3542 5535 Chry-

306 5546 518 5600 soloras
552 5546 863 5600 confundit.
900 5545 1140 5616 Uterque
1173 5548 1475 5603 Mauuelem
1509 5549 1898 5618 Chrysoloram
1928 5547 2211 5602 Francisci
2244 5547 2508 5616 l’bilelphi
2538 5562 2790 5600 socerum
2828 5546 2999 5600 fuisse
3040 5552 3221 5602 docet.
3262 5550 3544 5605 Pontanus

307 5635 426 5687 loco
455 5636 599 5686 dicto
626 5652 637 5687 :
668 5631 801 5702 Ejus
833 5634 1123 5706 [Manuclis
1151 5635 1513 5707 Chrysolorar]
1547 5653 1720 5705 gener,
1751 5652 1852 5688 non
1882 5636 2174 5703 discipulus
2209 5639 2382 5700 modo,
2418 5636 2519 5699 fuit
2555 5634 2867 5690 Franciscus
2899 5634 3228 5700 Phile/phus,
3263 5638 3349 5691 cui
3382 5636 3545 5692 Theo-

305 5723 490 5774 doram
524 5722 691 5789 ﬁliani
725 5740 943 5792 nuptum
1003 5724 1163 5776 dexz'it.
1196 5724 1420 5779 Vossius
1452 5726 1545 5781 lib.
1583 5742 1655 5791 tv,
1700 5726 1769 5778 De
1804 5725 2072 5779 historicis
2123 5725 2342 5786 Crarcis,
2394 5739 2515 5792 cap.
2558 5723 2662 5777 l9:
2705 5720 2923 5775 Maurici
2965 5723 3318 5794 Chrysoloras
3362 5723 3540 5779 Fran-
