3972 6444
351 384 416 448 l7
1604 388 1787 447 VITA
1829 385 1928 447 ET
1968 386 2317 447 SCRIPTA.
3539 385 3606 451 18

347 504 471 555 cisci
506 500 773 571 Pltilelplti
804 519 969 558 socer.
1005 503 1133 558 Tam
1159 519 1275 556 eum
1300 502 1511 567 laudat,
1536 518 1693 572 quam
1732 500 2069 570 Philelphum
2104 502 2369 570 vituperat
2401 500 2630 571 Poggius
2664 503 2839 571 prima
2867 503 2918 555 in
2958 502 3297 571 Philelphum
3326 503 3605 559 itwectita.

347 592 505 646 Certe
535 607 644 662 non
671 592 996 655 Manuelem,
1032 593 1124 647 sed
1157 590 1423 645 Joannem
1459 573 1850 661 Cbrysoloram
1889 590 2190 645 Francisco
2223 590 2515 659 Philelpbo
2553 590 2720 644 tiliam
2767 601 3070 660 stupratam
3106 593 3158 646 in
3192 592 3607 646 matrimonium

349 680 586 743 dedisse,
610 680 852 735 Joannes
876 681 1212 736 Franciscus
1241 680 1485 748 Poggius
1528 680 1706 748 prima
1743 681 1794 732 in
1828 677 2192 733 Frauciscum
2220 678 2568 749 Pbilelphum
2606 681 2884 734 invectiva
2919 681 3110 741 refert,
3143 696 3305 750 quem
3352 681 3424 734 ibi
3456 696 3610 732 com-

352 769 518 835 pellat
544 770 628 823 his
655 769 838 825 verbis
877 784 891 821 :
933 770 1128 823 Pulsus
1161 769 1284 822 olim
1312 768 1536 822 Patavio
1569 768 1816 835 turpiter,
1870 766 1960 819 ubi
1993 765 2359 835 Gasparinum
2397 769 2679 832 audiebas,
2717 777 2942 837 propter
2973 768 3346 827 adolescentis.
3389 784 3490 836 quo
3524 768 3613 820 de-

346 855 577 919 peribas,
609 855 859 909 insanum
891 872 1148 919 amorem,
1181 854 1706 923 Constantinopolin,
1745 867 2000 923 tanquam
2027 855 2082 908 in
2117 855 2349 927 asylum.
2379 873 2570 925 egenus
2600 866 2758 923 atque
2789 859 2937 922 inops
2974 858 3285 925 confugisti.
3324 855 3533 909 Callide
3560 858 3614 909 id

347 942 556 1010 quidem
610 956 657 996 et
715 948 913 1007 astute,
969 954 1027 997 ut
1081 945 1150 997 ad
1176 959 1237 997 ea
1269 944 1385 997 loca
1419 943 1622 1005 adires,
1667 943 1736 995 ad
1783 956 1901 1012 qua:
1933 943 2089 996 citius
2127 952 2335 1007 auctor,
2368 959 2526 1012 quam
2557 943 2702 1014 fama
2742 944 3019 1004 scelerum,
3063 946 3370 1013 perveniret.
3416 943 3502 996 Ibi
3554 946 3608 996 in

349 1026 573 1080 Joannis
630 1028 961 1101 Chrysolora:
1019 1031 1314 1085 doctissimi
1375 1040 1534 1099 atque
1589 1029 1817 1099 insignis
1882 1030 2075 1096 equitis
2135 1031 2607 1099 familiaritatem,
2671 1032 2908 1086 discendi
2971 1033 3322 1100 cupiditatem
3395 1046 3503 1094 pra!
3561 1039 3609 1082 te

352 1121 541 1185 ferens,
567 1102 1013 1183 insinuastiIQui
1053 1129 1148 1171 tua
1178 1118 1496 1172 verbositate
1532 1126 1728 1181 motus,
1770 1116 1929 1170 simul
1955 1117 2292 1171 mendicitate
2328 1129 2623 1171 commotus
2667 1117 2828 1191 [nihil
2859 1122 2996 1173 enim
3027 1137 3110 1183 eo,
3142 1129 3336 1188 prceter
3371 1119 3607 1186 linguam

350 1205 559 1257 inanem
576 1215 631 1258 et
665 1214 830 1257 cutem
853 1207 1062 1259 aridam
1085 1203 1450 1276 deportaras],
1480 1213 1531 1259 te
1551 1204 1699 1258 domi
1725 1220 1839 1259 suae
1870 1205 2084 1272 recepit,
2108 1206 2327 1273 ignarus
2356 1206 2567 1273 futuri;
2597 1209 2858 1275 hospitem
2892 1209 3030 1261 enim
3054 1208 3328 1271 pudicum,
3361 1222 3465 1257 non
3505 1204 3609 1256 I’a-
3675 1219 3678 1222 ’

354 1295 519 1348 rident
553 1296 849 1349 adulterum
890 1312 947 1351 se
992 1306 1329 1366 recepturum
1362 1295 1601 1362 putabat.
1642 1296 1796 1349 At’tu
1825 1310 1946 1347 cum
1976 1295 2234 1364 regiones,
2278 1309 2380 1347 non
2418 1311 2610 1356 mores,
2646 1296 3012 1359 immutasses,
3045 1312 3108 1349 ne
3140 1298 3258 1365 quis
3299 1298 3445 1348 locus
3482 1301 3617 1345 esset

356 1399 549 1436 rueuus
580 1384 866 1437 sceleribus
897 1385 1022 1445 tuis,
1052 1385 1167 1453 ejus
1206 1386 1459 1454 virginem
1489 1383 1662 1452 ﬁliam
1694 1384 1978 1452 stuprasti.
2014 1384 2118 1435 tuis
2151 1381 2634 1450 pollicitationibus
2658 1394 2705 1436 et
2745 1383 3023 1437 blanditiis
3057 1385 3352 1451 deceptam.
3394 1380 3527 1437 Cum
3565 1396 3619 1433 re

355 1473 446 1524 ille
479 1474 654 1534 miser,
689 1472 779 1540 qui
806 1482 1098 1540 serpentem
1142 1473 1285 1526 domi
1316 1473 1606 1534 nutrierat,
1642 1477 1898 1524 machum
1925 1469 2051 1536 [stite
2088 1470 2532 1537 deprehendisset,
2565 1473 2628 1524 de
2658 1481 2707 1524 te
2734 1472 3103 1536 interﬁciendo
3137 1471 3422 1524 consilium
3460 1472 3616 1531 cepit,

358 1578 475 1613 runt
505 1570 559 1613 tu
585 1560 876 1628 aufugisses
908 1560 1160 1629 supplicii
1193 1570 1355 1614 metu.
1391 1558 1497 1615 Sed
1525 1560 1655 1629 quid
1691 1567 1866 1628 ageret
1899 1559 1976 1612 uir
2021 1559 2140 1610 licet
2182 1560 2463 1626 prudens?
2494 1558 2658 1626 Inops
2692 1561 2902 1613 consilii
2933 1570 3087 1621 erat;
3125 1561 3297 1612 scelus
3328 1561 3618 1616 detectum,

357 1653 501 1718 uirgo
527 1664 844 1714 compressa,
874 1653 968 1702 dos
992 1650 1195 1703 amissa
1219 1649 1563 1719 virginitatis.
1602 1645 1951 1701 Intercedunt
1980 1645 2164 1699 Italici
2190 1655 2534 1709 mercatores,
2563 1648 2870 1708 consulunt,
2909 1658 2963 1700 ut
2990 1663 3109 1699 eam
3138 1645 3490 1712 despondeat,
3519 1644 3618 1696 hoc

365 1737 592 1789 proxime
623 1746 777 1806 pacto
810 1735 1114 1790 obumbrari
1137 1745 1383 1803 putantes
1413 1734 1800 1804 turpitudinem
1833 1742 2152 1800 susceptam.
2201 1730 2393 1802 Itaque
2419 1734 2768 1804 Chrysoloras
2805 1750 3027 1789 mter-Ore
3055 1734 3348 1802 confectus,
3376 1733 3619 1805 “tinnul-

358 1841 450 1876 sus
480 1824 739 1893 precibus,
770 1824 911 1878 malo
943 1834 1183 1883 coactus,
1222 1824 1398 1894 ﬁliam
1422 1823 1520 1877 tibi
1553 1822 1744 1892 nuptui
1777 1820 1925 1875 dedit
1956 1838 1989 1875 a
2022 1831 2069 1875 te
2094 1831 2427 1892 corruptam.
2453 1822 2531 1877 Ex
2556 1823 2760 1891 quibus
2785 1823 2948 1877 simul
2980 1832 3148 1892 patet.
3176 1821 3458 1875 Francisei
3490 1817 3622 1871 Pbi-

362 1909 522 1977 tt-lpbi
564 1908 749 1980 [quem
778 1925 912 1965 ann.
942 1908 1003 1964 C.
1050 1910 1191 1966 1598
1223 1918 1411 1964 natum
1443 1924 1569 1965 esse
1608 1907 1853 1979 COnstal]
1884 1923 2142 1962 socerum
2175 1907 2444 1963 Joutnem
2484 1909 2878 1980 Citrysoloram
2904 1950 2919 1974 ,
2955 1926 3064 1964 non
3101 1910 3279 1973 illum,
3323 1908 3484 1978 cuius
3525 1924 3620 1961 su—

362 2016 457 2069 pra
494 2001 848 2063 metnioinus,
879 2016 1025 2054 anno
1053 2000 1261 2054 Christi
1303 2001 1432 2055 1541
1473 2001 1708 2065 clarum,
1743 2000 1836 2054 sed
1872 1998 2040 2052 alium
2089 1998 2260 2051 multo
2291 1998 2570 2066 juniorcm
2608 1998 2797 2053 fuisse.

436 2086 520 2142 Vl.
552 2086 821 2143 Indicium
856 2090 1057 2152 aetatis,
1091 2104 1197 2159 qua
1235 2098 1421 2143 noster
1452 2089 1819 2161 Cbrysoloras
1849 2086 1954 2142 fuit
1982 2097 2287 2155 superstes,
2322 2088 2623 2154 imperator
2645 2087 2890 2142 Joannes
2918 2088 3261 2155 Ρςιιιεοιοςιιε
3293 2086 3454 2140 nobis
3486 2100 3625 2154 pra:-

361 2177 470 2231 bet.
502 2176 581 2230 Ad
612 2178 757 2231 hunc
787 2178 932 2231 enim
971 2179 1185 2247 longam
1228 2179 1319 2231 ille
1353 2178 1577 2248 scripsit
1604 2177 1921 2246 epistolam,
1957 2191 2065 2243 qua
2096 2175 2619 2244 Constantinopolin:
2659 2193 2784 2229 cum
2819 2178 2989 2230 Itonia
3024 2183 3328 2243 comparat.
3364 2172 3469 2225 Sed
3509 2172 3622 2226 duo

366 2265 581 2320 fuerunt
607 2252 969 2335 imperatores
998 2264 1245 2320 Joannes
1285 2264 1600 2332 Palmttlogi.
1637 2262 1817 2327 Prior,
1855 2262 2157 2318 Andronici
2192 2262 2484 2330 i’alannlogi
2524 2263 2763 2331 junioris
2806 2264 2975 2325 ﬁlius,
3025 2261 3296 2315 Manuelis
3331 2259 3621 2329 Palmttlogi
3673 2282 3677 2285 -

367 2353 549 2419 frater,
579 2353 875 2421 imperium
910 2354 1014 2407 sub
1044 2354 1417 2408 Cantacuzeni
1459 2354 1630 2407 tutela
1657 2368 1794 2422 puer
1828 2368 1935 2404 acet

2070 2362 2202 2407 ann.
2231 2348 2294 2405 ὓ.
2331 2352 2462 2404 1541
2497 2369 2509 2404 :
2551 2352 2716 2404 vitam
2750 2368 2878 2404 ann.
2909 2351 2971 2404 C.
3004 2349 3133 2404 1⁸591
3172 2350 3390 2401 ei::usrt.
3428 2345 3620 2402 Poste-

364 2442 494 2505 rior,
541 2441 806 2498 Manuelis
829 2443 1120 2515 Palazologi
1162 2445 1326 2508 ﬁlius,
1365 2445 1666 2513 imperator
1697 2458 1826 2497 ann.
1864 2442 1928 2496 C.
1964 2441 2102 2495 1419
2138 2449 2384 2504 creatus,
2421 2457 2450 2495 e
2484 2439 2621 2493 vivis
2654 2455 2788 2493 anu.
2836 2438 2974 2494 1448
3001 2438 3262 2494 excessit.

443 2531 551 2586 VII.
580 2530 919 2588 'Posterioris
955 2531 1185 2588 Joannis
1213 2533 1503 2604 Palasologi
1540 2533 1879 2602 temporibus
1902 2531 2270 2601 Chrysoloras
2315 2540 2505 2583 noster
2526 2529 2752 2592 claruit,
2780 2529 2822 2580 si
2859 2531 3156 2584 nonnullos
3193 2548 3222 2586 e
3261 2531 3628 2601 scriptoribus

364 2623 758 2691 recentioribus
792 2621 1068 2676 audimus.
1100 2622 1250 2676 ιηιυτ
1283 2626 1381 2678 bos
1414 2623 1771 2692 reperiuntur
1818 2621 2056 2676 Joannes
2093 2620 2363 2673 Henricus
2390 2619 2673 2673 Alstedius
2697 2629 2747 2673 et
2783 2618 3062 2675 Gerardus
3092 2618 3337 2676 Joannes
3364 2619 3626 2675 Vossius.

362 2710 380 2762 l
411 2709 455 2761 Ie
487 2709 537 2761 in
569 2708 833 2764 Thesauro
863 2709 1269 2777 Chronologico,
1303 2711 1657 2779 cbronologia
1688 2710 1775 2773 50,
1802 2725 1922 2779 quit:
1944 2710 2392 2777 philosophorum
2419 2716 2525 2773 est,
2547 2706 2613 2761 ad
2647 2707 2856 2759 attn.C.
2894 2707 3032 2760 H40
3065 2724 3079 2760 :
3116 2706 3424 2762 Theodorus
3460 2707 3629 2763 Gaza.

364 2797 617 2869 Georgius
645 2798 1051 2870 Trapezuutius,
1088 2797 1349 2854 Emanuel
1375 2799 1747 2869 Chrysoloras,
1780 2809 1829 2851 et
1881 2797 2215 2851 Mataracius
2253 2796 2466 2865 ﬂorent.
2502 2795 2603 2849 llic
2632 2794 2726 2848 lib.
2764 2810 2814 2848 tv
2848 2794 2920 2848 De
2951 2794 3224 2850 historicis
3259 2793 3486 2860 ercis,
3510 2781 3632 2863 cap.

367 2886 438 2940 £9
474 2904 487 2939 :
526 2887 672 2940 Anno
713 2887 853 2940 1440
890 2903 949 2939 ac
977 2887 1218 2954 deinceps
1246 2888 1434 2956 floruit
1472 2886 1693 2942 Manuel
1730 2885 2110 2956 Chrysoloras.

444 2975 575 3032 Vill.
604 2977 708 3030 Sed
746 2988 974 3046 uterque
1006 2977 1227 3048 longius
1257 2992 1287 3030 a
1320 2992 1451 3031 vero
1484 2976 1815 3046 digreditur,
1851 2989 1979 3029 cum
2006 2973 2374 3045 Clu-ysoloras
2412 2982 2602 3029 noster
2630 2974 2767 3027 adeo
2790 2988 2896 3027 non
2930 2988 3058 3026 ann.
3093 2972 3157 3027 C.
3189 2973 3320 3027 1410
3344 2975 3630 3039 claruerit,

372 3077 437 3118 nt
473 3066 656 3120 multis
691 3067 849 3119 annis
881 3078 1008 3120 ante
1040 3077 1308 3132 mortuus,
1346 3082 1414 3122 ne
1442 3076 1557 3120 tum
1591 3066 1836 3134 quidem,
1860 3078 1984 3118 cum
2020 3062 2266 3118 Joannes
2297 3062 2638 3133 l‘alazologns
2668 3062 3159 3131 juniorimperare
3198 3063 3387 3132 coepit,
3425 3062 3526 3115 hoc
3554 3072 3637 3115 cst

370 3170 503 3207 ann.
534 3155 596 3206 Ο.
632 3154 794 3219 1419,
824 3154 878 3207 in
919 3154 1059 3208 vivis
1093 3154 1369 3209 exstiterit
1409 3154 1595 3210 :sicut
1622 3168 1707 3215 ea,
1747 3167 1870 3222 qua:
1896 3166 2023 3205 mox
2064 3150 2385 3216 adet-emus,
2419 3153 2735 3206 ostendent.

443 3242 533 3296 IX.
576 3245 631 3295 in
665 3242 865 3297 litteris
903 3243 1064 3296 modo
1098 3244 1355 3307 laudatis,
1390 3242 1456 3296 ad
1486 3241 1752 3296 Joannem
1781 3240 2150 3308 Palzcologum
2190 3240 2580 3310 imperatorem
2617 3239 2870 3307 scriptis,
2905 3239 3271 3310 Chrysoloras
3305 3248 3513 3303 uoster,
3540 3240 3636 3308 qui

371 3347 497 3387 ante
522 3331 798 3386 biennium
838 3332 891 3385 in
922 3329 1198 3385 Britannia
1232 3331 1465 3385 Londini
1500 3329 1702 3395 fuerat,
1743 3330 1799 3382 in
1830 3328 1964 3383 urbe
1999 3327 2170 3381 Roma
2202 3342 2262 3381 se
2285 3328 2613 3382 commorari
2646 3336 2900 3383 testatur.
2937 3327 3007 3381 Ite
3031 3327 3247 3395 quibus,
3274 3328 3475 3396 inquit,
3512 3345 3640 3393 pro-

371 3423 533 3473 lixius
567 3421 634 3473 ad
663 3429 709 3473 te
734 3420 1062 3488 referendum
1095 3428 1232 3481 erat,
1267 3419 1462 3487 Optime
1485 3423 1794 3485 imperator,
1830 3433 1891 3471 ea
1919 3415 2046 3471 aliis
2085 3416 2280 3471 litteris
2315 3417 2624 3485 perscripsi,
2662 3432 2793 3485 quas
2827 3434 2931 3471 una
2966 3432 3083 3470 cum
3117 3417 3256 3469 hisce
3286 3416 3355 3468 ad
3385 3425 3434 3469 te
3462 3415 3639 3481 perte.-

375 3522 487 3559 tum
522 3508 589 3560 iri
619 3519 743 3576 puto
770 3522 788 3560 :
819 3507 946 3577 quin
982 3509 1088 3560 imo
1123 3524 1240 3560 cum
1274 3508 1446 3560 multa
1481 3506 1692 3576 quidem
1716 3507 1832 3576 jam
1856 3515 1979 3559 ante
2006 3505 2128 3558 hinc
2162 3509 2231 3558 ad
2264 3516 2312 3560 te
2353 3506 2681 3572 scripserim,
2711 3514 2761 3559 et
2794 3522 2895 3559 non
2926 3522 3099 3573 pauca
3123 3506 3284 3559 etiam
3316 3506 3637 3573 nuperrimis

378 3601 573 3652 litteris
603 3614 619 3651 :
651 3598 848 3665 placuit
882 3611 1061 3650 tamen
1084 3598 1194 3650 ha’c
1227 3597 1545 3665 subjungere
1578 3597 1894 3667 uoluptatis,
1928 3610 2031 3649 non
2068 3593 2327 3647 utilitatis
2361 3595 2541 3663 gratia
2581 3609 2598 3646 .'
2635 3610 2789 3661 quam
2826 3610 2928 3647 non
2980 3595 3229 3664 exiguam
3272 3610 3351 3647 me
3375 3595 3641 3662 percipere

378 3689 569 3750 sentio,
597 3688 721 3738 dum
752 3703 863 3739 mea
891 3688 1092 3756 scripta
1115 3703 1283 3740 sacra:
1308 3699 1413 3740 tute
1446 3686 1721 3755 majestati
1751 3686 1936 3754 oﬂ‘ero.
1965 3688 2244 3740 Materiam
2273 3702 2387 3739 vero
2410 3688 2686 3755 prtesentis
2708 3686 3012 3754 scriptionis
3037 3700 3100 3737 e1:
3125 3687 3224 3738 hac
3257 3685 3383 3738 urbe
3403 3686 3639 3753 capiam,

378 3790 535 3843 quam
571 3783 725 3826 antea
758 3774 967 3840 quidem
997 3788 1060 3825 ea:
1089 3772 1317 3826 aliorum
1349 3775 1702 3827 relationibus
1732 3774 2094 3837 admirabar;
2128 3775 2218 3827 sed
2251 3790 2390 3827 nunc
2429 3788 2494 3826 ea:
2523 3775 2639 3841 ipsa
2667 3775 2993 3841 inspectione
3016 3774 3183 3826 multo
3207 3789 3320 3826 eam
3343 3774 3512 3842 magis
3540 3774 3638 3824 atl-

386 3862 687 3913 rimandum
711 3861 923 3930 judico,
958 3877 1120 3930 quam
1154 3877 1217 3914 ex
1256 3861 1345 3924 iis,
1379 3876 1494 3930 qua:
1530 3863 1593 3914 de
1621 3861 1717 3913 illa
1755 3871 2071 3926 narrantur,
2108 3861 2428 3927 simpliciter
2459 3861 2655 3931 aliquis
2688 3862 2971 3930 conjiciat.
3007 3861 3214 3914 Ibidem
3258 3869 3381 3928 post
3417 3862 3585 3912 multa
3623 3876 3637 3914 :

388 3952 502 4002 Duo
531 3959 703 4002 autem
736 3949 1051 4015 luminaria,
1090 3948 1169 4003 uel
1196 3948 1354 4013 soles,
1388 3958 1481 4001 aut
1511 3947 1666 4002 ctelos
1703 3950 1931 4018 integros
1974 3949 2067 4003 Dei
2122 3950 2349 4019 gloriam
2381 3960 2716 4011 enarrantes,
2755 3949 2992 4012 Petrum,
3022 3948 3265 4017 inquam,
3291 3957 3341 3999 et
3384 3946 3639 4009 Paulum,

385 4055 607 4104 quarunt
643 4039 875 4108 reliquiis
907 4039 992 4091 hic
1015 4038 1131 4091 sita:
1159 4047 1310 4103 sunt,
1340 4048 1389 4091 et
1423 4039 1492 4090 ad
1524 4054 1746 4106 quorum
1776 4048 2118 4090 monumenta
2158 4038 2266 4091 lue:
2297 4037 2494 4100 scribo,
2524 4038 2641 4104 quis
2684 4036 2842 4107 digne
2868 4035 3279 4090 admirabitur?
3310 4034 3434 4091 Post
3469 4036 3642 4089 multo

388 4128 643 4198 pauciora
678 4143 691 4183 :
732 4126 796 4179 Et
827 4128 1083 4181 memoria
1117 4126 1203 4179 hic
1230 4135 1402 4193 repeto
1433 4142 1681 4194 pompam
1724 4137 1772 4180 et
1803 4127 2036 4180 solemne
2072 4126 2290 4194 festum,
2328 4129 2467 4195 quod
2518 4125 2746 4180 Londini
2780 4127 2834 4179 in
2887 4126 3181 4180 Britannia
3239 4125 3407 4191 ipsius
3439 4124 3645 4178 επιεωὲ

389 4217 553 4269 utaris
585 4216 863 4284 oceanique
894 4215 1095 4281 insula,
1120 4224 1244 4269 ante
1275 4216 1567 4283 biennium,
1597 4231 1679 4269 me
1705 4231 1767 4270 ac
1795 4217 2049 4270 comitatu
2075 4230 2185 4269 meo
2217 4225 2475 4283 praesente
2496 4225 2546 4269 et
2573 4223 2863 4286 spectante,
2890 4215 2956 4269 ab
2986 4215 3100 4285 ejus
3135 4214 3239 4267 loci
3276 4214 3470 4267 incolis
3497 4212 3646 4266 hisce

391 4303 638 4391 apostolis
669 4305 1055 4358 celebrabatur.
1222 4364 1255 4391 κ

464 4384 531 4447 XL
608 4393 662 4448 in
700 4394 911 4449 Italiam
946 4411 1079 4450 vero
1100 4384 1467 4467 Cltrjsoloras
1502 4404 1714 4463 noster,
1764 4395 1834 4451 ab
1865 4396 2198 4463 imperatore
2234 4390 2446 4447 Joanne
2480 4389 2784 4459 Palaeologo
2815 4390 2884 4444 de
2914 4387 3315 4459 conquirendis
3374 4385 3655 4459 adversus.

393 4484 600 4538 Turcas
633 4483 849 4539 auxiliis
876 4485 942 4539 ad
972 4485 1202 4553 populos
1231 4485 1464 4555 Europae
1495 4487 1718 4545 missus.
1756 4486 1907 4541 venit
1942 4525 1958 4549 ,
1992 4491 2054 4536 ut
2109 4480 2309 4536 Paulus
2363 4478 2557 4534 Jovius
2591 4479 2643 4531 in
2673 4477 2966 4532 doctomm
3014 4479 3263 4530 virorum
3296 4473 3493 4543 elogiis
3526 4488 3649 4540 cap.

391 4576 462 4630 23
491 4573 713 4629 iudicat.
759 4573 817 4629 Is
848 4574 1140 4647 [Entanuel
1172 4573 1589 4647 Cbrysoloras],
1620 4577 1720 4640 ait,
1750 4574 2015 4645 Byzantio
2046 4572 2322 4626 emissusa
2351 4567 2561 4622 Joanne
2586 4569 2926 4635 imperatore,
2962 4575 3014 4617 ut
3052 4565 3216 4618 totius
3249 4562 3477 4630 Europw
3504 4578 3647 4632 reget

393 4663 659 4729 adeundo,
692 4664 933 4732 pereunti
970 4662 1190 4719 Grazcia:
1230 4674 1498 4718 maturam
1536 4679 1684 4731 opem
1710 4664 2049 4732 imploraret.
2754 4734 2761 4738 ἢ

465 4752 554 4806 XI.
594 4751 786 4806 Sedem
824 4753 877 4805 in
913 4754 1065 4807 Italia
1089 4754 1309 4808 sibimet
1336 4752 1606 4823 ﬁgendam
1637 4767 1759 4806 esse
1785 4762 1962 4812 ratus,
1995 4751 2208 4805 litteras
2232 4748 2457 4804 Graecas
2481 4745 2844 4816 septingentis
2872 4744 3033 4798 annis
3067 4744 3368 4811 neglectas,
3408 4741 3657 4809 primum

394 4839 655 4902 Venetiis,
691 4857 810 4895 mox
847 4841 1160 4905 Florentiae,
1188 4850 1378 4910 postea
1420 4840 1631 4900 Romae.
1664 4840 1889 4894 tandem
1921 4839 2101 4894 Ticini
2135 4836 2366 4891 docebat
2400 4852 2415 4891 ε
2449 4834 2795 4888 Leonardum
2830 4831 3074 4883 Brunum
3138 4829 3450 4891 Arelinu'n,
3481 4824 3654 4879 Fran-

397 4932 599 4984 ciscum
624 4928 946 4995 Barbarum,
976 4930 1335 4985 Frauciscum
1361 4928 1733 4998 Pltilelplrum,
1765 4928 2065 4998 Baptistam
2089 4926 2421 4990 Guarinum,
2447 4922 2716 5001 Joannem
2747 4919 3101 5000 Franciscunt
3132 4914 3398 4984 Poggiutn
3429 4915 3664 4968 etalios

399 5018 629 5074 habebat
659 5018 974 5088 discipulos.
1001 5017 1242 5075 Joannes
1279 5018 1611 5073 Franciscus
1639 5016 1875 5088 Poggius
1912 5018 1967 5072 iu
1996 5016 2350 5087 Cbrysoiorae
2381 5014 2556 5067 nostri
2588 5012 2864 5065 tumulum
2897 5023 2911 5059 :

680 5133 780 5204 IIic
805 5144 881 5189 est
911 5135 1174 5191 Emanuel
1205 5137 1360 5204 situs,
2256 5131 2605 5204 Atticwpnte
2640 5125 2944 5204 reconditaz.

674 5203 953 5259 Sermonis
979 5208 1137 5261 decus
1171 5198 1357 5271 Attici,
2257 5202 2355 5271 lies
2388 5200 2518 5271 belle
2541 5198 2735 5271 cecidit
2763 5198 2871 5271 tuis

677 5275 800 5350 Qui,
842 5279 966 5330 dum
998 5294 1231 5350 quterere
1260 5268 1406 5345 opem
1437 5278 1629 5350 patriai
2265 5270 2435 5350 Yotis,
2462 5268 2743 5350 Entapue't,
2768 5268 2883 5350 εριο

673 5337 880 5416 Alfecta’
910 5337 1105 5411 studet,
1132 5347 1231 5402 huc
1262 5337 1345 5404 iit.
1437 5337 1448 5350 ’
2255 5342 2653 5416 consecutusin
2692 5337 2835 5392 Italo

677 5407 776 5472 Res
810 5417 938 5472 belle
974 5407 1157 5472 cecidit
1187 5421 1291 5474 tuis
2254 5411 2326 5465 ΑΞ
2334 5425 2537 5465 ternum
2564 5408 2723 5463 decus
2753 5425 2826 5467 es.
2852 5407 2946 5462 tibi

690 5487 855 5552 Votis,
883 5488 1094 5552 Italia;
1120 5492 1205 5543 hic
1243 5492 1367 5544 tibi
2257 5483 2431 5549 Quale
2469 5479 2675 5534 Gra‘cia
2697 5495 2811 5552 _non
2840 5480 3011 5541 dedit,

675 5548 892 5629 Lingua:
924 5548 1152 5614 restituit
1182 5562 1379 5639 decus-
2257 5548 2409 5608 Bello
2438 5553 2650 5620 perdita
2685 5548 2913 5605 Cra'cia.

477 5671 794 5726 Leona'dus
830 5671 1045 5727 Brunus
1076 5674 1338 5730 Aretinus
1370 5674 1422 5729 in
1462 5673 1707 5730 Historia
1735 5691 1914 5728 rerum
1955 5671 2275 5725 Italicarum
2302 5667 2386 5721 sui
2415 5664 2679 5733 temporis
2720 5684 2732 5718 :
2765 5663 2980 5717 Littera:
3000 5674 3204 5742 quoque
3235 5672 3326 5728 per
3355 5655 3514 5726 hujus
3539 5654 3669 5709 belli

406 5760 847 5829 intercapedines,
880 5761 1129 5817 mirabile
1156 5774 1411 5830 quantum
1439 5780 1532 5834 per
1560 5762 1778 5817 Italiam
1811 5765 2095 5819 increvcre.
2124 5757 2405 5812 accedente
2430 5765 2555 5807 tunc
2587 5755 2814 5822 primum
2851 5752 3150 5822 cognitione
3186 5748 3491 5801 litterarum
3516 5743 3665 5799 (irre-

408 5864 610 5913 curum,
647 5864 760 5917 qua:
791 5849 1132 5921 septingentis
1167 5853 1291 5922 jam
1317 5853 1470 5907 annis
1504 5854 1645 5924 apud
1674 5861 1879 5906 nostros
1904 5850 2137 5904 homines
2172 5846 2445 5900 desierunt
2475 5844 2660 5898 essein
2693 5859 2810 5896 usu.
2844 5840 3255 5920 Retulitautem
3282 5834 3523 5891 Graecam
3547 5835 3661 5888 dis.
