3972 6444
259 336 330 406 19
479 312 483 319 ’
590 340 593 343 ·
1437 352 2414 424 MANUELISCHBYSOLOM
3444 377 3515 440 20

249 460 507 529 ciplinam
535 462 605 517 ad
639 480 732 520 nos
759 463 1112 536 Chrysalum:
1138 467 1457 541 Byzantius,
1493 475 1572 527 vir
1593 474 1739 529 domi
1770 476 1983 543 nobilis,
2017 497 2079 534 ac
2108 479 2410 535 litterarum
2434 480 2740 538 Craterum
2763 487 3137 553 peritissimus.
3179 487 3278 542 Hic
3300 492 3510 545 obsessa

248 567 279 598 α
311 546 493 603 Turcis
523 552 731 621 patria,
780 551 1014 608 Venetias
1057 557 1193 610 mari
1221 557 1432 612 delatus
1466 561 1659 625 primo,
1704 577 1830 615 mox
1878 567 2067 619 audita
2116 570 2231 638 ejus
2269 570 2437 624 fama.
2471 574 2725 625 invitatus
2761 576 2979 644 benigne
3029 591 3090 627 ac
3125 576 3448 643 postulatus,
3485 594 3512 631 e

247 634 453 689 salario
492 639 706 706 publico
739 639 965 709 aﬂ'ectus
998 639 1333 699 Florentium
1368 649 1532 711 venit,
1565 650 1650 702 sui
1684 652 1892 717 copiam
1920 634 2204 723 juvenibus
2263 657 2619 712 exhibiturus.
2665 658 2775 730 Ego
2797 634 2968 728 per'id
2995 634 3197 731 tempus
3220 664 3340 733 juri
3366 634 3512 720 civili

247 738 465 791 operam
495 727 713 785 dabam.
749 745 853 783 non
881 732 1029 786 rudis
1062 743 1240 787 tamen
1273 746 1587 790 astet-orum
1625 737 1950 796 studiorum.
1988 741 2134 795 Nam
2168 755 2218 796 et
2245 755 2441 798 natura
2464 727 2763 816 ﬂagrabain
2798 727 3203 819 disciplinarum
3228 768 3430 809 amore.
3457 764 3508 806 et

245 810 544 869 dialecticis
581 832 644 868 ac
682 816 981 873 rhetoribus
1013 837 1117 874 non
1147 838 1353 892 segnem
1383 839 1594 891 operam
1621 826 2007 894 impenderam.
2040 827 2229 898 Itaque
2273 826 2330 884 in
2361 810 2588 887 adventu
2613 810 2954 903 (ἰὴν-θεοῖοτῷ
2976 852 3165 906 anceps
3191 838 3400 904 quidem
3426 839 3509 907 fu-

243 907 360 953 ctus
383 917 526 964 sum,
554 920 672 958 cum
703 916 753 959 et
781 909 1021 962 studium
1042 912 1190 980 juris
1220 915 1460 967 deserere
1506 914 1838 985 ﬂagitiosum
1871 917 2143 983 ducerem,
2179 928 2229 972 et
2266 928 2470 973 tantam
2509 922 2839 976 occasionem
2872 923 3173 977 litterarum
3200 925 3507 981 Gra'carum

242 987 649 1047 ediscendarum
688 998 1096 1063 pra'termittere
1130 999 1301 1054 scelus
1344 1002 1733 1071 quodammodo
1782 1004 2101 1061 arbitrarer.
2139 1007 2344 1062 Ibidem
2397 1009 2561 1078 paulo
2602 1019 2770 1079 post:
2818 1010 2918 1066 His
2957 1014 3169 1065 tandem
3209 1013 3505 1067 rationibus

239 1088 594 1147 expugnatus.
632 1082 968 1154 Clttysolorre
1007 1104 1086 1141 me
1111 1088 1334 1154 tradidi,
1375 1100 1527 1146 tanto
1550 1092 1789 1147 discendi
1815 1091 2027 1155 ardore,
2063 1103 2119 1147 ut
2152 1110 2269 1162 qua:
2299 1111 2392 1163 per
2417 1096 2556 1150 diem
2586 1098 2815 1167 vigilans
2840 1101 3204 1168 percepisset»,
3240 1117 3302 1153 ea
3347 1114 3506 1155 noctu

238 1176 445 1231 quoque
483 1165 753 1222 dormiens
783 1173 1067 1239 agitarem.
1099 1174 1300 1228 lterum
1339 1179 1534 1247 paucis
1565 1179 1948 1249 interpositis:
2000 1182 2157 1250 Apud
2207 1184 2347 1238 hunc
2381 1201 2475 1254 ego
2523 1165 2847 1257 magistrum
2880 1165 3043 1257 supra
3094 1188 3365 1243 biennium
3396 1191 3501 1259 fui,

237 1249 519 1344 institutus
542 1270 671 1309 sane
707 1258 982 1325 probabili
1017 1270 1177 1326 atque
1206 1265 1406 1329 aptium
1443 1266 1751 1335 disciplina.
1795 1268 1997 1326 Paulus
2025 1249 2217 1328 Jovius
2254 1274 2308 1327 in
2340 1249 2636 1329 doctorum
2678 1276 2916 1330 virorum
2946 1249 3192 1344 telogiis.
3223 1293 3345 1344 cap.
3376 1249 3446 1333 95

250 1332 475 1392 Venetiis
509 1342 762 1407 primum,
798 1356 847 1397 et
878 1362 1004 1401 mox
1036 1346 1328 1405 Florentia:
1386 1350 1668 1422 Romaeque
1703 1370 1767 1407 ac
1799 1356 2014 1412 demum
2049 1359 2240 1427 Ticini,
2268 1371 2517 1416 evocante
2544 1361 2755 1417 Joanne
2779 1361 3025 1418 Galeatio
3056 1365 3315 1433 principe,
3343 1363 3500 1420 Grie-

236 1438 420 1476 cnrum
451 1426 753 1482 litterarum
784 1435 1023 1487 studium
1058 1438 1332 1501 excitavit,
1371 1450 1520 1494 tanta
1546 1442 1831 1505 felicitate,
1864 1458 1922 1498 ut
1962 1462 2026 1500 ea:
2052 1449 2168 1516 ejus
2199 1450 2381 1503 schola
2413 1466 2657 1511 summas,
2695 1466 2788 1502 nec
2825 1450 2943 1503 ideo
2987 1449 3285 1506 interitura:
3318 1452 3500 1507 laudis

233 1513 449 1582 ingenia
498 1520 837 1588 prodierint;
881 1533 940 1575 ut
983 1528 1130 1595 queis
1161 1528 1309 1596 fuere
1355 1529 1670 1591 Leonardus
1722 1533 1993 1595 Arctatus,
2052 1513 2374 1589 li't'attciscus
2405 1536 2704 1602 Barbarus,
2752 1536 3089 1606 Philelphus,
3135 1537 3407 1593 Guarinus
3450 1552 3501 1593 et

232 1596 493 1670 Poggius.

304 1693 423 1753 XII.
444 1700 729 1794 ‘I'mttpus,
758 1720 869 1774 quo
887 1707 1250 1781 Cbrysoloras
1275 1725 1467 1770 noster
1496 1716 1548 1769 in
1573 1716 1729 1772 italia
1764 1719 1980 1777 litteras
2001 1720 2223 1775 Grareas
2249 1720 2497 1789 proﬁteri
2527 1723 2778 1790 coeperit,
2816 1737 2925 1776 non
2954 1725 3216 1779 distincte
3241 1725 3496 1794 quidem,

231 1791 473 1844 attamen
497 1791 764 1862 indicant,
795 1800 886 1867 qui
919 1803 1023 1855 sub
1055 1801 1348 1860 Bonifacio
1374 1806 1442 1859 IX
1483 1804 1553 1878 [is
1584 1807 1890 1863 Roma-num
1940 1806 2321 1877 pontiﬁcatum
2351 1822 2498 1860 anim
2528 1809 2734 1863 Christi
2766 1808 2902 1864 1589
2925 1822 3139 1870 nactus.
3170 1791 3500 1868 annoCln-i-

220 1877 299 1930 sti
336 1877 475 1933 1404
510 1892 737 1937 mortem
764 1886 923 1959 obiit]
957 1906 1074 1943 eam
1110 1908 1222 1946 rem
1258 1877 1544 1963 accepisse
1578 1898 1824 1952 tradunt.
1859 1896 2007 1951 Inter
2034 1896 2133 1949 Itos
2170 1893 2414 1964 Baptista
2444 1897 2664 1950 Platina
2721 1898 2774 1950 in
2815 1896 3082 1953 Bonifacii
3140 1899 3211 1952 IX
3242 1898 3350 1953 vita
3383 1917 3397 1953 :
3428 1899 3498 1954 In

230 1969 399 2018 tantis
433 1977 615 2021 autem
647 1973 825 2034 malis,
861 1975 1052 2044 quibus
1095 1980 1366 2047 provincia
1392 1992 1574 2036 nostra
1633 1985 2016 2054 aﬂlictabatur,
2054 2000 2217 2036 unum
2252 1994 2429 2038 tamen
2462 1985 2653 2036 bonum
2690 1986 2744 2037 in
2793 1983 3018 2039 Italiam
3051 1991 3326 2041 advectum
3386 2000 3491 2043 est.

227 2053 312 2106 Ad
349 2070 442 2109 nos
480 2056 621 2109 enim
646 2055 999 2129 Chrysolorns
1038 2064 1338 2135 Byzantius
1369 2070 1578 2124 litteras
1615 2053 1834 2127 Grtecas
1862 2075 2070 2133 attulit,
2105 2089 2223 2143 qua:
2251 2074 2410 2126 annis
2436 2072 2551 2142 jam
2581 2075 2883 2142 quingentis
2923 2074 3040 2146 [alii
3091 2077 3491 2147 scptingcntis|

225 2141 281 2192 in
307 2139 436 2195 Itali
460 2146 848 2202 conticuerant.
894 2148 1034 2205 Hinc
1065 2153 1265 2207 (ἔντεσιν
1297 2154 1609 2227 Latineque
1633 2160 1829 2229 lingua:
1856 2161 2047 2215 schola:
2072 2139 2271 2215 ea'ortte
2321 2172 2464 2218 sunt.
2502 2161 2759 2229 iBHpItat'l
2816 2162 3040 2218 Molibus
3094 2163 3491 2221 Volaterranos

225 2230 764 2289 (Initum-utariornm
807 2240 902 2293 lib.
941 2258 1028 2295 xxI
1058 2259 1071 2296 :
1119 2242 1229 2300 Hos
1265 2244 1452 2317 [Italos
1482 2264 1576 2315 per
1603 2248 1871 2305 Joannem
1904 2249 2308 2321 Ravennatem]
2337 2253 2411 2304 ita
2429 2251 2548 2319 jam
2578 2250 2785 2303 Latinis
2820 2249 3052 2320 legitime
3084 2252 3284 2306 litteris
3310 2253 3489 2306 imbu-

227 2329 303 2368 tos
341 2318 598 2375 It’manuel
621 2324 968 2395 Chrysoloras
995 2331 1176 2384 schola
1212 2350 1400 2389 rursus
1424 2338 1649 2405 excepit,
1683 2341 1774 2406 qtti
1802 2349 2091 2408 prtereitor
2121 2338 2323 2394 Crterw
2349 2341 2546 2407 lingua:
2575 2337 2868 2408 Byzantius
2895 2356 3105 2407 genere,
3134 2342 3226 2393 sub
3265 2340 3492 2408 Bonifa.

221 2408 303 2460 rio
340 2407 422 2462 IX
459 2414 513 2464 in
542 2410 765 2469 Italiam
798 2429 1031 2485 venerat,
1062 2423 1403 2494 primumque
1454 2426 1709 2489 Venetiis,
1737 2430 1925 2482 deinde
1961 2427 2253 2482 Horcntiw
2284 2430 2488 2482 docuit.

295 2520 437 2578 XIII.
468 2524 867 2597 Quamobrem,
904 2546 1030 2587 cum
1071 2531 1320 2592 Joannes
1366 2537 1708 2609 Palmologus
1739 2541 2025 2619 seniorkitl
2057 2550 2164 2603 est,
2196 2541 2492 2597 Andronici
2528 2541 2814 2611 Palreologi
2845 2544 3089 2612 junioris
3121 2545 3287 2609 illius,
3333 2560 3485 2601 anno

217 2609 423 2666 Christi
459 2614 600 2669 1589
629 2617 948 2687 Byzantinis
979 2620 1356 2691 imperaverit,
1385 2641 1546 2689 quem
1584 2643 1713 2681 ann.
1748 2628 1811 2682 C.
1839 2609 1967 2682 1591
2003 2638 2276 2682 mortuum
2302 2630 2618 2699 chremologi
2655 2609 2909 2687 meliores
2938 2633 3159 2689 tradunt
3185 2675 3200 2697 ,
3233 2633 3368 2688 nihil
3399 2650 3484 2688 re-

221 2710 425 2768 pugnat
455 2702 837 2776 chronologia,
868 2710 1166 2777 quominus
1188 2711 1548 2784 Chrysoloras
1581 2725 1766 2771 noster
1798 2730 1828 2769 a
1853 2714 2064 2771 Joanne
2087 2717 2394 2788 Palmologo
2418 2719 2635 2774 seniore
2662 2721 2953 2787 postremis
2981 2722 3079 2776 aevi
3113 2722 3195 2777 sui
3219 2723 3483 2791 tempori-

217 2787 321 2840 bus
346 2788 397 2840 iu
430 2785 778 2848 Occidentem
808 2794 873 2851 ad
901 2796 1127 2867 auxilia,
1155 2814 1277 2869 quae
1312 2800 1508 2857 Turcis
1541 2812 1972 2873 oopon-erentnr,
2007 2807 2314 2876 expetenda
2332 2785 2571 2874 iuissus,
2606 2785 2905 2864 inltaliam
2954 2812 3058 2865 sub
3091 2810 3380 2894 Bonifacio
3409 2808 3480 2864 IX

215 2877 407 2930 venire
440 2882 705 2948 potuerit.

289 2988 433 3045 XIV.
459 3081 470 3082 ί
501 2993 720 3051 Annum
755 3014 914 3068 sane,
946 3015 1059 3071 quo
1086 3003 1307 3060 Graecas
1334 3004 1552 3061 litteras
1587 3006 1642 3062 in
1676 3007 1889 3063 Italiam
1925 3009 2292 3082 Chrysoloras
2320 3010 2530 3077 retulit,
2562 3011 2826 3067 Bonil‘ucii
2866 3011 2938 3067 IX
2990 3013 3230 3082 primum
3289 3011 3464 3067 fuisse

216 3075 419 3134 Paulus
452 3081 687 3154 Langius
717 3088 769 3141 in
803 3087 1071 3144 Chronico
1095 3091 1351 3148 Citicensi
1373 3095 1589 3159 statuit,
1616 3111 1738 3151 cum
1776 3099 1843 3152 ad
1876 3114 2005 3153 ann.
2133 3099 2271 3155 1589
2300 3098 2495 3155 scribit
2517 3075 2542 3152 7:
2579 3098 2776 3153 Eodem
2807 3117 2947 3154 anno
2983 3075 3339 3172 Chrysoloras
3370 3102 3477 3173 By-

211 3174 460 3230 zantinus
488 3178 825 3247 disciplinam
864 3182 1176 3238 Graecarum
1218 3187 1523 3244 litterarum
1551 3190 1605 3243 in
1644 3185 1864 3242 Italiam
1906 3186 2112 3250 retulit,
2139 3203 2259 3257 qua:
2292 3204 2386 3258 per
2416 3188 2774 3257 septingentos
2794 3188 2912 3254 jam
2946 3206 3115 3245 annos
3146 3189 3293 3256 apud
3321 3206 3470 3244 eam-

208 3261 327 3313 dem
365 3263 419 3315 in
448 3281 549 3318 usu
582 3282 684 3320 non
712 3271 951 3337 fuerunt.

281 3376 397 3434 XV.
439 3380 686 3449 Accedit,
714 3385 863 3454 quod
888 3387 1113 3444 obsessa
1145 3404 1245 3457 per
1275 3388 1492 3445 Turcas
1520 3390 1698 3460 Cpoli.
1737 3401 1918 3447 terras
1949 3391 2171 3447 Italicas
2230 3392 2528 3446 intraviSse
2560 3392 2951 3463 Cbrysoloram
3002 3402 3277 3455 nostrum,
3335 3410 3475 3463 prir—

207 3476 487 3533 ceptorem
521 3485 683 3526 suum
720 3473 1041 3532 Leonartlus
1081 3476 1297 3533 Brunus
1330 3479 1600 3534 Aretinus
1647 3480 1700 3534 iu
1737 3480 1983 3535 Historia
2020 3496 2199 3533 rerum
2232 3479 2555 3533 Italicorum
2597 3480 2680 3535 sui
2721 3479 2986 3548 temporis
3022 3491 3228 3546 narret,
3265 3482 3359 3537 ubi
3401 3485 3473 3538 de

208 3556 376 3611 rebus
403 3566 528 3613 ante
561 3575 769 3615 annum
797 3563 1004 3620 Christi
1039 3566 1181 3621 I400
1213 3568 1385 3636 gestis
1416 3570 1527 3638 agit
1559 3584 1575 3625 :
1617 3583 1781 3637 quem
1823 3571 2003 3623 locum
2035 3567 2062 3638 ᾗ
2102 3567 2159 3620 11
2218 3568 2602 3637 produximus.
2640 3567 2805 3621 Certe
2842 3566 3124 3636 Bajazetes
3155 3568 3466 3645 Turcarum

207 3645 467 3714 princeps
495 3647 687 3716 (Zpolin
724 3667 819 3716 per
848 3652 1493 3722 integranndecennium
1532 3654 1918 3709 obsidionibus
1964 3655 2206 3718 vexavit,
2241 3669 2478 3721 quarum
2514 3655 2731 3708 initium
2778 3655 3049 3724 Georgius
3085 3656 3340 3712 Phranza
3375 3674 3466 3712 re-

208 3734 314 3783 εει-ι
343 3732 409 3785 aal
439 3749 645 3787 annum
689 3738 875 3790 mundi
910 3737 1159 3795 Graecum
1194 3741 1444 3813 6900,_in
1478 3758 1640 3811 quem
1675 3742 1803 3796 anui
1843 3741 2171 3805 Christiani,
2201 3753 2253 3796 et
2289 3742 2418 3796 1591
2458 3742 2663 3805 exitus,
2701 3751 2757 3796 et
2790 3744 2929 3798 I592
2957 3744 3291 3813 principium
3327 3746 3466 3799 inci-

202 3817 303 3870 dit.
338 3818 405 3873 At
439 3822 602 3886 enim,
643 3825 719 3877 ait
751 3824 845 3880 lib.
882 3841 900 3880 ι
931 3825 1217 3894 Cltt‘mtici,
1249 3809 1823 3900 capfl9,_interprete
1846 3827 2052 3885 Iacobo
2086 3831 2361 3893 Pontano,
2398 3831 2601 3897 videns,
2633 3809 2970 3903 [Bajazetesj
3005 3809 3308 3887 Maniselem
3336 3831 3469 3905 [Pa-

206 3903 511 3976 latologum,
547 3925 711 3979 quem
747 3910 983 3970 Joannes
1018 3914 1358 3987 Palaeologus
1385 3920 1575 3974 multis
1603 3928 1729 3973 ante
1756 3931 1988 3974 mortem
2020 3934 2174 3975 suam
2214 3917 2376 3972 annis
2398 3934 2785 3973 successorem
2817 3919 3224 3990 designat-orat,
3252 3933 3465 3976 mortu-

202 4009 380 4063 usque
409 4012 787 4055 successorem
822 4001 1034 4073 habuit]
1067 3996 1396 4072 ceterosque
1448 4008 1739 4076 principes,
1767 4011 1831 4063 de
1862 4008 2055 4078 quibus
2083 4024 2268 4076 supra,
2302 4009 2569 4061 conventis
2598 4025 2699 4061 non
2735 4009 2963 4073 stetisse,
3004 4022 3056 4062 ut
3096 4027 3151 4064 se
3174 4026 3461 4080 sequeren-

200 4092 310 4148 tur,
348 4095 397 4137 et
435 4085 622 4141 doctus
651 4089 716 4142 de
749 4092 1013 4157 omnibus,
1042 4109 1160 4159 qua:
1196 4094 1448 4147 adversus
1476 4112 1533 4148 se
1566 4096 1974 4160 deliberassent,
2007 4096 2202 4148 bellant
2237 4112 2394 4165 grave
2420 4096 2618 4149 indixit
2651 4111 2670 4148 :
2695 4106 2745 4149 et
2779 4114 2919 4150 anno
2951 4099 3138 4152 mundi
3167 4097 3310 4152 6900
3338 4099 3461 4154 urbi

203 4184 344 4225 terra
371 4175 632 4239 marique.
666 4177 943 4234 obsidione
965 4181 1204 4245 admota,
1241 4184 1560 4237 omnimodis
1584 4200 1700 4237 eam
1736 4185 1894 4251 longo
1934 4193 2165 4250 tempore
2202 4187 2543 4252 oppugnavit.
2591 4182 2727 4237 Cum
2759 4201 2818 4238 eo
2850 4202 2970 4238 cum
3000 4188 3241 4240 exercitu
3274 4204 3459 4258 perge-

200 4269 299 4323 rel,
339 4269 533 4316 terram
563 4263 920 4335 Byzantinam
947 4268 1290 4338 singulasque
1317 4270 1547 4339 regiones
1578 4271 1890 4339 gravissima
1925 4270 2173 4323 vastitate
2203 4270 2411 4338 afﬂixit,
2440 4272 2847 4342 subat-bonaque
2892 4276 3071 4327 omnia
3100 4276 3346 4344 diripuit.
3389 4274 3459 4329 Et

195 4349 447 4416 quoniam
486 4351 631 4405 urbis
655 4356 975 4425 oppugnatio
1005 4372 1195 4425 parum
1218 4357 1550 4424 procedebat,
1587 4375 1825 4414 reversus
1849 4367 1928 4413 est
1957 4363 2196 4421 domum,
2217 4354 2546 4429 singulisque
2573 4361 2726 4414 annis
2755 4361 2898 4415 misit
2924 4365 3189 4416 exercitus
3220 4364 3457 4418 obsidio-

197 4452 415 4504 nemque
449 4439 600 4493 illam
631 4450 740 4495 toto
763 4443 1015 4499 decennio
1054 4447 1407 4501 continuavit.

268 4541 409 4598 XVI.
446 4544 586 4612 Quin
615 4548 727 4602 imo
756 4549 941 4619 plures
971 4550 1292 4621 scriptores.
1317 4568 1635 4623 quanquam
1679 4553 1935 4619 diversis,
1965 4564 2144 4609 tamen
2183 4555 2253 4610 iis
2305 4557 2487 4623 annis,
2542 4558 3118 4625 quibusBonil‘acius
3169 4565 3239 4619 IX
3293 4567 3451 4633 visit,

193 4630 544 4702 Chrysolorae
576 4637 751 4691 nostri
778 4637 865 4693 vel
898 4639 1195 4694 adventum
1234 4644 1286 4695 in
1329 4640 1566 4709 Italiam,
1606 4641 1686 4695 vel
1715 4644 2011 4696 excitatam
2042 4643 2094 4696 in
2126 4658 2190 4697 ea
2225 4644 2471 4698 scholam
2505 4644 2750 4701 Graecam
2780 4646 3092 4705 ascribunt.
3148 4652 3321 4723 Ilnjus
3349 4656 3454 4709 ini-

192 4718 330 4774 tium
371 4721 440 4776 ad
469 4739 673 4778 antmm
705 4723 906 4783 Christi
934 4726 1074 4782 1597
1115 4728 1279 4782 refert
1305 4726 1550 4783 Joannes
1575 4727 1893 4784 Nuissiensis
1922 4728 2018 4800 [ita
2054 4739 2283 4785 vocatur
2311 4746 2341 4784 a
2374 4731 2675 4788 Melcbiore
2724 4733 2991 4791 Goldasto
3021 4736 3074 4791 in
3105 4718 3452 4796 continentu-

190 4809 290 4864 riis
307 4811 372 4864 tle
395 4811 677 4878 Bobemia,
704 4815 798 4869 lib.
819 4831 890 4875 tv.
908 4831 1033 4885 cap.
1061 4817 1114 4883 4,
1139 4815 1166 4888 ς
1189 4816 1279 4888 35]
1305 4819 1358 4871 in
1378 4831 1574 4886 magno
1595 4818 1869 4872 Chronico
1890 4815 2107 4886 Belgico
2125 4835 2138 4871 :
2155 4818 2306 4871 Anno
2334 4816 2704 4890 [titillesimum
2738 4822 3180 4879 trecentesimum
3207 4844 3449 4897 nonage-

190 4896 392 4951 simum
463 4899 703 4975 sestum]
743 4905 980 4972 sequenti
1006 4902 1356 4972 Chrysoloras
1383 4903 1679 4975 Byzantius
1708 4904 2049 4973 disciplinam
2082 4904 2394 4960 Graecarum
2424 4906 2728 4961 litterarum
2763 4910 2814 4961 iu
2842 4909 3070 4966 Italiam
3096 4914 3299 4981 retulit,
3331 4896 3451 4987 quis

190 5001 283 5052 per
311 4988 669 5056 septingentos
686 4988 806 5057 jam
834 5007 1001 5045 annos
1034 4992 1177 5057 apud
1203 5003 1411 5047 nostros
1439 4995 1674 5047 homines
1703 4997 1757 5049 in
1792 5008 1891 5046 usu
1924 5009 2031 5047 non
2061 4993 2377 5048 habebatur.
2410 4992 2510 5048 Cui
2542 4998 2834 5052 sententias
2891 5000 3192 5057 subscribit
3242 5004 3446 5061 Setbus

186 5072 463 5129 Calvisius
490 5076 548 5128 in
578 5091 743 5144 opere
771 5077 1160 5143 cbronologiCo
1188 5080 1253 5132 a:l
1283 5096 1417 5134 ειη).
1448 5080 1511 5136 C.
1554 5083 1712 5138 I397.
1750 5083 1830 5137 Ad
1863 5097 2067 5135 annum
2100 5082 2304 5137 (Zhristi
2342 5083 2481 5137 I398
2517 5085 2687 5141 refert
2740 5084 2980 5143 Iacobus
3013 5087 3301 5159 Philippus
3335 5091 3442 5146 Fo-

185 5170 366 5216 restus
406 5161 704 5230 Bergomas
730 5166 783 5217 in
817 5165 1219 5220 Chronicorum
1262 5166 1658 5238 Supplemento
1689 5172 1754 5226 ad
1782 5170 1927 5227 hunc
1959 5187 2162 5226 annum
2190 5192 2202 5227 :
2238 5172 2501 5228 Emanuel
2535 5176 2912 5248 Chrysoloras,
2952 5181 3166 5234 natione
3198 5180 3439 5251 ercus,

184 5250 362 5317 patria
394 5249 754 5320 Byzantinus,
779 5253 860 5306 vir
896 5253 1043 5307 domi
1085 5256 1297 5321 nobilis,
1325 5260 1416 5311 sed
1452 5262 1595 5312 omni
1632 5261 1872 5313 doctrina
1904 5270 1950 5313 et
1984 5262 2175 5316 virtute
2208 5263 2438 5317 nobilior
2469 5276 2628 5336 atque
2652 5268 2984 5336 prn‘clarior,
3016 5269 3202 5323 iisdem
3234 5280 3438 5342 tempo-

184 5336 333 5391 ribus
373 5335 969 5407 Constantinopolitana
992 5345 1165 5398 urbea
1202 5344 1382 5399 Turcis
1419 5348 1699 5401 tlurissime
1720 5358 1907 5402 vexata
1938 5357 1988 5401 et
2014 5349 2249 5415 obsessa,
2289 5367 2352 5404 ea:
2368 5369 2428 5405 ea
2454 5356 2757 5425 profugiens
2792 5353 3031 5409 Verte/ias
3052 5360 3211 5423 venit,
3239 5368 3287 5412 et
3320 5370 3441 5413 tan-

187 5440 348 5493 quam
378 5427 772 5481 eruditissimus
807 5430 997 5482 doctor
1026 5433 1235 5487 litteras
1269 5433 1486 5489 Cra'cas
1521 5436 1711 5489 ibidem
1759 5436 1942 5491 docere
1967 5439 2139 5505 coepit.
2171 5439 2248 5492 Aul
2293 5453 2495 5495 annum
2535 5441 2738 5498 Christi
2786 5444 2920 5498 1599
2950 5447 3115 5498 rufi-rt
3146 5446 3436 5506 Mattharus

183 5510 492 5567 Palmerius
521 5511 896 5581 Flot‘entinus,
934 5519 1239 5575 Eusebiani
1273 5523 1531 5579 (Ἄποιιίρὶ
1566 5528 1937 5582 continuator.
1987 5526 2053 5577 ad
2087 5527 2233 5580 hunc
2268 5543 2519 5603 annum;
2553 5528 2906 5599 Chrysoloras
2938 5530 3236 5601 Byzantius
3264 5538 3431 5590 disci-

178 5598 385 5661 plinam
403 5599 711 5653 (ira'curum
734 5603 1028 5659 litterarum
1059 5609 1111 5661 in
1134 5608 1350 5664 Italiam
1382 5612 1585 5679 retulit,
1629 5630 1744 5681 qua.-
1777 5634 1870 5687 per
1908 5619 2261 5687 septingentos
2288 5618 2401 5685 jam
2423 5637 2591 5674 annos
2611 5623 2753 5691 apud
2773 5634 2979 5676 nostros
3002 5626 3237 5680 homines
3260 5629 3311 5680 in
3341 5645 3439 5682 usu

180 5701 281 5737 non
308 5685 623 5739 habebatur.
649 5686 786 5744 Huic
810 5692 1050 5751 calculos
1069 5710 1200 5753 suos
1220 5698 1427 5755 addunt
1469 5685 1821 5759 Christianus
1841 5685 2098 5761 Massa-us
2123 5709 2520 5763 (.‘bronicorum
2545 5710 2684 5765 libro
2705 5727 2860 5771 xvm.
2894 5714 2959 5767 ad
2988 5730 3117 5769 ann.
3154 5714 3217 5770 C.
3252 5717 3386 5771 1599
3415 5734 3430 5774 :

182 5773 418 5829 Joannes
450 5771 726 5833 Funccius
763 5777 814 5833 in
847 5779 1216 5856 Chronologia
1248 5790 1313 5839 all
1345 5804 1476 5843 ann.
1515 5788 1576 5843 C.
1615 5789 1753 5845 1599
1785 5809 1797 5844 :
1833 5794 2185 5849 Abrahzlmus
2225 5795 2598 5855 Bucbolcerus
2626 5798 2679 5854 in
2709 5798 2891 5856 Indice
2919 5803 3334 5874 cbronologico,
3360 5805 3428 5860 ad
