3972 6452
425 383 492 449 21
1693 390 1875 450 VI'I‘A
1917 392 2015 453 ET
2057 392 2405 454 SCIIII‘TA.
3610 402 3681 466 22

427 520 555 557 stin.
588 503 650 558 C.
681 502 824 560 I399
857 523 870 557 :
900 504 1094 560 Petrus
1122 503 1428 574 Opnieerus
1469 503 1524 558 iu
1582 504 2055 574 Cbronograpbia,
2088 504 2155 560 ad
2188 520 2320 560 ann.
2348 505 2412 560 C.
2457 505 2593 562 i599
2632 525 2645 561 :
2674 507 2951 566 Aubertus
2996 509 3215 567 blirzeus
3245 511 3299 567 in
3324 510 3588 570 Auctario
3614 515 3684 571 de
3756 502 3759 506 ’

430 592 793 659 scriptoribus
820 593 1232 657 ecclrsiasticis,
1262 606 1386 661 cap.
1423 592 1549 646 450.

500 679 664 735 XVII.
697 681 980 746 P0tentim,
1023 697 1128 750 qua
1152 680 1437 749 Bajazetes
1468 678 1776 735 Turearum
1813 689 2082 752 tyrannus
2127 682 2350 741 Graecos
2383 674 2685 755 pieinebat,
2720 690 2898 761 impar
2928 691 3673 762 ConstantinOpolitanoruin

426 769 730 838 imperator
757 769 972 824 Manuel
1007 770 1346 839 Palmologus
1378 769 1895 839 Constantinopolin
1925 770 2329 843 imperiumque
2363 773 2583 841 Joanni,
2627 776 2815 834 fratris
2847 778 2932 833 sui
2965 779 3262 835 Andronici
3297 780 3427 846 tilio,
3462 782 3551 835 cui
3579 782 3681 837 Ba-

423 857 629 924 jazetes
659 859 1137 928 patrocinabatur,
1175 857 1549 928 relinquebat,
1586 868 1641 911 et
1671 860 1722 912 in
1751 858 1964 913 Italiam
2002 860 2312 928 migrabat:
2348 864 2437 918 ubi
2473 872 2585 918 tum
2621 865 2758 921 alias
2790 867 2842 921 in
2876 868 3065 932 urbes,
3105 877 3221 922 tum
3268 870 3432 923 etiam
3473 869 3681 924 Medio-

425 946 610 999 lanum
644 946 910 1001 veniebat.
959 948 1137 1003 Ducas
1168 945 1456 1001 Michaelis
1489 961 1660 1017 nepos
1691 948 1744 1000 in
1782 946 2030 1003 Historia
2063 948 2399 1019 Byzantina,
2434 967 2555 1022 cap.
2623 955 2710 1020 14,
2746 954 3046 1027 interprete
3075 955 3307 1011 Ismaele
3356 956 3627 1013 Bullialdo
3660 977 3675 1011 :

421 1033 547 1086 1am
570 1036 661 1088 diu
686 1036 773 1089 ille
814 1033 1141 1108 [Bajazetes]
1164 1035 1353 1106 quibus
1378 1036 1587 1089 artibus
1619 1034 2120 1101 ConstantinOpolin
2156 1038 2447 1105 invaderet,
2481 1042 2663 1096 animo
2687 1044 2955 1097 versabat.
2986 1043 3106 1097 Non
3141 1045 3317 1097 omisit
3346 1046 3530 1112 itaque
3572 1062 3674 1099 no-

424 1139 543 1175 men
574 1124 848 1177 obtendere
876 1123 912 1177 Ι
918 1125 1128 1188 cannis,
1158 1125 1249 1194 qui
1274 1123 1539 1185 Manuelis
1564 1140 1627 1178 ea:
1657 1126 1828 1195 fratre
1856 1141 2016 1195 nepos
2040 1133 2183 1189 erat,
2207 1126 2458 1197 iubetque
2514 1127 2818 1185 Mauuelent
2859 1132 2988 1186 urbe
3020 1132 3225 1197 cedere,
3255 1143 3302 1185 et
3329 1132 3593 1193 Joannem
3622 1136 3679 1186 in

423 1209 575 1262 izlam
612 1213 899 1272 introduci.
929 1212 997 1265 ad
1021 1227 1173 1281 quem
1207 1222 1415 1266 natura:
1442 1214 1551 1283 lege
1573 1213 1851 1279 imperium
1882 1215 2183 1282 pertinebat
2210 1230 2229 1278 ;
2256 1215 2611 1284 pollicebatur
2637 1221 2857 1289 insuper
2905 1237 3020 1274 cum
3055 1222 3254 1275 civibus
3291 1220 3679 1275 Constantino-

422 1298 598 1366 poleos
623 1297 859 1369 deinceps
891 1316 945 1354 se
975 1299 1196 1368 paciﬁce
1217 1310 1488 1354 acturum.
1520 1300 1726 1354 Ibidem
1760 1303 1923 1368 paulo
1956 1310 2114 1370 post:
2151 1302 2374 1358 Manuel
2400 1306 2590 1359 deinde
2618 1322 2799 1360 coram
2828 1320 2963 1362 coetu
2987 1309 3245 1362 nobilium
3273 1310 3679 1378 primorumqne

420 1386 582 1453 pfebis
614 1388 849 1440 oratione
879 1388 1086 1449 habita,
1122 1389 1385 1442 triremem
1418 1389 1723 1442 conscendit
1757 1405 1875 1442 cum
1905 1405 2072 1443 umore
2110 1404 2159 1446 et
2195 1393 2400 1457 liberis,
2438 1394 2570 1447 urbe
2610 1396 2763 1449 cessit
2813 1406 2861 1449 et
2907 1397 3149 1459 imperio.
3184 1395 3492 1465 Joannique
3534 1416 3679 1450 sinu-

422 1494 563 1553 mam
594 1494 764 1531 rerum
797 1480 1039 1534 tradidit.
1066 1479 1265 1535 lterum
1285 1491 1408 1549 post
1423 1495 1595 1550 pauca
1628 1501 1638 1533 :
1670 1479 1899 1535 Navium
1936 1498 2252 1552 magnarum
2278 1498 2436 1534 unam
2462 1484 2781 1547 conscendit,
2801 1492 2851 1535 et
2877 1483 3116 1537 Venetias
3143 1487 3371 1553 appulit.
3398 1486 3678 1537 lustravit-

416 1547 518 1635 ηδε
536 1566 766 1636 deinceps
793 1566 1174 1634 Mediolanum,
1202 1547 1457 1629 Genuam,
1488 1568 1839 1629 Florentium.
1864 1547 2195 1631 Ferra'riam.
2221 1579 2489 1639 totamque
2516 1568 2738 1623 Italiam
2766 1572 3088 1638 peragravit.
3115 1547 3380 1639 Georgius
3406 1571 3674 1637 Pltrauza,

423 1658 519 1710 lib.
557 1673 571 1710 ι
603 1657 884 1722 Cbronici,
924 1674 1045 1728 cap.
1077 1658 1148 1713 20
1177 1677 1187 1711 :
1227 1659 1482 1728 Tempore
1519 1662 1838 1728 procedente
1870 1661 2067 1727 cupido
2116 1663 2493 1729 imperatorem
2524 1660 2663 1725 cepit
2686 1662 2740 1713 in
2768 1658 2996 1714 Italiam
3022 1661 3420 1728 proficiscendi,
3445 1674 3491 1716 et
3518 1664 3677 1715 auxi-

422 1748 484 1797 lii
520 1744 739 1819 [contra
781 1747 1017 1821 Turcas]
1058 1749 1410 1819 implorandi.
1450 1749 1626 1805 Paulo
1666 1762 1833 1820 post:
1870 1752 2149 1809 Abiturus,
2179 1746 2445 1801 Joannem
2467 1763 2532 1801 ea:
2563 1747 2733 1815 fratre
2761 1761 2996 1817 nepotem
3032 1747 3102 1802 ad
3141 1749 3315 1802 urbem
3354 1751 3558 1821 interea
3592 1767 3676 1803 re-

419 1815 663 1902 gendam,
696 1847 746 1889 et
774 1815 1025 1906 impetum
1052 1815 1281 1891 hostium
1305 1815 1730 1907 propulsandum
1757 1840 2033 1909 relinquit.
2078 1838 2201 1908 Ipse
2240 1855 2358 1893 eum
2384 1838 2634 1905 despumet
2671 1815 2893 1907 conjuge
2920 1839 2975 1892 in
3005 1815 3674 1906 I’eloponnesunﬁolvens,

420 1922 627 1989 δραι-ιω
661 1940 777 1978 eam
806 1926 947 1993 apud
1006 1927 1227 1995 fratrem
1263 1926 1600 1981 Theodorum
1633 1928 1873 1996 deponit.
1900 1936 1951 1981 et
1981 1928 2039 1982 in
2067 1926 2293 1982 Italiam
2319 1942 2478 1995 porro
2511 1926 2906 1996 navigationem
2935 1927 3077 1980 subit
3106 1942 3212 1991 ;ac
3236 1927 3465 1995 primum
3513 1925 3675 1981 Vene-

419 2014 507 2064 tiis
538 2014 804 2067 exscendit
836 2030 854 2067 :
881 2024 996 2081 post
1034 2015 1103 2067 ad
1128 2015 1317 2069 durem
1347 2014 1833 2070 Mediolanensium
1856 2018 2051 2086 pergit,
2087 2032 2121 2070 a
2147 2031 2252 2083 quo
2298 2012 2831 2082 honorificentissime
2877 2014 3408 2086 splendidissimeque
3459 2016 3672 2070 habitus

417 2113 464 2153 et
504 2103 801 2155 muneribus
831 2103 1006 2158 cultus
1036 2113 1139 2161 est.

484 2186 675 2245 XVIII.
703 2190 784 2243 Ad
822 2189 1126 2247 Manuelem
1166 2190 1535 2263 Palaeologum
1568 2193 1961 2264 imperatorem
1997 2192 2389 2264 Cbrysoloras,
2417 2191 2511 2260 qui
2548 2201 2663 2245 tum
2703 2192 2848 2260 apud
2880 2188 3231 2249 Florentinos
3268 2194 3486 2262 agebat,
3522 2192 3664 2248 invi-

418 2286 562 2332 tatus
592 2278 955 2334 Mediolanum
991 2280 1472 2350 proficiscebatur.
1512 2282 1831 2337 Leonardus
1864 2283 2083 2337 Brunus
2113 2282 2373 2337 Arctinus
2400 2280 2454 2335 in
2488 2278 2735 2334 Historia
2772 2296 2947 2333 rerum
2983 2278 3309 2334 Italicarum
3344 2281 3430 2334 sui
3464 2289 3674 2350 tempo-

416 2370 489 2421 ris
529 2384 543 2419 :
578 2370 730 2434 Apud
758 2370 899 2422 hunc
919 2385 1014 2439 ego
1041 2371 1365 2439 magistrum
1396 2370 1722 2442 [Manuelem
1759 2372 2175 2445 Cltrvsoloramj
2218 2388 2379 2442 supra
2409 2370 2679 2425 biennium
2706 2370 2808 2437 fui,
2836 2369 3113 2425 institutus
3136 2385 3265 2422 sane
3295 2369 3558 2437 probabili
3588 2355 3671 2423 at-

413 2473 511 2524 que
536 2458 730 2525 optima
755 2459 1061 2528 disciplina.
1101 2458 1338 2514 Tandem
1373 2464 1695 2530 imperatore
1726 2462 2080 2517 Constantino
2099 2464 2153 2515 in
2187 2462 2409 2516 Italiam
2435 2460 2675 2522 advecto,
2700 2468 3074 2528 revocanteque
3097 2459 3165 2511 ad
3187 2476 3240 2512 se
3261 2457 3667 2527 Cltrysoluram,

411 2548 539 2600 abiit
571 2547 660 2602 ille
680 2545 978 2615 Florentia,
1012 2558 1061 2603 et
1097 2549 1458 2604 Mediolanum
1491 2552 1560 2604 ad
1596 2553 1970 2619 imperatorem
2003 2567 2161 2605 suum
2194 2567 2250 2603 se
2285 2550 2536 2604 contulit.

484 2633 626 2688 XIX.
663 2633 801 2690 Cum
835 2637 1036 2703 quibus
1062 2653 1205 2707 aegre
1246 2639 1635 2693 conciliaveris
1669 2640 1895 2694 Paulum
1924 2638 2167 2702 Iovium,
2189 2640 2319 2708 ’qui,
2346 2627 2637 2708 postquam
2669 2634 3023 2691 Tatnerianes
3062 2634 3248 2708 [etiam
3282 2635 3531 2691 Temires
3558 2637 3662 2688 dici

416 2723 631 2796 solitus]
663 2710 1026 2780 Taitarorum
1069 2742 1161 2780 rex
1193 2726 1502 2799 Bajazetem
1538 2726 1843 2782 Turcarutn
1876 2728 2182 2797 principem
2217 2730 2419 2780 victum
2450 2727 2710 2796 cepisset,
2741 2725 3135 2796 Cbrysoloram
3185 2726 3237 2778 in
3267 2724 3415 2777 Italia
3448 2722 3554 2777 Gru
3576 2741 3667 2777 eus;

414 2815 625 2868 litteras
651 2814 884 2869 docendi
917 2815 1205 2870 consilium
1242 2818 1458 2884 cepisse
1490 2826 1678 2871 narrat
1710 2819 1764 2871 in
1818 2819 2108 2872 doctorum
2145 2816 2385 2870 virorum
2421 2814 2615 2884 elogiis
2650 2830 2774 2884 cap.
2815 2813 2883 2866 25
2922 2832 2934 2868 :
2965 2812 3217 2883 Ofﬁcium
3247 2814 3457 2882 quidem
3495 2810 3668 2885 [lega-

414 2901 499 2975 ti].
543 2904 638 2964 ait.
672 2903 941 2957 laboriosa
968 2904 1397 2972 peregrinatione
1423 2905 1497 2957 ita
1524 2902 1777 2972 implevit,
1813 2915 1868 2957 ut
1901 2905 1951 2957 in
1989 2904 2154 2959 Italia
2185 2905 2515 2965 subsisteret,
2546 2901 2754 2957 Gra'cia
2785 2903 2988 2955 scilicet
3019 2903 3268 2970 prtesenti
3298 2912 3433 2954 metu
3472 2903 3667 2954 libera-

413 3001 488 3057 ta,
521 3007 633 3043 cum
668 2990 1003 3045 Tumerlanes
1045 3001 1218 3044 terror
1254 2990 1484 3046 Orientis
1520 2992 1828 3062 Bajazetem
1868 2992 2267 3047 Otltontannum
2302 3010 2332 3046 a
2380 2992 2607 3045 terribili
2641 2991 2906 3045 celeritate
2955 2990 3182 3061 fulguris
3217 3007 3502 3061 cognomen
3539 2990 3665 3042 ade-

410 3092 578 3150 ptum.
612 3086 679 3135 al
713 3082 936 3135 Stellam
971 3093 1195 3136 montem
1248 3085 1417 3137 vivum
1452 3084 1693 3151 cepisset.
1735 3083 1921 3151 Itaque
1951 3083 2304 3155 CItrysularas
2337 3085 2456 3135 diro
2484 3078 2702 3134 Gra'ciar
2733 3082 2878 3134 [iuste
2901 3078 3108 3131 sublato
3141 3077 3297 3131 la'tus
3325 3076 3664 3150 [Graecarum

409 3173 713 3228 litterarum
743 3174 990 3228 studium
1026 3172 1313 3245 excitavit]
1372 3172 1598 3228 Venetiis
1629 3176 1884 3244 primunt.
1918 3183 1965 3226 et
2001 3189 2124 3225 mox
2153 3170 2465 3232 Florentizr,
2496 3167 2779 3240 Romaque
2808 3185 2871 3222 ac
2905 3168 3118 3220 demunt
3150 3165 3343 3219 Ticini.
3378 3165 3671 3219 Tamc-rlao

410 3278 508 3316 nes
539 3262 679 3316 enim
713 3261 1020 3332 Bajazetem
1053 3262 1139 3316 die
1164 3261 1294 3317 Iulii
1328 3260 1421 3325 ‘28,
1447 3278 1591 3316 atino
1634 3263 1819 3315 mumli
1850 3261 2041 3316 Gra'co
2072 3261 2233 3323 6910.
2263 3260 2464 3314 Christi
2494 3260 2655 3321 140:2,
2689 3259 2858 3325 cepit,
2899 3256 3359 3325 quemadmodum
3394 3256 3666 3321 Georgius

408 3350 654 3406 Phranza
686 3361 1100 3406 commemorat.
1154 3352 1285 3406 Nam
1316 3353 1407 3406 lib.
1443 3370 1456 3406 ι
1515 3353 1776 3409 Cltroniei
1806 3368 1930 3406 cum
1966 3351 2196 3405 dixisset
2226 3366 2342 3417 cap.
2378 3348 2437 3401 21
2478 3365 2494 3402 τ
2524 3348 2765 3404 Manuele
2794 3350 2889 3399 hoc
2914 3346 3231 3413 imperante,
3266 3344 3390 3396 dum
3425 3349 3551 3397 urbs
3578 3344 3672 3395 ob-

408 3441 634 3504 sidetur,
663 3457 755 3511 ego
808 3439 863 3493 in
915 3441 1080 3495 lucem
1151 3443 1322 3495 editus
1375 3460 1513 3508 sunt,
1563 3460 1702 3497 anno
1734 3452 1851 3513 post
1887 3440 2122 3493 homines
2156 3431 2306 3491 natos
2342 3438 2503 3501 6909,
2529 3438 2614 3489 die
2646 3438 2873 3506 Augusti
2899 3436 2966 3489 50
3000 3451 3017 3488 .'
3076 3435 3160 3489 his
3197 3435 3399 3489 ibidem
3431 3450 3555 3503 cap.
3593 3432 3669 3486 Ἡ

410 3529 690 3600 subiungit
725 3547 739 3582 :
778 3530 1031 3583 Vicesima
1084 3539 1269 3583 octavo
1299 3528 1459 3595 Julii,
1514 3529 1748 3585 Tentires
1782 3529 2244 3597 Massagetarum,
2310 3525 2596 3578 Persarum
2632 3535 2683 3579 et
2731 3524 3141 3593 Aquilonarium
3192 3524 3513 3593 Scytharum
3547 3538 3665 3583 rex,

407 3620 654 3672 Amatam
685 3616 985 3686 Bajazetem
1011 3634 1128 3670 cum
1162 3634 1326 3671 uxore
1353 3627 1400 3671 et
1428 3618 1543 3686 ﬁlio
1581 3620 1752 3677 Mose,
1786 3618 2009 3683 aliisque
2037 3615 2178 3669 aula:
2209 3616 2551 3681 optimatibus
2578 3633 2680 3669 non
2713 3613 2901 3682 paucis
2934 3615 3091 3683 cepit,
3147 3624 3424 3683 totumque
3454 3614 3666 3666 exerci-

409 3717 521 3759 tum
549 3706 696 3759 illius
721 3707 1022 3787 dissipavit.
1065 3709 1143 3761 Ad
1181 3708 1439 3761 eumdem
1475 3723 1683 3760 animm
1718 3704 2069 3759 'l‘amerlanis
2110 3705 2247 3757 hanc
2279 3704 2570 3756 victoriam
2606 3702 2795 3776 [quam
2834 3704 2963 3758 aliis
2994 3706 3154 3759 annis
3200 3704 3292 3757 alii
3326 3703 3664 3756 τρρυιιιίοιθε

407 3792 705 3866 ascribunt]
743 3780 910 3850 refert
937 3794 1180 3849 Ioannes
1217 3780 1583 3850 Leitnclarius
1610 3795 1663 3849 in
1704 3796 1957 3849 Historia:
1993 3791 2440 3845 Ilusulmanniczc
2474 3792 2615 3846 libro
2652 3809 2764 3847 vn:
2803 3809 2926 3846 cum
2963 3808 3073 3861 quo
3132 3794 3481 3845 cottsentiunt
3519 3790 3665 3844 ναυ-

406 3882 492 3936 lus
528 3879 850 3947 lnterianus,
883 3881 1118 3938 Ubertus
1147 3880 1377 3946 Folieta,
1412 3882 1609 3939 Petrus
1648 3882 1900 3945 B-zarus.
1932 3882 2272 3951 Augustinus
2309 3880 2656 3935 Justinianus
2711 3883 2764 3934 in
2800 3880 2976 3934 Rebus
3009 3880 3398 3944 Cannensibus,
3432 3892 3491 3935 et
3508 3879 3670 3933 Jaco-

405 3969 509 4024 bus
537 3968 749 4025 Gordus
785 3970 838 4024 in
882 3985 1046 4039 opere
1072 3970 1486 4041 cbronologico.
3700 3982 3707 3989 ‘

476 4057 591 4114 XX.
624 4058 763 4113 Illud
790 4070 944 4113 extra
977 4060 1375 4114 dubitationem
1414 4059 1677 4130 positum,
1717 4066 1839 4128 post
1885 4057 2193 4126 Bajazetem
2228 4073 2258 4113 a
2296 4057 2623 4114 Tamerlane
2655 4067 2902 4127 captum,
2942 4058 3131 4113 multis
3160 4057 3325 4112 annis
3356 4055 3665 4127 Chrysalo-

404 4161 519 4200 ram
552 4155 799 4201 nostrum
856 4148 999 4202 intra
1040 4146 1248 4203 Italiam
1283 4147 1629 4217 professione
1679 4148 1984 4203 litterarum
2020 4145 2334 4201 Graecarum
2371 4148 2543 4202 fuisse
2580 4146 2852 4200 functum.
2898 4146 3264 4211 Constantius,
3297 4160 3409 4213 quo
3439 4161 3499 4200 se
3531 4160 3669 4201 con-

403 4238 624 4300 talerat,
660 4246 718 4289 ut
769 4235 973 4290 ibidem
1026 4235 1268 4301 concilii,
1300 4237 1446 4307 quod
1479 4235 1549 4290 de
1580 4237 1745 4290 trium
1787 4236 1953 4290 simul
1998 4234 2392 4290 exsistentium
2458 4235 2780 4305 pontiﬁcum
2835 4232 3217 4288 Romanorum
3256 4234 3663 4289 controversiis

403 4339 535 4378 ann.
561 4323 624 4381 C.
654 4324 791 4379 1111
829 4325 1097 4380 celebrari
1128 4325 1316 4395 erepit.
1349 4334 1724 4395 spectatorem
1759 4334 1968 4394 ageret,
2019 4323 2166 4378 diem
2199 4340 2521 4394 supremum
2559 4340 2708 4380 anno
2743 4326 3098 4395 imperatoris
3156 4324 3424 4380 Manuclis
3463 4323 3670 4379 Palmo~
3726 4342 3731 4345 ί

402 4410 508 4478 logi
542 4411 632 4472 24,
667 4412 870 4467 Christi
906 4412 1045 4466 M15
1069 4413 1229 4467 obiit.
1267 4410 1512 4481 Rapliael
1538 4411 1770 4471 Maﬂeus
1823 4412 2214 4468 Volaterranos
2262 4415 2792 4468 commentariorum
2837 4414 2932 4467 lib.
2965 4429 3059 4467 ut
3093 4432 3107 4468 :
3142 4412 3420 4467 Postremo
3454 4414 3509 4466 in
3539 4428 3667 4465 con-

401 4502 580 4553 cilium
612 4498 1011 4555 Constanticnse
1037 4510 1084 4554 et
1119 4501 1228 4581 ipse
1251 4500 1543 4571 profectus,
1578 4502 1631 4553 in
1666 4501 1844 4554 eodem
1879 4501 1994 4554 loco
2027 4504 2324 4557 exstinctus
2351 4512 2446 4557 est.
2483 4502 2718 4558 Jacobus
2746 4503 3034 4572 Philippus
3066 4503 3327 4559 For-estus
3366 4502 3666 4571 Bergomas

402 4589 455 4643 in
486 4588 884 4645 Citrtmicorutn
912 4589 1304 4659 Supplementa
1342 4588 1409 4643 ad
1439 4605 1569 4643 ann.
1604 4588 1670 4644 C.
1709 4589 1847 4644 1598
1881 4607 1894 4642 :
1936 4587 2172 4661 Indeque
2196 4594 2407 4646 curiam
2448 4589 2747 4647 Romanam
2799 4608 2918 4645 cum
2946 4601 3157 4645 secutus
3198 4593 3415 4661 fuisset,
3440 4602 3488 4645 ct
3521 4590 3665 4658 apud

401 4679 790 4743 Constantiani,
820 4679 911 4732 ubi
938 4678 1180 4748 generale
1208 4679 1497 4732 concilium
1525 4679 1848 4744 celebratur,
1874 4684 2123 4734 accessit.
2160 4680 2363 4734 Ibidem
2400 4686 2562 4749 paulo
2588 4689 2713 4748 post
2736 4697 2752 4733 :
2781 4678 3114 4733 Constantite
3144 4680 3361 4733 tandem
3387 4679 3663 4748 deﬁciens,

400 4786 432 4821 α
473 4767 667 4838 Poggio
704 4765 1015 4822 Florentino
1048 4768 1306 4836 discipulo
1339 4783 1435 4821 suo
1474 4767 1740 4838 melliﬂua
1774 4768 2017 4854 oratiqne
2054 4770 2429 4822 cohonestatus
2455 4777 2555 4822 est.
2580 4768 2713 4834 Quae
2744 4768 2972 4821 totidem
3023 4768 3209 4823 verbis
3246 4770 3296 4820 in
3336 4767 3664 4821 Cltronicon

402 4872 558 4908 suum
599 4854 972 4910 Ilartmannus
1010 4853 1335 4911 Scltedelius
1370 4856 1669 4911 IrattSIttIil.
1705 4855 1908 4911 I’aulus
1933 4853 2129 4911 Iovius
2161 4857 2213 4910 in
2249 4857 2536 4911 doctorum
2568 4858 2813 4911 virorum
2846 4856 3041 4924 elogiis
3077 4871 3201 4925 cap.
3237 4855 3305 4911 23
3335 4873 3349 4908 :
3386 4854 3664 4908 l’ostretno

399 4963 516 4999 cum
548 4947 619 5000 ad
651 4946 940 5002 tollendam
975 4945 1488 5016 pseudopontiﬁcum
1519 4946 1937 5000 controversiam
1965 4946 2169 4999 indicta
2194 4945 2427 5015 synodus
2466 4945 2607 4998 tanti
2634 4944 2930 5012 spectaculi
2960 4942 3210 5008 cupidum
3242 4946 3540 5005 excivisset,
3573 4960 3667 4998 επ-
3711 4992 3717 4997 ,

398 5046 670 5091 auctorata
705 5035 1033 5090 Balthasare
1064 5036 1252 5102 Cassa,
1284 5035 1616 5090 Constantior
1640 5037 1863 5089 interiit.
1896 5035 2175 5091 Posterior
2209 5049 2334 5104 pars
2370 5032 2667 5103 I‘Ipitaphii,
2698 5032 2842 5102 quod
2880 5031 3233 5103 Chrysalum:
3263 5041 3457 5087 nostro
3491 5033 3545 5085 in
3575 5049 3667 5086 ur-

400 5124 464 5178 be
497 5124 819 5179 Constantia
848 5125 1090 5193 positum
1122 5134 1229 5191 est,
1262 5124 1425 5193 cujus
1457 5134 1669 5194 partem
1724 5124 1965 5194 priorem
2005 5122 2031 5193 §
2062 5138 2075 5176 ι
2114 5121 2166 5174 in
2202 5119 2441 5174 medium
2476 5121 2679 5189 protuli
2714 5136 2728 5173 :
2770 5119 2857 5172 l’ir
2892 5119 3258 5185 doctissimus,
3288 5121 3654 5189 pra-lentissi-

392 5229 528 5271 πως,
561 5214 793 5281 optimus
829 5213 917 5283 qui
954 5222 1187 5282 tempore
1241 5213 1501 5282 generalis
1539 5212 1755 5265 concilii
1804 5210 2237 5291 Constantianus
2288 5214 2427 5265 diem
2488 5210 2640 5274 obiit,
2679 5225 2740 5262 ea
2772 5209 3192 5275 existimatione,
3230 5219 3284 5263 ul
3323 5210 3387 5262 ab
3422 5210 3668 5263 munibus

390 5304 681 5359 sacerdotio
713 5303 903 5373 dignus
934 5300 1233 5356 haberetur.
1272 5300 1369 5355 Die
1392 5300 1462 5355 ‘25
1493 5301 1690 5371 Aprilis
1722 5300 1967 5353 conditus
2005 5315 2079 5353 est
2113 5318 2253 5354 anno
2289 5302 2446 5355 lilii.
