3972 6470
194 379 265 445 23
1333 385 1491 447 MAN
1506 387 1733 447 UELIS
1768 403 1772 436 ι

1882 388 2292 449 [ἰΥΞΟιΟΒιΕ
2536 480 2541 486 γ
3383 386 3462 454 24

623 710 1608 869 MANUELIS
1698 713 3061 883 CHRYSOLORZE

1415 999 2209 1118 EPISTOL/E.

197 1487 565 1559 Eruditissimi
605 1490 705 1544 uiri
772 1488 1034 1546 Manuelis
1065 1489 1405 1559 Chrysolont
1439 1493 1667 1559 rpistoln
1702 1496 1772 1548 ad

264 1556 525 1612 Joannem
545 1560 937 1625 imperatorem,
970 1578 1075 1632 qua
1117 1556 1302 1617 veteris
1331 1578 1394 1616 ac
1426 1556 1572 1618 nocte
1599 1562 1778 1620 Rome

265 1635 589 1696 comparatio
616 1634 933 1686 continetur.

272 1744 345 1798 De
397 1748 600 1815 quibus
675 1745 944 1816 prolixius
998 1747 1067 1802 ad
1125 1758 1178 1802 te
1231 1748 1573 1804 referendum
1633 1757 1774 1814 erat,

191 1836 396 1903 optime
431 1837 749 1906 imperator,
775 1855 837 1893 ea
864 1839 986 1894 aliis
1026 1839 1226 1895 litteris
1273 1840 1589 1911 perscripsi,
1632 1856 1771 1911 quas

192 1943 299 1984 una
349 1945 473 1983 cum
515 1929 665 1985 hisce
697 1931 763 1984 ad
798 1939 851 1984 te
892 1932 1158 2000 perlatum
1189 1932 1254 1986 iri
1287 1942 1456 2002 puto:
1491 1935 1624 2003 quin
1661 1935 1775 1987 imo

189 2035 314 2076 cum
336 2024 502 2075 multa
525 2022 744 2092 quidem
768 2022 878 2092 jam
900 2032 1023 2079 ante
1047 2025 1171 2079 hinc
1199 2026 1264 2078 ad
1287 2034 1338 2079 te
1357 2027 1694 2095 scripserim,
1721 2035 1775 2080 et

188 2127 298 2166 non
329 2127 498 2183 pauca
521 2115 685 2169 etiam
715 2115 1045 2184 nuperrimis
1094 2116 1313 2176 litteris,
1347 2117 1552 2185 placuit
1593 2126 1772 2171 tamen

189 2215 242 2258 et
274 2205 386 2261 haec
421 2206 755 2276 subjungere
781 2207 1100 2277 voluptatis,
1144 2224 1251 2263 non
1291 2210 1546 2264 utilitatis
1562 2211 1772 2281 gratia:

189 2310 354 2363 quam
390 2312 498 2350 non
533 2297 784 2368 exiguam
833 2312 921 2351 me
952 2300 1230 2369 percipere
1260 2301 1458 2365 sentio,
1493 2300 1622 2354 dum
1654 2315 1775 2355 mea

189 2390 395 2459 scripta
424 2404 595 2445 sacrae
629 2401 733 2445 tuae
754 2389 1021 2460 Majestati
1078 2392 1269 2448 oll'ero.
1323 2393 1603 2448 Materiam
1646 2410 1774 2450 vero

187 2483 472 2551 praesentis
498 2483 810 2553 scriptionis
842 2500 909 2539 ex
970 2486 1070 2539 hac
1124 2486 1261 2540 urbe
1333 2487 1572 2554 capiam,
1609 2503 1770 2559 quam

187 2582 346 2628 antea
405 2573 626 2645 quidem
677 2592 744 2631 ex
798 2575 1032 2631 aliorum
1093 2576 1454 2632 relationibus
1531 2578 1775 2633 admira-

2626 1381 2702 1437 Ν.

1885 1494 1997 1549 Τοῦ
2030 1492 2414 1566 λογιωτάτουΔ
2442 1491 2733 1562 Marcum
2769 1495 3134 1566 Χρυσολωρᾶ
3161 1498 3458 1566 ἐπιστολὴ

1948 1564 2101 1641 πρὸς
2129 1566 2238 1641 τὸν·
2295 1563 2580 1641 Ἰωάνα-ηις
2604 1566 2897 1641 ,βαοῃέίῃ
2948 1565 3018 1619 ἐν
3051 1565 3087 1641 ᾖ
3138 1563 3461 1639 minpr

1956 1633 2067 1702 τῆς
2095 1632 2360 1700 παλαιᾶς
2395 1635 2492 1687 καὶ
2514 1635 2656 1701 νέας
2695 1636 2944 1705 Ῥώμης.
3052 1632 3079 1641 ”
3110 1704 3119 1709 ε

1952 1750 2178 1820 Ἀριστε
2220 1749 2465 1820 βασιλεῦ,
2516 1749 2551 1804 ἃ
2589 1750 2688 1820 μὲν
2715 1752 2819 1804 ἔδει
2846 1752 2936 1805 διὰ
2985 1755 3196 1807 πολλῶν
3224 1755 3360 1825 πρὸς
3397 1755 3459 1808 τὸ

1879 1844 1973 1896 σὺν
2014 1844 2217 1913 κράτος
2268 1844 2604 1910 ἀνενεγκεῖν,
2648 1846 2707 1897 ἐν
2737 1844 2920 1907 ἄλλοις
2969 1846 3248 1915 γέγραφα,
3279 1846 3316 1899 ἃ
3363 1846 3460 1900 καὶ

1877 1933 2018 1986 αὐτὰ
2049 1932 2199 1995 είκδς
2239 1932 2532 2000 ἀφίξεσθαι
2568 1932 2706 1999 μετὰ
2745 1932 2857 1985 τῶν
2889 1934 3200 2001 παρόντων,
3257 1932 3459 2002 μᾶλλον

1874 2025 1933 2078 δὲ
1959 2023 2130 2076 πολλά
2160 2013 2260 2093 μὲν
2289 2026 2556 2094 πρότερον
2578 2021 2827 2075 ἐντεῦθεν
2847 2024 3102 2092 γέγραφα
3131 2040 3145 2054 °
3176 2023 3276 2076 οὐκ
3300 2022 3457 2091 ὀλίγα

1876 2119 1934 2172 δὲ
1963 2118 2130 2180 εὐθὺς
2176 2117 2284 2186 πρὸ
2336 2117 2564 2170 τούτων.
2607 2116 2795 2181 Ἔδοξε
2836 2118 2891 2171 δὲ
2941 2118 3093 2187 ὅμως
3135 2119 3233 2172 καὶ
3280 2118 3457 2172 ταῦτα

1879 2210 2197 2280 προσθεῖναι
2231 2209 2448 2280 ἡδονῆς,
2474 2210 2535 2261 ού
2574 2208 2764 2280 χρείας
2782 2208 2970 2262 ἕνεκεν
2995 2225 3013 2240 ·
3047 2210 3111 2280 ἢν
3145 2211 3208 2263 οὗ
3246 2210 3456 2279 μικρὰν

1877 2301 1995 2358 οἴδα
2045 2301 2428 2373 καρπούμενος
2460 2303 2523 2354 ἐκ
2561 2301 2656 2355 τοῦ
2705 2303 2832 2364 τοὺς
2877 2304 3044 2368 ἐμοὺς
3088 2302 3283 2369 λόγους
3318 2303 3457 2372 πρὸς

1876 2398 1976 2467 τὴν
2008 2395 2107 2463 σὴν
2154 2394 2409 2462 Θειότητα
2444 2394 2756 2462 ἀναφέρειν.
2792 2393 2967 2464 ’Υλην
3000 2394 3058 2447 δὲ
3102 2395 3214 2447 τῶν
3247 2394 3454 2464 παρόν-

1877 2507 1986 2542 των
2039 2488 2214 2554 λόγων
2247 2488 2355 2541 ἀπὸ
2404 2489 2504 2556 τῆς
2558 2488 2769 2550 πόλεως
2817 2489 3023 2556 ταύτης
3072 2486 3338 2559 λήψομαι,
3388 2486 3457 2558 ἢν

1879 2580 2148 2649 πρότερον
2205 2580 2302 2649 μὲν
2348 2578 2455 2631 ἀπὸ
2499 2578 2606 2630 τῶν
2661 2580 3061 2647 ἱστορουμένων
3110 2580 3241 2650 περὶ
3283 2579 3454 2650 αὐτῆς

188 2665 464 2722 barzsed
518 2682 664 2722 nunc
707 2682 773 2722 ex
830 2668 950 2737 ipsa
1008 2669 1345 2738 inspectione
1416 2670 1587 2724 multo
1650 2685 1770 2724 eam

1882 2670 2225 2741 ἐθαύμαζον·
2263 2670 2356 2722 νῦν
2393 2670 2449 2723 δὲ
2484 2671 2579 2722 ἀπ’
2624 2669 2795 2737 αὐτῆς
2830 2671 2924 2737 τῆς
2975 2669 3152 2739 ὅψεως
3200 2670 3455 2738 γενέσθαι

188 2757 364 2826 magis
389 2759 765 2815 admirandam
793 2732 1004 2831 judico,
1038 2732 1201 2831 quam
1226 2778 1288 2816 ex
1323 2762 1390 2817 iis
1417 2777 1538 2831 qua;
1577 2763 1644 2818 de
1676 2763 1769 2817 illa

1882 2732 2359 2832 θαυμασιωτέραν,
2394 2762 2426 2832 ἢ
2472 2762 2548 2823 ὼς
2580 2763 2646 2816 ἄν
2672 2732 2763 2825 uc
2803 2732 2991 2826 ἁπλῶς
3018 2732 3309 2817 ⁷εἰκάσειεν
3345 2763 3453 2816 ἀπὸ

188 2862 488 2906 narrantur
551 2852 874 2922 simpliciter
941 2853 1140 2923 aliquis
1184 2854 1463 2924 conjiciat.
1525 2855 1591 2908 Et
1641 2872 1776 2911 sane

191 2944 428 2997 maxima
457 2943 525 2998 de
551 2958 613 3000 ea
636 2944 972 3009 referuntur,
1032 2961 1141 3002 non
1198 2946 1265 3002 ab
1326 2946 1396 3001 iis
1443 2947 1621 3001 solum
1680 2946 1774 3017 qui

188 3035 486 3090 vernacula
536 3036 718 3106 lingua
797 3039 947 3093 hisce
968 3039 1036 3093 de
1093 3039 1261 3094 rebus
1314 3040 1584 3109 scripsere
1614 3080 1632 3106 ,
1681 3038 1773 3093 sed

191 3128 356 3181 etiam
396 3143 425 3182 a
453 3133 657 3186 nostris
705 3128 877 3185 ferme
935 3130 1250 3193 omnibus,~
1281 3132 1524 3186 maxime
1555 3148 1585 3187 a
1642 3133 1775 3187 viris

196 3220 400 3285 doctis,
431 3223 521 3291 qui
553 3222 605 3275 in
648 3237 711 3278 ea
750 3224 949 3279 versati
989 3223 1145 3280 fuere
1174 3242 1189 3279 :
1227 3225 1296 3280 ita
1343 3236 1401 3279 ut
1433 3226 1521 3279 alii
1552 3225 1771 3295 quidem

188 3315 468 3368 orationes
502 3314 767 3384 integras,
799 3315 891 3369 alii
929 3316 1099 3370 libros
1137 3315 1205 3370 de
1237 3315 1358 3385 ejus
1397 3316 1679 3383 laudibus,
1714 3326 1775 3371 ut

189 3404 356 3467 nosti,
379 3405 720 3474 reliquerint.
753 3406 855 3460 Alii
885 3416 1067 3460 autem
1099 3406 1287 3476 paucis
1319 3408 1500 3462 verbis
1533 3410 1769 3463 maxima

187 3502 256 3554 de
277 3515 339 3555 ea
354 3500 612 3556 dixerunt
645 3516 660 3554 :
693 3501 854 3571 quale
882 3502 1057 3557 ethoc
1082 3500 1351 3573 Sophistze
1384 3504 1533 3561 illius
1554 3504 1646 3559 tibi
1679 3504 1773 3559 ad-

188 3590 410 3646 modum
431 3591 585 3646 chari
617 3603 670 3646 et
689 3591 997 3658 ianuiliaris,
1028 3593 1173 3662 quod
1195 3593 1249 3647 in
1281 3593 1512 3662 epistola
1535 3595 1771 3664 quadam

188 3682 339 3736 brevi
354 3685 645 3736 verborum
674 3684 883 3737 ambitu
917 3684 1215 3738 niaximum
1231 3684 1297 3739 de
1324 3700 1388 3740 ea
1423 3686 1770 3754 pronuntiat,

192 3772 347 3829 hisee
372 3775 581 3838 verbis;
606 3774 652 3828 si
685 3784 829 3829 recte
860 3775 1104 3839 memini,
1141 3775 1195 3829 in
1228 3775 1498 3845 principio
1526 3775 1771 3843 epistolae

189 3880 325 3920 usus
355 3881 371 3919 :
403 3862 511 3920 Fac
541 3866 713 3920 nostri
745 3865 1063 3921 memoriam
1094 3881 1304 3931 serves,
1333 3876 1625 3936 p05tquam
1661 3864 1773 3921 Ro-

188 3972 333 4012 mam
390 3959 714 4027 pervenisti,
781 3970 947 4028 atque
983 3957 1294 4014 istiusmodi
1362 3959 1537 4025 vides,
1587 3960 1770 4030 qualia

187 4055 313 4102 ante
351 4061 459 4102 non
485 4049 736 4113 videras;
768 4064 876 4103 non
911 4059 1113 4105 terram
1137 4050 1308 4114 illam,
1335 4051 1430 4107 scd
1463 4052 1586 4106 caeli
1607 4052 1774 4121 parti-

187 4139 366 4194 culam
400 4155 521 4195 esse
552 4141 765 4197 tibimet
818 4143 922 4212 ipsi
956 4144 1318 4213 persuadens.
1340 4141 1458 4196 Non
1482 4144 1628 4197 enim
1670 4145 1773 4198 mi-

194 4248 315 4286 rum
350 4243 435 4288 est
464 4249 563 4290 nos
623 4235 700 4290 tui
734 4236 1073 4291 meminisse.
1107 4234 1239 4289 Nam
1269 4236 1397 4289 dum
1454 4249 1670 4304 semper
1717 4237 1770 4288 in

185 4323 409 4387 iisdem,
440 4340 619 4395 neque
663 4325 775 4380 ulla
831 4328 886 4380 ln
918 4340 977 4382 re
1019 4340 1158 4382 nova
1226 4340 1512 4381 versamur
1566 4325 1773 4381 amicos

187 4420 611 4486 respiceremus.

257 4508 436 4575 Atque
455 4507 573 4562 haec
599 4507 666 4562 ad
685 4505 931 4564 Graecum
952 4509 1032 4563 vel
1054 4508 1273 4580 Syrum,
1295 4509 1584 4579 civemque
1612 4523 1772 4563 suum

188 4600 456 4669 scripsit:
488 4615 685 4656 nomen
711 4604 858 4657 enim
895 4605 1073 4673 ipsum
1108 4618 1219 4676 non
1280 4604 1418 4658 satis
1468 4603 1771 4669 recordor;

189 4707 316 4744 cum
348 4702 534 4747 tamen
568 4693 877 4750 Antiochiae
906 4683 1369 4765 pulchritudinem
1402 4710 1526 4749 eum
1561 4695 1628 4750 ab
1652 4694 1773 4748 aliis

190 4785 637 4850 nmltis,tnmab
661 4789 851 4843 eodem
901 4799 1127 4844 auctore
1177 4789 1447 4844 celebrari
1497 4786 1772 4851 audimus,

188 4894 251 4929 ea
277 4878 530 4931 oratione
562 4894 667 4948 qua
713 4880 900 4948 patriae
948 4895 1062 4935 sua:
1116 4880 1303 4934 laudes
1355 4889 1770 4940 commemorat.

189 4969 277 5020 cui
302 4960 375 5020 ab
400 4965 591 5021 eadem
624 4983 821 5024 nomen
882 4971 1166 5039 imposuit.
1197 4969 1338 5037 Quin
1365 4981 1419 5025 et
1461 4971 1600 5025 alius
1630 4971 1775 5039 ejus-

191 5062 313 5114 dem
371 5060 631 5127 civitatis,
673 5077 825 5117 nunc
885 5077 1016 5117 vero
1065 5063 1228 5117 etiam
1290 5064 1554 5119 caelorum
1615 5065 1772 5129 civis,

190 5153 353 5223 cujus
373 5168 433 5207 os
449 5164 613 5224 atque
644 5153 827 5220 lingua
876 5153 943 5207 ab
975 5168 1112 5208 auro
1142 5168 1446 5223 cognomen
1484 5169 1766 5225 accepere,

190 5247 426 5315 plurima
460 5247 665 5317 passim
697 5247 765 5301 de
796 5261 859 5300 ea
891 5246 1152 5315 praedicat
1182 5266 1197 5301 :
1241 5250 1324 5302 vel
1353 5249 1419 5303 ad
1448 5264 1637 5303 eorum
1669 5249 1773 5302 ali-

1876 2856 1987 2906 τῶν
2020 2854 2334 2924 λεγομένων
2370 2856 2501 2924 περὶ
2543 2854 2716 2924 αὐτῆς
2762 2855 2954 2923 κρίνω.
2993 2855 3191 2907 Καίτοι
3234 2855 3453 2925 εἴρηται

1880 2946 1980 3016 μὲν
2034 2945 2256 3015 ᾲληϐῶς
2314 2947 2546 3018 μέγιστα
2582 2948 2710 3017 περὶ
2740 2947 2933 3017 αὐτῆς,
2967 2947 3029 2999 ού
3093 2947 3252 3016 μόνον
3304 2948 3453 3016 παρὰ

1878 3038 1986 3091 τῶν
2018 3041 2081 3106 τῇ
2118 3038 2332 3108 πατρίῳ
2372 3041 2524 3109 φωνῇ
2554 3039 2684 3108 περὶ
2720 3038 2928 3090 τούτων
2961 3036 3449 3105 συγγεγραφότων,

1875 3129 1992 3182 ἀλλ’
2032 3128 2133 3200 ἤδη
2185 3132 2278 3182 καὶ
2316 3129 2472 3198 παρὰ
2497 3128 2603 3180 τῶν
2655 3128 2945 3196 ἡμετέρων
2991 3127 3178 3195 σχεδὸν
3209 3128 3450 3193 πάντων,

1875 3221 1972 3276 καὶ
2025 3222 2134 3274 τῶν
2184 3220 2509 3290 ἐλλογίμων,
2557 3221 2672 3273 ὅσοι
2722 3220 2847 3272 κατ’
2894 3218 3067 3288 αὐτὴν
3117 3219 3450 3287 γεγόνασιν·

1876 3314 2017 3368 ὥστε
2060 3315 2190 3378 τοὺς
2247 3315 2354 3384 μὲν
2396 3313 2583 3381 λόγους
2642 3312 2818 3375 ὅλους,
2855 3311 2980 3375 τοὺς
3021 3309 3077 3362 δὲ
3117 3308 3320 3379 ptem,
3345 3360 3348 3363 λ
3376 3309 3453 3372 ὼς

1873 3400 2053 3468 οἶσθα,
2087 3405 2337 3474 ἐγκώμια
2365 3405 2535 3472 αὐτῆς
2560 3404 2904 3456 καταλιπεῖν.
2944 3402 3128 3454 Ἄλλοι
3153 3401 3211 3455 δὲ
3239 3402 3298 3454 ἐν
3324 3401 3457 3470 βρε-

1877 3499 2000 3567 χέσι
2038 3499 2270 3568 μέγιστα
2293 3501 2421 3566 περὶ
2445 3497 2615 3565 αὐτῆς
2648 3498 2968 3567 εἰρήκασινο
3003 3490 3114 3549 οἷον
3139 3495 3234 3549 καὶ
3267 3495 3326 3547 τὸ
3358 3494 3452 3546 τοῦ

1877 3590 2134 3659 σοφιστοῦ
2167 3590 2379 3642 ἐκείνου
2407 3589 2503 3642 τοῦ
2540 3588 2684 3641 πάνυ
2723 3588 2877 3658 φίλου
2909 3589 3005 3641 καὶ
3048 3588 3279 3652 οίκείου,
3312 3588 3453 3655 ὅπερ

1874 3685 1935 3736 ὲν
1962 3684 2131 3753 ὀλίγῳ
2170 3683 2429 3752 μέγιστον
2483 3684 2691 3744 ἐκεῖνος
2743 3684 2800 3734 ὲν
2847 3680 3108 3752 ἐπιστολῇ
3148 3682 3282 3751 πρός
3332 3681 3455 3735 τινά

1875 3791 2011 3844 φησι
2043 3773 2172 3844 περὶ
2191 3773 2383 3842 αὐτῆς,
2416 3772 2561 3826 οὕτω
2593 3790 2710 3836 πως
2741 3773 2906 3836 εὐθὺς
2944 3774 3004 3826 ἐν
3035 3772 3178 3844 ἀρχῇ
3206 3773 3304 3842 τῆς
3333 3773 3455 3825 ἔπι-

1876 3867 2093 3934 στολῆς,
2126 3868 2175 3918 εί
2228 3865 2411 3927 καλῶς
2448 3864 2736 3934 μέμνημαι
2782 3863 2893 3915 τῶν
2939 3864 3207 3933 ῥημάτων
3248 3864 3452 3929 αὐτῶν,

1873 3957 2048 4025 λέγων
2073 3974 2087 3988 ο
2120 3957 2262 4026 Ἀρα
2289 3957 2569 4026 μέμνησαι
2604 3956 2762 4024 ἡμῶν
2791 3956 2872 4017 είς
2910 3954 3133 4025 Ῥώμην
3160 3953 3451 4024 ἀπηρκὼς,

1876 4053 1970 4103 καὶ
2001 4051 2297 4118 ϐιώμενος,
2332 4047 2420 4102 οἷα
2442 4051 2505 4101 οὐ
2531 4048 2796 4118 πρότερον
2831 4047 3031 4102 πείθων
3061 4065 3118 4100 τε
3151 4048 3345 4100 σαυτὸν
3376 4048 3454 4112 ὡς

1876 4142 1976 4194 οὐκ
2011 4141 2127 4193 ἔστι
2177 4141 2246 4209 γῆ
2293 4138 2456 4208 αὕτη,
2498 4139 2614 4191 ἀλλ’
2648 4137 2881 4208 ούρανοῦ
2932 4140 3101 4208 μέρος
3152 4156 3224 4192 τι.
3275 4139 3453 4208 Ἡμεῖς

1881 4234 1979 4303 μὲν
2009 4234 2120 4301 γάρ
2169 4249 2263 4284 σου
2304 4230 2616 4301 μεμνῆσθαι
2649 4230 2960 4300 θαυμαστὸν
3004 4230 3175 4285 οὐδέν.
3220 4230 3308 4283 Ἐν
3341 4231 3451 4302 γὰρ

1877 4330 1988 4389 τοῖς
2021 4327 2207 4387 αὐτοῖς
2236 4327 2403 4394 ἡμεῖς
2447 4326 2540 4378 καὶ
2578 4324 2757 4378 οὐδενὶ
2788 4324 2959 4395 καινῷ
3007 4326 3448 4395 καταφρονοτμεν

1878 4415 1945 4468 ἂν
1973 4416 2084 4468 τῶν
2111 4414 2304 4484 φίλων.

1950 4509 2142 4563 Καίτοι
2195 4508 2332 4579 πρὸς
2367 4508 2606 4580 Ἕλληνα
2660 4509 2833 4579 δήπου
2883 4507 3055 4563 ταῦτα
3104 4509 3369 4580 ἔγραφεν,
3411 4507 3445 4576 ἢ

1879 4602 2071 4673 Σύρον,
2098 4603 2191 4655 καὶ
2218 4600 2385 4655 αὐτοῦ
2417 4603 2649 4673 πολίτην
2670 4618 2684 4632 ο
2720 4603 2784 4656 οὐ
2813 4602 3099 4672 μέμνημαι
3127 4602 3237 4671 γὰρ
3267 4598 3453 4663 καλῶς

1876 4691 1968 4744 τοῦ
2006 4692 2274 4761 ὀνόματος
2322 4693 2566 4745 ἐκείνου·
2599 4692 2873 4762 ἀκούομεν
2911 4692 2967 4744 δὲ
3004 4692 3065 4743 τὸ
3098 4692 3200 4760 τῆς
3249 4692 3456 4743 Ἀντιο-

1878 4784 2028 4853 χείας
2076 4784 2273 4845 κάλλος
2315 4786 2466 4854 παρὰ
2500 4784 2706 4837 πολλῶν
2737 4801 2797 4837 τε
2827 4783 3021 4850 ἄλλων,
3060 4785 3153 4836 καὶ
3199 4783 3363 4836 αὐτοῦ
3393 4783 3451 4837 δὲ

1878 4877 2113 4940 ἐκείνου,
2147 4880 2204 4930 ὲν
2234 4871 2311 4937 οἷς
2333 4879 2424 4929 ἐπὶ
2452 4878 2548 4928 τοῦ
2580 4877 2871 4945 ὁμωνύμου
2896 4875 3071 4948 ταύτῃ
3099 4875 3255 4942 λόγου
3280 4876 3454 4942 ἐγκώ-

1881 4986 1980 5038 μια
2016 4973 2114 5040 τῆς
2154 4970 2407 5038 πατρίδος
2438 4971 2659 5039 γράφει.
2699 4970 2807 5022 Καὶ
2838 4970 2994 5030 ἄλλος
3035 4970 3091 5020 δὲ
3143 4969 3314 5036 αὐτῆς
3353 4986 3453 5021 πο-

1877 5062 2051 5130 λίτης,
2087 5061 2181 5113 νῦν
2214 5062 2269 5113 δὲ
2295 5062 2389 5115 καὶ
2414 5063 2522 5114 τῶν
2547 5060 2796 5132 οὐρανῶν
2828 5061 3072 5131 πολίτης,
3100 5062 3161 5113 οὐ
3192 5061 3251 5112 τὸ
3279 5061 3452 5129 στόμα

1877 5156 2040 5224 καὶμὴ
2077 5154 2294 5221 γλῶττα
2325 5154 2514 5223 ἔτυχον
2539 5153 2641 5220 τῆς
2668 5154 2777 5206 ἀπὸ
2808 5154 2899 5206 τοῦ
2936 5155 3138 5223 χρυσοῦ
3170 5169 3454 5222 προσηγο-

1880 5243 2031 5312 ρίαςς
2060 5242 2290 5295 πλεῖστα
2341 5241 2611 5311 πολλαχοῦ
2649 5243 2797 5308 λέγει
2830 5247 2960 5311 περὶ
3001 5242 3174 5310 αὐτῆς
3197 5259 3212 5273 ο
3245 5242 3277 5312 ἢ
3314 5243 3452 5311 πρός

195 5352 357 5406 quem
390 5340 482 5407 qui
514 5338 701 5393 Asiam
749 5353 815 5393 eo
871 5347 1114 5408 tempore
1163 5341 1514 5396 incolebant:
1575 5341 1627 5395 in
1667 5356 1772 5410 qua

1882 5350 1997 5387 τινα
2028 5334 2136 5387 τῶν
2187 5334 2282 5405 τὴν
2324 5335 2510 5388 Ἀσίαν
2553 5334 2671 5386 τότε
2702 5333 3015 5400 οἰκούντων,
3049 5335 3135 5403 ἐφ’
3164 5329 3230 5405 ἧς
3269 5334 3453 5395 Ῥόδος

196 5427 423 5482 lthodus
456 5436 586 5481 tunc
614 5438 735 5481 erat
756 5437 811 5482 et
843 5428 1099 5498 Smyrna,
1135 5438 1190 5484 et
1221 5432 1593 5500 pulcherrima
1625 5432 1772 5485 orbis

1882 5423 1948 5498 ἦν
1980 5430 2100 5480 τότε
2137 5429 2231 5481 καὶ
2280 5427 2525 5496 Σμύρνα,
2560 5429 2655 5480 καὶ
2684 5429 2752 5479 τὰ
2774 5468 2777 5469 ν
2802 5426 3099 5494 ἀγάλματα
3139 5427 3236 5493 τῆς
3267 5428 3454 5478 οἰκου-

194 5531 465 5576 terrarum
497 5524 674 5591 signa.
710 5519 840 5575 Erat
865 5509 1097 5591 quoque.
1126 5524 1178 5577 in
1228 5525 1417 5578 eadem
1477 5525 1769 5593 Ephesium

1886 5519 2076 5587 μένης.
2114 5518 2376 5584 Γεγόνασι
2407 5518 2466 5570 δὲ
2507 5521 2564 5569 ἐν
2595 5518 2777 5588 ἐκείνῃ
2825 5518 2918 5568 καὶ
2947 5519 2974 5568 ὁ
3013 5519 3068 5570 ἐν
3116 5515 3329 5585 Ἐφέσῳ
3357 5518 3456 5585 τῆς

195 5615 379 5668 Diana":
407 5614 686 5683 templum,
712 5621 784 5689 ,ει
813 5616 1063 5670 colossus
1108 5615 1377 5680 Rhodius,
1417 5626 1471 5672 et
1518 5617 1572 5671 in
1624 5614 1772 5670 Hali-

1896 5612 2210 5679 Ἀρτέμιδος
2241 5612 2388 5676 ναὸς,
2422 5612 2514 5663 καὶ
2545 5613 2573 5662 ό
2605 5613 2661 5663 ὲν
2687 5613 2752 5680 τῇ
2797 5610 2966 5679 Ῥόδῳ
3006 5609 3281 5675 κολοσσὸς,
3313 5608 3408 5661 καὶ
3432 5612 3457 5661 ὁ

192 5717 455 5758 carnasso
490 5701 720 5757 Mausoli
743 5706 1075 5774 sepulcrum,
1141 5722 1372 5777 quorum
1405 5709 1648 5762 omnium
1683 5715 1772 5761 aut

1886 5706 1943 5756 ἒν
1976 5704 2399 5775 ’Ἁλικαρνασσῷ
2436 5702 2529 5756 τοῦ
2559 5702 2861 5757 Μαυσώλου
2897 5702 3086 5769 τὰφος,
3132 5695 3207 5754 ὧν
3242 5702 3458 5754 πάντων

195 5795 586 5867 plerarumque
617 5797 857 5871 reliquiae
892 5811 1003 5855 tum
1037 5802 1213 5855 adhuc
1270 5802 1772 5871 conspiciebantur,

1888 5797 1923 5868 η
1956 5814 2118 5850 τινων
2163 5795 2248 5850 ἔτι
2283 5796 2508 5866 λείψανα
2546 5796 2773 5866 ἑωρᾶτο.
2823 5794 2886 5847 El
2932 5794 3112 5864 βούλει
3164 5793 3243 5857 δὲ,
3279 5793 3459 5863 θῶμεν
