3972 6442
174 398 233 470 εδ
1260 406 1632 467 EPISTULA
1673 407 1773 467 AD
1818 407 2181 469 JOANNEM
2220 409 2370 472 IMP.

3381 411 3456 477 26

175 510 369 570 ἒκεῐνον
397 516 462 584 ἐξ
493 518 775 588 Δίγύπτου
799 520 893 573 καὶ
910 520 1118 589 Λιϐύης
1151 515 1314 585 εἶναι,
1352 523 1438 589 ἐφ’
1472 517 1538 593 ἦς
1563 523 1730 575 dsco-.0

1863 533 1958 577 aut
1996 523 2041 578 si
2079 523 2214 577 velis
2250 538 2314 576 ex
2339 521 2575 592 Egypto
2608 521 2690 574 vel
2717 522 2884 593 Libya
2920 494 3045 577 eum
3083 521 3254 579 fuisse
3283 539 3456 593 pona—

180 626 266 676 μεν
304 608 408 680 τὴν
456 611 815 682 Ἀλεξάνδρου
847 612 1025 677 πόλιν,
1080 614 1173 666 καὶ
1225 613 1338 666 τῶν
1392 615 1751 682 ὑμνουμένων

179 702 453 767 θεαμάτων
480 705 577 766 τὰς
605 706 1016 774 ἑκατομπύλυυς
1043 704 1226 775 Θήϐας
1258 706 1477 768 ὲκείνας
1511 707 1607 759 καὶ
1642 723 1715 757 πυ
1733 734 1748 746 ο

181 796 403 866 ραμίδας
444 798 816 865 γεγενῆσθαι·
851 790 924 850 ὧν
974 799 1071 861 τὰς
1116 801 1271 861 σκιὰς
1324 798 1596 867 ἀκούομεν
1631 800 1750 852 ὀδόν

178 907 325 940 τινων
355 891 583 960 ἡμερῶν
611 891 686 953 ὡς
722 893 894 944 είπεϊν
929 888 1091 953 εἶναι,
1120 893 1436 962 ἀνίσχοντος
1465 891 1561 945 τοῦ
1596 891 1747 961 ἡλίου

180 984 260 1035 καὶ
289 983 552 1050 δυομένου
580 1002 595 1017 ·
626 984 720 1037 καί
748 977 823 1036 ὧν
857 987 955 1055 μιᾷ
987 985 1082 1038 καὶ
1120 988 1184 1055 τῇ
1221 987 1568 1057 σμικροτάτῃ
1595 986 1750 1052 λέγε-

183 1092 257 1126 ται
283 1076 380 1141 τὴν
428 1076 651 1144 Μέμφιν
685 1077 855 1148 αὐτὴν
892 1077 988 1131 καὶ
1026 1080 1152 1142 τοὺς
1196 1078 1511 1146 περιοίκους
1538 1079 1747 1142 πάντας

180 1169 362 1228 τόποις
392 1169 450 1235 ἐξ
480 1170 704 1223 ἐκείνων
728 1171 837 1224 τῶν
867 1173 1077 1242 χρόνων
1104 1172 1184 1226 ἐτι
1226 1172 1320 1225 καὶ
1351 1173 1449 1226 νῦν
1476 1175 1616 1245 πρὸς
1640 1175 1747 1227 πᾶ-

179 1278 270 1313 σαν
306 1262 599 1333 οἰκοδομὴν
624 1265 715 1316 (ea
768 1266 861 1318 καὶ
914 1265 1200 1334 λατομίαις
1248 1262 1510 1337 χρῆσθαι,
1540 1267 1635 1320 καὶ
1668 1268 1743 1337 μὴ

175 1353 503 1407 ἐπιλείπειν·
558 1355 758 1424 μᾶλλον
801 1356 856 1408 δὲ
894 1356 1080 1420 πόλεις
1111 1357 1237 1421 ὅλας
1286 1359 1385 1412 καὶ
1440 1358 1740 1423 συνοικίας,

174 1448 246 1510 ῶς
283 1464 468 1516 φασιν,
503 1448 562 1513 ἐξ
610 1449 782 1517 αὐτῆς
818 1450 1250 1517 οἰκοδομοῦντες,
1297 1451 1450 1522 μόλις
1482 1452 1656 1524 βραχύ
1690 1469 1745 1508 τι

178 1543 333 1610 μέρος
358 1541 566 1611 ἐκείνης
590 1541 951 1611 ἀνηλωκέναι.
981 1544 1139 1607 Εἰκδς
1155 1544 1209 1597 δὲ
1237 1538 1306 1615 ἦν
1329 1544 1560 1608 ἐκεῖνον,
1591 1546 1741 1609 ὅστις

176 1634 298 1684 ποτε
327 1628 416 1701 ἦν,
449 1633 679 1687 πλέοντα
709 1637 787 1697 είς
828 1635 1048 1704 Ῥώμην
1070 1637 1164 1691 καὶ
1186 1636 1275 1691 διὰ
1302 1637 1413 1691 τῶν
1440 1638 1620 1708 νήσων
1647 1638 1743 1693 καὶ

174 1728 271 1795 τῆς
310 1726 567 1790 Ἑλλάδος
596 1728 894 1799 ἀναχθῆναι
920 1746 934 1761 ·
972 1730 1067 1782 καὶ
1107 1730 1375 1801 πρότερον
1409 1730 1465 1784 δὲ
1504 1730 1651 1794 elato;
1674 1726 1744 1803 ἦν

173 1818 333 1870 αὑτὸν
367 1817 465 1888 τὴν
501 1818 725 1872 Ἐλλάδα
752 1819 902 1885 ἰδεῖν,
938 1821 1035 1875 καὶ
1062 1821 1157 1874 τδν
1195 1821 1297 1892 τῆς
1338 1823 1589 1887 Ἑλλάδος
1619 1823 1741 1877 τότε

171 1909 465 1978 ὸςοαλμδν,
517 1910 614 1975 τάς
671 1911 901 1983 Ἀθήνας
938 1912 1100 1981 λέγω.
1139 1914 1212 1967 Ἦ
1244 1933 1365 1968 τινα
1412 1914 1519 1968 ἔδει
1557 1915 1742 1969 τοῦτον

175 2003 278 2054 τῶν
309 2004 416 2055 ἀπὸ
474 2007 568 2073 τῆς
607 2005 879 2069 Ἑλλάδος.
906 2002 1080 2060 εἷναιο
1138 2007 1233 2059 καὶ
1276 2006 1465 2060 τοῦτον
1516 2009 1577 2060 οὐ
1632 2007 1742 2061 τῶν

180 2096 385 2147 ποῖλῶν
412 2096 503 2148 καὶ
535 2096 780 2150 ἀθεάτων
808 2099 839 2163 ἢ
872 2099 1123 2166 ἀνηκόων
1155 2099 1263 2152 τῶν
1295 2099 1579 2161 τοιούτων,
1604 2101 1740 2153 ἀλλὰ

185 2188 284 2238 τῶν
318 2188 778 2259 πεπαιδευμένων,
827 2189 960 2260 πρὸς
1007 2188 1119 2244 οἷον
1161 2194 1365 2245 ἐκεῖνόν
1409 2208 1468 2243 τε
1503 2191 1740 2261 γράφειν

190 2282 328 2342 εἰκὸς
348 2277 425 2351 ἦν,
451 2282 545 2336 καὶ
595 2284 757 2336 αὐτὶν
783 2287 893 2347 τοῖς
926 2286 1190 2349 τοιούτοις
1216 2286 1456 2355 Θεάμασι
1495 2290 1589 2338 καὶ
1620 2286 1738 2348 ταῖς

182 2375 439 2436 τωαῦταις
491 2375 826 2444 ἀποδημίαις
884 2377 1118 2447 χαίρειν.
1166 2378 1232 2430 Τί
1284 2378 1468 2441 τοίνυν
1520 2378 1628 2447 ἄρα
1669 2373 1737 2447 ἦν

168 2468 360 2532 ἐκεί.ο,
386 2467 412 2518 ὅ
461 2466 650 2519 τοῦτον
692 2468 944 2522 τοσοῦτον
989 2470 1214 2539 ἔμελλεν
1262 2471 1564 2538 ἑκπλῆξαις
1595 2470 1735 2524 ὥστε

164 2561 263 2627 τῆς
313 2561 565 2625 Ἑλλάδος
610 2562 702 2614 καὶ
729 2562 840 2615 τῶν
865 2563 924 2617 ἐν
972 2565 1106 2634 αὐτῇ
1139 2564 1431 2633 Οεαμάτων
1478 2564 1733 2616 ὲπιλαθέο

162 2660 303 2712 adat.
344 2652 619 2721 οεὼμενον
656 2650 743 2709 οἷα
769 2657 828 2707 οὐ
859 2657 1144 2726 πρότερον,
1180 2659 1273 2709 καὶ
1305 2657 1476 2724 αὐτῆς
1508 2656 1734 2709 καὶτῶν

161 2744 215 2795 ὲν
242 2744 383 2814 αὐτῇ
417 2744 585 2812 φίλων
633 2748 1042 2816 καταφρονῆσαι
1070 2764 1087 2782 ο
1120 2748 1330 2800 πείθειν
1364 2764 1425 2799 τε
1468 2746 1631 2800 αὑτὸν
1658 2749 1734 2811 ὡς

164 2837 257 2888 οὐκ
287 2836 407 2889 ἔστι
441 2838 515 2905 γῆ
550 2840 709 2910 αὐτὴ,
739 2839 874 2893 ἀλλὰ
905 2841 1136 2911 οὐρανοῦ
1180 2843 1350 2912 μέρος
1379 2858 1469 2906 τι;
1503 2841 1732 2912 Εἴρηται

161 2924 273 2992 οἷον,
302 2932 445 2998 ὅπερ
472 2925 645 2993 εἷπον,
669 2932 798 3003 παρ’
828 2933 1154 3002 ἀμφοτέρων
1179 2934 1288 2986 τῶν
1312 2932 1575 3000 γλωσσῶν
1605 2931 1732 2985 τού-

160 3039 264 3074 των
300 3024 541 3092 μέγιστα
572 3025 701 3095 περὶ
730 3027 920 3094 αὐτῆς.
955 3022 1120 3094 Οἶμαι
1149 3027 1205 3079 δὲ
1240 3029 1333 3081 καὶ
1366 3027 1490 3085 τοὺς
1522 3025 1731 3097 βαρϐά-

162 3125 287 3177 ρους
312 3111 380 3161 αὖ
398 3112 536 3176 τοὺς,
565 3112 678 3165 δσοι
716 3113 789 3184 μὴ
809 3116 1156 3185 γραμμάτων
1179 3116 1457 3178 παντελῶς
1480 3116 1725 3185 ἄμοιροι,

1859 629 2029 667 mus:
2080 613 2134 667 in
2170 628 2277 681 qua
2329 612 2759 666 Alexandrinam
2832 612 3135 678 civitatem,
3199 623 3252 667 et
3314 613 3458 667 inter

1856 704 2157 757 celebriora
2190 705 2503 772 spectacn'a
2536 702 2754 757 Thebas
2808 704 2933 758 illas
2999 715 3217 759 centqu
3282 708 3453 775 portis

1855 798 2089 867 inclytas
2122 811 2185 849 ac
2250 796 2565 867 pyramides
2625 797 2795 850 fuisse
2856 796 3157 853 audimus:
3215 813 3451 867 quarum

1855 889 2081 944 umbras
2114 890 2229 943 sole
2247 890 2529 944 exoriente.
2560 902 2609 943 et
2654 889 2938 945 occidente
2975 890 3088 945 fere
3140 890 3208 945 ad
3245 891 3453 960 aliquot

1854 983 2064 1037 dierum
2096 984 2201 1037 iter
2245 984 2433 1055 projici
2499 987 2697 1039 aiunt:
2749 993 2803 1039 et
2826 1000 3061 1055 quarum
3112 1000 3220 1039 una
3277 1000 3452 1054 eaque

1853 1077 2078 1131 minima
2120 1080 2294 1147 ipsam
2355 1079 2646 1147 Memphim
2676 1088 2842 1147 atque
2872 1078 3055 1132 omnia
3090 1077 3274 1133 vicina
3331 1079 3449 1133 lucu

1845 1172 1956 1242 jam
1984 1172 2109 1226 inde
2135 1171 2203 1226 ab
2234 1171 2328 1225 illo
2352 1180 2596 1240 tempore
2628 1180 2681 1226 et
2715 1172 2896 1225 adhuc
2941 1179 3138 1225 nostra
3187 1181 3347 1224 aetate
3381 1169 3448 1223 ad

1850 1279 2238 1334 quamcunque
2267 1272 2603 1318 structuram
2656 1279 2762 1317 non
2797 1278 2960 1319 secus
3016 1277 3080 1317 ac
3134 1263 3450 1329 lapidicinis

1849 1359 1927 1412 uti
1965 1355 2233 1420 referunt,
2268 1356 2340 1411 ita
2397 1365 2578 1411 tamen
2616 1366 2673 1411 ut
2706 1371 2985 1426 nunquam
3041 1355 3278 1420 deﬁciat,
3314 1355 3446 1425 quin

1851 1450 1964 1507 imo
2000 1450 2244 1519 integris,
2281 1460 2340 1503 ut
2368 1450 2541 1516 aiunt,
2596 1450 2912 1506 civitatibus
2953 1449 3197 1519 vicisque
3259 1464 3324 1503 ex
3381 1464 3448 1505 ca

1848 1544 2188 1605 exstructis,
2246 1543 2333 1597 vix
2396 1542 2650 1611 exiguam
2713 1541 2833 1610 ejus
2904 1541 3230 1609 particulam
3311 1554 3440 1593 cnn-

1847 1652 2155 1705 suiupsere.
2211 1635 2524 1690 Verisimile
2586 1646 2770 1689 autem
2814 1645 2950 1699 crat,
2995 1634 3315 1705 quicumque
3348 1632 3449 1687 de-

1847 1746 1997 1784 mum
2030 1729 2215 1793 fuerit,
2250 1730 2401 1784 illum
2449 1744 2571 1784 cum
2606 1727 2838 1783 Romam
2889 1728 3196 1795 navigaret,
3232 1727 3447 1786 insulas

1848 1838 1910 1875 ac.
1931 1822 2196 1877 Graeciam
2231 1822 2459 1877 obiisse.
2495 1821 2605 1876 Nec
2643 1837 2671 1876 a
2697 1836 2827 1876 vero
2874 1821 3134 1875 abhorret
3164 1834 3287 1871 cum
3331 1818 3443 1887 jam

1846 1922 2005 1967 antea
2036 1913 2301 1970 Graeciam
2358 1914 2744 1983 perlustrasse.
2782 1921 2836 1967 et
2883 1912 3108 1967 Grzrcim
3143 1921 3274 1962 tunc
3305 1918 3445 1962 tem-

1847 2009 1998 2075 poris
2022 2009 2276 2068 ocellum,
2318 2007 2579 2060 Athenas.
2618 2003 2713 2059 Vel
2748 2020 2811 2058 ex
2852 2005 2965 2074 ipsa
2992 2003 3200 2058 Grmcia
3259 2003 3444 2055 oriun-

1844 2100 1973 2153 dum
2005 2113 2127 2152 esse
2156 2097 2444 2166 oportebat
2471 2114 2485 2162 ;
2511 2112 2688 2163 neque
2709 2097 2863 2148 illum
2891 2096 2956 2150 de
2987 2095 3149 2163 vulgo
3177 2094 3441 2162 aliquem,

1842 2189 1935 2258 qui
2002 2188 2315 2258 hlijllSlltOdi
2393 2203 2494 2242 nec
2551 2186 2777 2240 vidisset
2845 2201 2942 2239 nec
2985 2186 3289 2238 audivisset
3338 2199 3435 2237 nn-

1841 2296 2006 2351 quam
2041 2324 2056 2344 ,
2095 2281 2537 2348 sed,queuulam
2581 2296 2644 2332 ex
2694 2278 3114 2339 ernditioribus,
3165 2291 3289 2329 cum
3327 2290 3439 2344 quo

1839 2373 2147 2427 litterarum
2233 2372 2629 2426 commercium
2703 2372 2751 2424 ei
2815 2370 3199 2432 intercederet,
3238 2377 3293 2421 et
3344 2364 3436 2435 qui

1842 2461 1959 2530 ipse
1991 2462 2262 2530 ejusmodi
2297 2461 2628 2530 spectaculis
2661 2471 2827 2529 atque
2881 2459 3171 2514 itineribus
3196 2460 3440 2512 delecta-

1840 2564 2011 2607 retur.
2042 2552 2145 2619 Qui
2172 2553 2312 2605 lua-n
2381 2570 2513 2623 ergo
2576 2553 2707 2607 illud
2760 2561 2878 2607 erat
2921 2553 3065 2621 quod
3115 2553 3253 2605 adeo
3308 2568 3433 2604 eum

1841 2654 2023 2714 posset
2058 2645 2372 2713 percellere,
2404 2655 2461 2698 ut
2488 2642 2736 2700 Graeciae
2788 2661 3084 2717 rerumque
3111 2645 3164 2697 in
3197 2660 3258 2698 ea
3311 2646 3434 2697 visu

1839 2737 2131 2807 dignarum
2164 2737 2609 2799 oblivisceretur,
2667 2737 2863 2790 videns
2914 2736 3096 2804 qualia
3145 2744 3271 2789 ante
3328 2750 3436 2788 non

1835 2829 2067 2892 viderat,
2096 2838 2151 2883 et
2204 2829 2400 2897 ipsam,
2430 2837 2484 2883 et
2516 2822 2737 2882 relictos
2764 2829 2818 2882 in
2848 2843 2910 2882 ea
2936 2829 3147 2882 amicos
3181 2835 3435 2881 contem-

1835 2930 1991 2976 neret
2024 2961 2037 2982 ,
2077 2936 2141 2975 ac
2172 2922 2392 2975 sibimet
2445 2922 2803 2989 persuaderet
2845 2938 2953 2975 non
3003 2930 3202 2974 terram
3261 2920 3434 2983 illam,

1836 3015 1927 3069 sed
1954 3014 2076 3068 caeli
2104 3016 2429 3080 particulam
2460 3014 2756 3085 quamdam
2798 3028 2922 3068 esse
2952 3013 2976 3067 ?
3001 3028 3174 3083 quare
3201 3012 3254 3066 in
3281 3020 3435 3066 utra-

1835 3123 1962 3177 que,
1993 3114 2051 3159 nt
2078 3107 2209 3171 dixi,
2270 3107 2472 3175 lingua,
2531 3107 2772 3160 maxima
2804 3106 2873 3160 de
2918 3121 2980 3160 ea
3040 3105 3253 3174 prodita
3314 3102 3436 3157 fne-

162 3201 390 3254 πλεῖστα
420 3204 549 3273 περὶ
578 3205 746 3276 αὐτῆς
777 3207 920 3277 ἔχειν
949 3211 1004 3260 ἐν
1038 3211 1402 3278 συγγραφαῖς.
1457 3209 1597 3262 Ἀλλ’
1622 3209 1731 3278 ἐγὼ

1842 3206 1985 3254 runt.
2034 3197 2178 3264 Quin
2206 3208 2259 3252 et
2292 3197 2562 3252 Barbaros
2608 3198 2777 3267 ipsos,
2839 3205 3195 3265 quotcunque
3226 3195 3436 3248 littera’

167 3291 318 3361 ᾤμην
340 3293 517 3348 ταῦτα
541 3296 667 3364 παρ’
701 3297 926 3351 ἐκείνων
955 3300 1090 3368 πρὸς
1120 3300 1426 3370 ὑπερϐολὴν
1451 3300 1733 3370 λέγεσθαι·

161 3386 255 3439 νῦν
285 3388 339 3440 δὲ
363 3389 476 3457 ὁρῶ
513 3392 678 3461 μηδὲν
708 3392 843 3461 πρὸς
878 3394 1184 3466 ὑπερϐολὴν
1215 3397 1472 3467 εἰρῆσθαι
1506 3397 1737 3451 τοιαῦτά

162 3480 264 3530 εἱσι
291 3482 359 3533 τά
391 3484 664 3552 ὁρώμενα.
698 3485 889 3538 Καίτοι
925 3489 1200 3558 μεμένηκε
1236 3490 1336 3558 μὲν
1363 3489 1519 3542 οὐδὲν
1547 3488 1736 3559 σχεδὸν

165 3570 302 3623 σῶον
329 3574 386 3624 ὲν
417 3574 579 3645 αὐτῇ,
611 3576 717 3628 οὐδ’
748 3577 814 3630 ἂν
861 3579 1046 3648 εὕροις
1072 3597 1125 3633 τι
1171 3580 1349 3634 ἀθῶον
1381 3582 1736 3637 παντάπασιν

164 3666 446 3734 ἐπηρείας,
490 3668 598 3721 τῶν
633 3670 732 3740 μὲν
773 3672 1097 3741 αὐτομάτων
1140 3674 1245 3726 ὑπὸ
1287 3676 1482 3743 χρόνου
1532 3679 1735 3747 κατεῤ-

163 3760 467 3826 ῥυηκὸτων,
525 3760 633 3814 τῶν
664 3762 719 3814 δὲ
752 3763 911 3831 χερσί
956 3782 1114 3819 τινων
1148 3765 1546 3836 βεϐιασμένων.
1584 3771 1736 3838 Συμ-

163 3847 363 3914 εέὸηκε
405 3850 515 3917 γὰρ
541 3851 634 3903 καὶ
666 3851 858 3924 ταύτῃ,
889 3854 1026 3924 ὅπερ
1054 3854 1148 3908 καὶ
1173 3859 1237 3927 τῇ
1277 3858 1529 3929 ἡμετέρᾳ
1555 3858 1731 3922 πόλει,

164 3939 331 4007 αὐτὴν
367 3942 535 4009 ἑαυτῇ
564 3943 681 3995 ἀντὶ
715 3944 990 4012 μετάλλων
1022 3947 1118 4000 καὶ
1142 3946 1421 4019 λατομιῶν
1448 3946 1612 4013 εἶναι,
1639 3952 1735 4004 καὶ

160 4030 296 4099 ὅπερ
341 4031 435 4084 ἐπὶ
477 4030 572 4085 τοῦ
620 4036 821 4097 παντὸς
866 4036 1060 4090 τούτου
1110 4037 1364 4109 λέγομεν,
1415 4041 1588 4111 αὐτὴν
1644 4041 1735 4109 ὑφ’

160 4124 356 4194 ἑαυτῆς
388 4124 695 4194 τρέφεσθαι
725 4128 822 4181 καὶ
851 4128 1202 4183 ἀναλοῦσθαι.
1251 4131 1522 4200 Κέκμηκε
1573 4132 1631 4185 δὲ
1660 4130 1737 4197 ὡς

158 4219 334 4269 εἰπεῖν
362 4218 421 4269 ὲν
444 4219 609 4270 πᾶσν
643 4220 895 4287 φαίνεται
918 4221 974 4275 δὲ
1007 4222 1157 4291 ὅμως
1182 4223 1279 4277 καὶ
1313 4225 1371 4276 ὲν
1407 4225 1592 4288 αὐτοῖς
1622 4228 1735 4291 τοῖς

156 4311 424 4379 ἐρειπίοις
450 4312 543 4365 καὶ
574 4313 848 4379 κολωνοῖς,
878 4310 967 4368 οἷα
997 4314 1056 4381 ἐξ
1091 4317 1267 4387 ἀρχῆς
1298 4319 1520 4387 γέγονε,
1552 4318 1647 4372 καὶ
1673 4319 1735 4373 τδ

156 4402 268 4453 τῶν
324 4403 649 4474 οίκοδομιῶν
710 4406 941 4475 μέγεθος
972 4408 1068 4460 καὶ
1118 4409 1337 4472 κάλλος.
1377 4411 1444 4463 Τί
1492 4411 1603 4480 γὰρ
1635 4412 1735 4464 οὐκ

156 4488 225 4559 ἦν
254 4495 363 4546 τῶν
392 4499 450 4548 ὲν
479 4496 615 4566 αὐτῇ
638 4498 835 4564 καλόν;
869 4499 978 4553 Καὶ
1000 4502 1060 4552 οὐ
1087 4502 1247 4571 μόνον
1274 4502 1611 4572 συγκείμενα
1637 4505 1733 4556 καλ⁵

1841 3306 1961 3345 rum
2000 3305 2109 3343 non
2136 3290 2294 3358 plane
2340 3300 2596 3359 expertes
2626 3301 2777 3355 sunt,
2839 3289 3077 3358 plurima
3116 3290 3184 3341 de
3234 3288 3324 3343 illa
3378 3288 3433 3343 in

1837 3381 2058 3449 scriptis
2094 3381 2294 3435 habere
2329 3382 2607 3436 existimo.
2645 3380 2748 3435 Sed
2785 3395 2886 3450 ego
2938 3380 3033 3450 qni
3088 3380 3202 3433 haac
3234 3378 3300 3431 ad
3335 3378 3437 3448 hy-

1836 3456 2097 3543 perbolen
2151 3473 2317 3529 abiis
2366 3473 2472 3527 dici
2536 3473 2821 3542 putabam,
2886 3487 3031 3527 nunc
3077 3470 3214 3524 nihil
3267 3484 3434 3539 supra

1837 3580 2002 3634 quam
2037 3579 2125 3620 res
2160 3565 2324 3621 habet
2352 3565 2460 3619 dici
2505 3565 2664 3619 video
2696 3582 2711 3617 :
2753 3565 2882 3618 talia
2920 3573 3048 3618 sunt
3080 3577 3143 3616 ea
3197 3576 3321 3631 quae
3352 3560 3437 3612 vi-

1837 3658 2055 3712 dentur.
2092 3656 2242 3711 Licct
2283 3656 2418 3711 nihil
2483 3659 2654 3710 ferme
2693 3657 2963 3725 integrum
3017 3654 3337 3721 salvumque
3379 3652 3433 3705 in

1837 3764 1899 3804 ea
1926 3751 2295 3815 remanserit,
2337 3765 2437 3804 nec
2485 3749 2790 3819 quidquam
2844 3747 3072 3802 omnino
3112 3747 3182 3802 ab
3229 3744 3432 3814 injuria

1836 3842 2081 3896 immune.
2100 3842 2344 3911 reperire
2368 3842 2529 3896 liceat
2558 3856 2720 3895 :cum
2749 3840 2856 3894 alia
2880 3840 3098 3909 quidem
3122 3852 3221 3893 sua
3239 3844 3435 3906 sponte

1836 3949 1950 4004 prae
1979 3932 2242 4002 temporis
2264 3940 2536 3987 vetustate
2560 3931 2823 3999 collapsa,
2854 3917 2959 3984 alia
2989 3929 3262 3982 violentas
3292 3941 3429 3995 quo-

1837 4024 2088 4079 rumdam
2125 4039 2322 4078 manus
2343 4035 2567 4092 experta
2621 4021 2847 4076 iuerint.
2888 4019 3022 4074 Nam
3057 4029 3113 4075 et
3144 4019 3270 4073 huic
3308 4018 3432 4073 urbi

1838 4116 1979 4171 idem
1997 4117 2142 4186 quod
2173 4125 2377 4171 nestrze
2395 4115 2619 4178 accidit,
2650 4124 2706 4169 ut
2741 4115 2854 4182 ipsa
2879 4112 2981 4168 sibi
3004 4111 3350 4167 metallorum
3371 4124 3436 4164 ac

1840 4210 2264 4280 lapicidinarum
2303 4209 2423 4263 loco
2446 4218 2591 4263 esset
2632 4216 2730 4262 :et
2771 4205 2914 4275 quod
2944 4205 3010 4259 de
3040 4204 3297 4258 universo
3332 4203 3436 4258 hoc

1850 4304 2110 4367 dicimus,
2147 4302 2265 4371 ipsa
2289 4316 2318 4353 a
2350 4298 2868 4369 seipsa,nutriretnr
2895 4305 2949 4351 et
2994 4304 3432 4351 consumeretur.

1840 4397 2048 4453 Deiecit
2067 4404 2249 4449 autem
2274 4395 2444 4448 ferme
2465 4394 2520 4447 in
2535 4391 2791 4446 oumibus
2809 4380 3207 4447 {nihilominus
3224 4389 3277 4442 in
3300 4388 3436 4457 ipsis

1840 4491 2007 4547 etiam
2058 4489 2233 4543 ruinis
2263 4503 2328 4542 ac
2359 4487 2650 4541 ruderibus
2680 4494 2926 4555 apparet,
2957 4482 3139 4552 qualis
3170 4480 3436 4551 principio

161 4588 529 4655 συνεστηκότα
550 4583 617 4658 ἦν
643 4589 750 4660 ἄρα
777 4591 940 4654 καλά,
962 4593 1098 4647 ἀλλὰ
1118 4595 1211 4646 καί
1239 4594 1737 4667 διαιρεθέντα’καλὰ

1858 4586 2041 4652 fuerit,
2064 4595 2180 4638 tum
2210 4592 2611 4639 structurarum
2645 4583 3035 4652 magnituduet
3064 4578 3433 4649 pulchritudo.

159 4681 412 4742 φαίνεται
440 4695 453 4709 ·
491 4675 601 4733 οἷον
633 4680 886 4750 σώματος
910 4682 1034 4735 ὅλου
1067 4682 1256 4750 καλοῦ,
1282 4687 1405 4754 χείρ
1432 4684 1466 4754 ἦ
1511 4683 1666 4748 ποῦς,
1696 4685 1728 4756 ἦ

161 4772 370 4842 aequali;
392 4773 530 4841 καλή
553 4788 567 4805 ο
595 4775 686 4826 καί
707 4774 943 4841 μεγάλου
970 4772 1224 4844 σώματος
1249 4776 1485 4828 ’ἑκαστον
1502 4776 1610 4827 τῶν
1636 4792 1731 4844 με·

157 4861 262 4913 λῶν
291 4865 454 4931 μέγα.
479 4864 592 4917 Οὐκ
622 4865 774 4932 ὀλίγα
795 4865 850 4917 δὲ
870 4867 1050 4918 αὐτῶν
1074 4868 1169 4919 καὶ
1190 4868 1266 4937 τῷ
1298 4867 1537 4937 πλείστῳ
1570 4866 1730 4936 μέρει

165 4958 463 5024 μεμένηκε.
494 4958 602 5009 Καὶ
630 4957 797 5010 πολλὰ
834 4958 893 5010 δὲ
924 4958 1032 5011 τῶν
1064 4961 1125 5012 ὲν
1153 4962 1218 5030 τῇ
1263 4960 1475 5014 Ἐλλάδι
1507 4960 1731 5027 γεγονό-

161 5063 289 5109 των,
328 5048 401 5110 ὡς
459 5049 664 5102 ἔνεστιν
715 5050 822 5103 ἀπὸ
868 5052 979 5103 τῶν
1031 5054 1088 5104 ὲν
1146 5053 1330 5113 αὐτοῖς
1384 5052 1731 5122 γραμμάτων

168 5138 315 5201 ἰδεῖν,
346 5142 404 5191 ἐν
456 5142 589 5210 αὐτῇ
620 5140 893 5194 δείκνυται
919 5157 931 5171 ·
966 5144 1142 5205 κίονες
1190 5145 1284 5196 καὶ
1323 5144 1462 5196 λίθοι
1490 5161 1731 5213 περιφα-

164 5233 294 5294 νεῖς,
327 5235 422 5286 καὶ
453 5237 642 5303 στῆλαι
678 5229 773 5288 mil.
795 5235 1113 5305 ἀγάλματα,
1139 5237 1234 5288 καὶ
1263 5235 1601 5306 ἀνδριάντες,
1636 5235 1734 5290 καὶ

166 5324 466 5393 γράμματα
524 5327 754 5380 πλεῖστα
801 5325 1094 5396 Ἑλληνικὰ
1149 5327 1244 5381 τοῦ
1295 5328 1587 5380 καλλίστου
1636 5330 1731 5383 καὶ

167 5415 391 5483 ἀρχαίου
440 5417 631 5473 τύπου.
692 5419 873 5474 Πολλά
918 5422 975 5476 δὲ
1006 5423 1098 5474 καὶ
1143 5422 1270 5490 τῇδε
1322 5422 1378 5473 ἐν
1414 5422 1551 5493 αὐτῇ
1601 5424 1731 5493 παρ’

177 5507 442 5577 Ἑλλήνων
471 5514 715 5581 γέγονεν,
750 5514 826 5577 ὡς
861 5514 1072 5581 ἔξεστιν
1109 5496 1218 5569 άπὸ
1258 5516 1366 5568 τῶν
1405 5516 1734 5586 ἐπιγραφῶν

170 5597 298 5651 ἰδεῖν
319 5619 332 5630 ·
360 5602 453 5656 καὶ
483 5604 732 5671 φαίνεται
763 5604 890 5669 τούς
912 5623 970 5660 τε
1003 5606 1227 5668 πολίτας
1252 5607 1445 5675 αὐτῆς,
1475 5606 1551 5669 ὡς
1581 5624 1653 5658 πα
1664 5606 1735 5677 ρὰ

164 5692 272 5742 τῶν
319 5696 562 5767 ἱστοριῶν
610 5698 909 5769 ἀκούομεν,
958 5700 1164 5770 σφόδρα
1222 5702 1336 5763 τοῖς
1396 5698 1734 5768 Ἑλληνικοῖς

162 5783 406 5854 ἥδεσθαι,
459 5793 552 5844 καὶ
584 5793 874 5857 πλείστους
906 5794 1010 5846 τῶν
1042 5793 1327 5865 ἡμετέρων
1370 5794 1643 5865 Ἕλληνας
1677 5796 1733 5848 ὲν

165 5875 303 5947 σιτῇ
332 5882 593 5946 γενέσθαι.
840 5886 847 5895 ’

1840 4679 1981 4746 Quid
2026 4678 2171 4731 enim
2197 4677 2251 4729 in
2277 4691 2339 4729 ea
2365 4691 2474 4729 non
2509 4674 2797 4744 pulchrum
2839 4670 2985 4725 fuit?
3017 4669 3130 4723 Nec
3152 4669 3328 4724 solum
3349 4668 3438 4720 in-

1838 4781 1987 4841 tegra
2017 4779 2070 4824 et
2091 4770 2381 4839 conjuncta
2401 4766 2628 4837 pulchra
2649 4775 2824 4829 erant,
2844 4764 2939 4819 sed
2964 4763 3192 4831 disjecta
3218 4773 3437 4829 quoque

1839 4879 1904 4919 ac
1950 4863 2124 4919 divisa
2157 4862 2385 4931 pulchra
2418 4868 2706 4929 apparent.
2735 4854 3210 4925 Quemadmodum
3246 4852 3298 4904 in
3353 4853 3437 4904 iu-

1840 4966 1995 5027 tcgro
2015 4970 2252 5025 corpore
2294 4955 2526 5024 pulchro
2586 4967 2783 5006 manus
2830 4950 2914 5004 vel
2965 4963 3101 5018 pes,
3134 4945 3220 5000 vel
3272 4947 3438 5015 caput

1840 5050 2129 5119 pulchrum
2156 5057 2238 5101 est
2266 5064 2279 5114 ;
2319 5055 2374 5101 et
2406 5047 2455 5098 in
2498 5059 2699 5112 magno
2750 5056 2978 5111 corpore
3007 5038 3436 5108 unumquodque

1842 5141 2148 5196 membrum
2182 5137 2615 5208 maguum.'Sed
2666 5150 2773 5188 non
2811 5148 2984 5203 pauca
3033 5133 3226 5186 horum
3272 5133 3434 5185 etiam

1840 5234 2079 5289 maxima
2107 5232 2193 5288 sui
2222 5242 2376 5302 parte
2421 5234 2807 5285 remanserunt
2831 5243 2847 5283 :
2875 5235 2990 5281 tum
3048 5225 3218 5279 multa
3245 5238 3434 5278 eorum

1840 5344 1960 5397 quae
1993 5326 2046 5380 in
2083 5324 2296 5380 Grtecia
2326 5324 2453 5379 olim
2481 5321 2768 5385 exstitere,
2800 5327 2862 5374 ut
2883 5334 2947 5374 ex
2977 5316 3435 5387 inscriptionibus

1842 5421 2029 5475 videre
2085 5419 2236 5483 licet,
2298 5418 2353 5472 in
2386 5432 2451 5471 ea
2512 5416 2814 5470 visuntur:
2881 5414 3173 5476 column-.2,
3216 5408 3430 5479 lapides

1840 5512 2050 5576 eximii,
2089 5522 2307 5577 statuae,
2378 5511 2558 5578 signa,
2593 5508 2882 5578 imagines,
2930 5504 3291 5575 pluiimaeque
3345 5502 3432 5554 in-

1842 5608 2172 5676 scriptiones
2216 5605 2441 5667 Grtecae,
2489 5600 2875 5672 pulcherrima:
2924 5613 2988 5652 ac
3035 5596 3238 5650 veteris
3268 5602 3462 5647 ιιοιιιι.Δ

1842 5701 2010 5755 Multa
2033 5714 2253 5770 quoque
2278 5699 2366 5752 hic
2396 5699 2448 5751 in
2490 5697 2611 5764 ipsa
2662 5693 2798 5747 urbe
2859 5706 2890 5744 a
2920 5688 3126 5744 Graecis
3174 5684 3315 5739 facta
3350 5683 3433 5737 fu-

1842 5810 1956 5855 ere,
1992 5802 2053 5849 ut
2078 5810 2142 5848 ex
2178 5787 2630 5859 inscriptionibus
2654 5785 2839 5840 videre
2869 5790 2976 5837 est.
3011 5780 3071 5833 Et
3106 5778 3253 5831 cives
3284 5775 3428 5844 ejus,

1844 5903 1996 5941 utex
2070 5886 2313 5941 historiis
2369 5878 2772 5951 cognoscimus,
2836 5876 3191 5930 vehementer
3262 5871 3428 5929 rebus

167 5971 360 6028 Graecis
412 5976 574 6032 fuisse
608 5977 925 6043 (1216433105,
956 5979 1327 6049 plurimosque
1374 5988 1687 6036 nostrorum
1753 5981 2069 6038 Grtecorum
2126 5982 2177 6034 in
2240 5993 2303 6033 ea
2336 5975 2538 6030 vixisse
2604 5979 2853 6040 apparet.
