3972 6470
430 366 504 430 27
1601 382 1762 445 MAN
1773 381 2001 446 UELIS
2049 385 2350 449 CHRYSO
2360 388 2582 450 LORE.
3644 395 3713 457 23

504 485 708 540 Verum
757 501 867 541 non
897 498 1028 558 opes
1058 489 1235 543 solum
1293 499 1349 545 ct
1403 493 1804 561 dexteritatem.
1863 507 2020 568 atque

2204 499 2279 554 Οὐ
2316 500 2478 571 μόνον
2530 501 2587 557 δὲ
2625 504 2717 557 τὸν
2773 501 3004 558 πλοῦτον
3044 506 3137 559 καί⁹
3185 505 3286 578 τὴν
3340 507 3713 581 πολυχειρίαν,

433 578 752 642 artiﬁcium,
792 581 963 641 aut_si
996 580 1134 636 velis
1162 582 1593 653 magnitudinem
1646 603 1712 643 ac
1760 589 2019 656 majesta-

433 679 564 735 tem,
598 679 711 726 tum
744 672 908 726 etiam
943 672 1318 742 prudentiain,
1348 678 1723 745 splendorem,
1745 691 1799 735 et
1832 682 2017 736 luxum

433 769 596 830 atque
642 761 1020 832 profusionem
1066 765 1218 821 urbis
1247 781 1312 820 ex
1356 767 1509 823 hisce
1565 778 2016 835 statuarum,co-

429 853 764 917 lumnarum,
825 857 1206 923 sepulcrorum
1257 867 1423 929 atque
1477 862 1833 918 aedificiorum
1888 866 2018 919 reli-

430 944 577 1013 quiis
602 947 916 1016 perspicere
970 948 1132 1004 licet:
1178 951 1273 1005 sed
1309 963 1362 1006 et
1405 954 1851 1023 superstitionem
1899 956 2020 1024 ejus

428 1044 483 1088 et
512 1037 1043 1105 magnanimitatem,
1091 1050 1146 1095 et
1198 1041 1583 1106 ambitionem,
1640 1051 1755 1097 tum
1800 1055 2021 1100 senten-

427 1129 583 1193 tiam,
621 1128 906 1193 victorias,
940 1138 1106 1199 atque
1157 1134 1468 1187 universam
1499 1133 1837 1196 ftdicitatem,
1889 1137 2019 1191 item

428 1222 746 1289 imperium,
814 1221 1108 1292 dignitates
1160 1234 1215 1280 et
1269 1241 1552 1289 armorum
1604 1228 2019 1297 peritiant.Nam

425 1329 535 1367 non
568 1313 745 1367 solum
806 1314 1071 1371 sublimes
1118 1318 1473 1387 aquaeductus
1501 1335 1532 1374 e
1565 1320 1864 1390 longinquo
1919 1320 2020 1377 ad-

422 1415 711 1461 vmrtantes
735 1406 921 1461 videre
951 1409 1095 1475 licet,
1131 1423 1184 1465 ct
1204 1427 1488 1467 murorum
1526 1414 1873 1478 crassitiem,
1906 1424 2019 1469 tum

424 1499 693 1568 porticus,
753 1493 1047 1569 regiasquc
1099 1501 1266 1575 aedes,
1327 1511 1381 1555 et
1450 1503 1654 1562 curias.
1686 1515 1740 1558 et
1783 1502 1925 1567 fora,
1969 1514 2024 1562 et

427 1589 692 1656 thermas,
715 1600 770 1646 et
805 1592 1013 1647 theatra
1046 1593 1115 1647 oh
1146 1607 1462 1653 numerum,
1508 1604 1559 1646 et
1587 1595 2020 1663 magnitudinem

426 1696 592 1753 atque
632 1687 1101 1756 pulchritudinem
1142 1686 1482 1754 conspicua:
1531 1700 1718 1739 verum
1739 1695 1793 1740 et
1821 1686 2021 1755 tempta

425 1773 711 1843 splendida
739 1775 904 1830 multa
937 1785 991 1831 et
1045 1775 1372 1846 frequentia,
1406 1776 1512 1830 alia
1564 1776 1686 1830 aliis
1743 1778 2024 1848 cognomi-

2125 591 2224 644 καὶ
2279 590 2383 662 τὴν
2435 592 2655 664 τέχνην,
2711 594 2761 649 εί
2816 595 2874 649 δὲ
2926 596 3109 666 βούλει
3143 598 3203 650 τὸ
3246 598 3478 669 μέγεθος
3530 602 3717 656 καὶτὸ

2127 682 2372 753 ἀξίωμα,
2405 684 2487 738 ἔτι
2521 685 2579 739 δὲ
2612 686 2672 739 τὸ
2713 687 2971 759 φρόνημα
3006 690 3104 744 καὶ
3142 690 3243 761 τὴν
3274 692 3594 759 φιλοκαλίαν
3626 696 3717 750 καὶ

2125 772 2407 845 ἁϐρότητα
2434 777 2528 831 καὶ
2559 778 2918 835 πολυτέλειαν
2941 781 3038 850 τῆς
3058 782 3291 849 πόλεως,
3314 783 3463 838 ἔστιν
3483 764 3591 838 duo
3607 786 3717 838 τῶν

2124 863 2397 934 λειψάνων
2412 867 2626 924 τούτων
2642 871 2753 925 τῶν
2773 872 3134 944 ἀνδριάντων,
3156 876 3249 928 καὶ
3273 877 3491 939 κιόνων,
3512 878 3607 930 καὶ
3620 878 3718 931 τά-

2126 974 2264 1026 φων,
2287 960 2384 1014 καὶ
2400 960 2702 1032 οίκοδομῶν
2716 963 2867 1031 ἰδεῖν,
2890 964 3027 1020 ἀλλὰ
3049 967 3145 1021 καὶ
3170 967 3271 1038 τὴν
3287 968 3715 1039 δεισιδαιμονίαν

2120 1050 2314 1121 αὐτῆς,
2350 1053 2448 1106 καὶ
2492 1054 2593 1126 τὴν
2623 1058 3061 1130 μεγαλοψυχίαν,
3098 1063 3194 1116 καὶ
3244 1061 3582 1132 φιλοτιμίαν,
3619 1066 3717 1117 καὶ

2121 1138 2222 1208 τὴν
2250 1140 2502 1212 γνώμην,
2544 1146 2639 1199 καὶ
2676 1148 2776 1209 τὰς
2805 1149 2982 1214 νίκας,
3029 1152 3122 1203 καὶ
3164 1150 3264 1219 τὴν
3308 1153 3494 1206 πᾶσαν
3535 1153 3716 1206 εὐδαιο

2125 1234 2341 1305 μονίαν,
2379 1239 2474 1289 καὶ
2523 1238 2846 1307 ἠγεμονίαν.
2887 1243 2983 1302 καί⁹
3026 1240 3207 1311 ἀξίαν,
3248 1247 3340 1297 καὶ
3379 1246 3478 1316 τὴν
3511 1248 3569 1299 ἐν
3603 1248 3718 1309 τοῖς

2122 1326 2312 1390 ὅπλοις
2333 1330 2552 1399 πεῖραν.
2578 1332 2651 1383 Ού
2672 1334 2781 1402 γὰρ
2807 1335 2969 1403 μόνον
2996 1336 3247 1405 ἀγωγοὺς
3267 1338 3474 1391 ὑδάτων
3493 1338 3712 1408 άερίους

2124 1415 2338 1483 ἔξεστιν
2359 1422 2493 1493 δρᾷν
2519 1422 2805 1495 πόρῤωθεν
2827 1426 3164 1497 ἐρχομένων.
3195 1430 3289 1482 καὶ
3308 1432 3503 1500 τειχῶν
3523 1433 3709 1498 ὄγκον,

2126 1512 2217 1563 καὶ
2251 1512 2446 1579 στοῶν,
2484 1516 2580 1570 καὶ
2621 1516 2930 1586 βασιλείων,
2964 1522 3057 1573 καὶ
3084 1520 3515 1593 βουλευτηρίων,
3550 1524 3629 1577 ἔτι
3656 1526 3717 1578 δὲ

2124 1602 2361 1674 ἀγορῶν,
2404 1608 2500 1669 καὶ
2553 1606 2874 1677 βαλανείων,
2918 1614 3014 1666 καὶ
3070 1613 3319 1683 θεάτρων
3362 1616 3569 1685 πὶῆθός
3625 1634 3713 1681 τε,

2127 1697 2223 1749 καὶ
2264 1697 2517 1766 μέγεθος,
2553 1702 2651 1753 καὶ
2673 1701 2890 1765 κάλλος,
2925 1705 3060 1757 ἀλλὰ
3090 1706 3183 1759 καὶ
3209 1707 3343 1771 νεὼς
3388 1711 3718 1778 περιφανεῖς

2127 1789 2363 1854 πολλοὺς
2409 1793 2505 1846 καὶ
2552 1798 2818 1863 συνεχεῖς,
2856 1798 3052 1861 ἄλλους
3080 1798 3180 1852 ἀπ’
3210 1799 3382 1867 ἄλλης
3440 1818 3720 1871 προσηγο-

427 1867 591 1922 nibus
627 1867 926 1938 insignita:
970 1869 1098 1922 item
1135 1869 1282 1931 fana,
1339 1870 1518 1940 signa,
1546 1869 1837 1940 imagines,
1863 1869 2020 1926 delu-

2128 1880 2251 1951 ρίας
2295 1883 2746 1956 ὠνομασμένους,
2784 1891 2880 1942 καὶ
2932 1890 3074 1959 ἱερὰ,
3104 1890 3198 1943 καὶ
3255 1867 3569 1959 ἀγάλματα,
3605 1867 3721 1945 ’καὶ

430 1959 531 2015 bra
561 1967 615 2014 et
642 1968 854 2016 statuas
884 1971 1127 2016 veterum
1165 1962 1383 2016 illorum
1423 1973 1478 2017 et
1520 1963 1824 2018 illustrium
1883 1962 2024 2017 viro-

425 2067 572 2118 rum,
601 2053 671 2106 ob
704 2053 895 2107 merita
943 2068 1070 2125 erga
1096 2053 1373 2109 civitatem
1429 2070 1496 2108 ex
1549 2056 1769 2124 publico
1794 2057 2023 2126 positas,

424 2148 504 2202 uti
547 2146 712 2202 etiam
766 2148 986 2203 virtutis
1042 2157 1423 2209 rnonumenta.
1475 2164 1754 2219 arcusque
1828 2152 2024 2207 trium-

422 2241 612 2311 phales
680 2242 733 2296 in
816 2241 1219 2311 triumphorum
1294 2251 1349 2296 et
1407 2256 1729 2312 pomparum
1806 2242 2021 2298 illarum

424 2333 750 2388 memoriam
789 2342 1137 2390 constructas
1168 2352 1181 2389 :
1220 2334 1422 2403 quibus
1460 2334 1648 2404 praelia
1677 2334 1822 2404 ipsa,
1865 2351 2025 2390 man-

422 2427 606 2497 cipia,
663 2426 839 2497 spolia
895 2435 950 2482 et
1027 2426 1361 2481 mmniorum
1433 2426 1870 2497 expugnationes
1935 2428 2017 2481 in-

423 2518 639 2587 sculpta
690 2528 840 2573 sunt.
865 2518 1278 2575 Sacriﬁciorum
1330 2528 1617 2588 praeterea,
1652 2520 2020 2585 victimarum,

423 2613 680 2668 altarium
717 2624 772 2668 et
812 2613 1172 2669 donariorum
1229 2614 1566 2682 scnlpturas.
1626 2613 1706 2667 Ad
1762 2613 1880 2667 haec
1913 2624 2019 2667 tam

425 2705 652 2759 navales
702 2721 871 2775 quam
935 2705 1222 2774 pedestres
1250 2715 1305 2759 et
1363 2712 1650 2774 equestres
1705 2720 1936 2774 pugnas.
1968 2714 2023 2758 et

423 2803 485 2850 ut
514 2796 590 2850 ita
619 2796 821 2862 dicam,
860 2795 1236 2867 quodcunque
1281 2797 1502 2851 tandem
1570 2812 1769 2865 pugnas
1819 2795 2024 2850 inStru-

424 2900 741 2942 mentorum
808 2902 1202 2957 armorumque
1274 2901 1494 2957 genus:
1567 2888 1696 2941 item
1747 2887 2011 2941 subactos

423 2979 726 3050 principes,
752 2977 936 3035 Medos
980 2980 1123 3035 forte
1152 2979 1246 3035 vel
1308 2977 1530 3045 Persas,
1560 2979 1643 3034 vel
1689 2979 1894 3046 lberos,
1925 2987 2023 3034 aut

423 3075 629 3143 Gallos,
667 3075 995 3147 Assyriosve
1053 3091 1157 3132 suo
1204 3091 1478 3147 quemque
1535 3077 1725 3131 habitu
1757 3093 1771 3130 :
1801 3086 2021 3146 gentes-

423 3182 533 3237 que
566 3171 824 3224 suhactas
865 3178 919 3225 et
969 3169 1374 3239 triumphantes
1438 3171 1504 3224 de
1551 3169 1742 3224 iisdem
1781 3170 2017 3238 impera-

424 3267 594 3313 tores.
622 3260 754 3314 ltem
780 3274 980 3315 currus
1011 3269 1066 3314 et
1104 3260 1401 3330 quadrigas
1440 3275 1569 3314 cum
1637 3259 1867 3328 aurigis,
1903 3268 2017 3315 tum
2049 3234 2094 3295 ο

422 3352 719 3421 stipatores
766 3367 831 3407 ac
872 3356 1278 3423 subsequentes
1326 3357 1608 3422 satellites,
1638 3372 1739 3410 nec
1797 3370 2025 3411 nonan-

424 3443 733 3499 teCedeutia
757 3445 931 3513 spolia
958 3447 1143 3502 omnia
1179 3430 1442 3518 tanquam
1483 3448 1603 3501 viva
1637 3448 1690 3502 in
1732 3447 2023 3518 eﬂigiehus

424 3538 633 3605 vidcre,
654 3548 707 3594 et
766 3539 896 3609 quid
952 3546 1383 3612 unumquodque
1438 3542 1609 3599 fuerit
1631 3558 1695 3597 ex
1748 3540 2024 3608 adiunctis

424 3631 629 3686 litteris
658 3632 987 3699 dignoscere
1027 3633 1175 3690 licet.
1216 3633 1286 3689 Ut
1352 3636 1646 3690 manifeste
1697 3644 1863 3702 queat
1901 3649 2022 3702 per-

422 3725 592 3792 spici,
631 3724 838 3794 quibus
861 3725 1051 3788 aruis,
1078 3742 1297 3796 quoque
1329 3728 1514 3782 habitu
1548 3727 1677 3783 olim
1713 3735 2020 3787 uterentur.

422 3817 629 3884 quibus
708 3817 1090 3886 magistratum
1137 3819 1471 3891 insignibus,
1533 3820 1732 3890 quibus
1779 3818 2019 3873 acierum

425 3908 886 3964 instructionibus
915 3919 969 3964 et
1006 3913 1223 3980 pugnis,
1258 3913 1532 3983 queisque
1558 3913 1724 3967 urbes
1750 3911 2010 3966 obsiden-

422 4004 479 4060 di
511 4014 567 4060 et
593 4014 776 4060 castra
805 4008 1045 4060 metandi
1074 4007 1251 4061 modis
1288 4022 1303 4059 :
1339 4006 1540 4077 quibus
1589 4007 1831 4075 denique
1854 4020 2021 4059 orna-

428 4098 630 4154 mentis
662 4108 715 4153 et
737 4112 846 4168 quo
875 4097 1076 4153 amictu
1109 4099 1317 4153 militiae
1347 4099 1427 4153 vel
1455 4098 1625 4165 domi,
1674 4098 1729 4153 in
1757 4097 2018 4161 comitiis,

429 4189 514 4243 vel
546 4191 600 4244 in
657 4200 876 4258 senatu,
932 4191 1020 4246 vel
1067 4192 1232 4245 etiam
1299 4190 1354 4244 in
1421 4190 1586 4244 foro:
1640 4191 1693 4243 in
1764 4197 1930 4250 terra,
1964 4189 2019 4241 in

430 4281 571 4335 ntari
625 4281 727 4336 iter
758 4280 1043 4345 facientes,
1072 4280 1155 4336 vel
1196 4281 1539 4351 navigantes,
1573 4281 1691 4334 sive
1743 4280 1894 4348 operi
1941 4276 2024 4332 fa-

426 4373 654 4440 ciendo,
688 4374 804 4431 sive
830 4374 1053 4441 corpori
1085 4371 1394 4428 exercendo
1422 4370 1642 4438 intenti,
1696 4370 1819 4425 sive
1858 4369 2021 4423 ludos

430 4476 767 4537 spectantes,
791 4468 906 4521 sive
937 4466 989 4520 in
1015 4465 1397 4529 concionibus,
1421 4464 1539 4519 sive
1573 4463 1628 4517 in
1659 4460 1913 4525 ofﬁcinis,
1939 4461 2022 4533 id-

2130 1973 2482 2045 ἀνδριὰντας,
2538 1979 2633 2032 καὶ
2670 1981 2897 2051 τεμένη,
2942 1984 3037 2036 καὶ
3071 1983 3276 2048 στήλας
3312 1984 3420 2036 τῶν
3465 1986 3721 2037 παλαιῶν

2129 2066 2358 2121 ἐκείνων
2385 2070 2480 2123 καὶ
2509 2073 2831 2141 περιφανῶν
2856 2074 3088 2144 ἀνδρῶν,
3125 2076 3177 2128 εί
3213 2094 3295 2137 τις
3325 2075 3467 2145 ὑπὲρ
3492 2078 3588 2146 τῆς
3619 2081 3722 2132 πόα

2129 2156 2264 2221 λεώς
2296 2176 2351 2211 τι
2384 2159 2701 2231 εἴργασται,
2739 2165 2971 2229 ἐκείνοις
3001 2168 3151 2237 παρὰ
3185 2168 3276 2220 τοῦ
3330 2169 3590 2238 δημοσίου
3622 2186 3721 2236 γε-

2128 2249 2384 2318 νομένας,
2415 2257 2509 2305 καὶ
2539 2254 2808 2324 ἀριστεῖα,
2838 2257 2931 2309 καὶ
2965 2257 3213 2327 γεφύρας
3246 2257 3606 2327 θριαμϐικὰς,
3634 2260 3720 2322 είς

2131 2342 2432 2413 ὑπόμνημα
2461 2346 2573 2398 τῶν
2605 2347 2895 2417 θριάμϐων
2916 2349 3173 2405 δὲκείνων
3205 2351 3296 2404 καὶ
3331 2351 3439 2405 τῶν
3478 2352 3720 2422 πομπῶν

2129 2435 2534 2505 πεποιημένας,
2570 2437 2755 2494 αὐτῶν
2786 2440 2894 2493 τῶν
2931 2440 3203 2509 πολέμων,
3238 2445 3335 2495 καὶ
3365 2443 3472 2495 τῶν
3502 2444 3714 2512 αἰχμα-

2125 2525 2337 2592 λώτων,
2380 2530 2475 2581 καὶ
2525 2529 2634 2582 τῶν
2690 2530 2977 2602 λαφύρων,
3024 2534 3120 2587 καὶ
3180 2535 3289 2587 τῶν
3343 2534 3719 2605 τειχομαχιῶν

2128 2619 2650 2690 ὲγκεκολαμμένων,
2698 2622 2778 2676 ἔτι
2814 2624 2869 2677 δὲ
2912 2625 3126 2695 ἱερείων
3157 2628 3215 2679 ἐν
3268 2624 3459 2687 αὑταῖς
3492 2630 3586 2681 καὶ
3620 2625 3720 2679 ου-

2129 2711 2260 2763 σιῶν
2299 2713 2393 2765 καὶ
2437 2712 2637 2783 βωμῶν
2665 2714 2882 2785 γλυφάς
2918 2718 3013 2770 καὶ
3061 2717 3451 2787 ἀναθημάτων.
3488 2718 3628 2782 "per;
3658 2720 3719 2771 δὲ

2125 2802 2345 2864 τούτοις
2392 2807 2729 2875 ναυμαχίας,
2765 2807 2862 2860 καὶ
2916 2806 3288 2878 πεζομαχίας,
3319 2811 3414 2863 καὶ
3467 2813 3717 2879 ἱππομα-

2126 2895 2274 2964 χίας,
2313 2896 2407 2949 καὶ
2437 2898 2546 2950 πᾶν
2574 2894 2734 2963 εἶδος,
2771 2900 2846 2962 ὡς
2875 2901 3075 2965 εἰπεῖν,
3105 2902 3308 2971 μάχης,
3338 2902 3431 2954 καὶ
3464 2920 3721 2973 μηχανη-

2129 2987 2320 3055 μάτων
2339 3004 2397 3041 τε
2428 2992 2521 3041 καὶ
2554 2990 2754 3055 ὃπλων,
2784 2996 2893 3048 καὶ·
2917 2994 3042 3054 τοὺς
3067 2993 3421 3064 ύπηγμένους
3445 2994 3715 3059 δυνάστας

2125 3079 2345 3148 Μήδους
2377 3080 2555 3150 τυχὸν,
2589 3081 2621 3150 ἢ
2656 3083 2893 3152 Πέρσας,
2930 3082 2962 3152 ῆ
3004 3084 3255 3154 Ἴϐηρας,
3291 3085 3320 3151 ἦ
3375 3085 3636 3147 Κελτοὺς,
3674 3084 3707 3154 ἦ

2140 3171 2483 3241 Ἀσσυρίους,
2517 3174 2660 3229 κατὰ
2708 3176 2804 3246 τὴν
2847 3176 3027 3230 αὐτῶν
3071 3178 3266 3246 στολὴν
3316 3177 3579 3240 ἑκάστους
3614 3178 3711 3230 καὶ

2125 3262 2193 3315 τὰ
2219 3263 2597 3333 δεδουλωμένα
2626 3265 2781 3334 γένη,
2826 3267 2921 3319 καὶ
2962 3268 3086 3330 τοὺς
3129 3267 3570 3338 θριαμϐεύοντας
3613 3268 3710 3321 ἐπὶ

2123 3350 2215 3403 τού
2230 3370 2336 3414 τοις
2369 3356 2735 3424 στρατηγοὺς,
2767 3356 2942 3409 καὶτὸ
2973 3357 3151 3427 ἅρμα,
3187 3362 3283 3411 καὶ
3308 3360 3375 3410 τὰ
3402 3360 3705 3432 τέθριππα,

2086 3442 2221 3527 ,καὶ
2249 3445 2377 3507 τοὺς
2424 3447 2677 3515 ἡνιόχους
2725 3448 2819 3506 καὶ
2871 3449 2997 3511 τοὺς
3042 3450 3399 3520 δορυφόρους,
3438 3452 3533 3504 καὶ
3580 3454 3708 3517 τοὺς

2126 3535 2431 3603 ἑπομένους
2461 3537 2751 3605 λοχαγοὺς,
2775 3540 2867 3592 καὶ
2891 3540 2958 3597 τὰ
2988 3543 3247 3611 προϊόντα
3272 3542 3467 3608 σκῦλα,
3495 3544 3715 3599 ἅπαντα

2125 3626 2328 3678 ὡσανεὶ
2348 3626 2526 3689 ζῶντα
2555 3630 2648 3682 ἐπὶ
2678 3631 2785 3683 τῶν
2816 3631 3042 3701 εἰκόνων
3073 3631 3220 3685 ἐστιν
3256 3633 3406 3697 ἰδεῖν,
3447 3636 3541 3686 καὶ
3573 3652 3715 3688 συνο

2130 3723 2271 3771 εἶναι
2300 3722 2353 3771 τί
2387 3719 2619 3775 ἕκαστον
2665 3716 2732 3792 ἦν
2762 3722 2851 3774 διὰ
2883 3723 2994 3776 τῶν
3027 3726 3083 3776 ἐν
3115 3725 3298 3785 αὐτοῖς
3334 3724 3712 3794 γραμμάτων

2126 3811 2270 3867 ὥστε
2298 3812 2564 3868 δύνασθαι
2603 3815 2792 3881 σαφῶς
2824 3816 2959 3886 ὁρᾷν
2999 3818 3109 3869 τίσι
3148 3817 3247 3887 μὲν
3277 3816 3484 3879 ὅπλοις.
3514 3818 3716 3884 τίσιδὲ

2122 3904 2344 3967 στολαῖς
2376 3904 2619 3975 ἐχρῶντο
2665 3906 2726 3959 τὸ
2756 3905 3003 3969 παλαιὸν,
3032 3907 3141 3960 τίσι
3167 3907 3225 3961 δὲ
3276 3909 3571 3981 ἐπισήμοις
3602 3910 3716 3963 τῶν

2123 3995 2330 4066 ἀρχῶν,
2357 3998 2570 4060 ὁποίαις
2601 3998 2658 4051 δὲ
2698 3999 3067 4069 παρατάξεσι,
3096 3999 3190 4052 καὶ
3231 4000 3458 4069 μάχαις,
3491 4003 3585 4054 καὶ
3612 4017 3715 4054 που

2124 4083 2417 4157 λιορκίαις.
2456 4090 2552 4143 καὶ
2586 4090 2975 4159 στρατοπέδοις
2996 4109 3010 4124 ·
3044 4091 3165 4174 τίσι,
3186 4092 3243 4145 δὲ
3275 4095 3381 4162 ἄρα
3411 4094 3443 4164 ἢ
3474 4094 3715 4162 θέσεσιν,

2123 4181 2157 4252 ἢ
2188 4183 2529 4251 περιϐολαῖς,
2570 4184 2680 4237 εἴτε
2716 4186 2808 4238 ἐπὶ
2833 4187 3144 4256 στρατείας,
3175 4186 3287 4240 εἴτε
3324 4187 3484 4250 οἶκοι,
3518 4188 3628 4241 εἴτε
3653 4193 3720 4243 ἑν

2123 4273 2473 4343 ἐκκλησίαις,
2513 4276 2623 4327 εἴτε
2661 4278 2718 4329 ὲν
2750 4275 3143 4349 βουλευτηρίῳ,
3185 4280 3291 4332 εἴτε
3327 4279 3449 4332 κατ’
3480 4282 3720 4351 ἀγορὰν,

2124 4363 2237 4416 εἴτε
2271 4368 2328 4417 ἐν
2357 4369 2451 4438 γῇ,
2482 4365 2595 4420 εἴτε
2618 4369 2674 4421 ὲν
2698 4367 2960 4441 θαλάττῃ,
2992 4371 3104 4423 εἴτε
3137 4370 3568 4441 ὁδοιποροῦντες,
3597 4373 3721 4428 εἴτε

2125 4457 2406 4523 πλέοντες,
2440 4459 2549 4511 εἴτε
2589 4460 2901 4525 πονοῦντες,
2928 4461 3039 4514 εἴτε
3071 4463 3392 4529 ἀσκοῦντες,
3433 4464 3547 4517 εἴτε
3576 4464 3728 4516 θεώ.

427 4575 539 4628 que
578 4560 879 4616 secundum
910 4559 1158 4614 diversos
1207 4558 1495 4612 nationum
1532 4552 1847 4620 ritus.Quos
1887 4550 2015 4606 dum

2130 4567 2307 4621 μενοι,
2344 4550 2456 4604 εἴτε
2501 4553 2559 4606 ὲν
2603 4553 3004 4624 πανηγύρεσιν,
3040 4556 3150 4608 εἴτε
3201 4556 3259 4608 ὲν
3303 4557 3719 4626 ἐργαστηρίοις,

431 4650 748 4707 Herodotus
814 4649 1017 4719 aliique
1069 4648 1323 4703 nonnulli
1400 4646 1651 4701 historici
1720 4644 2017 4714 explicant,

431 4759 693 4815 magnum
721 4758 902 4813 opera:
956 4742 1194 4811 pretium
1252 4739 1451 4794 fecisse
1512 4737 1904 4792 videnlur.Sed
1964 4737 2018 4790 in

414 4837 590 4892 'bisre
620 4837 802 4890 omnia
838 4835 905 4889 iis
948 4833 1287 4902 temporibus
1351 4845 1474 4885 sese
1530 4829 1822 4893 habebant,
1872 4842 2022 4898 que-

434 4943 541 5000 que
601 4928 744 4998 apud
797 4927 1045 4982 diversos
1118 4922 1347 4994 populos
1398 4922 1649 4982 "fiebant,
1708 4921 1894 4975 videre
1952 4920 2019 4973 li-

434 5033 524 5076 cet
551 5038 566 5076 :
596 5022 672 5076 ita
716 5031 775 5076 ut
822 5031 1080 5076 accurata
1108 5017 1359 5087 quaedam
1388 5015 1617 5070 historia
1662 5016 1735 5069 sit
1770 5033 1783 5068 :
1815 5016 1897 5069 vel
1923 5030 2021 5085 po-

432 5115 543 5168 tius
565 5130 672 5168 non
702 5124 811 5167 tam
848 5112 1099 5176 historia,
1128 5126 1293 5180 quam
1322 5110 1585 5174 ocularis,
1620 5119 1680 5164 ut
1714 5109 1788 5162 ita
1815 5108 2017 5171 dicam,

435 5207 706 5277 inspectio
734 5216 789 5262 et
825 5220 1073 5277 praesens
1095 5205 1340 5277 cOgnitio
1367 5222 1551 5261 rerum
1593 5205 1840 5261 omnium
1894 5219 2021 5273 qua:

436 5310 571 5355 tunc
606 5300 869 5368 temporis
889 5299 1282 5368 contigerunt:
1311 5310 1366 5353 et
1399 5312 1531 5352 sane
1560 5297 1894 5353 imitationis
1926 5312 2020 5350 ar-

435 5395 668 5449 tificium
696 5409 822 5449 cum
857 5396 971 5465 ipsa
992 5408 1173 5449 rerum
1206 5403 1404 5449 natura
1430 5399 1605 5446 certat
1632 5398 1685 5445 et
1712 5391 2018 5454 contendit,

440 5489 518 5544 ila
556 5496 618 5542 ut
653 5487 886 5542 videaris
924 5488 1197 5557 integrum
1245 5486 1546 5551 hominem,
1573 5484 1783 5545 urbem,
1818 5498 2019 5552 equum

441 5587 539 5633 aut
563 5579 868 5634 exercitum
892 5577 1098 5645 videre,
1133 5578 1215 5633 vel
1258 5577 1489 5633 loricam
1518 5585 1612 5630 aut
1654 5574 1892 5646 gladium
1938 5575 2022 5629 vel

440 5679 779 5727 armaturam
806 5673 1072 5743 integram
1105 5690 1119 5726 :
1155 5671 1238 5726 vel
1272 5673 1437 5727 etiam
1465 5679 1684 5740 captos,
1726 5668 2019 5738 fugientes,

444 5762 707 5827 ridentes,
738 5765 950 5830 ﬂentes,
972 5774 1297 5826 commotos,
1329 5764 1427 5818 vel.
1445 5763 1636 5817 iratos.
1658 5760 1799 5816 Tum
1828 5770 2024 5829 preter

446 5852 565 5910 haec
590 5853 773 5910 omnia
806 5855 1110 5913 unciatibus
1140 5855 1338 5913 litteris
1395 5854 1698 5926 ascriptum
1731 5870 1743 5906 :
1785 5850 2022 5909 Senatus

2130 4643 2224 4698 καὶ
2255 4644 2429 4697 ταῦτα
2463 4645 2557 4699 καὶ
2587 4646 2686 4709 τὰς
2723 4647 2831 4699 τῶν
2865 4647 3036 4701 ἐθνῶν
3071 4648 3359 4719 διαφοράς.
3396 4644 3501 4701 Ἶλν
3542 4648 3727 4703 ἕνεκα.

2129 4736 2307 4799 ἐκθεὶς
2352 4736 2637 4807 Ἡρόδοτος
2675 4740 2768 4792 καὶ
2790 4740 2948 4795 ,ἄλλοι
2982 4742 3127 4804 τινὲς
3164 4742 3274 4794 τῶν
3308 4743 3547 4812 ἱστορίας
3580 4758 3730 4808 συγ-

2129 4830 2502 4915 γραψαμένων
2527 4830 2745 4884 δοκοῦσί
2766 4840 2819 4882 τι
2839 4830 3121 4902 προῦργου
3150 4834 3530 4901 πεποιηκέναι.
3568 4834 3724 4888 Ἀλλ’

2126 4923 2184 4975 ὲν
2218 4922 2450 4987 τούτοις,
2483 4922 2675 4994 ῶσπερ
2708 4928 2827 4978 κατ’
2858 4926 3102 4989 ἐκείνους
3135 4926 3264 4988 τοὺς
3295 4926 3519 4996 χρόνους
3553 4928 3722 4991 ὄντα,

2128 5016 2220 5068 καὶ
2254 5017 2309 5068 ἐν
2353 5015 2631 5087 διαφόροις
2677 5015 2857 5070 ἔθνεσι
2887 5019 3153 5090 γινόμενα
3194 5020 3369 5073 πάντα
3414 5021 3546 5089 ὀρᾷν
3592 5020 3727 5084 ἔξε-

2129 5128 2247 5163 στιν
2274 5127 2289 5143 ο
2330 5109 2471 5162 ὥστε
2513 5109 2753 5180 ἱστορίαν
2785 5110 2903 5164 τινὰ
2939 5112 3116 5165 πάντα
3156 5112 3341 5174 ἁπλῶς
3373 5110 3723 5180 ἀκριϐοῦσαν

2128 5199 2304 5256 εἶναι’
2337 5202 2540 5271 μᾶλλον
2567 5203 2625 5256 δὲ
2652 5204 2750 5273 οὐχ
2777 5204 3042 5272 ἱστορίαν,
3070 5204 3188 5257 ἀλλ’
3214 5204 3282 5256 ἵν’
3316 5204 3487 5265 οὕτως
3540 5204 3718 5270 εἴπω,

2128 5294 2395 5361 αὐτοψίαν
2438 5294 2550 5346 τῶν
2600 5294 2722 5347 τότε
2771 5295 2961 5358 ἁπλῶς
3025 5294 3342 5363 ἁπανταχοῦ
3397 5297 3721 5364 γενομένων

2131 5388 2373 5449 πάντων,
2403 5386 2497 5438 καὶ
2547 5386 2873 5456 παρουσίαν.
2915 5387 2987 5439 Ἥ
3023 5403 3087 5453 γε
3131 5386 3239 5457 μὴν
3281 5388 3440 5456 τέχνη
3468 5387 3574 5437 τῶν
3610 5404 3718 5454 μι-

2134 5479 2405 5548 μημάτων
2461 5478 2675 5546 ἀληθῶς
2712 5477 2886 5547 ἐρίζει
2944 5480 3038 5530 καὶ
3076 5478 3373 5547 ἁμιλλᾶται
3429 5477 3563 5546 πρὸς
3602 5478 3719 5548 τὴν

2128 5572 2240 5624 τῶν
2282 5570 2628 5641 πραγμάτων
2670 5572 2857 5638 φύσιν,
2909 5570 3053 5623 ῶστε
3091 5571 3271 5624 δοκεῖν
3320 5570 3630 5638 ἄνθρωπον,
3676 5570 3714 5639 ἢ

2130 5664 2319 5727 ἵππον,
2356 5663 2388 5733 ἢ
2427 5662 2603 5725 πόλιν,
2635 5662 2666 5733 ἢ
2702 5662 2933 5730 στρατὸν
2963 5662 3086 5716 ὅλον
3119 5664 3271 5733 cpe»,
3312 5663 3341 5732 ἢ
3394 5662 3637 5732 θώρακα,
3676 5663 3714 5732 ἢ

2133 5758 2307 5827 ξίφος.
2341 5756 2372 5827 ἢ
2404 5755 2733 5820 πανοπλίαν,
2766 5757 2861 5807 καὶ
2892 5754 2923 5818 ἠ
2958 5756 3371 5823 ἁλισκομένους,
3404 5755 3434 5824 ἢ
3476 5753 3720 5823 φεύγον-

2132 5867 2249 5915 τας,
2293 5850 2324 5920 ἢ
2373 5849 2668 5920 γελῶντας,
2724 5847 2755 5918 ῆ
2809 5846 3115 5915 κλαίοντας,
3165 5846 3194 5917 ἢ
3243 5847 3612 5917 κινουμένους,
3670 5847 3711 5919 ἢ

3740 5994 3767 6011 ο
