  <div class='ocr_page' id='page_1' title='image "/cluster/home/n/w/nwhite01/storage/ocr_20150623/156/coo.31924054870617/025.png"; bbox 0 0 3972 6460; ppageno 0'>
   <div class='ocr_carea' id='block_1_1' title="bbox 466 379 3742 471">
    <p class='ocr_par' dir='ltr' id='par_1_1' title="bbox 466 379 3742 471">
     <span class='ocr_line' id='line_1_1' title="bbox 466 379 3742 471; baseline 0.007 -26"><span class='ocrx_word' id='word_1_1' title='bbox 466 379 533 445; x_wconf 80' lang='grc'><strong>31</strong></span> <span class='ocrx_word' id='word_1_2' title='bbox 1636 390 2036 451; x_wconf 77' lang='lat' dir='ltr'><strong>MANUELIS</strong></span> <span class='ocrx_word' id='word_1_3' title='bbox 2076 390 2607 455; x_wconf 56' lang='lat' dir='ltr'><strong>CHRYSOLORI</strong></span> <span class='ocrx_word' id='word_1_4' title='bbox 3674 404 3742 471; x_wconf 74' lang='lat'><strong>32</strong></span> 
     </span>
    </p>
   </div>
   <div class='ocr_carea' id='block_1_2' title="bbox 535 488 2130 560">
    <p class='ocr_par' dir='ltr' id='par_1_2' title="bbox 535 488 2130 560">
     <span class='ocr_line' id='line_1_2' title="bbox 535 488 2130 560; baseline 0.008 -16"><span class='ocrx_word' id='word_1_5' title='bbox 535 488 641 544; x_wconf 85' lang='lat' dir='ltr'><strong>Sed</strong></span> <span class='ocrx_word' id='word_1_6' title='bbox 670 489 771 544; x_wconf 88' lang='lat' dir='ltr'><strong>ista</strong></span> <span class='ocrx_word' id='word_1_7' title='bbox 797 489 1017 560; x_wconf 84' lang='lat' dir='ltr'><strong>quidem</strong></span> <span class='ocrx_word' id='word_1_8' title='bbox 1071 493 1444 560; x_wconf 57' lang='lat' dir='ltr'><strong>pra‘termitto.</strong></span> <span class='ocrx_word' id='word_1_9' title='bbox 1492 494 1610 550; x_wconf 86' lang='lat' dir='ltr'><strong>Duo</strong></span> <span class='ocrx_word' id='word_1_10' title='bbox 1661 506 1843 551; x_wconf 85' lang='lat' dir='ltr'><strong>autem</strong></span> <span class='ocrx_word' id='word_1_11' title='bbox 1896 497 2060 552; x_wconf 91' lang='lat' dir='ltr'><strong>lumi-</strong></span> <span class='ocrx_word' id='word_1_12' title='bbox 2090 504 2130 557; x_wconf 80' lang='grc' dir='ltr'><strong>Α</strong></span> 
     </span>
    </p>
   </div>
   <div class='ocr_carea' id='block_1_3' title="bbox 464 580 2057 659">
    <p class='ocr_par' dir='ltr' id='par_1_3' title="bbox 464 580 2057 659">
     <span class='ocr_line' id='line_1_3' title="bbox 464 580 2057 659; baseline 0.007 -27"><span class='ocrx_word' id='word_1_13' title='bbox 464 581 642 642; x_wconf 81' lang='lat' dir='ltr'><strong>naria,</strong></span> <span class='ocrx_word' id='word_1_14' title='bbox 685 581 767 633; x_wconf 77' lang='lat' dir='ltr'><strong>vel</strong></span> <span class='ocrx_word' id='word_1_15' title='bbox 818 580 983 648; x_wconf 89' lang='lat' dir='ltr'><strong>soles,</strong></span> <span class='ocrx_word' id='word_1_16' title='bbox 1029 590 1122 634; x_wconf 90' lang='lat' dir='ltr'><strong>aut</strong></span> <span class='ocrx_word' id='word_1_17' title='bbox 1172 583 1343 638; x_wconf 69' lang='lat' dir='ltr'><strong>cados</strong></span> <span class='ocrx_word' id='word_1_18' title='bbox 1400 584 1641 655; x_wconf 78' lang='lat' dir='ltr'><strong>integros</strong></span> <span class='ocrx_word' id='word_1_19' title='bbox 1684 587 1775 641; x_wconf 87' lang='lat' dir='ltr'><strong>Dei</strong></span> <span class='ocrx_word' id='word_1_20' title='bbox 1830 588 2057 659; x_wconf 77' lang='lat' dir='ltr'><strong>gloriam</strong></span> 
     </span>
    </p>
   </div>
   <div class='ocr_carea' id='block_1_4' title="bbox 462 672 2059 749">
    <p class='ocr_par' dir='ltr' id='par_1_4' title="bbox 462 672 2059 749">
     <span class='ocr_line' id='line_1_4' title="bbox 462 672 2059 749; baseline 0.008 -26"><span class='ocrx_word' id='word_1_21' title='bbox 462 682 810 735; x_wconf 89' lang='lat' dir='ltr'><strong>enarrantes,</strong></span> <span class='ocrx_word' id='word_1_22' title='bbox 846 672 1087 739; x_wconf 72' lang='lat' dir='ltr'><strong>l’etrum,</strong></span> <span class='ocrx_word' id='word_1_23' title='bbox 1151 674 1478 744; x_wconf 87' lang='lat' dir='ltr'><strong>inquam,et</strong></span> <span class='ocrx_word' id='word_1_24' title='bbox 1524 678 1774 746; x_wconf 85' lang='lat' dir='ltr'><strong>Paulum,</strong></span> <span class='ocrx_word' id='word_1_25' title='bbox 1827 696 2059 749; x_wconf 90' lang='lat' dir='ltr'><strong>quorum</strong></span> 
     </span>
    </p>
   </div>
   <div class='ocr_carea' id='block_1_5' title="bbox 462 762 2061 839">
    <p class='ocr_par' dir='ltr' id='par_1_5' title="bbox 462 762 2061 839">
     <span class='ocr_line' id='line_1_5' title="bbox 462 762 2061 839; baseline 0.008 -24"><span class='ocrx_word' id='word_1_26' title='bbox 462 762 709 832; x_wconf 75' lang='lat' dir='ltr'><strong>reliquizn</strong></span> <span class='ocrx_word' id='word_1_27' title='bbox 750 765 835 819; x_wconf 87' lang='lat' dir='ltr'><strong>hic</strong></span> <span class='ocrx_word' id='word_1_28' title='bbox 867 767 987 819; x_wconf 72' lang='lat' dir='ltr'><strong>sitae</strong></span> <span class='ocrx_word' id='word_1_29' title='bbox 1020 775 1182 832; x_wconf 90' lang='lat' dir='ltr'><strong>sunt;</strong></span> <span class='ocrx_word' id='word_1_30' title='bbox 1219 776 1273 821; x_wconf 90' lang='lat' dir='ltr'><strong>et</strong></span> <span class='ocrx_word' id='word_1_31' title='bbox 1304 770 1370 821; x_wconf 90' lang='lat' dir='ltr'><strong>ad</strong></span> <span class='ocrx_word' id='word_1_32' title='bbox 1420 785 1654 839; x_wconf 91' lang='lat' dir='ltr'><strong>quorum</strong></span> <span class='ocrx_word' id='word_1_33' title='bbox 1706 783 2061 827; x_wconf 85' lang='lat' dir='ltr'><strong>monumenta</strong></span> 
     </span>
    </p>
   </div>
   <div class='ocr_carea' id='block_1_6' title="bbox 465 853 2061 934">
    <p class='ocr_par' dir='ltr' id='par_1_6' title="bbox 465 853 2061 934">
     <span class='ocr_line' id='line_1_6' title="bbox 465 853 2061 934; baseline 0.009 -29"><span class='ocrx_word' id='word_1_34' title='bbox 465 853 580 908; x_wconf 75' lang='lat' dir='ltr'><strong>haec</strong></span> <span class='ocrx_word' id='word_1_35' title='bbox 618 854 823 921; x_wconf 89' lang='lat' dir='ltr'><strong>scribo,</strong></span> <span class='ocrx_word' id='word_1_36' title='bbox 862 860 988 925; x_wconf 85' lang='lat' dir='ltr'><strong>quis</strong></span> <span class='ocrx_word' id='word_1_37' title='bbox 1053 858 1215 929; x_wconf 77' lang='lat' dir='ltr'><strong>digne</strong></span> <span class='ocrx_word' id='word_1_38' title='bbox 1259 860 1670 917; x_wconf 83' lang='lat' dir='ltr'><strong>admirabitur?</strong></span> <span class='ocrx_word' id='word_1_39' title='bbox 1718 864 1849 934; x_wconf 85' lang='lat' dir='ltr'><strong>quid</strong></span> <span class='ocrx_word' id='word_1_40' title='bbox 1877 864 1943 918; x_wconf 85' lang='lat' dir='ltr'><strong>de</strong></span> <span class='ocrx_word' id='word_1_41' title='bbox 1975 875 2061 919; x_wconf 92' lang='lat' dir='ltr'><strong>to-</strong></span> 
     </span>
    </p>
   </div>
   <div class='ocr_carea' id='block_1_7' title="bbox 462 947 2061 1027">
    <p class='ocr_par' dir='ltr' id='par_1_7' title="bbox 462 947 2061 1027">
     <span class='ocr_line' id='line_1_7' title="bbox 462 947 2061 1027; baseline 0.008 -27"><span class='ocrx_word' id='word_1_42' title='bbox 462 947 572 1002; x_wconf 88' lang='lat' dir='ltr'><strong>tius</strong></span> <span class='ocrx_word' id='word_1_43' title='bbox 600 948 753 1003; x_wconf 87' lang='lat' dir='ltr'><strong>orbis</strong></span> <span class='ocrx_word' id='word_1_44' title='bbox 785 949 851 1004; x_wconf 90' lang='lat' dir='ltr'><strong>ad</strong></span> <span class='ocrx_word' id='word_1_45' title='bbox 891 950 1136 1017; x_wconf 88' lang='lat' dir='ltr'><strong>eosdem,</strong></span> <span class='ocrx_word' id='word_1_46' title='bbox 1194 951 1362 1006; x_wconf 89' lang='lat' dir='ltr'><strong>veluti</strong></span> <span class='ocrx_word' id='word_1_47' title='bbox 1399 968 1717 1013; x_wconf 87' lang='lat' dir='ltr'><strong>communes</strong></span> <span class='ocrx_word' id='word_1_48' title='bbox 1789 958 2061 1027; x_wconf 90' lang='lat' dir='ltr'><strong>quosdam</strong></span> 
     </span>
    </p>
   </div>
   <div class='ocr_carea' id='block_1_8' title="bbox 461 1036 2064 1109">
    <p class='ocr_par' dir='ltr' id='par_1_8' title="bbox 461 1036 2064 1109">
     <span class='ocr_line' id='line_1_8' title="bbox 461 1036 2064 1109; baseline 0.009 -20"><span class='ocrx_word' id='word_1_49' title='bbox 461 1036 768 1104; x_wconf 79' lang='lat' dir='ltr'><strong>praefectos,</strong></span> <span class='ocrx_word' id='word_1_50' title='bbox 801 1040 1104 1108; x_wconf 84' lang='lat' dir='ltr'><strong>ducesque,</strong></span> <span class='ocrx_word' id='word_1_51' title='bbox 1131 1050 1227 1096; x_wconf 88' lang='lat' dir='ltr'><strong>aut</strong></span> <span class='ocrx_word' id='word_1_52' title='bbox 1252 1043 1513 1109; x_wconf 83' lang='lat' dir='ltr'><strong>praesides</strong></span> <span class='ocrx_word' id='word_1_53' title='bbox 1553 1060 1825 1103; x_wconf 86' lang='lat' dir='ltr'><strong>concursu</strong></span> <span class='ocrx_word' id='word_1_54' title='bbox 1850 1048 2064 1103; x_wconf 73' lang='lat' dir='ltr'><strong>dicam?</strong></span> 
     </span>
    </p>
   </div>
   <div class='ocr_carea' id='block_1_9' title="bbox 465 1127 2064 1208">
    <p class='ocr_par' dir='ltr' id='par_1_9' title="bbox 465 1127 2064 1208">
     <span class='ocr_line' id='line_1_9' title="bbox 465 1127 2064 1208; baseline 0.011 -29"><span class='ocrx_word' id='word_1_55' title='bbox 465 1127 795 1183; x_wconf 85' lang='lat' dir='ltr'><strong>Miraculum</strong></span> <span class='ocrx_word' id='word_1_56' title='bbox 846 1129 1089 1199; x_wconf 73' lang='lat' dir='ltr'><strong>profecto</strong></span> <span class='ocrx_word' id='word_1_57' title='bbox 1119 1141 1203 1188; x_wconf 91' lang='lat' dir='ltr'><strong>est</strong></span> <span class='ocrx_word' id='word_1_58' title='bbox 1247 1133 1434 1189; x_wconf 85' lang='lat' dir='ltr'><strong>videre</strong></span> <span class='ocrx_word' id='word_1_59' title='bbox 1482 1138 1551 1189; x_wconf 83' lang='lat' dir='ltr'><strong>ab</strong></span> <span class='ocrx_word' id='word_1_60' title='bbox 1600 1137 1888 1208; x_wconf 82' lang='lat' dir='ltr'><strong>Hispania,</strong></span> <span class='ocrx_word' id='word_1_61' title='bbox 1947 1140 2064 1196; x_wconf 82' lang='lat' dir='ltr'><strong>sive</strong></span> 
     </span>
    </p>
   </div>
   <div class='ocr_carea' id='block_1_10' title="bbox 467 1218 2064 1300">
    <p class='ocr_par' dir='ltr' id='par_1_10' title="bbox 467 1218 2064 1300">
     <span class='ocr_line' id='line_1_10' title="bbox 467 1218 2064 1300; baseline 0.011 -30"><span class='ocrx_word' id='word_1_62' title='bbox 467 1218 641 1272; x_wconf 78' lang='lat' dir='ltr'><strong>Iberia</strong></span> <span class='ocrx_word' id='word_1_63' title='bbox 676 1229 728 1275; x_wconf 81' lang='lat' dir='ltr'><strong>et</strong></span> <span class='ocrx_word' id='word_1_64' title='bbox 763 1220 956 1290; x_wconf 83' lang='lat' dir='ltr'><strong>Gallia,</strong></span> <span class='ocrx_word' id='word_1_65' title='bbox 1024 1224 1330 1296; x_wconf 89' lang='lat' dir='ltr'><strong>insulisque</strong></span> <span class='ocrx_word' id='word_1_66' title='bbox 1373 1227 1725 1296; x_wconf 74' lang='lat' dir='ltr'><strong>Britannicis,</strong></span> <span class='ocrx_word' id='word_1_67' title='bbox 1758 1243 1810 1286; x_wconf 90' lang='lat' dir='ltr'><strong>et</strong></span> <span class='ocrx_word' id='word_1_68' title='bbox 1846 1233 1891 1287; x_wconf 90' lang='lat' dir='ltr'><strong>si</strong></span> <span class='ocrx_word' id='word_1_69' title='bbox 1941 1250 2064 1300; x_wconf 68' lang='lat' dir='ltr'><strong>qua:</strong></span> 
     </span>
    </p>
   </div>
   <div class='ocr_carea' id='block_1_11' title="bbox 461 1310 2061 1389">
    <p class='ocr_par' dir='ltr' id='par_1_11' title="bbox 461 1310 2061 1389">
     <span class='ocr_line' id='line_1_11' title="bbox 461 1310 2061 1389; baseline 0.011 -27"><span class='ocrx_word' id='word_1_70' title='bbox 461 1310 696 1365; x_wconf 88' lang='lat' dir='ltr'><strong>ulterius</strong></span> <span class='ocrx_word' id='word_1_71' title='bbox 725 1329 913 1368; x_wconf 87' lang='lat' dir='ltr'><strong>versus</strong></span> <span class='ocrx_word' id='word_1_72' title='bbox 956 1317 1295 1373; x_wconf 75' lang='lat' dir='ltr'><strong>occidentem</strong></span> <span class='ocrx_word' id='word_1_73' title='bbox 1335 1319 1419 1373; x_wconf 91' lang='lat' dir='ltr'><strong>vel</strong></span> <span class='ocrx_word' id='word_1_74' title='bbox 1479 1322 1791 1389; x_wconf 85' lang='lat' dir='ltr'><strong>aquilonem</strong></span> <span class='ocrx_word' id='word_1_75' title='bbox 1823 1323 2061 1380; x_wconf 89' lang='lat' dir='ltr'><strong>distent:</strong></span> 
     </span>
    </p>
   </div>
   <div class='ocr_carea' id='block_1_12' title="bbox 463 1402 2063 1484">
    <p class='ocr_par' dir='ltr' id='par_1_12' title="bbox 463 1402 2063 1484">
     <span class='ocr_line' id='line_1_12' title="bbox 463 1402 2063 1484; baseline 0.012 -32"><span class='ocrx_word' id='word_1_76' title='bbox 463 1410 576 1454; x_wconf 85' lang='lat' dir='ltr'><strong>tum</strong></span> <span class='ocrx_word' id='word_1_77' title='bbox 612 1402 773 1456; x_wconf 75' lang='lat' dir='ltr'><strong>etiam</strong></span> <span class='ocrx_word' id='word_1_78' title='bbox 820 1419 886 1477; x_wconf 79' lang='lat' dir='ltr'><strong>ex</strong></span> <span class='ocrx_word' id='word_1_79' title='bbox 936 1405 1255 1475; x_wconf 84' lang='lat' dir='ltr'><strong>Germania,</strong></span> <span class='ocrx_word' id='word_1_80' title='bbox 1317 1409 1589 1467; x_wconf 84' lang='lat' dir='ltr'><strong>Sarmatia</strong></span> <span class='ocrx_word' id='word_1_81' title='bbox 1644 1422 1699 1468; x_wconf 92' lang='lat' dir='ltr'><strong>et</strong></span> <span class='ocrx_word' id='word_1_82' title='bbox 1756 1413 2063 1484; x_wconf 88' lang='lat' dir='ltr'><strong>Pannonia,</strong></span> 
     </span>
    </p>
   </div>
   <div class='ocr_carea' id='block_1_13' title="bbox 462 1496 2064 1577">
    <p class='ocr_par' dir='ltr' id='par_1_13' title="bbox 462 1496 2064 1577">
     <span class='ocr_line' id='line_1_13' title="bbox 462 1496 2064 1577; baseline 0.009 -30"><span class='ocrx_word' id='word_1_83' title='bbox 462 1496 753 1551; x_wconf 88' lang='lat' dir='ltr'><strong>nonnullos</strong></span> <span class='ocrx_word' id='word_1_84' title='bbox 797 1513 926 1552; x_wconf 83' lang='lat' dir='ltr'><strong>vero</strong></span> <span class='ocrx_word' id='word_1_85' title='bbox 955 1499 1118 1554; x_wconf 88' lang='lat' dir='ltr'><strong>etiam</strong></span> <span class='ocrx_word' id='word_1_86' title='bbox 1144 1515 1208 1555; x_wconf 81' lang='lat' dir='ltr'><strong>ex</strong></span> <span class='ocrx_word' id='word_1_87' title='bbox 1272 1499 1480 1558; x_wconf 66' lang='lat' dir='ltr'><strong>Graecia</strong></span> <span class='ocrx_word' id='word_1_88' title='bbox 1529 1514 1603 1557; x_wconf 78' lang='grc' dir='ltr'><strong>οι·</strong></span> <span class='ocrx_word' id='word_1_89' title='bbox 1638 1505 1765 1560; x_wconf 80' lang='lat' dir='ltr'><strong>Asia</strong></span> <span class='ocrx_word' id='word_1_90' title='bbox 1829 1514 1882 1571; x_wconf 77' lang='lat' dir='ltr'><strong>et</strong></span> <span class='ocrx_word' id='word_1_91' title='bbox 1935 1508 2064 1577; x_wconf 81' lang='lat' dir='ltr'><strong>qui-</strong></span> 
     </span>
    </p>
   </div>
   <div class='ocr_carea' id='block_1_14' title="bbox 461 1586 2066 1665">
    <p class='ocr_par' dir='ltr' id='par_1_14' title="bbox 461 1586 2066 1665">
     <span class='ocr_line' id='line_1_14' title="bbox 461 1586 2066 1665; baseline 0.011 -25"><span class='ocrx_word' id='word_1_92' title='bbox 461 1586 785 1659; x_wconf 84' lang='lat' dir='ltr'><strong>buscunque</strong></span> <span class='ocrx_word' id='word_1_93' title='bbox 823 1591 949 1645; x_wconf 91' lang='lat' dir='ltr'><strong>aliis</strong></span> <span class='ocrx_word' id='word_1_94' title='bbox 998 1607 1062 1646; x_wconf 80' lang='lat' dir='ltr'><strong>ex</strong></span> <span class='ocrx_word' id='word_1_95' title='bbox 1101 1593 1238 1649; x_wconf 87' lang='lat' dir='ltr'><strong>locis</strong></span> <span class='ocrx_word' id='word_1_96' title='bbox 1289 1594 1438 1665; x_wconf 87' lang='lat' dir='ltr'><strong>(quis</strong></span> <span class='ocrx_word' id='word_1_97' title='bbox 1488 1598 1633 1652; x_wconf 90' lang='lat' dir='ltr'><strong>enim</strong></span> <span class='ocrx_word' id='word_1_98' title='bbox 1700 1614 1892 1656; x_wconf 89' lang='lat' dir='ltr'><strong>omnes</strong></span> <span class='ocrx_word' id='word_1_99' title='bbox 1928 1616 2066 1656; x_wconf 88' lang='lat' dir='ltr'><strong>cnu-</strong></span> 
     </span>
    </p>
   </div>
   <div class='ocr_carea' id='block_1_15' title="bbox 463 1682 2066 1761">
    <p class='ocr_par' dir='ltr' id='par_1_15' title="bbox 463 1682 2066 1761">
     <span class='ocr_line' id='line_1_15' title="bbox 463 1682 2066 1761; baseline 0.011 -30"><span class='ocrx_word' id='word_1_100' title='bbox 463 1695 676 1734; x_wconf 83' lang='lat' dir='ltr'><strong>tnerare</strong></span> <span class='ocrx_word' id='word_1_101' title='bbox 703 1682 991 1754; x_wconf 64' lang='lat' dir='ltr'><strong>posse”),</strong></span> <span class='ocrx_word' id='word_1_102' title='bbox 1025 1700 1130 1739; x_wconf 89' lang='lat' dir='ltr'><strong>non</strong></span> <span class='ocrx_word' id='word_1_103' title='bbox 1168 1686 1317 1742; x_wconf 87' lang='lat' dir='ltr'><strong>viros</strong></span> <span class='ocrx_word' id='word_1_104' title='bbox 1355 1690 1534 1744; x_wconf 84' lang='lat' dir='ltr'><strong>solum</strong></span> <span class='ocrx_word' id='word_1_105' title='bbox 1583 1690 1832 1761; x_wconf 82' lang='lat' dir='ltr'><strong>cujusvis</strong></span> <span class='ocrx_word' id='word_1_106' title='bbox 1887 1693 2066 1749; x_wconf 67' lang='lat' dir='ltr'><strong>aetatis</strong></span> 
     </span>
    </p>
   </div>
   <div class='ocr_carea' id='block_1_16' title="bbox 461 1772 2054 1854">
    <p class='ocr_par' dir='ltr' id='par_1_16' title="bbox 461 1772 2054 1854">
     <span class='ocr_line' id='line_1_16' title="bbox 461 1772 2054 1854; baseline 0.011 -31"><span class='ocrx_word' id='word_1_107' title='bbox 461 1779 517 1823; x_wconf 88' lang='lat' dir='ltr'><strong>et</strong></span> <span class='ocrx_word' id='word_1_108' title='bbox 567 1772 952 1841; x_wconf 73' lang='lat' dir='ltr'><strong>profeSsinnis,</strong></span> <span class='ocrx_word' id='word_1_109' title='bbox 1006 1776 1102 1831; x_wconf 89' lang='lat' dir='ltr'><strong>sed</strong></span> <span class='ocrx_word' id='word_1_110' title='bbox 1146 1787 1198 1832; x_wconf 86' lang='lat' dir='ltr'><strong>et</strong></span> <span class='ocrx_word' id='word_1_111' title='bbox 1229 1778 1460 1835; x_wconf 74' lang='lat' dir='ltr'><strong>feininas</strong></span> <span class='ocrx_word' id='word_1_112' title='bbox 1491 1797 1588 1851; x_wconf 88' lang='lat' dir='ltr'><strong>per</strong></span> <span class='ocrx_word' id='word_1_113' title='bbox 1620 1792 1726 1836; x_wconf 90' lang='lat' dir='ltr'><strong>tam</strong></span> <span class='ocrx_word' id='word_1_114' title='bbox 1759 1783 2054 1854; x_wconf 76' lang='lat' dir='ltr'><strong>longinqua</strong></span> 
     </span>
    </p>
   </div>
   <div class='ocr_carea' id='block_1_17' title="bbox 464 1863 2054 1948">
    <p class='ocr_par' dir='ltr' id='par_1_17' title="bbox 464 1863 2054 1948">
     <span class='ocr_line' id='line_1_17' title="bbox 464 1863 2054 1948; baseline 0.012 -33"><span class='ocrx_word' id='word_1_115' title='bbox 464 1863 681 1931; x_wconf 84' lang='lat' dir='ltr'><strong>itinera,</strong></span> <span class='ocrx_word' id='word_1_116' title='bbox 742 1880 839 1934; x_wconf 89' lang='lat' dir='ltr'><strong>per</strong></span> <span class='ocrx_word' id='word_1_117' title='bbox 864 1876 942 1921; x_wconf 90' lang='lat' dir='ltr'><strong>tot</strong></span> <span class='ocrx_word' id='word_1_118' title='bbox 1013 1871 1259 1939; x_wconf 86' lang='lat' dir='ltr'><strong>pericula</strong></span> <span class='ocrx_word' id='word_1_119' title='bbox 1294 1884 1347 1928; x_wconf 92' lang='lat' dir='ltr'><strong>et</strong></span> <span class='ocrx_word' id='word_1_120' title='bbox 1417 1874 1672 1939; x_wconf 84' lang='lat' dir='ltr'><strong>labores;</strong></span> <span class='ocrx_word' id='word_1_121' title='bbox 1726 1892 1822 1946; x_wconf 91' lang='lat' dir='ltr'><strong>per</strong></span> <span class='ocrx_word' id='word_1_122' title='bbox 1859 1877 2054 1948; x_wconf 79' lang='lat' dir='ltr'><strong>frigus,</strong></span> 
     </span>
    </p>
   </div>
   <div class='ocr_carea' id='block_1_18' title="bbox 464 1956 2059 2041">
    <p class='ocr_par' dir='ltr' id='par_1_18' title="bbox 464 1956 2059 2041">
     <span class='ocr_line' id='line_1_18' title="bbox 464 1956 2059 2041; baseline 0.009 -32"><span class='ocrx_word' id='word_1_123' title='bbox 464 1956 662 2023; x_wconf 86' lang='lat' dir='ltr'><strong>lutum,</strong></span> <span class='ocrx_word' id='word_1_124' title='bbox 694 1956 994 2041; x_wconf 75' lang='lat' dir='ltr'><strong>pulverem,</strong></span> <span class='ocrx_word' id='word_1_125' title='bbox 1027 1972 1218 2015; x_wconf 70' lang='lat' dir='ltr'><strong>a&#39;stum</strong></span> <span class='ocrx_word' id='word_1_126' title='bbox 1248 1973 1301 2016; x_wconf 90' lang='lat' dir='ltr'><strong>et</strong></span> <span class='ocrx_word' id='word_1_127' title='bbox 1356 1965 1640 2020; x_wconf 44' lang='lat' dir='ltr'><strong>molestias</strong></span> <span class='ocrx_word' id='word_1_128' title='bbox 1671 1967 1777 2021; x_wconf 82' lang='lat' dir='ltr'><strong>huc</strong></span> <span class='ocrx_word' id='word_1_129' title='bbox 1833 1971 2059 2023; x_wconf 84' lang='lat' dir='ltr'><strong>venien-</strong></span> 
     </span>
    </p>
   </div>
   <div class='ocr_carea' id='block_1_19' title="bbox 464 2056 2060 2132">
    <p class='ocr_par' dir='ltr' id='par_1_19' title="bbox 464 2056 2060 2132">
     <span class='ocr_line' id='line_1_19' title="bbox 464 2056 2060 2132; baseline 0.009 -28"><span class='ocrx_word' id='word_1_130' title='bbox 464 2061 565 2114; x_wconf 85' lang='lat' dir='ltr'><strong>tes,</strong></span> <span class='ocrx_word' id='word_1_131' title='bbox 597 2060 655 2103; x_wconf 92' lang='lat' dir='ltr'><strong>ut</strong></span> <span class='ocrx_word' id='word_1_132' title='bbox 693 2067 874 2106; x_wconf 89' lang='lat' dir='ltr'><strong>arcam</strong></span> <span class='ocrx_word' id='word_1_133' title='bbox 931 2063 982 2108; x_wconf 91' lang='lat' dir='ltr'><strong>et</strong></span> <span class='ocrx_word' id='word_1_134' title='bbox 1015 2056 1280 2117; x_wconf 85' lang='lat' dir='ltr'><strong>loculum,</strong></span> <span class='ocrx_word' id='word_1_135' title='bbox 1309 2065 1361 2111; x_wconf 90' lang='lat' dir='ltr'><strong>et</strong></span> <span class='ocrx_word' id='word_1_136' title='bbox 1412 2060 1779 2115; x_wconf 81' lang='lat' dir='ltr'><strong>conditorium</strong></span> <span class='ocrx_word' id='word_1_137' title='bbox 1837 2073 2060 2132; x_wconf 86' lang='lat' dir='ltr'><strong>aposto-</strong></span> 
     </span>
    </p>
   </div>
   <div class='ocr_carea' id='block_1_20' title="bbox 464 2142 2057 2218">
    <p class='ocr_par' dir='ltr' id='par_1_20' title="bbox 464 2142 2057 2218">
     <span class='ocr_line' id='line_1_20' title="bbox 464 2142 2057 2218; baseline 0.012 -22"><span class='ocrx_word' id='word_1_138' title='bbox 464 2142 670 2205; x_wconf 85' lang='lat' dir='ltr'><strong>lorum,</strong></span> <span class='ocrx_word' id='word_1_139' title='bbox 713 2144 874 2212; x_wconf 85' lang='lat' dir='ltr'><strong>idque</strong></span> <span class='ocrx_word' id='word_1_140' title='bbox 899 2147 1116 2201; x_wconf 76' lang='lat' dir='ltr'><strong>eminus</strong></span> <span class='ocrx_word' id='word_1_141' title='bbox 1145 2157 1195 2201; x_wconf 87' lang='lat' dir='ltr'><strong>et</strong></span> <span class='ocrx_word' id='word_1_142' title='bbox 1228 2164 1323 2218; x_wconf 89' lang='lat' dir='ltr'><strong>per</strong></span> <span class='ocrx_word' id='word_1_143' title='bbox 1354 2152 1595 2207; x_wconf 87' lang='lat' dir='ltr'><strong>cortinas</strong></span> <span class='ocrx_word' id='word_1_144' title='bbox 1668 2169 1731 2208; x_wconf 89' lang='lat' dir='ltr'><strong>ac</strong></span> <span class='ocrx_word' id='word_1_145' title='bbox 1781 2157 2057 2214; x_wconf 87' lang='lat' dir='ltr'><strong>cancellos</strong></span> 
     </span>
    </p>
   </div>
   <div class='ocr_carea' id='block_1_21' title="bbox 466 2233 2061 2306">
    <p class='ocr_par' dir='ltr' id='par_1_21' title="bbox 466 2233 2061 2306">
     <span class='ocr_line' id='line_1_21' title="bbox 466 2233 2061 2306; baseline 0.013 -21"><span class='ocrx_word' id='word_1_146' title='bbox 466 2234 713 2287; x_wconf 70' lang='lat' dir='ltr'><strong>adorent.</strong></span> <span class='ocrx_word' id='word_1_147' title='bbox 747 2233 816 2288; x_wconf 94' lang='lat' dir='ltr'><strong>Ut</strong></span> <span class='ocrx_word' id='word_1_148' title='bbox 849 2237 1081 2305; x_wconf 82' lang='lat' dir='ltr'><strong>pulveri,</strong></span> <span class='ocrx_word' id='word_1_149' title='bbox 1117 2254 1180 2293; x_wconf 85' lang='lat' dir='ltr'><strong>ac</strong></span> <span class='ocrx_word' id='word_1_150' title='bbox 1210 2240 1347 2305; x_wconf 90' lang='lat' dir='ltr'><strong>solo,</strong></span> <span class='ocrx_word' id='word_1_151' title='bbox 1392 2251 1445 2295; x_wconf 91' lang='lat' dir='ltr'><strong>et</strong></span> <span class='ocrx_word' id='word_1_152' title='bbox 1476 2243 2061 2306; x_wconf 82' lang='lat' dir='ltr'><strong>circumainbientibus</strong></span> 
     </span>
    </p>
   </div>
   <div class='ocr_carea' id='block_1_22' title="bbox 464 2325 2064 2412">
    <p class='ocr_par' dir='ltr' id='par_1_22' title="bbox 464 2325 2064 2412">
     <span class='ocr_line' id='line_1_22' title="bbox 464 2325 2064 2412; baseline 0.013 -33"><span class='ocrx_word' id='word_1_153' title='bbox 464 2325 694 2394; x_wconf 76' lang='lat' dir='ltr'><strong>lapideis</strong></span> <span class='ocrx_word' id='word_1_154' title='bbox 735 2329 1033 2400; x_wconf 69' lang='grc' dir='ltr'><strong>ίιεΠὉὶειιυθ</strong></span> <span class='ocrx_word' id='word_1_155' title='bbox 1064 2332 1321 2390; x_wconf 76' lang='lat' dir='ltr'><strong>claustris</strong></span> <span class='ocrx_word' id='word_1_156' title='bbox 1373 2335 1563 2391; x_wconf 80' lang='lat' dir='ltr'><strong>faciem</strong></span> <span class='ocrx_word' id='word_1_157' title='bbox 1597 2349 1651 2392; x_wconf 89' lang='lat' dir='ltr'><strong>et</strong></span> <span class='ocrx_word' id='word_1_158' title='bbox 1684 2341 1860 2409; x_wconf 84' lang='lat' dir='ltr'><strong>capita</strong></span> <span class='ocrx_word' id='word_1_159' title='bbox 1898 2358 2064 2412; x_wconf 79' lang='lat' dir='ltr'><strong>appo-</strong></span> 
     </span>
    </p>
   </div>
   <div class='ocr_carea' id='block_1_23' title="bbox 463 2426 2063 2501">
    <p class='ocr_par' dir='ltr' id='par_1_23' title="bbox 463 2426 2063 2501">
     <span class='ocr_line' id='line_1_23' title="bbox 463 2426 2063 2501; baseline 0.011 -30"><span class='ocrx_word' id='word_1_160' title='bbox 463 2428 680 2481; x_wconf 89' lang='lat' dir='ltr'><strong>ncutes.</strong></span> <span class='ocrx_word' id='word_1_161' title='bbox 712 2432 1019 2479; x_wconf 82' lang='lat' dir='ltr'><strong>servatores</strong></span> <span class='ocrx_word' id='word_1_162' title='bbox 1079 2426 1469 2498; x_wconf 86' lang='lat' dir='ltr'><strong>dominosque,</strong></span> <span class='ocrx_word' id='word_1_163' title='bbox 1523 2441 1596 2496; x_wconf 89' lang='lat' dir='ltr'><strong>et,</strong></span> <span class='ocrx_word' id='word_1_164' title='bbox 1630 2440 1689 2485; x_wconf 93' lang='lat' dir='ltr'><strong>ut</strong></span> <span class='ocrx_word' id='word_1_165' title='bbox 1753 2433 1889 2501; x_wconf 75' lang='lat' dir='ltr'><strong>dixi,</strong></span> <span class='ocrx_word' id='word_1_166' title='bbox 1919 2437 2063 2491; x_wconf 84' lang='lat' dir='ltr'><strong>soles</strong></span> 
     </span>
    </p>
   </div>
   <div class='ocr_carea' id='block_1_24' title="bbox 462 2513 2061 2592">
    <p class='ocr_par' dir='ltr' id='par_1_24' title="bbox 462 2513 2061 2592">
     <span class='ocr_line' id='line_1_24' title="bbox 462 2513 2061 2592; baseline 0.013 -27"><span class='ocrx_word' id='word_1_167' title='bbox 462 2513 612 2567; x_wconf 93' lang='lat' dir='ltr'><strong>orbis</strong></span> <span class='ocrx_word' id='word_1_168' title='bbox 641 2523 907 2568; x_wconf 80' lang='lat' dir='ltr'><strong>terrarum</strong></span> <span class='ocrx_word' id='word_1_169' title='bbox 938 2531 1034 2570; x_wconf 77' lang='lat' dir='ltr'><strong>eos</strong></span> <span class='ocrx_word' id='word_1_170' title='bbox 1081 2520 1397 2585; x_wconf 61' lang='lat' dir='ltr'><strong>praedicent.</strong></span> <span class='ocrx_word' id='word_1_171' title='bbox 1437 2520 1504 2577; x_wconf 91' lang='lat' dir='ltr'><strong>Ut</strong></span> <span class='ocrx_word' id='word_1_172' title='bbox 1531 2533 1654 2592; x_wconf 90' lang='lat' dir='ltr'><strong>post</strong></span> <span class='ocrx_word' id='word_1_173' title='bbox 1686 2534 1765 2579; x_wconf 92' lang='lat' dir='ltr'><strong>tot</strong></span> <span class='ocrx_word' id='word_1_174' title='bbox 1788 2541 1961 2583; x_wconf 88' lang='lat' dir='ltr'><strong>annos</strong></span> <span class='ocrx_word' id='word_1_175' title='bbox 1990 2531 2061 2586; x_wconf 92' lang='lat' dir='ltr'><strong>ob</strong></span> 
     </span>
    </p>
   </div>
   <div class='ocr_carea' id='block_1_25' title="bbox 466 2604 2061 2673">
    <p class='ocr_par' dir='ltr' id='par_1_25' title="bbox 466 2604 2061 2673">
     <span class='ocr_line' id='line_1_25' title="bbox 466 2604 2061 2673; baseline 0.013 -21"><span class='ocrx_word' id='word_1_176' title='bbox 466 2604 907 2668; x_wconf 66' lang='lat' dir='ltr'><strong>praedicationem</strong></span> <span class='ocrx_word' id='word_1_177' title='bbox 962 2608 1226 2673; x_wconf 80' lang='lat' dir='ltr'><strong>veritatis,</strong></span> <span class='ocrx_word' id='word_1_178' title='bbox 1267 2619 1321 2663; x_wconf 92' lang='lat' dir='ltr'><strong>et</strong></span> <span class='ocrx_word' id='word_1_179' title='bbox 1352 2609 1420 2664; x_wconf 88' lang='lat' dir='ltr'><strong>ab</strong></span> <span class='ocrx_word' id='word_1_180' title='bbox 1449 2626 1638 2668; x_wconf 89' lang='lat' dir='ltr'><strong>errore</strong></span> <span class='ocrx_word' id='word_1_181' title='bbox 1694 2630 1759 2669; x_wconf 91' lang='lat' dir='ltr'><strong>ac</strong></span> <span class='ocrx_word' id='word_1_182' title='bbox 1818 2618 2061 2673; x_wconf 88' lang='lat' dir='ltr'><strong>tenebris</strong></span> 
     </span>
    </p>
   </div>
   <div class='ocr_carea' id='block_1_26' title="bbox 464 2694 2062 2774">
    <p class='ocr_par' dir='ltr' id='par_1_26' title="bbox 464 2694 2062 2774">
     <span class='ocr_line' id='line_1_26' title="bbox 464 2694 2062 2774; baseline 0.014 -30"><span class='ocrx_word' id='word_1_183' title='bbox 464 2694 879 2748; x_wconf 84' lang='lat' dir='ltr'><strong>conversionem</strong></span> <span class='ocrx_word' id='word_1_184' title='bbox 935 2698 1137 2766; x_wconf 79' lang='lat' dir='ltr'><strong>gratias</strong></span> <span class='ocrx_word' id='word_1_185' title='bbox 1186 2711 1367 2772; x_wconf 82' lang='lat' dir='ltr'><strong>agant,</strong></span> <span class='ocrx_word' id='word_1_186' title='bbox 1420 2702 1583 2771; x_wconf 87' lang='lat' dir='ltr'><strong>idque</strong></span> <span class='ocrx_word' id='word_1_187' title='bbox 1611 2705 1663 2759; x_wconf 91' lang='lat' dir='ltr'><strong>in</strong></span> <span class='ocrx_word' id='word_1_188' title='bbox 1714 2722 1772 2761; x_wconf 89' lang='lat' dir='ltr'><strong>ea</strong></span> <span class='ocrx_word' id='word_1_189' title='bbox 1807 2709 1964 2774; x_wconf 85' lang='lat' dir='ltr'><strong>urbe,</strong></span> <span class='ocrx_word' id='word_1_190' title='bbox 2004 2721 2062 2766; x_wconf 92' lang='lat' dir='ltr'><strong>et</strong></span> 
     </span>
    </p>
   </div>
   <div class='ocr_carea' id='block_1_27' title="bbox 465 2782 2060 2862">
    <p class='ocr_par' dir='ltr' id='par_1_27' title="bbox 465 2782 2060 2862">
     <span class='ocr_line' id='line_1_27' title="bbox 465 2782 2060 2862; baseline 0.012 -27"><span class='ocrx_word' id='word_1_191' title='bbox 465 2782 519 2836; x_wconf 92' lang='lat' dir='ltr'><strong>in</strong></span> <span class='ocrx_word' id='word_1_192' title='bbox 578 2784 668 2838; x_wconf 90' lang='lat' dir='ltr'><strong>illo</strong></span> <span class='ocrx_word' id='word_1_193' title='bbox 697 2784 1074 2853; x_wconf 75' lang='lat' dir='ltr'><strong>imperio,‘ubi</strong></span> <span class='ocrx_word' id='word_1_194' title='bbox 1110 2789 1209 2858; x_wconf 91' lang='lat' dir='ltr'><strong>ipsi</strong></span> <span class='ocrx_word' id='word_1_195' title='bbox 1267 2791 1379 2846; x_wconf 84' lang='lat' dir='ltr'><strong>haec</strong></span> <span class='ocrx_word' id='word_1_196' title='bbox 1433 2794 1789 2862; x_wconf 73' lang='lat' dir='ltr'><strong>praedicantes</strong></span> <span class='ocrx_word' id='word_1_197' title='bbox 1830 2810 2060 2854; x_wconf 88' lang='lat' dir='ltr'><strong>mortem</strong></span> 
     </span>
    </p>
   </div>
   <div class='ocr_carea' id='block_1_28' title="bbox 467 2877 2065 2965">
    <p class='ocr_par' dir='ltr' id='par_1_28' title="bbox 467 2877 2065 2965">
     <span class='ocr_line' id='line_1_28' title="bbox 467 2877 2065 2965; baseline 0.014 -36"><span class='ocrx_word' id='word_1_198' title='bbox 467 2877 765 2946; x_wconf 86' lang='lat' dir='ltr'><strong>oppetiere.</strong></span> <span class='ocrx_word' id='word_1_199' title='bbox 799 2878 887 2932; x_wconf 89' lang='lat' dir='ltr'><strong>ubi</strong></span> <span class='ocrx_word' id='word_1_200' title='bbox 918 2896 947 2933; x_wconf 91' lang='lat' dir='ltr'><strong>a</strong></span> <span class='ocrx_word' id='word_1_201' title='bbox 986 2881 1231 2937; x_wconf 81' lang='lat' dir='ltr'><strong>veritatis</strong></span> <span class='ocrx_word' id='word_1_202' title='bbox 1286 2885 1618 2942; x_wconf 83' lang='lat' dir='ltr'><strong>adversariis</strong></span> <span class='ocrx_word' id='word_1_203' title='bbox 1674 2900 1823 2946; x_wconf 88' lang='lat' dir='ltr'><strong>tanta</strong></span> <span class='ocrx_word' id='word_1_204' title='bbox 1871 2910 2065 2965; x_wconf 88' lang='lat' dir='ltr'><strong>snper-</strong></span> 
     </span>
    </p>
   </div>
   <div class='ocr_carea' id='block_1_29' title="bbox 465 2973 2059 3059">
    <p class='ocr_par' dir='ltr' id='par_1_29' title="bbox 465 2973 2059 3059">
     <span class='ocr_line' id='line_1_29' title="bbox 465 2973 2059 3059; baseline 0.013 -33"><span class='ocrx_word' id='word_1_205' title='bbox 465 2973 637 3041; x_wconf 84' lang='lat' dir='ltr'><strong>stitio,</strong></span> <span class='ocrx_word' id='word_1_206' title='bbox 668 2982 964 3045; x_wconf 84' lang='lat' dir='ltr'><strong>tantusque</strong></span> <span class='ocrx_word' id='word_1_207' title='bbox 992 2991 1148 3032; x_wconf 92' lang='lat' dir='ltr'><strong>error</strong></span> <span class='ocrx_word' id='word_1_208' title='bbox 1190 2980 1537 3038; x_wconf 87' lang='lat' dir='ltr'><strong>introductus</strong></span> <span class='ocrx_word' id='word_1_209' title='bbox 1571 2985 1690 3054; x_wconf 81' lang='lat' dir='ltr'><strong>fuit,</strong></span> <span class='ocrx_word' id='word_1_210' title='bbox 1728 2979 2059 3059; x_wconf 77' lang='lat' dir='ltr'><strong>quantuscx</strong></span> 
     </span>
    </p>
   </div>
   <div class='ocr_carea' id='block_1_30' title="bbox 465 3068 2060 3146">
    <p class='ocr_par' dir='ltr' id='par_1_30' title="bbox 465 3068 2060 3146">
     <span class='ocr_line' id='line_1_30' title="bbox 465 3068 2060 3146; baseline 0.011 -23"><span class='ocrx_word' id='word_1_211' title='bbox 465 3068 647 3132; x_wconf 90' lang='lat' dir='ltr'><strong>idolis,</strong></span> <span class='ocrx_word' id='word_1_212' title='bbox 700 3071 894 3124; x_wconf 89' lang='lat' dir='ltr'><strong>statuis</strong></span> <span class='ocrx_word' id='word_1_213' title='bbox 974 3073 1299 3143; x_wconf 86' lang='lat' dir='ltr'><strong>templisque</strong></span> <span class='ocrx_word' id='word_1_214' title='bbox 1375 3076 1618 3146; x_wconf 87' lang='lat' dir='ltr'><strong>ipsorum</strong></span> <span class='ocrx_word' id='word_1_215' title='bbox 1695 3081 2060 3141; x_wconf 83' lang='lat' dir='ltr'><strong>de&#39;monstrari</strong></span> 
     </span>
    </p>
   </div>
   <div class='ocr_carea' id='block_1_31' title="bbox 2259 503 3744 585">
    <p class='ocr_par' dir='ltr' id='par_1_31' title="bbox 2259 503 3744 585">
     <span class='ocr_line' id='line_1_31' title="bbox 2259 503 3744 585; baseline 0.022 -30"><span class='ocrx_word' id='word_1_216' title='bbox 2259 503 2420 558; x_wconf 84' lang='grc' dir='ltr'><strong>Ἀλλὰ</strong></span> <span class='ocrx_word' id='word_1_217' title='bbox 2442 505 2616 559; x_wconf 85' lang='grc' dir='ltr'><strong>ταῦτα</strong></span> <span class='ocrx_word' id='word_1_218' title='bbox 2650 505 2751 575; x_wconf 80' lang='grc' dir='ltr'><strong>μὲν</strong></span> <span class='ocrx_word' id='word_1_219' title='bbox 2781 506 2893 562; x_wconf 71' lang='grc' dir='ltr'><strong>ἐῶ·</strong></span> <span class='ocrx_word' id='word_1_220' title='bbox 2926 508 3051 570; x_wconf 79' lang='grc' dir='ltr'><strong>τοὺς</strong></span> <span class='ocrx_word' id='word_1_221' title='bbox 3075 508 3132 562; x_wconf 80' lang='grc' dir='ltr'><strong>δὲ</strong></span> <span class='ocrx_word' id='word_1_222' title='bbox 3153 508 3247 563; x_wconf 84' lang='grc' dir='ltr'><strong>δύο</strong></span> <span class='ocrx_word' id='word_1_223' title='bbox 3277 510 3591 582; x_wconf 71' lang='grc' dir='ltr'><strong>φωστῆραςν</strong></span> <span class='ocrx_word' id='word_1_224' title='bbox 3620 514 3651 585; x_wconf 77' lang='grc' dir='ltr'>ἢ</span> <span class='ocrx_word' id='word_1_225' title='bbox 3680 516 3744 585; x_wconf 75' lang='grc' dir='ltr'><strong>ήο</strong></span> 
     </span>
    </p>
   </div>
   <div class='ocr_carea' id='block_1_32' title="bbox 2165 594 3744 676">
    <p class='ocr_par' dir='ltr' id='par_1_32' title="bbox 2165 594 3744 676">
     <span class='ocr_line' id='line_1_32' title="bbox 2165 594 3744 676; baseline 0.009 -30"><span class='ocrx_word' id='word_1_226' title='bbox 2165 594 2307 659; x_wconf 88' lang='grc' dir='ltr'><strong>λιους</strong></span> <span class='ocrx_word' id='word_1_227' title='bbox 2323 595 2356 665; x_wconf 85' lang='grc' dir='ltr'>ἢ</span> <span class='ocrx_word' id='word_1_228' title='bbox 2373 598 2645 666; x_wconf 83' lang='grc' dir='ltr'><strong>οὐρανοὺς</strong></span> <span class='ocrx_word' id='word_1_229' title='bbox 2677 600 2853 662; x_wconf 77' lang='grc' dir='ltr'><strong>ὅλους,</strong></span> <span class='ocrx_word' id='word_1_230' title='bbox 2877 601 2976 668; x_wconf 83' lang='grc' dir='ltr'><strong>τὴν</strong></span> <span class='ocrx_word' id='word_1_231' title='bbox 2992 601 3085 654; x_wconf 85' lang='grc' dir='ltr'><strong>τοῦ</strong></span> <span class='ocrx_word' id='word_1_232' title='bbox 3107 601 3244 656; x_wconf 88' lang='grc' dir='ltr'><strong>Θεοῦ</strong></span> <span class='ocrx_word' id='word_1_233' title='bbox 3277 605 3437 667; x_wconf 83' lang='grc' dir='ltr'><strong>δόξαν</strong></span> <span class='ocrx_word' id='word_1_234' title='bbox 3457 606 3744 676; x_wconf 79' lang='grc' dir='ltr'><strong>διηγουμέ-</strong></span> 
     </span>
    </p>
   </div>
   <div class='ocr_carea' id='block_1_33' title="bbox 2165 688 3744 765">
    <p class='ocr_par' dir='ltr' id='par_1_33' title="bbox 2165 688 3744 765">
     <span class='ocr_line' id='line_1_33' title="bbox 2165 688 3744 765; baseline 0.008 -25"><span class='ocrx_word' id='word_1_235' title='bbox 2165 703 2311 750; x_wconf 86' lang='grc' dir='ltr'><strong>νους,</strong></span> <span class='ocrx_word' id='word_1_236' title='bbox 2338 688 2543 757; x_wconf 82' lang='grc' dir='ltr'><strong>Πέτρον</strong></span> <span class='ocrx_word' id='word_1_237' title='bbox 2564 707 2637 759; x_wconf 82' lang='grc' dir='ltr'><strong>φη</strong></span> <span class='ocrx_word' id='word_1_238' title='bbox 2646 689 2712 760; x_wconf 74' lang='grc' dir='ltr'><strong>μὶ</strong></span> <span class='ocrx_word' id='word_1_239' title='bbox 2727 691 2819 744; x_wconf 69' lang='grc' dir='ltr'><strong>καὶ</strong></span> <span class='ocrx_word' id='word_1_240' title='bbox 2840 692 3076 757; x_wconf 78' lang='grc' dir='ltr'><strong>Παῦλον,</strong></span> <span class='ocrx_word' id='word_1_241' title='bbox 3098 688 3172 748; x_wconf 84' lang='grc' dir='ltr'><strong>ὧν</strong></span> <span class='ocrx_word' id='word_1_242' title='bbox 3190 695 3260 748; x_wconf 85' lang='grc' dir='ltr'><strong>τὰ</strong></span> <span class='ocrx_word' id='word_1_243' title='bbox 3275 697 3506 765; x_wconf 78' lang='grc' dir='ltr'><strong>λείψανα</strong></span> <span class='ocrx_word' id='word_1_244' title='bbox 3517 698 3744 753; x_wconf 78' lang='grc' dir='ltr'><strong>ἐνταῦθα</strong></span> 
     </span>
    </p>
   </div>
   <div class='ocr_carea' id='block_1_34' title="bbox 2165 779 3745 860">
    <p class='ocr_par' dir='ltr' id='par_1_34' title="bbox 2165 779 3745 860">
     <span class='ocr_line' id='line_1_34' title="bbox 2165 779 3745 860; baseline 0.008 -28"><span class='ocrx_word' id='word_1_245' title='bbox 2165 782 2365 846; x_wconf 81' lang='grc' dir='ltr'><strong>κεῖται,</strong></span> <span class='ocrx_word' id='word_1_246' title='bbox 2400 783 2492 836; x_wconf 80' lang='grc' dir='ltr'><strong>καὶ</strong></span> <span class='ocrx_word' id='word_1_247' title='bbox 2526 779 2600 835; x_wconf 78' lang='grc' dir='ltr'><strong>ὧν</strong></span> <span class='ocrx_word' id='word_1_248' title='bbox 2632 786 2728 837; x_wconf 75' lang='grc' dir='ltr'><strong>ἐπὶ</strong></span> <span class='ocrx_word' id='word_1_249' title='bbox 2774 788 2873 854; x_wconf 81' lang='grc' dir='ltr'><strong>τῆς</strong></span> <span class='ocrx_word' id='word_1_250' title='bbox 2925 788 3146 857; x_wconf 80' lang='grc' dir='ltr'><strong>μνήμης</strong></span> <span class='ocrx_word' id='word_1_251' title='bbox 3187 789 3361 843; x_wconf 88' lang='grc' dir='ltr'><strong>ταῦτα</strong></span> <span class='ocrx_word' id='word_1_252' title='bbox 3402 792 3622 860; x_wconf 64' lang='grc' dir='ltr'><strong>γράφω,</strong></span> <span class='ocrx_word' id='word_1_253' title='bbox 3661 792 3745 855; x_wconf 87' lang='grc' dir='ltr'><strong>τίς</strong></span> 
     </span>
    </p>
   </div>
   <div class='ocr_carea' id='block_1_35' title="bbox 2167 873 3746 956">
    <p class='ocr_par' dir='ltr' id='par_1_35' title="bbox 2167 873 3746 956">
     <span class='ocr_line' id='line_1_35' title="bbox 2167 873 3746 956; baseline 0.008 -31"><span class='ocrx_word' id='word_1_254' title='bbox 2167 873 2235 926; x_wconf 84' lang='grc' dir='ltr'><strong>ἂν</strong></span> <span class='ocrx_word' id='word_1_255' title='bbox 2274 874 2443 939; x_wconf 81' lang='grc' dir='ltr'><strong>ἀξίως</strong></span> <span class='ocrx_word' id='word_1_256' title='bbox 2471 876 2743 948; x_wconf 76' lang='grc' dir='ltr'><strong>ἀγαθείης</strong></span> <span class='ocrx_word' id='word_1_257' title='bbox 2777 880 2832 932; x_wconf 88' lang='grc' dir='ltr'><strong>τί</strong></span> <span class='ocrx_word' id='word_1_258' title='bbox 2859 879 2916 933; x_wconf 76' lang='grc' dir='ltr'><strong>δὲ</strong></span> <span class='ocrx_word' id='word_1_259' title='bbox 2949 880 3047 950; x_wconf 78' lang='grc' dir='ltr'><strong>τὴν</strong></span> <span class='ocrx_word' id='word_1_260' title='bbox 3084 882 3165 944; x_wconf 85' lang='grc' dir='ltr'><strong>είς</strong></span> <span class='ocrx_word' id='word_1_261' title='bbox 3194 883 3418 946; x_wconf 80' lang='grc' dir='ltr'><strong>τούτους</strong></span> <span class='ocrx_word' id='word_1_262' title='bbox 3453 883 3642 956; x_wconf 83' lang='grc' dir='ltr'><strong>ὥσπερ</strong></span> <span class='ocrx_word' id='word_1_263' title='bbox 3667 887 3746 949; x_wconf 86' lang='grc' dir='ltr'><strong>είς</strong></span> 
     </span>
    </p>
   </div>
   <div class='ocr_carea' id='block_1_36' title="bbox 2167 966 3745 1047">
    <p class='ocr_par' dir='ltr' id='par_1_36' title="bbox 2167 966 3745 1047">
     <span class='ocr_line' id='line_1_36' title="bbox 2167 966 3745 1047; baseline 0.01 -29"><span class='ocrx_word' id='word_1_264' title='bbox 2167 966 2383 1032; x_wconf 89' lang='grc' dir='ltr'><strong>κοινούς</strong></span> <span class='ocrx_word' id='word_1_265' title='bbox 2414 985 2569 1032; x_wconf 89' lang='grc' dir='ltr'><strong>τινας</strong></span> <span class='ocrx_word' id='word_1_266' title='bbox 2606 973 2897 1041; x_wconf 74' lang='grc' dir='ltr'><strong>σατράπας</strong></span> <span class='ocrx_word' id='word_1_267' title='bbox 2940 974 3035 1026; x_wconf 79' lang='grc' dir='ltr'><strong>καὶ</strong></span> <span class='ocrx_word' id='word_1_268' title='bbox 3074 976 3373 1044; x_wconf 76' lang='grc' dir='ltr'><strong>ἡγεμόνας,</strong></span> <span class='ocrx_word' id='word_1_269' title='bbox 3404 977 3436 1047; x_wconf 77' lang='grc' dir='ltr'>ἦ</span> <span class='ocrx_word' id='word_1_270' title='bbox 3481 979 3745 1044; x_wconf 76' lang='grc' dir='ltr'><strong>ὑπάτους,</strong></span> 
     </span>
    </p>
   </div>
   <div class='ocr_carea' id='block_1_37' title="bbox 2168 1059 3750 1140">
    <p class='ocr_par' dir='ltr' id='par_1_37' title="bbox 2168 1059 3750 1140">
     <span class='ocr_line' id='line_1_37' title="bbox 2168 1059 3750 1140; baseline 0.009 -30"><span class='ocrx_word' id='word_1_271' title='bbox 2168 1059 2472 1130; x_wconf 82' lang='grc' dir='ltr'><strong>συνδρομὴν</strong></span> <span class='ocrx_word' id='word_1_272' title='bbox 2521 1062 2704 1134; x_wconf 80' lang='grc' dir='ltr'><strong>πάσης</strong></span> <span class='ocrx_word' id='word_1_273' title='bbox 2748 1066 2848 1134; x_wconf 83' lang='grc' dir='ltr'><strong>τῆς</strong></span> <span class='ocrx_word' id='word_1_274' title='bbox 2902 1066 3264 1138; x_wconf 73' lang='grc' dir='ltr'><strong>οίκουμένηςς</strong></span> <span class='ocrx_word' id='word_1_275' title='bbox 3316 1069 3520 1140; x_wconf 86' lang='grc' dir='ltr'><strong>Θαῦμα</strong></span> <span class='ocrx_word' id='word_1_276' title='bbox 3580 1070 3750 1135; x_wconf 75' lang='grc' dir='ltr'><strong>ὅντως</strong></span> 
     </span>
    </p>
   </div>
   <div class='ocr_carea' id='block_1_38' title="bbox 2164 1147 3749 1228">
    <p class='ocr_par' dir='ltr' id='par_1_38' title="bbox 2164 1147 3749 1228">
     <span class='ocr_line' id='line_1_38' title="bbox 2164 1147 3749 1228; baseline 0.009 -27"><span class='ocrx_word' id='word_1_277' title='bbox 2164 1147 2312 1204; x_wconf 77' lang='grc' dir='ltr'><strong>ἐστιν</strong></span> <span class='ocrx_word' id='word_1_278' title='bbox 2349 1152 2477 1206; x_wconf 77' lang='grc' dir='ltr'><strong>ἰδεῖν</strong></span> <span class='ocrx_word' id='word_1_279' title='bbox 2525 1155 2635 1208; x_wconf 76' lang='grc' dir='ltr'><strong>ἀπὸ</strong></span> <span class='ocrx_word' id='word_1_280' title='bbox 2672 1155 2955 1221; x_wconf 81' lang='grc' dir='ltr'><strong>Ἱσπανίας</strong></span> <span class='ocrx_word' id='word_1_281' title='bbox 3000 1159 3093 1211; x_wconf 80' lang='grc' dir='ltr'><strong>καὶ</strong></span> <span class='ocrx_word' id='word_1_282' title='bbox 3130 1159 3393 1228; x_wconf 77' lang='grc' dir='ltr'><strong>Ἰϐηρίας,</strong></span> <span class='ocrx_word' id='word_1_283' title='bbox 3439 1164 3531 1216; x_wconf 73' lang='grc' dir='ltr'><strong>καὶ</strong></span> <span class='ocrx_word' id='word_1_284' title='bbox 3573 1163 3749 1217; x_wconf 64' lang='grc' dir='ltr'><strong>Γαλα-</strong></span> 
     </span>
    </p>
   </div>
   <div class='ocr_carea' id='block_1_39' title="bbox 2164 1242 3754 1320">
    <p class='ocr_par' dir='ltr' id='par_1_39' title="bbox 2164 1242 3754 1320">
     <span class='ocr_line' id='line_1_39' title="bbox 2164 1242 3754 1320; baseline 0.009 -27"><span class='ocrx_word' id='word_1_285' title='bbox 2164 1242 2307 1306; x_wconf 88' lang='grc' dir='ltr'><strong>τίας,</strong></span> <span class='ocrx_word' id='word_1_286' title='bbox 2340 1245 2435 1315; x_wconf 58' lang='grc' dir='ltr'><strong>καὶ¹</strong></span> <span class='ocrx_word' id='word_1_287' title='bbox 2465 1243 2572 1297; x_wconf 89' lang='grc' dir='ltr'><strong>τῶν</strong></span> <span class='ocrx_word' id='word_1_288' title='bbox 2595 1245 2946 1316; x_wconf 77' lang='grc' dir='ltr'><strong>Βρετανικῶν</strong></span> <span class='ocrx_word' id='word_1_289' title='bbox 2979 1250 3180 1320; x_wconf 85' lang='grc' dir='ltr'><strong>νήσων,</strong></span> <span class='ocrx_word' id='word_1_290' title='bbox 3214 1252 3310 1304; x_wconf 71' lang='grc' dir='ltr'><strong>καὶ</strong></span> <span class='ocrx_word' id='word_1_291' title='bbox 3345 1252 3454 1305; x_wconf 87' lang='grc' dir='ltr'><strong>τῶν</strong></span> <span class='ocrx_word' id='word_1_292' title='bbox 3492 1252 3574 1307; x_wconf 73' lang='grc' dir='ltr'><strong>ἔτι</strong></span> <span class='ocrx_word' id='word_1_293' title='bbox 3606 1255 3754 1308; x_wconf 85' lang='grc' dir='ltr'><strong>δυτι-</strong></span> 
     </span>
    </p>
   </div>
   <div class='ocr_carea' id='block_1_40' title="bbox 2167 1333 3753 1413">
    <p class='ocr_par' dir='ltr' id='par_1_40' title="bbox 2167 1333 3753 1413">
     <span class='ocr_line' id='line_1_40' title="bbox 2167 1333 3753 1413; baseline 0.009 -28"><span class='ocrx_word' id='word_1_294' title='bbox 2167 1334 2424 1405; x_wconf 83' lang='grc' dir='ltr'><strong>κωτέρων</strong></span> <span class='ocrx_word' id='word_1_295' title='bbox 2455 1337 2509 1391; x_wconf 80' lang='grc' dir='ltr'><strong>ετ</strong></span> <span class='ocrx_word' id='word_1_296' title='bbox 2551 1354 2695 1401; x_wconf 87' lang='grc' dir='ltr'><strong>τινες</strong></span> <span class='ocrx_word' id='word_1_297' title='bbox 2726 1333 2838 1392; x_wconf 75' lang='grc' dir='ltr'><strong>εἷεν</strong></span> <span class='ocrx_word' id='word_1_298' title='bbox 2870 1340 2903 1409; x_wconf 77' lang='grc' dir='ltr'>ἢ</span> <span class='ocrx_word' id='word_1_299' title='bbox 2950 1341 3369 1413; x_wconf 82' lang='grc' dir='ltr'><strong>ἀρτικωτέρων,</strong></span> <span class='ocrx_word' id='word_1_300' title='bbox 3409 1344 3489 1397; x_wconf 77' lang='grc' dir='ltr'><strong>ἔτι</strong></span> <span class='ocrx_word' id='word_1_301' title='bbox 3541 1344 3598 1398; x_wconf 84' lang='grc' dir='ltr'><strong>δὲ</strong></span> <span class='ocrx_word' id='word_1_302' title='bbox 3640 1347 3753 1399; x_wconf 71' lang='grc' dir='ltr'><strong>ἀπὸ</strong></span> 
     </span>
    </p>
   </div>
   <div class='ocr_carea' id='block_1_41' title="bbox 2166 1424 3753 1500">
    <p class='ocr_par' dir='ltr' id='par_1_41' title="bbox 2166 1424 3753 1500">
     <span class='ocr_line' id='line_1_41' title="bbox 2166 1424 3753 1500; baseline 0.008 -22"><span class='ocrx_word' id='word_1_303' title='bbox 2166 1424 2484 1497; x_wconf 71' lang='grc' dir='ltr'><strong>Γερμανίας</strong></span> <span class='ocrx_word' id='word_1_304' title='bbox 2515 1430 2610 1482; x_wconf 69' lang='grc' dir='ltr'><strong>καλ⁵</strong></span> <span class='ocrx_word' id='word_1_305' title='bbox 2648 1431 2989 1499; x_wconf 87' lang='grc' dir='ltr'><strong>Σαρματίας,</strong></span> <span class='ocrx_word' id='word_1_306' title='bbox 3027 1434 3122 1486; x_wconf 76' lang='grc' dir='ltr'><strong>καὶ</strong></span> <span class='ocrx_word' id='word_1_307' title='bbox 3155 1434 3476 1498; x_wconf 73' lang='grc' dir='ltr'><strong>Παννονίας,</strong></span> <span class='ocrx_word' id='word_1_308' title='bbox 3508 1439 3663 1500; x_wconf 83' lang='grc' dir='ltr'><strong>τινὰς</strong></span> <span class='ocrx_word' id='word_1_309' title='bbox 3690 1438 3753 1490; x_wconf 72' lang='grc' dir='ltr'><strong>δὲ</strong></span> 
     </span>
    </p>
   </div>
   <div class='ocr_carea' id='block_1_42' title="bbox 2167 1519 3756 1592">
    <p class='ocr_par' dir='ltr' id='par_1_42' title="bbox 2167 1519 3756 1592">
     <span class='ocr_line' id='line_1_42' title="bbox 2167 1519 3756 1592; baseline 0.007 -21"><span class='ocrx_word' id='word_1_310' title='bbox 2167 1520 2261 1571; x_wconf 82' lang='grc' dir='ltr'><strong>καὶ</strong></span> <span class='ocrx_word' id='word_1_311' title='bbox 2292 1519 2399 1573; x_wconf 90' lang='grc' dir='ltr'><strong>τῶν</strong></span> <span class='ocrx_word' id='word_1_312' title='bbox 2430 1521 2535 1574; x_wconf 83' lang='grc' dir='ltr'><strong>ἀπὸ</strong></span> <span class='ocrx_word' id='word_1_313' title='bbox 2563 1522 2664 1592; x_wconf 84' lang='grc' dir='ltr'><strong>τῆς</strong></span> <span class='ocrx_word' id='word_1_314' title='bbox 2690 1521 2944 1587; x_wconf 82' lang='grc' dir='ltr'><strong>Ἑλλάδος</strong></span> <span class='ocrx_word' id='word_1_315' title='bbox 2976 1525 3070 1578; x_wconf 77' lang='grc' dir='ltr'><strong>καὶ</strong></span> <span class='ocrx_word' id='word_1_316' title='bbox 3101 1525 3310 1590; x_wconf 74' lang='grc' dir='ltr'><strong>Ἀσίας,</strong></span> <span class='ocrx_word' id='word_1_317' title='bbox 3337 1526 3433 1580; x_wconf 79' lang='grc' dir='ltr'><strong>καὶ</strong></span> <span class='ocrx_word' id='word_1_318' title='bbox 3458 1528 3568 1581; x_wconf 83' lang='grc' dir='ltr'><strong>τῶν</strong></span> <span class='ocrx_word' id='word_1_319' title='bbox 3600 1528 3756 1582; x_wconf 81' lang='grc' dir='ltr'><strong>ὁθεν-</strong></span> 
     </span>
    </p>
   </div>
   <div class='ocr_carea' id='block_1_43' title="bbox 2166 1612 3753 1692">
    <p class='ocr_par' dir='ltr' id='par_1_43' title="bbox 2166 1612 3753 1692">
     <span class='ocr_line' id='line_1_43' title="bbox 2166 1612 3753 1692; baseline 0.008 -28"><span class='ocrx_word' id='word_1_320' title='bbox 2166 1612 2262 1666; x_wconf 89' lang='grc' dir='ltr'><strong>οῦν</strong></span> <span class='ocrx_word' id='word_1_321' title='bbox 2288 1613 2514 1668; x_wconf 80' lang='grc' dir='ltr'><strong>ἄλλοθεν</strong></span> <span class='ocrx_word' id='word_1_322' title='bbox 2546 1616 2651 1681; x_wconf 88' lang='grc' dir='ltr'><strong>(τίς</strong></span> <span class='ocrx_word' id='word_1_323' title='bbox 2678 1618 2787 1689; x_wconf 79' lang='grc' dir='ltr'><strong>γὰρ</strong></span> <span class='ocrx_word' id='word_1_324' title='bbox 2817 1618 2885 1674; x_wconf 75' lang='grc' dir='ltr'><strong>ἂν</strong></span> <span class='ocrx_word' id='word_1_325' title='bbox 2925 1616 3035 1682; x_wconf 76' lang='grc' dir='ltr'><strong>οἷός</strong></span> <span class='ocrx_word' id='word_1_326' title='bbox 3082 1620 3132 1673; x_wconf 80' lang='grc' dir='ltr'><strong>τ’</strong></span> <span class='ocrx_word' id='word_1_327' title='bbox 3161 1621 3246 1692; x_wconf 75' lang='grc' dir='ltr'><strong>εἴη</strong></span> <span class='ocrx_word' id='word_1_328' title='bbox 3280 1622 3490 1685; x_wconf 81' lang='grc' dir='ltr'><strong>πάντας</strong></span> <span class='ocrx_word' id='word_1_329' title='bbox 3517 1624 3753 1677; x_wconf 83' lang='grc' dir='ltr'><strong>καταλέ-</strong></span> 
     </span>
    </p>
   </div>
   <div class='ocr_carea' id='block_1_44' title="bbox 2167 1707 3758 1782">
    <p class='ocr_par' dir='ltr' id='par_1_44' title="bbox 2167 1707 3758 1782">
     <span class='ocr_line' id='line_1_44' title="bbox 2167 1707 3758 1782; baseline 0.008 -25"><span class='ocrx_word' id='word_1_330' title='bbox 2167 1707 2350 1775; x_wconf 78' lang='grc' dir='ltr'><strong>γεινς)</strong></span> <span class='ocrx_word' id='word_1_331' title='bbox 2407 1708 2507 1759; x_wconf 83' lang='grc' dir='ltr'><strong>οὐκ</strong></span> <span class='ocrx_word' id='word_1_332' title='bbox 2557 1708 2763 1780; x_wconf 82' lang='grc' dir='ltr'><strong>ἄνδρας</strong></span> <span class='ocrx_word' id='word_1_333' title='bbox 2802 1711 2967 1780; x_wconf 85' lang='grc' dir='ltr'><strong>μόνον</strong></span> <span class='ocrx_word' id='word_1_334' title='bbox 3021 1712 3203 1781; x_wconf 80' lang='grc' dir='ltr'><strong>πάσης</strong></span> <span class='ocrx_word' id='word_1_335' title='bbox 3251 1712 3471 1782; x_wconf 74' lang='grc' dir='ltr'><strong>ἡλικίας</strong></span> <span class='ocrx_word' id='word_1_336' title='bbox 3523 1732 3600 1780; x_wconf 83' lang='grc' dir='ltr'><strong>τε,</strong></span> <span class='ocrx_word' id='word_1_337' title='bbox 3657 1717 3758 1769; x_wconf 80' lang='grc' dir='ltr'><strong>καὶ</strong></span> 
     </span>
    </p>
   </div>
   <div class='ocr_carea' id='block_1_45' title="bbox 2098 1798 3744 1895">
    <p class='ocr_par' dir='ltr' id='par_1_45' title="bbox 2098 1798 3744 1895">
     <span class='ocr_line' id='line_1_45' title="bbox 2098 1798 3744 1895; baseline 0.006 -46"><span class='ocrx_word' id='word_1_338' title='bbox 2098 1837 2140 1895; x_wconf 66' lang='grc' dir='ltr'><strong>Β</strong></span> <span class='ocrx_word' id='word_1_339' title='bbox 2168 1798 2391 1870; x_wconf 79' lang='grc' dir='ltr'><strong>τέχνης,</strong></span> <span class='ocrx_word' id='word_1_340' title='bbox 2441 1800 2577 1855; x_wconf 83' lang='grc' dir='ltr'><strong>ἀλλὰ</strong></span> <span class='ocrx_word' id='word_1_341' title='bbox 2611 1802 2705 1855; x_wconf 81' lang='grc' dir='ltr'><strong>καὶ</strong></span> <span class='ocrx_word' id='word_1_342' title='bbox 2730 1806 2995 1870; x_wconf 77' lang='grc' dir='ltr'><strong>γυναῖκας</strong></span> <span class='ocrx_word' id='word_1_343' title='bbox 3037 1805 3138 1875; x_wconf 72' lang='grc' dir='ltr'><strong>ἤδη</strong></span> <span class='ocrx_word' id='word_1_344' title='bbox 3191 1808 3279 1860; x_wconf 76' lang='grc' dir='ltr'><strong>διὰ</strong></span> <span class='ocrx_word' id='word_1_345' title='bbox 3321 1807 3595 1861; x_wconf 83' lang='grc' dir='ltr'><strong>τοσούτων</strong></span> <span class='ocrx_word' id='word_1_346' title='bbox 3639 1808 3744 1876; x_wconf 81' lang='grc' dir='ltr'><strong>μὲν</strong></span> 
     </span>
    </p>
   </div>
   <div class='ocr_carea' id='block_1_46' title="bbox 2166 1890 3755 1963">
    <p class='ocr_par' dir='ltr' id='par_1_46' title="bbox 2166 1890 3755 1963">
     <span class='ocr_line' id='line_1_46' title="bbox 2166 1890 3755 1963; baseline 0.008 -22"><span class='ocrx_word' id='word_1_347' title='bbox 2166 1890 2322 1958; x_wconf 81' lang='grc' dir='ltr'><strong>ὁδῶν,</strong></span> <span class='ocrx_word' id='word_1_348' title='bbox 2362 1894 2633 1947; x_wconf 66' lang='grc' dir='ltr'><strong>τοσούτων</strong></span> <span class='ocrx_word' id='word_1_349' title='bbox 2675 1896 2771 1950; x_wconf 77' lang='grc' dir='ltr'><strong>καὶ</strong></span> <span class='ocrx_word' id='word_1_350' title='bbox 2802 1896 3085 1963; x_wconf 79' lang='grc' dir='ltr'><strong>κινδύνων,</strong></span> <span class='ocrx_word' id='word_1_351' title='bbox 3116 1899 3206 1952; x_wconf 64' lang='grc' dir='ltr'><strong>διὰ</strong></span> <span class='ocrx_word' id='word_1_352' title='bbox 3253 1899 3529 1953; x_wconf 78' lang='grc' dir='ltr'><strong>τοσούτων</strong></span> <span class='ocrx_word' id='word_1_353' title='bbox 3558 1900 3615 1952; x_wconf 79' lang='grc' dir='ltr'><strong>δὲ</strong></span> <span class='ocrx_word' id='word_1_354' title='bbox 3643 1900 3755 1953; x_wconf 84' lang='grc' dir='ltr'><strong>πό-</strong></span> 
     </span>
    </p>
   </div>
   <div class='ocr_carea' id='block_1_47' title="bbox 2167 1986 3759 2059">
    <p class='ocr_par' dir='ltr' id='par_1_47' title="bbox 2167 1986 3759 2059">
     <span class='ocr_line' id='line_1_47' title="bbox 2167 1986 3759 2059; baseline 0.006 -25"><span class='ocrx_word' id='word_1_355' title='bbox 2167 2000 2297 2047; x_wconf 87' lang='grc' dir='ltr'><strong>νων,</strong></span> <span class='ocrx_word' id='word_1_356' title='bbox 2340 1986 2433 2038; x_wconf 74' lang='grc' dir='ltr'><strong>καὶ</strong></span> <span class='ocrx_word' id='word_1_357' title='bbox 2459 1986 2687 2056; x_wconf 73' lang='grc' dir='ltr'><strong>ψύχους,</strong></span> <span class='ocrx_word' id='word_1_358' title='bbox 2734 1989 2826 2041; x_wconf 75' lang='grc' dir='ltr'><strong>καὶ</strong></span> <span class='ocrx_word' id='word_1_359' title='bbox 2874 1988 3072 2059; x_wconf 78' lang='grc' dir='ltr'><strong>πηλοῦ,</strong></span> <span class='ocrx_word' id='word_1_360' title='bbox 3103 1991 3199 2043; x_wconf 68' lang='grc' dir='ltr'><strong>καὶ</strong></span> <span class='ocrx_word' id='word_1_361' title='bbox 3236 1992 3462 2055; x_wconf 78' lang='grc' dir='ltr'><strong>κόνεως,</strong></span> <span class='ocrx_word' id='word_1_362' title='bbox 3508 1992 3602 2044; x_wconf 74' lang='grc' dir='ltr'><strong>καὶ</strong></span> <span class='ocrx_word' id='word_1_363' title='bbox 3630 1992 3759 2044; x_wconf 86' lang='grc' dir='ltr'><strong>πνί-</strong></span> 
     </span>
    </p>
   </div>
   <div class='ocr_carea' id='block_1_48' title="bbox 2167 2078 3759 2153">
    <p class='ocr_par' dir='ltr' id='par_1_48' title="bbox 2167 2078 3759 2153">
     <span class='ocr_line' id='line_1_48' title="bbox 2167 2078 3759 2153; baseline 0.005 -24"><span class='ocrx_word' id='word_1_364' title='bbox 2167 2092 2321 2143; x_wconf 91' lang='grc' dir='ltr'><strong>γους,</strong></span> <span class='ocrx_word' id='word_1_365' title='bbox 2371 2078 2466 2130; x_wconf 77' lang='grc' dir='ltr'><strong>καὶ</strong></span> <span class='ocrx_word' id='word_1_366' title='bbox 2499 2078 2918 2145; x_wconf 85' lang='grc' dir='ltr'><strong>ταλαιπωριῶν,</strong></span> <span class='ocrx_word' id='word_1_367' title='bbox 2970 2080 3131 2149; x_wconf 87' lang='grc' dir='ltr'><strong>δεῦρο</strong></span> <span class='ocrx_word' id='word_1_368' title='bbox 3182 2083 3616 2153; x_wconf 77' lang='grc' dir='ltr'><strong>ἀφικνουμένας,</strong></span> <span class='ocrx_word' id='word_1_369' title='bbox 3663 2084 3759 2137; x_wconf 79' lang='grc' dir='ltr'><strong>ἵνα</strong></span> 
     </span>
    </p>
   </div>
   <div class='ocr_carea' id='block_1_49' title="bbox 2166 2171 3761 2245">
    <p class='ocr_par' dir='ltr' id='par_1_49' title="bbox 2166 2171 3761 2245">
     <span class='ocr_line' id='line_1_49' title="bbox 2166 2171 3761 2245; baseline 0.006 -24"><span class='ocrx_word' id='word_1_370' title='bbox 2166 2171 2264 2240; x_wconf 79' lang='grc' dir='ltr'><strong>τὴν</strong></span> <span class='ocrx_word' id='word_1_371' title='bbox 2281 2171 2547 2238; x_wconf 81' lang='grc' dir='ltr'><strong>λάρνακα,</strong></span> <span class='ocrx_word' id='word_1_372' title='bbox 2572 2173 2665 2223; x_wconf 76' lang='grc' dir='ltr'><strong>καὶ</strong></span> <span class='ocrx_word' id='word_1_373' title='bbox 2682 2173 2779 2242; x_wconf 74' lang='grc' dir='ltr'><strong>τὴν</strong></span> <span class='ocrx_word' id='word_1_374' title='bbox 2803 2172 3000 2243; x_wconf 82' lang='grc' dir='ltr'><strong>θήκην,</strong></span> <span class='ocrx_word' id='word_1_375' title='bbox 3023 2175 3117 2226; x_wconf 69' lang='grc' dir='ltr'><strong>καὶ</strong></span> <span class='ocrx_word' id='word_1_376' title='bbox 3136 2173 3233 2245; x_wconf 71' lang='grc' dir='ltr'><strong>τὴν</strong></span> <span class='ocrx_word' id='word_1_377' title='bbox 3260 2175 3439 2242; x_wconf 77' lang='grc' dir='ltr'><strong>σορὸν,</strong></span> <span class='ocrx_word' id='word_1_378' title='bbox 3461 2175 3555 2228; x_wconf 79' lang='grc' dir='ltr'><strong>καὶ</strong></span> <span class='ocrx_word' id='word_1_379' title='bbox 3576 2175 3761 2230; x_wconf 82' lang='grc' dir='ltr'><strong>ταῦτα</strong></span> 
     </span>
    </p>
   </div>
   <div class='ocr_carea' id='block_1_50' title="bbox 2167 2259 3762 2332">
    <p class='ocr_par' dir='ltr' id='par_1_50' title="bbox 2167 2259 3762 2332">
     <span class='ocr_line' id='line_1_50' title="bbox 2167 2259 3762 2332; baseline 0.004 -20"><span class='ocrx_word' id='word_1_380' title='bbox 2167 2259 2453 2331; x_wconf 70' lang='grc' dir='ltr'><strong>πόρρωθεν</strong></span> <span class='ocrx_word' id='word_1_381' title='bbox 2489 2262 2582 2313; x_wconf 78' lang='grc' dir='ltr'><strong>καὶ</strong></span> <span class='ocrx_word' id='word_1_382' title='bbox 2615 2260 2724 2313; x_wconf 72' lang='grc' dir='ltr'><strong>διὰ·</strong></span> <span class='ocrx_word' id='word_1_383' title='bbox 2756 2264 3272 2331; x_wconf 79' lang='grc' dir='ltr'><strong>καταπετασμάτων</strong></span> <span class='ocrx_word' id='word_1_384' title='bbox 3316 2265 3409 2317; x_wconf 76' lang='grc' dir='ltr'><strong>καὶ</strong></span> <span class='ocrx_word' id='word_1_385' title='bbox 3457 2265 3762 2332; x_wconf 74' lang='grc' dir='ltr'><strong>κιγκλίδων</strong></span> 
     </span>
    </p>
   </div>
   <div class='ocr_carea' id='block_1_51' title="bbox 2165 2350 3760 2426">
    <p class='ocr_par' dir='ltr' id='par_1_51' title="bbox 2165 2350 3760 2426">
     <span class='ocr_line' id='line_1_51' title="bbox 2165 2350 3760 2426; baseline 0.005 -23"><span class='ocrx_word' id='word_1_386' title='bbox 2165 2350 2276 2403; x_wconf 89' lang='grc' dir='ltr'><strong>τῶν</strong></span> <span class='ocrx_word' id='word_1_387' title='bbox 2310 2352 2619 2405; x_wconf 72' lang='grc' dir='ltr'><strong>ἀποστόλων</strong></span> <span class='ocrx_word' id='word_1_388' title='bbox 2657 2355 3114 2424; x_wconf 77' lang='grc' dir='ltr'><strong>προσκυνήσωσιν</strong></span> <span class='ocrx_word' id='word_1_389' title='bbox 3136 2372 3149 2385; x_wconf 90' lang='grc'><strong>·</strong></span> <span class='ocrx_word' id='word_1_390' title='bbox 3185 2356 3273 2409; x_wconf 74' lang='grc' dir='ltr'><strong>ἵνα</strong></span> <span class='ocrx_word' id='word_1_391' title='bbox 3312 2356 3494 2421; x_wconf 77' lang='grc' dir='ltr'><strong>θέντες</strong></span> <span class='ocrx_word' id='word_1_392' title='bbox 3531 2359 3622 2411; x_wconf 69' lang='grc' dir='ltr'><strong>ἐπὶ</strong></span> <span class='ocrx_word' id='word_1_393' title='bbox 3652 2358 3760 2426; x_wconf 79' lang='grc' dir='ltr'><strong>τῆς</strong></span> 
     </span>
    </p>
   </div>
   <div class='ocr_carea' id='block_1_52' title="bbox 2168 2444 3751 2519">
    <p class='ocr_par' dir='ltr' id='par_1_52' title="bbox 2168 2444 3751 2519">
     <span class='ocr_line' id='line_1_52' title="bbox 2168 2444 3751 2519; baseline 0.004 -23"><span class='ocrx_word' id='word_1_394' title='bbox 2168 2444 2393 2508; x_wconf 83' lang='grc' dir='ltr'><strong>κόνεως,</strong></span> <span class='ocrx_word' id='word_1_395' title='bbox 2431 2445 2524 2496; x_wconf 81' lang='grc' dir='ltr'><strong>καὶ</strong></span> <span class='ocrx_word' id='word_1_396' title='bbox 2575 2444 2670 2498; x_wconf 88' lang='grc' dir='ltr'><strong>τοῦ</strong></span> <span class='ocrx_word' id='word_1_397' title='bbox 2707 2446 2962 2512; x_wconf 63' lang='grc' dir='ltr'><strong>ἐδάφους,</strong></span> <span class='ocrx_word' id='word_1_398' title='bbox 3009 2450 3103 2502; x_wconf 70' lang='grc' dir='ltr'><strong>καὶ</strong></span> <span class='ocrx_word' id='word_1_399' title='bbox 3132 2448 3240 2500; x_wconf 88' lang='grc' dir='ltr'><strong>τῶν</strong></span> <span class='ocrx_word' id='word_1_400' title='bbox 3270 2451 3751 2519; x_wconf 75' lang='grc' dir='ltr'><strong>περιφραττόντων</strong></span> 
     </span>
    </p>
   </div>
   <div class='ocr_carea' id='block_1_53' title="bbox 2166 2534 3752 2609">
    <p class='ocr_par' dir='ltr' id='par_1_53' title="bbox 2166 2534 3752 2609">
     <span class='ocr_line' id='line_1_53' title="bbox 2166 2534 3752 2609; baseline 0.004 -22"><span class='ocrx_word' id='word_1_401' title='bbox 2166 2534 2352 2601; x_wconf 88' lang='grc' dir='ltr'><strong>λίθων,</strong></span> <span class='ocrx_word' id='word_1_402' title='bbox 2385 2539 2481 2592; x_wconf 77' lang='grc' dir='ltr'><strong>καὶ</strong></span> <span class='ocrx_word' id='word_1_403' title='bbox 2517 2538 2755 2606; x_wconf 85' lang='grc' dir='ltr'><strong>σιδήρων</strong></span> <span class='ocrx_word' id='word_1_404' title='bbox 2803 2539 2871 2591; x_wconf 82' lang='grc' dir='ltr'><strong>τὰ</strong></span> <span class='ocrx_word' id='word_1_405' title='bbox 2922 2541 3176 2607; x_wconf 78' lang='grc' dir='ltr'><strong>μέτωπα,</strong></span> <span class='ocrx_word' id='word_1_406' title='bbox 3210 2540 3305 2593; x_wconf 76' lang='grc' dir='ltr'><strong>καὶ</strong></span> <span class='ocrx_word' id='word_1_407' title='bbox 3336 2542 3434 2601; x_wconf 82' lang='grc' dir='ltr'><strong>τὰς</strong></span> <span class='ocrx_word' id='word_1_408' title='bbox 3483 2542 3752 2609; x_wconf 74' lang='grc' dir='ltr'><strong>κεφαλὰς,</strong></span> 
     </span>
    </p>
   </div>
   <div class='ocr_carea' id='block_1_54' title="bbox 2169 2628 3755 2706">
    <p class='ocr_par' dir='ltr' id='par_1_54' title="bbox 2169 2628 3755 2706">
     <span class='ocr_line' id='line_1_54' title="bbox 2169 2628 3755 2706; baseline 0.004 -27"><span class='ocrx_word' id='word_1_409' title='bbox 2169 2628 2420 2698; x_wconf 83' lang='grc' dir='ltr'><strong>σωτῆρας</strong></span> <span class='ocrx_word' id='word_1_410' title='bbox 2453 2628 2678 2693; x_wconf 82' lang='grc' dir='ltr'><strong>αὐτοὺς,</strong></span> <span class='ocrx_word' id='word_1_411' title='bbox 2711 2630 2805 2683; x_wconf 75' lang='grc' dir='ltr'><strong>καὶ</strong></span> <span class='ocrx_word' id='word_1_412' title='bbox 2850 2630 3142 2697; x_wconf 83' lang='grc' dir='ltr'><strong>δεσπότας,</strong></span> <span class='ocrx_word' id='word_1_413' title='bbox 3173 2635 3271 2687; x_wconf 77' lang='grc' dir='ltr'><strong>καὶ</strong></span> <span class='ocrx_word' id='word_1_414' title='bbox 3303 2632 3513 2702; x_wconf 75' lang='grc' dir='ltr'><strong>ἡλίους,</strong></span> <span class='ocrx_word' id='word_1_415' title='bbox 3557 2633 3755 2706; x_wconf 76' lang='grc' dir='ltr'><strong>ὥσπερ</strong></span> 
     </span>
    </p>
   </div>
   <div class='ocr_carea' id='block_1_55' title="bbox 2166 2715 3755 2794">
    <p class='ocr_par' dir='ltr' id='par_1_55' title="bbox 2166 2715 3755 2794">
     <span class='ocr_line' id='line_1_55' title="bbox 2166 2715 3755 2794; baseline 0.006 -22"><span class='ocrx_word' id='word_1_416' title='bbox 2166 2715 2345 2783; x_wconf 81' lang='grc' dir='ltr'><strong>εἶπον,</strong></span> <span class='ocrx_word' id='word_1_417' title='bbox 2391 2720 2493 2788; x_wconf 80' lang='grc' dir='ltr'><strong>τῆς</strong></span> <span class='ocrx_word' id='word_1_418' title='bbox 2534 2722 2865 2790; x_wconf 81' lang='grc' dir='ltr'><strong>οἰκουμένης</strong></span> <span class='ocrx_word' id='word_1_419' title='bbox 2911 2723 3404 2790; x_wconf 77' lang='grc' dir='ltr'><strong>άναφθέγξωνταιο</strong></span> <span class='ocrx_word' id='word_1_420' title='bbox 3468 2724 3553 2777; x_wconf 84' lang='grc' dir='ltr'><strong>ῐνα</strong></span> <span class='ocrx_word' id='word_1_421' title='bbox 3609 2731 3755 2794; x_wconf 77' lang='grc' dir='ltr'><strong>μετὰ</strong></span> 
     </span>
    </p>
   </div>
   <div class='ocr_carea' id='block_1_56' title="bbox 2166 2808 3750 2888">
    <p class='ocr_par' dir='ltr' id='par_1_56' title="bbox 2166 2808 3750 2888">
     <span class='ocr_line' id='line_1_56' title="bbox 2166 2808 3750 2888; baseline 0.003 -25"><span class='ocrx_word' id='word_1_422' title='bbox 2166 2808 2406 2864; x_wconf 88' lang='grc' dir='ltr'><strong>τοσαῦτα</strong></span> <span class='ocrx_word' id='word_1_423' title='bbox 2434 2810 2531 2878; x_wconf 80' lang='grc' dir='ltr'><strong>ἔτη</strong></span> <span class='ocrx_word' id='word_1_424' title='bbox 2557 2809 2650 2863; x_wconf 83' lang='grc' dir='ltr'><strong>τοῦ</strong></span> <span class='ocrx_word' id='word_1_425' title='bbox 2675 2810 3035 2881; x_wconf 78' lang='grc' dir='ltr'><strong>κηρύγματος</strong></span> <span class='ocrx_word' id='word_1_426' title='bbox 3066 2813 3230 2885; x_wconf 89' lang='grc' dir='ltr'><strong>χάριν</strong></span> <span class='ocrx_word' id='word_1_427' title='bbox 3257 2816 3444 2872; x_wconf 80' lang='grc' dir='ltr'><strong>αὐτοῖς</strong></span> <span class='ocrx_word' id='word_1_428' title='bbox 3479 2817 3577 2886; x_wconf 85' lang='grc' dir='ltr'><strong>τῆς</strong></span> <span class='ocrx_word' id='word_1_429' title='bbox 3607 2818 3750 2888; x_wconf 86' lang='grc' dir='ltr'><strong>ἀλη-</strong></span> 
     </span>
    </p>
   </div>
   <div class='ocr_carea' id='block_1_57' title="bbox 2167 2900 3755 2974">
    <p class='ocr_par' dir='ltr' id='par_1_57' title="bbox 2167 2900 3755 2974">
     <span class='ocr_line' id='line_1_57' title="bbox 2167 2900 3755 2974; baseline 0.006 -21"><span class='ocrx_word' id='word_1_430' title='bbox 2167 2900 2340 2963; x_wconf 81' lang='grc' dir='ltr'><strong>θείας,</strong></span> <span class='ocrx_word' id='word_1_431' title='bbox 2376 2901 2471 2952; x_wconf 78' lang='grc' dir='ltr'><strong>καὶ</strong></span> <span class='ocrx_word' id='word_1_432' title='bbox 2523 2900 2625 2969; x_wconf 84' lang='grc' dir='ltr'><strong>τῆς</strong></span> <span class='ocrx_word' id='word_1_433' title='bbox 2674 2902 2782 2954; x_wconf 80' lang='grc' dir='ltr'><strong>ἀπὸ</strong></span> <span class='ocrx_word' id='word_1_434' title='bbox 2807 2901 2913 2971; x_wconf 87' lang='grc' dir='ltr'><strong>τῆς</strong></span> <span class='ocrx_word' id='word_1_435' title='bbox 2957 2902 3186 2974; x_wconf 82' lang='grc' dir='ltr'><strong>πλάνης,</strong></span> <span class='ocrx_word' id='word_1_436' title='bbox 3238 2906 3335 2958; x_wconf 80' lang='grc' dir='ltr'><strong>καὶ</strong></span> <span class='ocrx_word' id='word_1_437' title='bbox 3384 2905 3478 2960; x_wconf 88' lang='grc' dir='ltr'><strong>τοῦ</strong></span> <span class='ocrx_word' id='word_1_438' title='bbox 3522 2909 3755 2972; x_wconf 85' lang='grc' dir='ltr'><strong>σκότους</strong></span> 
     </span>
    </p>
   </div>
   <div class='ocr_carea' id='block_1_58' title="bbox 2166 2992 3753 3067">
    <p class='ocr_par' dir='ltr' id='par_1_58' title="bbox 2166 2992 3753 3067">
     <span class='ocr_line' id='line_1_58' title="bbox 2166 2992 3753 3067; baseline 0.006 -22"><span class='ocrx_word' id='word_1_439' title='bbox 2166 2992 2492 3062; x_wconf 79' lang='grc' dir='ltr'><strong>ἀπαλλαγῆς</strong></span> <span class='ocrx_word' id='word_1_440' title='bbox 2526 2994 2933 3064; x_wconf 80' lang='grc' dir='ltr'><strong>ὁμολογήσωσι,</strong></span> <span class='ocrx_word' id='word_1_441' title='bbox 2964 2996 3056 3048; x_wconf 73' lang='grc' dir='ltr'><strong>καὶ</strong></span> <span class='ocrx_word' id='word_1_442' title='bbox 3081 2996 3257 3049; x_wconf 85' lang='grc' dir='ltr'><strong>ταῦτα</strong></span> <span class='ocrx_word' id='word_1_443' title='bbox 3290 2998 3383 3049; x_wconf 66' lang='grc' dir='ltr'><strong>ἐπὶ</strong></span> <span class='ocrx_word' id='word_1_444' title='bbox 3409 2998 3509 3065; x_wconf 83' lang='grc' dir='ltr'><strong>τῆς</strong></span> <span class='ocrx_word' id='word_1_445' title='bbox 3538 3001 3753 3067; x_wconf 86' lang='grc' dir='ltr'><strong>πόλεως</strong></span> 
     </span>
    </p>
   </div>
   <div class='ocr_carea' id='block_1_59' title="bbox 2166 3083 3752 3160">
    <p class='ocr_par' dir='ltr' id='par_1_59' title="bbox 2166 3083 3752 3160">
     <span class='ocr_line' id='line_1_59' title="bbox 2166 3083 3752 3160; baseline 0.006 -24"><span class='ocrx_word' id='word_1_446' title='bbox 2166 3084 2403 3151; x_wconf 81' lang='grc' dir='ltr'><strong>ἐκείνης,</strong></span> <span class='ocrx_word' id='word_1_447' title='bbox 2445 3084 2536 3136; x_wconf 77' lang='grc' dir='ltr'><strong>καὶ</strong></span> <span class='ocrx_word' id='word_1_448' title='bbox 2573 3085 2671 3153; x_wconf 79' lang='grc' dir='ltr'><strong>τῆς</strong></span> <span class='ocrx_word' id='word_1_449' title='bbox 2704 3085 2881 3154; x_wconf 74' lang='grc' dir='ltr'><strong>ἀρχῆς</strong></span> <span class='ocrx_word' id='word_1_450' title='bbox 2917 3086 3154 3156; x_wconf 73' lang='grc' dir='ltr'><strong>ἐκείνης,</strong></span> <span class='ocrx_word' id='word_1_451' title='bbox 3187 3088 3247 3140; x_wconf 87' lang='grc' dir='ltr'><strong>ὲν</strong></span> <span class='ocrx_word' id='word_1_452' title='bbox 3351 3089 3520 3142; x_wconf 83' lang='grc' dir='ltr'><strong>ταῦτα</strong></span> <span class='ocrx_word' id='word_1_453' title='bbox 3549 3093 3752 3146; x_wconf 75' lang='grc' dir='ltr'><strong>ἐκεῖνοι</strong></span> 
     </span>
    </p>
   </div>
   <div class='ocr_carea' id='block_1_60' title="bbox 462 3157 2062 3255">
    <p class='ocr_par' dir='ltr' id='par_1_60' title="bbox 462 3157 2058 3240">
     <span class='ocr_line' id='line_1_60' title="bbox 462 3157 2058 3240; baseline 0.01 -28"><span class='ocrx_word' id='word_1_454' title='bbox 462 3169 664 3231; x_wconf 86' lang='lat' dir='ltr'><strong>potest.</strong></span> <span class='ocrx_word' id='word_1_455' title='bbox 718 3157 869 3215; x_wconf 88' lang='lat' dir='ltr'><strong>Unde</strong></span> <span class='ocrx_word' id='word_1_456' title='bbox 913 3160 1091 3217; x_wconf 87' lang='lat' dir='ltr'><strong>edicta</strong></span> <span class='ocrx_word' id='word_1_457' title='bbox 1121 3174 1310 3220; x_wconf 89' lang='lat' dir='ltr'><strong>contra</strong></span> <span class='ocrx_word' id='word_1_458' title='bbox 1342 3166 1685 3225; x_wconf 81' lang='lat' dir='ltr'><strong>Christianos</strong></span> <span class='ocrx_word' id='word_1_459' title='bbox 1739 3187 1834 3240; x_wconf 90' lang='lat' dir='ltr'><strong>per</strong></span> <span class='ocrx_word' id='word_1_460' title='bbox 1887 3183 2058 3229; x_wconf 88' lang='lat' dir='ltr'><strong>totum</strong></span> 
     </span>
    </p>
   </div>
   <div class='ocr_carea' id='block_1_61' title="bbox 2165 3157 3753 3255">
    <p class='ocr_par' dir='ltr' id='par_1_61' title="bbox 2166 3157 3753 3255">
     <span class='ocr_line' id='line_1_61' title="bbox 2166 3157 3753 3255; baseline 0.006 -27"><span class='ocrx_word' id='word_1_461' title='bbox 2166 3174 2420 3244; x_wconf 86' lang='grc' dir='ltr'><strong>λέγοντες</strong></span> <span class='ocrx_word' id='word_1_462' title='bbox 2466 3177 2760 3231; x_wconf 82' lang='grc' dir='ltr'><strong>ἀπέθανον.</strong></span> <span class='ocrx_word' id='word_1_463' title='bbox 2803 3178 2973 3231; x_wconf 84' lang='grc' dir='ltr'><strong>Ἔνθα</strong></span> <span class='ocrx_word' id='word_1_464' title='bbox 2994 3178 3235 3250; x_wconf 86' lang='grc' dir='ltr'><strong>τοσαύτη</strong></span> <span class='ocrx_word' id='word_1_465' title='bbox 3273 3157 3499 3250; x_wconf 76' lang='grc' dir='ltr'><strong>γέγονεν</strong></span> <span class='ocrx_word' id='word_1_466' title='bbox 3545 3185 3576 3253; x_wconf 79' lang='grc' dir='ltr'>ἡ</span> <span class='ocrx_word' id='word_1_467' title='bbox 3618 3186 3753 3255; x_wconf 69' lang='grc' dir='ltr'><strong>περὶ</strong></span> 
     </span>
    </p>
   </div>
   <div class='ocr_carea' id='block_1_62' title="bbox 464 3248 2061 3317">
    <p class='ocr_par' dir='ltr' id='par_1_62' title="bbox 464 3248 2061 3317">
     <span class='ocr_line' id='line_1_62' title="bbox 464 3248 2061 3317; baseline 0.009 -14"><span class='ocrx_word' id='word_1_468' title='bbox 464 3249 653 3304; x_wconf 91' lang='lat' dir='ltr'><strong>orbem</strong></span> <span class='ocrx_word' id='word_1_469' title='bbox 695 3248 1031 3312; x_wconf 82' lang='lat' dir='ltr'><strong>ferebantur.</strong></span> <span class='ocrx_word' id='word_1_470' title='bbox 1065 3261 1120 3308; x_wconf 88' lang='lat' dir='ltr'><strong>et</strong></span> <span class='ocrx_word' id='word_1_471' title='bbox 1158 3254 1447 3311; x_wconf 82' lang='lat' dir='ltr'><strong>carniﬁces</strong></span> <span class='ocrx_word' id='word_1_472' title='bbox 1506 3258 1560 3312; x_wconf 90' lang='lat' dir='ltr'><strong>in</strong></span> <span class='ocrx_word' id='word_1_473' title='bbox 1590 3259 1810 3314; x_wconf 88' lang='lat' dir='ltr'><strong>eosdem</strong></span> <span class='ocrx_word' id='word_1_474' title='bbox 1853 3262 2061 3317; x_wconf 89' lang='lat' dir='ltr'><strong>immit-</strong></span> 
     </span>
    </p>
   </div>
   <div class='ocr_carea' id='block_1_63' title="bbox 465 3339 2058 3424">
    <p class='ocr_par' dir='ltr' id='par_1_63' title="bbox 465 3339 2058 3424">
     <span class='ocr_line' id='line_1_63' title="bbox 465 3339 2058 3424; baseline 0.009 -31"><span class='ocrx_word' id='word_1_475' title='bbox 465 3342 741 3397; x_wconf 87' lang='lat' dir='ltr'><strong>tebantur.</strong></span> <span class='ocrx_word' id='word_1_476' title='bbox 791 3339 892 3396; x_wconf 82' lang='lat' dir='ltr'><strong>Ubi</strong></span> <span class='ocrx_word' id='word_1_477' title='bbox 937 3344 1046 3396; x_wconf 90' lang='lat' dir='ltr'><strong>alio</strong></span> <span class='ocrx_word' id='word_1_478' title='bbox 1085 3344 1301 3412; x_wconf 82' lang='lat' dir='ltr'><strong>quidem</strong></span> <span class='ocrx_word' id='word_1_479' title='bbox 1345 3349 1399 3400; x_wconf 94' lang='lat' dir='ltr'><strong>in</strong></span> <span class='ocrx_word' id='word_1_480' title='bbox 1444 3347 1568 3403; x_wconf 89' lang='lat' dir='ltr'><strong>loco</strong></span> <span class='ocrx_word' id='word_1_481' title='bbox 1630 3349 1863 3406; x_wconf 81' lang='lat' dir='ltr'><strong>Neronis</strong></span> <span class='ocrx_word' id='word_1_482' title='bbox 1906 3352 2058 3424; x_wconf 83' lang='lat' dir='ltr'><strong>impii</strong></span> 
     </span>
    </p>
   </div>
   <div class='ocr_carea' id='block_1_64' title="bbox 464 3431 2064 3506">
    <p class='ocr_par' dir='ltr' id='par_1_64' title="bbox 464 3431 2064 3506">
     <span class='ocr_line' id='line_1_64' title="bbox 464 3431 2064 3506; baseline 0.008 -20"><span class='ocrx_word' id='word_1_483' title='bbox 464 3432 613 3487; x_wconf 85' lang='lat' dir='ltr'><strong>illius</strong></span> <span class='ocrx_word' id='word_1_484' title='bbox 647 3431 953 3501; x_wconf 74' lang='lat' dir='ltr'><strong>homicidae,</strong></span> <span class='ocrx_word' id='word_1_485' title='bbox 996 3435 1125 3490; x_wconf 90' lang='lat' dir='ltr'><strong>alibi</strong></span> <span class='ocrx_word' id='word_1_486' title='bbox 1173 3451 1301 3491; x_wconf 83' lang='lat' dir='ltr'><strong>vero</strong></span> <span class='ocrx_word' id='word_1_487' title='bbox 1331 3437 1683 3506; x_wconf 89' lang='lat' dir='ltr'><strong>Diocletiani,</strong></span> <span class='ocrx_word' id='word_1_488' title='bbox 1735 3443 1861 3497; x_wconf 84' lang='lat' dir='ltr'><strong>alibi</strong></span> <span class='ocrx_word' id='word_1_489' title='bbox 1893 3443 2064 3499; x_wconf 81' lang='lat' dir='ltr'><strong>Maxi-</strong></span> 
     </span>
    </p>
   </div>
   <div class='ocr_carea' id='block_1_65' title="bbox 468 3527 2058 3605">
    <p class='ocr_par' dir='ltr' id='par_1_65' title="bbox 468 3527 2058 3605">
     <span class='ocr_line' id='line_1_65' title="bbox 468 3527 2058 3605; baseline 0.009 -27"><span class='ocrx_word' id='word_1_490' title='bbox 468 3527 635 3581; x_wconf 85' lang='lat' dir='ltr'><strong>miani</strong></span> <span class='ocrx_word' id='word_1_491' title='bbox 673 3537 1080 3596; x_wconf 70' lang='lat' dir='ltr'><strong>pcrs&#39;ccntorum</strong></span> <span class='ocrx_word' id='word_1_492' title='bbox 1117 3530 1373 3602; x_wconf 78' lang='lat' dir='ltr'><strong>collapsa:</strong></span> <span class='ocrx_word' id='word_1_493' title='bbox 1396 3532 1509 3602; x_wconf 85' lang='lat' dir='ltr'><strong>jam</strong></span> <span class='ocrx_word' id='word_1_494' title='bbox 1536 3532 1868 3605; x_wconf 73' lang='lat' dir='ltr'><strong>deiectaeque</strong></span> <span class='ocrx_word' id='word_1_495' title='bbox 1895 3538 2058 3605; x_wconf 80' lang='lat' dir='ltr'><strong>aedes,</strong></span> 
     </span>
    </p>
   </div>
   <div class='ocr_carea' id='block_1_66' title="bbox 466 3616 2061 3682">
    <p class='ocr_par' dir='ltr' id='par_1_66' title="bbox 466 3616 2061 3682">
     <span class='ocr_line' id='line_1_66' title="bbox 466 3616 2061 3682; baseline 0.006 -11"><span class='ocrx_word' id='word_1_496' title='bbox 466 3624 519 3671; x_wconf 90' lang='lat' dir='ltr'><strong>et</strong></span> <span class='ocrx_word' id='word_1_497' title='bbox 547 3616 775 3681; x_wconf 49' lang='lat' dir='ltr'><strong>mutila),</strong></span> <span class='ocrx_word' id='word_1_498' title='bbox 811 3631 876 3670; x_wconf 90' lang='lat' dir='ltr'><strong>ac</strong></span> <span class='ocrx_word' id='word_1_499' title='bbox 904 3617 1229 3674; x_wconf 71' lang='lat' dir='ltr'><strong>seniil&#39;ractze</strong></span> <span class='ocrx_word' id='word_1_500' title='bbox 1267 3631 1461 3677; x_wconf 72' lang='lat' dir='ltr'><strong>statua:</strong></span> <span class='ocrx_word' id='word_1_501' title='bbox 1490 3623 1762 3680; x_wconf 84' lang='lat' dir='ltr'><strong>visuntur.</strong></span> <span class='ocrx_word' id='word_1_502' title='bbox 1801 3625 1910 3682; x_wconf 88' lang='lat' dir='ltr'><strong>Sed</strong></span> <span class='ocrx_word' id='word_1_503' title='bbox 1946 3627 2061 3681; x_wconf 59' lang='lat' dir='ltr'><strong>haec</strong></span> 
     </span>
    </p>
   </div>
   <div class='ocr_carea' id='block_1_67' title="bbox 465 3710 2063 3789">
    <p class='ocr_par' dir='ltr' id='par_1_67' title="bbox 465 3710 2063 3789">
     <span class='ocr_line' id='line_1_67' title="bbox 465 3710 2063 3789; baseline 0.009 -28"><span class='ocrx_word' id='word_1_504' title='bbox 465 3710 685 3776; x_wconf 82' lang='lat' dir='ltr'><strong>quidem</strong></span> <span class='ocrx_word' id='word_1_505' title='bbox 727 3721 1100 3777; x_wconf 85' lang='lat' dir='ltr'><strong>monumenta,</strong></span> <span class='ocrx_word' id='word_1_506' title='bbox 1158 3714 1284 3769; x_wconf 90' lang='lat' dir='ltr'><strong>licet</strong></span> <span class='ocrx_word' id='word_1_507' title='bbox 1316 3714 1731 3784; x_wconf 85' lang='lat' dir='ltr'><strong>imperatorum,</strong></span> <span class='ocrx_word' id='word_1_508' title='bbox 1758 3728 1809 3773; x_wconf 92' lang='lat' dir='ltr'><strong>et</strong></span> <span class='ocrx_word' id='word_1_509' title='bbox 1864 3722 1955 3789; x_wconf 92' lang='lat' dir='ltr'><strong>qui</strong></span> <span class='ocrx_word' id='word_1_510' title='bbox 1989 3720 2063 3776; x_wconf 84' lang='lat' dir='ltr'><strong>is-</strong></span> 
     </span>
    </p>
   </div>
   <div class='ocr_carea' id='block_1_68' title="bbox 467 3802 2055 3883">
    <p class='ocr_par' dir='ltr' id='par_1_68' title="bbox 467 3802 2055 3883">
     <span class='ocr_line' id='line_1_68' title="bbox 467 3802 2055 3883; baseline 0.007 -27"><span class='ocrx_word' id='word_1_511' title='bbox 467 3811 553 3856; x_wconf 90' lang='lat' dir='ltr'><strong>tos</strong></span> <span class='ocrx_word' id='word_1_512' title='bbox 574 3802 868 3872; x_wconf 86' lang='lat' dir='ltr'><strong>aliquando</strong></span> <span class='ocrx_word' id='word_1_513' title='bbox 913 3804 1176 3860; x_wconf 83' lang='lat' dir='ltr'><strong>sistebant</strong></span> <span class='ocrx_word' id='word_1_514' title='bbox 1207 3806 1432 3876; x_wconf 86' lang='lat' dir='ltr'><strong>judicio,</strong></span> <span class='ocrx_word' id='word_1_515' title='bbox 1468 3820 1520 3863; x_wconf 91' lang='lat' dir='ltr'><strong>et</strong></span> <span class='ocrx_word' id='word_1_516' title='bbox 1552 3822 1605 3863; x_wconf 94' lang='lat' dir='ltr'><strong>ut</strong></span> <span class='ocrx_word' id='word_1_517' title='bbox 1639 3814 1913 3883; x_wconf 84' lang='lat' dir='ltr'><strong>mancipia</strong></span> <span class='ocrx_word' id='word_1_518' title='bbox 1948 3825 2055 3869; x_wconf 48' lang='lat' dir='ltr'><strong>tra.</strong></span> 
     </span>
    </p>
   </div>
   <div class='ocr_carea' id='block_1_69' title="bbox 466 3896 2062 3976">
    <p class='ocr_par' dir='ltr' id='par_1_69' title="bbox 466 3896 2062 3976">
     <span class='ocr_line' id='line_1_69' title="bbox 466 3896 2062 3976; baseline 0.006 -26"><span class='ocrx_word' id='word_1_519' title='bbox 466 3896 710 3959; x_wconf 89' lang='lat' dir='ltr'><strong>c:abant,</strong></span> <span class='ocrx_word' id='word_1_520' title='bbox 733 3898 935 3951; x_wconf 84' lang='lat' dir='ltr'><strong>cursim</strong></span> <span class='ocrx_word' id='word_1_521' title='bbox 966 3908 1327 3967; x_wconf 63' lang='lat' dir='ltr'><strong>prmtereunt:</strong></span> <span class='ocrx_word' id='word_1_522' title='bbox 1355 3912 1407 3956; x_wconf 92' lang='lat' dir='ltr'><strong>et</strong></span> <span class='ocrx_word' id='word_1_523' title='bbox 1438 3906 1568 3972; x_wconf 86' lang='lat' dir='ltr'><strong>quid</strong></span> <span class='ocrx_word' id='word_1_524' title='bbox 1595 3906 1718 3960; x_wconf 89' lang='lat' dir='ltr'><strong>dico</strong></span> <span class='ocrx_word' id='word_1_525' title='bbox 1747 3906 2062 3976; x_wconf 72' lang='lat' dir='ltr'><strong>prreterirc?</strong></span> 
     </span>
    </p>
   </div>
   <div class='ocr_carea' id='block_1_70' title="bbox 464 3992 2061 4071">
    <p class='ocr_par' dir='ltr' id='par_1_70' title="bbox 464 3992 2061 4071">
     <span class='ocr_line' id='line_1_70' title="bbox 464 3992 2061 4071; baseline 0.011 -32"><span class='ocrx_word' id='word_1_526' title='bbox 464 3992 596 4060; x_wconf 86' lang='lat' dir='ltr'><strong>quin</strong></span> <span class='ocrx_word' id='word_1_527' title='bbox 630 3992 807 4061; x_wconf 75' lang='lat' dir='ltr'><strong>potius</strong></span> <span class='ocrx_word' id='word_1_528' title='bbox 867 3992 1080 4049; x_wconf 77' lang='lat' dir='ltr'><strong>infestis</strong></span> <span class='ocrx_word' id='word_1_529' title='bbox 1104 3996 1346 4050; x_wconf 81' lang='lat' dir='ltr'><strong>calcibus</strong></span> <span class='ocrx_word' id='word_1_530' title='bbox 1375 4008 1687 4065; x_wconf 87' lang='lat' dir='ltr'><strong>proterunt,</strong></span> <span class='ocrx_word' id='word_1_531' title='bbox 1752 4010 1806 4054; x_wconf 87' lang='lat' dir='ltr'><strong>et</strong></span> <span class='ocrx_word' id='word_1_532' title='bbox 1864 4003 2061 4071; x_wconf 80' lang='lat' dir='ltr'><strong>pugnis</strong></span> 
     </span>
    </p>
   </div>
   <div class='ocr_carea' id='block_1_71' title="bbox 465 4084 2061 4161">
    <p class='ocr_par' dir='ltr' id='par_1_71' title="bbox 465 4084 2061 4161">
     <span class='ocr_line' id='line_1_71' title="bbox 465 4084 2061 4161; baseline 0.004 -24"><span class='ocrx_word' id='word_1_533' title='bbox 465 4084 690 4148; x_wconf 78' lang='lat' dir='ltr'><strong>feriunt,</strong></span> <span class='ocrx_word' id='word_1_534' title='bbox 726 4086 1134 4155; x_wconf 82' lang='lat' dir='ltr'><strong>atque,utdixi,</strong></span> <span class='ocrx_word' id='word_1_535' title='bbox 1185 4088 1460 4154; x_wconf 83' lang='lat' dir='ltr'><strong>niutilant,</strong></span> <span class='ocrx_word' id='word_1_536' title='bbox 1518 4103 1829 4161; x_wconf 84' lang='lat' dir='ltr'><strong>conspuunt</strong></span> <span class='ocrx_word' id='word_1_537' title='bbox 1857 4104 1911 4148; x_wconf 88' lang='lat' dir='ltr'><strong>et</strong></span> <span class='ocrx_word' id='word_1_538' title='bbox 1933 4092 2061 4147; x_wconf 87' lang='lat' dir='ltr'><strong>sub.</strong></span> 
     </span>
    </p>
   </div>
   <div class='ocr_carea' id='block_1_72' title="bbox 467 4176 2061 4251">
    <p class='ocr_par' dir='ltr' id='par_1_72' title="bbox 467 4176 2061 4251">
     <span class='ocr_line' id='line_1_72' title="bbox 467 4176 2061 4251; baseline 0.004 -22"><span class='ocrx_word' id='word_1_539' title='bbox 467 4186 690 4230; x_wconf 89' lang='lat' dir='ltr'><strong>vertunt</strong></span> <span class='ocrx_word' id='word_1_540' title='bbox 716 4193 730 4232; x_wconf 87' lang='lat'><strong>:</strong></span> <span class='ocrx_word' id='word_1_541' title='bbox 760 4178 910 4232; x_wconf 87' lang='lat' dir='ltr'><strong>hisce</strong></span> <span class='ocrx_word' id='word_1_542' title='bbox 950 4186 1132 4232; x_wconf 84' lang='lat' dir='ltr'><strong>autem</strong></span> <span class='ocrx_word' id='word_1_543' title='bbox 1166 4180 1515 4247; x_wconf 87' lang='lat' dir='ltr'><strong>pauperculis</strong></span> <span class='ocrx_word' id='word_1_544' title='bbox 1541 4192 1590 4234; x_wconf 92' lang='lat' dir='ltr'><strong>et</strong></span> <span class='ocrx_word' id='word_1_545' title='bbox 1624 4184 1949 4251; x_wconf 80' lang='lat' dir='ltr'><strong>peregrinis,</strong></span> <span class='ocrx_word' id='word_1_546' title='bbox 1978 4176 2061 4236; x_wconf 80' lang='lat' dir='ltr'><strong>vel</strong></span> 
     </span>
    </p>
   </div>
   <div class='ocr_carea' id='block_1_73' title="bbox 467 4269 2053 4341">
    <p class='ocr_par' dir='ltr' id='par_1_73' title="bbox 467 4269 2053 4341">
     <span class='ocr_line' id='line_1_73' title="bbox 467 4269 2053 4341; baseline 0.004 -22"><span class='ocrx_word' id='word_1_547' title='bbox 467 4269 652 4338; x_wconf 84' lang='lat' dir='ltr'><strong>potius</strong></span> <span class='ocrx_word' id='word_1_548' title='bbox 686 4270 860 4325; x_wconf 88' lang='lat' dir='ltr'><strong>servis</strong></span> <span class='ocrx_word' id='word_1_549' title='bbox 891 4286 956 4325; x_wconf 89' lang='lat' dir='ltr'><strong>ac</strong></span> <span class='ocrx_word' id='word_1_550' title='bbox 994 4271 1226 4326; x_wconf 84' lang='lat' dir='ltr'><strong>subditis</strong></span> <span class='ocrx_word' id='word_1_551' title='bbox 1254 4271 1494 4338; x_wconf 89' lang='lat' dir='ltr'><strong>illorum,</strong></span> <span class='ocrx_word' id='word_1_552' title='bbox 1526 4273 1871 4341; x_wconf 78' lang='lat' dir='ltr'><strong>professione</strong></span> <span class='ocrx_word' id='word_1_553' title='bbox 1899 4275 2053 4327; x_wconf 72' lang='lat' dir='ltr'><strong>vitae-</strong></span> 
     </span>
    </p>
   </div>
   <div class='ocr_carea' id='block_1_74' title="bbox 468 4362 2061 4435">
    <p class='ocr_par' dir='ltr' id='par_1_74' title="bbox 468 4362 2061 4435">
     <span class='ocr_line' id='line_1_74' title="bbox 468 4362 2061 4435; baseline 0.005 -22"><span class='ocrx_word' id='word_1_554' title='bbox 468 4379 575 4432; x_wconf 87' lang='lat' dir='ltr'><strong>que</strong></span> <span class='ocrx_word' id='word_1_555' title='bbox 605 4362 878 4425; x_wconf 87' lang='lat' dir='ltr'><strong>instituto,</strong></span> <span class='ocrx_word' id='word_1_556' title='bbox 907 4364 1205 4418; x_wconf 62' lang='lat' dir='ltr'><strong>aulicorum</strong></span> <span class='ocrx_word' id='word_1_557' title='bbox 1264 4365 1567 4419; x_wconf 88' lang='lat' dir='ltr'><strong>tectoribus</strong></span> <span class='ocrx_word' id='word_1_558' title='bbox 1598 4374 1648 4419; x_wconf 87' lang='lat' dir='ltr'><strong>et</strong></span> <span class='ocrx_word' id='word_1_559' title='bbox 1685 4365 2061 4435; x_wconf 85' lang='lat' dir='ltr'><strong>piscatoribus</strong></span> 
     </span>
    </p>
   </div>
   <div class='ocr_carea' id='block_1_75' title="bbox 469 4456 2047 4525">
    <p class='ocr_par' dir='ltr' id='par_1_75' title="bbox 469 4456 2047 4525">
     <span class='ocr_line' id='line_1_75' title="bbox 469 4456 2047 4525; baseline 0.003 -19"><span class='ocrx_word' id='word_1_560' title='bbox 469 4470 635 4520; x_wconf 85' lang='lat' dir='ltr'><strong>quam</strong></span> <span class='ocrx_word' id='word_1_561' title='bbox 664 4457 904 4508; x_wconf 80' lang='lat' dir='ltr'><strong>maximo</strong></span> <span class='ocrx_word' id='word_1_562' title='bbox 936 4456 1132 4525; x_wconf 79' lang='lat' dir='ltr'><strong>gaudio</strong></span> <span class='ocrx_word' id='word_1_563' title='bbox 1188 4466 1240 4509; x_wconf 80' lang='lat' dir='ltr'><strong>ct</strong></span> <span class='ocrx_word' id='word_1_564' title='bbox 1282 4457 1586 4525; x_wconf 80' lang='lat' dir='ltr'><strong>voiup&#39;ate,</strong></span> <span class='ocrx_word' id='word_1_565' title='bbox 1629 4466 1719 4510; x_wconf 88' lang='lat' dir='ltr'><strong>aut</strong></span> <span class='ocrx_word' id='word_1_566' title='bbox 1758 4456 1804 4510; x_wconf 90' lang='lat' dir='ltr'><strong>si</strong></span> <span class='ocrx_word' id='word_1_567' title='bbox 1863 4457 2047 4521; x_wconf 84' lang='lat' dir='ltr'><strong>malis,</strong></span> 
     </span>
    </p>
   </div>
   <div class='ocr_carea' id='block_1_76' title="bbox 466 4549 2119 4621">
    <p class='ocr_par' dir='ltr' id='par_1_76' title="bbox 466 4549 2119 4621">
     <span class='ocr_line' id='line_1_76' title="bbox 466 4549 2119 4621; baseline 0.001 -19"><span class='ocrx_word' id='word_1_568' title='bbox 466 4562 593 4602; x_wconf 82' lang='lat' dir='ltr'><strong>eum</strong></span> <span class='ocrx_word' id='word_1_569' title='bbox 632 4549 987 4617; x_wconf 45' lang='lat' dir='ltr'><strong>percussione</strong></span> <span class='ocrx_word' id='word_1_570' title='bbox 1019 4550 1277 4619; x_wconf 87' lang='lat' dir='ltr'><strong>pectoris,</strong></span> <span class='ocrx_word' id='word_1_571' title='bbox 1330 4559 1385 4603; x_wconf 87' lang='lat' dir='ltr'><strong>et</strong></span> <span class='ocrx_word' id='word_1_572' title='bbox 1414 4549 1722 4613; x_wconf 82' lang='lat' dir='ltr'><strong>devotione,</strong></span> <span class='ocrx_word' id='word_1_573' title='bbox 1765 4550 2052 4621; x_wconf 79' lang='lat' dir='ltr'><strong>hcrymis-</strong></span> <span class='ocrx_word' id='word_1_574' title='bbox 2091 4549 2119 4603; x_wconf 68' lang='grc' dir='ltr'>ῗ</span> 
     </span>
    </p>
   </div>
   <div class='ocr_carea' id='block_1_77' title="bbox 467 4642 2061 4713">
    <p class='ocr_par' dir='ltr' id='par_1_77' title="bbox 467 4642 2061 4713">
     <span class='ocr_line' id='line_1_77' title="bbox 467 4642 2061 4713; baseline 0.003 -18"><span class='ocrx_word' id='word_1_575' title='bbox 467 4645 763 4713; x_wconf 80' lang='lat' dir='ltr'><strong>querapita</strong></span> <span class='ocrx_word' id='word_1_576' title='bbox 797 4644 1060 4699; x_wconf 89' lang='lat' dir='ltr'><strong>inclinant</strong></span> <span class='ocrx_word' id='word_1_577' title='bbox 1084 4653 1489 4713; x_wconf 62' lang='lat' dir='ltr'><strong>servatoresmt</strong></span> <span class='ocrx_word' id='word_1_578' title='bbox 1535 4642 1667 4705; x_wconf 80' lang='lat' dir='ltr'><strong>dixi,</strong></span> <span class='ocrx_word' id='word_1_579' title='bbox 1696 4651 1750 4697; x_wconf 90' lang='lat' dir='ltr'><strong>ct</strong></span> <span class='ocrx_word' id='word_1_580' title='bbox 1776 4645 2061 4711; x_wconf 61' lang='lat' dir='ltr'><strong>praesides,</strong></span> 
     </span>
    </p>
   </div>
   <div class='ocr_carea' id='block_1_78' title="bbox 467 4736 2056 4804">
    <p class='ocr_par' dir='ltr' id='par_1_78' title="bbox 467 4736 2056 4804">
     <span class='ocr_line' id='line_1_78' title="bbox 467 4736 2056 4804; baseline 0.002 -13"><span class='ocrx_word' id='word_1_581' title='bbox 467 4752 566 4791; x_wconf 82' lang='lat' dir='ltr'><strong>nec</strong></span> <span class='ocrx_word' id='word_1_582' title='bbox 596 4736 937 4803; x_wconf 67' lang='lat' dir='ltr'><strong>prmsentium</strong></span> <span class='ocrx_word' id='word_1_583' title='bbox 969 4746 1177 4790; x_wconf 88' lang='lat' dir='ltr'><strong>tantum</strong></span> <span class='ocrx_word' id='word_1_584' title='bbox 1211 4746 1374 4804; x_wconf 81' lang='lat' dir='ltr'><strong>atque</strong></span> <span class='ocrx_word' id='word_1_585' title='bbox 1402 4749 1739 4789; x_wconf 80' lang='lat' dir='ltr'><strong>terrenorum</strong></span> <span class='ocrx_word' id='word_1_586' title='bbox 1774 4737 2056 4802; x_wconf 80' lang='lat' dir='ltr'><strong>dominos.</strong></span> 
     </span>
    </p>
   </div>
   <div class='ocr_carea' id='block_1_79' title="bbox 468 4826 2059 4899">
    <p class='ocr_par' dir='ltr' id='par_1_79' title="bbox 468 4826 2059 4899">
     <span class='ocr_line' id='line_1_79' title="bbox 468 4826 2059 4899; baseline -0.002 -14"><span class='ocrx_word' id='word_1_587' title='bbox 468 4830 563 4885; x_wconf 85' lang='lat' dir='ltr'><strong>sed</strong></span> <span class='ocrx_word' id='word_1_588' title='bbox 602 4838 654 4883; x_wconf 89' lang='lat' dir='ltr'><strong>et</strong></span> <span class='ocrx_word' id='word_1_589' title='bbox 707 4831 972 4885; x_wconf 63' lang='lat' dir='ltr'><strong>caelorum</strong></span> <span class='ocrx_word' id='word_1_590' title='bbox 1020 4826 1288 4893; x_wconf 87' lang='lat' dir='ltr'><strong>janitores</strong></span> <span class='ocrx_word' id='word_1_591' title='bbox 1341 4842 1435 4882; x_wconf 87' lang='lat' dir='ltr'><strong>eos</strong></span> <span class='ocrx_word' id='word_1_592' title='bbox 1494 4837 1769 4892; x_wconf 86' lang='lat' dir='ltr'><strong>vocantes,</strong></span> <span class='ocrx_word' id='word_1_593' title='bbox 1826 4838 1879 4882; x_wconf 87' lang='lat' dir='ltr'><strong>et</strong></span> <span class='ocrx_word' id='word_1_594' title='bbox 1929 4831 2059 4899; x_wconf 62' lang='lat' dir='ltr'><strong>sibi,</strong></span> 
     </span>
    </p>
   </div>
   <div class='ocr_carea' id='block_1_80' title="bbox 468 4919 2066 4987">
    <p class='ocr_par' dir='ltr' id='par_1_80' title="bbox 468 4919 2066 4987">
     <span class='ocr_line' id='line_1_80' title="bbox 468 4919 2066 4987; baseline -0.002 -11"><span class='ocrx_word' id='word_1_595' title='bbox 468 4921 683 4980; x_wconf 79' lang='lat' dir='ltr'><strong>amicis.</strong></span> <span class='ocrx_word' id='word_1_596' title='bbox 711 4930 765 4975; x_wconf 91' lang='lat' dir='ltr'><strong>et</strong></span> <span class='ocrx_word' id='word_1_597' title='bbox 795 4919 1177 4981; x_wconf 81' lang='lat' dir='ltr'><strong>familiaribus.</strong></span> <span class='ocrx_word' id='word_1_598' title='bbox 1223 4927 1387 4987; x_wconf 89' lang='lat' dir='ltr'><strong>atque</strong></span> <span class='ocrx_word' id='word_1_599' title='bbox 1438 4919 1553 4972; x_wconf 80' lang='lat' dir='ltr'><strong>orbi</strong></span> <span class='ocrx_word' id='word_1_600' title='bbox 1605 4921 1862 4976; x_wconf 80' lang='lat' dir='ltr'><strong>universo</strong></span> <span class='ocrx_word' id='word_1_601' title='bbox 1916 4922 2066 4975; x_wconf 89' lang='lat' dir='ltr'><strong>salu-</strong></span> 
     </span>
    </p>
   </div>
   <div class='ocr_carea' id='block_1_81' title="bbox 469 5002 2061 5084">
    <p class='ocr_par' dir='ltr' id='par_1_81' title="bbox 469 5002 2061 5084">
     <span class='ocr_line' id='line_1_81' title="bbox 469 5002 2061 5084; baseline -0.001 -17"><span class='ocrx_word' id='word_1_602' title='bbox 469 5022 577 5070; x_wconf 88' lang='lat' dir='ltr'><strong>tem</strong></span> <span class='ocrx_word' id='word_1_603' title='bbox 613 5023 991 5084; x_wconf 85' lang='lat' dir='ltr'><strong>exposcentes.</strong></span> <span class='ocrx_word' id='word_1_604' title='bbox 1053 5011 1131 5067; x_wconf 89' lang='lat' dir='ltr'><strong>llli</strong></span> <span class='ocrx_word' id='word_1_605' title='bbox 1164 5020 1346 5064; x_wconf 87' lang='lat' dir='ltr'><strong>autem</strong></span> <span class='ocrx_word' id='word_1_606' title='bbox 1398 5011 1547 5065; x_wconf 87' lang='lat' dir='ltr'><strong>edito</strong></span> <span class='ocrx_word' id='word_1_607' title='bbox 1586 5020 1641 5065; x_wconf 87' lang='lat' dir='ltr'><strong>et</strong></span> <span class='ocrx_word' id='word_1_608' title='bbox 1676 5002 2061 5081; x_wconf 61' lang='lat' dir='ltr'><strong>conspicuo‘in</strong></span> 
     </span>
    </p>
   </div>
   <div class='ocr_carea' id='block_1_82' title="bbox 467 5102 2063 5184">
    <p class='ocr_par' dir='ltr' id='par_1_82' title="bbox 467 5102 2063 5184">
     <span class='ocr_line' id='line_1_82' title="bbox 467 5102 2063 5184; baseline 0 -27"><span class='ocrx_word' id='word_1_609' title='bbox 467 5105 591 5161; x_wconf 89' lang='lat' dir='ltr'><strong>loco</strong></span> <span class='ocrx_word' id='word_1_610' title='bbox 616 5106 816 5174; x_wconf 78' lang='lat' dir='ltr'><strong>lapillis</strong></span> <span class='ocrx_word' id='word_1_611' title='bbox 846 5102 1140 5169; x_wconf 85' lang='lat' dir='ltr'><strong>tesselatis,</strong></span> <span class='ocrx_word' id='word_1_612' title='bbox 1171 5102 1255 5156; x_wconf 89' lang='lat' dir='ltr'><strong>vel</strong></span> <span class='ocrx_word' id='word_1_613' title='bbox 1284 5103 1653 5158; x_wconf 87' lang='lat' dir='ltr'><strong>marmoribus</strong></span> <span class='ocrx_word' id='word_1_614' title='bbox 1690 5104 2063 5184; x_wconf 63' lang='lat' dir='ltr'><strong>COi-lribtt§v0,</strong></span> 
     </span>
    </p>
   </div>
   <div class='ocr_carea' id='block_1_83' title="bbox 469 5196 2063 5270">
    <p class='ocr_par' dir='ltr' id='par_1_83' title="bbox 469 5196 2063 5270">
     <span class='ocr_line' id='line_1_83' title="bbox 469 5196 2063 5270; baseline -0.001 -17"><span class='ocrx_word' id='word_1_615' title='bbox 469 5200 603 5270; x_wconf 81' lang='lat' dir='ltr'><strong>quin</strong></span> <span class='ocrx_word' id='word_1_616' title='bbox 628 5201 792 5253; x_wconf 91' lang='lat' dir='ltr'><strong>etiam</strong></span> <span class='ocrx_word' id='word_1_617' title='bbox 823 5206 1046 5267; x_wconf 82' lang='lat' dir='ltr'><strong>argento</strong></span> <span class='ocrx_word' id='word_1_618' title='bbox 1069 5210 1217 5250; x_wconf 88' lang='lat' dir='ltr'><strong>mero</strong></span> <span class='ocrx_word' id='word_1_619' title='bbox 1249 5205 1411 5265; x_wconf 86' lang='lat' dir='ltr'><strong>atque</strong></span> <span class='ocrx_word' id='word_1_620' title='bbox 1470 5211 1603 5251; x_wconf 83' lang='lat' dir='ltr'><strong>auro</strong></span> <span class='ocrx_word' id='word_1_621' title='bbox 1656 5196 1721 5251; x_wconf 89' lang='lat' dir='ltr'><strong>ad</strong></span> <span class='ocrx_word' id='word_1_622' title='bbox 1785 5199 2063 5267; x_wconf 89' lang='lat' dir='ltr'><strong>antiquam</strong></span> 
     </span>
    </p>
   </div>
   <div class='ocr_carea' id='block_1_84' title="bbox 473 5285 2064 5358">
    <p class='ocr_par' dir='ltr' id='par_1_84' title="bbox 473 5285 2064 5358">
     <span class='ocr_line' id='line_1_84' title="bbox 473 5285 2064 5358; baseline -0.001 -14"><span class='ocrx_word' id='word_1_623' title='bbox 473 5289 709 5357; x_wconf 77' lang='lat' dir='ltr'><strong>Speciem</strong></span> <span class='ocrx_word' id='word_1_624' title='bbox 745 5286 938 5355; x_wconf 84' lang='lat' dir='ltr'><strong>majori</strong></span> <span class='ocrx_word' id='word_1_625' title='bbox 966 5285 1136 5341; x_wconf 81' lang='lat' dir='ltr'><strong>forma</strong></span> <span class='ocrx_word' id='word_1_626' title='bbox 1189 5287 1476 5358; x_wconf 78' lang='lat' dir='ltr'><strong>magniﬁce</strong></span> <span class='ocrx_word' id='word_1_627' title='bbox 1533 5286 1797 5342; x_wconf 83' lang='lat' dir='ltr'><strong>eﬂ&#39;ormati</strong></span> <span class='ocrx_word' id='word_1_628' title='bbox 1855 5289 2064 5357; x_wconf 70' lang='lat' dir='ltr'><strong>sedent,</strong></span> 
     </span>
    </p>
   </div>
   <div class='ocr_carea' id='block_1_85' title="bbox 474 5379 2068 5448">
    <p class='ocr_par' dir='ltr' id='par_1_85' title="bbox 474 5379 2068 5448">
     <span class='ocr_line' id='line_1_85' title="bbox 474 5379 2068 5448; baseline 0.002 -17"><span class='ocrx_word' id='word_1_629' title='bbox 474 5391 733 5447; x_wconf 85' lang='lat' dir='ltr'><strong>tauquam</strong></span> <span class='ocrx_word' id='word_1_630' title='bbox 765 5394 919 5444; x_wconf 70' lang='lat' dir='ltr'><strong>reges</strong></span> <span class='ocrx_word' id='word_1_631' title='bbox 959 5379 1036 5433; x_wconf 86' lang='lat' dir='ltr'><strong>vel</strong></span> <span class='ocrx_word' id='word_1_632' title='bbox 1069 5379 1363 5448; x_wconf 70' lang='lat' dir='ltr'><strong>principes,</strong></span> <span class='ocrx_word' id='word_1_633' title='bbox 1429 5386 1526 5433; x_wconf 85' lang='lat' dir='ltr'><strong>aut</strong></span> <span class='ocrx_word' id='word_1_634' title='bbox 1587 5394 1906 5435; x_wconf 74' lang='lat' dir='ltr'><strong>communes</strong></span> <span class='ocrx_word' id='word_1_635' title='bbox 1949 5397 2068 5434; x_wconf 88' lang='lat' dir='ltr'><strong>om-</strong></span> 
     </span>
    </p>
   </div>
   <div class='ocr_carea' id='block_1_86' title="bbox 474 5472 2067 5543">
    <p class='ocr_par' dir='ltr' id='par_1_86' title="bbox 474 5472 2067 5543">
     <span class='ocr_line' id='line_1_86' title="bbox 474 5472 2067 5543; baseline 0.001 -16"><span class='ocrx_word' id='word_1_636' title='bbox 474 5475 627 5528; x_wconf 88' lang='lat' dir='ltr'><strong>nium</strong></span> <span class='ocrx_word' id='word_1_637' title='bbox 661 5474 888 5537; x_wconf 89' lang='lat' dir='ltr'><strong>domini,</strong></span> <span class='ocrx_word' id='word_1_638' title='bbox 919 5473 1097 5527; x_wconf 77' lang='lat' dir='ltr'><strong>claves</strong></span> <span class='ocrx_word' id='word_1_639' title='bbox 1142 5472 1343 5542; x_wconf 80' lang='lat' dir='ltr'><strong>ligandi</strong></span> <span class='ocrx_word' id='word_1_640' title='bbox 1387 5472 1741 5540; x_wconf 63' lang='lat' dir='ltr'><strong>solvenilique</strong></span> <span class='ocrx_word' id='word_1_641' title='bbox 1784 5476 2067 5543; x_wconf 73' lang='lat' dir='ltr'><strong>potestatis</strong></span> 
     </span>
    </p>
   </div>
   <div class='ocr_carea' id='block_1_87' title="bbox 475 5566 2071 5638">
    <p class='ocr_par' dir='ltr' id='par_1_87' title="bbox 475 5566 2071 5638">
     <span class='ocr_line' id='line_1_87' title="bbox 475 5566 2071 5638; baseline -0.003 -18"><span class='ocrx_word' id='word_1_642' title='bbox 475 5566 788 5636; x_wconf 79' lang='lat' dir='ltr'><strong>symbolum</strong></span> <span class='ocrx_word' id='word_1_643' title='bbox 812 5573 1082 5638; x_wconf 79' lang='lat' dir='ltr'><strong>gerentes.</strong></span> <span class='ocrx_word' id='word_1_644' title='bbox 1141 5566 1469 5634; x_wconf 76' lang='lat' dir='ltr'><strong>signumque</strong></span> <span class='ocrx_word' id='word_1_645' title='bbox 1520 5566 1734 5619; x_wconf 84' lang='lat' dir='ltr'><strong>virtutis</strong></span> <span class='ocrx_word' id='word_1_646' title='bbox 1768 5577 1822 5619; x_wconf 90' lang='lat' dir='ltr'><strong>et</strong></span> <span class='ocrx_word' id='word_1_647' title='bbox 1885 5576 2071 5619; x_wconf 78' lang='lat' dir='ltr'><strong>aucto-</strong></span> 
     </span>
    </p>
   </div>
   <div class='ocr_carea' id='block_1_88' title="bbox 479 5656 2066 5728">
    <p class='ocr_par' dir='ltr' id='par_1_88' title="bbox 479 5656 2066 5728">
     <span class='ocr_line' id='line_1_88' title="bbox 479 5656 2066 5728; baseline -0.001 -17"><span class='ocrx_word' id='word_1_648' title='bbox 479 5657 662 5712; x_wconf 86' lang='lat' dir='ltr'><strong>ritatis</strong></span> <span class='ocrx_word' id='word_1_649' title='bbox 690 5657 810 5727; x_wconf 85' lang='lat' dir='ltr'><strong>ejus</strong></span> <span class='ocrx_word' id='word_1_650' title='bbox 868 5658 963 5727; x_wconf 90' lang='lat' dir='ltr'><strong>qui</strong></span> <span class='ocrx_word' id='word_1_651' title='bbox 1004 5665 1328 5727; x_wconf 85' lang='lat' dir='ltr'><strong>potestatein</strong></span> <span class='ocrx_word' id='word_1_652' title='bbox 1378 5658 1526 5710; x_wconf 89' lang='lat' dir='ltr'><strong>illam</strong></span> <span class='ocrx_word' id='word_1_653' title='bbox 1593 5656 1764 5713; x_wconf 80' lang='lat' dir='ltr'><strong>dedit.</strong></span> <span class='ocrx_word' id='word_1_654' title='bbox 1795 5658 1855 5711; x_wconf 84' lang='lat' dir='ltr'><strong>Et</strong></span> <span class='ocrx_word' id='word_1_655' title='bbox 1882 5657 2066 5728; x_wconf 87' lang='lat' dir='ltr'><strong>populi</strong></span> 
     </span>
    </p>
   </div>
   <div class='ocr_carea' id='block_1_89' title="bbox 483 5746 2064 5818">
    <p class='ocr_par' dir='ltr' id='par_1_89' title="bbox 483 5746 2064 5818">
     <span class='ocr_line' id='line_1_89' title="bbox 483 5746 2064 5818; baseline 0.002 -18"><span class='ocrx_word' id='word_1_656' title='bbox 483 5747 700 5816; x_wconf 86' lang='lat' dir='ltr'><strong>quidem</strong></span> <span class='ocrx_word' id='word_1_657' title='bbox 743 5746 1001 5813; x_wconf 83' lang='lat' dir='ltr'><strong>Romani,</strong></span> <span class='ocrx_word' id='word_1_658' title='bbox 1061 5758 1157 5803; x_wconf 90' lang='lat' dir='ltr'><strong>aut</strong></span> <span class='ocrx_word' id='word_1_659' title='bbox 1205 5747 1333 5804; x_wconf 76' lang='lat' dir='ltr'><strong>Julii</strong></span> <span class='ocrx_word' id='word_1_660' title='bbox 1390 5749 1645 5817; x_wconf 67' lang='lat' dir='ltr'><strong>Caesaris,</strong></span> <span class='ocrx_word' id='word_1_661' title='bbox 1676 5751 1756 5807; x_wconf 86' lang='lat' dir='ltr'><strong>vel</strong></span> <span class='ocrx_word' id='word_1_662' title='bbox 1810 5751 2064 5818; x_wconf 69' lang='lat' dir='ltr'><strong>Augusti,</strong></span> 
     </span>
    </p>
   </div>
   <div class='ocr_carea' id='block_1_90' title="bbox 488 5840 2059 5912">
    <p class='ocr_par' dir='ltr' id='par_1_90' title="bbox 488 5840 2059 5912">
     <span class='ocr_line' id='line_1_90' title="bbox 488 5840 2059 5912; baseline 0 -17"><span class='ocrx_word' id='word_1_663' title='bbox 488 5840 572 5895; x_wconf 72' lang='lat' dir='ltr'><strong>Vel</strong></span> <span class='ocrx_word' id='word_1_664' title='bbox 610 5840 987 5912; x_wconf 82' lang='lat' dir='ltr'><strong>cujuscunque</strong></span> <span class='ocrx_word' id='word_1_665' title='bbox 1021 5842 1248 5896; x_wconf 84' lang='lat' dir='ltr'><strong>alterius</strong></span> <span class='ocrx_word' id='word_1_666' title='bbox 1281 5853 1635 5898; x_wconf 84' lang='lat' dir='ltr'><strong>monumenta</strong></span> <span class='ocrx_word' id='word_1_667' title='bbox 1676 5842 1839 5897; x_wconf 82' lang='lat' dir='ltr'><strong>ctiam</strong></span> <span class='ocrx_word' id='word_1_668' title='bbox 1885 5844 1969 5895; x_wconf 83' lang='lat' dir='ltr'><strong>bic</strong></span> <span class='ocrx_word' id='word_1_669' title='bbox 2007 5842 2059 5895; x_wconf 89' lang='lat' dir='ltr'><strong>in</strong></span> 
     </span>
    </p>
   </div>
   <div class='ocr_carea' id='block_1_91' title="bbox 2166 3269 3751 3346">
    <p class='ocr_par' dir='ltr' id='par_1_91' title="bbox 2166 3269 3751 3346">
     <span class='ocr_line' id='line_1_91' title="bbox 2166 3269 3751 3346; baseline 0.003 -23"><span class='ocrx_word' id='word_1_670' title='bbox 2166 3270 2274 3323; x_wconf 87' lang='grc' dir='ltr'><strong>τῶν</strong></span> <span class='ocrx_word' id='word_1_671' title='bbox 2307 3270 2464 3324; x_wconf 86' lang='grc' dir='ltr'><strong>ἀντία</strong></span> <span class='ocrx_word' id='word_1_672' title='bbox 2489 3270 2597 3323; x_wconf 90' lang='grc' dir='ltr'><strong>τῶν</strong></span> <span class='ocrx_word' id='word_1_673' title='bbox 2629 3269 2846 3339; x_wconf 81' lang='grc' dir='ltr'><strong>ἀληθῶν</strong></span> <span class='ocrx_word' id='word_1_674' title='bbox 2882 3270 3280 3338; x_wconf 81' lang='grc' dir='ltr'><strong>δεισιδαιμονία</strong></span> <span class='ocrx_word' id='word_1_675' title='bbox 3329 3289 3387 3325; x_wconf 88' lang='grc' dir='ltr'><strong>τε</strong></span> <span class='ocrx_word' id='word_1_676' title='bbox 3421 3275 3516 3327; x_wconf 78' lang='grc' dir='ltr'><strong>καὶ</strong></span> <span class='ocrx_word' id='word_1_677' title='bbox 3551 3276 3751 3346; x_wconf 84' lang='grc' dir='ltr'><strong>πλάνη,</strong></span> 
     </span>
    </p>
   </div>
   <div class='ocr_carea' id='block_1_92' title="bbox 2164 3361 3747 3433">
    <p class='ocr_par' dir='ltr' id='par_1_92' title="bbox 2164 3361 3747 3433">
     <span class='ocr_line' id='line_1_92' title="bbox 2164 3361 3747 3433; baseline 0.002 -17"><span class='ocrx_word' id='word_1_678' title='bbox 2164 3363 2265 3433; x_wconf 83' lang='grc' dir='ltr'><strong>ὅση</strong></span> <span class='ocrx_word' id='word_1_679' title='bbox 2297 3362 2446 3432; x_wconf 79' lang='grc' dir='ltr'><strong>παρὰ</strong></span> <span class='ocrx_word' id='word_1_680' title='bbox 2501 3362 2613 3415; x_wconf 88' lang='grc' dir='ltr'><strong>τῶν</strong></span> <span class='ocrx_word' id='word_1_681' title='bbox 2662 3363 2753 3415; x_wconf 76' lang='grc' dir='ltr'><strong>ἐπὶ</strong></span> <span class='ocrx_word' id='word_1_682' title='bbox 2807 3362 3018 3424; x_wconf 86' lang='grc' dir='ltr'><strong>τούτοις</strong></span> <span class='ocrx_word' id='word_1_683' title='bbox 3072 3361 3330 3429; x_wconf 79' lang='grc' dir='ltr'><strong>εἰδώλων,</strong></span> <span class='ocrx_word' id='word_1_684' title='bbox 3381 3366 3476 3417; x_wconf 70' lang='grc' dir='ltr'><strong>καὶ</strong></span> <span class='ocrx_word' id='word_1_685' title='bbox 3518 3365 3747 3430; x_wconf 65' lang='grc' dir='ltr'><strong>ξοάνων,</strong></span> 
     </span>
    </p>
   </div>
   <div class='ocr_carea' id='block_1_93' title="bbox 2165 3454 3751 3513">
    <p class='ocr_par' dir='ltr' id='par_1_93' title="bbox 2165 3454 3751 3513">
     <span class='ocr_line' id='line_1_93' title="bbox 2165 3454 3751 3513; baseline 0.004 -6"><span class='ocrx_word' id='word_1_686' title='bbox 2165 3456 2259 3509; x_wconf 84' lang='grc' dir='ltr'><strong>καὶ</strong></span> <span class='ocrx_word' id='word_1_687' title='bbox 2290 3456 2433 3509; x_wconf 84' lang='grc' dir='ltr'><strong>ναῶν</strong></span> <span class='ocrx_word' id='word_1_688' title='bbox 2487 3455 2712 3508; x_wconf 90' lang='grc' dir='ltr'><strong>δύναται</strong></span> <span class='ocrx_word' id='word_1_689' title='bbox 2744 3454 3080 3510; x_wconf 79' lang='grc' dir='ltr'><strong>δείκνυσθαι.</strong></span> <span class='ocrx_word' id='word_1_690' title='bbox 3123 3457 3288 3511; x_wconf 83' lang='grc' dir='ltr'><strong>Ὅθεν</strong></span> <span class='ocrx_word' id='word_1_691' title='bbox 3336 3460 3402 3510; x_wconf 78' lang='grc' dir='ltr'><strong>τὰ</strong></span> <span class='ocrx_word' id='word_1_692' title='bbox 3446 3459 3589 3512; x_wconf 83' lang='grc' dir='ltr'><strong>κατὰ</strong></span> <span class='ocrx_word' id='word_1_693' title='bbox 3641 3460 3751 3513; x_wconf 88' lang='grc' dir='ltr'><strong>τῶν</strong></span> 
     </span>
    </p>
   </div>
   <div class='ocr_carea' id='block_1_94' title="bbox 2164 3545 3752 3621">
    <p class='ocr_par' dir='ltr' id='par_1_94' title="bbox 2164 3545 3752 3621">
     <span class='ocr_line' id='line_1_94' title="bbox 2164 3545 3752 3621; baseline 0.004 -21"><span class='ocrx_word' id='word_1_694' title='bbox 2164 3545 2512 3618; x_wconf 85' lang='grc' dir='ltr'><strong>Χριστιανῶν</strong></span> <span class='ocrx_word' id='word_1_695' title='bbox 2580 3547 2903 3618; x_wconf 83' lang='grc' dir='ltr'><strong>ἁπανταχοῦ</strong></span> <span class='ocrx_word' id='word_1_696' title='bbox 2949 3549 3050 3616; x_wconf 82' lang='grc' dir='ltr'><strong>τῆς</strong></span> <span class='ocrx_word' id='word_1_697' title='bbox 3106 3552 3437 3621; x_wconf 81' lang='grc' dir='ltr'><strong>οἰκουμένης</strong></span> <span class='ocrx_word' id='word_1_698' title='bbox 3498 3552 3752 3621; x_wconf 86' lang='grc' dir='ltr'><strong>δόγματα</strong></span> 
     </span>
    </p>
   </div>
   <div class='ocr_carea' id='block_1_95' title="bbox 2166 3641 3751 3715">
    <p class='ocr_par' dir='ltr' id='par_1_95' title="bbox 2166 3641 3751 3715">
     <span class='ocr_line' id='line_1_95' title="bbox 2166 3641 3751 3715; baseline 0.004 -23"><span class='ocrx_word' id='word_1_699' title='bbox 2166 3641 2447 3711; x_wconf 73' lang='grc' dir='ltr'><strong>ἐφέροντο,</strong></span> <span class='ocrx_word' id='word_1_700' title='bbox 2504 3641 2597 3693; x_wconf 70' lang='grc' dir='ltr'><strong>καλ⁸</strong></span> <span class='ocrx_word' id='word_1_701' title='bbox 2632 3641 2682 3693; x_wconf 83' lang='grc' dir='ltr'><strong>οἱ</strong></span> <span class='ocrx_word' id='word_1_702' title='bbox 2720 3642 2863 3693; x_wconf 79' lang='grc' dir='ltr'><strong>κατὰ</strong></span> <span class='ocrx_word' id='word_1_703' title='bbox 2908 3642 3117 3695; x_wconf 82' lang='grc' dir='ltr'><strong>τούτων</strong></span> <span class='ocrx_word' id='word_1_704' title='bbox 3166 3644 3353 3711; x_wconf 67' lang='grc' dir='ltr'><strong>δήμιοι</strong></span> <span class='ocrx_word' id='word_1_705' title='bbox 3416 3647 3751 3715; x_wconf 79' lang='grc' dir='ltr'><strong>ἐπέμποντο.</strong></span> 
     </span>
    </p>
   </div>
   <div class='ocr_carea' id='block_1_96' title="bbox 2166 3726 3756 3802">
    <p class='ocr_par' dir='ltr' id='par_1_96' title="bbox 2166 3726 3756 3802">
     <span class='ocr_line' id='line_1_96' title="bbox 2166 3726 3756 3802; baseline 0.004 -17"><span class='ocrx_word' id='word_1_706' title='bbox 2166 3731 2344 3786; x_wconf 79' lang='grc' dir='ltr'><strong>Ὅπου</strong></span> <span class='ocrx_word' id='word_1_707' title='bbox 2375 3726 2476 3784; x_wconf 74' lang='grc' dir='ltr'><strong>ὧδε</strong></span> <span class='ocrx_word' id='word_1_708' title='bbox 2525 3732 2627 3801; x_wconf 78' lang='grc' dir='ltr'><strong>μὲν</strong></span> <span class='ocrx_word' id='word_1_709' title='bbox 2657 3732 2915 3800; x_wconf 83' lang='grc' dir='ltr'><strong>Νέρωνος</strong></span> <span class='ocrx_word' id='word_1_710' title='bbox 2961 3734 3056 3785; x_wconf 83' lang='grc' dir='ltr'><strong>τοῦ</strong></span> <span class='ocrx_word' id='word_1_711' title='bbox 3092 3736 3348 3802; x_wconf 67' lang='grc' dir='ltr'><strong>σφαγέως</strong></span> <span class='ocrx_word' id='word_1_712' title='bbox 3389 3738 3627 3801; x_wconf 73' lang='grc' dir='ltr'><strong>ἐκείνου,</strong></span> <span class='ocrx_word' id='word_1_713' title='bbox 3663 3741 3756 3792; x_wconf 77' lang='grc' dir='ltr'><strong>καὶ</strong></span> 
     </span>
    </p>
   </div>
   <div class='ocr_carea' id='block_1_97' title="bbox 2165 3822 3757 3897">
    <p class='ocr_par' dir='ltr' id='par_1_97' title="bbox 2165 3822 3757 3897">
     <span class='ocr_line' id='line_1_97' title="bbox 2165 3822 3757 3897; baseline 0.003 -18"><span class='ocrx_word' id='word_1_714' title='bbox 2165 3826 2406 3889; x_wconf 78' lang='grc' dir='ltr'><strong>ἀνοσίου,</strong></span> <span class='ocrx_word' id='word_1_715' title='bbox 2463 3823 2696 3879; x_wconf 70' lang='grc' dir='ltr'><strong>ἐνταῦθα</strong></span> <span class='ocrx_word' id='word_1_716' title='bbox 2730 3824 2787 3877; x_wconf 83' lang='grc' dir='ltr'><strong>δὲ</strong></span> <span class='ocrx_word' id='word_1_717' title='bbox 2836 3826 3257 3895; x_wconf 80' lang='grc' dir='ltr'><strong>Διοκλητιανοῦ,</strong></span> <span class='ocrx_word' id='word_1_718' title='bbox 3305 3822 3500 3897; x_wconf 77' lang='grc' dir='ltr'><strong>ἐκείνῳ</strong></span> <span class='ocrx_word' id='word_1_719' title='bbox 3538 3828 3594 3882; x_wconf 84' lang='grc' dir='ltr'><strong>δὲ</strong></span> <span class='ocrx_word' id='word_1_720' title='bbox 3631 3831 3757 3884; x_wconf 82' lang='grc' dir='ltr'><strong>Μα-</strong></span> 
     </span>
    </p>
   </div>
   <div class='ocr_carea' id='block_1_98' title="bbox 2165 3918 3761 3991">
    <p class='ocr_par' dir='ltr' id='par_1_98' title="bbox 2165 3918 3761 3991">
     <span class='ocr_line' id='line_1_98' title="bbox 2165 3918 3761 3991; baseline 0.003 -20"><span class='ocrx_word' id='word_1_721' title='bbox 2165 3919 2422 3988; x_wconf 78' lang='grc' dir='ltr'><strong>ξιμιανοῦ</strong></span> <span class='ocrx_word' id='word_1_722' title='bbox 2474 3919 2582 3972; x_wconf 90' lang='grc' dir='ltr'><strong>τῶν</strong></span> <span class='ocrx_word' id='word_1_723' title='bbox 2636 3918 2884 3973; x_wconf 82' lang='grc' dir='ltr'><strong>διωκτῶν</strong></span> <span class='ocrx_word' id='word_1_724' title='bbox 2938 3922 3440 3984; x_wconf 82' lang='grc' dir='ltr'><strong>καταπεπτωκότες</strong></span> <span class='ocrx_word' id='word_1_725' title='bbox 3495 3922 3595 3991; x_wconf 65' lang='grc' dir='ltr'><strong>ἤδη</strong></span> <span class='ocrx_word' id='word_1_726' title='bbox 3660 3923 3761 3976; x_wconf 74' lang='grc' dir='ltr'><strong>καὶ</strong></span> 
     </span>
    </p>
   </div>
   <div class='ocr_carea' id='block_1_99' title="bbox 2163 4011 3761 4082">
    <p class='ocr_par' dir='ltr' id='par_1_99' title="bbox 2163 4011 3761 4082">
     <span class='ocr_line' id='line_1_99' title="bbox 2163 4011 3761 4082; baseline 0.001 -18"><span class='ocrx_word' id='word_1_727' title='bbox 2163 4014 2616 4079; x_wconf 60' lang='grc' dir='ltr'><strong>κατασκαφέ-λτες</strong></span> <span class='ocrx_word' id='word_1_728' title='bbox 2675 4011 2953 4080; x_wconf 83' lang='grc' dir='ltr'><strong>θάλαμοι,</strong></span> <span class='ocrx_word' id='word_1_729' title='bbox 3023 4012 3119 4065; x_wconf 69' lang='grc' dir='ltr'><strong>καὶ</strong></span> <span class='ocrx_word' id='word_1_730' title='bbox 3171 4013 3589 4082; x_wconf 68' lang='grc' dir='ltr'><strong>λεὶωδημέναι,</strong></span> <span class='ocrx_word' id='word_1_731' title='bbox 3660 4018 3761 4070; x_wconf 63' lang='grc' dir='ltr'><strong>καὶ</strong></span> 
     </span>
    </p>
   </div>
   <div class='ocr_carea' id='block_1_100' title="bbox 2167 4104 3764 4175">
    <p class='ocr_par' dir='ltr' id='par_1_100' title="bbox 2167 4104 3764 4175">
     <span class='ocr_line' id='line_1_100' title="bbox 2167 4104 3764 4175; baseline 0.003 -18"><span class='ocrx_word' id='word_1_732' title='bbox 2167 4106 2501 4175; x_wconf 76' lang='grc' dir='ltr'><strong>ἡμιρραγείς</strong></span> <span class='ocrx_word' id='word_1_733' title='bbox 2528 4104 2726 4171; x_wconf 77' lang='grc' dir='ltr'><strong>στῆλαι</strong></span> <span class='ocrx_word' id='word_1_734' title='bbox 2758 4104 3018 4173; x_wconf 80' lang='grc' dir='ltr'><strong>ὁρῶνται.</strong></span> <span class='ocrx_word' id='word_1_735' title='bbox 3053 4105 3227 4166; x_wconf 44' lang='grc' dir='ltr'><strong>,Ἀλλὰ</strong></span> <span class='ocrx_word' id='word_1_736' title='bbox 3254 4105 3460 4167; x_wconf 76' lang='grc' dir='ltr'><strong>ταύτας</strong></span> <span class='ocrx_word' id='word_1_737' title='bbox 3502 4108 3622 4174; x_wconf 78' lang='grc' dir='ltr'><strong>μὲν,</strong></span> <span class='ocrx_word' id='word_1_738' title='bbox 3658 4111 3764 4163; x_wconf 85' lang='grc' dir='ltr'><strong>καὶ</strong></span> 
     </span>
    </p>
   </div>
   <div class='ocr_carea' id='block_1_101' title="bbox 2163 4190 3767 4265">
    <p class='ocr_par' dir='ltr' id='par_1_101' title="bbox 2163 4190 3767 4265">
     <span class='ocr_line' id='line_1_101' title="bbox 2163 4190 3767 4265; baseline 0.003 -16"><span class='ocrx_word' id='word_1_739' title='bbox 2163 4198 2342 4251; x_wconf 86' lang='grc' dir='ltr'><strong>ταῦτα</strong></span> <span class='ocrx_word' id='word_1_740' title='bbox 2395 4195 2663 4265; x_wconf 75' lang='grc' dir='ltr'><strong>βασιλέων</strong></span> <span class='ocrx_word' id='word_1_741' title='bbox 2705 4196 3033 4262; x_wconf 80' lang='grc' dir='ltr'><strong>γενομένας,</strong></span> <span class='ocrx_word' id='word_1_742' title='bbox 3077 4190 3175 4249; x_wconf 74' lang='grc' dir='ltr'><strong>καὶ</strong></span> <span class='ocrx_word' id='word_1_743' title='bbox 3218 4198 3417 4260; x_wconf 83' lang='grc' dir='ltr'><strong>αὐτούς</strong></span> <span class='ocrx_word' id='word_1_744' title='bbox 3467 4216 3598 4252; x_wconf 84' lang='grc' dir='ltr'><strong>ποτε</strong></span> <span class='ocrx_word' id='word_1_745' title='bbox 3652 4217 3767 4253; x_wconf 89' lang='grc' dir='ltr'><strong>πα-</strong></span> 
     </span>
    </p>
   </div>
   <div class='ocr_carea' id='block_1_102' title="bbox 2170 4288 3764 4363">
    <p class='ocr_par' dir='ltr' id='par_1_102' title="bbox 2170 4288 3764 4363">
     <span class='ocr_line' id='line_1_102' title="bbox 2170 4288 3764 4363; baseline 0.003 -21"><span class='ocrx_word' id='word_1_746' title='bbox 2170 4288 2632 4360; x_wconf 82' lang='grc' dir='ltr'><strong>ραστησαμένων,</strong></span> <span class='ocrx_word' id='word_1_747' title='bbox 2667 4288 2762 4340; x_wconf 79' lang='grc' dir='ltr'><strong>καὶ</strong></span> <span class='ocrx_word' id='word_1_748' title='bbox 2800 4289 3273 4359; x_wconf 84' lang='grc' dir='ltr'><strong>δουλευσαμένων,</strong></span> <span class='ocrx_word' id='word_1_749' title='bbox 3308 4293 3764 4363; x_wconf 72' lang='grc' dir='ltr'><strong>παρατρέχουσυ</strong></span> 
     </span>
    </p>
   </div>
   <div class='ocr_carea' id='block_1_103' title="bbox 2167 4381 3775 4451">
    <p class='ocr_par' dir='ltr' id='par_1_103' title="bbox 2167 4381 3775 4451">
     <span class='ocr_line' id='line_1_103' title="bbox 2167 4381 3775 4451; baseline 0.003 -18"><span class='ocrx_word' id='word_1_750' title='bbox 2167 4382 2261 4434; x_wconf 79' lang='grc' dir='ltr'><strong>καὶ</strong></span> <span class='ocrx_word' id='word_1_751' title='bbox 2295 4381 2346 4434; x_wconf 87' lang='grc' dir='ltr'><strong>τί</strong></span> <span class='ocrx_word' id='word_1_752' title='bbox 2393 4381 2539 4448; x_wconf 80' lang='grc' dir='ltr'><strong>λέγω</strong></span> <span class='ocrx_word' id='word_1_753' title='bbox 2596 4383 3048 4451; x_wconf 80' lang='grc' dir='ltr'><strong>παρατρέχουσις</strong></span> <span class='ocrx_word' id='word_1_754' title='bbox 3100 4383 3306 4451; x_wconf 79' lang='grc' dir='ltr'><strong>μᾶλλον</strong></span> <span class='ocrx_word' id='word_1_755' title='bbox 3365 4386 3466 4451; x_wconf 75' lang='grc' dir='ltr'><strong>μὲν</strong></span> <span class='ocrx_word' id='word_1_756' title='bbox 3513 4381 3606 4438; x_wconf 83' lang='grc' dir='ltr'><strong>οὖν</strong></span> <span class='ocrx_word' id='word_1_757' title='bbox 3657 4384 3775 4451; x_wconf 71' lang='grc' dir='ltr'><strong>λὰξ</strong></span> 
     </span>
    </p>
   </div>
   <div class='ocr_carea' id='block_1_104' title="bbox 2165 4471 3771 4544">
    <p class='ocr_par' dir='ltr' id='par_1_104' title="bbox 2165 4471 3771 4544">
     <span class='ocr_line' id='line_1_104' title="bbox 2165 4471 3771 4544; baseline 0.001 -18"><span class='ocrx_word' id='word_1_758' title='bbox 2165 4472 2495 4534; x_wconf 82' lang='grc' dir='ltr'><strong>ἐνάλλονται,</strong></span> <span class='ocrx_word' id='word_1_759' title='bbox 2529 4475 2621 4525; x_wconf 65' lang='grc' dir='ltr'><strong>καὶ</strong></span> <span class='ocrx_word' id='word_1_760' title='bbox 2654 4471 2761 4536; x_wconf 79' lang='grc' dir='ltr'><strong>πὺξ</strong></span> <span class='ocrx_word' id='word_1_761' title='bbox 2795 4474 3040 4534; x_wconf 84' lang='grc' dir='ltr'><strong>παίουσι,</strong></span> <span class='ocrx_word' id='word_1_762' title='bbox 3086 4473 3178 4526; x_wconf 52' lang='grc' dir='ltr'><strong>καὶ</strong></span> <span class='ocrx_word' id='word_1_763' title='bbox 3219 4489 3282 4524; x_wconf 83' lang='grc' dir='ltr'><strong>πε</strong></span> <span class='ocrx_word' id='word_1_764' title='bbox 3297 4474 3771 4544; x_wconf 70' lang='grc' dir='ltr'><strong>ριρῤηγνύουσιν,</strong></span> 
     </span>
    </p>
   </div>
   <div class='ocr_carea' id='block_1_105' title="bbox 2170 4562 3771 4634">
    <p class='ocr_par' dir='ltr' id='par_1_105' title="bbox 2170 4562 3771 4634">
     <span class='ocr_line' id='line_1_105' title="bbox 2170 4562 3771 4634; baseline 0.002 -16"><span class='ocrx_word' id='word_1_765' title='bbox 2170 4565 2363 4634; x_wconf 85' lang='grc' dir='ltr'><strong>ὥσπερ</strong></span> <span class='ocrx_word' id='word_1_766' title='bbox 2416 4562 2592 4627; x_wconf 77' lang='grc' dir='ltr'><strong>εἶπον,</strong></span> <span class='ocrx_word' id='word_1_767' title='bbox 2627 4565 2720 4616; x_wconf 73' lang='grc' dir='ltr'><strong>καὶ</strong></span> <span class='ocrx_word' id='word_1_768' title='bbox 2749 4564 3147 4628; x_wconf 73' lang='grc' dir='ltr'><strong>καταπτύουσι,</strong></span> <span class='ocrx_word' id='word_1_769' title='bbox 3196 4567 3287 4617; x_wconf 63' lang='lat' dir='ltr'><strong>xui.</strong></span> <span class='ocrx_word' id='word_1_770' title='bbox 3342 4565 3723 4633; x_wconf 80' lang='grc' dir='ltr'><strong>ἀνατρέπουσι</strong></span> <span class='ocrx_word' id='word_1_771' title='bbox 3753 4584 3771 4598; x_wconf 84' lang='grc'><em>’</em></span> 
     </span>
    </p>
   </div>
   <div class='ocr_carea' id='block_1_106' title="bbox 2168 4658 3777 4727">
    <p class='ocr_par' dir='ltr' id='par_1_106' title="bbox 2168 4658 3777 4727">
     <span class='ocr_line' id='line_1_106' title="bbox 2168 4658 3777 4727; baseline 0.001 -16"><span class='ocrx_word' id='word_1_772' title='bbox 2168 4658 2382 4720; x_wconf 87' lang='grc' dir='ltr'><strong>τούτοις</strong></span> <span class='ocrx_word' id='word_1_773' title='bbox 2413 4658 2470 4711; x_wconf 78' lang='grc' dir='ltr'><strong>δὲ</strong></span> <span class='ocrx_word' id='word_1_774' title='bbox 2507 4658 2751 4719; x_wconf 83' lang='grc' dir='ltr'><strong>πένουσι,</strong></span> <span class='ocrx_word' id='word_1_775' title='bbox 2791 4659 2885 4710; x_wconf 67' lang='grc' dir='ltr'><strong>καὶ</strong></span> <span class='ocrx_word' id='word_1_776' title='bbox 2915 4658 3257 4719; x_wconf 67' lang='grc' dir='ltr'><strong>ἀλλυδαποῖς,</strong></span> <span class='ocrx_word' id='word_1_777' title='bbox 3301 4659 3504 4727; x_wconf 77' lang='grc' dir='ltr'><strong>μᾶλλον</strong></span> <span class='ocrx_word' id='word_1_778' title='bbox 3533 4658 3588 4712; x_wconf 77' lang='grc' dir='ltr'><strong>δὲ</strong></span> <span class='ocrx_word' id='word_1_779' title='bbox 3629 4659 3777 4713; x_wconf 65' lang='lat'><strong>606-</strong></span> 
     </span>
    </p>
   </div>
   <div class='ocr_carea' id='block_1_107' title="bbox 2168 4749 3779 4820">
    <p class='ocr_par' dir='ltr' id='par_1_107' title="bbox 2168 4749 3779 4820">
     <span class='ocr_line' id='line_1_107' title="bbox 2168 4749 3779 4820; baseline -0.009 -16"><span class='ocrx_word' id='word_1_780' title='bbox 2168 4750 2302 4813; x_wconf 86' lang='grc' dir='ltr'><strong>λοις,</strong></span> <span class='ocrx_word' id='word_1_781' title='bbox 2345 4752 2437 4802; x_wconf 70' lang='grc' dir='ltr'><strong>καὶ</strong></span> <span class='ocrx_word' id='word_1_782' title='bbox 2491 4749 2758 4820; x_wconf 86' lang='grc' dir='ltr'><strong>ὑπηκόοις</strong></span> <span class='ocrx_word' id='word_1_783' title='bbox 2791 4752 3039 4814; x_wconf 78' lang='grc' dir='ltr'><strong>ἐκείνων,</strong></span> <span class='ocrx_word' id='word_1_784' title='bbox 3074 4750 3172 4819; x_wconf 83' lang='grc' dir='ltr'><strong>τὴν</strong></span> <span class='ocrx_word' id='word_1_785' title='bbox 3222 4750 3499 4802; x_wconf 76' lang='grc' dir='ltr'><strong>πολιτείαν</strong></span> <span class='ocrx_word' id='word_1_786' title='bbox 3552 4753 3649 4803; x_wconf 62' lang='grc' dir='ltr'><strong>καὶ</strong></span> <span class='ocrx_word' id='word_1_787' title='bbox 3701 4754 3779 4804; x_wconf 68' lang='grc' dir='ltr'>τδ</span> 
     </span>
    </p>
   </div>
   <div class='ocr_carea' id='block_1_108' title="bbox 2170 4840 3781 4911">
    <p class='ocr_par' dir='ltr' id='par_1_108' title="bbox 2170 4840 3781 4911">
     <span class='ocr_line' id='line_1_108' title="bbox 2170 4840 3781 4911; baseline 0 -18"><span class='ocrx_word' id='word_1_788' title='bbox 2170 4842 2321 4904; x_wconf 72' lang='grc' dir='ltr'><strong>ἔθνος</strong></span> <span class='ocrx_word' id='word_1_789' title='bbox 2343 4841 2681 4911; x_wconf 82' lang='grc' dir='ltr'><strong>γενομένοις,</strong></span> <span class='ocrx_word' id='word_1_790' title='bbox 2708 4844 3056 4911; x_wconf 81' lang='grc' dir='ltr'><strong>σκηνοποιοῖς</strong></span> <span class='ocrx_word' id='word_1_791' title='bbox 3085 4842 3179 4893; x_wconf 79' lang='grc' dir='ltr'><strong>καὶ</strong></span> <span class='ocrx_word' id='word_1_792' title='bbox 3209 4840 3446 4904; x_wconf 80' lang='grc' dir='ltr'><strong>ἁλιεῦσι,</strong></span> <span class='ocrx_word' id='word_1_793' title='bbox 3476 4841 3597 4909; x_wconf 77' lang='grc' dir='ltr'><strong>μεθ’</strong></span> <span class='ocrx_word' id='word_1_794' title='bbox 3621 4841 3781 4911; x_wconf 78' lang='grc' dir='ltr'><strong>ὅσης</strong></span> 
     </span>
    </p>
   </div>
   <div class='ocr_carea' id='block_1_109' title="bbox 2171 4928 3783 4999">
    <p class='ocr_par' dir='ltr' id='par_1_109' title="bbox 2171 4928 3783 4999">
     <span class='ocr_line' id='line_1_109' title="bbox 2171 4928 3783 4999; baseline 0 -18"><span class='ocrx_word' id='word_1_795' title='bbox 2171 4929 2236 4981; x_wconf 88' lang='grc' dir='ltr'><strong>ἂν</strong></span> <span class='ocrx_word' id='word_1_796' title='bbox 2264 4930 2410 4981; x_wconf 79' lang='grc' dir='ltr'><strong>εἴποι</strong></span> <span class='ocrx_word' id='word_1_797' title='bbox 2440 4946 2522 4992; x_wconf 90' lang='grc' dir='ltr'><strong>τις</strong></span> <span class='ocrx_word' id='word_1_798' title='bbox 2549 4930 2795 4999; x_wconf 75' lang='grc' dir='ltr'><strong>τέρψεως</strong></span> <span class='ocrx_word' id='word_1_799' title='bbox 2823 4928 2916 4982; x_wconf 79' lang='grc' dir='ltr'><strong>καὶ</strong></span> <span class='ocrx_word' id='word_1_800' title='bbox 2950 4929 3165 4999; x_wconf 77' lang='grc' dir='ltr'><strong>ἡδονῆς,</strong></span> <span class='ocrx_word' id='word_1_801' title='bbox 3195 4932 3244 4981; x_wconf 86' lang='grc' dir='ltr'><strong>εἰ</strong></span> <span class='ocrx_word' id='word_1_802' title='bbox 3282 4930 3337 4982; x_wconf 78' lang='grc' dir='ltr'><strong>δὲ</strong></span> <span class='ocrx_word' id='word_1_803' title='bbox 3378 4929 3560 4998; x_wconf 80' lang='grc' dir='ltr'><strong>βούλει</strong></span> <span class='ocrx_word' id='word_1_804' title='bbox 3596 4947 3783 4998; x_wconf 87' lang='grc' dir='ltr'><strong>στερ-</strong></span> 
     </span>
    </p>
   </div>
   <div class='ocr_carea' id='block_1_110' title="bbox 2169 5020 3779 5088">
    <p class='ocr_par' dir='ltr' id='par_1_110' title="bbox 2169 5020 3779 5088">
     <span class='ocr_line' id='line_1_110' title="bbox 2169 5020 3779 5088; baseline 0.001 -15"><span class='ocrx_word' id='word_1_805' title='bbox 2169 5022 2452 5083; x_wconf 82' lang='grc' dir='ltr'><strong>νοτυπίας,</strong></span> <span class='ocrx_word' id='word_1_806' title='bbox 2488 5021 2582 5073; x_wconf 75' lang='grc' dir='ltr'><strong>καὶ</strong></span> <span class='ocrx_word' id='word_1_807' title='bbox 2617 5020 2931 5084; x_wconf 80' lang='grc' dir='ltr'><strong>εὐλαϐείας,</strong></span> <span class='ocrx_word' id='word_1_808' title='bbox 2973 5021 3071 5072; x_wconf 78' lang='grc' dir='ltr'><strong>καὶ</strong></span> <span class='ocrx_word' id='word_1_809' title='bbox 3098 5021 3353 5088; x_wconf 84' lang='grc' dir='ltr'><strong>δακρύων</strong></span> <span class='ocrx_word' id='word_1_810' title='bbox 3387 5021 3632 5073; x_wconf 80' lang='grc' dir='ltr'><strong>κλίνουσι</strong></span> <span class='ocrx_word' id='word_1_811' title='bbox 3657 5023 3779 5086; x_wconf 71' lang='grc' dir='ltr'><strong>τὰς</strong></span> 
     </span>
    </p>
   </div>
   <div class='ocr_carea' id='block_1_111' title="bbox 2171 5108 3781 5181">
    <p class='ocr_par' dir='ltr' id='par_1_111' title="bbox 2171 5108 3781 5181">
     <span class='ocr_line' id='line_1_111' title="bbox 2171 5108 3781 5181; baseline 0.002 -17"><span class='ocrx_word' id='word_1_812' title='bbox 2171 5113 2436 5179; x_wconf 76' lang='grc' dir='ltr'><strong>κεφαλὰς,</strong></span> <span class='ocrx_word' id='word_1_813' title='bbox 2467 5113 2747 5181; x_wconf 84' lang='grc' dir='ltr'><strong>σωτῆρας,</strong></span> <span class='ocrx_word' id='word_1_814' title='bbox 2779 5114 2919 5181; x_wconf 80' lang='grc' dir='ltr'><strong>ὅπερ</strong></span> <span class='ocrx_word' id='word_1_815' title='bbox 2950 5108 3134 5176; x_wconf 77' lang='grc' dir='ltr'><strong>εἷπον,</strong></span> <span class='ocrx_word' id='word_1_816' title='bbox 3164 5115 3256 5165; x_wconf 73' lang='grc' dir='ltr'><strong>καὶ</strong></span> <span class='ocrx_word' id='word_1_817' title='bbox 3290 5114 3628 5181; x_wconf 70' lang='grc' dir='ltr'><strong>προιστάτας,</strong></span> <span class='ocrx_word' id='word_1_818' title='bbox 3664 5116 3781 5168; x_wconf 75' lang='grc' dir='ltr'><strong>καὶ</strong></span> 
     </span>
    </p>
   </div>
   <div class='ocr_carea' id='block_1_112' title="bbox 2169 5201 3777 5269">
    <p class='ocr_par' dir='ltr' id='par_1_112' title="bbox 2169 5201 3777 5269">
     <span class='ocr_line' id='line_1_112' title="bbox 2169 5201 3777 5269; baseline 0 -16"><span class='ocrx_word' id='word_1_819' title='bbox 2169 5202 2230 5253; x_wconf 86' lang='grc' dir='ltr'>οὐ</span> <span class='ocrx_word' id='word_1_820' title='bbox 2270 5201 2377 5254; x_wconf 90' lang='grc' dir='ltr'><strong>τῶν</strong></span> <span class='ocrx_word' id='word_1_821' title='bbox 2428 5202 2716 5269; x_wconf 82' lang='grc' dir='ltr'><strong>παρόντων</strong></span> <span class='ocrx_word' id='word_1_822' title='bbox 2746 5203 2840 5255; x_wconf 84' lang='grc' dir='ltr'><strong>καὶ</strong></span> <span class='ocrx_word' id='word_1_823' title='bbox 2882 5202 3087 5269; x_wconf 79' lang='grc' dir='ltr'><strong>γηΐνων</strong></span> <span class='ocrx_word' id='word_1_824' title='bbox 3137 5201 3363 5267; x_wconf 81' lang='grc' dir='ltr'><strong>κυρίους</strong></span> <span class='ocrx_word' id='word_1_825' title='bbox 3400 5201 3582 5268; x_wconf 89' lang='grc' dir='ltr'><strong>μόνον,</strong></span> <span class='ocrx_word' id='word_1_826' title='bbox 3617 5201 3777 5253; x_wconf 64' lang='grc' dir='ltr'><strong>ἀλλὰ</strong></span> 
     </span>
    </p>
   </div>
   <div class='ocr_carea' id='block_1_113' title="bbox 2162 5291 3772 5364">
    <p class='ocr_par' dir='ltr' id='par_1_113' title="bbox 2162 5291 3772 5364">
     <span class='ocr_line' id='line_1_113' title="bbox 2162 5291 3772 5364; baseline -0.001 -19"><span class='ocrx_word' id='word_1_827' title='bbox 2162 5297 2265 5346; x_wconf 75' lang='grc' dir='ltr'><strong>καὶ</strong></span> <span class='ocrx_word' id='word_1_828' title='bbox 2307 5293 2417 5346; x_wconf 89' lang='grc' dir='ltr'><strong>τῶν</strong></span> <span class='ocrx_word' id='word_1_829' title='bbox 2448 5294 2697 5362; x_wconf 77' lang='grc' dir='ltr'><strong>οὐρανῶν</strong></span> <span class='ocrx_word' id='word_1_830' title='bbox 2738 5294 3026 5364; x_wconf 67' lang='grc' dir='ltr'><strong>πυλωροὺς</strong></span> <span class='ocrx_word' id='word_1_831' title='bbox 3072 5291 3531 5361; x_wconf 83' lang='grc' dir='ltr'><strong>ἀνακαλούμενοι,</strong></span> <span class='ocrx_word' id='word_1_832' title='bbox 3568 5293 3772 5356; x_wconf 79' lang='grc' dir='ltr'><strong>αὐτοῖς</strong></span> 
     </span>
    </p>
   </div>
   <div class='ocr_carea' id='block_1_114' title="bbox 2169 5384 3775 5458">
    <p class='ocr_par' dir='ltr' id='par_1_114' title="bbox 2169 5384 3775 5458">
     <span class='ocr_line' id='line_1_114' title="bbox 2169 5384 3775 5458; baseline -0.004 -15"><span class='ocrx_word' id='word_1_833' title='bbox 2169 5407 2251 5451; x_wconf 87' lang='grc' dir='ltr'><strong>τε,</strong></span> <span class='ocrx_word' id='word_1_834' title='bbox 2283 5391 2378 5441; x_wconf 76' lang='grc' dir='ltr'><strong>καὶ</strong></span> <span class='ocrx_word' id='word_1_835' title='bbox 2409 5388 2607 5458; x_wconf 75' lang='grc' dir='ltr'><strong>φίλοις,</strong></span> <span class='ocrx_word' id='word_1_836' title='bbox 2646 5387 2741 5439; x_wconf 77' lang='grc' dir='ltr'><strong>καὶ</strong></span> <span class='ocrx_word' id='word_1_837' title='bbox 2768 5386 3013 5447; x_wconf 77' lang='grc' dir='ltr'><strong>οἰκείοις,</strong></span> <span class='ocrx_word' id='word_1_838' title='bbox 3042 5387 3137 5437; x_wconf 73' lang='grc' dir='ltr'><strong>καὶ</strong></span> <span class='ocrx_word' id='word_1_839' title='bbox 3168 5388 3233 5452; x_wconf 79' lang='grc' dir='ltr'><strong>τῇ</strong></span> <span class='ocrx_word' id='word_1_840' title='bbox 3268 5384 3566 5455; x_wconf 66' lang='grc' dir='ltr'><strong>οἰκουμένη</strong></span> <span class='ocrx_word' id='word_1_841' title='bbox 3603 5387 3775 5458; x_wconf 75' lang='grc' dir='ltr'><strong>πάσῃ</strong></span> 
     </span>
    </p>
   </div>
   <div class='ocr_carea' id='block_1_115' title="bbox 2173 5476 3773 5552">
    <p class='ocr_par' dir='ltr' id='par_1_115' title="bbox 2173 5476 3773 5552">
     <span class='ocr_line' id='line_1_115' title="bbox 2173 5476 3773 5552; baseline -0.003 -18"><span class='ocrx_word' id='word_1_842' title='bbox 2173 5481 2301 5552; x_wconf 82' lang='grc' dir='ltr'><strong>παρ’</strong></span> <span class='ocrx_word' id='word_1_843' title='bbox 2336 5480 2517 5532; x_wconf 84' lang='grc' dir='ltr'><strong>αὐτῶν</strong></span> <span class='ocrx_word' id='word_1_844' title='bbox 2547 5479 2833 5548; x_wconf 75' lang='grc' dir='ltr'><strong>εὐχόμενοι</strong></span> <span class='ocrx_word' id='word_1_845' title='bbox 2866 5478 3162 5548; x_wconf 80' lang='grc' dir='ltr'><strong>σωτηρίαν.</strong></span> <span class='ocrx_word' id='word_1_846' title='bbox 3205 5476 3268 5529; x_wconf 81' lang='grc' dir='ltr'><strong>Οἱ</strong></span> <span class='ocrx_word' id='word_1_847' title='bbox 3304 5476 3359 5528; x_wconf 80' lang='grc' dir='ltr'><strong>δὲ</strong></span> <span class='ocrx_word' id='word_1_848' title='bbox 3397 5479 3665 5546; x_wconf 69' lang='grc' dir='ltr'><strong>κάθηνται</strong></span> <span class='ocrx_word' id='word_1_849' title='bbox 3696 5480 3773 5530; x_wconf 77' lang='grc' dir='ltr'><strong>ἐκ</strong></span> 
     </span>
    </p>
   </div>
   <div class='ocr_carea' id='block_1_116' title="bbox 2176 5570 3773 5641">
    <p class='ocr_par' dir='ltr' id='par_1_116' title="bbox 2176 5570 3773 5641">
     <span class='ocr_line' id='line_1_116' title="bbox 2176 5570 3773 5641; baseline -0.003 -15"><span class='ocrx_word' id='word_1_850' title='bbox 2176 5573 2465 5641; x_wconf 80' lang='grc' dir='ltr'><strong>περιωπῆς</strong></span> <span class='ocrx_word' id='word_1_851' title='bbox 2514 5571 2720 5626; x_wconf 83' lang='grc' dir='ltr'><strong>ἄνωθεν</strong></span> <span class='ocrx_word' id='word_1_852' title='bbox 2781 5570 3010 5640; x_wconf 86' lang='grc' dir='ltr'><strong>μεγάλοι</strong></span> <span class='ocrx_word' id='word_1_853' title='bbox 3069 5570 3383 5638; x_wconf 65' lang='grc' dir='ltr'><strong>μεγαλωστὶ</strong></span> <span class='ocrx_word' id='word_1_854' title='bbox 3446 5570 3683 5637; x_wconf 59' lang='grc' dir='ltr'><strong>ψηφῖσιν</strong></span> <span class='ocrx_word' id='word_1_855' title='bbox 3731 5571 3773 5641; x_wconf 77' lang='grc' dir='ltr'><strong>ἢ</strong></span> 
     </span>
    </p>
   </div>
   <div class='ocr_carea' id='block_1_117' title="bbox 2170 5661 3778 5735">
    <p class='ocr_par' dir='ltr' id='par_1_117' title="bbox 2170 5661 3778 5735">
     <span class='ocr_line' id='line_1_117' title="bbox 2170 5661 3778 5735; baseline -0.004 -15"><span class='ocrx_word' id='word_1_856' title='bbox 2170 5665 2339 5726; x_wconf 85' lang='grc' dir='ltr'><strong>λίθοις</strong></span> <span class='ocrx_word' id='word_1_857' title='bbox 2375 5664 2408 5733; x_wconf 86' lang='grc' dir='ltr'>ἢ</span> <span class='ocrx_word' id='word_1_858' title='bbox 2438 5663 2748 5735; x_wconf 79' lang='grc' dir='ltr'><strong>χρώμασιν,</strong></span> <span class='ocrx_word' id='word_1_859' title='bbox 2782 5664 2862 5714; x_wconf 76' lang='grc' dir='ltr'><strong>ἔτι</strong></span> <span class='ocrx_word' id='word_1_860' title='bbox 2894 5664 2949 5715; x_wconf 83' lang='grc' dir='ltr'><strong>δὲ</strong></span> <span class='ocrx_word' id='word_1_861' title='bbox 2979 5661 3227 5731; x_wconf 82' lang='grc' dir='ltr'><strong>ἀργύρῳ,</strong></span> <span class='ocrx_word' id='word_1_862' title='bbox 3255 5662 3402 5731; x_wconf 81' lang='grc' dir='ltr'><strong>μόνῳ</strong></span> <span class='ocrx_word' id='word_1_863' title='bbox 3434 5665 3527 5716; x_wconf 85' lang='grc' dir='ltr'><strong>καί</strong></span> <span class='ocrx_word' id='word_1_864' title='bbox 3562 5665 3778 5733; x_wconf 80' lang='grc' dir='ltr'><strong>χρυσῷ</strong></span> 
     </span>
    </p>
   </div>
   <div class='ocr_carea' id='block_1_118' title="bbox 2174 5751 3780 5828">
    <p class='ocr_par' dir='ltr' id='par_1_118' title="bbox 2174 5751 3780 5828">
     <span class='ocr_line' id='line_1_118' title="bbox 2174 5751 3780 5828; baseline -0.002 -16"><span class='ocrx_word' id='word_1_865' title='bbox 2174 5760 2254 5821; x_wconf 84' lang='grc' dir='ltr'><strong>εἰς</strong></span> <span class='ocrx_word' id='word_1_866' title='bbox 2289 5759 2351 5810; x_wconf 79' lang='grc' dir='ltr'><strong>τὸ</strong></span> <span class='ocrx_word' id='word_1_867' title='bbox 2380 5759 2608 5828; x_wconf 84' lang='grc' dir='ltr'><strong>ἀρχαῖον</strong></span> <span class='ocrx_word' id='word_1_868' title='bbox 2646 5751 2786 5817; x_wconf 83' lang='grc' dir='ltr'><strong>εἶδος</strong></span> <span class='ocrx_word' id='word_1_869' title='bbox 2838 5756 3239 5823; x_wconf 79' lang='grc' dir='ltr'><strong>τετυπωμένοι,</strong></span> <span class='ocrx_word' id='word_1_870' title='bbox 3270 5753 3460 5823; x_wconf 82' lang='grc' dir='ltr'><strong>ὥσπερ</strong></span> <span class='ocrx_word' id='word_1_871' title='bbox 3508 5755 3780 5824; x_wconf 75' lang='grc' dir='ltr'><strong>βασιλεῖς</strong></span> 
     </span>
    </p>
   </div>
   <div class='ocr_carea' id='block_1_119' title="bbox 2174 5846 3770 5923">
    <p class='ocr_par' dir='ltr' id='par_1_119' title="bbox 2174 5846 3770 5923">
     <span class='ocr_line' id='line_1_119' title="bbox 2174 5846 3770 5923; baseline -0.003 -19"><span class='ocrx_word' id='word_1_872' title='bbox 2174 5869 2341 5919; x_wconf 82' lang='grc' dir='ltr'><strong>τινες,</strong></span> <span class='ocrx_word' id='word_1_873' title='bbox 2376 5852 2409 5923; x_wconf 79' lang='grc' dir='ltr'>ἢ</span> <span class='ocrx_word' id='word_1_874' title='bbox 2445 5850 2736 5920; x_wconf 62' lang='grc' dir='ltr'><strong>ἡγεμόνες,</strong></span> <span class='ocrx_word' id='word_1_875' title='bbox 2767 5849 2799 5919; x_wconf 83' lang='grc' dir='ltr'>ἣ</span> <span class='ocrx_word' id='word_1_876' title='bbox 2851 5847 3020 5901; x_wconf 74' lang='grc' dir='ltr'><strong>κοινοὶ</strong></span> <span class='ocrx_word' id='word_1_877' title='bbox 3052 5847 3269 5900; x_wconf 82' lang='grc' dir='ltr'><strong>πάντων</strong></span> <span class='ocrx_word' id='word_1_878' title='bbox 3288 5846 3552 5905; x_wconf 80' lang='grc' dir='ltr'><strong>,δεσπόται</strong></span> <span class='ocrx_word' id='word_1_879' title='bbox 3603 5847 3770 5914; x_wconf 69' lang='grc' dir='ltr'><strong>κλεῖς</strong></span> 
     </span>
    </p>
   </div>
  </div>
