3972 6466
235 370 367 451 τιτι,

1298 374 1671 434 EPIS’I‘OLA
1712 376 1814 434 AD
1862 376 2220 437 JOANNEM
2263 376 2422 441 IMP.
3446 376 3514 441 34

233 477 482 549 ἔχοντες,
538 480 807 550 σύμϐολον
842 480 935 551 τῆς
976 480 1257 550 δυνάμεως
1307 482 1402 536 τοῦ
1447 484 1682 552 δεσμεῖν,
1729 484 1813 534 καῖ

1928 485 2101 551 patria
2137 484 2381 551 ipsorum
2409 485 2665 555 plurimis
2701 488 3003 557 incognita,
3046 489 3265 557 pristini
3295 489 3514 546 decoris

233 572 409 639 λύειν,
459 575 555 627 καὶ
587 574 857 644 σύμϐολον
916 579 1011 644 τῆς
1043 576 1248 643 ἰσχύος,
1280 577 1373 628 καὶ
1419 574 1575 641 ἀξίας
1606 575 1702 627 τοῦ
1726 576 1814 627 δε-

235 667 495 728 δωκότος.
551 667 657 719 Καὶ
685 666 755 719 τὰ
790 667 889 737 μὲν
940 667 1034 719 τοῦ
1064 667 1240 737 δήμου
1288 668 1396 720 τῶν
1432 667 1745 736 Ῥωμαίων,
1776 665 1808 736 ἢ

1922 574 2055 629 ﬂore
2090 575 2314 641 amisso,
2358 577 2558 647 passim
2597 579 2835 648 collapsa
2881 581 3087 648 iacent.
3151 583 3356 635 Horum
3416 597 3512 637 au-

1919 673 2028 719 tem
2061 665 2257 720 ﬂorent
2295 667 2586 739 vigentque
2626 685 2718 739 per
2775 673 2964 727 orbem
3028 672 3367 728 universum.

237 758 307 808 τὰ
354 757 583 811 Ἰουλίου
637 758 937 829 Καίσαρος,
974 759 1006 830 ἢ
1059 760 1393 827 Αὐγούστου,
1444 759 1829 831 ἥούτινοσοῦν
1862 758 2048 822 ἄλλου,
2082 761 2361 813 κάνταῦθα
2402 764 2498 816 ἐπὶ
2535 765 2634 833 τῆς
2668 764 2850 820 αὐτῶν
2899 768 3159 835 πατρίδος
3232 767 3337 819 ὑπὸ
3399 767 3510 819 τῶν

240 849 513 904 πλείστων
575 851 913 922 ἀγνοούμενα
968 854 1259 924 ἀπήνθηκε
1336 856 1650 925 πανταχοῦ,
1711 856 1809 909 καὶ
1839 854 2137 927 ἀπερρύη·
2169 857 2238 910 τὰ
2319 859 2376 910 δὲ
2442 859 2648 913 τούτων
2677 860 2767 913 διὰ
2800 861 2980 932 πάσης
3018 864 3117 931 τῆς
3188 862 3512 933 οἰκουμένης

240 944 391 996 ἀνθΞί
418 944 511 996 καὶ
538 944 743 1001 θάλλει.

306 1037 615 1107 Μέμνημαι
662 1038 721 1090 δὲ
767 1040 867 1108 τῆς
909 1041 964 1092 ἐν
1006 1039 1268 1111 Λονδινίῳ
1325 1042 1424 1111 τῆς
1473 1043 1813 1120 Βρετανικῆς

242 1131 325 1181 ἐπ’
356 1130 533 1200 αὐτῆς
557 1130 657 1199 τῆς
689 1131 794 1195 ἔξω
826 1131 1114 1201 θαλάττης,
1148 1137 1243 1186 καὶ
1269 1134 1811 1207 ώκεαιιοῦ,δεύτερον

242 1222 356 1281 ἔτος
401 1223 556 1273 τουτὶ
591 1222 746 1290 ἐμοῦ,
782 1222 877 1276 καὶ
926 1223 1036 1276 τῶν
1073 1224 1172 1279 σὺν
1203 1226 1329 1294 ἐμοὶ
1377 1229 1680 1297 παρόντων,
1720 1230 1814 1281 καὶ

241 1314 535 1383 θεωμένων
552 1316 852 1386 γενομένης
884 1317 1066 1380 αὐτοῖς
1086 1320 1310 1389 πομπῆς
1338 1319 1427 1371 καὶ
1450 1322 1815 1391 πανηγύρεως

238 1406 394 1477 παρὰ
432 1406 543 1459 τῶν
584 1409 717 1460 ἐκεῖ.
753 1407 1006 1477 Καίσαρα
1053 1408 1110 1461 δὲ
1144 1410 1236 1462 τὸν
1268 1410 1499 1480 πρώτως
1531 1412 1817 1479 ὑπαγαγό-

240 1517 404 1567 μενον
422 1500 643 1565 αὐτοὺς,
663 1500 758 1554 καὶ
785 1493 846 1554 οὗ
880 1500 1111 1569 φρούρια
1143 1500 1225 1554 ἔτι
1248 1504 1343 1555 καὶ
1375 1504 1471 1557 νῦν
1503 1504 1651 1558 ἔστιν
1677 1506 1814 1569 ἐκεῖ,

234 1592 296 1643 τὸ
333 1592 437 1661 μὲν
461 1592 553 1645 ἐπὶ
580 1591 682 1661 τῆς
723 1592 1046 1657 διαϐάσεως,
1083 1594 1145 1647 τὸ
1178 1596 1233 1648 δὲ
1279 1596 1369 1650 ἐπ’
1400 1597 1563 1651 αὑτοῦ
1597 1597 1691 1651 τοῦ
1730 1600 1818 1651 τό-

236 1705 363 1750 που,
400 1686 677 1755 ἀγνοοῦσι.
721 1688 829 1739 Kal
855 1685 1029 1753 ἔγωγε
1063 1684 1240 1756 οἴμαι,
1269 1689 1362 1741 καὶ
1394 1692 1580 1743 ἐκεῖνα
1612 1693 1814 1755 πάντα,

237 1782 332 1835 καὶ
360 1780 461 1849 τὴν
491 1781 593 1848 τῆς
622 1778 837 1849 Ῥώμης
863 1781 1059 1851 ἀρχὴν,
1094 1783 1187 1833 καὶ
1208 1782 1308 1851 τὴν
1339 1782 1448 1834 τῶν
1479 1784 1817 1854 αὐτοκρατό-

1996 1038 2059 1092 Ει
2090 1043 2353 1096 memoria
2390 1042 2481 1097 hic
2505 1055 2689 1114 repeto
2747 1062 2997 1116 pompam
3027 1059 3079 1102 et
3128 1049 3373 1102 solemne
3428 1047 3506 1103 fe-

1921 1141 2088 1193 stum.
2118 1134 2261 1200 quod
2294 1134 2525 1191 Londini
2559 1138 2612 1192 in
2642 1139 2947 1207 Britannia,
2978 1141 3149 1211 ipsius
3167 1142 3375 1196 externi
3399 1156 3484 1195 ma

1922 1224 1998 1277 ris
2026 1225 2325 1290 oceanique
2350 1226 2547 1294 insula,
2574 1242 2699 1284 ante
2735 1231 3042 1295 biennium,
3098 1249 3185 1289 me
3234 1249 3297 1288 ac
3343 1237 3513 1289 comi-

1924 1323 2039 1368 tatu
2066 1332 2188 1371 meo
2216 1333 2483 1388 pl'ﬂ’Sl'nlC
2509 1330 2566 1377 et
2596 1333 2895 1393 spectante,
2928 1326 2997 1380 ab
3030 1326 3152 1396 ejus
3182 1328 3288 1381 loci
3318 1327 3513 1383 incolis

1926 1409 2074 1462 hisce
2102 1406 2370 1478 apostolis
2432 1413 2835 1471 celebrabatur.
2906 1406 3175 1473 Caesarem
3234 1435 3364 1475 vero
3418 1423 3512 1489 qui

1923 1498 2136 1567 primus
2161 1515 2257 1554 eos
2293 1501 2530 1573 subegit,
2556 1513 2610 1559 et
2641 1507 2800 1576 cujus
2823 1510 3048 1564 castella
3075 1510 3257 1566 adhuc
3302 1513 3508 1568 ibidem

1920 1596 2162 1654 exstant,
2190 1591 2420 1646 alterum
2447 1595 2671 1664 quidem
2706 1598 2772 1652 ad
2805 1599 3114 1669 trajectum.
3163 1603 3395 1659 alterum
3423 1622 3512 1661 ve-

1921 1695 1983 1734 ro
2013 1681 2162 1736 dicto
2196 1682 2247 1737 in
2276 1685 2393 1741 loco
2450 1687 2722 1759 ignorant.
2759 1692 2939 1761 Atque
2976 1709 3075 1763 ego
3117 1697 3338 1764 quidem
3398 1699 3512 1753 exi-

1920 1774 2084 1828 stimo
2102 1785 2156 1830 ct
2186 1778 2287 1831 ista
2307 1780 2513 1846 omnia,
2532 1792 2585 1835 et
2605 1782 2912 1840 Romanum
2940 1789 3250 1858 imperium,
3271 1801 3326 1844 et
3346 1793 3513 1861 impe-

240 1889 350 1947 ρων
383 1872 684 1941 μοναρχίαν
717 1872 816 1924 καὶ
866 1872 1188 1940 ἡγεμονίαν,
1221 1872 1318 1925 καὶ
1363 1874 1463 1945 τὴν
1510 1876 1619 1929 τῶν
1646 1851 1813 1930 ἐθνῶν

1925 1877 2167 1921 ratorum
2199 1872 2577 1927 monartbiam
2597 1888 2660 1929 ac
2725 1878 3116 1947 principatum,
3156 1884 3511 1951 gentiumque

241 1963 491 2030 ὑπακοὴν
504 1963 593 2016 διὰ
613 1963 786 2016 ταῦτα
810 1964 1117 2031 γεγονέναι,
1141 1964 1229 2017 ἵνα
1252 1964 1428 2020 ταῦτα
1442 1967 1814 2041 ἀκολουθήσῃ.

240 2053 306 2107 τί
339 2056 395 2108 δὲ
426 2056 531 2123 χρὴ
563 2054 663 2123 τὴν
691 2055 848 2119 ἀξίαν
876 2056 982 2108 τῶν
1011 2058 1330 2111 ἀποστόλων
1366 2062 1459 2112 καὶ
1491 2059 1590 2131 τὴν
1620 2060 1818 2116 ἀπονε-

255 2146 487 2214 μομὲνην
514 2146 698 2209 αὐτοῖς
728 2146 1034 2209 εὐλάϐειαν,
1070 2149 1165 2202 καὶ
1188 2149 1358 2219 τιμὴν
1382 2150 1440 2202 ὲν
1463 2152 1648 2216 αὐτοῖς
1676 2154 1821 2207 ὲκεί-

260 2254 390 2298 γιις,
412 2238 503 2290 καί
530 2240 644 2301 τοῖς
687 2237 927 2306 σώμασι,
979 2241 1071 2292 καὶ
1105 2244 1220 2304 τοῖς
1251 2242 1443 2309 τάφοις
1484 2244 1665 2299 αὐτῶν
1697 2248 1823 2300 θαυ-

262 2329 445 2394 μάζειν
486 2331 584 2383 καὶ
649 2331 820 2401 όρᾷνς
858 2332 1076 2397 Ἔξεστι
1110 2335 1217 2401 γὰρ
1258 2334 1416 2388 τοῦτο
1440 2338 1574 2410 όρᾷν
1603 2356 1662 2391 τε
1724 2343 1822 2394 καὶ

247 2419 572 2489 θαυμάζειν,
603 2422 699 2474 καὶ
731 2424 823 2476 ἐπὶ
856 2423 956 2494 τῆς
990 2426 1162 2496 ἀρχῆς
1203 2427 1298 2497 τῆς
1329 2429 1678 2501 Ἐκκλησίας,
1725 2436 1821 2488 καὶ

241 2514 337 2564 ἐπὶ
366 2515 476 2575 τοῖς
522 2514 830 2578 πολλοστςϊς
870 2516 990 2585 μετ’
1023 2518 1270 2579 ἐκείνους
1299 2521 1369 2574 δι’
1395 2523 1594 2587 αύτούς
1620 2542 1632 2555 '
1661 2519 1819 2595 οἶμαι

238 2610 351 2673 γὰρ
396 2605 668 2673 μηδέποτε
703 2608 795 2658 ἐπὶ
836 2606 937 2675 τῆς
968 2610 1145 2678 ἀρχῆς
1182 2611 1282 2680 τῆς
1319 2613 1543 2685 Ῥώμης
1582 2618 1816 2688 ἐκείνης,

238 2698 384 2762 λέγω
421 2697 525 2764 τῆς
573 2696 827 2763 παλαιᾶς,
864 2701 1100 2754 τοσαῦτα
1138 2696 1486 2775 θεσπίσματα
1521 2709 1627 2761 τῶν
1656 2711 1810 2765 αὐτο-

242 2789 536 2858 κρατόρων
589 2791 832 2852 ἐκείνων,
868 2793 962 2844 καὶ
996 2793 1092 2846 τοῦ
1123 2795 1297 2865 δήμου
1334 2800 1425 2852 καὶ
1473 2802 1570 2871 τῆς
1602 2802 1818 2872 βουλῆς,

244 2879 342 2931 καὶ
389 2880 479 2933 διὰ
526 2883 780 2937 τοσούτου
839 2890 1039 2956 μέρους
1079 2889 1181 2959 τῆς
1215 2893 1544 2965 οἰκουμένης
1606 2900 1818 2969 φοιτᾷν,

240 2973 343 3023 ὅσα
372 2972 471 3025 καὶ
516 2974 713 3043 ὁσαχοῦ
772 2977 867 3031 νῦν
903 2981 1048 3051 παρὰ
1081 2984 1178 3052 τῆς
1214 2984 1565 3054 Ἐκκλησίας.
1595 2990 1718 3043 Εἰσὶ
1761 2993 1820 3045 δὲ

237 3064 288 3113 οἱ
325 3062 677 3126 θεσπίζοντες
709 3065 796 3118 ἀεὶ
848 3070 940 3120 καὶ
971 3071 1018 3121 οἱ
1065 3074 1229 3142 κύρια
1268 3074 1553 3139 ποιοῦντες
1581 3078 1670 3131 διὰ
1712 3080 1820 3134 τῶν

241 3153 562 3221 σφραγίδων
585 3156 744 3222 αὐτὰ,
775 3159 830 3211 αἱ
860 3161 1087 3226 είκόνες,
1124 3164 1218 3216 καὶ
1249 3168 1305 3217 αἱ
1333 3168 1571 3236 κεφαλαὶ
1603 3171 1818 3243 Πέτρου

238 3248 337 3297 καὶ
375 3244 612 3310 Παύλου,
648 3251 828 3303 οὐκέτι
850 3253 1165 3321 δυναμένων
1193 3257 1374 3326 λέγειν
1398 3276 1412 3292 ο
1460 3263 1759 3331 Ἀργύριον
1781 3268 1820 3335 ἢ

241 3338 509 3403 χρυσίον
534 3341 643 3391 οὐκ
664 3340 795 3396 ἐστι
819 3360 942 3412 μοι.
966 3345 1060 3405 Τίς
1087 3346 1130 3399 δ’
1154 3348 1218 3401 ἂν
1243 3350 1572 3420 ἀριθμήσειε
1603 3358 1668 3408 τὰ
1694 3360 1821 3430 παρ’

242 3431 427 3481 αὑτῶν
462 3431 753 3501 διδόμενα;
802 3438 946 3501 Α’ξω
996 3439 1095 3509 μὲν
1132 3442 1264 3504 ἴσως
1293 3445 1406 3497 τισὶ
1435 3447 1618 3514 λέγειν
1653 3449 1820 3522 ὑπερ-

241 3518 424 3583 ϐολὰς,
459 3516 615 3591 οἶμαι
637 3523 691 3576 δὲ
732 3527 1090 3592 συνελθούσας
1130 3532 1267 3601 ὁμοῦ
1302 3535 1484 3600 πάσας
1519 3541 1617 3603 τὰς
1644 3516 1819 3609 ἐγνώ-

242 3614 450 3679 σμένας
484 3616 617 3684 ἡμῖν
639 3617 811 3686 ἀρχὰς
843 3616 906 3672 ἐκ
946 3621 1057 3676 τῶν
1091 3624 1593 3699 ἀπονενεμημένων
1632 3636 1820 3699 αὑταῖς

236 3700 295 3762 ἐξ
340 3701 521 3765 ἐους,
574 3706 665 3755 καὶ
697 3704 733 3759 ὃ.
768 3705 944 3775 κύριοι
990 3712 1131 3764 κατὰ
1188 3714 1355 3784 νόμον
1400 3717 1700 3791 διανέμειν,
1744 3728 1817 3798 μὴ

237 3792 480 3845 τοσαῦτα
504 3794 688 3848 δοῦναι
709 3797 988 3852 δύνασθαι.
1025 3803 1242 3858 Διδόασι
1271 3809 1327 3862 δὲ
1358 3813 1530 3864 ταῦτα
1556 3817 1582 3867 ὁ
1617 3792 1820 3886 Πέτρος

236 3886 333 3933 καὶ
360 3886 390 3935 ὁ
416 3885 650 3949 Παῦλος.
685 3890 793 3943 Καὶ
822 3891 1034 3962 ἀνάγκη
1066 3895 1122 3948 δὲ
1150 3897 1319 3951 ταῦτα
1353 3901 1592 3957 διδόναι·
1619 3885 1817 3962 οὐδ’ίᾶν

234 3973 426 4026 ἐκεῖνα
473 3981 798 4047 κατασχοῖεν
857 3984 1068 4048 ἑαυτοῖς
1125 3987 1175 4040 οἱ
1232 3991 1406 4045 ταῦτα
1458 3994 1812 4062 διαδιδόντες.

245 4063 494 4137 Ἀνάγκη
522 4067 582 4121 δὲ
626 4074 718 4123 καὶ
750 4075 862 4137 τοῖς
910 4075 1018 4128 ἀπὸ
1055 4078 1265 4149 Πέτρου
1302 4084 1395 4136 καὶ
1451 4087 1686 4156 Παύλου,
1719 4092 1814 4145 καὶ

235 4156 334 4208 τοῦ
379 4157 585 4229 κλήρου
616 4162 819 4217 τούτων
851 4166 1152 4239 διανέμειν.
1185 4174 1292 4228 Καὶ
1324 4177 1380 4231 οἱ
1405 4193 1466 4232 τε
1499 4180 1813 4249 λαμϐάνονο

235 4265 331 4312 τες
356 4251 577 4305 δοκοῦσι
619 4259 766 4325 παρὰ
791 4250 1065 4314 δεσποτῶν
1095 4263 1430 4334 λαμϐάνεινο
1457 4273 1514 4326 οἵ
1542 4290 1603 4325 τε
1648 4274 1816 4329 διδόνο

237 4354 336 4402 τες
367 4339 520 4393 ώσὰν
545 4342 726 4413 κύριοι
764 4347 1016 4405 διδόασιν.
1053 4354 1210 4408 Ἐστι
1238 4356 1295 4410 δὲ
1327 4359 1505 4425 οὐδεὶς
1543 4363 1570 4414 ὁ
1602 4365 1814 4419 ἀντιλέ-

236 4447 377 4497 γων,
406 4433 547 4504 πλὴν
574 4435 627 4487 εί
650 4456 791 4501 τινες
819 4447 960 4495 κατὰ
989 4445 1048 4498 τὸ
1074 4446 1339 4518 δεδόσθαι,
1370 4452 1402 4522 ἢ
1433 4455 1508 4525 μὴ
1537 4456 1808 4521 δεδόσθαι,

1923 1959 2316 2028 subjectiou'em
2381 1976 2667 2035 propterea
2700 1970 3005 2036 exstitisse,
3056 1985 3115 2027 ut
3148 1975 3260 2028 haec
3310 1977 3435 2029 dein
3479 1993 3510 2031 e

1922 2065 2300 2122 sequerentur.
2322 2056 2463 2124 Quid
2489 2075 2616 2115 vero
2633 2064 3005 2131 apostolorum
3030 2067 3257 2136 gloriam
3277 2078 3331 2124 ct
3350 2086 3511 2124 vene-

1924 2145 2190 2200 rationem
2214 2158 2378 2218 atque
2397 2151 2663 2207 honorem
2686 2154 2737 2208 in
2770 2155 2905 2224 ipsis
2930 2159 3251 2220 corporibus
3295 2176 3511 2214 eorum-

1925 2251 2032 2305 que
2058 2240 2326 2307 sepulcris
2352 2242 2432 2296 eis
2454 2244 2757 2298 exliibitum
2782 2246 3043 2303 admirari
3068 2261 3119 2303 et
3145 2254 3507 2321 contemplazi

1922 2330 2112 2384 attinet
2142 2332 2165 2384 ?
2192 2331 2251 2385 [d
2283 2334 2424 2387 enim
2454 2349 2517 2389 ex
2546 2337 2776 2405 imperio
2803 2348 2853 2392 et
2890 2340 3198 2409 principatu:
3227 2343 3506 2411 Ecclesiai,

1922 2430 1976 2474 et
2003 2430 2222 2492 propter
2248 2425 2528 2495 principes
2554 2427 2718 2493 hosce
2736 2432 2787 2483 in
2819 2431 2977 2502 longa
3001 2449 3384 2492 successorum
3412 2455 3505 2492 se-

1931 2516 2010 2570 rie
2059 2517 2241 2571 videre
2307 2527 2361 2572 et
2415 2521 2675 2575 admirari
2741 2525 2887 2580 licet.
2942 2526 3297 2599 Nequaquam
3362 2535 3506 2587 enim

1924 2609 2027 2661 sub
2065 2609 2294 2677 imperio
2349 2614 2546 2667 veteris
2595 2614 2740 2670 illius
2798 2617 2984 2672 Romae
3011 2630 3087 2675 tot
3116 2622 3506 2692 imperatorum

1924 2700 2124 2764 edicta,
2146 2709 2223 2754 tot
2257 2702 2542 2769 plebiscita
2567 2714 2619 2759 et
2645 2713 3127 2766 senatuSronsulla
3156 2730 3251 2783 per
3301 2725 3504 2771 tantam

1924 2793 2076 2846 Orbis
2116 2805 2389 2849 terrarum
2444 2811 2653 2866 partem
2718 2802 2992 2868 prodiisse
3042 2806 3319 2873 existima,
3374 2822 3508 2880 quin

1927 2900 2070 2937 nunc
2105 2886 2263 2955 longe
2299 2886 2513 2957 lateque
2536 2890 2605 2944 ab
2640 2890 2877 2948 Ecclesia
2901 2898 3170 2962 prodeunt
3194 2899 3291 2952 .Ea
3324 2912 3505 2954 autem

1926 2989 2142 3042 semper
2207 2978 2499 3047 obsignant
2552 2990 2607 3036 et
2650 2983 2976 3039 confirmant
3030 2987 3331 3057 sigillorum
3384 2976 3508 3046 loco

1926 3067 2129 3135 efﬁgies
2157 3080 2211 3124 et
2237 3072 2413 3138 capita
2441 3060 2585 3127 Petri
2616 3085 2667 3128 et
2697 3075 2880 3143 Pauli;
2917 3079 3009 3146 qui
3041 3081 3224 3137 dicere
3260 3084 3368 3151 jam
3391 3101 3512 3139 amd

1928 3161 2069 3227 plius
2101 3176 2378 3231 nequeunt
2410 3184 2424 3220 :
2460 3167 2750 3237 Argentum
2774 3181 3156 3228 etaurumnon
3181 3185 3258 3229 est
3279 3179 3405 3230 m./ii
3432 3180 3502 3233 ⁸.»

1927 3255 2063 3320 Quis
2108 3271 2237 3309 vero
2286 3274 2419 3325 opes
2448 3260 2516 3313 ab
2553 3261 2688 3329 ipsis
2730 3265 2962 3320 collatas
2985 3282 3314 3323 enumerare
3356 3282 3508 3341 poto-

1928 3343 2319 3401 i'it‘lV’idcbor
2372 3347 2511 3429 forte
2549 3355 2829 3407 nonnullis
2874 3371 2985 3410 rem
3041 3359 3267 3413 nimium
3324 3364 3506 3417 verbis

1924 3439 2184 3495 extollere
2219 3459 2230 3492 :
2266 3451 2395 3510 puto
2422 3454 2600 3499 tamen
2632 3461 2822 3502 omnes
2846 3450 2995 3504 orbis
3016 3452 3315 3522 principes,
3339 3466 3502 3524 quot-

1924 3543 2058 3601 quot
2089 3535 2154 3586 ad
2178 3545 2422 3590 nostram
2462 3538 2716 3592 notitiam
2760 3547 3504 3618 pervenere,simuljuuctos

1923 3638 1987 3674 ex
2005 3624 2286 3688 consuetis
2313 3627 2433 3681 suis
2461 3628 2724 3685 reditibus
2745 3635 3031 3703 bonisque,
3053 3653 3287 3704 quorum
3315 3641 3505 3694 distri-

1925 3713 2265 3769 buendorum
2292 3721 2671 3790 potestasjure
2692 3723 2757 3777 ad
2779 3724 2927 3793 ipsos
2953 3738 3184 3796 spectat,
3210 3746 3318 3783 non
3341 3748 3504 3800 posse

1924 3813 2130 3858 tantum
2167 3810 2440 3865 conferre.
2486 3810 2795 3867 Conferant
2829 3827 3010 3870 autem
3042 3819 3156 3874 limo
3206 3821 3400 3876 Petrus
3447 3834 3502 3879 et

1924 3897 2124 3953 l‘aulus
2161 3917 2173 3952 :
2209 3912 2258 3954 et
2289 3901 2543 3957 conferre
2577 3920 2866 3960 necessum
2939 3920 3023 3964 est
3060 3929 3072 3964 :
3130 3929 3229 3967 nec
3279 3931 3501 3972 serraie

1919 3992 2021 4042 sibi
2060 3993 2257 4045 vellent
2290 3996 2381 4060 qui
2408 4010 2469 4048 ea
2494 3997 2806 4052 conferunt.
2832 4000 3131 4058 Necessum
3177 4017 3357 4060 autem
3414 4021 3498 4063 est

1919 4081 2063 4136 Petri
2090 4095 2140 4138 et
2170 4085 2323 4140 Pauli
2354 4104 2709 4147 succrssores
2757 4107 3059 4166 eorumque
3089 4099 3348 4155 familiam
3382 4101 3498 4158 hzrc

1918 4175 2273 4234 distribuere.
2304 4178 2368 4233 Et
2395 4180 2486 4250 qui
2512 4196 2573 4236 ea
2610 4184 2910 4255 accipiunt,
2934 4197 3235 4259 tanquama
3258 4193 3498 4252 dominis

1918 4270 2168 4335 accipere
2197 4268 2447 4325 iidentur
2482 4290 2496 4327 :
2526 4273 2874 4333 conferentes
2892 4290 3074 4335 autem
3108 4292 3368 4354 tanquam
3405 4291 3500 4343 do-

1917 4360 2048 4412 mini
2085 4359 2402 4418 conferunt.
2458 4364 2570 4420 Nec
2612 4368 2904 4438 quisquam
2948 4374 3280 4431 contradicit
3332 4402 3345 4432 :
3389 4381 3496 4436 nisi

1915 4453 2059 4521 quod
2093 4457 2343 4509 nonnulli
2364 4458 2429 4512 de
2459 4471 2687 4515 rataaut
2713 4462 2869 4518 irrita
2920 4465 3210 4523 collatione
3257 4471 3493 4527 invicem

234 4527 335 4575 καὶ
361 4525 469 4576 τίνι
504 4526 744 4581 δεδόσθαι
770 4532 1022 4605 ἀλλήλοις
1050 4538 1476 4611 ἀμφισϐητοῐεν.
1511 4549 1619 4601 Καὶ
1646 4551 1808 4604 τοῦτο

1921 4542 2147 4610 litigent.
2183 4543 2246 4598 Et
2269 4545 2372 4600 hoc
2394 4547 2568 4616 ipsum
2608 4565 2797 4606 rurStis
2832 4554 2954 4609 illos
2983 4556 3495 4626 dijudicare,etco-

233 4614 291 4665 δὲ
324 4618 459 4669 αἱ.τό
490 4618 556 4670 δι’
585 4620 821 4687 ἐκείνους
855 4624 1011 4691 αὖθις
1036 4630 1360 4703 ἐπικρίνειν,
1401 4640 1497 4691 καὶ
1525 4640 1634 4693 τῶν
1660 4659 1811 4710 γενο-

237 4707 423 4769 μένων
449 4712 580 4780 παρ’
605 4714 781 4767 αὐτῶν
806 4718 1001 4782 αὐτοῦς
1028 4717 1170 4776 εἶναι
1201 4729 1396 4796 κριτὰς
1431 4733 1521 4782 καὶ
1545 4734 1772 4802 ὁριστὰς
1789 4753 1802 4767 ’

236 4801 499 4866 πολλάκις
532 4804 589 4856 δὲ
619 4809 710 4859 καὶ
738 4808 846 4861 τῶν
896 4813 1027 4882 παρ’
1059 4814 1234 4869 ἄλλων
1266 4823 1570 4890 γινομένων
1598 4829 1678 4889 εἰς
1709 4829 1808 4880 αύ-

235 4893 364 4953 τοὺς
394 4894 496 4963 τὴν
526 4895 715 4962 ἔφεσιν
740 4899 1059 4958 διαϐαίνειν.
1093 4906 1159 4959 Τί
1189 4907 1245 4961 δὲ
1280 4912 1379 4975 τὰς
1425 4921 1806 4985 πνευματικὰς

235 4984 429 5049 δόσεις,
462 4989 515 5041 τί
541 4989 742 5061 δὲ,τοῦς
763 4994 871 5046 τῶν
896 4997 1081 5062 φυλῶν
1111 5002 1333 5069 κριτάςς
1362 5005 1519 5059 Ἐστι
1545 4984 1652 5078 γὰρ
1676 5013 1810 5083 όρᾷν

238 5079 378 5131 κατὰ
402 5080 659 5149 γλώσσας
693 5085 790 5138 ἐπὶ
816 5086 907 5139 τοῦ
939 5090 1067 5142 ναοῦ
1106 5091 1215 5144 τῶν
1243 5094 1559 5151 ἀποστόλων
1576 5102 1810 5160 ἐνταῦθα

240 5169 340 5235 μὲν
371 5172 690 5244 καθήμενον
723 5178 819 5229 ἐπὶ
859 5178 1048 5248 θρόνου
1093 5182 1185 5236 τὸν
1218 5185 1488 5243 ἀκούοντα
1538 5195 1663 5257 τοὺς
1699 5198 1805 5251 ἀπὸ

236 5265 340 5316 τῶν
382 5267 731 5337 Βρετανικῶν
780 5272 959 5340 νήσων
1010 5275 1100 5329 ἐπ’
1140 5278 1293 5348 αὐτῷ
1342 5281 1516 5353 τούτῳ
1568 5286 1804 5356 ἣκοντας

237 5355 756 5431 ἔξομολογουμένους
777 5378 792 5393 ·
820 5365 1051 5419 ἐνταῦθα
1079 5367 1137 5420 δὲ
1165 5369 1257 5422 τὸν
1282 5374 1405 5436 τοὺς
1438 5377 1543 5427 ἀπὶ
1561 5355 1799 5448 Ἰϐηρίας

232 5448 260 5519 ἦ
284 5451 545 5520 Γαλατίας
568 5473 581 5488 ·
627 5455 761 5508 ἐκεῖ
784 5452 843 5507 δὲ
868 5455 956 5507 τὸν
989 5460 1114 5522 τοὺς
1146 5461 1254 5514 ἀπὸ
1280 5464 1595 5534 Δαλματίας
1621 5471 1653 5539 ἢ
1694 5474 1797 5524 Δα-

222 5547 361 5612 κίαςσ
390 5551 604 5613 αὐτοὺς
635 5545 703 5599 δὲ
741 5545 845 5598 ἐπὶ
892 5548 997 5601 τῶν
1027 5550 1184 5621 ὁδῶν,
1226 5553 1257 5623 ἦ
1296 5557 1388 5607 ἐπὶ
1434 5559 1535 5626 τῆς
1565 5561 1791 5628 πόλεως,

207 5641 333 5716 ἧέπξ
367 5647 463 5719 τῆς
490 5638 832 5708 ἐκκλησίας
860 5646 1168 5710 συμμιγεῖς,
1203 5643 1392 5710 ἄλλους
1415 5648 1585 5720 ἄλλην
1610 5657 1795 5724 φωνὴν

234 5842 393 5897 ¹Αίίι
440 5847 543 5894 l“:
589 5825 659 5879 δ’

1916 4650 2034 4687 rum
2058 4651 2176 4704 qum
2207 4637 2306 4706 ipsi
2344 4636 2770 4709 fecere,judices
2792 4659 2855 4699 ac
2874 4646 3186 4704 definitores
3199 4664 3322 4706 esse
3340 4667 3495 4722 Opor-

1915 4737 2028 4794 tet;
2059 4730 2259 4798 sa-pius
2294 4741 2478 4787 autem
2517 4747 2569 4788 et
2597 4736 2667 4791 ab
2711 4737 2777 4792 iis
2829 4753 2952 4807 quae
3001 4741 3095 4795 alii
3132 4747 3492 4816 constituere,

1915 4826 2354 4892 provocationem
2391 4826 2459 4881 ad
2502 4841 2598 4883 eos
2638 4829 2777 4886 fieri.
2806 4830 2946 4896 Quid
2973 4840 3154 4887 autem
3172 4836 3490 4905 Spiritualcs

1912 4914 2251 4986 largitiones,
2286 4919 2417 4987 quid
2447 4922 2733 4976 nationum
2767 4923 2982 4992 judices
3000 4940 3434 4986 commemorem
3467 4932 3490 4987 ἲ

1914 5007 2049 5062 Nam
2071 4996 2126 5063 in
2149 5012 2350 5080 templo
2371 5017 3081 5085 sanctorumaposmlorum
3126 5035 3226 5090 pro
3267 5021 3488 5093 lingua-

1915 5114 2035 5153 rum
2069 5100 2392 5158 diversitate
2433 5119 2658 5160 eernere
2696 5105 2820 5160 licet
2843 5106 2932 5162 hic
2952 5109 3174 5179 quidem
3201 5113 3484 5172 sedentem
3519 5120 3528 5127 “

1913 5192 1965 5246 in
1996 5193 2219 5257 throno,
2259 5205 2314 5249 et
2371 5198 2777 5252 auscultantem
2835 5199 3216 5260 confessiones
3269 5221 3485 5272 eorum,

1906 5285 1998 5355 qui
2030 5300 2096 5339 ex
2126 5285 2463 5343 Britannicis
2497 5291 2692 5344 insulis
2724 5291 2868 5347 hanc
2912 5294 3083 5364 ipsam
3141 5298 3211 5351 ob
3259 5312 3485 5355 causam

1907 5389 2263 5434 accesserunt
2291 5399 2305 5435 :
2341 5382 2504 5436 isthic
2527 5398 2718 5437 eorum
2752 5387 2847 5455 qui
2877 5402 2940 5441 ex
2966 5388 3227 5457 Hispania
3256 5394 3486 5449 velGal-
3560 5381 3565 5385 ’

1906 5468 1979 5524 lia
2009 5489 2021 5524 :
2049 5470 2175 5524 alibi
2211 5486 2343 5526 vero
2372 5473 2545 5540 quiex
2570 5473 2835 5531 Dalmatia
2868 5478 2950 5532 vel
2979 5477 3140 5533 Dacia
3183 5484 3480 5539 advenere.

1909 5561 2019 5618 llos
2051 5573 2234 5619 autem
2268 5565 2325 5619 in
2351 5565 2566 5633 plateis,
2597 5567 2681 5622 vel
2712 5583 2808 5637 per
2827 5574 3042 5636 urbem,
3069 5574 3151 5627 vel
3174 5574 3226 5628 in
3247 5576 3482 5631 ecclesia

1905 5657 2214 5726 promiscue
2246 5657 2381 5713 alios
2414 5658 2575 5713 aliam
2608 5676 2793 5717 vocem
2851 5665 3198 5733 proferentes
3258 5668 3477 5725 audias.
