3972 6456
416 336 491 401 35
1588 332 1989 394 MANUELIS

2106 334 2551 393 lRYSOLOR.E
3617 334 3689 393 36

415 430 830 519 Quocirca‘non
861 456 993 505 tunc
1021 450 1200 505 solum
1241 449 1476 519 apostoli
1503 465 1669 518 super
1702 447 1995 504 duodecim

2106 451 2487 518 προϊεμένους.
2530 451 2641 504 Καὶ
2674 449 2773 502 οὐκ
2806 447 2911 520 ἄρα
2945 448 3036 501 ἐπὶ
3066 447 3275 501 δώδεκα
3304 447 3696 521 μόνονορῦνων

333 581 340 587 ι
418 548 652 598 thronos
677 542 965 609 sedebunt,
991 543 1147 613 juxta
1165 541 1371 597 Christi
1391 539 2006 611 promissionem,judi-

415 643 608 690 cantes
635 633 926 688 duodecim
962 634 1142 690 tribus
1176 634 1343 688 Israel
1378 634 1513 689 :sed
1546 640 1600 686 et
1626 632 1731 686 hoc
1755 638 2003 700 tempore

417 727 495 782 illi
526 728 579 779 in
603 724 791 779 multis
824 726 1043 780 thronis
1083 725 1336 796 judicum
1387 726 1561 778 instar
1589 724 1805 788 sedent,
1859 722 2007 792 judi—

416 830 606 873 cantes
642 820 831 873 orbem
886 826 1207 873 terrarum:
1257 832 1360 873 nec
1395 817 1574 871 solum
1622 817 1674 869 in
1733 814 2006 886 priinitiva

416 905 685 968 Ecclesia,
712 905 803 960 sed
828 922 973 959 nunc
990 922 1210 976 quoque
1229 922 1326 961 sua
1346 906 1549 975 cuique
1567 907 1748 976 lingua
1766 905 2009 974 loquun-

417 1008 528 1062 tur,
582 1000 655 1051 ita
680 1009 736 1051 ut
798 998 1035 1067 intelligi
1068 1008 1293 1067 queant.
1322 999 1467 1065 Quin
1496 999 1666 1053 etiam
1698 1000 1917 1053 decreta
1953 1007 2009 1051 ct

416 1089 847 1145 constitutiones
927 1100 1247 1144 sanctorum
1313 1092 1691 1160 apostolorum
1758 1106 2007 1160 quaqua-

413 1196 659 1243 versum,
677 1183 885 1245 utdixi,
910 1181 1056 1238 foras
1097 1183 1366 1253 prodeunt
1390 1200 1405 1237 :
1428 1193 1482 1236 et
1507 1183 1613 1237 huc
1643 1183 2009 1252 undequaqne

413 1286 524 1326 non
560 1273 737 1363 solum
767 1275 1066 1328 multorum
1105 1274 1343 1338 dierum,
1372 1274 1465 1328 sed
1500 1284 1554 1328 et
1589 1274 1862 1326 mensium
1920 1274 2009 1326 iti-

414 1381 547 1420 nere
601 1365 884 1420 conﬂuunt
941 1367 1163 1422 nemine
1217 1376 1612 1437 persequente,
1673 1376 2010 1421 accusantes

414 1462 762 1528 semetipsos,
788 1460 933 1528 quod
952 1459 1106 1514 Plato
1128 1460 1181 1513 in
1212 1459 1413 1529 Gorgia
1443 1474 1560 1521 eos,
1603 1457 1846 1528 quijusti
1883 1473 2012 1511 eva-

413 1550 541 1604 dere
575 1553 825 1620 cupiunt,
857 1551 1036 1607 facere
1064 1551 1329 1621 praecipit,
1368 1563 1427 1605 ut
1456 1550 1730 1605 sententia
1763 1551 1997 1605 istorum

414 1655 633 1713 recepta
678 1645 982 1714 injunetam
1039 1659 1257 1714 poenam
1315 1659 1480 1714 opere
1531 1644 1810 1713 expleant.
1862 1641 2008 1696 Nihil

413 1736 560 1790 enim
606 1738 674 1791 de
720 1734 785 1791 iis
831 1739 1096 1806 dit-o,qui
1153 1752 1221 1791 ex
1266 1744 1537 1806 prareepto
1589 1735 1715 1788 inde
1762 1734 1830 1788 ab
1884 1736 2012 1787 ulti-

413 1828 519 1881 mis
548 1837 707 1881 terrm
759 1828 961 1881 finibus
1017 1827 1102 1881 vel
1156 1826 1301 1880 ultro
1343 1835 1669 1889 aet-urrunt,
1723 1824 1807 1879 vel
1852 1824 2005 1877 inviti

410 1922 835 1989 pertrahuntur.
867 1920 1002 1983 Quis
1036 1933 1168 1972 vero
1202 1933 1312 1971 non
1342 1917 1728 1987 Obstupescat,
1760 1916 1890 1970 dum
1950 1916 2004 1968 in

411 2014 633 2083 publico
654 2013 991 2067 consistorio
1018 2027 1214 2081 papam
1246 2027 1511 2081 responsa
1540 2012 1764 2065 dantem
1803 2019 1856 2063 et
1882 2023 2006 2063 ora-

410 2105 533 2159 cula
564 2106 879 2159 fundentem
916 2106 1068 2160 audit
1093 2108 1116 2159 ?
1142 2107 1263 2175 quis
1292 2120 1398 2159 non
1428 2103 1732 2157 admiretur
1747 2102 1877 2156 dum
1902 2102 2004 2156 ista

408 2196 601 2250 videt?
628 2195 733 2250 Sed
761 2198 889 2266 quid
924 2198 1079 2266 plura
1102 2199 1172 2252 de
1207 2198 1293 2252 his
1316 2196 1502 2251 dicere
1526 2194 1762 2250 attinet?
1788 2194 1841 2247 Id
1877 2208 2005 2248 vero

408 2287 554 2355 quod
597 2287 665 2341 de
703 2289 1078 2356 apusmlorum
1126 2288 1378 2356 reliquiis
1416 2287 1686 2348 dicebam,
1732 2295 2003 2359 quantum

408 2379 542 2433 huic
589 2378 711 2432 urbi
748 2379 1067 2442 conferant,
1103 2380 1295 2433 videre
1332 2380 1457 2433 licet
1481 2395 1543 2431 ex
1579 2377 2005 2432 Commentariis

2108 544 2230 596 τότε
2255 545 2303 596 οἱ
2331 542 2621 596 ἀπόστολοι
2645 543 2990 607 καθίσονται,
3028 541 3170 594 κατᾶ
3200 541 3298 610 τὴν
3332 543 3695 610 ἐπαγγελίαν,

2109 638 2393 707 κρίννιντες
2432 637 2531 700 τὰς
2561 635 2773 687 δώδεκα
2804 634 2980 702 φυλὰς
3008 632 3101 687 τοῦ
3144 635 3365 704 Ἰσραήλ
3385 650 3397 662 ·
3431 635 3568 687 sm
3601 638 3699 687 καὶ

2110 728 2204 779 νῦν
2232 720 2380 779 οὗτοι
2411 727 2683 796 κάθηνται
2712 727 2803 779 ἐπὶ
2830 726 3043 778 πολλῶν
3068 725 3294 796 θρόνων,
3321 724 3516 795 ὥσπερ
3550 729 3700 790 τινὲς

2108 819 2383 876 δικασταὶ,
2410 818 2693 889 κρίνοντες
2719 818 2817 886 τὴν
2843 819 3194 888 οἰκουμένην.
3226 819 3340 873 Καὶ
3368 819 3467 870 οὐκ
3488 819 3581 872 ἐπὶ
3597 823 3698 889 τῆς

2111 912 2351 981 ἀρχαίας
2386 910 2719 980 Ἐκκλησίας
2758 909 2942 981 μόνον,
2975 910 3111 963 ἀλλὰ
3153 909 3250 962 καὶ
3279 910 3376 962 νῦν
3406 910 3545 964 κατὰ
3595 911 3700 981 τὴν

2112 1005 2290 1057 αὐτῶν
2325 1004 2510 1073 φωνὴν
2541 1003 2675 1055 πᾶσι
2704 1004 2899 1055 συνετά
2936 1002 3290 1071 φθέγγονται.
3324 1004 3433 1055 Καὶ
3480 1002 3583 1069 ἔξω
3610 1020 3698 1066 τε,

2111 1096 2185 1160 ὡς
2211 1092 2391 1159 εἶπον,
2423 1095 2735 1164 πανταχόσε
2763 1095 2830 1147 τὰ
2860 1094 2969 1147 τῶν
3000 1094 3319 1150 ἀποστόλων
3364 1094 3701 1166 ψηφίσματα

2112 1190 2204 1243 καὶ
2254 1190 2603 1257 θεσπίσματα
2635 1189 2917 1259 διαφοιτᾷ.
2972 1189 3079 1241 Καὶ
3131 1187 3294 1258 δεῦρο
3351 1189 3700 1259 πανταχόθεν

2110 1277 2363 1349 ἔρχονται
2411 1277 2637 1331 πολλῶν
2661 1278 2909 1349 ἡμερῶν,
2959 1278 3061 1349 ἢδη
3095 1277 3153 1332 δέ
3187 1281 3282 1331 καὶ
3337 1279 3522 1348 μηνῶν
3570 1277 3697 1330 ὀδξν

2114 1370 2344 1440 μηδενὸς
2375 1369 2669 1432 διώκοντος
2727 1370 2950 1432 αὐτοὺς,
3005 1371 3367 1446 κατεροῦντες
3427 1368 3525 1439 μιν
3567 1371 3700 1422 ἐαυ-

2109 1460 2243 1525 τῶν,
2277 1461 2305 1514 ὃ
2338 1462 2561 1514 Πλάτων
2594 1462 2653 1513 ἐν
2679 1460 2885 1530 Γοργίᾳ
2912 1463 3024 1524 τοῖς
3060 1459 3413 1531 βουλομένοις
3440 1460 3532 1513 καὶ
3567 1460 3703 1532 μέλι

2109 1552 2267 1605 λουσι
2292 1552 2521 1615 δικαίοις
2547 1549 2689 1605 εἶναι
2721 1555 2999 1623 παραινεῖ,
3030 1551 3310 1623 δεξόμενοι
3340 1554 3441 1616 τὰς
3467 1553 3702 1606 ἐκείνων

2112 1645 2443 1714 ἀποφάσεις,
2490 1644 2587 1697 καὶ
2636 1643 3031 1714 πληρώσαντες
3072 1645 3171 1708 τὰς
3224 1644 3530 1712 ἐπιτιμίας.
3590 1645 3702 1697 Ίίὶῶ

2113 1735 2223 1806 γὰρ
2248 1737 2375 1799 τοὺς
2405 1736 2471 1788 ἐκ
2496 1736 2818 1807 προσταγῆς
2845 1735 3131 1807 πόρρωθεν
3156 1737 3263 1790 ἀπὸ
3290 1736 3400 1790 τῶν
3425 1737 3702 1808 ἐσλατιῶν

2110 1829 2211 1897 τῆς
2237 1829 2568 1899 οἰκουμένης
2600 1831 2900 1901 τρέχοντας
2930 1830 2962 1899 ἢ
3015 1830 3346 1900 ἀγομένους.
3391 1830 3487 1893 Τίς
3519 1830 3567 1883 δ’
3590 1830 3702 1884 οὐκ

2108 1919 2174 1974 ἂν
2203 1921 2512 1990 ἐκπλαγείη
2541 1920 2635 1973 τοῦ
2669 1920 2873 1975 πάππα
2903 1921 3117 1975 ἀκούων
3148 1925 3205 1975 ἐν
3233 1920 3402 1992 κοινῷ
3432 1921 3704 1992 συνεδρίῳ

2108 2011 2545 2084 χρηματίζοντος
2582 2015 2678 2065 καὶ
2700 2012 3159 2085 χρησμῳδοῦντος
3188 2032 3202 2079 ;
3228 2014 3312 2076 τίς
3341 2014 3442 2065 οὐκ
3474 2014 3537 2068 ἂν
3564 2013 3703 2069 θαυ-

2065 2169 2076 2175 -
2112 2105 2304 2172 μάσειε
2356 2103 2530 2159 ταῦτα
2590 2104 2770 2175 όρῶν;
2818 2104 2982 2159 ’Λλλὰ
3044 2107 3170 2173 περὶ
3218 2106 3425 2159 τούτων
3484 2107 3536 2158 τί
3587 2104 3701 2175 χρὴ

405 2469 760 2541 Cltrysotomi
791 2472 843 2524 in
873 2472 1173 2541 Epistulam
1209 2470 1361 2524 Pauli
1398 2471 1465 2525 ad
1494 2471 1762 2539 hosipsos
1799 2470 2005 2522 Roma-
2046 2466 2055 2475 ’

413 2578 539 2626 nos,
569 2564 617 2616 si
649 2571 797 2617 recte
828 2564 1079 2627 memini,
1108 2564 1212 2617 sub
1243 2564 1431 2627 tinetn,
1468 2562 1557 2616 ubi
1584 2563 1665 2616 vir
1688 2577 1798 2616 non
1824 2560 2002 2616 solum

410 2672 529 2721 ore,
565 2657 660 2710 sed
689 2665 743 2709 et
765 2655 951 2709 animo
987 2671 1114 2711 vere
1143 2672 1367 2721 aureus,
1400 2663 1577 2709 totum
1608 2669 1923 2709 sermonem
1951 2660 2005 2706 et

406 2763 643 2804 aureum
670 2747 802 2800 illud
835 2751 1099 2817 scriptum
1126 2747 1486 2813 concludens,
1513 2748 1679 2802 veluti
1705 2747 1891 2802 divino
1923 2747 2005 2799 lu-

411 2854 539 2894 rore
566 2839 902 2903 concitatus,
947 2841 1028 2894 bis
1067 2850 1217 2895 terve
1246 2849 1302 2894 et
1334 2840 1840 2909 sarpiusexelamat,
1897 2839 2004 2893 Cu-

413 2944 599 3001 pcrem
633 2930 818 2984 videre
851 2932 1036 2985 urbem
1073 2933 1247 2996 illam,
1271 2932 1501 2986 Romam
1522 2932 1738 2986 scilicet
1771 2972 1784 2997 ,
1819 2931 2002 3001 inqua

414 3023 530 3077 haec
559 3031 615 3077 et
639 3023 744 3077 alia
773 3023 840 3078 de
873 3025 1561 3094 apostoliscorporumque
1588 3039 1780 3078 eorum
1818 3025 2003 3093 sepul—

2110 2197 2279 2250 πλείω
2312 2197 2527 2264 λέγειν,
2572 2199 2637 2249 Ὃ
2665 2198 2719 2249 δὲ
2760 2196 2972 2266 ἔλεγον,
3007 2198 3130 2250 ὅσον
3159 2197 3274 2249 ἐστὶ
3303 2199 3370 2248 τὰ
3413 2196 3523 2249 τῶν
3559 2196 3703 2249 ἀπο-

2111 2291 2317 2343 στόλων
2351 2290 2580 2359 λείψανα
2606 2293 2672 2359 τῇ
2707 2290 2861 2343 πόλει
2903 2293 3099 2361 ταύτῃ,
3138 2291 3410 2361 πάρεστιν
3443 2288 3548 2341 ἀπὸ
3594 2289 3701 2350 τῆς

2122 2381 2473 2453 Ἐξηγήσεως
2503 2380 2596 2435 τοῦ
2622 2383 3012 2451 Χρυσοστόμου
3050 2383 3107 2435 ἐν
3133 2381 3210 2449 τῷ
3244 2379 3389 2434 τέλει
3425 2381 3522 2451 τῆς
3560 2382 3697 2447 πρὸς

2108 2476 2307 2536 αὐτοὺς
2347 2475 2571 2536 τούτους
2612 2473 2741 2537 τοὺς
2779 2472 3110 2541 Ῥωμαίους,
3160 2476 3208 2524 εἰ
3241 2471 3424 2533 καλῶς
3475 2471 3695 2540 μέμνη-

2112 2583 2234 2635 μαι,
2269 2565 2483 2618 Παύλου
2523 2564 2849 2634 Ἐπιστολῆς
2893 2564 3040 2623 ἰδεῖν.
3077 2566 3135 2617 ἐν
3235 2565 3325 2616 τὸν
3357 2563 3477 2616 ὅλον
3511 2561 3697 2630 λόγον,

2108 2661 2202 2710 καὶ
2233 2657 2291 2707 τὸ
2332 2655 2571 2726 χρυσοῦν
2605 2656 2947 2726 σύγγραμμα
2979 2658 3156 2708 ἐκεῖνο
3190 2659 3217 2709 ὁ
3252 2656 3488 2726 χρυσοῦς
3520 2654 3699 2715 ὅντως

2107 2748 2168 2801 οὐ
2196 2748 2256 2800 τὸ
2293 2749 2466 2816 στόμα
2503 2748 2685 2818 μόνον,
2721 2750 2857 2802 ἀλλὰ
2890 2750 2985 2800 καὶ
3014 2750 3113 2815 τὴν
3142 2747 3327 2818 ψυχὴν
3357 2747 3500 2818 ἀνὴρ
3540 2747 3696 2798 ἐκεῖ.

2107 2857 2195 2903 νος
2235 2838 2573 2905 καταπαύει,
2613 2841 2676 2892 ἐν
2735 2837 2818 2903 οἷς
2870 2837 3060 2909 ὥσπερ
3120 2838 3415 2891 ἐνθουσιῶν
3471 2840 3551 2899 δὶς
3592 2841 3698 2889 καὶ

2105 2934 2229 3002 τρὶς
2253 2931 2347 2984 καὶ
2382 2930 2645 2994 πολλάκις
2668 2931 2843 2999 λέγει,
2862 2930 3201 3000 Ἔὸουλόμην
3227 2928 3328 2998 τὴν
3362 2927 3519 2981 πόλιν
3546 2926 3698 2981 ἐκεῖ·

2110 3041 2209 3093 νην
2241 3022 2395 3089 ἰδεῖν,
2429 3024 2529 3092 τὴν
2570 3021 2792 3091 Ῥώμην
2819 3021 3016 3090 λέγων,
3058 3022 3117 3073 ἐν
3207 3018 3277 3071 τὰ
3310 3017 3405 3071 καὶ
3440 3017 3526 3082 τὰ,
3558 3033 3624 3068 πε
3634 3018 3694 3083 pi

410 3123 536 3170 tura
565 3123 619 3169 et
645 3115 934 3185 praesentia
967 3118 1282 3171 referuntur
1310 3136 1323 3172 :
1352 3132 1608 3185 cuperem
1652 3117 1777 3171 illos
1810 3117 1997 3186 pedes,

2108 3115 2216 3169 τῶν
2250 3115 2573 3170 ἀποστόλων
2631 3114 2857 3183 καὶτῆς
2908 3114 3019 3167 τῶν
3076 3113 3349 3183 σωμάτων
3408 3110 3590 3164 αὐτῶν
3629 3112 3694 3161 ἐν

411 3221 672 3280 cuperem
709 3225 737 3258 ιι
763 3222 924 3289 anus,
969 3225 1224 3276 cuperem
1277 3210 1453 3279 capita
1488 3210 1699 3264 videre.
1735 3209 1848 3264 Nec
1880 3226 1999 3265 crs-

413 3307 522 3365 sat,
560 3297 735 3351 instar
779 3312 971 3352 eorum
1027 3303 1119 3368 qui
1167 3300 1457 3369 impotenti
1498 3315 1687 3355 amore
1727 3301 1998 3364 laborant,

412 3391 629 3462 singula
686 3391 925 3445 membra
979 3409 1310 3460 recensere,
1360 3403 1415 3449 et
1462 3394 1771 3449 sexcenties
1806 3395 1996 3448 eadem

411 3486 619 3540 dicere.

492 3662 597 3719 Sed
632 3664 748 3718 haec
767 3664 990 3737 quidem
1026 3679 1172 3717 nunc
1204 3662 1374 3715 inissa
1425 3659 1697 3715 faciamus
1750 3678 1764 3726 ;
1822 3675 2000 3730 neque

408 3762 560 3819 enim
594 3759 903 3812 litterarum
934 3757 1131 3809 modus
1178 3763 1291 3807 tam
1347 3753 1620 3823 prolixum
1683 3767 1995 3806 sermonem

409 3849 691 3906 admittit:
729 3856 788 3904 et
816 3846 1223 3917 qualiacunque
1260 3846 1477 3900 tandem
1506 3845 1831 3908 dixerimus,
1865 3845 2000 3897 nihil

408 3947 477 4000 de
509 3944 578 3997 iis
605 3956 705 4012 pro
741 3939 1009 4010 dignitate
1039 3940 1250 3994 dixisse
1298 3938 1609 3993 videbimur
1644 3954 1658 3990 :
1695 3945 1810 3992 tum
1864 3954 1995 3994 vero

409 4050 587 4106 pauca
637 4034 905 4087 duntaxat
952 4030 1222 4101 principio
1266 4030 1519 4085 dicturus
1554 4046 1705 4085 eram
1735 4047 1748 4085 :
1776 4032 1997 4086 seduon

411 4128 700 4182 obSi-rvavi
742 4141 824 4179 me
874 4124 1089 4193 longius
1121 4124 1342 4176 modum
1371 4123 1703 4178 excessisse.
1742 4122 1866 4179 Haec
1898 4140 1998 4178 au-

412 4230 518 4273 tem
552 4217 698 4270 velut
730 4214 1086 4286 appendicem
1142 4211 1454 4267 litterarum
1511 4226 1761 4266 mearum
1828 4214 1997 4268 animi

409 4309 721 4364 chIeCtaudi
748 4306 920 4377 gratia
953 4304 1203 4360 scribere
1246 4304 1440 4358 volui:
1499 4305 1808 4372 praesertim
1865 4320 1993 4359 cum

413 4405 467 4457 in
496 4404 604 4456 tuis
634 4404 699 4453 ad
736 4416 819 4453 me
846 4398 1042 4452 litteris
1074 4396 1126 4450 id
1155 4410 1378 4466 quoque
1426 4395 1569 4449 inter
1603 4395 1709 4449 alia
1753 4397 1992 4466 positum

411 4492 734 4563 repererim,
767 4491 912 4559 quod
942 4504 1136 4558 parum
1172 4488 1435 4544 scribam.
1464 4484 1644 4544 Hasce
1672 4496 1860 4542 autem
1894 4489 1992 4543 lit-
2029 4468 2071 4523 θ

412 4595 561 4640 teras
591 4583 722 4638 dare
749 4580 987 4643 feStino,
1041 4597 1110 4634 nc
1157 4587 1451 4649 antequam
1495 4576 1751 4634 Venetius
1807 4596 1996 4650 perve-

411 4678 593 4742 niaut,
620 4677 743 4746 ejus
775 4675 1020 4730 civitatis
1044 4674 1300 4727 triremes
1318 4672 1432 4743 jam
1464 4672 1842 4728 discesserint.
1888 4673 1993 4728 Sed

408 4767 658 4835 profecto
688 4768 739 4821 in
761 4765 1071 4834 huiusmodi
1105 4779 1163 4819 re
1190 4765 1241 4818 id
1278 4765 1438 4833 longe
1478 4764 1861 4819 difﬁcillimum
1889 4774 1994 4826 est,

411 4869 562 4916 recte
588 4860 851 4930 incipere,
878 4869 931 4913 et
958 4862 1095 4912 bene
1126 4857 1285 4910 (inire
1315 4874 1329 4923 ;
1357 4873 1482 4911 nam
1514 4867 1622 4910 tota
1674 4873 1763 4914 res
1812 4870 1998 4917 extre-

411 4952 701 5007 mitatibus
723 4951 1001 5013 delinitur,
1020 4958 1073 5003 et
1091 4947 1319 5002 formant
1340 4946 1469 5004 inde
1494 4950 1723 5020 accipit.
1744 4949 1809 5005 Et
1840 4954 1993 5006 multi

413 5052 471 5099 ut
492 5045 744 5099 nesciunt
773 5044 917 5097 unde
944 5041 1347 5111 incipiendum,
1379 5044 1449 5095 ita
1484 5057 1661 5112 neque
1723 5044 1813 5098 ubi
1867 5048 1993 5102 linis

412 5139 777 5205 imponendus
802 5137 891 5197 sit,
928 5151 1090 5204 quos,
1120 5144 1407 5205 postquam
1435 5139 1728 5205 coeperint,
1780 5156 1997 5208 semper

412 5224 559 5292 loqui
587 5238 872 5279 necessum
898 5233 1004 5277 est.
1030 5224 1140 5291 Ego
1156 5237 1339 5278 autem
1359 5232 1511 5279 tanto
1529 5229 1793 5295 temporis
1816 5232 1997 5298 spatio

410 5315 515 5369 isto
543 5314 705 5389 modo
736 5314 879 5384 apud
911 5312 1294 5367 celsitudinem
1327 5324 1474 5369 tuam
1509 5316 1661 5383 silui,
1698 5326 1758 5371 ut
1815 5334 1995 5389 ccepta

414 5404 502 5459 vix
564 5386 783 5459 tandem
841 5404 1038 5458 iterum
1103 5404 1357 5461 oratione
1425 5410 1535 5461 cito
1595 5409 1845 5466 desinere
1904 5430 1997 5467 ne-

411 5514 629 5568 queam.
671 5497 775 5554 Sed
823 5510 882 5552 ut
933 5499 986 5552 in
1041 5499 1333 5568 praeteritis
1366 5500 1698 5557 intermissa:
1734 5505 1997 5560 orationis

411 5590 651 5655 silentio,
688 5589 764 5644 ita
815 5606 962 5644 nunc
1014 5592 1332 5658 loquacitati
1392 5608 1524 5648 mea:
1573 5593 1849 5665 ignosces.
1892 5598 1996 5652 Sed

406 5696 531 5732 eum
563 5681 875 5748 hujnsntodi
910 5684 1073 5737 rebus
1099 5684 1241 5751 apud
1273 5692 1324 5737 te
1353 5685 1614 5756 expositis
1646 5686 1770 5742 ﬁnis
1813 5704 1999 5743 neces-

408 5771 553 5827 sario
581 5772 861 5831 faciendus
920 5776 1014 5843 sit,
1049 5775 1205 5849 nolo.
1232 5785 1413 5831 tamen
1470 5787 1758 5847 propterea
1790 5790 1992 5837 nostrae

2103 3209 2240 3281 αὐτῇ
2288 3211 2467 3279 ταφῆς
2518 3208 2611 3275 καὶ
2680 3208 2993 3280 παρουσίας
3054 3206 3302 3277 φάσκων.
3354 3204 3691 3273 Ἐϐουλόμην

2102 3302 2230 3363 τοὺς
2262 3300 2428 3363 πόδας
2464 3299 2731 3365 ἐκείνους,
2767 3297 3077 3368 ἐϐουλόμην
3102 3296 3201 3359 τὰς
3225 3299 3435 3368 χεῖρας,
3469 3295 3692 3347 ἐϐουλό-

2106 3410 2215 3462 μην
2252 3392 2467 3455 ἐκείνας
2518 3392 2614 3453 τὰς
2672 3391 2922 3460 κεφαλὰς
2974 3389 3126 3443 ιδεῐν.
3159 3391 3268 3445 Καὶ
3314 3388 3375 3442 οὗ
3428 3386 3690 3452 παύεται,

2102 3485 2292 3557 ὥσπερ
2327 3487 2374 3538 oi
2403 3483 2734 3554 δυσέρωτες,
2761 3485 2906 3537 κατὰ
2964 3483 3104 3555 μέλη
3135 3480 3369 3548 διεξιὼν,
3422 3482 3520 3536 καὶ
3580 3498 3690 3549 μυ·

2105 3577 2287 3648 ριόικις
2314 3576 2493 3630 ταυτα
2521 3576 2728 3644 λέγων.
3214 3600 3221 3603 -
3466 3631 3503 3668 θ

2185 3670 2347 3724 Ἀλλὰ
2383 3670 2557 3723 ταῦτα
2594 3669 2693 3739 μὲν
2726 3669 2906 3740 ἐῶμεν
2945 3670 3048 3741 ἥδη
3071 3685 3085 3701 ⁸
3115 3668 3239 3722 οὔτε
3270 3671 3380 3740 γὰρ
3413 3671 3536 3724 κατ’
3567 3670 3690 3725 ἐπι.

2104 3764 2297 3831 στολὴν
2328 3762 2569 3815 τοσαῦτα
2600 3764 2806 3831 λέγειν,
2838 3766 2935 3816 καὶ
2982 3763 3084 3815 ὅσα
3112 3763 3179 3817 ἂν
3233 3764 3509 3831 εἴποιμεν,
3535 3764 3689 3818 οὐδὲν

2104 3860 2168 3911 ἂν
2195 3858 2323 3928 περὶ
2359 3859 2564 3911 τούτων
2587 3859 2783 3928 είημεν
2815 3858 2949 3927 πρὸς
2983 3858 3142 3922 ἀξίαν
3174 3860 3482 3929 εἰρηκότες·
3509 3859 3690 3922 ἄλλως

2100 3969 2159 4005 τε
2195 3950 2452 4021 ἠρξάμην
2491 3953 2595 4020 μὲν
2622 3953 2695 4014 ὡς
2719 3951 2883 4020 ὀλίγα
2919 3952 3083 4019 ἐρῶν,
3122 3951 3315 4005 ἔλαθον
3360 3952 3416 4003 δὲ
3448 3952 3689 4021 ἐμαυτὸν

2104 4044 2310 4115 σψόδρα
2339 4044 2506 4107 ἐκϐάς
2529 4042 2623 4095 τοῦ
2653 4045 2875 4113 μέτρου.
2903 4038 3008 4098 Οία
3028 4044 3083 4098 δέ
3107 4042 3378 4113 ἐπιθήκην
3401 4044 3513 4096 τῶν
3536 4043 3691 4112 ἐμῶν

2100 4136 2448 4205 γραμμάτων
2486 4134 2644 4188 τοῦτο
2680 4135 3021 4206 ποιούμενος,
3057 4134 3328 4205 θυμηδίας
3374 4136 3522 4198 τινὸς
3585 4138 3691 4206 χά-

2105 4242 2213 4295 ριν,
2241 4226 2414 4277 ταῦτα
2452 4224 2761 4296 ἐϐουλήθην
2809 4229 3051 4298 γράψαν
3095 4226 3317 4296 μάλισθ’
3350 4229 3434 4279 ὅτι
3477 4228 3536 4279 ἐν
3569 4232 3692 4291 τοῖς

2102 4318 2216 4379 σοῖς
2252 4317 2390 4386 πρὸς
2418 4318 2519 4386 ἐμὲ
2556 4319 2853 4389 γράμμασι
2888 4320 3026 4388 πρὸς
3056 4323 3169 4383 τοῖς
3197 4320 3381 4385 ἄλλοις
3411 4321 3505 4373 καὶ
3525 4320 3693 4373 τοῦτο

2099 4400 2257 4477 εὖρον
2301 4410 2645 4478 ἐγκείμενον,
2676 4411 2750 4474 ὡς
2799 4411 2958 4479 ὀλίγα
2991 4411 3319 4465 ἐπιστέλλω.
3370 4411 3599 4465 Σπεύδω
3630 4413 3691 4466 δὲ

2100 4502 2272 4557 ταῦτα
2310 4505 2517 4568 δοῦναι,
2570 4506 2645 4574 μὴ
2680 4505 2789 4576 πρὸ
2823 4498 2918 4574 τῆς
2952 4506 3031 4569 εἰς
3073 4506 3323 4559 Βενετίαν
3352 4504 3532 4558 αὐτῶν
3561 4507 3698 4573 ἀφί-

2099 4599 2235 4665 ξεως
2265 4598 2322 4651 αἱ
2344 4599 2591 4668 τριήρεις
2620 4602 2719 4668 τῆς
2747 4598 2957 4662 πόλεως
2994 4598 3211 4666 ἐκείνης
3241 4598 3521 4667 φθάσωσιν
3554 4600 3695 4652 ἀνα-

2098 4692 2334 4760 χθεῐσαι.
2376 4690 2520 4742 ’Δλλ“
2547 4690 2715 4753 ὅντως
2746 4692 2805 4742 ἐν
2836 4692 2999 4742 παντὶ
3031 4689 3321 4759 πράγματι
3360 4691 3536 4743 ἐκεῖνό
3566 4693 3694 4743 ἐστι

2101 4783 2301 4852 μᾶλλον
2336 4781 2619 4841 δύσκολον,
2649 4782 2867 4843 οἰκείως
2900 4799 2959 4834 τε
2987 4781 3283 4851 ἄρξασθαι,
3312 4782 3405 4835 καὶ
3444 4781 3693 4845 δεόντως

2098 4872 2447 4940 τελευτῆσαι.
2481 4873 2593 4925 Καὶ
2623 4873 2685 4924 τὸ
2720 4872 2841 4925 ὅλον
2874 4872 2930 4925 δὲ
2965 4873 3150 4937 ἁπλῶς
3189 4874 3303 4936 τοῖς
3349 4872 3537 4942 ἄκροις
3566 4874 3696 4943 dpl-

2098 4962 2250 5026 ζεται
2277 4966 2368 5015 καὶ
2410 4964 2630 5033 μορφὴν
2663 4964 2950 5035 λαμϐάνει.
2984 4965 3096 5018 Καὶ
3122 4965 3309 5035 πολλοὶ
3341 4964 3532 5030 ὦεπερ
3556 4963 3691 5016 ὅθεν

2097 5056 2177 5108 δεῖ
2207 5055 2481 5125 ἄρξασθαι
2531 5057 2631 5109 οὐκ
2667 5058 2871 5122 ἴσασιν,
2907 5059 3080 5121 οὓτως
3107 5059 3217 5111 οὐδ’
3248 5032 3383 5112 ἕπου
3420 5058 3502 5110 δεῖ
3528 5056 3692 5118 τέλος

2098 5147 2385 5201 ἐπιθεῖναι.
2434 5150 2676 5218 ’Δνάγκη
2722 5149 2785 5218 δὴ
2827 5150 3048 5212 τούτους
3080 5150 3421 5221 ἁρξαμένσυς
3463 5150 3549 5201 ἀεὶ
3589 5148 3692 5202 λα-

2098 5239 2230 5291 λεῖν.
2278 5238 2420 5306 Ἐγὼ
2443 5241 2498 5292 δὲ
2524 5242 2615 5292 καὶ
2638 5240 2891 5294 τοσοῦτον
2923 5244 3117 5312 χρόνον
3149 5242 3241 5294 τὸν
3264 5242 3468 5311 τρόπον
3494 5238 3692 5293 τοῦτον

2100 5331 2235 5399 πρὸς
2269 5331 2331 5383 τὸ
2360 5331 2452 5384 σὸν
2488 5331 2618 5400 ὕψος
2654 5331 2966 5401 ἐσιώπησα,
2992 5333 3134 5385 ὥστε
3175 5333 3329 5400 μόλις
3364 5332 3495 5385 ποτέ
3524 5330 3694 5395 αὖθις

2099 5423 2404 5491 ἀρξάμενος
2436 5426 2498 5476 οὐ
2533 5424 2770 5492 δύναμαι
2806 5427 3020 5495 ταχέως
3068 5424 3255 5490 λῆξαι.
3290 5423 3592 5495 Συγγνώσῃ
3628 5425 3692 5476 δέ

2101 5530 2202 5582 μου
2230 5514 2419 5583 ὥσπερ
2444 5516 2500 5565 ἐν
2527 5518 2635 5576 τοῖς
2664 5514 2904 5583 φθάσασι
2942 5519 3004 5586 τῇ
3042 5516 3184 5568 κατὰ
3212 5514 3306 5567 τὸν
3341 5513 3541 5582 τρόπον
3560 5516 3693 5564 το]-

2098 5621 2189 5656 τον
2221 5606 2383 5673 μέχρι
2410 5606 2552 5667 τινὸς
2584 5607 2675 5658 τοῦ
2702 5607 2886 5675 λέγειν
2925 5611 3131 5677 σιωπῇ,
3162 5607 3307 5660 οὕτω
3354 5605 3448 5657 νῦν
3484 5606 3549 5673 τῇ
3580 5621 3693 5658 πο-

2098 5693 2563 5764 λυλογίᾳ.’Λλλως
2592 5714 2650 5747 τε
2680 5699 2774 5749 καὶ⁵
2800 5700 2930 5769 περὶ
2955 5700 3215 5752 τοιούτων
3241 5698 3375 5767 πρὸς
3404 5696 3463 5747 σὲ
3493 5695 3695 5762 λόγον-

2100 5802 2191 5849 τος
2220 5788 2431 5857 ἀνάγκη
2463 5805 2522 5855 γε
2580 5793 2685 5859 μὴν
2716 5791 2866 5854 τέλος
2902 5791 3191 5845 ἐπιθεῖναι.
3223 5791 3295 5844 Οὐ
3324 5788 3589 5860 βούλομαι
3622 5790 3695 5848 δὲ

3950 2644 3957 2657 ί

3949 2666 3958 2677 ι

3962 2534 3972 2601 i
