3972 6450
409 321 481 384 39
1561 310 1961 371 MANUEIJS
2021 308 2552 371 CHllYSOLORl‘I
3612 317 3691 368 40

411 450 509 490 nec
550 433 674 488 huic
706 431 932 486 alterius
962 427 1232 483 coloniam
1272 426 1549 496 ﬁliamque
1578 442 1719 487 esse,
1752 442 1852 480 nec
1885 442 1985 478 un-

2101 432 2315 498 μητέρα
2341 423 2506 491 εἶναι,
2542 426 2678 497 μήτε
2715 421 2933 493 ἐκείνην
2970 420 3137 490 ἄλλης
3171 422 3431 476 ἀποικίαν
3465 424 3562 477 καὶ
3585 424 3688 478 θυ-

405 541 596 595 quam,
654 523 798 578 sicut
848 522 1010 576 modo
1045 520 1182 585 dixi,
1232 516 1382 573 tanta
1440 519 1491 570 in
1531 527 1703 571 matre
1754 525 1808 569 ct
1855 516 1985 577 tilia,

405 630 607 688 quanta
632 617 682 670 in
724 615 891 679 hisce,
918 614 1221 669 similitudo
1261 612 1439 666 fuerit.
1471 611 1546 663 Ita
1581 621 1635 663 nt
1667 609 1831 678 hujus
1861 611 1989 677 pul-

404 711 675 773 chritudo,
715 709 889 762 instar
920 707 1059 775 ignis
1091 716 1184 759 aut
1221 704 1362 759 radii
1397 702 1616 757 aliunde
1648 702 1886 764 acerrisi,
1918 702 1987 752 ab

405 802 494 856 illa
528 800 802 866 acceperit
839 807 1215 867 augmentum.
1258 793 1388 847 Nam
1445 795 1490 847 si
1534 792 1667 844 nihil
1698 791 1844 844 aliud
1885 808 1985 845 no-

403 893 488 949 bis
513 892 806 946 diccndnm
833 897 1170 960 suppeteret,
1198 888 1336 941 situs
1368 886 1457 939 ille
1481 900 1668 938 Versus
1700 893 1876 936 utram
1903 900 1987 947 lue

402 984 799 1046 continentem,
831 981 1102 1050 Europam
1138 980 1262 1033 dico
1291 988 1344 1032 ct
1370 977 1550 1031 Asiam
1577 1017 1592 1041 ,
1627 985 1680 1030 et
1716 978 1987 1031 connexio

403 1075 865 1148 Septemtrinnalis
899 1083 952 1126 et
1002 1071 1375 1125 meridionalis
1420 1070 1605 1132 maris,
1652 1073 1724 1122 ita
1770 1078 1827 1123 ut
1862 1070 1987 1122 hinc

372 1168 819 1228 .rontincntium,
849 1165 1045 1219 isthinc
1066 1179 1368 1231 aequorum,
1393 1164 1473 1214 vel
1497 1163 1676 1233 potius
1708 1173 1985 1215 utrorum-

401 1280 507 1332 que
534 1260 799 1316 brnclicio
824 1260 1010 1312 urbem
1040 1266 1313 1310 terrarum
1335 1269 1635 1323 gentesque
1668 1254 1833 1317 illius,
1862 1264 1984 1306 tan-

401 1371 564 1425 quam
616 1350 896 1406 rommnni
930 1350 1167 1418 quodam
1213 1346 1429 1400 vinculo
1495 1346 1817 1415 coniungat,
1866 1359 1987 1396 rur-

403 1458 638 1511 sumque
668 1457 695 1493 a
726 1456 785 1494 se
814 1439 1049 1492 invicem
1084 1437 1331 1492 secludat
1368 1437 1485 1506 ipsa
1520 1435 1663 1488 velut
1698 1435 1764 1489 ad
1801 1445 1988 1503 portas

402 1536 762 1602 sita.qnibus,
786 1546 989 1601 quaeso,
1013 1530 1064 1583 id
1094 1545 1204 1582 non
1233 1530 1365 1582 utile
1384 1529 1559 1581 Sultttn
1591 1537 1643 1582 et
1670 1527 1984 1596 pulchrum,

404 1627 497 1680 sed
526 1628 685 1678 etiam
716 1623 926 1692 regium
960 1635 1067 1673 non
1105 1618 1434 1673 videretur?
1470 1618 1603 1671 Nam
1640 1629 1828 1685 portus
1865 1634 1988 1669 uu-u

399 1719 607 1788 judicio
642 1714 855 1770 ca-teris
892 1714 1060 1768 tutius
1105 1712 1258 1765 orbis
1290 1710 1663 1780 magnitudine
1698 1721 1750 1763 et
1778 1708 1986 1762 hct'llli-

2094 522 2305 592 γατέρα
2326 538 2340 554 ·
2372 522 2509 591 μήτε
2532 520 2639 591 μὴν
2674 521 2728 572 ἐν
2757 518 2928 589 μητρὶ
2958 518 3055 570 καὶ
3085 518 3339 587 θυγατρὶ,
3364 517 3502 585 ὅπερ
3522 516 3687 585 ἔφην,

2093 617 2225 685 ὅσην
2258 616 2315 667 ὲν
2368 613 2595 675 ταύταις
2650 614 2780 664 ποτὲ
2834 611 3131 681 ὁμοιότητα
3172 609 3468 676 γενέσθαι·
3522 610 3586 662 τό
3618 626 3687 676 γε

2096 708 2206 776 μὴν
2255 707 2463 773 ταύτης
2520 705 2737 768 κάλλος,
2766 704 2955 773 ὥσπερ
2992 702 3137 767 τινὸς
3174 700 3350 773 πυρὸς
3392 701 3426 773 ἢ
3460 703 3689 764 ἀκτῖνος

2093 797 2309 867 ἔξαψιν,
2344 797 2441 848 ἀπ’
2476 796 2693 865 ἐκείνης
2726 796 2968 850 ἐπίδοσιν
3000 795 3308 864 εἰληφέναι.
3349 795 3408 846 El
3443 794 3552 863 γὰρ
3583 812 3690 863 μη-

2092 888 2179 940 δὲν
2240 887 2431 953 ἕτερον
2477 887 2660 955 λέγειν
2692 886 2913 956 ἔχομεν,
2947 886 3061 938 ἀλλ’
3096 886 3128 955 ἡ
3193 886 3330 950 πρὸς
3363 885 3689 954 ἀμφοτέρας

2092 981 2190 1044 τὰς
2243 982 2530 1051 ἠπείρους,
2567 982 2666 1052 τήν
2716 999 2773 1035 τε
2828 981 3099 1051 Εὐρώπην
3150 979 3291 1048 λέγω
3339 980 3433 1033 καὶ
3472 962 3688 1044 Ἀσίαν,

2094 1076 2263 1137 θέσις,
2298 1074 2414 1127 ἀλλ’
2450 1078 2481 1135 ἠ
2517 1075 2787 1145 συνάφεια
2812 1075 2910 1144 τῆς
2951 1092 3010 1127 τε
3044 1073 3301 1145 ἁρκτῴας
3339 1074 3435 1126 καὶ
3470 1090 3692 1143 μεσημ-

2093 1168 2283 1240 ϐρινῆς
2340 1168 2645 1237 θαλάσσης,
2678 1168 2819 1221 ὥστε
2880 1170 2944 1237 τῇ
2998 1168 3098 1236 μὲν
3131 1168 3217 1220 διὰ
3265 1166 3376 1219 τῶν
3406 1167 3688 1237 ἠπείρων,

2091 1267 2161 1334 τῇ
2205 1264 2259 1316 δὲ
2294 1265 2380 1317 διὰ
2405 1264 2515 1317 τῶν
2548 1263 2859 1323 θαλασσῶν,
2904 1263 3108 1332 μᾶλλον
3140 1262 3198 1316 δὲ
3229 1262 3298 1314 δι’
3326 1263 3686 1331 ἀμφοτέρων,

2094 1356 2286 1427 ὥσπερ
2319 1359 2376 1409 ὲν
2402 1356 2567 1427 κοινῷ
2597 1373 2701 1408 τινι
2728 1355 3015 1425 συνδέσμῳ
3040 1357 3337 1408 συνάπτειν
3365 1356 3457 1406 καὶ
3479 1354 3691 1408 κλείειν

2093 1447 2252 1513 αὖθις
2286 1452 2380 1503 ἀπ’
2428 1449 2692 1519 ἀλλήλων,
2750 1448 2940 1516 ὥσπερ
2973 1450 3065 1501 ἐπὶ
3113 1449 3299 1502 πυλῶν
3349 1449 3687 1517 ἱσταμένην,

2094 1543 2192 1612 τὴν
2241 1542 2595 1611 οἰκουμένην,
2628 1543 2722 1595 καὶ
2752 1542 2821 1593 τὰ
2854 1544 2944 1595 ἐπὶ
2975 1541 3181 1609 ταύτης
3232 1542 3385 1609 ἔθνη,
3413 1541 3555 1596 τίσιν
3584 1542 3694 1596 οὐκ

2090 1635 2157 1687 ἂν
2180 1634 2350 1697 δόξειε
2386 1634 2549 1703 μόνον
2575 1636 2849 1703 χρήσιμον
2881 1635 2976 1686 καὶ
3007 1633 3238 1703 ὡραῖον,
3270 1632 3406 1684 ἀλλὰ
3457 1634 3551 1687 καὶ
3586 1631 3691 1700 βα-

2097 1728 2305 1780 σιλικὸν
2335 1723 2512 1793 εἷναις
2546 1727 2615 1779 Ὅ
2650 1744 2713 1793 γε
2767 1726 2872 1797 μὴν
2900 1725 3089 1795 λιμὴν,
3122 1724 3312 1789 νικῶν,
3348 1720 3523 1791 οἶμαι,
3559 1725 3693 1787 τοὺς

404 1819 512 1863 tate
543 1807 898 1869 antecellens,
931 1802 1180 1857 omnium
1214 1802 1392 1857 ubivis
1430 1803 1672 1855 locorum
1703 1808 1990 1854 contexta-

2101 1818 2420 1888 ἁπανταχοῦ
2478 1818 2699 1888 μεγέθει
2751 1818 2841 1869 καὶ
2909 1817 3206 1886 ἀσφαλείᾳ,
3263 1816 3444 1875 πάσας
3492 1816 3557 1866 ἂν
3586 1815 3695 1877 τὰς

401 1918 523 1957 rum
562 1901 870 1954 triremium
904 1900 1236 1966 naviumque
1280 1910 1483 1964 capax:
1520 1906 1633 1950 tum
1670 1894 1816 1962 quod
1853 1902 1987 1955 tota,

401 2005 459 2051 ut
487 1996 559 2049 ita
591 1996 792 2059 dicam,
837 1992 974 2046 mari
1012 2000 1067 2045 et
1092 1990 1398 2044 continenti
1428 1988 1788 2042 circumcirca
1821 1986 1993 2055 cingi-

402 2101 514 2155 tur,
553 2090 625 2141 ita
654 2096 713 2140 ut
759 2086 949 2140 eadem
987 2092 1042 2137 ct
1063 2082 1354 2138 continens
1400 2081 1662 2149 undique,
1716 2090 1765 2131 et
1814 2079 1990 2132 insula

400 2180 531 2234 item
572 2178 850 2233 terrestris
876 2174 1040 2230 simul
1073 2182 1240 2242 atque
1281 2172 1555 2225 maritima
1588 2173 1681 2223 sit.
1724 2168 1989 2222 Minnioni

399 2285 622 2341 quoque
650 2283 850 2324 corona
882 2281 1075 2321 revera
1095 2275 1150 2319 et
1180 2264 1443 2329 ambitus,
1465 2266 1557 2331 qui
1584 2260 1768 2315 nescTo
1790 2277 1856 2314 an
1883 2262 1991 2314 nlla

397 2365 453 2418 iu
490 2380 546 2418 re
568 2362 881 2433 Babyloniis
910 2361 1107 2414 cedere
1132 2359 1305 2427 possit
1332 2374 1345 2407 :
1377 2368 1430 2410 et
1449 2356 1685 2408 turrium
1716 2354 1770 2406 in
1798 2354 1990 2407 iisdem

400 2456 731 2526 frequentia,
764 2452 1083 2523 magnitudo
1120 2462 1172 2505 et
1201 2450 1435 2504 altitudo
1466 2465 1480 2514 ;
1510 2448 1581 2517 ita
1620 2457 1679 2499 ut
1730 2446 1995 2516 qua-libet

402 2566 592 2604 earum
628 2551 672 2603 si
713 2550 794 2601 vel
830 2547 942 2601 sola
972 2551 1144 2608 esset,
1200 2559 1309 2612 pra:
1368 2543 1563 2612 quavis
1614 2539 1720 2593 alia
1781 2540 1992 2607 integra

400 2654 672 2701 structura
692 2640 1107 2693 admirationem
1125 2635 1526 2706 spectatoribus
1550 2634 1792 2689 incutere
1808 2641 1990 2701 queat:

398 2753 525 2792 cum
557 2735 635 2788 vel
662 2734 778 2787 sola
809 2734 1074 2804 graduum
1116 2729 1319 2800 quibus
1371 2728 1824 2783 eonscendnntur
1878 2741 1991 2779 ma-

400 2827 652 2898 gnitudo,
686 2826 975 2880 crassities
1004 2836 1053 2878 et
1094 2834 1376 2878 aructura
1426 2821 1789 2877 admiratione
1828 2819 1993 2889 digna

400 2923 473 2977 sit
505 2940 518 2976 :
564 2933 677 2974 tum
720 2935 844 2973 vero
890 2918 1180 2981 omnium,
1214 2929 1384 2987 porta:
1418 2916 1771 2985 turriumque
1801 2916 1853 2968 in
1887 2914 1994 2966 illis

401 3014 760 3067 eminentiora:
792 3010 1088 3079 splendor:
1114 3018 1167 3061 et
1195 3023 1293 3077 pro
1329 3008 1602 3062 [omnibus
1631 3004 1990 3067 antemurale,

401 3105 548 3176 quod
578 3104 754 3158 solum
789 3102 943 3156 alteri
998 3099 1208 3155 civitati
1242 3115 1339 3169 pro
1395 3115 1591 3154 securo
1646 3098 1990 3151 munimento

395 3197 701 3253 subiceret:
732 3205 843 3249 tum
872 3196 1052 3249 adhuc
1077 3195 1347 3248 fossarum
1376 3195 1583 3264 egestio
1609 3203 1662 3245 et
1686 3201 1986 3249 structum.

401 3305 701 3360 carumque
725 3290 958 3343 latitudo
976 3298 1027 3342 et
1052 3288 1423 3359 profunditas,
1444 3296 1497 3341 ct
1522 3302 1679 3357 aquae
1709 3288 1759 3339 in
1792 3287 1860 3338 iis
1883 3293 1985 3337 1cm

402 3383 557 3450 conia
587 3401 599 3436 :
638 3393 694 3436 ut
729 3399 835 3451 qua
870 3392 1081 3436 tantum
1129 3391 1283 3449 parte
1316 3397 1378 3434 ea
1406 3381 1617 3444 deerat,
1659 3379 1820 3433 isthic
1852 3395 1988 3446 qun-

403 3492 509 3543 que
539 3475 684 3527 illius
723 3475 986 3528 bencticio
1020 3475 1149 3528 urbs
1180 3473 1455 3526 maritima
1489 3474 1771 3525 videatur:
1800 3489 1992 3543 quem-

407 3570 700 3621 admodum
758 3569 875 3621 vice
927 3583 1105 3633 versa,
1164 3581 1271 3636 qua
1330 3578 1483 3635 parte
1540 3567 1817 3619 maritima
1884 3576 1987 3626 est,

406 3672 629 3730 propter
661 3660 867 3713 insulas
905 3661 1115 3714 vicinas
1148 3658 1453 3713 continenti
1493 3659 1772 3713 adhznrere
1806 3658 1992 3712 vidca-

404 3766 534 3805 tur:
567 3762 625 3805 ut
650 3754 793 3821 quod
829 3754 896 3806 de
945 3753 1363 3806 Atheniensium
1397 3750 1621 3805 civitate
1653 3751 1874 3821 quidam
1910 3752 1989 3804 ni-

408 3843 503 3907 xit,
530 3860 649 3897 cam
689 3856 743 3898 et
775 3844 1225 3914 prxternarigari
1269 3856 1321 3899 et
1349 3846 1808 3914 circumnarigari
1838 3842 1993 3914 pedi?

405 3937 618 4007 busqne
666 3939 889 3993 circuiri
939 3953 1115 4007 posse,
1143 3940 1257 3992 haec
1303 3939 1468 3993 etiam
1518 3940 1738 4008 gemino
1780 3939 1992 3992 ambitu

408 4031 743 4093 circueatur,
800 4033 1103 4101 eademque
1171 4031 1529 4087 nihilominus
1569 4045 1790 4103 propter
1837 4028 1993 4102 aqua:

408 4126 621 4195 eupiam
649 4125 921 4178 maritima
952 4124 1024 4177 sit
1051 4146 1063 4179 :
1098 4125 1231 4189 inec,
1251 4125 1499 4193 inquam,
1519 4126 1702 4178 omnia
1718 4126 1845 4194 quid
1872 4127 1995 4179 reli-

407 4232 577 4287 quum
607 4204 813 4271 faciunt
831 4233 940 4287 quo
959 4218 1208 4287 superari
1230 4232 1259 4270 a
1289 4231 1569 4286 quoquam
1591 4217 1802 4285 possint
1822 4218 1843 4270 ί
1861 4219 1991 4285 quin

408 4311 591 4382 potius
612 4326 722 4381 quo
744 4313 937 4365 saltem
968 4311 1154 4366 accedi
1185 4311 1254 4364 de
1280 4312 1534 4381 proximo
1554 4309 1762 4378 p0ssint
1784 4321 1840 4362 et
1857 4324 1996 4361 ολω-

407 4404 606 4477 quari?
628 4402 895 4459 Interiora
927 4415 1107 4458 autem
1139 4404 1291 4459 urbis
1312 4404 1588 4457 inmitibus
1614 4413 1670 4456 et
1692 4401 1994 4470 exemplari

2095 1911 2418 1981 ἁπανταχοῦ
2456 1910 2680 1964 πώποτε
2703 1911 3006 1980 γενομένας
3041 1912 3292 1981 τριήρεις
3323 1909 3420 1962 καὶ
3450 1910 3691 1972 ὁλκάδας

2095 1998 2207 2066 οἷός
2244 2020 2303 2056 τε
2333 2001 2410 2057 ὣν
2462 2001 2721 2066 δέξασθαι
2746 2016 2761 2031 ·
2796 2000 2855 2054 τὸ
2896 2000 2953 2052 δὲ
2982 2000 3166 2068 κύκλῳ
3196 1997 3321 2053 καθ’
3350 1999 3480 2067 ὅλην
3505 2001 3579 2061 ὡς
3608 2002 3697 2051 εἰ-

2097 2096 2221 2148 πεῖν
2257 2094 2461 2159 ἑαυτὴν
2507 2074 2787 2147 θάλασσάν
2817 2109 2878 2145 τε
2915 2094 3008 2171 κα)
3055 2092 3284 2163 ἤπειρον
3337 2089 3695 2159 πανταχόθεν

2097 2188 2263 2258 ἔχειν,
2299 2185 2440 2239 ὥστε
2471 2186 2569 2257 τὴν
2614 2185 2789 2252 αὐτὴν
2820 2185 3006 2253 πάντη
3043 2202 3102 2236 τε
3137 2184 3368 2256 ἤπειρον
3405 2184 3497 2235 καὶ
3523 2182 3694 2252 νῆσον

2095 2277 2260 2345 εἶναι,
2289 2278 2585 2350 πρόσγειόν
2617 2294 2675 2329 τε
2700 2276 2797 2348 τὴν
2830 2276 3003 2347 αὐτὴν
3043 2277 3159 2346 ἅμα
3186 2276 3283 2329 καὶ
3314 2277 3585 2341 πελαγίαν
3606 2292 3619 2305 ·
3663 2278 3695 2330 ὁ

2094 2373 2150 2425 δὲ
2183 2372 2291 2425 τῶν
2315 2370 2517 2440 τειχῶν
2550 2369 2817 2437 στέφανος
2840 2368 3058 2438 ἀληθῶς
3081 2370 3175 2421 καὶ
3206 2367 3409 2429 κύκλος
3443 2368 3545 2421 οὐκ
3570 2363 3694 2420 οἴδα

2098 2470 2155 2519 ἐν
2181 2465 2286 2517 τίνι
2311 2463 2630 2532 δυναμένων
2669 2460 2957 2514 λείπεσθαι
2990 2461 3098 2514 τῶν
3129 2459 3526 2513 Βαϐυλωνίων·
3562 2463 3592 2530 ἡ
3629 2460 3687 2513 δὲ

2095 2559 2208 2611 τῶν
2242 2557 2301 2610 ὲν
2332 2556 2517 2617 αὐτοῖς
2554 2555 2786 2624 πύργων
2813 2555 3093 2621 πυκνότης
3119 2554 3214 2606 καὶ
3238 2553 3297 2606 τὸ
3330 2552 3562 2621 μέγεθος
3591 2553 3695 2607 καὶ

2098 2651 2256 2722 ὕψος,
2313 2650 2456 2703 ὥστε
2515 2649 2772 2711 ἕκαστον,
2820 2648 2867 2698 εί
2896 2647 2990 2700 καὶ
3040 2646 3203 2715 μόνος
3230 2641 3299 2716 ἦν
3326 2646 3528 2715 δήπου,
3562 2645 3693 2698 καθ’
3768 2686 3780 2693 .

2097 2744 2291 2798 ἑαυτὸν
2340 2742 2457 2795 ἀντ’
2498 2740 2667 2804 ἄλλης
2718 2740 2866 2801 τινὸς
2922 2739 3053 2805 ὅλης
3087 2739 3381 2808 οἰκοδομῆς
3422 2736 3696 2790 δύναέθαι

2097 2839 2286 2907 θαῦμα
2316 2836 2587 2904 παρέχειν
2623 2836 2739 2897 τοῖς
2778 2832 3099 2899 θεωμένοις.
3132 2824 3233 2882 Ὧν
3264 2830 3326 2900 δὴ
3380 2831 3473 2883 καὶ
3509 2829 3695 2897 μόνων

2097 2933 2206 2985 τῶν
2237 2930 2564 2998 ἁναγουοῶν
2594 2929 2676 2990 είς
2714 2927 2857 2980 αὐτὰ
2882 2925 3175 2993 κλιμάκων
3201 2923 3351 2987 ἀξιον
3382 2918 3524 2974 εἶναι
3556 2920 3698 2973 θαυ-

2102 3027 2273 3096 μάσαι
2295 3024 2356 3074 τὺ
2384 3020 2635 3091 μέγεθος,
2660 3010 2752 3072 καὶ
2781 3019 2873 3071 τὸν
2892 3017 3058 3086 ὄγκον
3087 3015 3179 3069 καὶ
3200 3014 3495 3084 οἰκοδομήν
3512 3030 3527 3045 ·
3551 3014 3605 3064 αἱ
3630 3012 3695 3064 δὲ

2098 3120 2205 3170 τῶν
2221 3116 2594 3186 τειχῶνπύλαι
2614 3112 2708 3169 και
2733 3112 2891 3181 ἡτῶν
2911 3115 2969 3164 ὲν
2989 3111 3172 3168 αὐτοῖς
3197 3111 3424 3178 πύργων
3439 3107 3697 3176 λαμπρά·

2103 3229 2219 3283 της·
2243 3213 2301 3265 τὸ
2325 3212 2379 3263 δὲ
2409 3212 2518 3282 πρὸ
2533 3210 2627 3261 τοῦ
2664 3209 2881 3279 τείχους
2923 3209 3095 3275 τεῖχος
3114 3206 3327 3274 ἕτερον,
3358 3203 3521 3270 ἑτέρᾳ
3540 3200 3696 3252 πόλει

2102 3308 2263 3377 μόνον
2299 3306 2362 3356 ἂν
2396 3306 2517 3356 ἀντὶ
2542 3302 2819 3372 ἐρύματος
2840 3298 3115 3366 ἀσφαλοῦς
3150 3297 3392 3363 ἀρκέσαν
3412 3308 3425 3321 ·
3446 3295 3477 3362 ἡ
3499 3293 3553 3345 δὲ
3581 3293 3694 3345 τῶν

2101 3400 2192 3450 ἐπὶ
2212 3395 2422 3457 τούτοις
2446 3393 2669 3463 τάφρων
2689 3392 2934 3462 διωρυχὴ
2961 3389 3055 3443 καὶ
3074 3387 3449 3455 οἰκοδομὴ,καὶ
3479 3385 3539 3438 τὸ
3569 3384 3697 3436 τού-

2098 3507 2207 3540 των
2240 3486 2394 3558 εὖρός
2429 3503 2486 3537 τε
2522 3488 2616 3538 καὶ⁵
2648 3483 2803 3555 ὕψος,
2839 3484 2897 3535 τὸ
2931 3483 2988 3535 δὲ
3032 3480 3237 3549 πλῆθος
3265 3478 3376 3531 τῶν
3403 3480 3462 3531 ὲν
3496 3476 3694 3538 αὐταῖς

2101 3582 2343 3634 ὑδάτων·
2389 3578 2531 3631 ὥστε
2579 3570 2624 3645 ᾧ
2655 3579 2812 3646 μέρει
2867 3577 3035 3644 μόνον
3072 3573 3345 3636 ἐλείπετο,
3378 3570 3475 3623 καὶ
3516 3568 3693 3640 ταύτῃ

2100 3673 2280 3724 δοκεῖν
2310 3670 2583 3737 πελαγίαν
2607 3668 2709 3738 τὴν
2745 3667 2903 3720 πόλιν
2937 3665 3080 3720 εἶναι
3104 3666 3193 3719 διὰ
3240 3664 3467 3728 τούτων,
3498 3662 3694 3732 ὥσπερ

2100 3764 2168 3819 αῦ
2206 3767 2263 3817 ὲν
2295 3757 2339 3829 ᾧ
2368 3762 2525 3834 μέρει
2559 3762 2799 3829 πελαγία
2831 3763 3110 3826 φαίνεται,
3140 3758 3431 3829 πρόσγειον
3457 3757 3548 3811 διὰ
3579 3757 3692 3810 τῶν

2101 3863 2302 3930 νήσων·
2320 3859 2449 3913 ὥσθ’
2472 3861 2567 3912 ὃπε
2580 3876 2608 3930 ρ
2627 3853 2749 3912 εἶπέ
2768 3874 2849 3920 τις
2869 3873 2938 3909 πε
2948 3858 3000 3925 ρ“ι
3017 3856 3119 3924 τῆς
3136 3854 3440 3925 Ἀθηναίων
3456 3853 3689 3918 πόλεως,

2101 3957 2196 4007 καὶ
2222 3954 2532 4025 παραπλεῖν
2547 3950 2717 4021 αὐτὴν
2733 3949 2999 4004 δύνασθαι
3030 3952 3123 4002 καὶ
3148 3946 3456 4017 περιπλεῖν.
3484 3946 3577 4000 καὶ
3595 3963 3694 3998 πε-

2102 4042 2305 4108 ζεύειν,
2327 4042 2534 4112 ταύτην
2560 4042 2617 4094 δὲ
2646 4038 2769 4109 δίχα
2794 4039 3070 4104 πεζεύειν,
3093 4039 3189 4091 καὶ
3214 4032 3377 4112 αὖθις
3397 4034 3695 4103 πελαγίους

2102 4133 2242 4189 εἶναι
2260 4136 2349 4189 διὰ
2368 4135 2595 4203 ταύτης,
2622 4133 2728 4184 τίνι
2753 4133 2981 4185 δύναται
3009 4130 3338 4185 καταλιπεῖν
3361 4130 3496 4192 ὅλως
3522 4129 3698 4199 ὑπερ-

2103 4227 2305 4295 ϐολήνς
2364 4225 2567 4292 μᾶλλον
2598 4223 2657 4275 δὲ
2698 4222 2809 4274 τίνι
2854 4222 3211 4290 συγχωρῆσαι
3256 4220 3482 4273 δύναται
3519 4220 3697 4286 ἐγγὺς

2106 4316 2279 4385 αὐτῆς
2304 4314 2529 4384 ἐλθεῖνῆ
2554 4315 2916 4384 ὲξισωθῆναις
2951 4315 3034 4367 Τά
3050 4330 3114 4381 γε
3136 4312 3242 4383 μὴν
3271 4312 3416 4365 ένδον
3431 4306 3497 4382 ἦν
3521 4310 3699 4373 δντως

2106 4409 2232 4472 ἄξια
2257 4408 2367 4462 τῶν
2400 4408 2597 4478 τειχῶν
2624 4408 2721 4461 καὶ
2745 4406 2841 4462 τοῦ
2885 4407 3338 4476 παραδείγματος
3374 4406 3512 4475 πρὸς
3537 4403 3566 4456 δ
3592 4403 3702 4474 τὴν

408 4496 475 4548 ad
509 4495 653 4565 quod
688 4496 941 4566 principe
966 4502 1307 4551 exstructam
1347 4493 1514 4548 fuisse
1542 4494 1675 4559 dixi,
1711 4500 1765 4547 et
1800 4506 1991 4546 metro-

2109 4501 2306 4572 ἀρχὴν,
2336 4500 2410 4564 ὡς
2441 4494 2620 4563 εἷπον,
2645 4501 2837 4569 γέγονε
2871 4501 2968 4552 καὶ
3017 4498 3117 4569 τῆς
3154 4498 3563 4569 μητροπόλεως,
3600 4499 3706 4550 καὶ

412 4592 521 4659 poli
565 4591 839 4658 matrique
875 4600 987 4642 tum
1044 4589 1391 4641 conditorum
1425 4588 1613 4658 gloriae
1647 4596 1700 4639 et
1741 4586 1998 4655 potentiae

412 4685 640 4736 omnino
684 4685 1114 4751 reslionzlebant.

485 4775 615 4830 Ilua:
640 4776 785 4829 enim
833 4775 1232 4842 potentiSsimte
1277 4754 1837 4842 prudentissimmque
1868 4788 1999 4839 gen-

414 4879 518 4929 tes.
547 4884 778 4939 quarum
810 4869 981 4922 altera
1010 4878 1137 4921 time
1168 4867 1432 4936 temporis
1461 4868 1754 4935 imperium
1785 4866 2001 4919 obtine-

414 4964 526 5029 but,
571 4964 741 5019 altera
768 4964 937 5032 paulo
982 4970 1108 5015 ante
1154 4961 1493 5027 obtinuerat,
1520 4959 1673 5011 omni
1699 4958 1900 5012 artium
1943 4967 1997 5013 et

415 5050 761 5112 ambitionis,
789 5048 1223 5116 deliciarumque
1253 5061 1453 5117 genere
1481 5046 1835 5110 excellentes,
1888 5045 1996 5101 Ro-

417 5145 586 5206 mani,
629 5144 877 5211 inquam,
917 5147 969 5194 et
1008 5136 1184 5192 Graeci
1241 5137 1555 5207 conjunctis
1612 5138 1812 5193 studiis
1859 5139 2000 5193 hanc

415 5235 783 5307 perfecerunt,
822 5243 987 5301 atque
1009 5247 1071 5284 ea
1114 5229 1169 5284 in
1200 5246 1259 5285 re
1291 5240 1345 5285 e’t
1381 5231 1714 5300 reliquarum
1753 5234 1997 5300 gentium

416 5331 662 5386 omnium
692 5340 747 5383 et
769 5343 995 5383 suorum
1026 5342 1193 5398 opera
1219 5342 1283 5382 ac
1305 5327 1614 5381 ministerio
1644 5327 1865 5380 fuerunt
1893 5326 1999 5382 usi.

416 5421 482 5476 Et
509 5421 776 5492 principio
802 5420 1020 5490 quidem
1043 5421 1218 5473 locum
1247 5420 1365 5474 urbi
1394 5410 1691 5475 condenda:
1715 5419 2001 5491 elegerunt

415 5514 639 5583 dignum
676 5528 810 5568 sane
853 5523 907 5567 ct
938 5512 1073 5567 urbe
1107 5528 1270 5581 quant
1315 5514 1501 5568 animo
1546 5513 1918 5568 moliebantur
1945 5526 2002 5568 et

418 5606 674 5676 imperio,
712 5617 768 5659 ut
809 5607 861 5659 in
914 5622 979 5661 ea
1013 5606 1320 5663 residentes
1368 5616 1541 5662 totum
1586 5617 1861 5662 terrarum
1907 5622 2003 5661 or-

418 5701 541 5753 bein
600 5700 889 5755 commode
943 5715 1133 5770 regere
1190 5713 1433 5772 possent.
1482 5702 1777 5772 Elegerunt
1834 5702 2001 5769 igitur

420 5789 563 5846 hanc
595 5806 703 5845 non
738 5791 913 5848 solum
945 5793 1012 5848 ad
1055 5794 1207 5851 orbis
1242 5795 1483 5853 universi
1516 5794 1996 5865 gubernationem,

2112 4593 2343 4662 μητρὸς,
2376 4594 2472 4646 καὶ
2506 4594 2603 4658 τῆς
2654 4593 2834 4657 ἀξίας,
2878 4592 2969 4645 καὶ
3008 4592 3297 4661 δυνάμεως
3332 4590 3442 4643 τῶν
3476 4590 3708 4641 οίκισα-

2112 4690 2311 4758 μένων.

2182 4781 2286 4834 Δύο
2315 4780 2424 4849 γὰρ
2456 4780 2524 4832 τὰ
2557 4778 2910 4832 δυνατώτατα
2960 4777 3059 4829 καὶ
3097 4775 3496 4846 φρονιμώτατα
3537 4771 3709 4843 ἔθνη,

2109 4876 2168 4929 τὸ
2199 4876 2297 4943 μὲν
2321 4874 2444 4925 τότε
2476 4872 2665 4941 ἄρχον,
2693 4872 2753 4923 τὸ
2799 4870 2856 4923 δὲ
2905 4869 3069 4932 εὐθὺς
3102 4868 3277 4938 ἄρξειν
3310 4866 3418 4936 πρὸ
3453 4865 3707 4934 ἐκείνου,

2110 4968 2202 5020 καὶ
2251 4964 2400 5035 πάσῃ
2446 4964 2633 5034 τέχνῃ,
2669 4962 2763 5015 καὶ
2824 4962 3135 5033 φιλοτιμίᾳ,
3165 4963 3259 5015 καὶ
3291 4959 3557 5030 ἁδρότητι
3602 4974 3711 5010 κο-

2111 5060 2321 5129 μῶντα,
2374 5056 2642 5127 Ῥωμαῖοί
2702 5073 2764 5109 τε
2820 5058 2914 5110 καὶ
2967 5056 3273 5125 Ἕλληνες,
3339 5050 3707 5118 συνελθόντα,

2110 5151 2314 5222 ταύτην
2348 5149 2710 5219 πεποιήκασι,
2745 5150 2840 5201 καὶ
2869 5149 3005 5201 πᾶσι
3036 5147 3093 5200 δὲ
3122 5148 3240 5210 τοῖς
3270 5145 3455 5207 ἄλλοις
3486 5142 3706 5208 ἔθνεα,

2108 5245 2349 5306 καὶτοῖς
2378 5242 2606 5297 ἐκείνων
2639 5244 2718 5305 εἰς
2758 5242 2928 5312 αὐτὴν
2952 5243 3256 5313 ἐχρήσαντο
3289 5238 3435 5309 πρὸς
3481 5236 3710 5304 ὑπηρε-

2113 5338 2259 5392 σίαν.
2294 5336 2404 5390 Καὶ
2433 5336 2652 5407 πρῶτον
2690 5336 2790 5404 μὲν
2825 5334 3145 5400 ἐξελέξαντο
3190 5335 3357 5386 τόπον
3388 5330 3583 5397 ἔδαφος
3623 5333 3705 5401 τῇ

2113 5429 2291 5493 πόλει,
2325 5429 2476 5495 ἄξιον
2525 5427 2627 5497 τῆς
2685 5427 2988 5496 μελλούσης
3043 5428 3274 5489 πόλεως,
3317 5426 3384 5495 ἢν
3428 5420 3711 5477 ἐϐάλοντο

2113 5521 2255 5575 κατὰ
2289 5518 2439 5584 νοῦν,
2492 5519 2587 5572 καὶ
2634 5520 2731 5588 τῆς
2774 5518 3102 5587 ἡγεμονίας,
3148 5518 3297 5578 ὅπως
3346 5514 3441 5566 ἐπὶ
3483 5513 3710 5581 ταύτης

2112 5610 2417 5682 καθήμενοι
2468 5610 2668 5681 ἔχωσιν
2697 5609 2915 5678 εὐφυῶς
2953 5609 3226 5677 κυδερνᾷν
3274 5607 3455 5659 πᾶσαν
3482 5600 3577 5673 τὴν
3610 5588 3709 5655 ὀί-

2113 5706 2389 5776 κουμένην
2414 5720 2429 5735 ·
2462 5704 2779 5772 ἐξελέγοντο
2804 5702 2861 5755 δὲ
2889 5702 3003 5771 ἄρα
3028 5702 3237 5769 ταύτην
3267 5699 3327 5751 οὐ
3359 5696 3518 5766 μόνον
3554 5699 3711 5763 πρὸς

2111 5796 2445 5867 κυὸέρνησιν
2472 5793 2572 5865 τῆς
2600 5794 2932 5864 οἰκουμένης
2964 5793 3167 5863 πάςης,
3198 5788 3331 5846 ἀλλὰ
3362 5785 3458 5843 καὶ
3489 5786 3551 5839 ἐκ
3587 5787 3708 5843 πά-
