3972 6460
333 355 406 418 45
1418 351 1790 414 EPISTOLA
1823 351 1926 412 AD
1959 348 2325 411 JOANNEM
2365 348 2523 410 IMP.
3563 344 3635 410 46

330 474 540 548 χρείας.
605 472 754 545 Ὀσῳ
820 472 929 544 γὰρ
985 488 1149 545 ηττον
1209 472 1476 543 μεγέθους
1532 471 1733 542 τειχῶν
1798 472 1918 525 τότε

2029 470 2118 524 ille
2144 478 2200 524 et
2222 468 2432 537 reliqua
2458 466 2612 523 urbis
2638 467 3006 534 munimenta,
3054 481 3176 539 qua:
3199 467 3336 535 dixi,
3364 467 3528 523 validi
3569 484 3635 525 ac

333 572 524 634 ἐδεῖτο,
565 567 804 637 τοσούτῳ
831 569 1001 623 πλείω
1025 607 1041 633 ,
1082 567 1164 622 ἔτι
1198 569 1255 621 δὲ
1307 567 1479 638 μείζω
1513 571 1689 624 ταῦτα
1726 585 1916 635 περιε-

336 662 551 722 6ἂλετο,
584 660 807 729 οἰομένη
848 660 1005 711 πόλιν
1037 675 1097 711 τε
1147 657 1384 761 π’ρώτως
1417 659 1527 713 ἀπὸ
1561 658 1673 710 τῶν
1708 658 1920 728 πειχῶν

335 753 644 823 φαίνεσθαι,
676 753 770 805 καὶ
827 751 1136 819 καλεῖσθαι,
1178 751 1282 805 Βιαὶ
1316 751 1454 820 πρὸς
1484 752 1576 804 τὸν
1608 752 1830 806 ἅπαντα
1863 752 1918 805 δὲ

333 844 550 913 χρόνον,
576 844 635 895 ού
669 843 806 912 πρὸς
830 843 931 914 τὴν
961 842 1249 912 παροῦσαν
1283 842 1698 913 μόνον-ἡλικίαν
1739 840 1916 895 ταῦτα

332 936 619 1004 γίνεσθαι·
665 932 751 1003 ἐφ’
798 927 859 986 οὗ
898 932 1070 987 πολλὰ
1120 932 1238 986 κατ’
1274 931 1598 1003 ἀνθρώπους
1650 931 1916 985 δύνασθαι

335 1026 646 1095 συμϐῆναι·
687 1025 783 1078 καὶ
837 1022 946 1076 τῶν
994 1025 1272 1092 μεγίστων
1319 1020 1423 1085 μὲν
1470 1016 1611 1074 εἷναί
1641 1020 1731 1071 τὸν
1762 1021 1917 1087 παρὰ

334 1118 448 1170 τῶν
477 1116 687 1171 πολλῶν
722 1116 939 1185 φθόνον,
973 1116 1236 1186 μεγίστας
1266 1114 1324 1168 δὲ
1368 1110 1506 1168 εῖναι
1543 1114 1768 1177 καὶτὰς
1814 1131 1915 1184 με-

335 1208 570 1272 ταϐολάς
592 1224 608 1238 ·
639 1207 781 1262 ὥστε
813 1209 875 1261 οὐ
907 1209 1068 1278 μόνον
1092 1210 1192 1276 τῆς
1220 1208 1504 1277 δυνάμεως
1539 1206 1646 1261 τῶν
1675 1222 1914 1274 πεποιη-

336 1302 534 1361 κότων,
586 1301 721 1354 ἀλλὰ
755 1300 850 1353 καὶ
895 1302 996 1370 τῆς
1043 1301 1126 1364 εἰς
1184 1301 1247 1352 τὺ
1282 1299 1477 1368 μέλλον
1507 1298 1769 1369 προνοίας
1818 1301 1914 1352 καὶ

336 1392 650 1462 φρονήσεως
714 1392 893 1447 αὐτῶν
959 1392 1121 1464 μέχρι
1169 1392 1366 1446 πολλοῦ
1430 1392 1681 1463 σύμϐολα
1724 1392 1922 1463 διαμέ-

340 1501 395 1536 νε
406 1501 478 1539 ιν.

1994 634 1999 638 ἢ
2030 561 2400 632 potentissimi
2431 558 2648 630 imperii
2681 570 2949 630 tempore,
3006 568 3274 616 utcaztera
3303 560 3631 618 admiranda

2029 669 2191 723 opera
2225 654 2375 708 illius
2428 653 2605 720 urbis,
2657 655 2842 723 potius
2873 654 2939 707 ad
2983 640 3440 724 magniﬁcentiam
3465 670 3631 725 quam

2029 763 2186 801 usum
2215 756 2493 802 exstructa
2541 746 2766 803 fuerint.
2800 746 3018 813 Quanto
3053 748 3200 802 enim
3231 749 3416 804 minus
3444 764 3638 803 muro-

2027 856 2150 895 rum
2186 841 2565 911 magnituiline
2598 851 2726 893 time
2761 840 3060 909 indigebat,
3106 855 3172 895 eo
3204 850 3258 896 et
3288 842 3542 912 pluribus
3577 852 3635 898 et

2026 932 2333 1003 majoribus
2367 934 2546 986 cincta
2576 931 2701 988 fuit.
2744 933 2957 1003 Quippe
2975 948 3099 987 cum
3134 935 3633 991 crederenturbem

2039 1028 2279 1092 primum
2299 1043 2364 1081 ex
2388 1027 2558 1081 muris
2589 1042 2875 1097 apparere,
2911 1042 3220 1098 nomenque
3243 1029 3369 1083 inde
3384 1029 3636 1101 accipere

2020 1126 2076 1170 et
2097 1120 2263 1172 hosce
2283 1133 2391 1172 non
2441 1107 2695 1187 praesenti
2743 1128 2951 1173 tantum
2988 1120 3158 1186 artati,
3208 1120 3302 1175 sed
3355 1122 3422 1178 ad
3474 1136 3638 1178 omne

2022 1207 2272 1263 futurum
2329 1219 2545 1278 tempus
2591 1212 2838 1265 exstrui:
2888 1211 3045 1282 cujus
3104 1228 3399 1283 progressu
3461 1216 3632 1269 multa

2022 1299 2341 1356 hominibus
2364 1302 2583 1356 evenire
2610 1303 2854 1370 possint;
2880 1303 2933 1356 in
2955 1303 3153 1373 quibus
3174 1304 3469 1360 multorum
3497 1307 3640 1360 invi-

2032 1393 2120 1446 dia
2170 1394 2256 1447 vel
2285 1392 2619 1463 praecipuum
2651 1394 2833 1449 locum
2865 1396 3096 1460 obtinet,
3127 1404 3239 1450 tum
3263 1397 3428 1451 etiam
3454 1402 3629 1454 maxi-

2030 1500 2150 1541 mas
2196 1499 2382 1539 rerum
2416 1487 2748 1541 mutationes
2786 1488 3131 1558 contingere,
3169 1488 3241 1542 ita
3275 1499 3335 1544 ut
3377 1490 3491 1546 haec
3522 1507 3632 1548 non

338 1576 516 1632 solum
560 1576 815 1648 potentiae
837 1577 1206 1645 conditorum,
1233 1578 1327 1636 sed
1352 1578 1518 1633 etiam
1545 1577 1907 1649 providentiae
1931 1578 1997 1633 de
2028 1577 2226 1634 futuris
2251 1588 2303 1634 et
2328 1579 2633 1648 prudentia:
2653 1590 2978 1652 argumenta
3004 1598 3168 1653 quam
3196 1584 3504 1642 diutissime
3545 1601 3643 1642 su-

338 1682 647 1738 peressent.

421 1764 563 1819 Ἀλλ’
594 1764 716 1820 οὐδὲ
758 1766 1039 1836 μνήματα,
1072 1765 1106 1837 ἦ
1140 1765 1373 1834 τάφους,
1424 1750 1738 1836 η’στήλας,
1766 1767 1798 1838 ἦ
1833 1768 1931 1819 ἀν-

2110 1760 2268 1830 Quod
2302 1762 2349 1818 si
2382 1771 2760 1831 monumenta,
2805 1764 3078 1834 sepulcra,
3121 1764 3409 1820 columnas
3434 1773 3488 1820 et
3523 1774 3640 1820 sta-

337 1860 613 1932 δριάντας,
650 1863 743 1914 ἐπὶ
767 1862 864 1930 τῆς
896 1861 1176 1931 ἡμετέρας
1211 1861 1421 1924 πόλεως
1444 1859 1663 1930 ὅνταςῆ
1696 1862 1918 1930 γενομέ-

2031 1867 2154 1912 tuas
2204 1866 2407 1912 nostra:
2448 1856 2604 1913 urbis
2655 1872 3093 1913 commemorare
3141 1857 3359 1923 vellem,
3385 1874 3507 1928 qua:
3549 1858 3634 1913 vel

344 1970 479 2015 νους
500 1952 820 2023 βουλόμενος
854 1952 921 2006 ἂν
958 1953 1135 2006 εἰπεῖν
1164 1953 1408 2021 ἠπόρουν
1442 1951 1597 2014 ῐσωςο
1632 1952 1747 2004 ἀλλ’
1772 1952 1928 2005 ὲλάτο

339 2062 417 2097 τω
440 2043 541 2113 μὲν
570 2045 699 2107 tam;
724 2043 951 2113 ἔμελλον
976 2041 1086 2096 τῶν
1120 2042 1272 2112 παρὰ
1315 2042 1532 2106 τούτοις
1562 2042 1767 2110 λέγειν,
1792 2044 1929 2096 καλ-

339 2138 438 2191 λίω
462 2137 521 2190 δὲ
548 2136 664 2190 ἔνια
689 2137 783 2189 καὶ
810 2134 1257 2207 περιφανέστερα
1305 2134 1487 2205 πολλῷ
1530 2135 1641 2189 τῶν
1680 2136 1830 2206 τῇδε.
1859 2135 1924 2188 Τί

344 2229 446 2298 γὰρ
464 2230 494 2282 ὁ
512 2227 611 2282 τοῦ
635 2228 857 2282 κτίστου
883 2227 984 2298 μὲν
1006 2227 1103 2281 καὶ
1128 2225 1417 2297 πολιούχου
1440 2225 1710 2296 βασιλέως
1732 2229 1923 2294 τάφος,

352 2321 435 2373 καὶ
457 2323 507 2373 oi
534 2320 643 2374 τῶν
676 2319 855 2375 ἄλλων
876 2320 986 2374 τῶν
1012 2320 1144 2391 περὶ
1198 2319 1362 2373 αὐτὸν
1393 2321 1486 2374 ἐπὶ
1513 2318 1609 2372 τοῦ
1641 2318 1924 2388 βασιλικοῦ

344 2413 710 2484 πολυανδρίου,
743 2412 773 2466 δ
814 2414 979 2484 μόνον
1019 2413 1208 2484 Θαῦμα
1240 2409 1311 2484 ἦν
1364 2413 1517 2477 ίδείν,
1576 2411 1764 2465 πολλοὶ
1823 2412 1924 2483 μὲν

335 2506 522 2577 κύκλῳ
540 2506 840 2578 σωζόμενοι
858 2507 987 2578 περὶ
1001 2508 1096 2560 τὸν
1118 2506 1247 2561 ναὸν
1266 2505 1376 2559 τῶν
1409 2505 1772 2573 ’Δποστόλων,
1795 2507 1925 2562 πολ-

334 2597 418 2654 λοι
437 2599 499 2653 δὲ
530 2599 632 2671 ήδη
655 2600 748 2654 καὶ
769 2599 1133 2667 ἀπολωλότες,
1151 2599 1248 2653 καὶ
1283 2599 1435 2655 ἄλλοι
1470 2596 1530 2652 δὲ
1559 2598 1799 2670 ἀλλαχοῦ
1821 2600 1923 2671 τῆς

330 2693 545 2757 πόλεως
575 2694 667 2746 ἐπὶ
692 2694 801 2746 τῶν
850 2691 1143 2763 προνάων;
1201 2693 1269 2746 Τί
1299 2692 1369 2747 δὲ’
1408 2695 1441 2766 ἡ
1493 2692 1589 2748 τοῦ
1625 2695 1920 2764 νομοθέτου

335 2787 602 2856 βασιλέως
633 2786 805 2857 στήλη
826 2797 856 2854 ;’
877 2787 988 2859 Καὶ
1016 2787 1150 2857 περὶ
1175 2785 1369 2839 τοῦτον
1399 2785 1456 2839 δὲ
1494 2782 1561 2840 αὖ
1591 2786 1754 2841 ἄλλαι
1786 2790 1918 2859 στῆ-

329 2881 428 2934 λαι
452 2880 761 2949 γεγόνασιν,
796 2881 846 2934 εί
879 2856 1187 2951 μέμνημαι,
1219 2879 1355 2952 πρὸς
1402 2880 1675 2944 ἀνατολὰς
1726 2856 1921 2932 πολλαὶ

334 2978 536 3029 κιόνων
567 2978 817 3044 ἐξαισίων
851 2977 1174 3048 ἀνεχόντων.
1205 2975 1333 3034 Ὀτι
1379 2976 1436 3030 δὲ
1468 2976 1563 3030 καὶ
1587 2977 1738 3033 ἄλλοι
1771 2978 1921 3031 πλεῖ-

337 3085 456 3122 στοι
486 3070 578 3121 ἐπὶ
607 3069 704 3134 τῆς
735 3069 943 3133 πόλεως
962 3069 1197 3123 τοιοῦτοι
1243 3070 1565 3141 ἀνδριάντες
1610 3066 1774 3142 ἦσαν,
1806 3070 1914 3123 83l-

2032 1964 2179 2005 uunc
2212 1960 2464 2015 exstant,
2490 1950 2577 2004 vel
2608 1949 2739 2004 olim
2776 1950 2952 2017 fuere,
2985 1951 3243 2007 fortassis
3269 1966 3369 2006 nec
3399 1952 3486 2007 hic
3517 1967 3637 2005 maa
3720 1966 3723 1969 ·

2033 2044 2203 2099 teries
2261 2042 2396 2099 mihi
2447 2042 2705 2098 deﬁceret
2730 2061 2745 2109 ;
2783 2044 2878 2099 sed
2931 2044 3183 2115 quamvis
3221 2060 3451 2100 numero
3491 2044 3635 2100 forte

2034 2136 2317 2207 pauciora,
2354 2151 2521 2207 quam
2544 2137 2634 2190 hic
2659 2137 2793 2201 sint,
2814 2144 3054 2192 attamen
3085 2138 3347 2192 nonnulla
3377 2139 3444 2194 iis
3473 2138 3637 2207 longe

2032 2228 2346 2296 pulchriora
2414 2236 2467 2283 et
2545 2227 2920 2296 splendidiora
2989 2241 3441 2282 commemorem.
3498 2226 3633 2282 Nam

2035 2323 2169 2391 quid
2212 2321 2448 2376 Caesaris
2477 2321 2628 2375 illius
2677 2321 3019 2390 sepulcrum,
3077 2335 3241 2388 quem
3287 2319 3631 2375 conditorem

2029 2427 2097 2468 ac
2127 2413 2415 2468 tutelarem
2451 2428 2512 2467 ca
2543 2414 2676 2468 urbs
2694 2413 2949 2481 agnoscit
2973 2414 2995 2467 ?
3021 2413 3151 2483 quid
3185 2414 3362 2469 vicina
3396 2414 3638 2484 reliquo-

2031 2523 2150 2561 rum
2174 2520 2527 2563 monumenta
2550 2522 2618 2562 eo
2651 2508 2774 2562 loco
2796 2506 2888 2561 ubi
2912 2506 3307 2578 imperatorum
3335 2511 3637 2578 sepulturae

2030 2602 2286 2656 visuntur
2314 2599 2339 2654 2
2364 2600 2550 2656 resvel
2577 2601 2697 2655 solo
2721 2600 2844 2655 visu
2877 2600 3232 2655 admiranda:
3254 2612 3489 2671 quorum
3521 2618 3633 2656 non

2027 2711 2201 2765 pauca
2222 2694 2402 2751 adhuc
2419 2704 2715 2765 supersunt
2734 2695 2878 2750 circa
2898 2699 3067 2749 aedem
3094 2693 3197 2750 SS.
3216 2695 3631 2765 Apostolorum;

2027 2790 2198 2845 multa
2223 2806 2444 2861 quoque
2488 2789 2601 2859 jam
2633 2789 2984 2855 interierunt;
3017 2787 3122 2843 alia
3153 2789 3315 2844 etiam
3342 2790 3542 2860 passim
3574 2790 3632 2845 in

2028 2885 2360 2954 templorum
2397 2884 2682 2939 vestibulis
2715 2890 2955 2937 exstant.
3006 2882 3148 2949 Quid
3186 2899 3318 2938 vero
3353 2894 3533 2939 statua
3567 2884 3629 2939 il-

2025 2976 2133 3032 lius
2161 2976 2514 3048 imperatoris
2544 2976 2640 3045 qui
2665 2978 2846 3046 legum
2870 2985 3067 3031 auctor
3094 2975 3198 3031 fuit
3224 2977 3432 3048 ?qunm
3467 2979 3636 3033 vicis-

2024 3071 2128 3127 sim
2154 3072 2340 3125 multae
2361 3072 2482 3125 alia:
2501 3079 2696 3126 statuae
2722 3070 2791 3124 ab
2810 3080 2958 3133 ortu,
2979 3069 3023 3124 si
3057 3080 3204 3126 recte
3227 3071 3478 3135 memini,
3511 3089 3633 3127 ma~

335 3181 530 3217 κνυται
561 3165 666 3215 ἀπὸ
689 3163 797 3215 τῶν
823 3162 1167 3231 φαινομένων
1196 3163 1409 3232 βάσεων
1452 3163 1652 3227 αὐτῶν,
1681 3166 1777 3217 καὶ
1806 3165 1917 3217 τῶν

2029 3167 2192 3219 ximis
2218 3165 2491 3220 columnis
2526 3165 2801 3233 impositae
2852 3164 3096 3234 umlique
3146 3164 3460 3236 cingebant.
3520 3166 3632 3223 Sed

333 3257 397 3307 ἐν
428 3256 613 3317 αὐτοῖς
650 3255 1093 3325 ἐπιγραμματων
1121 3272 1135 3286 ⁸
1178 3248 1251 3309 ὧν
1288 3254 1448 3309 ἄλλαι
1506 3257 1605 3324 μὲν
1655 3256 1916 3328 ἀλλαχοῦ,

335 3348 590 3402 πλεῖσται
640 3347 697 3401 δὲ
746 3343 887 3423 ἦσαν
925 3350 983 3402 ὲν
1045 3348 1427 3419 Ἰπποδρόμῳο
1457 3349 1554 3403 καὶ
1610 3349 1777 3415 ἄλλας
1820 3350 1919 3403 καὶ

338 3441 600 3504 πλείστας
631 3437 769 3495 εἶδον
799 3440 963 3505 αὐτὸς
1015 3442 1304 3513 πρότερον,
1354 3440 1421 3506 ἃς
1446 3441 1542 3495 νῦν
1591 3437 1713 3496 οἴδα
1751 3443 1918 3512 ἀφαι-

340 3533 612 3603 ρεθείσας.
645 3534 766 3586 Εἰσὶ
792 3533 849 3587 δὲ
891 3534 939 3586 οἳ
966 3533 1187 3601 λέγουσι
1216 3536 1311 3587 καὶ
1342 3535 1436 3587 τὸν
1476 3524 1579 3587 ἐπὶ
1601 3534 1699 3588 τοῦ
1731 3534 1915 3606 Ξηροῦ

334 3627 500 3693 λόφου
535 3625 709 3689 κίονα,
766 3612 858 3680 καὶ
913 3627 1005 3680 τὸν
1052 3627 1281 3698 ἀντικρὺ
1315 3628 1512 3682 τούτου
1566 3628 1705 3697 πρὸς
1759 3628 1915 3699 ἣλιον

335 3720 629 3789 ἀνίσχοντα
651 3719 746 3772 ἐπὶ
772 3719 864 3773 τοῦ
891 3720 1079 3790 ἐτέρου
1118 3721 1306 3789 λόφου,
1345 3720 1455 3774 ἀπὸ
1482 3723 1688 3792 ταύρου
1721 3723 1920 3790 κεκλη-

336 3814 523 3881 μένον,
551 3812 735 3882 βάσεις
758 3813 1120 3883 σφυρηλάτων
1159 3815 1417 3885 ἀργυρῶν
1456 3815 1795 3885 ἀνδριάντων
1823 3832 1918 3881 γε-

333 3904 620 3974 γενῆσθαι,
645 3906 735 3957 τὸν
771 3905 975 3976 μὲντοῦ
1003 3907 1271 3976 μείζονος,
1295 3908 1386 3960 τὸν
1412 3908 1468 3961 δὲ
1489 3907 1582 3960 τοῦ
1611 3907 1918 3970 ἐλάττονος,

333 3996 476 4051 οὕτω
504 3998 612 4066 γὰρ
638 3998 901 4067 λέγονται,
929 4002 1041 4053 τοῖν
1058 4000 1363 4054 Θεοδοσίοιν
1383 4016 1397 4032 °
1426 4001 1522 4065 οὓς
1558 4002 1723 4055 πόσον
1747 4003 1917 4072 ἐχρῆν

334 4092 588 4161 γενέσθαι
626 4093 915 4161 μεγάλους,
946 4096 1040 4146 καὶ
1074 4095 1317 4165 τιμίους,
1352 4097 1445 4148 καὶ
1475 4096 1699 4160 καλοὺς,
1726 4096 1916 4163 φαίνε-

335 4204 427 4241 ται
459 4188 568 4241 ἀπὸ
596 4187 687 4240 τοῦ
727 4188 976 4251 κάλλους,
1016 4188 1110 4243 καὶ
1139 4187 1234 4242 τοῦ
1265 4187 1457 4257 ὕψους,
1488 4191 1580 4242 καὶ
1625 4189 1727 4257 τῆς
1771 4188 1916 4258 λαμ-

338 4278 628 4349 πρότητος,
664 4279 759 4333 καὶ
785 4281 883 4351 τῆς
913 4278 1268 4341 πολυτελείας
1299 4278 1408 4332 τῶν
1443 4280 1749 4352 κρηπίδων.
1775 4279 1922 4334 Ταῦ-

335 4387 405 4421 τα
434 4371 488 4424 δὲ
542 4370 870 4440 ἐνθυμηθεὶς
922 4370 1205 4441 ἐμνήσθην
1258 4370 1465 4439 μεταξὺ
1535 4373 1630 4424 καὶ
1681 4371 1781 4440 τῆς
1826 4374 1921 4425 ἐπὶ

336 4465 436 4533 τῆς
464 4462 635 4532 αὐτῆς
663 4462 782 4516 ὀδοῦ
809 4480 870 4516 τε
916 4463 1011 4516 καὶ
1038 4462 1305 4533 γραμμῆς
1371 4464 1506 4535 πρὸς
1548 4465 1764 4533 δυσμὰς
1824 4484 1919 4534 γε-

2030 3268 2086 3314 et
2105 3259 2246 3313 alias
2262 3258 2429 3329 hujus
2448 3259 2666 3329 generis
2695 3266 2908 3312 statuas
2927 3257 3367 3329 quamplurimas
3407 3275 3506 3330 per
3532 3276 3630 3314 nr-

2031 3352 2155 3408 bem
2184 3353 2468 3407 exsutisse
2502 3352 2670 3406 bases
2700 3352 2946 3419 ipsarum
2979 3360 3033 3405 et
3068 3352 3477 3422 inscriptiones,
3507 3368 3633 3424 qme

2030 3444 2214 3499 adhuc
2246 3444 2523 3508 visuntur,
2552 3447 2889 3499 ostendunt:
2915 3459 3150 3515 quarum
3177 3444 3297 3499 alia:
3319 3445 3444 3500 aliis
3474 3445 3529 3500 in
3554 3446 3633 3502 lo-

2029 3536 2133 3601 cis,
2165 3537 2257 3591 sed
2288 3529 2538 3604 plurimm
2571 3536 2625 3588 in
2653 3531 3029 3604 liippodromo
3061 3535 3376 3589 exstabant.
3404 3534 3546 3601 Quin
3575 3545 3632 3589 et

2032 3626 2151 3697 ipse
2188 3627 2321 3681 olim
2351 3628 2551 3682 multas
2580 3626 2717 3704 alias
2751 3625 2884 3691 \idi,
2908 3641 3047 3695 quas
3078 3643 3224 3682 nunc
3255 3631 3467 3684 ablatas
3489 3629 3627 3687 scin.

2031 3717 2143 3773 Nec
2176 3717 2379 3775 desunt
2411 3720 2503 3790 qui
2536 3720 2849 3773 columnam
2895 3735 3018 3788 qure
3059 3720 3110 3772 in
3140 3722 3279 3775 colle
3310 3722 3630 3794 Xerolopho
3730 3706 3736 3718 ’

2029 3819 2233 3876 exstat,
2292 3822 2355 3865 ut
2384 3802 2447 3866 et
2471 3813 2726 3873 alteram,
2759 3827 2883 3881 qua:
2913 3813 3279 3868 exadversum
3313 3815 3379 3870 ad
3450 3820 3623 3872 solem

2026 3904 2320 3969 orientem,
2352 3905 2406 3959 in
2439 3905 2579 3959 colle
2608 3907 2701 3974 qui
2730 3920 2760 3957 a
2784 3903 2969 3959 Tauro
2996 3921 3196 3960 nomen
3223 3907 3404 3974 habet,
3428 3911 3627 3968 ductas

2031 4013 2094 4050 ex
2142 4009 2371 4068 argento
2417 4008 2630 4054 statuas
2665 3999 2997 4054 sustinuisse
3035 3999 3352 4057 aﬂirmant:
3387 4019 3622 4074 quarum

2031 4090 2254 4159 quidem
2275 4091 2447 4145 altera
2467 4090 2717 4161 majoris,
2738 4091 2912 4147 altera
2933 4092 3165 4149 minoris
3184 4095 3480 4151 Theodosii
3503 4099 3625 4153 lue-

2034 4184 2123 4248 rit,
2146 4183 2298 4238 hisce
2317 4182 2460 4237 enim
2481 4183 2798 4240 nominibus
2817 4184 2977 4257 vulgo
2995 4183 3647 4259 distinguuntur.Qnan-_

2031 4285 2114 4330 tas
2159 4285 2361 4339 autem,
2396 4292 2562 4347 quam
2597 4278 2890 4346 pretiosas,
2921 4288 2976 4334 et
3029 4296 3193 4350 quam
3230 4282 3500 4351 pulchras;
3528 4299 3622 4339 ras

2033 4371 2206 4427 fuisse
2235 4380 2511 4442 Oporteat,
2535 4370 2735 4426 idvero
2756 4388 2820 4426 ex
2849 4374 3060 4428 basium
3094 4376 3521 4443 plllcllrlllltlllll‘,
3545 4382 3627 4432 al-

2034 4464 2288 4532 titudine,
2317 4456 2611 4534 splendore
2632 4474 2684 4517 et
2707 4465 3112 4534 magniﬁcentia
3134 4478 3382 4535 apparet.
3410 4467 3616 4526 Verum

335 4557 565 4627 νομένης
619 4556 750 4609 ποτὲ
804 4555 980 4624 πύλης
1029 4555 1129 4625 τῆς
1189 4556 1416 4621 πόλεως,
1452 4557 1700 4627 πύργους
1763 4558 1918 4621 ὅλους

2031 4558 2163 4611 mihi
2192 4559 2306 4614 haec
2329 4574 2454 4613 cum
2484 4558 2669 4612 animo
2700 4559 2999 4636 revolventi
3048 4560 3266 4615 interim
3300 4565 3353 4615 in
3415 4580 3625 4619 memo-

334 4650 369 4720 ἢ
402 4650 634 4720 φρούρια
657 4651 913 4715 είσιόηιτα,
947 4650 1105 4720 εἴπερ
1134 4646 1244 4704 οἷόν
1275 4668 1332 4705 τε
1365 4648 1433 4722 ἦν
1474 4654 1767 4720 κινεῖσθαι,
1821 4656 1917 4708 καὶ

336 4744 569 4808 ﬁatﬁat;
595 4744 777 4809 αὐτοῖς
825 4744 1013 4812 λέφεσι
1072 4744 1166 4797 καὶ
1220 4746 1386 4809 ίστοῖς
1415 4747 1727 4818 δυναμένης
1762 4749 1916 4813 δέξα-

339 4837 483 4902 σθαι,
521 4838 618 4890 καὶ
653 4838 750 4904 τῆς
774 4838 916 4906 ὑπὲρ
946 4838 1113 4907 αὐτῆς
1141 4839 1469 4908 λαμπούσης
1495 4843 1658 4903 στοᾶς
1694 4844 1916 4912 πόρρω-

300 4980 306 4985 .
336 4933 431 4983 θεν
459 4932 554 4983 καὶ
583 4929 673 4983 τοῦ
727 4932 992 5000 μεγέθους
1025 4931 1133 4985 τῶν
1162 4935 1220 4985 ὲν
1254 4934 1390 5004 αὐτῇ
1453 4935 1805 5005 μαρμάρωνν
1833 4935 1915 4986 ἑτι

331 5026 391 5078 δὲ
412 5021 504 5075 τοῦ
537 5022 641 5093 πρὸ
674 5023 843 5092 αὐτῆς
884 5023 1085 5087 κίονος,
1118 5022 1176 5086 ὃς
1206 5025 1305 5077 καὶ
1334 5024 1496 5089 αὐτὸς
1528 5027 1735 5095 στήλην
1766 5028 1915 5079 ἀνεῖ-

333 5132 420 5186 χε.
447 5114 559 5168 Καὶ
581 5116 609 5166 ὁ
642 5115 733 5165 ἐπὶ
769 5114 859 5166 τοῦ
887 5115 1077 5184 ἑτέρου
1107 5116 1164 5168 δὲ
1193 5116 1380 5184 λόφου,
1413 5117 1507 5170 τοῦ
1538 5118 1680 5187 ὑπὲρ
1713 5121 1811 5190 τῆς
1839 5120 1916 5171 οἱα

332 5208 459 5269 χίας
484 5207 553 5275 ἢν
587 5206 681 5258 νῦν
721 5209 910 5269 οἰκεῖς,
962 5208 1097 5260 κίων
1130 5208 1275 5262 οὕτω
1316 5192 1679 5280 καλούμενος,
1716 5214 1813 5264 καὶ
1864 5211 1915 5265 οί

333 5300 430 5352 ἐπὶ
458 5298 555 5351 τοῦ
583 5301 936 5369 στρατηγίου,
974 5304 1066 5353 καὶ
1093 5304 1121 5353 ὁ
1143 5303 1237 5356 ἐπὶ
1258 5301 1326 5354 τὰ
1348 5303 1496 5367 δεξιά
1533 5304 1628 5356 τοῦ
1656 5304 1785 5358 ναοῦ
1806 5305 1915 5357 τῶν

346 5390 707 5454 ’Δποστόλωη
734 5394 829 5444 καὶ
858 5391 1040 5445 πολλοὶ
1072 5392 1276 5463 ἕτεροι,
1312 5395 1503 5462 βάσεις
1529 5396 1696 5463 ἀξίων
1722 5400 1914 5462 αὐταῖς

333 5484 667 5556 ἀνδριάντων
693 5480 855 5556 ἦσαν.
889 5486 955 5539 Τί
984 5487 1092 5557 γὰρ
1134 5488 1198 5541 ἂν
1226 5486 1445 5559 λέγοιμι
1476 5492 1605 5560 περὶ
1634 5490 1729 5545 τοῦ
1777 5494 1915 5562 πρὸς

332 5579 409 5631 Em
445 5579 538 5631 ἐπὶ
564 5578 664 5647 τῆς
698 5577 873 5647 αὐτῆς
915 5578 1180 5643 πλατείας
1229 5580 1386 5645 αὖθις
1444 5584 1526 5646 είς
1567 5584 1702 5654 ὕψος
1746 5588 1915 5657 μήκι-

335 5687 463 5723 στον
496 5671 739 5740 αίροντος
790 5670 880 5723 τὸν
925 5674 1159 5742 σταυρὸν
1215 5675 1508 5745 πορφύρου
1560 5678 1760 5741 κίονος,
1818 5681 1914 5733 ἐπὶ

332 5764 433 5832 τῆς
460 5761 634 5832 αὐλῆς
653 5763 761 5815 τῶν
788 5762 879 5815 τοῦ
909 5765 1148 5833 μεγάλου
1180 5767 1592 5822 Κωνσταντίνου
1625 5771 1913 5841 βασιλείων

335 5851 506 5910 αὐτοῦ
528 5853 835 5926 πηξαμένου
862 5854 958 5910 tul
986 5858 1291 5930 ἱδρυμένου,
1315 5861 1525 5926 πάντας
1546 5865 1644 5935 μὲν
1670 5866 1916 5932 ἀνδριάν-

2028 4650 2166 4704 riam
2199 4650 2347 4704 venit
2374 4662 2530 4720 porta
2551 4651 2728 4715 urbis,
2761 4665 2884 4720 quae
2916 4636 2970 4705 in
2997 4652 3185 4707 eadem
3217 4654 3324 4717 via,
3356 4665 3408 4709 et
3441 4657 3492 4718 in
3519 4674 3581 4712 ea
3605 4689 3622 4701 -

2026 4740 2151 4796 dem
2185 4742 2328 4795 linea
2348 4735 2544 4797 ve'rsus
2568 4757 2823 4797 occasura
2852 4745 3128 4813 quondam
3155 4748 3404 4803 exstabat
3431 4768 3447 4814 ;
3476 4753 3617 4807 adeo

2028 4836 2231 4906 anipla,
2253 4844 2313 4891 ut
2336 4844 2521 4891 turres
2547 4837 2792 4906 integras
2814 4846 2867 4891 et
2884 4847 3085 4913 (astra,
3108 4839 3149 4891 si
3170 4845 3376 4896 moveri
3409 4847 3620 4913 potuis-

2027 4936 2151 4982 sent
2180 4943 2281 4981 suo
2314 4928 2457 4994 loco,
2488 4932 2768 4998 navest'jue
2797 4910 3081 4985 onerarias
3114 4946 3236 4986 cum
3256 4942 3619 4994 armamentis

2027 5030 2082 5075 et
2110 5021 2269 5076 malis
2294 5021 2540 5092 recipere
2571 5031 2793 5090 posset:
2826 5032 2939 5076 tum
2982 5025 3143 5077 etiam
3182 5028 3422 5093 porticus
3449 5047 3617 5099 supra

2026 5129 2146 5169 eam
2170 5116 2330 5184 longe
2350 5116 2567 5182 lateque
2587 5115 2960 5184 resplendens,
2980 5126 3033 5170 et
3053 5132 3387 5174 marmorum
3413 5123 3465 5175 in
3493 5124 3615 5193 ipsa

2028 5207 2241 5276 porticu
2295 5209 2658 5277 magnitudo:
2698 5218 2755 5261 ut
2789 5216 2843 5261 et
2891 5204 3145 5265 columna
3200 5222 3326 5266 ante
3379 5225 3616 5282 portam,

2025 5319 2150 5373 qua:
2182 5310 2238 5357 et
2291 5303 2408 5371 ipsa
2443 5312 2683 5355 statuam
2743 5302 2875 5355 olim
2918 5305 3182 5360 sustinuit
3214 5344 3228 5358 .
3258 5306 3400 5373 Quin
3448 5313 3617 5365 etiam

2026 5396 2132 5464 pila
2154 5397 2207 5449 in
2239 5396 2410 5450 altero
2433 5394 2591 5461 colle,
2621 5397 2715 5465 qui
2758 5397 2966 5451 aedibus
2998 5398 3129 5464 tuis,
3156 5399 3211 5452 in
3248 5400 3620 5468 quibusnunc

2029 5492 2265 5553 habitas,
2322 5489 2574 5542 imminet
2609 5505 2623 5541 :
2654 5496 2715 5542 ut
2756 5498 2811 5543 et
2849 5490 2934 5544 ila:
2972 5507 3095 5560 quae
3119 5491 3176 5547 in
3212 5497 3472 5563 strategio
3515 5511 3621 5552 ex-

2025 5591 2212 5647 stant;
2246 5591 2360 5635 tum
2395 5597 2515 5653 qu:e
2544 5584 2611 5635 ad
2634 5583 2913 5639 dexteram
2946 5585 3048 5641 SS.
3072 5586 3464 5658 Apostolorum
3489 5592 3618 5645 visi-

2026 5687 2140 5744 tur,
2184 5678 2483 5744 tttultwque
2531 5676 2652 5730 alias
2682 5678 2861 5747 dignm
2895 5682 3347 5737 convenientibus
3412 5686 3613 5740 statuis

2025 5774 2183 5827 bases
2217 5770 2393 5825 luere.
2421 5770 2525 5826 Sed
2560 5770 2691 5839 quid
2726 5787 2827 5842 ego
2854 5773 2921 5827 de
2950 5774 3329 5845 porpliyretiCa
3359 5776 3612 5835 columna

2023 5878 2479 5930 commemorem,
2509 5879 2631 5933 qua:
2665 5879 2857 5920 versus
2883 5866 3147 5922 orientem
3187 5870 3241 5924 in
3288 5876 3476 5927 eadem
3523 5888 3611 5927 ru-
