3972 6438
373 325 440 386 47
1518 312 1918 377 MANUELIS
1956 312 2482 375 CHRYSOLOR/E
3149 336 3156 342 .
3562 324 3627 389 λ,

370 440 529 510 gione
562 444 756 498 exstat,
795 442 848 489 et
878 448 1094 490 crucem
1118 431 1481 489 editissimam
1514 426 1748 483 sustinet
1781 444 1793 479 :
1826 441 1948 496 quae

2059 445 2176 494 τας,
2210 430 2390 493 πάσας
2418 429 2474 485 δὲ
2502 426 2700 500 στήλας
2748 428 3006 494 νικῶντος
3035 451 3047 495 ;
3102 434 3224 487 ἐπεὶ
3255 434 3348 490 καὶ
3375 435 3484 491 τῶν
3510 441 3628 508 γλυ-

371 530 426 583 in
455 542 582 585 area
615 526 795 597 palatii
829 524 1172 581 Constantini
1199 521 1375 592 Magni
1409 527 1590 575 erecta
1610 528 1666 575 et
1702 519 1947 574 dedicata

372 621 494 687 fuit,
526 631 576 674 et
610 632 835 674 caeteras
889 627 1101 672 statuas
1145 629 1356 677 omnes,
1390 626 1693 680 omnesque
1742 610 1952 665 colum-

374 729 474 768 nas
503 710 768 782 superat?
801 727 920 765 nam
956 720 1008 763 et
1042 709 1215 764 cmlati
1244 707 1424 777 operis
1452 719 1702 775 magnam
1730 702 1945 773 capiam

370 807 658 881 habemus,
696 805 856 873 quale
885 804 936 857 in
967 800 1240 858 columnis
1277 799 1384 854 illis
1419 796 1774 853 circumcirca
1832 792 1949 848 etii-

369 901 529 971 giatis
556 900 773 961 visitur,
826 913 946 966 quae
981 894 1396 950 accuratissime
1425 892 1613 948 euicta:
1670 896 1819 951 sunt,
1875 886 1944 941 ad

369 993 731 1047 imitationem
752 1004 942 1051 earum
972 1030 986 1053 ,
1007 1003 1126 1057 qua:
1142 988 1229 1041 hic
1246 993 1479 1041 exstant.
1525 982 1627 1037 Sed
1652 979 1784 1033 illud
1805 991 1946 1045 opus

369 1091 633 1152 superant
656 1088 851 1135 statuae
890 1077 1028 1142 istae,
1058 1092 1180 1145 quae
1232 1091 1297 1130 ex
1325 1074 1502 1144 lapide
1558 1066 1975 1139 porphyretico.

371 1177 529 1230 factae
566 1172 713 1229 sellis
740 1172 805 1227 ad
839 1170 1057 1224 trivium
1102 1167 1363 1227 insident,
1402 1173 1456 1220 et
1494 1164 1794 1220 secundum
1844 1157 1946 1213 ali-

369 1282 507 1337 quos
536 1262 889 1335 agoranomia
924 1272 980 1315 et
1010 1260 1352 1329 principatus
1383 1244 1790 1326 nuncupantur:
1828 1264 1942 1311 tum

368 1362 535 1415 etiam
564 1357 735 1412 altera
772 1356 824 1407 in
856 1355 1047 1407 eadem
1082 1352 1191 1415 via,
1229 1351 1392 1420 paulo
1414 1365 1578 1419 supra
1609 1360 1772 1418 caput
1797 1348 1945 1403 rivu-

367 1453 403 1505 li
435 1448 568 1519 ,qui
606 1447 795 1504 utbem
848 1444 1163 1514 perlabitur,
1219 1458 1283 1496 ex
1338 1443 1569 1497 candido
1625 1440 1802 1510 lapide
1860 1439 1944 1494 vel

368 1553 642 1596 marmore
663 1578 678 1603 ,
715 1552 835 1606 qua:
865 1534 1048 1589 cubito
1081 1533 1241 1587 inniti
1283 1534 1366 1587 vid
1384 1543 1512 1587 :tur.
1583 1530 1722 1586 Sunt
1751 1540 1806 1584 et
1839 1531 1944 1583 alia

369 1636 533 1704 hujus
560 1636 772 1704 generis
806 1632 995 1691 multa.
1026 1644 1147 1700 quae
1169 1628 1282 1695 ipse
1299 1625 1515 1694 quidem
1552 1638 1659 1677 non
1693 1622 1823 1683 vidi,
1849 1621 1941 1675 sed

368 1729 422 1783 in
459 1728 595 1783 locis
617 1728 942 1797 quibusdam
962 1721 1166 1778 abditis
1183 1728 1399 1774 exstare
1422 1714 1629 1771 audivi.
1686 1712 1819 1767 Nam
1847 1727 1942 1767 eas

2058 525 2207 577 πτοῦν
2235 525 2441 578 τούτων
2470 524 2671 591 ἔργων,
2706 522 2904 592 ἔχομεν
2932 524 2989 577 δὲ
3040 526 3236 591 πολλὰ,
3269 522 3381 583 οἷον
3407 532 3502 585 ἐπὶ
3528 534 3630 588 τῶν

2060 614 2414 685 περιγλύφων
2448 615 2676 667 ἐκείνων
2712 615 2931 679 κιόνων,
2982 616 3230 686 ἀκριοῶς
3285 620 3366 683 είς
3404 622 3631 693 μίμησιν

2054 707 2163 758 τῶν
2192 707 2319 777 τῇδε
2373 707 2981 776 πεποιημένωνι¹ὅμως
3030 708 3088 761 δὲ
3144 710 3632 783 ὑπερϐαλλομένων

2058 801 2152 854 καὶ
2183 799 2289 852 τῶν
2327 799 2415 853 διὰ
2468 803 2637 868 μέσου
2676 801 2882 854 τούτων
2914 804 3015 869 τῆς
3066 804 3457 875 πορφυρίτιδος
3488 805 3634 861 λίθου

2057 896 2440 962 πεποιημένων
2461 892 2819 963 ἀνδριάντων,
2842 896 2898 946 ὲν
2928 895 3140 963 θρόνοις
3182 897 3275 949 ἐπὶ
3303 898 3515 967 τριόδου
3537 915 3634 953 κα-

2055 986 2307 1053 θημένων
2328 1025 2343 1049 ,
2369 981 2448 1049 οἷς
2491 986 2663 1056 ὄνομά
2719 1006 2769 1040 τι
2826 987 2971 1041 κατὰ
3006 988 3232 1050 τούτους
3267 989 3636 1060 ἀγορανομίας

2054 1084 2148 1136 καὶ
2181 1082 2348 1149 ἀρχῆς
2389 1082 2779 1149 ὲπιφημίζεται
2801 1095 2816 1111 ’
2858 1083 2957 1134 καὶ
2984 1082 3144 1136 ἄλλου
3174 1083 3228 1135 δὲ
3256 1084 3350 1137 ἐπὶ
3402 1087 3500 1154 τῆς
3538 1086 3636 1137 αὑ-

2054 1177 2151 1243 τῆς
2174 1174 2295 1227 ὁδοῦ
2326 1175 2524 1243 μικρὸν
2571 1176 2635 1226 ὲκ
2669 1174 2864 1227 λευκοῦ
2892 1174 3042 1228 λίθου
3073 1175 3105 1243 ἢ
3151 1176 3470 1248 μαρμάρου,
3494 1177 3635 1248 ὑπὲρ

2054 1267 2298 1335 κεφαλῆς
2328 1267 2420 1319 τοῦ
2457 1267 2545 1319 διὰ
2588 1268 2687 1335 τῆς
2721 1270 2934 1329 πόλεως
2967 1270 3301 1340 χειμάρρου,
3351 1271 3637 1336 δοκοῦντος

2054 1356 2132 1415 είς
2164 1354 2392 1420 ἀγκῶνα
2428 1354 2770 1410 ἀνακεῖσθαι.
2802 1356 2912 1410 Καὶ
2940 1357 3075 1411 ἄλλα
3106 1358 3163 1412 δὲ
3194 1360 3367 1413 πολλὰ
3389 1359 3635 1426 τοιαῦτα,

2052 1446 2087 1502 ἃ
2120 1447 2195 1517 μὴ
2222 1446 2416 1517 ἔτυχον
2451 1448 2612 1511 αὐτὸς
2659 1448 2809 1516 ίδὼν,
2846 1452 3060 1520 ἀκήκοα
3084 1451 3142 1504 δὲ
3174 1453 3232 1505 ὲν
3265 1453 3452 1516 τόποις
3494 1428 3641 1506 τισὶν

2052 1542 2398 1611 ἀποκρύφοις
2441 1537 2605 1595 εἶναι.
2653 1542 2759 1595 Έῶ
2787 1543 2896 1611 γὰρ
2935 1544 3062 1606 τοὺς
3116 1544 3224 1611 πρὸ
3279 1544 3378 1613 τῆς
3426 1544 3638 1614 χρυσῆς

2056 1634 2250 1705 πύλης.
2282 1636 2382 1687 Ἢν
2412 1636 2501 1686 καὶ
2534 1636 2702 1701 αὐτὴν
2733 1635 2828 1686 καὶ
2853 1637 2977 1698 τοὺς
3000 1637 3058 1688 ὲν
3082 1636 3218 1707 αὑτῇ
3254 1639 3636 1707 μαρμαρίνους

2056 1728 2302 1796 πύργους
2360 1728 2441 1789 τίς
2480 1727 2545 1780 ἂν
2594 1726 2759 1790 ἀξίως
2820 1727 3036 1780 δύναιτο
3097 1729 3401 1797 Θαυμάσαι,
3437 1728 3635 1791 ἀθλους

366 1839 488 1892 qua:
514 1835 641 1879 sunt
672 1828 1032 1889 anteponam
1060 1829 1284 1870 auream
1320 1811 1533 1865 omitto.
1566 1809 1741 1864 Sedet
1775 1807 1949 1875 ipsam

2066 1821 2399 1890 Ἡρακλέους
2423 1820 2653 1890 ἀρίστης
2687 1820 2779 1873 καὶ
2803 1819 3267 1891 θαυμασιωτάτης
3288 1821 3511 1892 τέχνης,
3539 1821 3635 1876 καὶ

368 1920 509 1971 hanc
543 1927 771 1983 portam,
801 1924 855 1966 et
882 1923 1216 1964 marmoreas
1247 1906 1395 1961 illius
1429 1914 1635 1967 turres;
1673 1909 1786 1955 tum
1813 1898 1949 1953 lier-

371 2007 508 2062 culis
535 2006 772 2067 labores,
812 2016 863 2059 et
898 2000 1205 2055 Promethei
1237 2005 1596 2058 tormentum,
1627 2002 1793 2063 atque
1841 1990 1947 2044 alia

368 2100 533 2169 hujus
556 2101 771 2166 generis
794 2110 1006 2151 summa
1037 2103 1089 2148 et
1109 2090 1417 2146 admirabili
1449 2099 1568 2143 arte
1605 2088 1654 2143 in
1676 2098 1950 2139 marmore

368 2206 626 2262 expressa
677 2189 802 2258 quis
855 2185 1018 2255 digne
1069 2182 1329 2237 admirari
1364 2176 1609 2251 poterit?
1652 2176 1759 2231 Sed
1798 2172 1945 2244 quod

368 2287 560 2340 civitas
594 2282 683 2337 illa
742 2296 852 2335 non
888 2278 1053 2333 etiam
1107 2277 1257 2347 plura
1298 2275 1525 2329 istorum
1563 2284 1789 2341 operum
1853 2268 1950 2320 ha-

367 2380 510 2443 beat,
545 2374 665 2442 ejus
699 2374 811 2427 haec
844 2383 924 2427 est
966 2384 1153 2433 causa,
1185 2366 1328 2437 quod
1359 2378 1471 2419 tum
1504 2363 1721 2417 condita
1759 2359 1946 2421 fuerit,

368 2487 491 2526 cum
541 2469 706 2521 etiam
761 2466 851 2520 hic
922 2472 1140 2534 propter
1191 2459 1509 2529 religionem
1563 2456 1668 2511 iSta
1704 2453 1946 2523 neglecta

364 2563 611 2632 jacerent
631 2599 644 2612 .
672 2557 852 2612 Credo
879 2558 1026 2625 quod
1056 2554 1305 2608 homines
1339 2560 1643 2606 statuarum
1673 2557 1730 2602 et
1761 2547 1946 2615 signo-

370 2668 493 2707 rum
524 2646 944 2706 similitudinem
982 2654 1403 2706 aversarentur;
1446 2643 1669 2711 quinam
1693 2654 1825 2708 ergo
1850 2640 1947 2690 isl-

370 2748 462 2802 hic
487 2761 551 2799 ea
606 2753 720 2799 tum
746 2739 941 2796 facturi
969 2749 1169 2803 essent,
1205 2754 1324 2806 quae
1361 2738 1445 2790 hic
1478 2750 1600 2788 runt
1626 2735 1737 2804 jatn
1769 2742 1947 2785 ess-ta-

370 2848 494 2893 rent
512 2836 751 2906 neglecta
771 2831 1059 2903 iacebant?
1078 2830 1341 2887 Fecerunt
1359 2839 1539 2883 tamen
1558 2837 1610 2883 et
1626 2829 1949 2883 invenerunt

370 2933 509 2986 alia:
550 2929 786 2991 tabulas,
839 2927 1081 2995 inquam,
1136 2925 1422 2995 imagines,
1447 2922 1698 2991 picturas
1755 2929 1808 2972 et
1842 2929 1949 2973 tes-

373 3026 625 3080 sellatum
660 3023 773 3076 sive
805 3022 1077 3075 musivum
1099 3035 1259 3088 opus,
1288 3029 1457 3070 artem
1482 3031 1665 3070 revera
1695 3012 1948 3083 pulcher-

2055 1914 2391 1982 Προμηθέως
2425 1913 2680 1982 βάσανον,
2720 1913 2810 1966 καὶ
2834 1914 3060 1967 τοιαῦτα
3086 1914 3251 1981 ἕτερα
3276 1914 3387 1968 ἀπὸ
3418 1913 3642 1985 μαρμά-

2058 2025 2192 2078 ρου;
2247 2006 2352 2060 Τοῦ
2384 2008 2440 2060 δὲ
2497 2007 2571 2076 μὴ
2603 2009 2694 2063 καὶ
2733 2006 2903 2060 πλείω
2946 2007 3152 2060 τούτων
3201 2009 3351 2077 ἒχειν
3385 2009 3559 2061 οιῐτιον
3581 2008 3644 2061 τὸ

2051 2102 2150 2172 τὴν
2183 2102 2332 2155 πόλιν
2370 2101 2588 2167 εκείνην
2636 2103 2755 2152 τότε
2787 2100 3146 2170 γεγενῆσθαι,
3185 2102 3277 2153 ὅτε
3319 2102 3497 2155 ταῦτα
3549 2102 3645 2154 καὶ

2053 2194 2286 2265 ἐνταῦθα
2325 2194 2413 2246 διὰ
2463 2193 2564 2261 τὴν
2604 2192 2907 2260 θρησκείαν
2961 2192 3241 2260 ἠμελεῖτο.
3297 2193 3653 2259 φευγόντων,

2052 2283 2230 2355 οἶμαι,
2260 2284 2369 2338 ⁶ιςῶν
2397 2282 2708 2354 ἀνθρώπων
2739 2284 2838 2354 τὴν
2877 2282 2985 2336 τῶν
3029 2283 3239 2348 ξοάνων
3269 2284 3369 2337 καὶ
3403 2284 3644 2338 εἰδώλων

2051 2378 2369 2449 ὁμοιότητα.
2398 2377 2521 2440 Πῶς
2549 2378 2732 2430 τοίνυν
2766 2378 2964 2429 ἐκεῖνοι
3004 2377 3180 2429 ποιεῖν
3216 2375 3470 2443 ἔμελλον,
3501 2375 3646 2431 ἀὲν-

2052 2472 2225 2527 ταῦθα
2270 2473 2372 2542 ἥδη
2404 2470 2669 2541 πρότερον
2716 2469 2848 2522 ὅντα
2874 2468 3209 2540 καθῃρεῖτος
3235 2469 3538 2540 Ἐποίησαν
3584 2469 3643 2522 δὲ

2051 2565 2145 2617 καὶ
2168 2563 2388 2633 ἐξεῦρον
2411 2561 2546 2615 ἄλλα
2566 2577 2580 2591 ο
2619 2560 2688 2614 τὰ
2715 2560 2805 2613 διὰ
2830 2559 2941 2613 τῶν
2971 2561 3238 2622 πινάκων,
3263 2560 3360 2615 καὶ
3389 2560 3642 2624 είκόνων,

2052 2654 2146 2705 καὶ
2169 2651 2433 2721 γραφῶν,
2478 2650 2572 2702 καὶ
2612 2650 2679 2702 τὰ
2706 2648 2793 2702 διὰ
2827 2647 3078 2718 ψηφίδων
3126 2650 3292 2716 λέγω.
3326 2648 3527 2716 τέχνης
3555 2646 3647 2700 δν-

2052 2765 2158 2811 τως
2197 2745 2590 2815 λαμπροτάτης
2631 2744 2725 2797 καὶ
2776 2745 3163 2814 μονιμωτάτης
3188 2760 3200 2773 ·
3226 2743 3261 2797 ἃ
3289 2744 3389 2798 καὶ
3416 2744 3507 2798 διὰ
3535 2743 3646 2797 τῶν

2051 2839 2303 2910 ψηφίδων
2334 2839 2506 2908 δήπου
2543 2839 2747 2893 σπάνια
2786 2838 3021 2891 ἐνταῦθα
3055 2840 3147 2890 καὶ
3179 2835 3405 2903 ἀληθῶς
3465 2836 3639 2908 μόνης

2051 2930 2152 3000 τῆς
2193 2929 2462 2993 Ἑλλάδος,
2494 2928 2527 2999 ἢ
2553 2928 2655 2997 τῆς
2684 2929 2891 2989 πόλεως
2928 2928 3164 2996 ἐκείνης.
3204 2927 3360 2980 Ἐπεὶ
3389 2920 3485 2981 καὶ
3512 2926 3571 2985 ιτ
3591 2943 3646 2979 τι

2052 3023 2293 3076 τοιοῦτον
2318 3022 2557 3076 ἐνταῦθα
2596 3023 2627 3091 ἧ
2667 3020 2908 3092 ἀλλαχοῦ
2961 3022 3264 3081 δείκνυται,
3297 3020 3513 3075 ἐκεῖθεν
3546 3019 3650 3091 τὴν

282 3150 288 3159 -
374 3120 568 3171 rimam
601 3125 654 3169 et
686 3114 920 3167 maxime
950 3111 1273 3165 durabilem.
1311 3108 1375 3162 Et
1417 3109 1504 3160 lnc
1538 3107 1753 3177 quidem
1784 3120 1946 3175 opera

2059 3118 2189 3186 ὓλην
2216 3117 2340 3185 ἔσχε
2389 3119 2481 3170 καὶ
2535 3117 2636 3186 τὴν
2686 3117 2905 3185 τέχνην.
2948 3116 3013 3167 Ὃ
3060 3113 3268 3176 νομίζω
3297 3114 3394 3166 καὶ
3424 3114 3520 3167 ἐπὶ
3551 3111 3650 3181 τῆς

374 3210 460 3263 illa
495 3206 771 3262 tessellata
805 3202 1098 3259 admodum
1126 3217 1247 3255 rara
1267 3210 1429 3255 sunt:
1457 3215 1575 3267 qme
1594 3198 1834 3269 profecto
1865 3212 1953 3253 so-

374 3300 478 3352 lius
500 3296 741 3359 ϐαρεῖαι,
775 3302 868 3348 aut
904 3293 1086 3361 potius
1139 3292 1287 3346 illius
1330 3291 1480 3344 urbis
1534 3297 1659 3344 sunt
1691 3289 1907 3359 propria
1941 3310 1952 3345 :

373 3411 496 3449 nam
554 3396 596 3450 si
650 3395 731 3448 vel
765 3394 852 3448 hic
900 3393 979 3447 vel
1031 3391 1152 3446 aliis
1187 3391 1239 3444 in
1276 3391 1408 3444 locis
1441 3390 1546 3444 tale
1577 3389 1706 3458 quid
1736 3389 1952 3455 visitur,

371 3500 423 3542 et
455 3487 733 3543 materiam
757 3497 810 3543 et
840 3495 1010 3542 artem
1037 3484 1164 3540 inde
1195 3483 1403 3538 habuit.
1424 3482 1579 3548 Quod
1607 3482 1772 3535 etiam
1810 3482 1863 3536 in
1892 3498 1953 3537 re

373 3584 635 3640 Stalttaria
684 3582 979 3650 contigisse
1012 3578 1304 3642 existimo;

2068 3213 2576 3282 ἁνδριαντοποιικῆς
2624 3211 2899 3279 συμϐῆναι
2924 3226 2937 3240 ·
2974 3208 3245 3278 ἄρξασθαι
3294 3206 3399 3275 μὲν
3432 3206 3530 3263 καὶ
3563 3204 3653 3276 ἔλ-

2068 3306 2179 3356 θείν
2206 3304 2306 3373 τὴν
2340 3304 2516 3372 ἀρχὴν
2537 3303 2768 3365 ἐκεῖθεν,
2800 3299 3077 3354 ἐπιδοῦναι
3106 3300 3162 3353 δὲ
3200 3297 3528 3367 θαυμασίως
3552 3294 3652 3351 καὶ

2064 3396 2316 3450 ἐνταῦθα.
2341 3397 2498 3456 ’Ίὸως
2527 3395 2583 3447 δὲ
2616 3393 2776 3447 τοῦτο
2808 3392 2876 3445 ἂν
2906 3392 3051 3447 εἷποι
3076 3407 3159 3453 τις
3190 3390 3281 3443 καὶ
3309 3390 3405 3442 ἐπὶ
3436 3386 3652 3442 πολλῶν

2063 3487 2240 3539 ἄλλων
2251 3526 2263 3537 .

1387 3576 1637 3631 videlicet
1689 3591 1808 3630 eam
1876 3578 2143 3647 principio
2205 3580 2367 3634 isthic
2425 3579 2655 3649 coepisse
2712 3589 2766 3634 et
2816 3582 2923 3633 huc
2985 3578 3337 3648 pervenisse:
3407 3585 3653 3633 attamen

371 3693 421 3734 et
479 3681 566 3735 hic
625 3677 945 3733 admirabile
998 3676 1276 3743 accepisse
1321 3673 1747 3728 incrementum:
1784 3671 1933 3741 quod
1976 3671 2227 3730 fortassis
2277 3678 2439 3733 etiam
2471 3676 2538 3731 de
2574 3673 2761 3730 multis
2792 3674 2916 3729 aliis
2943 3673 3065 3742 quis
3092 3672 3373 3728 afﬁrmare
3436 3681 3653 3744 posset,

448 3777 551 3831 Sed
588 3787 645 3831 ut
675 3785 863 3830 cetera
898 3790 1019 3843 qua:
1068 3772 1185 3827 sine
1212 3771 1409 3827 fabulis
1449 3782 1501 3826 et
1536 3772 1951 3843 exaggeratione

372 3874 438 3927 de
473 3873 573 3926 ista
608 3869 740 3923 urbe
768 3866 1181 3922 cotmnemorari
1229 3877 1465 3934 possent,
1497 3866 1782 3930 omittam;
1814 3875 1948 3921 tem-

372 3967 518 4033 plum
555 3963 702 4022 illud,
753 3960 840 4014 cui
874 3960 1091 4028 Sophia:
1126 3973 1318 4010 nomen
1352 3974 1380 4011 a
1436 3958 1618 4011 divina
1673 3956 1949 4027 Sapientia

371 4059 620 4114 Cnuditor
654 4054 911 4124 imposuit
970 4054 1344 4121 (nequaquam
1390 4053 1534 4106 enim
1575 4053 1826 4106 Itumanze
1861 4069 1948 4107 sa-

370 4150 589 4220 pientia:
639 4163 776 4217 Opus
825 4143 971 4216 cst),
1017 4145 1104 4199 ubi
1173 4146 1295 4213 quis
1350 4144 1747 4212 contemplatus
1772 4144 1952 4206 fuerit,

372 4256 616 4312 quaenam
636 4239 740 4292 alia
762 4248 880 4305 post
919 4237 1031 4290 haec
1056 4250 1253 4289 conum
1275 4250 1510 4296 morare,
1541 4235 1623 4288 vel
1656 4235 1842 4288 mirari
1866 4250 1958 4304 po-

378 4336 522 4397 terit,
543 4332 623 4386 vel
649 4345 881 4401 quorum
908 4330 1164 4396 deinceps
1186 4327 1382 4397 poterit
1400 4320 1714 4383 meminisse
1732 4328 1755 4380 ?
1771 4326 1957 4398 Neque

371 4426 516 4481 enim
558 4432 679 4493 post
717 4421 968 4475 homines
996 4428 1148 4473 natos
1170 4418 1346 4472 simile
1372 4418 1502 4489 quid
1521 4416 1708 4485 fuisse,
1730 4418 1816 4472 vel
1861 4434 1957 4471 un-

2144 3774 2302 3827 Ἀλλά
2333 3773 2502 3827 ταῦτα
2537 3773 2657 3843 μὲν,
2683 3772 2821 3844 ὅπερ
2852 3770 3026 3836 εἷπον,
3063 3771 3138 3823 ἐῶ
3161 3786 3177 3801 ο
3220 3770 3293 3822 ἐῶ
3319 3771 3379 3823 δὲ
3404 3772 3500 3826 καὶ
3526 3771 3655 3826 τάλ-

2058 3870 2145 3934 λα,
2176 3868 2274 3921 ὅσα
2323 3884 2404 3928 τις
2439 3866 2695 3936 ἀμύθητα
2741 3868 2834 3919 καὶ
2896 3862 3291 3933 ἀνυπέρϐλητα
3341 3863 3529 3932 λέγειν
3561 3865 3658 3918 δύο

2058 3980 2209 4016 ναιτο
2245 3963 2372 4030 περὶ
2429 3961 2679 4027 ἐκείνης·
2743 3958 2881 4012 ἀλλὰ
2933 3957 3058 4019 vcrb;
3100 3958 3330 4022 ἐκεῖνος,
3372 3951 3419 4025 ᾧ
3459 3956 3649 4021 καλῶς

2063 4056 2232 4110 ποιῶν
2261 4057 2464 4115 ἐκεῖνος
2504 4052 2746 4121 τοῦνομα
2773 4052 2868 4120 τῆς
2900 4049 2996 4103 τοῦ
3030 4049 3166 4102 Θεοῦ
3201 4048 3409 4116 Σοφίας
3436 4051 3657 4119 ἐπεφὴ-

2068 4164 2192 4216 μισε
2220 4147 2355 4215 (ἐστι
2385 4148 2494 4214 γὰρ
2523 4146 2691 4206 ὄντως
2718 4144 2816 4196 οὐκ
2837 4142 3189 4213 ἀνθρωπίνης
3222 4143 3416 4209 σοφίας
3439 4144 3653 4214 ἔργον),

2065 4240 2187 4291 τίνα
2223 4238 2399 4291 ίδόντα
2429 4237 2581 4290 ἐάσει
2603 4236 2768 4306 ἕτερα
2796 4237 2888 4289 τοῦ
2906 4234 3096 4289 λοιποῦ
3125 4234 3326 4301 λέγειν,
3367 4235 3402 4306 ἢ
3434 4236 3659 4305 θαυμά-

2069 4330 2268 4400 {sumi}
2312 4329 2516 4394 ἐτέρων
2566 4330 2661 4382 τοῦ
2715 4327 2901 4382 λοιποῦ
2938 4327 3287 4397 μεμνῆσθαις
3330 4323 3505 4396 Οῐμαι
3544 4328 3657 4396 γὰρ

2071 4414 2209 4490 μήτε
2243 4422 2515 4490 γενέσθαι,
2544 4424 2684 4491 μήτε
2720 4420 2825 4492 μὴν
2856 4421 3182 4490 γενήσεσθαί
3217 4437 3347 4473 ποτε
3381 4421 3578 4491 ὅμοιόν
3600 4439 3655 4474 τι

375 4529 535 4582 quam
592 4510 834 4565 futurum
883 4508 1155 4561 existimo.
1206 4503 1362 4560 Unde
1411 4515 1466 4561 et
1511 4505 1629 4576 ipse
1671 4515 1950 4576 postquam

2070 4517 2186 4569 κατ’
2243 4516 2597 4584 ἀνθρώπου;’
2653 4516 2775 4566 ὅθεν
2813 4514 2877 4583 δὴ
2936 4511 3091 4580 κάγὼ
3126 4513 3318 4565 τούτου
3356 4514 3654 4584 μνησθεὶς,

376 4606 497 4674 ejus
552 4602 792 4667 memini,
850 4616 1065 4655 omnem
1096 4599 1290 4655 deinde
1330 4600 1635 4654 orationem
1680 4600 1749 4655 de
1806 4599 1956 4653 hisce

377 4698 544 4752 rebus
580 4696 845 4750 omittam.
888 4691 1069 4762 Neque
1095 4692 1240 4746 enim
1267 4693 1561 4762 quidquam
1627 4706 1726 4761 pro
1776 4693 1854 4746 rei
1877 4691 1957 4745 di-

373 4789 577 4860 gnitate
602 4789 667 4843 de
695 4787 784 4840 illo
812 4785 917 4840 dici
951 4794 1162 4853 potest;
1187 4792 1241 4838 et
1290 4794 1576 4853 postquam
1599 4782 1718 4851 ejus
1764 4784 1955 4838 memi-

375 4882 542 4947 ueris,
569 4880 701 4935 nihil
728 4879 961 4946 amplius
986 4861 1192 4930 ulla'de
1222 4890 1280 4929 re
1301 4877 1484 4930 dicere
1512 4875 1655 4931 licet.
1698 4874 1827 4930 Nam
1864 4874 1953 4929 ubi

374 4976 477 5029 hoc
500 4973 686 5027 animo
710 4980 887 5026 tecum
916 4968 1251 5036 consideras,
1284 4968 1352 5023 ibi
1387 4968 1523 5022 nihil
1552 4967 1697 5023 aliud
1731 4968 1953 5038 cogitari

374 5075 570 5135 potest.
603 5063 709 5118 Sed
744 5064 812 5117 de
826 5063 950 5124 illo,
980 5069 1040 5115 ut
1066 5059 1196 5125 dixi,
1225 5075 1321 5130 pro
1360 5061 1624 5129 dignitate
1651 5061 1952 5130 quidquam

371 5161 475 5213 dici
503 5156 716 5225 nequit;
746 5153 866 5209 etsi
891 5153 1015 5222 quis
1043 5153 1225 5206 dicere
1253 5163 1531 5222 Inciperet.
1560 5153 1955 5222 plustemporis

374 5249 451 5304 illi
475 5263 637 5318 quam
662 5246 869 5302 caeteris
893 5244 1151 5300 omnibus
1177 5244 1488 5313 impendere
1512 5253 1822 5315 cogeretur,
1857 5260 1955 5300 nec

374 5352 554 5396 tamen
574 5340 883 5410 quidquam
903 5347 960 5392 ιιι
992 5352 1088 5406 par
1114 5346 1196 5391 est
1215 5338 1437 5392 diceret.
1458 5337 1563 5392 Sed
1582 5346 1634 5392 et
1658 5337 1761 5393 hoc
1784 5336 1957 5391 liben-

373 5447 454 5489 ter
472 5432 791 5495 concedam,
817 5429 1131 5500 neutiquam
1156 5438 1332 5483 tamen
1352 5445 1529 5499 neque
1552 5429 1603 5482 in
1625 5430 1730 5484 line
1750 5431 1956 5484 oratio-

372 5531 479 5592 nis,
501 5541 674 5595 neque
695 5525 889 5583 obiter,
906 5537 1003 5581 nec
1017 5522 1132 5576 sine
1149 5531 1300 5577 certo
1331 5521 1561 5578 consilio
1586 5532 1644 5575 ut
1673 5523 1957 5592 superiora

370 5624 655 5679 dicendum
706 5627 843 5675 erat.
868 5617 1067 5672 Verum
1096 5615 1141 5671 si
1168 5630 1265 5671 nec
1293 5617 1474 5671 statim
1504 5630 1534 5670 a
1565 5616 1857 5685 principio,
1903 5625 1959 5671 et

368 5728 520 5772 certo
535 5711 784 5772 consilio,
802 5724 976 5779 neque
993 5708 1147 5763 alteri
1171 5708 1400 5762 consilio
1422 5707 1610 5760 intenti
1640 5708 1804 5761 ullam
1825 5717 1960 5761 tetu-

372 5811 446 5881 pli
492 5807 641 5863 iliius
664 5811 870 5875 partem
894 5802 1069 5859 verbis
1094 5801 1399 5858 deSrribere
1422 5815 1731 5872 possumus,
1766 5802 1953 5872 utique

2060 4611 2205 4662 ἐάσω
2244 4608 2432 4661 λοιπον
2458 4609 2634 4661 πάντα
2657 4606 2747 4660 τὸν
2773 4607 2903 4674 περὶ
2930 4605 3137 4657 τούτων
3160 4604 3346 4672 λόγον.
3373 4603 3518 4658 Οὔτε
3543 4605 3656 4675 γάρ

2059 4701 2188 4770 περὶ
2219 4698 2384 4753 αὐτοῦ
2417 4698 2561 4751 ἔστιν
2615 4697 2763 4762 ἄξιόν
2818 4713 2872 4748 τι
2924 4690 3017 4748 τοῦ
3059 4695 3388 4765 πράγματος
3443 4697 3652 4762 εἰπεῖν,

2058 4792 2181 4847 οὔτε
2210 4792 2401 4846 τούτου
2433 4790 2743 4860 μνησθέντα
2766 4788 2976 4853 ἔξεστιν
3009 4788 3147 4850 ὅλως
3172 4788 3531 4860 λοιπὸνἾτερὶ
3555 4791 3652 4843 οῦ·-

2057 4884 2301 4939 τινοσοῦν
2330 4884 2534 4951 λέγειν.
2567 4880 2738 4933 Τοῦτό
2776 4897 2835 4932 τε
2868 4879 2975 4950 γὰρ
3010 4881 3153 4932 κατά
3184 4878 3310 4933 νοῦν
3341 4879 3653 4951 βαλόμενον

2057 4981 2158 5033 οὐκ
2190 4978 2338 5032 ἔστιν
2384 4976 2571 5046 ἕτερον
2619 4973 2988 5043 διανοηθῆναι.
3049 4974 3159 5026 Καὶ
3191 4973 3319 5041 περὶ
3356 4972 3528 5026 αὑτοῦ
3567 4973 3651 5039 δὲ,

2056 5070 2131 5133 ὼς
2163 5066 2342 5131 εἶπον,
2380 5068 2517 5134 πρὸς
2543 5066 2700 5128 ἀξίαν
2728 5082 2784 5117 τι
2817 5065 2996 5132 λέγειν
3026 5062 3279 5116 ὁπωσοῦν
3316 5064 3610 5132 ἀμήχανον
3633 5080 3648 5094 ·

2060 5162 2156 5215 καὶ
2188 5159 2493 5230 ἀρξάμενον
2512 5159 2569 5211 δὲ
2602 5158 2785 5227 δεήσει
2810 5157 3033 5210 πλείονα
3059 5174 3124 5208 πε
3136 5158 3188 5228 pi.
3231 5156 3420 5209 τούτου
3448 5157 3651 5226 χρόνον

2060 5255 2092 5324 ἢ
2124 5254 2257 5322 περὶ
2284 5251 2395 5304 τῶν
2426 5251 2735 5303 ὑπολοίπων
2784 5249 3002 5302 πάντων
3031 5246 3329 5306 ἀναλῶσαι,
3365 5246 3461 5297 καὶ
3491 5245 3651 5307 τέλος

2063 5342 2229 5415 μηδὲν
2260 5343 2407 5411 ὅμως
2433 5340 2586 5405 ἀξιον
2627 5343 2824 5395 εἰπεῖν.
2859 5338 3004 5407 Ἐγὼ
3055 5338 3110 5391 δὲ
3143 5339 3240 5392 καὶ
3275 5336 3521 5404 σπεύδω,
3572 5338 3651 5399 ὡς
3720 5354 3721 5359 η

2058 5431 2231 5500 εἷπον,
2261 5433 2434 5488 ταῦτα
2460 5434 2661 5487 δοῦναι.
2698 5433 2907 5487 Οὐκοῦν
2943 5432 3047 5485 ἔδει
3080 5432 3215 5501 πρὸς
3242 5431 3319 5501 τῷ
3351 5431 3504 5485 τέλει
3547 5431 3647 5484 τοῦ

2057 5527 2242 5595 λόγου,
2271 5526 2395 5579 οὐδὲ
2423 5516 2481 5579 ἐν
2504 5526 2789 5596 παρέργῳ,
2821 5526 2915 5579 καὶ
2943 5524 3043 5576 οὐκ
3083 5523 3213 5576 ἄνευ
3246 5524 3506 5594 προνοίας,
3540 5524 3655 5581 ῶσ-

2061 5637 2170 5689 περ
2201 5621 2294 5673 ἐπὶ
2318 5620 2426 5685 τῶν
2456 5621 2895 5691 προειρημένων,
2930 5618 3046 5672 ἀλλ’
3071 5620 3121 5670 εί
3158 5621 3243 5672 καὶ
3272 5618 3331 5682 ἐξ
3352 5616 3535 5686 ἀρχῆς
3557 5616 3656 5672 σύ-

2061 5712 2157 5775 θὺς
2191 5715 2287 5767 καὶ
2315 5715 2453 5781 μετὰ
2484 5715 2765 5783 προνοίας,
2794 5714 2885 5765 καὶ
2918 5712 3082 5781 μηδὲν
3103 5712 3228 5765 ἀλλο
3256 5712 3655 5781 προστησάμε-

2058 5824 2139 5864 νοι
2167 5805 2518 5880 ἠδυνήθημέν
2547 5824 2595 5860 τι
2617 5806 2725 5867 τῶν
2755 5807 2818 5863 ὲκ
2844 5806 3038 5877 ἐκείνῳ
3071 5802 3472 5870 ἐπιδείξασθαι,
3502 5802 3651 5873 εἴχο-
