3972 6442
351 420 430 487 49
1449 413 1828 478 EPISTOLA
1869 412 1967 472 AD
1990 402 2347 473 JOANNEM
2382 411 2541 472 IMP.
3556 408 3622 471 50

356 548 458 607 μιν
480 532 546 586 ἂν
568 518 774 603 σφόδρα
801 528 1110 601 ἀγαπῆσαι.
1160 526 1321 592 Τίνος
1374 525 1484 597 γὰρ
1511 526 1673 594 λόγου
1704 521 1841 594 ὕψος
1877 523 1911 594 ἢ

2039 533 2123 574 ιοο
2174 519 2350 589 ipsum
2407 533 2571 589 quam
2625 519 3012 576 charissimum
3079 516 3237 574 nobis
3278 532 3400 573 esse
3435 516 3618 590 debet.

356 624 930 696 μέγεθος-,ἐξισώσεται
978 621 1058 692 τῷ
1102 623 1316 675 ἐκείνου
1350 618 1476 689 ὕψει
1528 622 1624 672 καὶ
1659 616 1915 689 μεγέθεις

356 720 506 772 ποῖον
535 718 595 772 δὲ
644 716 839 780 κάλλος
873 714 950 786 τῷ
976 714 1200 780 κάλλει;
1235 715 1390 767 ποῖον
1416 713 1473 767 δὲ
1513 712 1673 780 λόγου
1702 711 1921 781 ἀξίωμα

352 808 725 880 τῷἀξιώματι
776 807 1026 873 ὲκείνου;
1077 806 1209 860 ποία
1254 806 1313 861 δὲ
1340 805 1600 874 ἁπλότης,
1650 804 1712 858 ἵν’
1744 802 1920 865 οὕτως

352 902 515 962 είπω,
541 904 609 972 τῇ
656 900 965 970 ἁπλότητι;
1016 900 1101 962 τίς
1142 898 1199 952 δὲ
1252 897 1495 967 δεινότης
1533 897 1795 968 ῥημάτων
1829 898 1922 950 καὶ

348 991 596 1045 ποικιλία
629 991 1006 1061 παρισώσεται
1036 993 1100 1063 τῇ
1139 991 1347 1045 ἐκείνου
1378 991 1660 1062 ποικιλίας
1697 994 1780 1054 τίς
1822 991 1920 1060 μὲν

350 1082 551 1150 λέξεων
574 1083 830 1154 ἀκρίϐεια
859 1086 925 1155 τῇ
955 1083 1063 1136 τῶν
1103 1082 1246 1137 ὑλῶν
1290 1083 1379 1137 διὰ
1415 1084 1636 1137 πάντων
1665 1082 1924 1155 ἀκριϐείᾳ

342 1179 449 1230 -καὶ
488 1175 729 1246 ὑπεροχῇ
756 1191 769 1240 ;
799 1174 882 1236 τίς
928 1174 986 1228 δὲ
1021 1175 1262 1245 συνθήκη
1293 1178 1359 1247 τῇ
1406 1177 1635 1230 ἐκείνων
1682 1175 1922 1249 ἁρμονίᾳ

348 1267 449 1320 καὶ
484 1267 755 1339 συνθῆκῃ;
802 1259 862 1321 οὗ
897 1267 992 1321 καὶ
1026 1267 1086 1321 ἓν
1118 1286 1167 1322 τι
1197 1269 1363 1340 μέρος
1407 1269 1440 1341 ἢ
1475 1271 1665 1339 μόριον
1689 1268 1836 1337 λέγω
1862 1271 1922 1322 τὸ

351 1358 718 1429 σμικρότατον
771 1359 1156 1427 ἀπολαϐόντες,
1213 1364 1314 1416 οὐκ
1354 1361 1578 1431 ἔχοιμεν
1627 1361 1693 1416 ἂν
1742 1364 1922 1419 εἰπεῖν

349 1452 537 1517 ἀξίως.
570 1452 710 1507 Οὔτε
746 1456 853 1526 γὰρ
895 1456 991 1520 τὰς
1044 1456 1223 1521 πύλας
1275 1457 1436 1527 μόνον
1474 1457 1696 1521 καὶτὰς
1743 1459 1920 1522 ὁδοὺς,

346 1543 476 1598 οὗτε
498 1543 778 1615 τοῦδαφος,
812 1548 874 1601 οὐ
897 1550 964 1602 τὰ
990 1550 1240 1620 πρόθυρα
1261 1551 1354 1603 καὶ
1370 1550 1437 1603 τὰ
1469 1551 1575 1621 πρὸ
1598 1551 1706 1603 τῶν
1738 1550 1921 1608 πυλῶν

346 1637 547 1708 κάλλη,
575 1639 635 1690 οὐ
663 1639 789 1703 τοὺς
825 1641 1030 1708 κίονας,
1060 1642 1121 1696 οὐ
1150 1643 1248 1705 τὰς
1268 1642 1530 1711 ψηφῖδας,
1575 1644 1638 1697 οὐ
1684 1644 1782 1704 τὰς
1815 1645 1923 1699 τῶν

348 1733 545 1800 τοίχων
594 1734 1009 1803 μαρμαρὼσεις,
1048 1735 1107 1787 οὒ
1138 1736 1239 1803 τὴν
1270 1735 1447 1799 ὕελον,
1494 1737 1555 1789 οὐ
1582 1737 1676 1789 τὸν
1699 1737 1755 1789 ἐν
1779 1738 1919 1809 αὐτῇ

348 1825 572 1895 χαλκὸν,
621 1825 679 1878 οὗ
710 1826 800 1879 τον
854 1828 1133 1896 μόλυϐδον,
1167 1829 1226 1882 οὐ
1267 1830 1370 1883 ’τὸν
1422 1830 1664 1901 σίδηρον.
1723 1832 1785 1885 οὐ
1824 1831 1922 1902 τὴν

2023 610 2324 683 Cuiusnam
2357 610 2501 667 enim
2544 599 2810 666 orationis
2863 612 3177 668 sublimitas
3212 623 3307 666 aut
3338 611 3626 682 magnitu-‘

2023 706 2094 762 do
2131 705 2279 760 illius
2325 703 2668 760 altitudinem
2714 705 3254 776 magnitudinemque
3279 703 3624 776 adaequabit?

2023 811 2145 865 quae
2180 795 2447 850 orationis
2469 794 2737 864 elegantia
2773 795 2920 850 illius
2957 794 3423 864 pulchritudinem
3448 795 3474 847 7
3501 810 3624 864 que

2024 886 2285 954 maiestas
2352 886 2499 941 illius
2551 885 2937 954 maiestatem?
2993 900 3115 955 quae
3173 885 3516 955 simplicitas,
3568 894 3626 937 ut

2025 985 2098 1038 ita
2139 981 2341 1045 dicam,
2370 979 2515 1035 illius
2546 977 3001 1048 simplicitatem?
3037 993 3160 1047 quae
3197 976 3278 1032 vis
3302 988 3356 1032 et
3390 977 3629 1032 varietas

2023 1075 2318 1129 verborum
2386 1074 2514 1130 ilius
2572 1075 2890 1129 varietatem
2950 1070 3311 1140 aerequabit?
3357 1085 3478 1140 quae
3545 1070 3630 1124 di—

2025 1169 2265 1223 ctionum
2285 1183 2415 1223 cura
2439 1177 2494 1223 et
2525 1168 2771 1222 delectus
2800 1166 2943 1221 illius
2966 1177 3281 1221 accuratam
3312 1179 3409 1235 per
3439 1163 3627 1219 ornuia

2026 1261 2413 1332 perfectionem
2446 1268 2499 1315 et
2523 1261 2899 1316 eXeelleutiam
2926 1261 2949 1315 ί
2994 1275 3114 1329 quae
3147 1257 3418 1314 orationis
3472 1264 3621 1311 Stru-

2025 1364 2180 1411 ctura
2214 1354 2361 1410 illius
2412 1354 2820 1424 prOportionem
2866 1362 2918 1408 et
2950 1351 3333 1407 structuram?
3372 1350 3531 1420 cujus
3582 1355 3626 1407 si

2025 1449 2107 1504 vel
2148 1462 2311 1501 unam
2355 1457 2560 1515 partem
2595 1453 2687 1500 aut
2740 1445 3024 1501 minimam
3065 1446 3248 1513 potius
3304 1442 3630 1513 particulam

2027 1556 2311 1607 sumanus,
2354 1552 2697 1610 nequaquam
2757 1538 2917 1609 digne
2966 1538 3273 1593 describere
3311 1549 3629 1607 possumus

2004 1616 2210 1703 ~Neque
2231 1634 2376 1689 enim
2429 1632 2513 1687 vel
2545 1632 2688 1687 solas
2730 1638 2915 1698 portas
2940 1640 2994 1685 et
3053 1629 3257 1694 aditus,
3322 1644 3429 1684 non
3483 1629 3635 1697 pavi-

2028 1736 2296 1792 mentum,
2332 1740 2434 1778 non
2471 1724 2763 1788 vestibula,
2819 1731 2874 1778 et
2943 1734 3224 1793 portarum
3276 1735 3626 1786 ornamenta.

2026 1832 2133 1872 non
2166 1816 2471 1879 columnas,
2522 1830 2630 1870 non
2669 1814 3022 1870 vermiculata
3061 1813 3402 1870 tessellarum
3439 1829 3631 1883 opera,

354 1878 385 1895 η
512 1886 522 1891 -
560 1878 572 1891 ι
854 1878 865 1896 ι
904 1878 1133 1893 ἀντη-ι
1173 1878 1222 1882 *⁷
1288 1878 1362 1883 ⁷--
1427 1878 1664 1901 -ητιιννη
1730 1878 1781 1885 ⁷*
1835 1878 1915 1902 "t'

354 1917 674 1987 σάπφειρον,
708 1918 766 1970 οὐ
793 1919 884 1971 τὸν
913 1921 1131 1988 χρυσὸν,
1178 1921 1240 1974 οὐ
1296 1922 1393 1992 τὴν
1438 1921 1592 1976 ὕελον
1634 1918 1792 1986 αὖθις
1825 1924 1926 1993 τὴν

2037 1923 2138 1964 non
2168 1920 2504 1963 marmoreas
2562 1908 2826 1977 parietum
2889 1905 3341 1970 incrustationes,
3408 1922 3515 1959 non
3551 1905 3633 1959 vi~

354 2010 414 2061 ὲν
430 2010 546 2071 ταῖς
572 2008 825 2077 ψηφῖσιν,
860 2012 960 2063 οὐκ
985 2010 1111 2064 ἄλλο
1140 2012 1321 2066 ὁτιοῦν
1375 2014 1539 2084 μέρος
1564 2014 1807 2080 ἀκριϐῶς
1839 2016 1929 2071 δυ-

354 2101 584 2168 ναίμεθα
613 2103 928 2165 καταλέξαι.
958 2104 1021 2156 Τί
1052 2104 1231 2158 τοίνυν
1254 2106 1317 2160 ἀν
1348 2124 1431 2170 τις
1452 2108 1589 2175 ’περὶ
1622 2109 1731 2162 τῶν
1765 2109 1929 2163 λίθων

361 2194 447 2245 καὶ
471 2191 565 2244 τοῦ
588 2193 711 2257 ὅλου
752 2194 1050 2263 σχήματος,
1085 2195 1179 2249 καὶ
1204 2196 1300 2266 τῆς
1330 2196 1459 2266 ὅλης
1499 2198 1790 2268 οίκοδομῆς
1834 2201 1931 2252 καὶ

371 2282 449 2336 τοῦ
479 2283 736 2349 πλάτους,
760 2287 855 2339 καὶ
888 2286 981 2339 τοῦ
1010 2286 1199 2356 ὕψους,
1242 2290 1335 2342 καὶ
1362 2289 1461 2357 τῆς
1487 2290 1694 2360 ὀροφῆς
1736 2291 1884 2359 λέγοι
1912 2307 1928 2357 ;

370 2379 429 2445 ἦν
456 2377 518 2430 οὐ
551 2377 713 2446 μόνον
739 2379 813 2443 ὡς
842 2378 957 2447 ἔχει
988 2378 1193 2449 λέγειν.
1226 2381 1344 2435 ἀλλ’
1372 2382 1492 2435 οὐδὲ
1539 2384 1672 2454 ὁρᾷν
1697 2383 1933 2454 δυνάμε-

360 2467 459 2521 θα·
500 2470 697 2540 μᾶλλον
727 2471 784 2525 δὲ
807 2470 1063 2541 ὁρῶντες,
1109 2474 1259 2537 ὅπως
1288 2474 1521 2543 ἕστηκεν
1563 2476 1929 2546 ἀπιστοῦμεν.

361 2557 573 2626 Ὥσπερ
599 2561 708 2627 γὰρ
736 2562 834 2631 τὴν
855 2562 1086 2633 οὐρανοῦ
1120 2567 1358 2634 σφαῖραν
1391 2564 1747 2636 θαυμάζομεν
1774 2568 1932 2636 στρέ-

357 2650 555 2718 φεσθαι
582 2652 665 2721 ἐφ’
692 2654 910 2724 ἑαυτῆς,
941 2654 1115 2719 οὕτως
1165 2656 1369 2727 ταύτην
1399 2658 1498 2729 τὴν
1525 2660 1807 2730 ἀμίμητον
1839 2661 1933 2714 καὶ

356 2742 618 2811 οὐρανίαν
644 2743 808 2814 aeta:
844 2747 938 2799 καὶ
977 2746 1205 2816 ὀροφὴν,
1234 2749 1382 2812 ὅπως
1404 2750 1503 2819 τὴν
1535 2750 1710 2822 ἀρχὴν
1742 2754 1934 2821 γέγονε

357 2837 459 2888 καὶ
476 2833 705 2904 ἕστηκεν
742 2837 1076 2907 ἀποροῦμεν.
1114 2839 1306 2893 Καίτοι
1343 2841 1602 2899 ,πλεῖστον
1634 2843 1728 2896 τοῦ
1769 2842 1935 2914 μεγέ-

361 2929 490 2989 θους
528 2929 625 2995 τῆς
661 2928 835 2994 ὂψεως
876 2930 1089 3003 ἀνάγκη
1118 2931 1201 3006 τὸ
1238 2932 1371 3002 ὕψος
1406 2936 1681 3005 ἀφαιρεῖν,
1735 2936 1935 3004 μᾶλλον

357 3019 419 3073 δὲ
451 3021 544 3074 καὶ
597 3021 760 3076 αὐτοῦ
817 3023 909 3076 τοῦ
969 3023 1171 3093 ὕψους·
1224 3026 1376 3095 ὅμως
1416 3027 1701 3096 ἀμήχανον
1747 3028 1805 3080 τὸ
1838 3031 1935 3098 τῆς

360 3114 665 3186 ὑπερϐολῆς
695 3118 984 3186 φαίνεται·
1017 3118 1159 3173 ὥστε
1212 3119 1286 3191 μὴ
1341 3122 1503 3189 μόνον
1544 3121 1634 3175 τὸν
1684 3123 1935 3177 τοσοῦτον

2033 2010 2202 2067 trum,
2236 2015 2342 2053 non
2393 2015 2465 2055 ms
2500 2001 2552 2052 in
2615 1999 2679 2053 iis
2708 2007 3119 2068 consumptum,
3157 2014 3265 2053 non
3324 1998 3634 2069 plumbum.

2032 2109 2139 2149 non
2173 2093 2402 2159 ferrum,
2437 2108 2545 2147 non
2608 2094 2950 2161 sapphirum,
3012 2108 3120 2146 non
3179 2108 3397 2156 aurum,
3459 2108 3638 2161 neque

2032 2187 2232 2241 vitrum
2264 2187 2316 2241 in
2340 2186 2686 2241 tessellarum
2717 2184 3122 2246 commissuris,
3152 2185 3360 2238 nullam
3395 2184 3637 2252 denique

2033 2281 2194 2336 aliam
2247 2288 2453 2350 partem
2507 2288 2761 2336 accurate
2818 2278 3134 2334 describere
3183 2279 3507 2349 poterimus.
3533 2277 3639 2332 Ec-

2034 2376 2163 2447 quid
2200 2375 2367 2444 igitur
2419 2374 2484 2429 de
2519 2373 2813 2443 lapidibus,
2845 2372 2975 2441 quid
3038 2372 3105 2428 de
3173 2380 3286 2427 tota
3347 2372 3518 2442 ligura
3583 2388 3637 2433 et

2035 2477 2307 2528 structura
2336 2468 2612 2531 universa,
2648 2466 2781 2537 quid
2815 2467 2881 2522 de
2919 2466 3207 2521 latitudine
3233 2477 3289 2522 et
3320 2468 3638 2522 altitudines

2034 2558 2165 2630 quid
2203 2558 2270 2614 de
2302 2559 2427 2614 tecti
2463 2557 2678 2627 fastigio
2713 2556 2913 2627 aliquis
2945 2558 3089 2612 dicat
3118 2556 3143 2611 ?
3179 2556 3353 2624 Cujus
3386 2567 3633 2613 structu-

2037 2668 2152 2708 ram
2183 2667 2289 2708 non
2328 2654 2504 2708 solum
2534 2652 2799 2715 oratione,
2849 2652 2942 2707 sed
2980 2667 3080 2706 nec
3118 2652 3235 2707 visu
3281 2654 3501 2723 assequi
3540 2669 3637 2706 va-

2036 2750 2249 2803 lemus:
2298 2747 2427 2816 quin
2491 2746 2672 2816 potius
2694 2746 2866 2801 oculis
2926 2754 3250 2802 contuentes
3320 2746 3474 2800 nobis
3509 2749 3640 2816 ipsis

2036 2840 2367 2912 persuadere
2399 2855 2506 2893 non
2543 2853 2835 2909 possumus
2883 2840 3159 2909 quomolo
3188 2839 3469 2895 subsistat.
3503 2839 3638 2893 Nam

2038 2943 2097 2988 ut
2130 2933 2250 2989 caeli
2306 2933 2491 2987 orbem
2538 2934 2589 2984 in
2619 2947 2679 2987 se
2734 2933 2853 3001 ipso
2913 2933 3155 2987 converti
3210 2934 3496 2996 miramur,
3558 2931 3638 2987 ita

2037 3026 2199 3079 etiam
2229 3039 2336 3096 qua
2368 3023 2586 3079 ratione
2626 3024 2774 3089 absis
2798 3024 2886 3077 illa
2944 3033 2998 3078 et
3030 3025 3371 3096 contignatio
3403 3025 3642 3078 inimita-

2040 3116 2166 3171 bilis
2192 3124 2246 3169 et
2273 3114 2514 3170 caelestis
2572 3114 2843 3184 principio
2894 3114 3042 3170 facta
3070 3114 3255 3180 fuerit,
3286 3126 3340 3170 et
3362 3118 3640 3186 quomodo

361 3209 566 3277 ὄγκον,
617 3213 709 3265 καὶ
753 3214 853 3282 τὴν
902 3215 1160 3286 τοιαύτην
1200 3216 1548 3286 κατασκευὴν
1607 3217 1932 3286 θαυμάζειν,

2040 3208 2374 3274 substiterit,
2419 3206 2755 3262 dubitamus.
2810 3207 2874 3261 Et
2921 3208 3173 3277 quamvis
3229 3223 3514 3263 necessum
3569 3210 3641 3263 sit

361 3302 498 3357 ἀλλά
532 3305 781 3366 καὶτοὺς
832 3305 1089 3359 τοσοῦτον
1149 3306 1312 3376 ἔργον
1370 3306 1464 3361 ἀπ’
1506 3309 1720 3371 οὐδενὸς
1746 3312 1934 3379 ὁμοίου

361 3393 808 3465 παραδείγματος
862 3397 943 3459 είς
975 3397 1099 3451 νοῦν
1130 3396 1521 3468 βαλλομένους,
1581 3400 1673 3452 καὶ
1720 3399 1937 3470 διανοη-

354 3485 574 3550 θέντας,
626 3487 719 3540 καὶ
752 3487 1082 3556 νομίσαντας
1128 3489 1354 3544 δυνατὸν
1401 3484 1542 3544 εἶναι
1591 3491 1808 3562 ἀληθῶς
1854 3494 1935 3557 είς

363 3578 523 3646 ἔργον
554 3580 852 3651 προελθεῖν,
884 3583 980 3635 καὶ
1005 3581 1501 3654 διαπραξαμένους.
1538 3586 1602 3637 Ὃ
1640 3587 1788 3655 φημὶ
1837 3587 1937 3655 μὲν

364 3671 494 3742 περὶ
526 3672 618 3724 τοῦ
647 3673 768 3726 ὅλου
813 3673 996 3735 ἁπλῶς
1015 3673 1212 3743 ἔργου,
1266 3676 1502 3745 μάλιστα
1525 3676 1583 3730 δὲ
1616 3678 1760 3748 φημὶ
1806 3678 1939 3749 περὶ

363 3763 466 3833 τῆς
490 3764 715 3835 ὀροφῆς,
758 3761 824 3836 ἦν
851 3767 1065 3838 ἀνάγκη
1097 3767 1188 3820 τὸν
1225 3768 1587 3840 ἀρχιτέκτονα
1612 3774 1825 3825 ἐκεῖνον
1851 3773 1941 3825 εὑ-

364 3855 461 3917 θὺς
498 3856 605 3909 ἀπὸ
629 3858 734 3911 τῶν
758 3858 1044 3928 θεμελίων,
1101 3860 1305 3929 μᾶλλον
1331 3860 1389 3915 δὲ
1425 3863 1519 3915 καὶ
1554 3863 1660 3932 πρὸ
1705 3863 1803 3934 τῆς
1830 3862 1945 3917 τῶν

322 3979 333 3991 ο
366 3946 627 4013 θεμελίων
654 3950 834 4005 αὐτῶν
880 3950 1207 4017 καταϐολῆς,
1243 3950 1318 4013 ὡς
1353 3952 1449 4007 νῦν
1490 3954 1627 4023 ἕχει,
1656 3954 1940 4026 διανοηθῆ-

365 4055 477 4104 ναι,
504 4041 595 4093 καὶ
617 4039 891 4113 θαρρῆσαι
925 4046 1187 4113 συστῆναι
1216 4043 1480 4099 δύνασθαι
1500 4061 1515 4077 ο
1550 4045 1578 4098 ὃ
1610 4044 1703 4100 νῦν
1724 4045 1940 4117 ὁρώμε-

366 4146 457 4184 νον
482 4131 804 4188 ἀπιστεῖται.
842 4134 1053 4206 Σφόδρα
1084 4137 1294 4191 ἐκεῖνον
1343 4138 1493 4201 είκὸς
1520 4140 1586 4209 τῇ
1621 4139 1810 4211 τέχνῃ,
1844 4140 1940 4193 καὶ

367 4221 488 4284 ταῖς
516 4222 830 4291 ἀναλογίαις
856 4227 975 4291 ταῖς
1003 4228 1127 4279 κατ’
1157 4227 1329 4299 αὐτὴν
1359 4230 1654 4284 πιστεῦσαι
1676 4247 1688 4261 ·
1727 4231 1935 4302 σφόδρα

365 4312 423 4365 δὲ
451 4310 587 4367 εἶναι
613 4318 1040 4388 γεωμετρικὸνῆ
1075 4320 1377 4391 μηχανικόν
1410 4338 1423 4353 ⁸
1458 4323 1637 4377 καίτοι
1672 4324 1723 4377 τί
1753 4324 1933 4393 λέγω;

368 4407 542 4459 ἐκεῖνο
562 4408 666 4476 γὰρ
693 4408 753 4461 τὸ
778 4408 941 4480 ἔργον
966 4412 1027 4465 οὐ
1080 4412 1178 4481 τὴν
1202 4412 1415 4466 ἐκείνου
1448 4413 1634 4483 μόνον,
1685 4418 1782 4470 καὶ
1831 4416 1940 4470 τῶν

368 4496 544 4550 ἄλλων
570 4498 982 4570 δομησαμένων,
1014 4502 1151 4557 ἀλλὰ
1200 4503 1293 4555 καὶ
1320 4506 1423 4571 τὴν
1458 4504 1551 4557 τοῦ
1592 4504 1938 4577 ἀνθρωπίνου

2040 3314 2098 3360 ut
2128 3301 2357 3358 altitudo
2408 3301 2873 3386 quamplmimum
2947 3299 3016 3355 de
3053 3301 3431 3369 magnitudine
3483 3314 3646 3367 aspe'

1994 3407 2185 3464 'ctus,
2208 3395 2292 3450 vel
2328 3396 2510 3465 potius
2539 3394 2605 3449 de
2641 3394 2754 3463 ipsa
2795 3392 3089 3449 altitudine
3136 3393 3462 3459 subtrahat;
3495 3405 3642 3449 attao

2041 3504 2163 3543 men
2209 3497 2473 3557 quantum
2515 3487 2761 3541 cernitur
2801 3486 3138 3541 immensum
3173 3493 3228 3540 et
3267 3499 3478 3541 vastum
3511 3492 3643 3557 quid

2041 3589 2299 3651 apparet;
2348 3580 2420 3633 ita
2446 3589 2503 3633 ut
2561 3595 2667 3632 non
2730 3578 2906 3632 solum
2959 3586 3167 3633 tantam
3202 3579 3398 3633 molem
3433 3581 3638 3634 talem-

2040 3689 2148 3743 que
2185 3683 2520 3729 structuram
2548 3671 2747 3742 aliquis
2808 3672 3059 3735 miretur,
3103 3670 3198 3728 sed
3231 3683 3284 3726 et
3348 3673 3489 3738 illos,
3546 3675 3641 3743 qui

2043 3767 2192 3823 nullo
2251 3767 2417 3823 simili
2480 3765 2731 3836 exetnplo
2781 3766 3066 3835 proposito
3115 3775 3323 3820 tantum
3353 3781 3491 3836 opus
3526 3768 3647 3822 aui-

2043 3875 2134 3915 mo
2171 3865 2574 3928 conceperunt.
2623 3866 2676 3910 et
2727 3858 2928 3911 mentis
2968 3865 3294 3926 conceptum
3344 3858 3524 3926 rcipsa
3589 3859 3643 3911 in

2041 3965 2178 4019 Opus
2234 3949 2462 4020 produci
2503 3963 2663 4015 posse
2726 3949 3140 4012 existimarunt,
3183 3957 3237 4002 et
3269 3948 3642 4019 perfecerunt.

2045 4046 2110 4099 Et
2147 4048 2251 4099 hoc
2278 4042 2499 4114 quidem
2561 4041 2812 4097 absolute
2865 4044 2933 4096 de
2992 4050 3106 4097 toto
3164 4057 3332 4112 opere
3380 4040 3647 4114 illlrilign,

2043 4140 2136 4192 sed
2171 4135 2443 4205 praecipue
2490 4135 2557 4189 de
2590 4135 2744 4191 tholo
2782 4153 2797 4190 :
2844 4151 3007 4205 quem
3046 4136 3359 4192 necessario
3406 4137 3648 4192 ατοιιῑιοο

2042 4239 2163 4285 ctus
2191 4228 2280 4283 ille
2303 4228 2488 4284 statim
2547 4231 2615 4283 ab
2667 4229 2802 4312 ipsis
2859 4227 3254 4293 fundamentis,
3318 4230 3404 4286 vel
3468 4232 3649 4300 potius

2042 4325 2205 4378 etiam
2235 4329 2362 4376 ante
2388 4321 2531 4389 iacta
2568 4318 2919 4379 iuiidamenta
2970 4324 3131 4377 talem
3159 4323 3340 4392 qualis
3368 4340 3518 4379 nunc
3540 4338 3648 4389 est,

2044 4417 2228 4470 animo
2288 4416 2555 4485 concepit,
2614 4415 2901 4470 etcxstrui
2975 4430 3134 4482 posse
3190 4416 3435 4472 conﬁdit.
3493 4416 3648 4485 Quod

2046 4524 2190 4563 nunc
2222 4508 2350 4563 dum
2394 4507 2570 4562 oculis
2618 4509 2863 4563 cernitur
2899 4508 3055 4563 fidem
3112 4510 3347 4564 excedit.
3398 4510 3467 4565 Et
3488 4526 3653 4566 vero.

368 4589 577 4658 γένους,
613 4592 707 4643 καὶ
734 4593 833 4663 τὴν
859 4593 952 4647 τοῦ
984 4594 1125 4657 ζὼου
1157 4596 1350 4649 τούτου
1406 4596 1596 4660 ἁπλῶς
1645 4599 1933 4668 ἀγχίνοιαν

2046 4602 2226 4657 simile
2257 4610 2339 4657 est
2386 4601 2662 4655 hominem
2728 4601 2878 4655 illum
2949 4601 3050 4657 arti
3081 4610 3135 4655 et
3191 4604 3653 4674 prOpOrIionibus

368 4679 464 4732 καὶ
496 4680 896 4751 μεγαλουργίαν
926 4685 1056 4748 τοὺς
1083 4684 1325 4750 ὁρῶντας
1355 4682 1580 4738 δύναται
1608 4689 1783 4739 ποιεῖν
1810 4686 1941 4739 θαυ-

370 4773 600 4842 μάζειν·
629 4773 709 4827 ὅτι
754 4773 1006 4829 τοσοῦτον
1038 4776 1189 4846 αὑτῷ
1235 4776 1418 4846 φύσει,
1450 4778 1593 4849 ὅπερ
1616 4778 1716 4831 οὐκ
1747 4778 1813 4833 ἄν
1859 4796 1943 4844 τις

370 4867 635 4935 πρότερον
662 4864 838 4936 ᾠήθη,
862 4867 1122 4930 ἐπινοίας,
1153 4871 1246 4922 καὶ
1287 4869 1665 4939 μεγαλονοίας,
1694 4870 1727 4940 ἦ
1756 4870 1940 4936 ἀξίας,

368 4956 466 5008 καὶ
494 4957 775 5025 δυνάμεως
806 4959 1105 5027 περίεστιν.
1140 4954 1312 5029 Οἶμαι
1356 4962 1464 5032 γὰρ
1492 4962 1647 5017 οὐδὲν
1682 4963 1792 5017 τῶν
1826 4981 1945 5035 χειο

371 5049 660 5118 ροκμήτων
680 5048 885 5103 τούτων
913 5050 1092 5119 ἔργων
1123 5054 1258 5122 παρ’
1282 5052 1592 5124 ἀνθρώποις
1620 5054 1807 5126 ὅμοιον
1832 5055 1942 5123 οὐδ’

368 5142 537 5209 ἐγγὺς
578 5141 847 5209 γενέσθαι.
887 5142 1063 5196 Πολλὰ
1093 5145 1149 5197 δὲ
1194 5146 1288 5200 καὶ
1317 5147 1416 5217 τῆς
1460 5148 1678 5216 φύσεως
1715 5150 1809 5204 καὶ
1844 5150 1942 5221 τῆς

368 5230 713 5302 ὂιανοητικῆς
751 5233 943 5302 σοφίας
990 5236 1047 5287 ἐν
1102 5236 1250 5306 αὐτῴ
1302 5237 1587 5291 δείκνυται
1632 5237 1938 5310 θαυμάσια.

369 5322 542 5375 Τοῦτο
569 5323 749 5377 τοίνυν
773 5326 834 5378 τὸ
856 5326 1107 5379 τυσοῦτον
1140 5328 1234 5380 καὶ
1263 5327 1506 5382 τοιοῦτον
1538 5329 1702 5399 ἔργον
1728 5331 1941 5401 βέλτιον

368 5417 545 5485 σιωπῇ
589 5413 924 5485 θαυμάζειν*
969 5419 1090 5470 ἐπεὶ
1145 5422 1241 5474 καὶ
1278 5421 1385 5472 ἀπὸ
1417 5420 1515 5488 τῆς
1558 5421 1798 5493 ὁψεωςῆ
1840 5428 1940 5494 τῆς

368 5509 588 5577 μνήμης
618 5509 785 5579 μόνης
810 5511 998 5574 ἀνόους
1043 5513 1133 5563 καὶ
1161 5509 1409 5580 ἀφώνους
1442 5514 1568 5577 τοὺς
1592 5514 1941 5585 ἐνθυμουμέ-

363 5615 489 5658 νους
519 5598 611 5651 καὶ
650 5601 893 5669 ὁρῶντας
930 5605 1101 5656 ποιεῖν
1130 5604 1359 5657 δύναται
1385 5620 1398 5636 ·
1440 5594 1631 5674 ὥσπερ
1649 5606 1941 5661 ἀδλεπτεῖν

364 5691 654 5761 συμϐαίνει
680 5696 806 5757 τοὺς
849 5698 984 5765 πρὶς
1031 5699 1122 5749 τὸν
1149 5696 1301 5768 ἣλιον
1344 5698 1378 5768 ἢ
1407 5699 1543 5766 πρός
1580 5717 1633 5751 τι
1663 5702 1772 5755 τῶν
1799 5702 1941 5771 λαμ-

364 5784 518 5850 πρῶν
571 5784 835 5857 ὁρῶντας.
870 5772 1157 5860 Καὶ’περ“ι
1192 5791 1299 5843 τῶν
1350 5792 1538 5863 ἐκείνῃ
1589 5792 1646 5845 δὲ
1680 5795 1744 5863 τῇ
1787 5795 1940 5847 πόλει

361 5870 626 5945 λειψάνων
661 5879 833 5950 ἁγίων
882 5882 975 5935 καὶ
1010 5882 1390 5954 ἁγιασμάτων,
1425 5884 1459 5938 ἀ
1489 5884 1719 5940 πλεῖστα
1749 5886 1850 5958 μὲν
1881 5887 1940 5952 ἐξ

2056 4692 2370 4749 artiﬁciosis
2397 4693 2688 4749 admodum
2725 4694 2895 4750 fuisse
2954 4694 3248 4755 confisum.
3314 4706 3428 4750 tum
3483 4698 3647 4751 etiam

2052 4786 2385 4857 geometrica
2443 4795 2499 4841 et
2561 4787 2880 4842 mechanica
2930 4787 3164 4842 scientia
3218 4787 3392 4843 fuisse
3448 4789 3655 4845 instru-

2052 4877 2388 4950 ctissimum.
2426 4877 2490 4932 Et
2510 4878 2638 4948 quid
2671 4876 3088 4932 multis‘iuuum
3124 4878 3227 4933 hoc
3263 4893 3403 4948 opus
3430 4881 3650 4947 sullicit,

2054 4969 2197 5020 unde
2223 4983 2329 5020 non
2367 4968 2512 5023 illius
2544 4968 2720 5024 solum
2755 4978 2806 5023 ct
2843 4969 3174 5037 rlequorum
3195 4970 3649 5041 architectorum,

2053 5060 2148 5114 sed
2184 5064 2349 5114 totius
2376 5061 2598 5115 humani
2655 5062 2947 5130 gent-risu
2995 5062 3264 5134 ingeniosi
3315 5064 3481 5135 hujus
3533 5068 3651 5120 ani-

2054 5154 2255 5209 mantis
2306 5155 2582 5211 solertiam
2673 5163 2725 5208 et
2792 5156 3254 5227 magnificentiam
3315 5159 3649 5215 admireris:

2052 5247 2140 5301 cui
2178 5258 2386 5303 tantum
2442 5247 2638 5317 ingenii
2672 5258 2722 5301 et
2777 5258 2884 5301 tam
2923 5262 3103 5305 vastas
3136 5250 3518 5321 c0gitatioues,
3574 5269 3653 5323 ι-υι

2050 5341 2213 5394 etiam
2251 5351 2462 5395 tantum
2499 5341 2778 5411 dignitatis
2816 5349 2869 5395 ct
2904 5345 3178 5410 potentiae,
3231 5353 3497 5413 quantum
3567 5347 3652 5398 vix

2050 5436 2342 5505 quisquam
2399 5444 2524 5489 ante
2578 5435 2922 5497 credidisset,
2970 5448 3177 5492 natura:
3233 5438 3497 5494 beneﬁcio
3520 5455 3652 5508 διῳ-
3750 5460 3751 5463 η

2051 5526 2203 5595 petit.
2232 5523 2307 5581 Ita
2339 5527 2481 5581 enim
2510 5526 2785 5593 existimo,
2820 5529 3025 5583 nu'lum
3056 5531 3308 5585 humanm
3366 5531 3655 5586 industria:

2051 5633 2189 5688 opus
2223 5618 2290 5672 ad
2322 5619 2423 5673 hoc
2460 5619 2633 5688 ipsum
2664 5622 2944 5682 accedere,
2980 5622 3153 5677 multo
3184 5625 3362 5676 mimis
3387 5638 3646 5693 requare:

2050 5711 2104 5765 in
2146 5726 2255 5780 quo
2283 5712 2445 5766 etiam
2491 5712 2657 5766 multa
2702 5721 2808 5766 tam
2842 5723 3050 5768 natura:
3110 5730 3275 5782 quam
3332 5715 3532 5785 ingenii
3583 5730 3655 5770 ac

2049 5800 2328 5869 sapientiae
2387 5802 2647 5857 miracwla
2706 5814 2990 5872 apparent.
3058 5806 3288 5859 Praestat
3344 5806 3651 5874 igiturnos

2052 5905 2258 5948 tantum
2295 5912 2356 5948 ac
2405 5897 2510 5949 tale
2567 5911 2701 5966 opus
2750 5897 2969 5954 silentio
3031 5898 3329 5954 admirari:
3381 5916 3503 5955 cum
3566 5899 3646 5959 vel
