3972 6448
344 372 407 427 51
1529 378 1930 440 MANUELIS
1968 377 2500 440 CHRYSOLOR/E
3557 383 3625 447 52

343 483 728 557 ipsotaspcctn
753 483 837 537 vel
884 482 1051 539 etiam
1102 484 1219 541 sola
1276 486 1660 543 recordatione
1713 499 1948 543 mentem

2058 491 2226 562 ἀρχῆς
2257 492 2467 561 γέγονε,
2498 494 2698 566 σπουδῇ
2730 495 3068 567 πανταχόθεν
3102 494 3205 548 τῶν
3230 496 3371 549 κατὰ
3412 500 3640 566 καιροὺς

341 588 643 646 vocemque
677 576 809 642 illis,
839 578 929 646 qui
971 576 1051 632 vel
1102 579 1311 646 animo,
1352 583 1434 635 vel
1492 580 1668 635 oculis
1698 590 1948 636 contem-

345 667 590 737 plantur,
623 668 865 725 adimere
898 671 1071 740 possit
1100 673 1599 742 :qnemadmmlnm
1635 675 1668 727 ii
1692 675 1951 730 caacutire

341 761 540 827 solent,
582 761 675 831 qui
703 761 874 817 solem
910 765 993 819 vel
1028 765 1190 820 aliam
1230 782 1344 819 rem
1371 766 1606 820 lucidam
1642 767 1947 821 intuentur.

341 852 480 917 Onin
513 855 676 913 etiam
719 857 787 912 de
819 857 1066 927 reliquiis
1123 869 1464 924 sanctorum,
1502 870 1555 914 et
1578 860 1740 915 rebus
1772 862 1947 916 Sacris

2055 582 2324 653 ἀοιδίμων
2365 584 2633 655 βασιλέων
2681 587 2850 641 ταῦτα
2895 588 3337 657 συλλεξαμένων,
3374 588 3640 641 πλείστων

2055 674 2113 728 δὲ
2139 670 2296 740 αὖθις
2341 679 2570 743 ἐκεῖθεν,
2616 678 2808 751 ὥσπερ
2841 680 2950 733 ἀπο
2998 683 3187 750 κοινῆς
3236 680 3423 750 πηγῆς
3471 697 3642 747 τινος,

2057 774 2369 840 πανταχόσε
2401 773 2779 841 διαδοθέντων,
2828 776 3000 830 πολλὰ
3038 776 3117 829 ἔτι
3148 778 3244 828 καὶ
3275 775 3370 829 νῦν
3404 775 3644 846 μεμένη-

2057 881 2176 929 κεν,
2210 865 2388 928 οὐδεὶς
2416 866 2576 934 ὅλως,
2605 865 2782 938 οἶμαι,
2811 870 3017 937 ἀγνοεῖ.

341 952 488 1010 illius
516 952 690 1016 urbis,
724 968 846 1023 quea
875 953 1094 1023 quidem
1126 953 1378 1024 plurimae
1406 970 1434 1010 a
1468 954 1737 1038 principio
1775 955 2014 1021 fuerunt,
2050 971 2117 1012 eo
2148 960 2292 1025 quod
2328 975 2543 1016 summo
2601 977 2818 1033 semper
2869 978 2997 1017 cum
3027 963 3212 1019 studio
3265 962 3334 1016 ab
3367 963 3644 1033 augustis-

342 1045 500 1100 simis
555 1046 982 1117 imperatoribus
1037 1050 1407 1121 undequaque
1447 1050 1853 1120 colligerentur,
1889 1051 1982 1105 sed
2019 1052 2271 1121 plurimis
2340 1055 2464 1109 inde
2521 1066 2780 1126 tanquam
2810 1073 2839 1112 a
2886 1057 3165 1112 communi
3215 1054 3454 1125 quodam
3497 1052 3645 1107 fonte

341 1136 410 1194 ει]
447 1139 550 1195 alia
577 1140 693 1195 loca
724 1141 1060 1197 transmissis
1086 1142 1442 1199 nihilominus
1466 1144 1634 1198 etiam
1673 1159 1817 1199 nuuc
1877 1146 2061 1201 multae
2091 1157 2408 1216 supersunt,
2469 1149 2741 1204 nemiuem
2793 1152 3020 1205 omnino
3075 1150 3327 1219 ignorare
3362 1146 3641 1205 existimo.

412 1231 683 1288 Caeterum
740 1251 884 1289 nunc
912 1235 1042 1289 illud
1085 1238 1149 1290 de
1176 1245 1406 1305 utraque
1460 1238 1595 1290 urbe
1652 1239 1853 1299 dicam,
1906 1252 1952 1291 SI

341 1323 466 1395 quis
495 1327 845 1394 antiquorum
897 1327 1112 1382 illorum
1145 1342 1307 1395 opera
1370 1338 1596 1399 spectet,
1634 1341 1740 1384 tam
1770 1331 1819 1381 in
1851 1329 1954 1384 hac

341 1430 507 1484 quam
541 1416 594 1471 itt
632 1431 819 1473 nostra
865 1421 1021 1483 urbe,
1059 1419 1209 1474 illum
1267 1429 1320 1474 et
1359 1422 1690 1491 voluptatem
1721 1431 1774 1474 et
1805 1420 1951 1478 utili:

344 1517 514 1565 tatem
547 1510 672 1566 inde
714 1521 1121 1582 perceptarum.
1164 1512 1257 1568 Est
1294 1514 1439 1568 enim
1466 1516 1610 1584 quod
1641 1512 1950 1568 mortalium

341 1618 509 1673 opera
541 1604 853 1670 admireris,
879 1615 965 1661 est
1000 1607 1247 1662 vicissim
1296 1625 1393 1662 cur
1419 1617 1738 1665 contemnas
1771 1617 1823 1662 et
1855 1622 1952 1675 pro

344 1697 513 1750 nihilo
540 1697 741 1753 habeas
771 1716 785 1754 :
820 1715 944 1753 nam
986 1700 1028 1753 si
1062 1700 1187 1770 quis
1210 1717 1273 1755 ea
1336 1712 1613 1770 spectans,
1650 1700 1804 1755 urbis
1839 1699 1947 1754 llo-

345 1802 449 1843 ma:
493 1789 780 1860 imperium
812 1802 866 1845 et
934 1793 1258 1862 potentiam,
1304 1803 1415 1847 tum
1456 1794 1619 1848 etiam
1667 1793 1948 1847 hominum

2132 1240 2277 1294 Ἀλλ’
2313 1242 2493 1295 ἐκεῖνο
2519 1240 2705 1296 λοιπὸν
2739 1242 2807 1296 ἂν
2840 1243 3056 1310 εἴποιμι
3106 1243 3236 1312 περὶ
3288 1241 3642 1312 ἀμφοτέρω-δι

2061 1333 2144 1386 ὅτι
2168 1332 2323 1403 παρὰ
2345 1333 2445 1403 τῆς
2479 1334 2693 1397 πόλεως
2726 1335 2956 1405 ταύτης,
2986 1334 3179 1405 ὥσπερ
3223 1333 3320 1388 καὶ
3357 1333 3508 1400 παρὰ
3541 1329 3644 1398 τῆς

2064 1427 2362 1496 ἡμετέρας,
2389 1427 2509 1480 ἐστι
2545 1429 2646 1497 μὲν
2677 1426 2871 1497 τέρψιν
2930 1426 3245 1480 σκοποῦντα
3279 1426 3347 1478 τὰ
3397 1424 3508 1477 τῶν
3534 1440 3644 1475 πα-

2062 1519 2234 1573 λαιῶν
2276 1519 2526 1587 ἐκείνων,
2554 1520 2673 1573 ἔστι
2703 1521 2761 1573 δὲ
2818 1521 2914 1573 καὶ
2940 1519 3213 1588 ὠφέλειαν
3281 1514 3642 1587 κομίσασθαι.

2063 1614 2175 1667 Καὶ
2208 1613 2325 1667 ἐστι
2381 1614 2480 1685 μὲν
2513 1613 2793 1683 θαυμάσαι
2844 1614 2913 1667 τὰ
2955 1613 3064 1666 τῶν
3118 1610 3427 1682 ἀνθρώπων
3483 1608 3643 1677 ἔργα,

2058 1706 2253 1759 ἔστιδὲ
2277 1704 2342 1761 αὖ
2375 1707 2469 1761 καὶ
2502 1706 2930 1776 καταφρονῆσαι
2970 1705 3202 1770 τούτων,
3256 1706 3355 1758 καὶ
3384 1704 3447 1756 τδ
3476 1703 3644 1773 μηδὲν

2061 1798 2201 1852 αὐτὰ
2232 1797 2582 1866 λογίσασθαι.
2644 1799 2705 1851 El
2737 1797 2846 1869 γάρ
2882 1814 2965 1859 τις
3007 1795 3180 1850 ταῦτα
3208 1794 3356 1865 ὁρῶν
3406 1790 3648 1859 ἐνθυμη-

345 1882 565 1937 illorum
597 1885 946 1954 dignitatem,
985 1901 1148 1955 opera
1176 1901 1241 1941 ac
1269 1889 1453 1942 studia
1501 1887 1846 1951 consideret,
1886 1900 1948 1940 ac

2058 1889 2175 1960 θείη
2202 1889 2301 1960 τὴν
2346 1890 2650 1960 ἡγεμονίαν
2674 1890 2774 1959 τῆς
2826 1887 3071 1957 Ῥώμης,
3111 1885 3204 1939 καὶ
3247 1884 3351 1954 τὴν
3387 1882 3644 1949 δύναμιν,

344 1974 543 2029 deinde
570 1974 770 2042 videat,
791 1991 951 2044 quem
974 1978 1130 2031 linem
1150 1975 1254 2031 ista
1278 1976 1460 2032 omnia
1490 1978 1703 2030 tandem
1739 1977 1946 2031 habue-

345 2065 458 2120 riut
485 2082 499 2121 :
530 2065 604 2119 ita
633 2076 689 2120 ut
722 2081 830 2120 non
854 2068 1032 2121 solum
1066 2068 1190 2138 ipsi,
1216 2086 1402 2123 verum
1436 2069 1598 2124 etiam
1626 2070 1868 2140 potentia
1896 2078 1952 2123 et

342 2158 658 2229 imperium,
675 2168 839 2232 atque
859 2161 986 2230 ipsae
1008 2164 1258 2218 civitates
1276 2165 1663 2234 prOpentodnm
1682 2164 1957 2218 emoriano

345 2261 439 2306 tur
492 2254 665 2323 (nam,
705 2266 763 2308 ιιι
786 2256 872 2309 ille
915 2258 1010 2319 ait,
1046 2256 1208 2311 etiam
1262 2257 1513 2312 civitates
1564 2258 1953 2326 moriuntur);

346 2361 460 2417 quo
526 2348 742 2403 tandem
804 2350 924 2406 loco
955 2351 1044 2405 ille
1088 2365 1176 2406 res
1233 2350 1505 2405 humanas
1579 2351 1957 2421 reputaverit?

345 2440 622 2509 quomodo
692 2440 783 2496 ille
848 2440 928 2496 vel
1006 2441 1266 2497 secundis
1335 2443 1648 2510 extolletur,
1706 2442 1790 2498 vel
1858 2443 1957 2497 de-

345 2529 617 2601 primetur
671 2530 959 2587 adversis?
1020 2542 1115 2587 aut
1167 2547 1269 2602 qua
1324 2548 1383 2589 re
1451 2549 1780 2605 magnopere
1839 2534 1957 2604 glo-

346 2622 622 2679 riabitur?
702 2626 786 2679 vel
847 2626 976 2693 quid
1046 2626 1267 2681 tandem
1327 2643 1391 2681 ex
1466 2628 1631 2684 rebus
1698 2628 1957 2684 humanis

346 2717 532 2787 magni
552 2715 717 2771 faciet
735 2715 759 2771 7
777 2718 986 2787 Saepius
1004 2733 1103 2789 ego
1130 2707 1260 2774 dum
1283 2718 1641 2789 triumphales
1661 2719 1824 2774 hasce
1843 2719 1958 2774 vias

346 2818 589 2872 transeo,
620 2824 776 2880 reges
806 2825 870 2865 ac
921 2811 1193 2881 principes
1232 2822 1572 2882 caeterosque
1609 2829 1673 2867 ex
1698 2811 1953 2866 Armenia

348 2910 444 2958 aut
474 2899 718 2967 Perside,
752 2903 835 2957 vel
862 2920 923 2959 ex
957 2905 1078 2960 aliis
1106 2906 1488 2963 remotissimis
1520 2907 1834 2978 regionibus
1865 2922 1956 2961 ca-

349 3000 534 3069 ptivos
590 2998 771 3055 isthac
835 3000 1107 3057 deducms
1167 3002 1352 3055 animo
1419 3005 1699 3057 recordor.
1763 3001 1955 3072 Cogito

347 3093 515 3147 etiam
546 3092 671 3147 belli
710 3093 880 3149 duces
928 3094 995 3149 de
1060 3094 1196 3163 ipsis
1256 3095 1680 3165 triumphantes,
1733 3103 1788 3150 et
1826 3094 1953 3163 quis

347 3185 567 3241 animus
601 3185 670 3241 iis
724 3185 906 3252 fuerit,
955 3202 1121 3256 quam
1186 3188 1515 3258 voluptatem
1564 3188 1956 3258 perceperint:

2062 1981 2158 2035 καὶ
2214 1981 2313 2052 τὴν
2339 1981 2500 2047 ἀξίαν
2550 1982 2659 2035 τῶν
2708 1981 2920 2051 ἀνδρῶν
2959 1980 3210 2044 ἐκείνων,
3253 1977 3352 2029 καὶ
3393 1974 3459 2027 τὰ
3489 1974 3648 2043 ἔργα,

2055 2075 2153 2130 καὶ
2206 2075 2607 2140 τὰςσπονδάς·
2641 2069 2764 2128 εἶτα.
2817 2072 2966 2143 ὁρῴη
3023 2072 3197 2125 ταῦτα
3250 2070 3436 2122 πάντα
3494 2068 3575 2129 είς
3615 2066 3651 2118 'o‘t

2056 2169 2521 2237 τετελευτήκασιν
2543 2210 2557 2234 ,
2591 2167 2732 2220 ὥστε
2765 2167 2829 2220 οὐ
2883 2168 3046 2235 μόνον
3095 2165 3316 2226 αὐτοὺς,
3381 2160 3520 2217 ἀλλὰ
3555 2159 3650 2213 καὶ

2059 2264 2157 2333 τὴν
2183 2261 2528 2327 δυναστείαν,
2559 2262 2654 2314 καὶ
2683 2260 3008 2330 ἡγεμονίαν,
3040 2258 3138 2310 καὶ
3184 2258 3282 2318 τὰς
3340 2254 3524 2317 πόλεις
3558 2250 3654 2304 αὑ⁸

2055 2358 2154 2420 τὰς
2192 2355 2381 2426 σχεδὸν
2409 2355 2704 2410 ἀποθανεῖν
2746 2353 3077 2424 (Θνήσκουσι
3112 2352 3243 2421 γὰρ,
3266 2348 3350 2413 ὦς
3379 2365 3484 2401 που
3506 2347 3654 2412 λέγει

2055 2466 2162 2514 τις,
2217 2449 2312 2502 καὶ
2362 2446 2591 2515 πόλεις)·
2625 2447 2678 2499 τί
2731 2447 2916 2500 λοιπὸν
2957 2444 3023 2499 ἂν
3086 2443 3382 2511 λογίσαιτο
3420 2441 3489 2494 τὰ
3547 2440 3656 2493 τῶν

2067 2540 2413 2611 ἀνθρώπων;
2452 2540 2568 2601 πῶς
2604 2539 2649 2591 δ’
2677 2538 2743 2591 ἂν
2771 2536 3019 2608 εὐτυχῶν
3051 2536 3324 2605 ἐπαρθείη
3351 2576 3363 2597 ,
3398 2534 3430 2605 ἢ
3456 2535 3652 2587 δυστυ-

2057 2636 2168 2707 χῶν
2198 2634 2570 2704 ταπεινωοείη
2595 2651 2609 2698 ;
2640 2634 2731 2685 ἐπὶ
2779 2632 2886 2685 τίνι
2910 2630 2956 2683 δ’
2986 2630 3053 2684 ἂν
3088 2630 3233 2699 μέγα
3260 2629 3652 2698 φρονήσαιτος

2055 2726 2110 2780 τί
2137 2725 2271 2779 δ’ἆν
2310 2724 2422 2778 τῶν
2461 2723 2829 2794 ἀνθρωπίνων
2857 2721 2994 2784 ὅλως
3044 2738 3105 2773 πε
3122 2721 3176 2789 ρ).
3229 2719 3442 2773 πολλοῦ
3495 2719 3654 2788 ποιή-

2058 2837 2214 2874 σαιτο
2239 2836 2255 2885 ;
2285 2816 2557 2879 Πολλάκις
2587 2816 2716 2880 τοὺς
2746 2814 3115 2886 θριαμϐικοὺς
3152 2814 3396 2881 δρόμους
3426 2813 3648 2871 τούτους

2055 2911 2250 2975 ἐπιὼν,
2301 2909 2623 2979 διανοοῦμαι
2684 2909 2785 2978 μὲν
2816 2908 2944 2971 τοὺς
2984 2907 3071 2960 διὰ
3130 2903 3340 2957 τούτων
3369 2904 3644 2974 ἠγμένους

2055 3002 2390 3074 ἄρχονταςῆ
2451 3001 2746 3063 δυνάστας,
2781 2999 2875 3054 καὶ
2905 3000 3034 3062 τοὺς
3089 2998 3289 3059 ἄλλους
3360 2994 3644 3067 αἰχμαλὼ-

2056 3114 2208 3159 τους,
2241 3095 2509 3158 πολλάκις
2541 3094 2652 3148 ἀπδ
2696 3091 3065 3163 Ἀρμενίωνῆ
3109 3090 3365 3160 Περσῶν,
3401 3091 3435 3160 ἡ
3482 3105 3643 3143 τινων

2056 3188 2236 3242 ἄλλων
2274 3187 2487 3259 σφόδρα
2557 3185 2992 3255 ἀφεστηκότων
3039 3182 3366 3252 διανοοῦμαι
3409 3183 3465 3236 δέ
3515 3182 3645 3242 τοὺς

346 3290 572 3339 econtra
622 3297 731 3351 quo
759 3282 945 3337 animo
1002 3280 1205 3337 fuerint
1261 3283 1371 3338 isti.
1426 3281 1620 3352 (lo-gito
1681 3291 1950 3338 astantem

2058 3281 2503 3354 θριαμϐεύοντας
2527 3282 2620 3332 ἐπὶ
2663 3276 2879 3341 τούτοις
2934 3276 3309 3349 στρατηγοὺς,
3368 3278 3467 3331 καὶ
3521 3274 3646 3330 τίνα.

347 3385 404 3430 et
441 3372 833 3431 circumfusam
858 3373 1006 3430 illius
1067 3374 1222 3431 urbis
1287 3374 1716 3440 multitudinem,
1763 3384 1817 3430 et
1861 3374 1985 3429 de--

349 3482 515 3541 super
546 3482 614 3523 ex
680 3467 889 3524 aedibus
950 3469 1315 3539 spectantium
1375 3470 1640 3526 turbam:
1711 3466 1776 3521 ad
1838 3468 1954 3522 ha-c

350 3572 651 3617 concentus
687 3561 1204 3627 instrumentorum,
1263 3560 1567 3626 fremitum,
1604 3560 1956 3615 acclamatio-

350 3667 448 3708 nes
479 3658 535 3706 et
562 3650 810 3722 plausus,
848 3658 904 3705 et
953 3650 1149 3705 horum
1210 3653 1432 3721 quidem
1497 3650 1565 3705 de
1629 3650 1860 3704 victoria
1899 3648 1951 3702 in

352 3754 464 3799 tam
495 3743 811 3815 longinquis
856 3742 1171 3812 regionibus
1222 3752 1376 3812 parta
1430 3742 1787 3812 voluptatem,
1821 3757 1953 3798 con-

350 3847 436 3892 tra
467 3851 596 3891 vero
627 3836 844 3891 illorum
878 3845 1042 3904 atque
1066 3838 1373 3891 amicorum
1396 3836 1451 3891 in
1482 3836 1660 3906 patria
1691 3836 1759 3891 de
1792 3834 1952 3890 clade

350 3946 416 3988 ac
460 3930 556 3986 tali
615 3929 931 4000 spectaculo
966 3927 1237 3998 dolorem,
1268 3940 1322 3986 et
1375 3931 1672 3997 diversam,
1723 3940 1781 3987 ut
1839 3940 1951 3985 tum

351 4024 680 4082 credebatur
747 4022 1035 4091 utriusque
1090 4023 1263 4092 partis
1317 4024 1728 4078 conditionem:
1788 4034 1953 4089 atque

353 4128 415 4176 ut
444 4119 498 4176 hi
531 4118 826 4173 miserrimi
894 4130 950 4173 et
1005 4118 1294 4183 infelices,
1350 4118 1429 4172 illi
1482 4116 1667 4171 felices
1689 4125 1743 4170 et
1808 4112 1953 4167 beati

353 4225 463 4268 tam
511 4213 638 4269 aliis
700 4230 865 4284 quam
921 4212 1288 4291 sibimetipsis
1350 4210 1697 4264 videbantur.
1748 4206 1951 4262 Verum

351 4323 503 4363 mute
545 4308 730 4363 omnia
781 4307 882 4362 ista
922 4308 1115 4377 paria:
1154 4305 1336 4361 omnia
1367 4305 1422 4358 in
1480 4303 1760 4372 pulverem
1792 4300 1954 4355 reda-

351 4413 440 4459 cta
467 4423 480 4458 :
511 4418 688 4472 neque
718 4402 894 4472 magis
924 4401 1165 4471 Pompeii
1194 4410 1248 4454 et
1282 4398 1509 4454 Luculli‘
1540 4411 1706 4466 quam
1740 4395 1956 4450 Mithri-

352 4495 502 4552 datis
531 4505 629 4551 aut
661 4495 916 4566 Tigranis
963 4495 1240 4550 fortunam
1285 4492 1525 4548 noveris.
1581 4491 1724 4558 Quin
1787 4492 1951 4545 etiam

2059 3379 2161 3449 μὲν
2188 3375 2421 3445 καρδίαν
2464 3371 2613 3443 εῐχον
2655 3367 2804 3426 οὗτοι
2857 3370 2950 3423 καὶ
2989 3370 3208 3442 ἡδονὴν,
3260 3372 3388 3425 τίνα
3432 3371 3490 3425 δὲ
3540 3368 3645 3439 dra-

2056 3472 2161 3541 χὴν
2206 3472 2430 3524 ἐκεῖνοι.
2475 3470 2858 3543 Ἐνθυμοῦμαι
2883 3471 2941 3524 δέ
2994 3469 3056 3523 τὸ
3082 3465 3395 3540 περιεστὼς
3424 3466 3518 3520 καὶ
3546 3479 3646 3517 πεσ-

2061 3565 2428 3636 ρικεχυμένον
2464 3564 2682 3628 τούτοις
2717 3565 2819 3634 τῆς
2849 3563 3061 3626 πόλεως
3092 3561 3324 3631 πλῆθος,
3378 3559 3474 3612 καὶ
3520 3557 3646 3617 τοὺς

2059 3659 2374 3728 θεωμένους
2432 3656 2643 3712 ἄνωθεν
2666 3658 2677 3667 ”
2707 3658 2817 3710 ἀπὸ
2845 3658 2953 3713 τῶν
3006 3654 3218 3720 οἰκιῶν,
3277 3654 3374 3706 καὶ
3404 3653 3507 3721 τὴν
3538 3648 3645 3701 τῶν

2056 3748 2309 3821 ὀργάνων
2341 3750 2689 3819 συμφωνίαν,
2727 3751 2825 3802 καὶ
2859 3750 2952 3803 τὸν
2980 3746 3170 3818 θροῦν,
3198 3745 3296 3800 καὶ
3341 3746 3441 3808 τὰς
3470 3744 3643 3811 εὐφη-

2060 3844 2214 3913 μίας.
2258 3842 2506 3905 καὶτοὺς
2542 3846 2805 3913 κρότους’
2837 3841 2932 3895 καὶ
2986 3842 3087 3907 τὴν
3138 3838 3353 3892 τούτων
3419 3839 3519 3909 μὲν
3556 3834 3646 3889 ἐπὶ
3736 3878 3737 3881 η

2056 3939 2124 4006 τῇ
2181 3935 2331 4004 νίκῃ,
2371 3937 2465 3988 καὶ
2510 3933 2684 4001 οὓτως
2718 3933 3001 4004 ὑπερορίῳ
3039 3932 3259 4003 ἡδονὴν,
3323 3933 3552 3985 ἐκείνων
3590 3929 3646 3981 δὲ

2058 4028 2153 4081 καὶ
2182 4028 2290 4080 τῶν
2320 4029 2540 4080 οἰκείων
2566 4026 2748 4083 αὐτῶν
2781 4025 2922 4080 οἴκοι
2950 4027 3052 4095 τὴν
3103 4025 3197 4078 ἐπὶ
3234 4027 3299 4094 τῇ
3351 4025 3495 4095 ἥττῃ
3552 4021 3647 4075 καὶ

2056 4124 2124 4191 τῇ
2158 4121 2386 4190 τοιαύτῃ
2417 4124 2610 4189 πομπῇ
2653 4118 2855 4188 λύπην,
2888 4119 2982 4171 καὶ
3033 4120 3135 4189 τὴν
3188 4117 3562 4187 νομιζομένην
3588 4116 3646 4166 ἐν

2057 4215 2272 4278 τούτοις
2309 4215 2433 4266 τότε
2464 4211 2735 4282 διαφοράν
2764 4227 2778 4240 ’
2812 4215 2910 4268 καὶ
2943 4213 3096 4273 ὅπως
3121 4204 3274 4265 οὗτοι
3310 4212 3412 4280 μὲν
3449 4208 3646 4281 τρισά-

2060 4305 2197 4359 θλιοι
2225 4306 2319 4357 καὶ
2347 4303 2766 4372 κακοδαίμονες,
2814 4306 3015 4358 ἐκεῖνοι
3067 4304 3124 4358 δὲ
3161 4304 3485 4375 εὐδαίμονες
3549 4301 3645 4358 καὶ

2062 4402 2325 4473 μακάριοι
2365 4400 2480 4461 τοῖς
2521 4397 2705 4461 ἄλλοις
2741 4399 2839 4450 καὶ
2872 4400 3089 4461 ἑαυτοῖς
3149 4398 3395 4452 ἐδόκουν.
3442 4397 3559 4450 Νῦν
3588 4396 3646 4448 δὲ

2059 4494 2240 4549 πάντα
2270 4494 2457 4545 ἐκεῖνα
2489 4491 2548 4544 ἐν
2583 4491 2813 4560 ἰσότητι,
2844 4492 3024 4545 πάντα
3063 4491 3121 4544 δέ
3153 4492 3210 4543 ἐν
3243 4491 3397 4543 κόνει
3418 4506 3431 4520 ’
3467 4490 3562 4543 καὶ
3582 4488 3642 4540 οὐ

350 4591 554 4646 domus
578 4591 729 4660 ipsae,
771 4599 825 4645 et
844 4597 1064 4673 statuae,
1098 4597 1263 4656 atque
1288 4586 1521 4641 a-dilicia
1550 4586 1604 4639 in
1665 4584 1943 4653 pulverem

2060 4585 2262 4658 μᾶλλον
2289 4586 2357 4637 ἂν
2391 4584 2578 4655 γνοίης
2606 4585 2705 4653 τὴν
2728 4583 2819 4636 τοῦ
2848 4584 3168 4653 Πομπηΐου,
3207 4583 3238 4655 ἢ
3272 4582 3640 4645 Λουκούλλου,

353 4683 611 4739 redacta:
649 4699 772 4753 quae
800 4683 852 4738 in
896 4692 1114 4738 tantum
1172 4682 1357 4736 adhuc
1416 4682 1853 4750 supereminent,
1895 4682 1950 4733 itt

353 4785 621 4846 quantum
654 4775 837 4835 tellus,
882 4789 990 4844 qua
1014 4775 1210 4827 obruta
1251 4780 1529 4840 teguntur,
1585 4784 1693 4823 non
1749 4769 1951 4838 ubique

353 4866 581 4936 aequalis
611 4876 715 4929 est,
750 4866 843 4920 sed
876 4865 930 4919 in
958 4862 1230 4918 tumulum
1262 4854 1562 4930 attollitur.
1592 4860 1789 4917 Multas
1813 4878 1952 4931 quo-

353 4975 463 5031 que
495 4969 708 5015 statuas
749 4958 944 5013 horum
978 4955 1223 5011 felicium
1252 4970 1317 5009 ac
1366 4954 1651 5009 beatorum
1679 4953 1948 5006 victorum

354 5068 465 5108 una
495 5056 621 5107 cum
653 5051 875 5120 tropaeis
904 5064 969 5105 ac
1000 5049 1205 5104 laureis
1246 5048 1300 5103 in
1366 5061 1526 5102 coeno
1552 5058 1605 5102 et
1645 5047 1759 5102 luto
1799 5046 1950 5115 deje-

356 5156 481 5201 etas
509 5162 574 5201 ac
606 5144 929 5215 provolutas
958 5158 1187 5198 eernere
1212 5142 1366 5208 licet,
1387 5141 1524 5196 a'ias
1547 5149 1859 5210 compactas
1885 5154 1950 5194 ac

354 5240 621 5304 tlivulsas,
667 5253 773 5291 non
814 5251 1016 5305 paucas
1068 5236 1235 5291 calcis
1295 5236 1546 5306 eperisve
1596 5236 1830 5301 tectorii,
1863 5233 1947 5287 vel

355 5332 519 5388 ctiam
552 5331 790 5401 lapidum
824 5330 999 5385 vicem
1047 5330 1277 5384 aliorum
1324 5329 1771 5385 aediﬁcationibus
1803 5343 1949 5384 nunc

358 5433 616 5492 przestare
677 5422 887 5478 videas.
940 5421 1010 5476 At
1047 5421 1204 5492 queis
1235 5422 1424 5476 melior
1445 5435 1567 5478 sors
1593 5422 1812 5492 obtigit,
1841 5422 1948 5476 illae

357 5516 634 5587 tle-perdita
673 5515 1034 5587 primogenia,
1074 5523 1131 5569 ut
1157 5512 1480 5569 Aristoteles
1505 5522 1681 5579 vocat,
1706 5513 1944 5582 lapillum

361 5610 562 5674 forma,
593 5623 795 5679 equum
815 5607 1205 5663 conscensuris
1242 5607 1469 5678 gradum
1500 5622 1592 5661 seu
1620 5606 1940 5669 scabellnm,

358 5703 445 5758 vel
507 5704 648 5758 tnuri
687 5705 1044 5774 crepidinem,
1077 5703 1158 5759 vel
1210 5702 1355 5758 asini
1381 5710 1475 5756 aut
1516 5706 1668 5757 bovis
1707 5717 1946 5772 prresvpe

359 5794 605 5852 eniciunt
625 5812 641 5864 ;
661 5796 904 5866 disiecta:
931 5797 1274 5867 plerumque,
1301 5805 1360 5850 ut
1382 5796 1518 5860 dixi,
1550 5805 1601 5849 et
1625 5794 1944 5849 ronfractr.

348 5888 514 5959 ,Alias
549 5890 719 5961 spinae
749 5901 803 5949 et
837 5902 1047 5960 sentes,
1118 5891 1202 5948 vel
1257 5891 1480 5948 arbusta
1529 5890 1768 5963 undique
1818 5906 1945 5947 cnzt-

2055 4678 2210 4752 ἢτὴν
2238 4677 2599 4747 Μιθριδάτου,
2651 4675 2994 4746 ἢΤι-ίράνου
3051 4676 3246 4745 τύχην.
3301 4676 3413 4728 Καὶ
3475 4673 3642 4729 αὑταὶ

2052 4772 2111 4826 δὲ
2165 4772 2434 4838 αίοίκίαι,
2478 4771 2573 4825 καὶ
2606 4773 2663 4824 αἱ
2712 4771 2932 4839 στῆλαι,
2985 4769 3082 4823 καὶ
3128 4772 3184 4822 αἱ
3246 4769 3536 4839 οἰκοδομαὶ
3585 4769 3644 4820 ἐν

2056 4865 2203 4918 κόνει
2257 4864 2408 4935 παρὰ
2436 4863 2696 4917 τοσοῦτον
2727 4863 3099 4935 ὑπερέχουσαι
3137 4865 3273 4934 παρ’
3317 4864 3445 4917 ὅσον
3497 4865 3528 4931 ἡ
3562 4864 3645 4915 δε-

2056 4951 2267 5024 ξαμένη
2308 4952 2483 5007 ταῦτα
2538 4954 2610 5021 γῆ
2643 4952 2744 5005 οὐκ
2802 4952 3071 5018 ξσόπεδος,
3110 4953 3229 5006 ἀλλ’
3278 4955 3640 5022 ἀνεστηκυῖα.

2052 5050 2163 5103 Καὶ
2189 5048 2420 5112 πολλοὺς
2449 5047 2558 5101 τῶν
2588 5048 2931 5117 ἀνδριάντων
2964 5048 3075 5100 τῶν
3107 5048 3455 5116 εὐδαιμόνων
3497 5048 3641 5101 ὲκεί-

2052 5163 2163 5198 νων
2208 5145 2303 5198 καὶ
2340 5144 2632 5214 μακαρίων
2682 5143 2924 5215 νικητῶν
2978 5146 3166 5207 αὐτοῖς
3211 5143 3503 5215 τροπαίοις
3549 5140 3643 5194 καὶ

2054 5238 2340 5308 στεφάνοις
2371 5238 2521 5291 ἔστιν
2555 5239 2687 5292 ἰδεῖν
2721 5241 2779 5293 ἐν
2807 5241 3081 5312 βορϐόρῳ,
3110 5239 3208 5292 καὶ
3238 5239 3399 5310 πηλῷ
3452 5236 3641 5291 καλιν-

2051 5331 2369 5399 δουμένους,
2410 5334 2503 5386 καὶ
2564 5335 2940 5406 ἐρριμμένους
2966 5353 2981 5365 ·
3041 5335 3240 5395 ἄλλους
3284 5333 3342 5386 δὲ
3387 5334 3642 5403 ἠκρωτη-

2055 5424 2387 5494 ριασμένους
2427 5426 3012 5500 καὶδιεσπαρμένουςσ
3057 5428 3158 5481 οὐκ
3189 5425 3412 5494 ὀλίγους
3459 5425 3517 5479 δέ
3550 5423 3633 5477 τί·

2050 5534 2231 5579 τανον,
2261 5517 2295 5589 ἢ
2328 5518 2540 5585 κονίαν,
2584 5519 2617 5589 ἢ
2671 5518 2783 5572 τῶν
2835 5518 3166 5589 οἰκοδομιῶν
3228 5518 3407 5583 ἄλλως
3452 5514 3637 5573 λίθους

2052 5612 2388 5679 γενομένους
2412 5625 2429 5644 ⁸
2482 5612 2597 5665 ὅσοι
2637 5611 2695 5665 δέ
2753 5612 3025 5683 βελτίονος
3058 5613 3250 5683 ’τύχης
3291 5611 3508 5681 ἔτυχον,
3543 5608 3640 5675 τὴν

2052 5701 2199 5755 κατὰ
2226 5703 2619 5776 Ἀριστοτέλην
2665 5708 3049 5777 πρωτὰρχειον
3099 5707 3212 5759 τῶν
3264 5705 3440 5759 λίθων
3492 5703 3645 5755 εὐτυ-

2050 5796 2175 5868 χίαν
2217 5796 2619 5864 ἀποϐαλόντας,
2667 5799 2841 5852 ἵππω
2900 5800 3204 5871 ἐπίϐαθρον
3252 5797 3406 5870 πρὸς
3446 5796 3644 5851 ἁναῦα-

2053 5907 2161 5961 σιν,
2192 5890 2222 5961 ἦ
2255 5888 2498 5963 κρηπῖδα
2530 5893 2739 5964 τοίχου,
2770 5892 2801 5962 ἦ
2839 5893 2964 5948 δνου
2994 5896 3227 5966 φάτνην,
3264 5895 3296 5967 ἦ
3354 5892 3473 5962 βοὸς
3516 5889 3648 5950 πλη-
