3972 6486
388 344 460 406 55
1541 344 1940 407 MANUELIS
1978 346 2507 410 CHRYSOLORIE
3592 359 3659 422 56

385 456 620 530 pedibus
648 458 808 515 sitam
867 460 1226 530 contemplor,
1254 475 1361 517 non
1399 460 1455 516 in
1500 460 1652 517 italia
1700 473 1757 519 ct
1791 463 1970 527 Latio,

2080 464 2168 516 ἐπί
2212 477 2361 528 τινος
2411 462 2621 535 ὑψηλοῦ
2666 465 2979 536 γενόμενος,
3033 465 3254 532 ἀκούεις
3306 468 3363 525 δι
3438 482 3560 542 τοὺς
3599 479 3657 531 ἐν

388 552 485 608 sed
518 553 577 607 in
611 551 828 608 colonia
895 552 1075 623 aliqua
1114 568 1202 608 me
1246 569 1370 610 esse
1413 554 1749 626 imaginans,
1775 556 1975 613 domus

389 653 592 701 nostra
625 646 790 700 situm
851 646 1257 716 circumspicio,
1293 649 1513 703 hortum
1565 649 1851 718 pensilem,
1882 665 1977 721 cy-

388 751 609 804 pressos
652 744 704 790 et
738 736 783 791 si
812 736 939 803 quid
977 736 1122 792 aliud
1160 737 1363 793 indicio
1397 755 1517 795 esse
1545 747 1742 809 potest,
1765 755 1974 811 quaaro,

387 834 445 881 et
483 826 627 880 oeuli
657 826 814 880 ﬁdem
853 826 1061 881 faciunt
1089 828 1138 881 ei
1170 828 1313 896 quod
1358 829 1486 884 olim
1518 829 1585 883 de
1605 830 1840 899 paradisi
1867 829 1975 885 situ

389 917 620 973 auribus
663 933 1005 989 acceperam.
1036 919 1174 984 Quid
1202 920 1348 976 enim
1382 920 1470 975 hic
1505 921 1653 976 vides
1684 922 1828 992 quod
1867 937 1975 977 non

386 1009 529 1079 apud
564 1019 808 1065 nostram
838 1026 1058 1080 quoque
1089 1012 1507 1068 admirationem
1535 1014 1780 1083 moveat!
1810 1013 1977 1069 Tem-

385 1100 496 1170 pla.
524 1103 800 1171 porticus,
827 1102 1197 1173 hippodromi,
1237 1105 1455 1174 palatia,
1487 1106 1721 1173 theatra,
1759 1114 1975 1170 statuae,

384 1208 507 1263 qua;
572 1195 756 1250 omnia
816 1196 1016 1251 mirum
1074 1198 1126 1252 in
1176 1197 1394 1252 modum
1434 1214 1465 1253 e
1499 1198 1739 1256 Iatomiis
1767 1203 1976 1269 excisa,

386 1298 761 1360 transportata
807 1298 933 1345 ante
974 1291 1165 1347 oculos
1195 1300 1414 1346 nostros
1446 1292 1499 1345 in
1529 1306 1709 1346 aerem
1744 1308 1976 1350 consur-

381 1391 517 1454 gunt
555 1383 567 1436 !
611 1381 761 1436 Adde
801 1382 1093 1458 marmoris
1128 1385 1278 1438 varia
1311 1399 1529 1453 genera,
1574 1401 1698 1455 qua:
1720 1387 1975 1456 speculo-

380 1488 503 1527 rum
558 1476 730 1527 lnstar
776 1483 1112 1542 coruscant;
1157 1476 1447 1543 imagines,
1495 1478 1683 1543 stelas,
1745 1487 1974 1547 statuas,

381 1564 679 1628 obeliscos,
731 1582 852 1636 quae
876 1567 1060 1622 omnia
1104 1574 1159 1621 et
1187 1568 1530 1623 multitudine
1552 1578 1605 1624 et
1637 1570 1856 1640 opificio
1883 1587 1983 1627 ex-

381 1655 630 1720 cellunt;
661 1657 860 1726 quibus
891 1657 936 1710 si
967 1656 1162 1725 adjicts
1218 1668 1571 1714 monumenta
1628 1662 1854 1732 antiqua
1892 1677 1980 1717 se-

379 1749 673 1817 pulcralia,
725 1749 839 1804 hmc
886 1751 1018 1804 urbs
1048 1750 1122 1806 illi
1170 1761 1375 1807 nostra:
1426 1762 1689 1822 praestare
1739 1755 1971 1810 videtur.

379 1840 552 1896 Porro
589 1858 656 1896 ne
696 1844 914 1899 silentio
944 1852 1334 1913 praetereamus
1365 1860 1529 1916 opera
1562 1848 1767 1903 circum
1801 1847 1978 1916 parie-

381 1947 462 1989 tes
522 1936 730 1989 musiva
771 1935 841 1991 ab
891 1935 1192 1992 artificibus
1249 1936 1656 2006 elegantissime
1680 1938 1977 1992 elaborata.

378 2026 541 2096 Apud
584 2042 684 2083 nos
737 2027 958 2097 quidem
1011 2038 1202 2083 statuae
1248 2043 1593 2094 marmoreae,
1635 2028 1978 2098 sareOphagi,

384 2119 578 2173 caelato
609 2135 774 2189 opere
809 2135 838 2174 e
864 2120 1072 2174 Graecia
1106 2120 1331 2188 invecti,
1367 2121 1572 2176 Phidiae
1607 2131 1659 2175 et
1688 2120 1981 2177 Praxitelis

379 2226 545 2280 opera
579 2220 727 2278 sunt,
766 2220 827 2266 ut
862 2226 924 2266 ex
953 2227 1293 2268 summorum
1341 2214 1613 2268 artificum
1664 2215 1981 2270 nominibus

377 2304 588 2372 passim
649 2304 939 2372 inscuiptis
992 2305 1253 2375 colligere
1302 2307 1449 2360 licet.
1507 2303 1714 2361 Iloruin
1757 2307 1807 2360 iu
1849 2322 1979 2360 con-

379 2404 568 2464 spectu
614 2410 756 2464 saepe
784 2396 1001 2465 Synesii
1044 2396 1249 2450 dictum
1284 2408 1520 2453 mentem
1559 2397 1720 2452 subiit
1759 2416 1773 2464 ;
1804 2399 1892 2468 qui
1924 2400 1978 2453 in

377 2488 608 2558 cpistola
667 2489 733 2542 ad
761 2487 1010 2551 fratrem,
1038 2489 1092 2543 ni
1129 2489 1308 2556 fallur,
1349 2505 1381 2546 e
1417 2490 1628 2544 Gracia
1657 2491 1843 2553 missa,
1884 2491 1977 2546 ubi

378 2581 721 2635 Athenarum
780 2580 1112 2634 mentionem
1173 2580 1302 2635 facit
1347 2580 1490 2635 inter
1522 2582 1651 2644 alia,
1699 2578 1977 2658 Lyaeum,

379 2671 537 2735 dicit,
601 2672 752 2737 vidi;
786 2672 893 2726 vidi
926 2670 1227 2737 Purticum,
1268 2669 1504 2726 Poecilen
1537 2672 1682 2737 vidi,
1722 2671 1833 2742 jam
1870 2687 1979 2727 non

378 2760 663 2832 Pmcileu;
742 2781 868 2819 nam
947 2766 1241 2835 proconsul
1299 2764 1512 2821 tabulas
1576 2774 1977 2835 asportaverat.

379 2855 499 2927 Ego
540 2858 657 2927 ipse
700 2857 775 2911 ibi
831 2856 1044 2912 litteras
1076 2855 1292 2911 Graecas
1331 2857 1523 2928 prisca
1565 2857 1796 2926 originis
1830 2872 1977 2911 mar-

379 2948 632 3005 moribus
668 2947 972 3017 insculptas
1001 2948 1136 3012 vidi,
1174 2963 1310 3013 quas
1342 2948 1657 3019 quicunque
1685 2949 1880 3004 viderit
1914 2965 1979 3004 cx

375 3040 611 3095 Athenis
669 3048 724 3094 et
752 3040 963 3108 reliqua
1003 3038 1213 3096 Graecia
1263 3041 1369 3096 huc
1404 3041 1663 3097 advectas
1687 3041 1853 3096 dicet.
1888 3041 1981 3094 Sic

2081 554 2219 624 αὐτῇ
2252 553 2475 624 λόφους,
2511 555 2636 609 ὅθεν
2668 556 2759 609 καὶ
2787 558 2854 627 τῇ
2915 557 3168 632 ἡμετέρᾳ
3223 562 3368 616 κατὰ
3422 564 3658 637 μίμησιν

2082 645 2391 715 ἑπτάλοφον
2415 646 2702 701 καλεῖσθαι
2756 647 3104 721 συμϐέϐηκε,
3152 651 3290 720 πρὸς
3320 652 3451 723 ὅλην
3489 657 3659 729 αὐτὴν

2081 739 2283 806 ἀπίδω,
2302 739 2490 793 οὐκέτι
2518 740 2707 810 οῐομαι
2730 744 2788 793 ιν
2815 741 3025 813 Ἰταλίᾳ
3052 743 3149 797 καὶ
3179 744 3388 819 Δατίφ,
3425 748 3542 803 ἀλλ’
3563 752 3658 805 ἐπὶ

2080 832 2180 900 τῆς
2213 832 2591 903 ἐνεγκαμένης
2622 833 2793 902 αὐτῆς
2826 829 2993 888 εἶναι.
3028 835 3139 889 Καὶ
3188 835 3341 907 ζητῶ
3389 840 3491 908 τὴν
3520 842 3659 912 ἠμε-

2079 923 2247 991 τέραν
2271 923 2453 977 οἰκίαν
2485 924 2541 976 ὲν
2581 915 2627 992 ᾧ
2658 925 2820 995 μέρει
2877 925 2978 990 τῆς
3026 927 3234 991 πόλεως
3274 928 3513 998 ἕστηκεο
3563 934 3658 987 καὶ

2080 1017 2171 1070 τὸν
2203 1017 2263 1068 ἐν
2287 1016 2425 1086 αὐτῇ
2454 1018 2772 1087 κρεμαστὸν
2800 1019 3001 1088 κῆπον,
3031 1021 3126 1073 καὶ
3158 1022 3213 1074 εἴ
3232 1037 3285 1074 τι
3305 1022 3495 1093 ἕτερον
3514 1025 3659 1077 ἐκεί-

2080 1125 2180 1178 νης
2208 1108 2521 1179 γνώρισμα,
2548 1109 2645 1162 καὶ
2677 1110 2779 1173 τὰς
2801 1112 3079 1183 ἡμετέρας
3107 1115 3516 1182 κυπαρίττους.
3545 1117 3657 1170 Καὶ

2079 1198 2107 1252 ὃ
2140 1198 2309 1253 πάλαι
2336 1199 2544 1270 ἤκουον
2571 1201 2706 1271 πρὸς
2761 1202 3120 1272 παράδειγμα
3178 1203 3408 1272 ταύτης,
3441 1207 3659 1276 ἐκείνην

2081 1293 2183 1362 τὴν
2207 1292 2384 1363 ἀρχὴν
2414 1293 2693 1363 γενέσθαι,
2712 1293 2809 1347 νῦν
2846 1295 3096 1365 ἀκριϐῶς
3124 1295 3259 1365 ὁρῶ.
3298 1295 3366 1350 Τί
3411 1297 3521 1367 γὰρ
3550 1297 3658 1350 τῶν

2082 1383 2140 1437 ἐν
2170 1382 2366 1454 ταύτῃ,
2424 1382 2614 1447 ἁπλῶς
2643 1386 2841 1449 είπείν,
2876 1384 2905 1438 ὃ
2936 1386 3012 1457 μὴ
3064 1387 3160 1440 καὶ
3212 1387 3346 1456 παρ’
3400 1389 3533 1456 ἡμῖν
3563 1388 3659 1454 γέ-

2083 1493 2276 1545 γονεν;
2307 1477 2382 1530 Οὔ
2424 1475 2550 1548 νεῲ,
2579 1477 2641 1533 οὗ
2669 1480 2826 1531 στοαί
2844 1496 2858 1545 ;
2890 1478 2989 1548 οὑχ
3043 1479 3418 1550 ίππόδρομοις
3451 1479 3514 1533 οὐ
3560 1480 3659 1551 βα-

2040 1562 2049 1571 ’
2085 1569 2297 1634 σίλειας
2352 1569 2413 1622 οὐ
2451 1570 2684 1641 θέατρα;
2720 1572 2814 1625 καὶ
2873 1574 2931 1626 ἐν
2984 1574 3169 1638 αὐτοῖς
3205 1573 3263 1626 δὲ
3297 1573 3539 1637 τούτοις,
3594 1573 3657 1626 οὐ

2083 1660 2223 1714 λίθοι
2258 1662 2354 1714 καὶ
2384 1661 2563 1723 κίονες
2616 1665 2960 1730 περιφανεῖς,
3034 1662 3456 1732 ἀπιστούμενοι,
3509 1663 3659 1725 ὅπως

2089 1753 2189 1824 μὲν
2221 1753 2320 1823 τὴν
2353 1753 2531 1824 ἀρχὴν
2567 1756 2632 1808 ὲκ
2661 1754 2771 1807 τῶν
2801 1754 3080 1825 λατομιῶν
3131 1754 3480 1827 ἐτμήθησαν,
3510 1755 3659 1816 ὅπως

2082 1845 2139 1901 δὲ
2178 1845 2574 1916 ἐκομίσθησαν,
2633 1848 2784 1910 ὅπως
2829 1847 2887 1902 δὲ
2915 1847 3272 1919 ὴγέρθησανς
3331 1848 3391 1900 οὒ
3439 1846 3662 1917 μαρμά-

2086 1956 2197 2009 ρων
2237 1942 2467 1991 παντοῖα
2494 1940 2652 2009 γένη,
2684 1941 2974 2010 κάτοπτρα
3008 1941 3151 2009 ὑπὲρ
3180 1942 3370 1995 πᾶσαν
3402 1939 3537 2011 ὓλην
3566 1940 3660 1992 δυ-

2080 2026 2331 2096 ναμένων
2383 2022 2559 2092 εἷναι;
2616 2030 2714 2081 οὐκ
2769 2028 2995 2093 εἰκόνες,
3025 2030 3084 2081 οὐ
3140 2029 3374 2099 στῆλαι;
3429 2028 3532 2082 οὐκ
3563 2030 3659 2080 ἀν-

2080 2117 2361 2188 δριάντεςς
2392 2118 2491 2172 οὐκ
2521 2118 2797 2172 ὀϐελίσκοι
2825 2137 2840 2185 ;
2878 2122 2937 2172 ὲν
2969 2115 3012 2188 ᾧ
3038 2120 3092 2174 δὲ
3123 2119 3284 2190 αὕτη,
3338 2119 3419 2190 τῷ
3465 2118 3662 2188 πλήθει

2080 2212 2189 2264 τῶν
2219 2211 2327 2264 ἀπὸ
2354 2210 2521 2264 λίθων
2555 2212 2889 2280 ἀνδριάντων
2921 2214 3088 2281 λέγω,
3127 2216 3222 2267 καὶ
3250 2217 3317 2283 τῇ
3384 2216 3515 2284 περὶ
3541 2210 3663 2266 τού-

2082 2318 2207 2363 τους
2229 2302 2416 2374 τέχνῃ,
2453 2304 2548 2357 καὶ
2578 2306 2691 2366 τοῖς
2711 2305 2820 2357 τῶν
2848 2304 3096 2359 παλαιῶν
3152 2305 3377 2376 τάφοις,
3439 2307 3533 2358 καὶ
3565 2304 3661 2371 τῆς

2078 2395 2356 2465 ἡμετέρας
2375 2395 2522 2448 δοκεῖ
2550 2396 2939 2452 πλεονεκτεῖν.”
2976 2397 3398 2469 Ἀνελθήσωμεν
3434 2399 3530 2469 τὴν
3558 2395 3666 2449 ἀπὸ

2080 2489 2190 2541 τῶν
2220 2487 2471 2557 ψηφίδων
2507 2490 2701 2551 ἐντοῖς
2734 2490 2934 2560 τοίχοις
2989 2492 3209 2561 τέχνην,
3256 2493 3366 2545 καὶ
3411 2491 3508 2561 τὴν
3560 2491 3665 2543 ἀπὸ

2080 2579 2286 2634 τούτων
2308 2579 2483 2652 ὥραν.
2521 2581 2724 2651 Ὅπερ,
2753 2581 2941 2652 ὥσπερ
2968 2582 3103 2655 παρ’
3138 2586 3270 2653 ἡμῖν
3319 2586 3395 2639 -τὸ
3429 2585 3535 2637 τῶν
3584 2582 3666 2634 λιο

2081 2673 2246 2726 θίνων
2297 2672 2631 2741 ἀγαλμάτων
2708 2674 2805 2729 καὶ
2871 2675 2979 2727 τῶν
3041 2675 3406 2746 περιγλύφευν
3464 2674 3664 2745 Οηκῶν,

2084 2764 2318 2818 σπάνιον
2352 2765 2410 2817 ὲν
2442 2764 2677 2827 τούτοις,
2699 2765 2794 2818 καὶ
2822 2765 3000 2819 αὐτῶν
3030 2765 3084 2821 δὲ
3117 2767 3341 2821 τούτων·
3370 2769 3480 2821 τῶν
3496 2764 3664 2830 ἀγαλ-

2087 2854 2298 2923 μάτων,
2338 2855 2435 2908 καὶ
2475 2855 2584 2908 τῶν
2617 2854 2801 2922 θηκῶν
2834 2854 3064 2930 πλεῖστα
3095 2856 3203 2911 ἀπὸ
3237 2860 3345 2927 τῆς
3387 2856 3653 2919 Ἑλλάδος,

2079 2945 2288 2998 Φειδίου
2316 2947 2409 2999 καὶ
2435 2944 2827 3014 Πραξιτέλους,
2859 2947 2952 2998 καὶ
2980 2946 3090 3001 τῶν
3121 2947 3327 3013 ὁμοίιον
3375 2947 3544 3017 ἔργα,
3579 2944 3655 3007 ὡς

2082 3037 2233 3091 ἐστιν
2267 3038 2512 3106 ἀκριϐῶς
2577 3038 2706 3091 [δεῖν
2743 3037 2853 3091 ἀπὸ
2897 3038 3006 3090 τῶν
3045 3039 3545 3110 ἐγκεκολαμμένων
3598 3038 3656 3089 ὲν

377 3139 669 3191 sexcentas
698 3132 911 3201 reperio
928 3133 1238 3203 sculpturas
1266 3141 1360 3188 aut
1395 3133 1794 3203 inscriptiones
1822 3132 1975 3189 Gne-

2081 3131 2267 3194 αὖτοῖς
2333 3132 2702 3200 γραμμάτων,
2767 3130 2860 3183 τὸν
2902 3130 3157 3201 τεχνίτην
3218 3130 3651 3200 ἐπιϐοωμένωνο

378 3242 498 3293 cas,
528 3236 589 3281 ut
641 3225 912 3282 tumulum
939 3226 1104 3281 etiam
1135 3226 1227 3297 qui
1280 3224 1473 3281 Latine
1506 3227 1807 3296 inscriptus
1836 3227 1983 3280 hunc

378 3334 596 3375 versum
627 3316 828 3374 Graeco
854 3333 1109 3374 sermone
1144 3318 1384 3385 exhibet,
1419 3337 1440 3371 ι
1464 3317 1658 3386 Macte,
1682 3316 1978 3381 Prisciane,

378 3428 547 3468 nemo
580 3411 928 3467 immortalis.
966 3430 985 3464 ι
1013 3410 1130 3466 Huc
1161 3411 1296 3466 adde
1326 3420 1701 3467 matronarum
1721 3419 1776 3466 et
1809 3410 1982 3465 liber-

381 3517 563 3562 tarusn
601 3507 875 3576 sepulcra,
917 3521 1040 3576 quae
1081 3505 1439 3575 lapicidarum
1475 3508 1612 3559 bene
1649 3503 1979 3558 famatorum

379 3598 605 3653 nomina
656 3597 798 3669 typis
828 3595 1036 3652 Graecis
1092 3596 1365 3666 insculpta
1410 3610 1520 3666 prae
1572 3610 1633 3651 se
1665 3594 1866 3660 ferunt,
1914 3590 1982 3652 de

382 3690 587 3761 quibus
640 3691 870 3759 longum
908 3690 996 3746 hic
1020 3689 1310 3745 instituere
1343 3704 1649 3745 sermonem
1678 3674 1977 3744 absurdum

377 3791 546 3836 esset.
580 3779 635 3834 Id
664 3788 814 3839 certe
841 3779 912 3834 ab
965 3778 1250 3834 historicis
1278 3781 1558 3834 memoriae
1588 3779 1865 3848 proditum
1899 3780 1977 3836 le-

379 3871 526 3938 gitur
553 3873 698 3942 quod
732 3872 848 3928 haec
874 3872 1007 3928 urbs
1032 3871 1161 3927 olim
1186 3886 1297 3927 non
1326 3873 1504 3927 minus
1524 3887 1555 3927 a
1584 3871 1791 3928 Graecis
1809 3886 1975 3942 quam

377 3964 449 4019 ab
488 3963 639 4037 Italis
671 3965 915 4019 habitata
951 3963 1056 4019 fuit
1086 3983 1102 4032 ;
1140 3965 1234 4035 qui
1267 3966 1489 4037 quidem
1528 3966 1829 4021 maximam
1852 3983 1979 4037 par-

378 4068 488 4112 tem
521 4054 708 4111 Graece
735 4055 884 4126 loqui
917 4055 1122 4124 sciunt,
1154 4066 1207 4111 et
1235 4058 1316 4113 sic
1340 4056 1556 4113 dialecti
1586 4060 1980 4113 communitate

334 4155 342 4167 ’
378 4148 685 4205 effecerunt
714 4157 776 4204 ut
806 4148 961 4203 multi
989 4147 1167 4204 Graeci
1203 4150 1371 4205 hocce
1408 4150 1745 4206 domicilium
1793 4153 1977 4222 elege-

378 4242 516 4297 rint.
572 4239 638 4294 Et
670 4240 800 4309 quia
834 4239 1054 4295 tandem
1086 4240 1419 4296 incommodi
1452 4242 1667 4311 generis
1690 4243 1979 4298 diversitas

379 4329 579 4384 afferre
635 4335 750 4382 tum
813 4327 1156 4398 potissimum
1198 4330 1467 4399 potuisset
1496 4332 1587 4386 ubi
1623 4341 1980 4402 utrarumque

380 4421 668 4477 nationum
723 4417 857 4472 unio
916 4433 1007 4474 res
1058 4420 1395 4487 desiderata,
1449 4423 1761 4478 necessaria
1816 4434 1971 4491 erat;

2083 3219 2225 3274 ὥστε
2250 3220 2513 3284 πολλάκις
2560 3221 2735 3273 ταῦτα
2785 3222 2927 3291 ὁρῶν
2974 3221 3325 3294 ἐνεθυμήθην
3377 3223 3554 3276 ὲκεῖνο
3596 3217 3656 3271 τὸ

2082 3312 2176 3366 τοῦ
2208 3312 2487 3366 Συνεσίου.
2524 3312 2616 3366 Ἐν
2635 3311 2714 3382 τῷ
2746 3312 2882 3378 πρὸς
2905 3312 2998 3364 τδν
3027 3313 3279 3381 ἀδελφὸν,
3309 3309 3493 3385 οἶμαι,
3516 3310 3659 3363 ἐκεῖ·

2081 3419 2192 3466 νος,
2242 3402 2303 3454 οὐ
2344 3404 2454 3472 γὰρ
2505 3402 2685 3464 καλῶς
2743 3402 3057 3473 μέμνημαι,
3125 3406 3235 3458 ἀπὸ
3267 3406 3370 3477 τῆς
3413 3401 3656 3461 Ἑλλάδος

2082 3495 2335 3563 γράφων,
2365 3497 2459 3547 καὶ
2485 3495 2617 3564 περὶ
2659 3497 2755 3563 τῆς
2782 3496 2861 3555 είς
2902 3495 3133 3565 Ἀθήνας
3181 3498 3497 3568 ἀποδημίας
3544 3495 3657 3558 διη-

2082 3586 2371 3656 γούμενος,
2395 3587 2530 3656 φησὶ
2561 3586 2699 3657 μετὰ
2742 3588 2913 3641 πολλὰ
2939 3588 3039 3659 (ιγ
3075 3585 3232 3641 Εἶδον
3268 3590 3508 3643 Λύκειον
3533 3602 3545 3616 ·
3579 3581 3659 3638 εἷ-

2080 3680 2169 3751 δον
2192 3680 2385 3733 Στοσὶν⁹
2417 3675 2556 3733 εἶδον
2593 3679 2876 3748 Ποικίλην,
2914 3682 3015 3751 τὴν
3054 3681 3237 3735 οὐκέτ’
3269 3678 3441 3736 οὖσαν
3476 3674 3660 3733 Ποικί-

2081 3773 2203 3844 λην.
2244 3772 2303 3825 Ὁ
2326 3772 2436 3842 γὰρ
2460 3771 2774 3835 ἀνθύπατος
2823 3771 2921 3835 τὰς
2977 3773 3193 3836 σανίδας
3246 3773 3532 3842 ἀφείλετο’
3567 3765 3658 3821 καὶ

2082 3866 2254 3921 πολλὰ
2314 3866 2410 3921 καὶ
2452 3864 2614 3926 αὐτὸς
2670 3859 2810 3917 εἶδον
2863 3866 3099 3918 ἐνταῦθα
3186 3867 3280 3920 ἐπὶ
3353 3854 3658 3937 μαρμαίρων

2081 3959 2390 4031 γράμματα
2426 3958 2720 4028 Ἐλληνικά
2770 3958 2864 4012 τοῦ
2924 3959 3157 4029 ἀρχαίου
3188 3958 3391 4014 τύπου.
3432 3958 3499 4010 ’Λ
3546 3954 3656 4012 ’πᾶς

2079 4070 2164 4114 τις
2227 4051 2295 4105 ἂν
2354 4050 2589 4121 βεϐαίως
2658 4051 2767 4104 ἀπὸ
2816 4048 2925 4103 τῶν
2979 4051 3347 4120 γραφομένων
3399 4049 3548 4100 εἴποι
3598 4040 3658 4106 ἐξ

2097 4143 2337 4214 ’Δθηνῶν
2373 4143 2557 4196 αὐτῶν
2587 4143 2680 4196 καὶ
2710 4143 2807 4211 τῆς
2841 4141 3009 4212 ἄλλης
3052 4141 3312 4204 Ἑλλάδος
3373 4140 3537 4210 δεῦρο
3567 4152 3656 4187 κε-

2082 4236 2378 4306 κομίσθαιο
2413 4235 2509 4288 καὶ
2540 4236 2678 4290 ἄλλα
2709 4234 2764 4287 δὲ
2796 4234 2967 4304 μυρία
2999 4235 3242 4306 εὑρίσκω
3270 4232 3507 4288 ἐνταῦθα
3542 4226 3659 4279 Ἐλ-

2082 4326 2324 4395 ληνικῶς
2370 4325 2655 4394 γραφέντα
2691 4327 2783 4378 καὶ
2814 4324 3163 4391 τυπωθέντα,
3225 4320 3341 4381 οἷον
3401 4322 3487 4391 ἐφ’
3540 4319 3656 4379 ἑνὸς

2084 4420 2258 4486 τάφου
2323 4417 2463 4488 μετά
2521 4417 2694 4471 πολλὰ
2754 4418 3065 4481 Λατινικὼς
3123 4418 3530 4488 τετυπωμένα·
3574 4409 3655 4461 ἔτι

380 4516 475 4571 ubi
515 4522 710 4585 praeter
738 4524 918 4566 mores
941 4513 1162 4569 eosdem
1191 4513 1333 4569 idem
1359 4528 1579 4585 quoque
1606 4517 1841 4580 animus,
1877 4531 1973 4571 ea-

2083 4487 2477 4581 προσκείμενον
2534 4508 2839 4579 Ἑλληνιστὶ
2875 4510 3027 4563 τουτὶ⁴
3075 4509 3130 4562 τὸ
3169 4508 3323 4572 ἔπος·
3359 4487 3362 4488 ν
3392 4503 3652 4574 Εὑψύχει.

377 4610 506 4661 dem
542 4603 771 4659 ambitio
810 4616 1002 4657 omnes
1049 4614 1175 4661 ante
1215 4605 1480 4677 jungehat
1512 4606 1525 4660 ι
1559 4607 1615 4662 ld
1648 4622 1777 4662 vero
1818 4608 1970 4664 triste

380 4698 533 4754 dictu
574 4712 637 4752 ac
661 4695 870 4751 credite
895 4697 1041 4767 quod
1074 4698 1318 4770 plerique
1341 4700 1587 4756 nesciant
1615 4701 1771 4756 fidem
1809 4701 1969 4755 Chri-

385 4790 626 4846 stianam
688 4788 938 4859 utrisque
992 4806 1340 4848 communem
1406 4793 1638 4864 ideoque
1689 4794 1966 4849 vinculum

379 4884 627 4937 omnium
657 4883 1101 4954 antiquissimum
1135 4885 1255 4957 ejus
1279 4888 1354 4943 rei
1389 4902 1607 4942 causam
1640 4885 1830 4942 fuisse.
1859 4886 1966 4940 Sed

380 4977 447 5029 ,ιε
497 4976 585 5030 his
643 4991 823 5030 sermo
881 4993 987 5033 nun
1043 4989 1128 5035 est
1183 4981 1346 5049 hujus
1396 4980 1498 5035 loci
1558 4995 1622 5035 ac
1679 4980 1968 5051 temporis.

388 5067 751 5146 Sediterum
823 5070 1022 5137 dicant,
1061 5073 1207 5142 quod
1269 5072 1438 5126 Roma
1503 5074 1701 5127 mirum
1766 5089 1819 5126 tn
1856 5087 1973 5125 mo-

384 5163 516 5211 dum
565 5158 697 5213 mihi
733 5160 983 5229 placebit,
1020 5165 1063 5219 si
1101 5163 1420 5235 frequentes
1461 5179 1489 5219 a
1530 5166 1682 5220 vobis
1702 5164 1967 5235 epistolas

382 5251 672 5320 θεοίνῑειιη,
712 5263 765 5309 θι
804 5257 949 5325 quod
1011 5258 1167 5315 vobis
1205 5259 1341 5329 ipsis
1378 5274 1482 5314 non
1512 5258 1697 5313 minus
1744 5268 1961 5327 gratum

378 5352 506 5405 «ιι-ι,
532 5358 678 5399 meas
717 5347 782 5401 ad
820 5362 915 5402 vos
954 5349 1152 5420 legere.
1192 5350 1458 5421 Equidem
1484 5350 1596 5420 jam
1631 5350 1759 5404 huic
1785 5349 1965 5402 ()mClO

381 5434 687 5500 satisfacio,
731 5437 843 5493 imo
891 5441 1192 5510 plurimum
1247 5442 1514 5503 satisfeci,
1566 5457 1632 5495 ex
1692 5456 1800 5510 quo
1859 5441 1965 5493 huc

380 5528 503 5581 veni
540 5528 669 5594 ;sed
707 5540 827 5584 tuas
872 5547 1092 5602 quoque
1123 5531 1265 5587 haud
1297 5548 1453 5587 raras
1518 5532 1754 5600 accipio.
1810 5530 1961 5585 Vale.

2080 4602 2402 4674 Πρισκιανὲ,
2438 4602 2613 4664 οὐδεὶς
2635 4603 2940 4661 ἀθάνατοςυ
2975 4601 3070 4655 καὶ
3127 4602 3409 4670 γυναικῶν
3462 4597 3517 4649 δὲ
3552 4610 3654 4644 ππ-

2077 4696 2252 4749 λαιῶν
2294 4697 2457 4766 μέχρι
2499 4698 2593 4751 καὶ
2648 4694 3034 4763 ἀπελευθέρων
3096 4696 3324 4763 τάφους*
3372 4689 3470 4746 καὶ
3517 4688 3659 4739 λιθο-

2077 4789 2213 4856 ξόων
2243 4788 2302 4844 δὲ
2331 4792 2397 4861 τῇ
2429 4789 2595 4860 τέχνῃ
2624 4789 3049 4858 σεμνυνομένων
3106 4789 3199 4841 ἐπὶ
3244 4788 3356 4840 τῶν
3396 4776 3656 4856 μιμημά-

2079 4902 2184 4937 των
2208 4882 2391 4937 αὐτῶν
2421 4881 2664 4949 ὀνόματα
2687 4880 3364 4951 γράμμασινἘλληνικοῖς
3419 4880 3657 4943 ἐγκεχα-

2079 4973 2355 5043 ραγμένα.
2396 4963 2497 5022 Ὧν
2541 4968 2724 5038 λέγειν
2755 4970 2836 5034 εἰς
2884 4970 2946 5023 τὸ
2995 4969 3168 5042 παρὸν
3211 4969 3385 5023 πολλὰ
3437 4964 3512 5034 μὴ
3560 4973 3654 5024 γε-

2073 5069 2218 5121 λοῖον
2336 5064 2502 5119 Ὀθεν
2544 5065 2828 5132 φαίνεται,
2874 5062 2903 5117 ὃ
2928 5066 3023 5118 καὶ
3049 5068 3202 5135 παρὰ
3251 5064 3361 5117 τῶν
3394 5051 3653 5124 ἱστοριῶν

2073 5160 2371 5228 ἀκούομεν,
2400 5157 2500 5228 τὴν
2537 5157 2693 5210 πόλιν
2721 5156 2923 5228 ταύτην
2972 5158 3032 5210 τὸ
3064 5160 3291 5227 ἀρχαῖον
3341 5154 3443 5208 οὐκ
3501 5148 3654 5200 ἐλατ-

2071 5269 2165 5304 τον
2196 5250 2327 5320 παρ’
2379 5249 2651 5320 Ἐλλήνων
2685 5250 2718 5320 ἢ
2754 5250 2888 5319 παρ’
2918 5248 3435 5304 Ίταλῶνοίκεῖσθαι
3465 5259 3480 5276 ⁶
3517 5236 3655 5305 μᾶλ-

2074 5345 2167 5397 >ον
2196 5345 2252 5398 δὲ
2284 5344 2379 5396 καὶ
2415 5344 2611 5408 αὐτοὺς
2637 5346 2766 5407 τοὺς
2811 5346 3051 5408 Ἰταλοὺς
3093 5343 3171 5415 τῷ
3202 5345 3443 5410 πλείστῳ
3496 5331 3652 5402 μέρει

2086 5437 2419 5503 Ἑλληνικῶς
2470 5438 2668 5490 ειδέναι
2699 5437 3072 5506 φθέγγεσθαιο
3116 5437 3361 5491 καὶτῶν
3419 5425 3527 5482 ἀπὸ
3555 5416 3651 5476 τῆς

2084 5530 2335 5592 Ἑλλάδος
2367 5528 2596 5592 πολλοὺς
2638 5529 2843 5600 ταύτην
2873 5530 3237 5600 αἱρουμένους
3292 5525 3482 5585 οἰκεῖν,
3525 5525 3650 5600 συνξ

385 5618 484 5670 cci
515 5618 779 5676 δύνασθαι
839 5598 1447 5689 λαλεῖνὲκείνυις.Νὖν
1472 5624 1528 5676 δὲ
1559 5598 1656 5678 ὅτε
1685 5624 1819 5688 ἔδει,
1874 5626 1967 5676 καὶ
1992 5624 2292 5691 ἀναγκαῖον
2352 5618 2421 5696 ἦν
2473 5622 2717 5693 μάλιστα
2790 5598 3053 5693 ἡνῶσθαι,
3114 5624 3167 5675 τί
3241 5624 3498 5686 δ.ἐατησε
3568 5598 3651 5670 τῷ

458 5798 535 5870 (Ι)
574 5797 727 5857 Εἶδον
758 5804 818 5859 τὸ
857 5805 1113 5874 Λῦκειον,
1147 5801 1287 5859 εἶδον
1316 5804 1410 5876 τὴν
1462 5806 1651 5874 Στοὰν,
1694 5802 1979 5873 Ποικίλην,
2006 5803 2103 5876 τὴν
2137 5805 2233 5861 νῦν
2267 5806 2446 5861 οὐκέτ’
2475 5806 2641 5862 οὖσαν
2670 5807 2952 5878 Ποικίλην.
2979 5809 3111 5881 Syu.
3156 5810 3318 5880 ep7st.
3372 5800 3488 5857 ‘53.
