3972 6474
497 390 571 454 63
1810 404 2142 469 JOANNIS
2182 405 2475 471 CANANI
3429 429 3434 433 ‘
3703 415 3780 478 ιιι

485 507 778 579 surreptis,
807 510 1004 580 partim
1043 511 1097 568 in
1128 514 1450 570 servitutem
1510 516 1720 574 abactis
1752 538 1766 583 ;
1798 535 1862 576 ex
1907 522 2092 577 liomi’

2201 522 2448 589 ἐξουσίαν
2483 526 2543 579 ἐν
2571 524 2672 597 μιᾷ
2702 525 2901 596 καιροῦ
2926 529 3064 598 ῥοπῇ
3091 527 3197 581 ὑπὸ
3227 527 3325 598 τὴν
3357 528 3566 583 ἑαυτῶν
3590 530 3788 601 ὲποιή’

483 601 647 654 nibus
678 601 780 655 hos
813 602 1037 673 quidem
1065 607 1186 660 neci
1218 607 1462 676 tradidit,
1505 609 1642 665 alios
1671 610 1831 680 longe
1862 621 1917 667 et
1942 613 2087 669 ultra

484 694 731 749 Iconium
765 706 819 752 et
847 698 1211 768 Aratzapetas
1234 701 1458 772 Cyplias
1513 705 1844 770 transmisit,
1892 709 2091 763 mulie-

487 790 642 844 ribus
673 806 807 846 vero
839 792 908 846 ad
942 792 1297 861 impuritates
1333 810 1527 851 omnes
1555 805 1610 851 et
1648 800 1830 868 turpia
1861 800 1963 853 sibi
1996 815 2094 855 ex-

485 883 707 950 positis,
746 884 813 939 ad
839 894 961 940 vota
994 890 1234 956 quisque
1280 904 1380 943 sua
1427 877 1908 958 quantumlibido
1943 895 2087 959 tulit,

485 975 779 1044 abutitur;
831 994 1031 1048 pueros
1092 982 1567 1039 cirt-umcidendos
1607 984 1920 1040 Maometlio
1951 976 2089 1041 οσο-

485 1077 619 1122 runt
651 1086 667 1134 ;
700 1070 959 1125 animalia
993 1074 1312 1142 tumjugum
1347 1075 1491 1130 ferre
1530 1091 1658 1132 nata
1694 1088 1809 1132 tum
1846 1080 2091 1149 injugata

483 1162 756 1217 trucidata
808 1168 1026 1233 penitus
1076 1168 1413 1236 abolerunt;
1447 1171 1645 1226 damna
1681 1188 1814 1227 vero
1873 1189 1995 1244 quae
2023 1189 2087 1227 ex

486 1254 737 1309 concisis
771 1254 1065 1314 fruticibus
1108 1267 1162 1313 et
1205 1261 1380 1317 vineis
1435 1265 1735 1319 devastatis
1788 1276 2088 1326 consecuta

484 1354 636 1408 sunt,
672 1346 798 1413 quis
835 1363 1075 1417 unquam
1132 1360 1227 1405 aut
1254 1369 1376 1419 quae.
1421 1357 1601 1410 oratio
1630 1360 1898 1427 consequi
1933 1366 2088 1429 pote-

486 1437 560 1489 rit
590 1436 613 1489 i
649 1435 785 1491 Nam
846 1442 1030 1496 statim
1082 1454 1249 1514 atque
1280 1447 1409 1502 urbs
1464 1449 1723 1504 concludi
1761 1463 1941 1521 empta
1981 1463 2087 1518 est,

486 1539 682 1596 prazter
705 1535 1171 1601 exspectationem
1220 1539 1426 1609 impetu
1461 1540 1604 1596 facto
1654 1560 1754 1600 nos
1785 1544 2087 1611 obseravit,

488 1623 785 1692 omniaque
830 1642 955 1694 qua:
986 1638 1137 1684 extra
1168 1643 1324 1685 erant
1354 1633 1405 1686 iu
1441 1644 1763 1701 potestatem
1798 1653 1954 1693 suam
2001 1655 2089 1695 re-

486 1713 656 1784 degit.
684 1715 871 1773 Tanta:
898 1734 1026 1775 vero
1053 1722 1408 1790 calamitatis,
1433 1727 1828 1787 internecionis
1857 1742 1913 1787 et
1937 1742 2088 1788 atro-

458 1798 842 1864 "cissimorum
878 1812 1329 1881 infortuniorum,
1359 1821 1560 1886 quibus
1591 1822 1778 1887 miseri
1806 1839 1870 1879 ac
1902 1824 2088 1882 infeli-

490 1912 583 1952 ces
602 1899 829 1955 Romani
851 1907 1098 1972 oppressi
1131 1915 1278 1975 sunt,
1310 1910 1562 1980 modum,
1586 1911 1847 1983 uriginem
1877 1923 1931 1970 et
1960 1928 2092 1971 cau-

487 2005 603 2044 sam
630 1993 845 2049 stlentio
861 1999 1141 2064 prmterire
1157 2000 1330 2054 satius
1354 2016 1475 2055 esse
1499 2002 1654 2065 duxi.
1679 2020 1936 2059 enarrare
1960 2021 2091 2062 vero

493 2085 874 2139 necessarium
917 2102 1113 2159 pugna!
1157 2089 1305 2145 illius
1334 2095 1704 2150 acerbissima:
1735 2106 1789 2151 et
1821 2098 2092 2154 horridis-

489 2174 615 2229 simi
656 2177 948 2235 conﬂictus
988 2184 1222 2237 exitum.
1261 2184 1460 2241 Pri-nae
1489 2188 1691 2242 etenim
1724 2189 2091 2249 Musulmano-

489 2283 611 2321 rum
663 2271 858 2340 copize,
881 2280 941 2327 ut
968 2272 1230 2336 diximus,
1262 2278 1477 2334 decimo
1509 2277 1658 2334 Junii
1692 2281 1780 2337 die
1814 2284 2090 2344 irruentes

490 2374 592 2415 nos
637 2360 691 2415 in
729 2365 862 2419 urbe
911 2366 1216 2423 occlusere.
1245 2366 1521 2425 Vicesimo
1546 2372 1795 2440 ejusdem
1820 2374 1925 2430 alia
1972 2375 2093 2431 Mn.

489 2453 873 2511 sulmanorum
912 2472 1112 2514 manus
1174 2461 1498 2528 adveniens,
1533 2463 1701 2517 veluti
1729 2467 1906 2522 nubes
1929 2484 2093 2537 gran-

458 2544 639 2603 dinis
689 2549 871 2617 plena,
930 2558 985 2603 et
1024 2551 1332 2620 perniciose
1382 2564 1726 2625 perstrepi-ns
1777 2558 2088 2615 universam

490 2636 760 2695 Romanis
795 2642 1139 2699 obedientem
1171 2647 1448 2716 regionem
1480 2649 1808 2717 devastavit,
1837 2661 1893 2705 et
1922 2652 2092 2709 veluti

491 2728 712 2786 ﬂamma
751 2733 952 2787 ardens
999 2735 1231 2804 fulguris
1294 2739 1480 2793 omnia
1538 2741 1781 2796 incendit
1832 2738 1887 2797 et
1931 2742 2090 2797 func-

494 2824 740 2889 stavit,et
770 2840 933 2882 omne
964 2828 1169 2899 lignum
1204 2830 1549 2889 frnctii‘erniu
1581 2844 1633 2889 et
1655 2836 1905 2891 arborem
1939 2837 2090 2892 laetos

491 2924 549 2969 et
601 2918 798 2974 uberes
839 2920 1047 2976 fructus
1072 2922 1336 2979 ferentem
1367 2935 1421 2980 et
1455 2929 1655 2983 vitium
1689 2940 1916 2984 truncos
1952 2929 2093 2984 radi-

493 3008 640 3063 citus
661 3009 1203 3087 eﬂ‘odit,reliquaque
1231 3020 1438 3074 atrocia
1465 3036 1529 3075 ac
1558 3022 1867 3091 perniciosa
1910 3023 1964 3077 in
1993 3039 2097 3080 nos

490 3107 863 3172 exaggeravit.
891 3108 995 3161 Sed
1029 3111 1322 3176 primarius
1343 3114 1625 3183 cupiarum
1651 3117 1757 3171 dux
1788 3134 2093 3190 eorumque

486 3208 715 3250 ameras
739 3206 793 3254 et
817 3200 1097 3270 dominus,
1132 3206 1352 3261 tandem
1383 3209 1650 3277 pervenit.
1675 3207 1932 3265 Pervenit
1961 3229 2093 3271 vero

495 3282 708 3351 furens,
758 3287 1045 3357 efferatus,
1077 3297 1376 3363 superbus,
1410 3308 1651 3367 tumens,
1680 3301 1905 3357 inﬂatus
1934 3312 1987 3357 et
2008 3304 2093 3372 ja-

490 3378 1240 3455 ctabundus.,Supercilium
1275 3391 1329 3446 in
1381 3393 1577 3447 caelum
1623 3396 1894 3453 extollens
1928 3412 2096 3463 super

497 3486 693 3528 omnes
744 3489 802 3530 se
832 3478 1080 3535 eminere
1116 3484 1576 3553 existimabat,et
1621 3501 1649 3541 a
1693 3503 1752 3545 se
1800 3489 2097 3561 gubernari

494 3567 686 3622 omnia
738 3573 1329 3641 suspicabatur,totum
1353 3577 1592 3646 denique
1620 3581 1805 3636 orbem
1852 3583 1955 3638 sibi
2004 3585 2103 3639 ob-

496 3659 721 3714 noxium
759 3666 1044 3733 reputabat
1086 3685 1099 3722 :
1135 3670 1269 3738 quin
1305 3673 1415 3727 imo
1442 3675 1864 3742 quamplurimis
1892 3677 2103 3734 machi-

498 3751 587 3807 nis
612 3751 845 3823 aliisque
872 3755 1014 3812 bello
1043 3760 1289 3829 apprime
1312 3766 1640 3822 necessariis
1664 3768 1930 3832 advectis,
1962 3784 2101 3826 moe-

496 3839 653 3927 nium
686 3841 925 3898 civitatis
970 3854 1182 3916 partem
1232 3864 1392 3918 posse
1426 3867 1483 3908 se
1522 3854 1804 3925 disjieere,
1864 3858 2101 3927 indeque

498 3948 619 3988 eam
665 3951 769 3992 suo
800 3938 1083 3995 dominatu
1116 3942 1413 4012 subjicere,
1449 3946 1733 4008 Ennianos
1770 3952 1821 4004 in
1858 3952 2100 4022 captivi-

499 4032 672 4080 tatem
713 4027 987 4084 adducere
1017 4041 1071 4085 et
1109 4031 1316 4090 Cbristi
1360 4052 1557 4092 nomen
1611 4039 1832 4095 abolere
1854 4041 2099 4097 conﬁde-

502 4117 617 4172 bat.
656 4119 757 4173 Hic
786 4120 1092 4179 innumeris
1122 4124 1293 4182 fultus
1320 4132 1657 4187 exercituum
1712 4133 2099 4208 plialangibus.

502 4209 902 4281 nationumque
930 4215 1079 4269 omni
1114 4232 1315 4287 genere
1363 4223 1728 4293 constipatus,
1758 4233 2102 4282 et'numero-

502 4302 726 4358 sissima
752 4315 868 4359 tum
903 4309 1149 4377 peditum
1186 4321 1298 4364 tum
1325 4315 1572 4383 equitum
1612 4316 1961 4373 multitudine
1993 4317 2105 4375 fre-

505 4405 617 4460 tus,
637 4399 825 4452 omnia
863 4416 926 4455 ea
962 4402 1082 4458 loca
1109 4405 1454 4475 conti-gebat.
1483 4406 1640 4461 Tunc
1670 4409 1931 4465 mandato
1975 4412 2105 4465 lior-

505 4492 734 4557 tatuque
755 4488 1056 4547 Turcarum
1095 4495 1302 4551 domini
1331 4495 1633 4551 Murat-Bei
1666 4512 1832 4568 agger
1862 4500 2103 4554 exstrui-

2198 631 2382 682 σαντο,
2434 616 2530 670 καὶ
2573 618 2729 689 ἡμᾶς
2778 618 3167 688 ἀπεστέρησαν
3213 619 3374 687 τῆσδε
3425 621 3526 689 τῆς
3572 619 3795 682 πόλεως

2196 710 2379 761 πάντα
2417 709 2486 762 τὰ
2512 709 2770 779 πλησίον,
2806 710 2905 762 καὶ
2930 710 3138 780 ταύτης
3181 711 3462 781 ἔφθειραν,
3489 710 3795 782 ἐλεηλάτη-

2197 817 2316 865 σσν,
2343 800 2798 871 ῂχμαλώτευσαν,
2826 802 2922 856 καὶ
2950 804 3078 867 τοὺς
3114 803 3217 871 μὲν
3261 805 3369 857 τῶν
3400 804 3612 874 ἀνδρῶν
3646 822 3793 857 κατ-

2194 891 2459 959 έσφαξαν,
2497 893 2626 955 τοὺς
2657 893 2714 946 δὲ
2738 895 2833 947 καὶ
2866 895 3061 965 πόρρω
3093 895 3190 947 τοῦ
3211 895 3441 949 Ἰκονίου
3464 897 3561 950 καὶ
3583 895 3795 965 Ἄρατ-

2194 982 2450 1050 ζάπητας
2501 985 2699 1055 Κύφας
2754 986 3195 1052 διαϐιϐάσαντες,
3246 988 3344 1049 τὰς
3400 988 3457 1041 δὲ
3515 990 3798 1054 γυναῖκας

2160 1110 2163 1117 -
2193 1074 2445 1141 ἀσελγῶς
2475 1076 3048 1146 αἰσχρουργήσαντες,
3095 1078 3163 1129 τὰ
3195 1076 3252 1129 δὲ
3285 1076 3462 1147 βρέφη
3511 1078 3593 1140 είς
3627 1092 3794 1144 περι-

2194 1169 2367 1238 τομὴν
2404 1168 2485 1239 τῷ
2513 1169 2758 1239 Μωάμεθ
2802 1170 3167 1240 προσέφερον,
3211 1171 3306 1223 καὶ
3336 1172 3448 1223 πᾶν
3495 1169 3639 1233 ζῶον
3678 1167 3797 1221 ὑπὸ

2193 1259 2360 1330 ζυγὸν
2392 1262 2487 1315 καὶ
2513 1262 2716 1329 ἄζυγον
2738 1262 3055 1332 διέφθειραν
3095 1263 3191 1314 καὶ
3221 1260 3520 1331 ἠφάνισαν.
3565 1260 3679 1329 Τὴν
3731 1259 3797 1312 δὲ

2194 1353 2402 1423 ζημίαν
2429 1354 2541 1407 τῶν
2571 1356 2943 1425 γεννημάτων
2997 1356 3095 1409 καὶ
3145 1354 3258 1408 τῶν
3305 1353 3653 1425 ἀμπελώνων
3685 1352 3797 1420 τὴν

2191 1444 2377 1515 λύμην
2414 1445 2498 1509 τίς
2533 1446 2642 1517 ἄρα
2674 1447 2771 1499 καὶ
2809 1446 2943 1500 ποία
2989 1446 3282 1516 δυνήσεται
3316 1444 3539 1512 γλῶσσα
3577 1442 3801 1512 ταύτην

2193 1536 2500 1608 ὲξιχνιάσέιι
2530 1556 2543 1605 ;
2573 1539 2688 1592 Καὶ
2719 1538 2828 1609 γὰρ
2852 1541 2911 1592 ἐν
2949 1538 3026 1606 τῷ
3071 1538 3249 1608 καιρῷ
3276 1537 3377 1605 τῆς
3411 1536 3801 1604 συγκλείσεως

2192 1630 2781 1701 ἁπαραπροσδοκήτως
2833 1630 3186 1701 κατέδραμον
3220 1631 3312 1683 καὶ
3335 1631 3484 1699 ἡμᾶς
3526 1627 3800 1681 ἀπέκλει-

2195 1739 2316 1788 σαν,
2354 1723 2450 1776 uel.
2487 1722 2593 1776 ὑπὸ
2632 1726 2733 1795 τὴν
2766 1724 3092 1779 δεσποτείαν
3126 1723 3308 1776 αὐτῶν
3341 1723 3523 1776 πάντα
3570 1721 3640 1773 τὰ
3682 1719 3802 1783 ἔξω

2192 1815 2468 1883 ἐγένοντο.
2497 1815 2573 1868 Τὺ
2598 1815 2656 1868 δὲ
2688 1817 2786 1869 καὶ
2814 1815 2933 1880 πῶς
2965 1817 3061 1871 καὶ
3088 1816 3256 1870 πόθεν
3283 1817 3378 1866 καὶ
3409 1814 3479 1867 δι’
3507 1813 3573 1884 ἢν
3601 1813 3799 1864 αἰτίαν

2123 1886 2164 1941 Β
2195 1906 2228 1975 ἡ
2261 1905 2520 1975 συμφορὰ
2542 1904 2637 1958 καὶ
2662 1906 2841 1977 φθορὰ
2861 1906 2957 1959 καὶ
2979 1907 3152 1959 ταῦτα
3172 1905 3240 1958 τὰ
3261 1904 3545 1958 δεινότατα
3567 1902 3800 1972 χαλεπὰ

2198 1999 2313 2060 τοῖς
2340 1998 2623 2069 δυστυχοτς
2652 2000 2751 2053 καὶ
2782 2000 2991 2064 ἀθλίοις
3026 1999 3199 2068 ἐπέϐη
3229 1996 3526 2068 Ῥωμαίοις
3569 1995 3799 2065 σιωπᾷν

2198 2091 2331 2160 ἡμῖν
2367 2090 2594 2160 ἄμεινον
2619 2089 2954 2162 ἕδοξεν.Τῆς
2975 2093 3033 2145 δὲ
3063 2090 3407 2160 πικροτάτης
3436 2089 3616 2159 μάχης
3642 2087 3770 2139 ἐκεί

2198 2199 2297 2253 νης
2326 2184 2420 2235 καὶ
2450 2183 2546 2236 τοῦ
2599 2184 3046 2254 φρικωδεστάτου
3093 2183 3332 2252 πολέμου
3364 2182 3425 2235 τὸ
3472 2181 3646 2245 πέρας
3678 2179 3797 2248 χρὴ

2198 2276 2595 2347 διηγήσασθαι.
2623 2278 2695 2330 Τὸ
2729 2278 2829 2347 μὲν
2873 2277 2982 2348 γὰρ
3029 2278 3246 2349 πρῶτον
3305 2274 3622 2342 στράτευμα
3675 2271 3797 2324 τῶν

2198 2367 2651 2437 Μουσουλμάνων
2671 2368 2897 2421 ἐκείνων
2924 2368 2990 2439 τῇ
3023 2368 3223 2439 δεκάτῃ
3254 2366 3345 2421 τοῦ
3372 2365 3595 2419 Ἰουνίου
3623 2363 3793 2415 κατέο

2199 2459 2377 2528 δραμε
2408 2460 2506 2513 καὶ
2536 2460 2685 2529 ἡμᾶς
2722 2459 3075 2523 ἀπέκλεισεν,
3108 2460 3186 2523 ὡς
3221 2459 3563 2529 προέφημεν,
3606 2460 3675 2526 τῇ
3728 2455 3790 2510 δὲ

2201 2553 2421 2622 εἰκοστῇ
2452 2552 2645 2605 τούτου
2680 2553 2845 2622 ἑτέρα
2871 2554 3046 2623 ἐφάνη
3079 2551 3315 2623 στρατιὰ
3338 2549 3794 2618 Μουσουλμάνων

2200 2642 2275 2705 ὡς
2315 2642 2478 2710 νέφος
2519 2643 2763 2714 χαλάζης
2796 2644 3016 2715 πλήρης
3063 2645 3157 2697 καὶ
3201 2643 3465 2714 τετρυγὸς
3514 2642 3797 2709 ὀλέθριον,

2201 2734 2298 2785 καὶ
2333 2736 2515 2787 πᾶσαν
2558 2735 2655 2787 καὶ
2696 2737 2959 2790 παντοῖαν
3015 2737 3115 2804 τὴν
3170 2736 3277 2789 ὑπὸ
3323 2736 3432 2788 τῶν
3496 2734 3800 2803 Ῥωμαίων

2198 2830 2543 2901 ὴμαύρωσαν
2582 2831 2708 2901 γῆν,
2736 2833 2832 2885 καὶ
2864 2833 2939 2894 ὡς
2976 2829 3110 2900 φλὸξ
3160 2831 3451 2901 ἀστραπῆς
3486 2830 3801 2898 καιομένης

2201 2920 2383 2975 πάντα
2424 2924 2731 2978 κατέκαυσε
2787 2925 2883 2978 καὶ
2941 2924 3261 2994 ἐνεπύρισε,
3314 2923 3410 2975 καὶ
3467 2924 3576 2975 πᾶν
3630 2922 3801 2985 ξύλον

2201 3014 2485 3085 κάρπιμον
2515 3018 2609 3070 καὶ
2632 3017 2850 3087 δένδρον
2879 3016 3156 3086 εὗκαρπον
3186 3018 3280 3070 καὶ
3321 3017 3417 3079 τὰς
3449 3012 3800 3082 κουρϐούλας

2201 3107 2309 3161 τῶν
2330 3103 2679 3181 ’ἀμπελώνων
2708 3112 2772 3164 ὲκ
2823 3110 2981 3180 ῥίζης
3030 3109 3328 3179 ἀπέτεμον,
3377 3108 3472 3161 καὶ
3496 3105 3623 3160 ’πᾶν
3656 3104 3798 3159 ἄλλο

2201 3200 2373 3254 δεινὸν
2399 3202 2515 3275 καὶ
2550 3200 2802 3272 ὀλέθριον
2853 3200 2978 3255 καθ’
3031 3202 3193 3271 ἡμῶν
3238 3201 3590 3270 ἐποιήσαντο.
3638 3197 3699 3251 Ὁ
3732 3197 3796 3251 δὲ

2207 3293 2560 3366 στρατάρχης
2602 3295 2630 3348 ό
2671 3295 2847 3362 μέγας
2894 3295 2991 3348 καλ⁸
3032 3294 3255 3348 πάντων
3297 3293 3525 3347 ἐκείνων
3561 3292 3792 3361 ἀμηρᾶς

2202 3387 2298 3440 καὶ
2325 3385 2595 3456 δεσπότης
2621 3384 2882 3454 ἔφθασεν.
2907 3381 3081 3439 Ἦλθε
3108 3384 3274 3455 μανὸς
3295 3387 3389 3439 καὶ
3411 3383 3789 3454 ἡγριωμένος,

2202 3478 2442 3541 ἀλαζὼν,
2497 3478 2849 3546 ἐπηρμένος,
2892 3478 3203 3548 ὑπέρογκος
3253 3479 3349 3530 καὶ
3404 3476 3793 3547 γαυριώμενος

2202 3575 2298 3624 καὶ
2329 3572 2428 3641 τὴν
2455 3571 2629 3639 ὀφρὺν
2663 3570 2742 3635 είς
2768 3570 2998 3640 οὐρανὸν
3034 3571 3227 3641 αἴρων,
3265 3569 3362 3623 καὶ
3396 3570 3598 3640 ὑψηλὸς
3634 3578 3791 3640 παρὰ

2206 3663 2415 3724 πάντας
2445 3662 2702 3730 ἐνόμιζεν
2728 3658 2896 3727 εἶναι,
2943 3663 3038 3715 καὶ
3068 3661 3422 3732 ὑπελάμϐανε
3454 3662 3589 3729 παρ’
3619 3661 3790 3714 αὐτοῦ

2204 3755 2529 3808 διοικεῖσθαι
2567 3754 2635 3807 τὰ
2673 3754 2873 3818 πάντα,
2910 3754 3005 3807 καὶ
3044 3753 3151 3806 ὑπὸ
3194 3752 3295 3823 τὴν
3327 3752 3575 3816 ἐξουσίαν
3621 3752 3796 3806 αὖτοῦ

2203 3849 2400 3916 ἄγεται
2434 3848 2578 3909 ἆπας
2614 3849 2642 3900 ὁ
2688 3848 2914 3917 κόσμος.
2955 3845 3118 3899 ’Λλλὰ
3167 3845 3263 3898 καὶ
3308 3845 3612 3915 πάμπολλα
3637 3846 3795 3912 ἄγων

2209 3940 2644 4013 μηχανικώτατα
2698 3943 2796 3994 καὶ
2847 3940 3217 4009 μαχιμώτατα
3262 3936 3422 4008 ἔργα,
3470 3936 3795 4008 προσδοκῶν

2203 4035 2271 4090 δι’
2302 4035 2483 4088 αὐτῶν
2518 4032 2814 4104 μέρος·τοῦ
2846 4032 3030 4101 τοίχου
3056 4031 3292 4101 χαλάσαι
3328 4030 3429 4100 τῆς
3462 4031 3673 4093 πόλεως
3696 4035 3795 4087 καὶ

2205 4127 2313 4181 ἀπὸ
2351 4126 2544 4179 τούτου
2593 4124 2801 4193 ταύτην
2859 4125 3276 4194 κατακρατῆσαι
3330 4123 3422 4175 καὶ
3476 4123 3603 4185 τοὺς
3647 4122 3793 4175 Ῥω-

2209 4220 2404 4290 μαίους
2463 4217 2874 4287 αἰχμαλωτίσαι
2932 4218 3027 4270 καὶ
3074 4217 3168 4270 τοῦ
3220 4216 3461 4285 Χριστοῦ
3514 4217 3576 4266 τὸ
3612 4214 3795 4282 ὄνομα

2205 4300 2726 4363 ἀποσϐέσαιυἋλλὰ
2749 4307 2844 4362 καὶ
2876 4307 3141 4380 στρατιὰς
3172 4307 3445 4379 στρατιῶν
3470 4307 3565 4361 καὶ
3591 4307 3795 4374 γενεὰς

2208 4400 2413 4469 γενεῶν
2438 4400 2533 4455 καὶ
2563 4400 2747 4472 πλήθη
2781 4399 3025 4471 πληθῶν,
3052 4399 3235 4463 πεζῶν
3262 4400 3353 4453 καὶ
3395 4399 3629 4461 ἱππέων,
3660 4399 3795 4466 ἔσχε

2209 4496 2468 4549 τοσοῦτον
2493 4494 2634 4548 ὥστε
2672 4494 2818 4556 ἄπας
2857 4494 2886 4546 ὁ
2917 4492 3121 4563 κόσμος
3163 4494 3370 4554 ἐκεῖνος
3401 4492 3666 4544 ὲσκέπετο
3699 4491 3797 4545 ὑπ’

505 4586 618 4645 tur,
639 4581 826 4650 plures
851 4584 990 4640 alios
1017 4600 1223 4657 eosque
1261 4588 1531 4643 maximos
1556 4604 1822 4658 superans
1855 4604 1870 4642 :
1895 4590 2096 4660 quippe

2210 4589 2456 4644 ἐκείνων.
2482 4588 2617 4642 Τότε
2645 4586 2702 4642 δὲ
2731 4582 2898 4641 αὐτοῦ
2922 4582 2987 4657 τῇ
3022 4584 3275 4639 κελεύσει
3300 4582 3396 4637 τοῦ
3425 4582 3651 4650 Μουράτ
3672 4582 3799 4647 Πεῒ,

504 4672 573 4727 ab
604 4674 953 4729 extremitate
1014 4692 1122 4731 una
1160 4677 1335 4743 urbis,
1384 4678 1630 4750 Chryside
1678 4694 1870 4748 nempe
1904 4690 2094 4750 portas,

505 4763 573 4818 ad
609 4765 775 4834 aliam
807 4765 1119 4839 Xyloportte
1144 4770 1562 4834 extendebatur,
1599 4785 1705 4825 non
1736 4771 1857 4841 plus
1888 4773 2098 4841 sagittae

502 4858 653 4930 iactu
690 4876 718 4912 a
754 4860 1033 4915 manibus
1061 4862 1296 4927 distans,
1353 4863 1531 4918 valide
1556 4864 1799 4936 undique
1841 4876 2098 4922 constru-

429 4960 441 4972 ’
506 4962 724 5027 ctusac
747 4950 1119 5020 ﬁrmissimus,
1152 4952 1315 5023 lignis
1351 4955 1685 5022 ingentibus,
1711 4957 1915 5013 crassis
1945 4959 2103 5014 tabu-

508 5044 575 5099 lis
622 5054 675 5098 et
730 5044 1074 5113 complicatis
1140 5047 1309 5117 virgis
1359 5062 1425 5102 ac
1481 5048 1780 5105 viminibus
1828 5052 2104 5106 anteriore

506 5138 593 5193 sui
623 5150 783 5208 parte
832 5141 1223 5203 connuunitus.
1252 5149 1309 5197 ut
1360 5142 1571 5211 sagitta:
1607 5156 1833 5198 arcuum
1888 5151 2105 5211 tzagro-

506 5248 744 5303 rumque
777 5248 806 5287 τι
831 5233 1093 5289 Romanis
1147 5235 1364 5289 emissa:
1402 5248 1645 5304 saxaque
1670 5235 2102 5291 bombardarum

510 5329 926 5396 exciperentur.
961 5327 1017 5380 lu
1058 5327 1275 5398 aggeris
1321 5311 1641 5399 posteriore
1690 5338 1866 5398 parte.
1901 5343 1961 5381 ut
2014 5329 2106 5383 ille

511 5429 865 5491 pricccperat,
904 5420 1104 5476 milites
1150 5420 1330 5475 omnis
1360 5421 1578 5490 generis
1631 5437 1695 5477 ex
1740 5426 1989 5477 exercitu
2019 5436 2105 5477 se-

514 5514 644 5568 lecti
681 5515 921 5567 audaces
948 5512 1227 5582 t‘ortesqne
1283 5516 1700 5584 permanebant,
1745 5523 1860 5568 tum
1898 5523 1955 5569 ut
2006 5530 2106 5585 pro

515 5622 670 5663 more
704 5622 959 5678 aggerem
996 5606 1373 5668 defenderent.
1410 5616 1525 5663 tum
1566 5618 1620 5661 ut
1645 5608 1715 5662 ab
1739 5622 1805 5662 eo
1848 5607 2110 5661 defende-

515 5712 729 5767 rentur,
757 5702 997 5770 indeque
1049 5714 1281 5772 pugnam
1320 5710 1468 5756 retro
1499 5710 1705 5757 stantes
1753 5716 1876 5756 cum
1907 5701 2109 5771 tzaigris

515 5805 571 5851 et
602 5796 839 5852 arcubus
886 5797 1115 5865 aliisque
1161 5797 1453 5864 machinis,
1477 5805 1526 5851 et
1556 5797 1739 5866 parvis
1778 5806 1829 5851 et
1878 5798 2112 5866 ingenti-

522 5892 644 5961 bus,
691 5906 863 5967 prope
912 5892 1239 5960 iunumeris,
1271 5892 1413 5950 lianc
1457 5893 1527 5951 ob
1577 5908 1799 5950 causam
1834 5891 2108 5960 advectis,

2205 4683 2270 4752 τῇ
2306 4680 2502 4751 κλήσει
2532 4694 2591 4731 τε
2619 4677 2712 4733 τοῦ
2745 4676 3006 4731 δεσπότου
3036 4674 3146 4728 τῶν
3188 4672 3472 4743 Τούρκων,
3511 4672 3803 4725 ποιοῦνται

2204 4775 2442 4827 παστίαν
2488 4771 2641 4841 μίαν.
2689 4769 2834 4823 Ἀλλ’
2869 4764 3009 4837 αὕτη
3055 4768 3088 4836 ή
3127 4764 3227 4836 μία
3264 4762 3465 4826 πολλὰς
3512 4763 3804 4833 ὑπερέϐην

2209 4866 2524 4935 μεγίστους·
2551 4865 2646 4918 καὶ
2681 4862 2789 4933 γὰρ
2815 4861 2924 4915 ἀπὸ
2952 4860 3014 4913 τὸ
3040 4858 3098 4912 ἓν
3128 4860 3297 4929 ἄκρον
3328 4860 3428 4927 τῆς
3458 4857 3669 4918 πόλεως
3698 4857 3803 4923 τῆς

2206 4960 2453 5033 Χρυσίας
2477 4958 2583 5021 ’έως
2609 4957 2670 5011 τὸ
2701 4956 2892 5026 ἕτερον
2918 4955 3090 5025 ἄκρον
3119 4953 3217 5023 τῆς
3246 4952 3600 5020 Ξυλοπόρτης
3628 4950 3802 5021 ἐκρά-

2208 5073 2313 5109 τει.
2349 5053 2453 5108 Καὶ
2481 5049 2552 5122 ἦν
2581 5051 2637 5104 δὲ
2685 5051 2719 5122 ή
2763 5049 2969 5127 παετία
3000 5047 3233 5119 πλησίον
3268 5044 3363 5099 τοῦ
3394 5047 3635 5121 κρστρου
3668 5043 3797 5097 ὅσον

2207 5145 2368 5210 τόξου
2404 5143 2590 5215 βολὴν,
2623 5144 2720 5195 καὶ
2750 5142 2811 5195 οὐ
2854 5140 3042 5193 πλέον.
3074 5137 3184 5190 Καὶ
3224 5131 3292 5208 ἢν
3321 5136 3377 5189 δὲ
3411 5137 3562 5188 πᾶσα
3595 5136 3799 5203 erepsit

2210 5241 2307 5292 καὶ
2346 5236 2666 5309 ὀχυρωτάτη
2711 5234 2822 5289 ἀπὸ
2867 5232 3038 5298 ξύλων
3086 5218 3365 5301 μεγίστων
3407 5229 3501 5281 καὶ
3528 5227 3800 5297 ’χονδρῶν

2211 5331 2466 5385 σανίδων.
2519 5328 2632 5381 Καὶ
2680 5326 2952 5387 πλοκοτὰς
3006 5324 3117 5377 ἀπὸ
3175 5321 3381 5392 βέργας
3431 5320 3639 5388 ἔθηκαν
3685 5319 3797 5385 ξμς

2214 5423 2454 5494 προσθεν
2484 5421 2587 5491 τῆς
2616 5419 2880 5482 παστίας,
2935 5416 3023 5471 ἵνα
3074 5417 3341 5487 δέχωνται
3393 5411 3492 5475 τὰς
3527 5409 3799 5477 σαγίττας

2210 5519 2323 5572 τῶν
2351 5515 2523 5580 τόξων
2572 5514 2669 5569 καὶ
2719 5514 2828 5566 τῶν
2859 5510 3119 5580 τξαγρῶν
3176 5508 3285 5561 τῶν
3326 5506 3643 5576 Ῥωμαίων,
3700 5506 3801 5556 καὶ

2212 5616 2321 5668 τῶν
2357 5610 2723 5684 βουμπάρδων
2759 5611 2860 5672 τὰς
2891 5609 3120 5677 πέτρας.
3178 5604 3445 5659 Ὀπισθεν
3490 5602 3549 5655 δὲ
3592 5600 3803 5666 ταύτης

2215 5704 2509 5758 ἐθέσπισεν
2540 5701 2630 5755 ἵνα
2655 5699 2903 5754 ἵστανται
2927 5696 3263 5769 στρατιῶται
3288 5698 3350 5747 ἐκ
3380 5693 3571 5746 πασῶν
3591 5689 3800 5759 γενεῶν

2214 5798 2310 5852 τοῦ
2345 5796 2762 5867 στρατεύματος
2794 5792 2986 5846 τούτου
3022 5791 3289 5861 τολμηροὶ
3327 5791 3418 5844 καὶ
3447 5788 3701 5859 ἀνδρεῖοιι.
3733 5788 3799 5840 τὸ

2221 5891 2340 5964 μὲν,
2380 5889 2456 5954 ὡς
2493 5890 2553 5942 τὸ
2585 5887 2726 5953 ἔθος,
2773 5885 2852 5951 είς
2889 5883 3163 5956 προσοχὴν
3199 5883 3299 5954 τῆς
3347 5880 3585 5946 παστίας
3644 5879 3702 5933 τὸ
3735 5880 3791 5933 δι
