3972 6448
450 352 516 415 7t
1452 352 1461 359 ί
1744 349 2078 412 JOANNIS
2109 348 2390 410 CANANI
3648 355 3713 421 γε

521 467 766 541 Singulis
813 482 1031 539 quoque
1067 467 1262 525 diebus
1315 484 1379 525 ac
1401 470 1676 541 noctibus,
1733 470 1845 526 imo
1883 471 2032 525 horis
2063 488 2111 544 Α

449 560 695 631 linguam
729 558 997 614 adversus
1035 575 1135 616 nos
1168 560 1333 623 veluti
1391 561 1648 630 utrinque
1699 571 2034 630 praeacututn

449 668 636 707 ensem
693 651 996 722 agitabant,
1048 651 1428 707 voccseﬂ‘eras
1492 662 1655 722 atque
1706 652 2038 709 inhumanas

450 747 801 816 impudenter
854 730 1229 816 injurioseqne
1282 746 1625 812 emittentes,
1680 762 1789 802 non
1826 757 2037 804 tantum

447 839 817 907 patriarcbam
848 847 899 891 et
954 838 1364 905 imperatorem,
1399 838 1491 893 sed
1555 839 1714 893 tidem
1747 841 1909 896 etiam
1942 855 2041 895 no-

446 941 616 986 stram
647 930 908 985 audacter
933 930 1366 999 itnproperantes
1394 940 1445 984 et
1494 931 1861 985 inverecunde
1897 933 2041 986 blas-

450 1027 791 1091 phemant-s.
834 1042 852 1075 ι
893 1023 996 1078 Ubi
1026 1022 1275 1078 estDcus
1322 1026 1552 1079 vester?
1611 1024 1655 1080 Ο
1708 1025 2039 1080 tenebricosi

453 1118 685 1172 Romani
710 1119 721 1171 !
749 1117 846 1172 Ubi
868 1117 1118 1170 Christus
1143 1118 1355 1171 vester?
1381 1116 1478 1172 Ubi
1499 1128 1626 1171 sunt
1644 1118 1819 1171 sancti
1849 1119 2038 1184 vestri,

451 1212 542 1281 qtti
567 1213 718 1265 vobis
742 1227 897 1279 opem
927 1211 1209 1263 tulerunt?
1230 1198 1364 1265 (iras
1389 1212 1523 1265 urbe
1550 1213 1845 1280 potiemur,
1864 1220 1919 1267 et
1948 1229 2042 1269 ros

455 1320 645 1358 servos
674 1307 1030 1370 captivosque
1056 1305 1394 1357 abduremus
1423 1323 1437 1357 :
1470 1306 1736 1359 uxoribus
1769 1307 1968 1359 vestris
1990 1319 2044 1360 et

453 1395 578 1448 liliis
607 1395 824 1454 vesuis.
864 1398 1018 1451 Vobis
1046 1397 1502 1465 inSpeetantibus,
1555 1399 1660 1451 vim
1690 1397 1990 1454 inferemus
2025 1415 2038 1450 :

460 1502 673 1542 vestras
706 1489 925 1542 moniah
947 1505 972 1543 ε
1007 1506 1128 1543 cum
1161 1488 1463 1544 Turcarum
1491 1492 1771 1547 monachis
1804 1493 2044 1562 despon-

461 1579 725 1632 sabimus.
758 1578 861 1632 Per
892 1580 1050 1633 fidem
1086 1590 1327 1634 nostram
1360 1598 1484 1636 vere
1517 1585 1629 1637 haec
1655 1583 1913 1653 propheta
1947 1600 2046 1639 no-

451 1685 564 1724 ster
594 1674 876 1741 pra-ditat.
901 1692 918 1724 ι
947 1672 1069 1726 "me
1094 1684 1279 1728 autem
1311 1685 1565 1744 tanquam
1594 1677 1750 1731 firma
1779 1687 2043 1748 certaque

454 1765 608 1833 impii
645 1766 928 1829 tenebam,
972 1766 1207 1836 ideoque
1240 1767 1420 1837 jurgia
1454 1769 1542 1822 illa
1577 1770 1742 1837 impia
1777 1771 1831 1824 in
1871 1770 2038 1825 Deum

2219 467 2382 522 Ἀλλὰ
2419 468 2513 520 καὶ
2539 466 2662 521 καθ’
2702 466 2918 538 ἡμέραν
2949 468 3044 521 καὶ
3082 467 3256 522 νύκτα
3325 468 3423 533 τὰς
3468 469 3712 542 παλάμας

2142 559 2430 630 ἐκρότουν,
2463 558 2679 613 καὶτοῦ
2708 560 3006 629 Μηρσαίτη
3057 561 3158 631 τὴν
3217 561 3411 632 φωνὴν
3465 562 3719 632 ἀνέμενον

2141 652 2218 713 ὡς
2238 652 2477 721 ἀγγέλου
2527 652 2933 722 ἀληθεστάτου,
2980 652 3056 716 ὡς
3113 653 3202 708 ῐνα
3254 653 3715 723 αίχμαλωτίσουσι

2142 747 2270 809 τοὺς
2320 746 2653 816 Ῥωμαίους.
2702 745 2867 799 Ἀλλά
2892 746 2989 799 καὶ
3010 744 3135 799 καθ’
3166 746 3385 817 ἡμέραν
3415 746 3510 801 καὶ
3547 746 3713 801 νύκτα

2144 840 2241 894 καὶ
2269 839 2419 911 ὥραν
2452 840 2550 908 τὴν
2584 839 2845 907 γλῶσσαν
2878 839 3062 893 αὐτῶν
3093 838 3221 894 καθ’
3254 839 3414 909 ἡμῶν
3439 838 3515 902 ὠς
3544 837 3719 893 δίστο-

2147 949 2248 1002 μον
2282 933 2439 1001 ξίφος
2477 931 2761 1001 ἡκόνιζαν,
2789 934 2885 985 καὶ
2906 932 3091 1001 φωνὰς
3120 931 3354 1001 ἀγρίους
3386 933 3479 984 καί¹
3525 931 3722 1001 ἀνημέο

2148 1042 2272 1094 ρους
2325 1026 2516 1094 ἔλεγον
2580 1026 2815 1089 ἀναιδῶς
2875 1027 2968 1079 καὶ
3015 1023 3373 1095 ὑϐριστικῶς.
3410 1022 3503 1093 Μὴ
3559 1023 3720 1092 μόνον

2142 1119 2284 1171 κατὰ
2313 1119 2670 1190 πατριαρχῶν
2693 1136 2752 1173 τε
2789 1119 2884 1171 καὶ
2915 1117 3181 1188 βασιλέως
3228 1115 3591 1185 αίσχροτάτας
3612 1131 3721 1182 ςιςωο

2143 1210 2239 1271 νὰς
2266 1211 2613 1280 ἀνέπεμπον,
2652 1211 2788 1263 ἀλλὰ
2812 1209 3077 1263 καὶκατὰ
3114 1209 3214 1276 τῆς
3263 1209 3506 1268 πίστεως
3562 1206 3722 1275 ήμῶν

2144 1302 2435 1370 τολμηρῶς
2465 1300 2826 1366 ὀνειδίζοντες
2857 1300 2952 1353 καὶ
2977 1298 3217 1361 ἀναιδῶς
3267 1295 3725 1367 βλασφημοῦντες

2145 1394 2356 1462 ἔλεγον.
2397 1413 2415 1445 ι
2456 1394 2567 1447 Ποῦ
2612 1399 2639 1448 ό
2664 1395 2796 1457 Θεός
2842 1412 2963 1459 σας,
2998 1387 3044 1446 ὧ
3084 1393 3353 1447 σκοτεινοὶ
3424 1391 3725 1459 Ῥωμαίοις

2145 1485 2251 1539 ποῦ
2285 1490 2313 1539 ὁ
2343 1488 2582 1558 Χριστός
2619 1505 2761 1554 σας;
2796 1487 2902 1540 ποῦ
2933 1482 3078 1541 εἶναι
3103 1488 3156 1540 οἱ
3181 1486 3330 1554 ἆγιοί
3360 1503 3462 1549 σας
3505 1488 3570 1539 va
3629 1487 3727 1549 σὰς

2146 1579 2493 1650 βοηθήσουν;
2531 1578 2736 1651 Αὔριον
2758 1581 2860 1649 τὴν
2883 1580 3042 1633 πόλιν
3082 1579 3419 1649 ὲπέρνομεν,
3469 1580 3563 1634 καὶ
3602 1580 3728 1639 {sic

2144 1673 2531 1744 αἰχμαλώτους
2561 1678 2656 1726 καὶ
2684 1672 2958 1737 σκλάδους
2980 1672 3204 1742 ἔχομεν,
3227 1672 3438 1736 καὶτὰς
3467 1671 3728 1740 γυναῖκάς

2147 1784 2249 1830 σας
2279 1770 2375 1820 καὶ
2412 1766 2481 1819 τὰ
2510 1767 2702 1821 παιδία
2740 1783 2841 1830 σας
2876 1765 3196 1836 ἔμπροσθεν
3247 1767 3409 1836 ὑμῶν
3449 1765 3728 1834 ἀτιμάσω-

450 1867 699 1911 nsstrum
733 1859 1103 1915 eﬂundehant.
1155 1860 1289 1916 Cum
1321 1863 1538 1917 tandem
1605 1873 1877 1933 postrema
1913 1865 2038 1921 belli

2150 1875 2273 1928 μεν,
2303 1859 2520 1921 καὶτὰς
2550 1858 2894 1929 καλογραίας
2945 1876 3045 1923 σας
3074 1857 3145 1928 μὲ
3172 1860 3306 1923 τοὺς
3358 1856 3733 1929 Τουρκοκαλο-

449 1950 670 2005 Turcici
696 1951 811 2006 dies
835 1953 1080 2018 advenit,
1123 1969 1286 2021 quant
1338 1954 1447 2009 illis
1479 1971 1709 2027 magnus
1744 1958 2049 2025 prtevatici-

450 2053 613 2099 natus
644 2045 820 2098 fuerat
851 2046 1109 2100 Mersaita
1148 2047 1455 2101 Turcarum
1487 2061 1664 2113 vates,
1690 2049 1833 2104 dixit
1861 2050 2048 2120 copia-

451 2153 572 2188 rum
605 2138 819 2190 ductori
859 2138 1450 2206 Musulmauorumque
1481 2140 1714 2208 principi
1747 2153 1763 2193 ξ
1789 2160 1809 2193 ι
1840 2138 1921 2197 Ne
1949 2141 2043 2195 diu

451 2245 636 2285 moras
666 2231 964 2291 traherent,
1000 2229 1097 2285 sed
1131 2232 1462 2299 quantocius
1487 2232 1703 2301 jubet-et
1731 2233 2045 2298 ordinibus,

451 2329 510 2373 ut
539 2334 599 2373 se
629 2330 841 2373 arment
875 2329 930 2373 et
957 2320 1238 2375 machinas
1289 2335 1481 2377 omnes
1517 2329 1573 2376 et
1601 2322 1667 2376 ad
1706 2322 1904 2377 bellum
1947 2338 2041 2379 nev

450 2413 691 2467 ccssaria
735 2416 1032 2479 instruant,
1070 2426 1124 2467 ιιι
1156 2424 1404 2484 prompta
1463 2416 1577 2469 sint
1607 2432 1621 2468 :
1654 2424 1836 2483 postea
1876 2431 2043 2486 prope

411 2509 638 2559 .urbem
673 2506 737 2560 ad
807 2508 895 2560 teli
922 2506 1128 2577 jactum
1188 2506 1563 2561 conferantur.
1628 2508 1855 2577 Signum
1898 2520 2041 2573 esto,

455 2599 600 2665 quod
636 2598 823 2663 jnbro.
859 2598 997 2653 Cum
1058 2615 1142 2653 me
1178 2615 1344 2669 super
1372 2615 1575 2671 equum
1617 2602 1788 2655 altum
1848 2600 2042 2656 sedere

453 2698 507 2741 et
527 2690 577 2742 in
599 2689 818 2743 dextera
850 2706 965 2743 mea
992 2692 1196 2745 nudum
1224 2707 1413 2745 ensem
1442 2693 1823 2761 conspicietis,
1848 2699 2042 2761 terque

454 2796 643 2836 vocem
679 2774 851 2835 meam
891 2798 1015 2836 cum
1047 2784 1286 2838 clamore
1315 2793 1369 2838 et
1397 2784 1629 2853 strepitu
1653 2794 1705 2838 et
1754 2785 1956 2853 impetu
1987 2793 2042 2837 et

452 2876 810 2944 applausibus
839 2887 896 2930 et
926 2880 1148 2948 organis
1173 2880 1482 2945 audieritis,
1514 2880 1565 2933 in
1616 2878 1835 2934 Graecos
1869 2877 2041 2947 impe-

455 2978 569 3020 tum
603 2968 796 3034 facite;
827 2979 881 3024 et
916 2971 1059 3025 ultro
1091 2971 1245 3028 urbis
1283 2974 1483 3028 ntmnia
1528 2982 1812 3034 corruent.
1849 2983 1903 3027 et
1944 2988 2040 3028 vos

455 3062 604 3115 nullo
636 3062 889 3117 obstante
916 3063 1146 3134 ingressi
1181 3065 1416 3135 praedam
1468 3068 1661 3138 agite.»
1705 3066 1768 3121 Et
1786 3069 1884 3123 has
1913 3069 2037 3138 qui-

450 3151 580 3205 dem
603 3169 776 3223 nugas
839 3154 1092 3231 Mersaita
1161 3166 1422 3227 tanquam
1490 3168 1672 3216 certas
1705 3176 1769 3216 ac
1812 3160 2039 3216 stabiles

2148 1953 2346 2021 γέρους
2370 1952 2438 2006 va
2458 1952 2892 2023 παντρέψωμεν.
2926 1953 3023 2007 Μὰ
3058 1951 3157 2023 τὴν
3201 1953 3393 2006 πίστιν
3445 1967 3554 2022 μας
3600 1949 3730 2019 ἀλήο

2148 2043 2269 2097 θεια
2308 2047 2649 2115 ὁπροφήτης
2687 2062 2794 2114 μας
2842 2042 2976 2114 ἔτζη
3017 2043 3190 2113 λέγει.
3234 2062 3254 2096 ι
3326 2044 3518 2097 Ταῦτα
3547 2043 3603 2095 δὲ
3655 2042 3728 2105 ὡς

2150 2129 2343 2201 βὲὅαια
2366 2133 2460 2186 καὶ
2496 2132 2913 2204 ὁμολογούμενα
2943 2135 2993 2187 oi
3027 2134 3252 2199 ἀσεϐεῖς
3280 2135 3493 2206 είχασι,
3532 2135 3628 2189 καὶ
3645 2133 3729 2189 διὰ

2145 2223 2306 2276 τοῦτο
2335 2227 2425 2277 τὸν
2448 2224 2582 2277 Θεὸν
2606 2226 2763 2295 ἡμῶν
2809 2226 3076 2293 ὀνείδιζον
3117 2226 3340 2291 ἀσεϐῶς
3387 2227 3584 2282 ταῦτα.
3645 2225 3729 2289 Ὦς

2144 2316 2208 2385 δὴ
2242 2316 2479 2385 ἔφθασεν
2511 2319 2543 2388 ἠ
2572 2319 2756 2371 τελεία
2787 2320 2973 2389 ἡμέρα
3003 2318 3101 2373 τοῦ
3125 2319 3379 2391 πολέμου
3417 2321 3528 2373 τῶν
3552 2317 3733 2385 Τούβ-

2146 2427 2282 2474 κων,
2330 2411 2527 2464 ὁποίαν
2585 2411 2723 2479 παρ’
2772 2412 3054 2475 ὲκείνοιςό
3116 2413 3296 2482 μέγας
3363 2411 3731 2484 προεθέσπισε

2144 2501 2482 2572 Βῐηρσαῖτης
2537 2500 2566 2553 ό
2619 2501 2911 2573 προφήτης
2964 2502 3220 2568 ἐκείνων,
3278 2500 3411 2559 εἶπε
3470 2505 3611 2575 πρὸς
3644 2506 3732 2557 τὸν

2147 2593 2496 2663 στρατάρχην
2520 2593 2615 2647 καὶ
2642 2593 2913 2664 δεσπότην
2945 2594 3056 2649 τῶν
3086 2596 3566 2667 Μουσουλμάνωνο
3592 2615 3610 2647 ι
3644 2595 3731 2665 Μὴ

2146 2685 2380 2755 βράδυνε
2416 2687 2509 2739 ἐπὶ
2543 2686 2730 2754 πλέον,
2762 2688 2900 2743 ἀλλὰ
2938 2688 3155 2759 ταχέως
3185 2689 3286 2753 τὰς
3326 2691 3515 2757 τάξεις
3576 2688 3732 2756 τάξον

2144 2778 2595 2850 καθοπλισθῆναι,
2613 2782 2703 2833 καὶ
2719 2782 2827 2834 πᾶν
2850 2780 3303 2851 μηχανικώτατον
3326 2785 3424 2838 καὶ
3442 2780 3735 2854 πολεμικώ-

2143 2889 2307 2925 τατον
2343 2872 2507 2942 ἔργον
2531 2872 2750 2944 ἔχοντες
2770 2874 2828 2938 ἐξ
2849 2875 3095 2945 ἑτοίμου,
3116 2875 3210 2929 καὶ
3230 2876 3338 2929 σὺν
3356 2876 3569 2938 τούτοις
3588 2874 3731 2945 γενέ·

2144 2968 2256 3018 σοω
2272 2967 2370 3035 τῆς
2384 2966 2595 3030 πόλεώς
2613 2982 2672 3020 τε
2696 2967 2921 3036 πλησίον
2951 2968 3076 3023 ὅσον
3094 2968 3251 3036 τόξου
3273 2969 3446 3043 βολὴν
3466 2974 3546 3034 εις
3566 2970 3627 3024 τὸ
3641 2968 3733 3021 κά-

2146 3075 2333 3128 στρον.
2358 3061 2464 3112 Καὶ
2486 3058 2771 3130 σύνθημα»
2793 3054 2916 3113 εἶπε
2938 3080 2956 3112 ‹
2976 3063 3306 3133 προστάσσω
3332 3064 3731 3119 τοιόνδε.”οταν

2143 3147 2227 3216 ἐφ’
2263 3147 2432 3201 ἵππου
2477 3148 2686 3220 ὑψηλοῦ
2723 3168 2791 3220 με
2826 3151 3144 3221 καθήμενον
3179 3150 3512 3224 θεωρήσητε
3558 3154 3650 3207 καὶ
3678 3154 3732 3205 ἐν

455 3219 820 3303 Mus-ululatus
882 3264 982 3319 pro
1032 3219 1299 3307 concione
1351 3253 1649 3324 garriebat,
1701 3254 1901 3324 quippe
1946 3255 2038 3324 qui

2150 3239 2299 3312 δεξιᾷ
2335 3243 2402 3312 τῇ
2453 3219 2600 3313 χειρί
2635 3219 2739 3312 μον
2796 3219 3014 3313 σπάθην
3045 3219 3733 3316 γεγυμνώμνένηνθεάσητε

467 3341 761 3395 Mahometi
797 3343 1055 3397 vaticinia
1085 3355 1138 3397 ct
1163 3346 1382 3402 [tasulis
1404 3345 1698 3401 Mahnmeti
1726 3348 1894 3403 libros
1917 3363 2046 3419 pos-

454 3430 681 3486 sideret.
730 3432 794 3486 Ei
824 3435 934 3489 hanc
992 3435 1081 3489 ille
1117 3446 1213 3501 ;at
1243 3439 1524 3507 Copiarum
1556 3439 1749 3493 ductor
1785 3426 2044 3509 princeps

456 3524 928 3581 Musulmanorum
966 3527 1197 3597 imperio
1227 3530 1460 3584 audiens
1490 3531 1774 3586 ordinibus
1791 3532 2048 3587 omnibus

456 3612 723 3684 praecipit,
752 3624 811 3669 ut
841 3630 962 3671 sese
991 3628 1204 3673 arment
1225 3627 1278 3674 et
1299 3631 1623 3690 apparatum
1654 3636 1870 3677 onmem
1892 3621 2051 3678 belli-

457 3724 584 3761 rum
612 3708 866 3765 manibus
890 3717 1150 3765 tractent.
1167 3708 1364 3766 Subito
1382 3714 1553 3781 copia:
1572 3713 2046 3770 Musulmanorum

456 3813 511 3856 et
533 3801 772 3856 universi
794 3803 1069 3857 exercitus
1090 3802 1244 3873 jussa
1270 3816 1671 3875 exsequuntur,
1690 3816 1745 3860 et
1769 3822 2046 3862 armorum

456 3911 621 3950 omne
638 3910 810 3966 genus
833 3905 888 3952 et
909 3906 1204 3966 apparatus
1233 3899 1650 3967 copiosissimos
1678 3906 1733 3952 et
1762 3900 2051 3954 machinas

459 3990 653 4044 ordine
676 3990 1010 4060 disponunt:
1035 3991 1127 4045 alii
1146 3991 1322 4046 scalas
1345 3989 1617 4055 ferebant,
1637 3992 1816 4047 scalas
1845 3993 2049 4060 varias,

465 4097 714 4152 magnas,
744 4096 964 4151 parvas,
998 4083 1091 4136 alii
1122 4081 1364 4150 stipites,
1388 4083 1479 4137 alii
1515 4085 1716 4147 trabes,
1745 4085 1835 4139 alii
1868 4084 2050 4154 ignem

457 4194 583 4232 cum
615 4175 940 4240 mazaladis,
974 4175 1066 4229 alii
1087 4176 1384 4245 sclopetos,
1411 4176 1855 4231 aliiarmamenta
1877 4177 2052 4232 ferrea

461 4269 728 4338 iugentia,
747 4269 933 4322 omnia
972 4266 1119 4321 l‘erro
1145 4254 1639 4337 circutitsepta,alii
1669 4269 1937 4337 plocotas,
1957 4269 2051 4324 alii

461 4363 697 4433 pavetia,
759 4362 852 4415 alii
882 4361 1091 4416 ferreos
1107 4376 1278 4416 uncos
1304 4371 1538 4415 etomne
1569 4361 1818 4415 bellicum
1847 4362 2050 4417 instru-

463 4467 733 4518 nwntum,
772 4462 1052 4508 armatura
1081 4452 1321 4522 undique
1351 4451 1546 4506 muniti
1575 4453 1757 4506 valida
1791 4462 1846 4507 et
1871 4451 2050 4507 ferrea

457 4560 513 4603 et
546 4545 860 4618 ingentibus
909 4545 1098 4615 galeis.
1155 4544 1383 4599 Militum
1437 4560 1702 4601 numerus
1732 4546 1785 4599 in
1837 4555 2046 4601 tantum
2084 4569 2126 4626 ο

456 4652 730 4703 creverat,
761 4650 821 4693 ιιι
872 4638 941 4694 ab
997 4654 1106 4693 uno
1171 4647 1420 4694 extremo
1480 4649 1651 4709 porta:
1691 4636 1936 4710 Chrysiae
1980 4641 2046 4695 ad

460 4737 608 4790 aliud
641 4733 952 4806 Xyl0portaa
981 4733 1165 4787 omnia
1212 4741 1530 4802 occuparet.
1591 4732 1743 4788 Bello
1806 4732 2050 4805 praefecti

460 4829 770 4882 Turcarum
821 4825 1119 4895 phalanges
1181 4825 1477 4879 ordinatim
1560 4840 1729 4894 prope
1782 4836 2047 4892 castrum,

460 4931 521 4975 ut
550 4919 1021 4989 pseudopt-Opheta
1046 4918 1377 4972 vaticinatus
1402 4916 1600 4981 fuerat,
1631 4917 2046 4987 disposuerunt.

462 5012 785 5081 Sagittarius
813 5012 936 5066 illos
982 5010 1409 5066 innumerabiles
1431 5019 1807 5081 praeceperunt
1853 5025 2048 5065 omnes

461 5102 625 5157 simul
657 5105 885 5172 sagittas
926 5101 1191 5169 ejaculari
1241 5116 1406 5171 supra
1467 5117 1708 5156 casuum
1737 5112 1789 5155 et
1847 5116 2049 5170 prepn-

450 5198 713 5269 gnacula,
761 5205 821 5251 ut
850 5196 1157 5250 vulneratis
1188 5190 1495 5265 occisisque
1527 5198 1809 5252 nonnullis
1828 5196 2050 5251 Graeco-

465 5308 611 5354 rum,
645 5293 737 5347 alii
770 5304 882 5362 pra.
912 5299 1057 5342 metu
1088 5288 1142 5345 in
1174 5290 1355 5360 fugam
1376 5304 1436 5346 se
1487 5297 1764 5345 verterent
1820 5298 1875 5346 et
1908 5303 2047 5343 moe-

463 5386 554 5440 nia
586 5386 971 5442 destituerem.
1005 5382 1143 5440 Hinc
1192 5386 1427 5440 facultas
1477 5384 1586 5440 illis
1636 5383 1802 5438 fuerit
1854 5396 2049 5437 ascen-

462 5479 622 5534 dendi
653 5479 801 5532 nullo
852 5477 1180 5546 impediente
1234 5479 1536 5549 urbemque
1589 5475 1859 5547 capiendi.
1894 5474 2050 5529 Grae-

464 5588 654 5627 corum
686 5571 902 5626 interim
931 5572 1221 5626 multitudo
1258 5580 1613 5641 prospectans
1633 5569 1822 5623 bellica
1843 5567 2050 5620 Turca-

463 5679 583 5719 rnm
616 5664 859 5720 facinora
891 5673 944 5719 et
987 5674 1303 5734 apparatus,
1363 5679 1573 5717 necnon
1627 5677 1696 5717 ex
1742 5658 2048 5714 innumeris

470 5759 785 5814 nationibus
816 5759 1090 5814 exercitus
1108 5755 1527 5818 abundantiam.
1547 5753 1904 5808 Tartarorutn
1942 5751 2047 5804 im-

469 5861 656 5922 petum
688 5848 1250 5915 eLMusulmanorum
1296 5847 1610 5916 audaciam,
1642 5853 1697 5901 et
1719 5858 1841 5916 qua:
1870 5842 2037 5914 paulo

2148 3335 2243 3386 καί⁵
2292 3334 2414 3403 τρὶς
2442 3334 2544 3404 τῆς
2580 3333 2768 3405 φωνῆς
2804 3353 2908 3404 μου
2932 3335 3231 3409 ἀκούσητε,
3269 3342 3419 3406 μετὰ
3469 3338 3599 3410 βοῆς
3645 3339 3734 3392 καὶ

2148 3427 2402 3498 κραυγῆς
2438 3429 2535 3481 καὶ
2569 3430 2752 3500 ὁρμῆς
2783 3430 2880 3484 καὶ
2910 3430 3124 3501 κρότων
3157 3432 3254 3485 καὶ
3294 3433 3555 3503 ὀργάνων
3598 3431 3734 3487 κατὰ

2149 3521 2257 3573 τῶν
2293 3521 2585 3593 Ῥωμαίων
2613 3523 2919 3585 εἰσϐάλετε.
2955 3529 3049 3580 καὶ
3075 3527 3416 3596 αὐτομάτως
3447 3530 3734 3584 πεσοῦνται

2148 3614 2214 3666 τὰ
2254 3614 2409 3683 τείχη
2434 3614 2532 3684 τῆς
2562 3614 2795 3681 πόλεως,
2820 3616 2913 3669 καὶ
2946 3617 3247 3681 ἀκωλύτως
3284 3620 3553 3684 γενέσθαι
3581 3619 3727 3682 ἐντὸς

2150 3707 2245 3757 καὶ
2266 3705 2472 3776 ταύτην
2503 3708 2979 3777 αἱχμαλωτίσατε.
3019 3730 3037 3762 ι
3068 3698 3203 3763 Καὶο
3226 3711 3444 3775 ταύτας
3494 3704 3593 3782 μὲν
3640 3712 3736 3773 τὰς

2151 3797 2478 3869 ληρολογίας
2509 3801 2537 3851 ό
2562 3801 2895 3870 Μηρσαῒτης
2930 3801 3006 3864 ὡς
3040 3801 3269 3871 βεϐαίας
3297 3803 3592 3872 ὁμολογῶν
3622 3807 3734 3866 τοῖς

2151 3889 2607 3959 Μουσουλμάνοις
2644 3892 2981 3962 δημηγορῶν
3050 3894 3259 3962 ἔλεγεν,
3331 3897 3418 3960 ὡς
3462 3898 3599 3967 ἔχων
3643 3899 3735 3958 τὰς

2154 3982 2497 4055 προφητείας
2530 3986 2593 4037 ἐκ
2645 3983 2739 4038 τοῦ
2794 3986 3044 4056 Μίθαιλεθ
3094 3992 3187 4041 καὶ
3235 3988 3476 4044 Ῥασοὺλ
3525 3992 3737 4060 Μαχου-

2156 4078 2294 4149 μέτη
2321 4080 2417 4142 τὰς
2444 4078 2682 4148 βίϐλους.
2712 4082 2824 4134 Καὶ
2856 4082 3019 4146 αὐτὸς
3059 4084 3158 4153 μὲν
3191 4079 3314 4138 εἶπε
3350 4085 3553 4140 ταῦτα·
3607 4091 3634 4142 ό
3681 4084 3737 4140 δὲ

2156 4172 2508 4240 στρατάρχης
2538 4173 2633 4225 καὶ
2652 4171 2924 4242 δεσπότης
2948 4174 3057 4226 τῶν
3097 4173 3369 4247 Τούρκων
3418 4180 3480 4232 τὸ
3545 4178 3735 4233 κελευ-

2157 4262 2285 4317 σθὲν
2322 4262 2690 4334 ἐκπληρώσας
2719 4265 2818 4318 καὶ
2846 4267 3160 4336 προστάξας
3198 4267 3299 4332 τὰς
3335 4269 3529 4335 τάξεις
3595 4269 3737 4324 ἁπά-

2154 4374 2251 4422 σας
2272 4358 2728 4429 καθοπλισθῆναι,
2760 4362 2853 4413 καὶ
2884 4360 3072 4414 πᾶσαν
3098 4362 3199 4432 τὴν
3229 4364 3598 4436 παρασκευὴν
3638 4362 3730 4416 τοῦ

2153 4450 2393 4519 πολέμου
2416 4450 2678 4520 φέροντες
2696 4453 2802 4506 ἀνὰ
2834 4457 3046 4525 χεῖρας,
3086 4454 3252 4518 εὐθὺς
3284 4457 3355 4509 τὰ
3409 4456 3595 4528 πλήθη
3629 4455 3736 4509 τῶν

2155 4543 2599 4612 Μουσουλμὰνων
2618 4549 2711 4598 καὶ
2734 4545 2804 4598 τὰ
2835 4545 3222 4616 στρατεύματα
3258 4548 3438 4602 πάντα
3470 4548 3531 4601 τὸ
3566 4564 3735 4618 προσ-

2152 4634 2355 4705 ταχθὲν
2415 4636 2793 4706 ἐκπληροῦσι,
2873 4637 2970 4690 καὶ
3021 4639 3088 4707 μὲ
3149 4637 3291 4692 ὅπλα
3338 4641 3574 4694 παντοία
3642 4639 3736 4692 καὶ

2153 4726 2513 4794 παρασκευὰς
2566 4728 2666 4789 τὰς
2704 4725 2972 4796 μεγίστας
3032 4728 3126 4780 καὶ
3174 4727 3241 4780 τὰ
3308 4731 3738 4800 μηχανικώτατα

2154 4813 2292 4886 ἔργα
2346 4818 2663 4885 ὲσρὰπαξαν
2710 4819 2852 4872 κατά
2896 4818 3071 4884 τάξιν.
3121 4820 3232 4874 Καὶ
3292 4822 3344 4876 οί
3398 4823 3503 4890 μὲν
3533 4824 3739 4883 σκαλας

2155 4909 2372 4978 ἔφερον,
2405 4911 2499 4961 καὶ
2538 4909 2746 4972 σκάλας
2786 4911 3071 4974 παντοίας,
3103 4912 3308 4983 μικρὰς
3334 4915 3432 4967 καὶ
3464 4913 3733 4982 μεγάλας,

2154 4999 2378 5055 ἇλλοιδὲ
2408 4998 2659 5067 τζόκους,
2698 5002 2794 5054 καὶ
2821 5001 3003 5074 ἕτεροι
3036 5004 3263 5070 συστὰς,
3295 5006 3394 5060 καὶ
3435 5005 3590 5060 ἄλλοι
3626 5004 3739 5072 πῦρ

2157 5092 2298 5161 μετὰ
2332 5091 2688 5161 μαζαλάδων.
2715 5093 2895 5164 ἕτεροι
2917 5095 2972 5148 δὲ
2997 5095 3311 5161 σκλὼπους.
3340 5095 3501 5150 ἄλλοι
3548 5098 3605 5151 δὲ
3650 5113 3735 5149 σι·

2152 5184 2297 5255 δηρᾶ
2325 5184 2547 5255 μάχιμα
2581 5185 2724 5259 ὅπλα
2780 5185 3181 5259 δρεπανηφόρα
3243 5189 3383 5257 μετᾶ
3426 5189 3737 5259 κονταρίων

2156 5278 2417 5347 μακρέων
2472 5277 2541 5331 τὰ
2609 5278 3064 5351 ἐπονομαζόμενα
3118 5281 3375 5351 φάλκας,
3432 5283 3616 5354 ἕτεροι
3678 5280 3735 5335 δὲ

2156 5376 2458 5443 σκουτάρια
2498 5374 2697 5444 στερεὰ
2733 5376 2827 5427 καὶ
2882 5374 3118 5444 μεγάλα,
3152 5374 3341 5428 καὶτὰ
3373 5375 3559 5429 πάντα
3599 5374 3739 5444 μετὰ
3771 5389 3776 5394 ‘

2156 5465 2417 5535 σιδήρων,
2446 5465 2542 5519 καὶ
2575 5465 2847 5529 πλοκοτὰς
2886 5466 2943 5519 δὲ
2980 5467 3157 5531 ἄλλοι,
3187 5467 3284 5520 καὶ
3318 5465 3595 5528 παϐἐτζια
3648 5463 3741 5519 ἀλ-

2151 5557 2259 5623 λοι,
2296 5556 2448 5611 ἄλλοι
2483 5557 2539 5611 δὲ
2569 5558 2822 5629 ἀγγύρας
2864 5559 3145 5629 σιδηρέας,
3184 5558 3279 5612 καὶ
3324 5555 3459 5611 ἄλλο
3504 5555 3739 5625 πολεμι·

2153 5651 2250 5704 κὸν
2304 5651 2484 5721 ἔργον
2519 5650 2719 5722 ἔφερον
2773 5653 2877 5705 ὰ·δὰ
2922 5654 3138 5723 χεῖρας.
3201 5652 3311 5704 Καὶ
3350 5650 3745 5719 κατάφρακτοι

2157 5748 2358 5808 πάντες
2389 5743 2529 5813 μετά
2559 5744 2790 5815 ίσχιυρᾶς
2842 5744 2938 5797 καὶ
2976 5744 3205 5816 σιδηρᾶς
3265 5742 3592 5803 πανοπλίας
3656 5739 3750 5790 καὶ

2154 5836 2591 5910 περικεφαλαίας
2622 5838 2914 5909 μεγίστας.
2953 5839 3066 5893 Καὶ
3099 5836 3354 5894 τοσοῦτον
3390 5834 3611 5906 ὑπῆρχε
3644 5830 3742 5902 τῆς
