3972 6456
422 359 496 420 75
1081 347 1096 356 '
1741 358 2068 426 JOANNlS
2103 362 2393 428 CANANI
3613 372 3679 446 τε

419 472 708 542 plausibus
725 482 779 528 et
800 475 1022 546 organis
1048 482 1102 529 et
1129 474 1407 531 sexcentis
1432 474 1554 530 aliis
1583 475 1920 532 c‘amoribus
1951 489 2005 533 et

2113 480 2310 550 μέτη,›
2348 479 2758 549 συνανεϐόησαν
2804 472 2919 549 ἅμα
2956 479 3049 533 καὶ
3101 480 3210 534 τῶν
3243 477 3682 557 Μουσουλμάνων

414 563 680 615 tubarum
707 563 890 616 sanitu
924 562 992 618 ad
1031 579 1222 619 muros
1249 563 1405 619 urbis
1456 579 1782 634 pervenere,
1825 581 1856 621 a
1898 567 2012 638 Xy-

425 659 637 724 loporta
671 655 737 710 ad
775 655 1063 727 Cbrysiam
1089 673 1196 712 una
1231 657 1534 726 eademque
1555 656 1704 712 illius
1729 659 1832 712 diei
1852 659 2010 723 hora,

413 758 479 803 -et
512 760 622 802 tum
659 749 853 803 bellica
882 751 1259 814 instrumenta
1299 749 1552 805 manibus
1575 749 1803 805 advecta
1870 767 2009 807 Inte-

417 838 586 892 nibus
626 853 921 908 apponere,
951 838 1127 894 scalas
1154 839 1471 908 appingere,
1497 851 1739 894 castrum
1770 857 2006 898 ascensu

423 939 758 999 pertentare,
794 938 974 985 turres
1026 930 1304 1000 perforare
1332 950 1368 1006 ς,
1406 947 1505 987 nec
1535 931 1636 986 fuit
1667 935 1758 1003 qui
1811 949 2004 990 eorum

422 1024 685 1092 impetum
715 1023 1066 1088 amoliretur,
1097 1022 1304 1078 Graecis
1331 1024 1588 1079 omnibus
1617 1026 1823 1096 ingenti
1857 1037 2003 1080 metu

413 1131 484 1167 ac
527 1123 764 1168 tremore
804 1117 1104 1183 oppressis.
1160 1115 1294 1180 Quis
1321 1115 1466 1168 enim
1528 1130 1590 1170 ea
1631 1117 1760 1172 liora
1796 1133 2005 1176 vacuus

425 1209 622 1264 timore
666 1209 762 1264 fuit
823 1210 1011 1276 ?Quis
1060 1220 1286 1281 aspectu
1325 1211 1419 1265 illo
1481 1213 1666 1268 animo
1717 1217 2004 1284 perculsus

421 1317 529 1355 non
560 1313 641 1357 est
668 1303 690 1356 Ἰ
723 1302 853 1368 Quae
875 1303 1024 1359 auris
1066 1303 1404 1359 auditionem
1437 1305 1721 1372 sustinuit,
1753 1305 1878 1376 quis
1923 1308 2005 1361 vi—

419 1395 627 1450 sionem
669 1397 862 1450 oculus
893 1394 1214 1450 ?Momento
1255 1411 1496 1467 namque
1525 1397 1787 1467 temporis
1833 1399 2004 1468 sagit-

419 1499 594 1542 tarum
643 1489 920 1560 myriades
976 1488 1030 1542 in
1083 1487 1369 1545 Romanos
1421 1490 1685 1545 adversos
1742 1490 2003 1560 proiectae

417 1591 570 1634 extra
614 1582 868 1652 intraque
925 1596 1116 1637 muros
1186 1582 1337 1638 urbis
1391 1582 1734 1647 ceciderunt,
1776 1584 2003 1639 crebrae

419 1671 556 1725 adeo
578 1680 636 1725 ut
662 1687 846 1725 aerem
876 1671 1246 1741 cooperirent,
1282 1671 1463 1726 lumen
1491 1671 1626 1727 solis
1674 1672 2002 1727 obtenebra-

418 1778 558 1830 rent,
589 1780 794 1833 nosque
821 1765 876 1818 in
909 1775 1113 1818 metum
1141 1765 1484 1820 adducerent
1512 1774 1572 1820 et
1603 1765 1804 1822 animis
1823 1765 2000 1821 disso-

2083 575 2179 628 “τὰ
2217 574 2421 646 πλήθη,
2455 575 2552 627 καὶ
2577 574 2716 642 μετὰ
2738 574 2918 644 ὁρμῆς
2951 573 3049 626 καὶ
3070 574 3325 643 κραυγῆς
3353 579 3448 632 καὶ
3477 581 3682 648 κρότων

2109 668 2206 720 καὶ
2234 667 2487 736 ὀργάνων
2510 668 2605 720 καὶ
2660 668 2872 736 μυρίων
2922 667 3099 720 ἄλλων
3137 667 3535 736 ἀλαλαγμὰτων
3593 675 3682 726 καὶ

2111 759 2433 827 σαλπίγγων
2465 757 2711 828 ἔφθασαν
2745 761 2826 822 είς
2855 761 2924 814 τὰ
2954 761 3109 830 τείχη
3137 759 3233 813 τοῦ
3287 761 3528 831 κάστρου
3581 765 3685 817 ἀπὸ

2107 855 2205 922 τῆς
2232 849 2588 922 Ξυλοπὸρτης
2628 852 2732 915 ἓως
2767 854 2859 906 καὶ
2899 853 2999 921 τῆς
3046 853 3318 923 Χρυσίας,
3379 855 3480 923 τὴν
3517 858 3686 927 αὐτὴν

2109 944 2373 1013 λέγωκαὶ
2409 945 2540 1015 μίαν
2576 946 2729 1018 ὥραν
2756 947 2858 1016 τῆς
2897 946 3113 1017 ἡμέρας
3140 947 3382 1016 ἐκείνης.
3423 947 3532 1001 Kal
3575 951 3684 1002 πᾶν

2108 1039 2408 1110 πολεμικὸν
2437 1038 2672 1109 ὄργανον
2705 1038 2904 1109 ἔφερον
2935 1038 3040 1092 ἀνὰ
3080 1041 3296 1109 χεῖρας,
3350 1041 3448 1093 καὶ
3483 1040 3688 1110 ὴκούμο

2107 1131 2284 1201 ϐησαν
2313 1132 2394 1196 εἰς
2417 1133 2487 1184 τὰ
2517 1130 2694 1201 τείχη,
2720 1130 2926 1200 ἔθηκαν
2969 1129 3199 1195 σκάλας,
3261 1127 3554 1182 ἀνέϐαιναν
3607 1133 3686 1192 είς

2105 1220 2170 1274 τὸ
2200 1223 2458 1293 κάστρον,
2487 1221 2835 1292 ἐτρυποῦσαν
2861 1221 2991 1282 τοὺς
3024 1222 3297 1290 πύγρους.
3352 1223 3462 1274 Kal
3515 1222 3688 1284 οὐδεὶς

2107 1314 2345 1383 εὑρέθην
2373 1317 2400 1368 ὁ
2432 1314 2736 1385 ἐμποδίσας
2766 1313 3012 1376 ἐκείνους
3044 1316 3109 1367 ἐκ
3149 1312 3244 1366 τοῦ
3298 1315 3558 1384 μεγίστου
3595 1314 3686 1380 φό-

2108 1407 2202 1459 ϐου
2222 1407 2533 1470 καὶδειλίας
2564 1405 2758 1469 ὁποίας
2793 1405 2988 1459 ἔλαϐον
3019 1407 3070 1459 οξ
3122 1405 3412 1474 Ῥωμαῖοι..
3434 1406 3532 1468 Τίς
3585 1404 3690 1473 γὰρ

2103 1502 2206 1553 οὐκ
2257 1500 2526 1570 ἐτρόμαξε
2579 1501 2681 1571 τὴν
2739 1499 2889 1570 ὥραν
2925 1499 3185 1570 ἐκείνην;
3239 1499 3324 1560 τίς
3370 1499 3471 1552 οὐκ
3502 1498 3686 1567 ἔφριξε

2104 1594 2313 1662 ταύτην
2343 1595 2448 1662 τὴν
2479 1593 2648 1660 θέανς
2677 1592 2760 1656 τίς
2791 1591 2932 1664 ἀκοὴ
2965 1593 3126 1660 φέρει
3142 1593 3201 1644 τὸ
3235 1593 3516 1660 ἄκουσμα,
3562 1592 3688 1644 ποία

2103 1685 2228 1755 ὄψις
2260 1685 2321 1738 τὸ
2350 1685 2568 1754 θέαμα;
2600 1685 2708 1736 Kal
2738 1684 2849 1754 γὰρ
2879 1685 2938 1736 ἐν
2963 1684 3061 1752 μιᾷ.
3083 1681 3280 1753 καιροῦ
3305 1683 3447 1754 ῥοπῇ
3492 1681 3690 1750 μυριά·

2103 1778 2202 1842 δας
2225 1778 2418 1849 βελῶν,
2439 1779 2692 1830 τουτέστι
2725 1775 3018 1844 σαγίττσς,
3043 1775 3338 1840 ἐτόξευσαν
3368 1773 3557 1827 ἐπάνω
3580 1773 3685 1824 τῶν

419 1859 551 1912 Iutis
617 1858 977 1912 deterrerent.
1055 1857 1282 1912 Interim
1353 1873 1384 1912 e
1442 1869 1740 1929 conspectu
1807 1874 1998 1914 eorum

2121 1868 2432 1938 Ῥωμαίων,
2457 1869 2553 1922 καὶ
2577 1868 2773 1921 ἔπεσον
2807 1869 2888 1932 είς
2922 1867 2992 1920 τὰ
3021 1868 3180 1937 τείχη
3214 1867 3314 1936 τῆς
3348 1869 3562 1928 πόλεως
3590 1867 3688 1918 καὶ

417 1952 699 2022 paululum
728 1953 1112 2018 subducimur,
1149 1968 1254 2006 non
1287 1953 1450 2022 longo
1491 1959 1762 2020 tempore,
1791 1963 1844 2006 et
1876 1962 2002 2023 post

417 2047 824 2118 propugnacula
873 2047 1237 2114 contegimur.
1274 2043 1346 2100 Ut
1401 2044 1593 2100 Turcaa
1643 2046 1847 2100 nudum
1907 2062 2000 2101 ca-

416 2141 921 2196 strmnbomin'bus
956 2153 1314 2208 conspexere,
1349 2138 1610 2208 suspicati
1651 2153 1776 2194 esse
1808 2150 2000 2195 custo-

415 2235 578 2289 dibus
609 2234 950 2297 destitutum,
987 2231 1192 2302 ingenti
1246 2248 1369 2284 cum
1403 2233 1633 2286 amlacia
1697 2231 1998 2296 irruentes,

416 2326 470 2380 bi
507 2325 724 2395 quidem
762 2341 885 2376 rum
915 2323 1081 2376 scalis
1116 2331 1358 2376 castrqu
1391 2323 1718 2386 ascendere,
1762 2322 2000 2376 aliicum

413 2419 656 2480 artem-is,
691 2433 828 2486 quas
889 2415 1063 2470 falcas
1123 2417 1384 2480 diximus,
1427 2416 1520 2469 alii
1576 2416 1743 2486 systis
1820 2424 2002 2469 turres

412 2512 717 2581 perforare,
752 2521 805 2565 et
844 2525 1007 2564 omne
1033 2509 1208 2563 audax
1263 2524 1327 2563 ac
1383 2523 1715 2580 generosum
1777 2507 2004 2562 facinus

417 2605 567 2674 impii
594 2605 666 2658 illi
695 2605 760 2658 ad
791 2616 1052 2656 terrorem
1084 2601 1459 2656 iucutiendum
1486 2601 1711 2657 audere.
1758 2599 1881 2654 Haec
1915 2601 2002 2654 in-

409 2697 603 2753 felices
641 2696 877 2750 Romani
911 2695 1092 2762 intuiti
1119 2702 1174 2746 et
1207 2693 1445 2746 fortunis
1480 2694 1596 2748 suis
1623 2693 1806 2758 dillisi,
1837 2693 1889 2745 in
1943 2705 2004 2746 se

413 2792 646 2854 reversi,
681 2798 964 2857 comperto
994 2787 1200 2840 nullum
1233 2787 1333 2840 sibi
1370 2785 1592 2840 aliunde
1629 2785 1803 2842 affore
1835 2787 2004 2842 auxi-

412 2887 572 2948 lium,
606 2899 779 2951 ncquu
827 2881 920 2949 qui
965 2881 1220 2950 populum
1254 2882 1532 2935 trcmemia
1581 2881 1670 2935 illa
1738 2883 1868 2937 liora
1925 2885 1997 2938 ad

414 2992 649 3048 pugnant
717 2974 1026 3030 Turcarum
1092 2975 1359 3027 excitaret
1427 2983 1481 3028 et
1537 2984 1911 3045 promoveret,
1969 2991 2001 3031 e

416 3071 643 3127 latebris
673 3085 731 3124 se
760 3070 1095 3132 eduxerunt,
1145 3066 1210 3120 ad
1249 3069 1419 3122 robur
1461 3076 1516 3122 et
1562 3067 1851 3122 audaciam
1877 3070 2001 3124 ani-

419 3176 654 3220 mantes.
690 3163 936 3232 Namque
963 3162 1055 3229 qui
1114 3171 1274 3215 antea
1313 3169 1470 3214 erant
1503 3160 1704 3222 timidi,
1763 3160 2001 3230 fugitivi,

2103 1963 2276 2026 ἐντὸς,
2308 1962 2452 2015 ὥστε
2492 1962 2586 2015 καὶ
2615 1963 2709 2014 τὸν
2737 1961 2935 2032 αἰθέρα
2975 1959 3257 2028 ἐκάλυψαν
3304 1961 3400 2014 καὶ
3453 1957 3584 2011 αὐτὸ
3631 1955 3688 2008 τὸ

2104 2054 2220 2123 φῶς
2246 2055 2339 2107 τοῦ
2377 2055 2531 2120 ἡλίου
2559 2054 2896 2118 ἐσκέπασαν,
2923 2053 3020 2105 καὶ
3064 2053 3212 2122 ἡμᾶς
3259 2052 3473 2113 πάντας
3527 2048 3686 2117 φόϐος

2101 2146 2380 2216 ἐκράτησε
2412 2146 2506 2198 καὶ
2531 2144 2707 2197 δειλία
2737 2143 3029 2214 ἐξέπληξε,
3065 2145 3164 2198 καὶ
3207 2145 3413 2212 μικρὸν
3453 2139 3692 2209 ἀπεκρύ-

2103 2237 2306 2308 ϐημεν.
2352 2236 2493 2290 Ἀλλ’
2523 2237 2584 2290 οὐ
2626 2237 2868 2307 μακρὰν.
2920 2235 3035 2291 ἀλλ’
3063 2236 3292 2290 ὖπισθεν
3326 2237 3434 2290 τῶν
3473 2250 3689 2304 προμα-

2104 2331 2325 2401 χιονίων
2357 2329 2691 2402 ἐστάθημεν.
2743 2329 2833 2393 Ὠς
2879 2330 2937 2383 δέ
2999 2331 3048 2383 at
3089 2329 3325 2400 Τοῦρκοι
3378 2329 3586 2398 γυμνὸν
3633 2325 3690 2376 τὸ

2104 2426 2347 2493 κάστρον
2383 2425 2495 2476 ἀπὸ
2550 2421 2876 2493 ἀνθρώπους
2913 2423 3118 2485 ἰδόντες
3162 2422 3441 2474 ὑπέλαϐον
3489 2418 3694 2486 ἀφυλάο

2105 2533 2250 2577 κτως
2272 2510 2433 2583 εἶναι,
2468 2516 2564 2569 καὶ
2599 2517 2743 2585 μετὰ
2763 2515 3003 2584 θράσους
3036 2516 3303 2584 μεγίστου
3366 2514 3490 2568 καθ’
3537 2513 3692 2581 ἡμῶν

2104 2608 2692 2670 εἱσϐἁλλουσιπάντες.
2728 2610 2836 2660 Kal
2875 2609 2925 2660 οξ
2990 2607 3092 2676 μὲν
3137 2608 3278 2677 μετὰ
3334 2606 3553 2660 σχαλῶν
3599 2605 3690 2654 αν⁸

2105 2703 2324 2756 ἐϐαινον
2353 2704 2435 2764 είς
2467 2701 2529 2754 τὺ
2561 2703 2822 2771 κάστρον,
2861 2704 2910 2754 οἱ
2941 2701 2998 2753 δέ
3034 2703 3127 2754 καὶ
3157 2702 3224 2770 μὲ
3281 2704 3386 2764 τὰς
3442 2698 3691 2768 ἀγγύρας

2106 2796 2326 2860 καὶτὰς
2371 2795 2589 2865 eam;
2621 2796 2860 2858 ἐκείνας.
2895 2794 3082 2848 Ἀλλοι
3119 2795 3178 2848 δὲ
3223 2794 3573 2867 ἐτροδποῦσαν
3625 2792 3690 2860 με

2105 2892 2307 2954 συστὰς
2329 2891 2458 2952 τοὺς
2489 2886 2758 2959 πύγρους,
2791 2887 2946 2943 ἄλλοι
2981 2887 3315 2958 ἐχαλούσανε
3349 2889 3416 2959 μὲ
3464 2886 3688 2950 τζόκους

2105 2983 2165 3036 τὸ
2197 2982 2454 3050 κάστρον,
2487 2982 2639 3035 άλλοι
2676 2980 2892 3050 ἐκαψαν
2919 2982 3020 3045 τὰς
3057 2981 3268 3052 πόρτας
3293 2982 3394 3036 τοῦ
3431 2981 3536 3048 ἔξω
3593 2980 3690 3030 κά·

2109 3089 2297 3143 στρου,
2326 3075 2423 3128 καὶ
2463 3073 2574 3126 πᾶν
2598 3072 2873 3144 τολμηρὸν
2933 3073 3031 3126 καὶ
3083 3072 3340 3144 ἀνδρεῖον
3379 3075 3430 3128 οί
3482 3069 3692 3127 ἀσεϐεῖς

2108 3164 2392 3218 ἐποιοῦντο
2443 3165 2580 3236 πρὸς
2625 3161 2971 3233 κατάπληξιν
3005 3164 3106 3233 τὴν
3151 3165 3461 3234 ἡμετέραν.
3513 3158 3692 3214 Ταῦτα

419 3261 665 3315 hostium
689 3256 1069 3310 invasionibns
1105 3255 1353 3319 obnoxii,
1399 3263 1624 3324 repente
1678 3255 1916 3310 audaces
1949 3263 2003 3310 et

2108 3257 2348 3328 ὁρῶντες
2397 3260 2446 3311 oi
2478 3229 2768 3326 δυστυχεῖς
2811 3229 2908 3310 καὶ
2953 3229 3370 3326 ἀπελπισμὲνοι
3435 3251 3692 3322 Ῥωμαῐη

421 3350 670 3420 generosi
757 3359 812 3402 et
895 3347 1106 3402 robusti
1169 3347 1491 3410 bellatores,
1551 3354 1604 3400 et
1635 3345 1912 3417 plagarum
1950 3357 2006 3400 et

421 3444 839 3497 inb0nestorum
911 3440 1198 3494 vulnerum
1255 3447 1309 3492 et
1369 3438 1566 3491 mortis
1624 3451 1786 3490 omne
1832 3454 2005 3508 genus

420 3531 832 3602 contemptores
877 3529 1008 3584 facti
1041 3540 1171 3586 sunt
1200 3548 1214 3596 ;
1247 3539 1301 3583 et
1332 3529 1711 3584 sanctissimae
1765 3527 2005 3600 Virginis

417 3644 522 3698 Ope
569 3627 806 3682 audaces
833 3625 1033 3694 impios
1060 3622 1355 3676 denudatis
1381 3621 1606 3676 ensibus
1631 3620 1889 3692 saxisque
1917 3623 2003 3675 in-

421 3721 648 3776 vadunt.
677 3720 742 3774 Et
781 3721 949 3773 veluti
979 3721 1134 3772 futuo
1156 3716 1506 3772 examinibus
1526 3713 1833 3784 dissipatis,
1861 3730 2005 3770 unus

424 3825 546 3886 post
587 3814 752 3868 alium
781 3813 1117 3876 concitatur,
1151 3821 1205 3865 et
1244 3810 1607 3864 sexusomnis
1625 3809 1913 3876 consurgit
1951 3817 2008 3863 et

421 3919 580 3971 aetas,
609 3907 822 3977 singuli
859 3922 984 3962 cum
1025 3887 1194 3958 armis
1227 3905 1430 3972 quibus
1457 3912 1732 3972 poterant,
1776 3902 2006 3956 aliisine

422 4003 613 4067 armis,
638 4001 728 4055 alii
753 4015 878 4054 cum
906 3999 1130 4054 ensibus
1151 4005 1203 4052 et
1226 3996 1556 4058 ||aSliS.Alii,
1581 3997 1780 4064 quibus
1803 3995 2006 4074 similia

423 4113 478 4150 in
509 4106 772 4165 promptu
788 4107 895 4146 non
931 4100 1112 4156 erant,
1137 4090 1338 4143 tabulis
1369 4092 1422 4142 in
1458 4089 1661 4158 quibus
1687 4089 1870 4142 cibum
1911 4103 2008 4141 su-

425 4188 666 4251 tucbant,
704 4197 752 4240 et
805 4184 931 4240 dolii
991 4183 1268 4254 tympanis
1325 4181 1550 4236 funibus
1608 4182 1846 4252 alligatis
1911 4196 2009 4251 pro

425 4280 598 4337 sentis
639 4275 1230 4342 utebantur.-Quidam
1271 4275 1390 4328 sine
1423 4275 1508 4329 bis
1541 4275 1596 4329 in
1635 4275 1838 4328 bellum
1884 4288 2010 4342 pro-

423 4388 669 4435 cessere,
705 4382 759 4426 et
793 4370 1069 4439 lapidibus
1103 4367 1451 4422 solummodo
1469 4367 1737 4422 audacter
1768 4382 1832 4420 ac
1873 4366 2009 4420 viri-

424 4465 573 4528 liter,
631 4478 789 4532 :eque
833 4476 896 4514 ac
944 4461 989 4514 si
1042 4469 1320 4514 armatura
1379 4459 1530 4512 varia
1561 4468 1746 4514 essent
1787 4457 2008 4524 muniti,

2108 3352 2187 3412 ei;
2216 3351 2447 3420 ἑαυτοὺς
2493 3349 2822 3418 ἐπανῆλθον,
2877 3349 2978 3401 καὶ
3027 3348 3540 3420 περιεργασθέντες
3581 3340 3692 3402 πῶς

2109 3444 2298 3508 πόθεν,
2323 3443 2633 3524 ,ἀλλαχόθεν
2662 3445 2856 3512 χεῖραν
2887 3442 2990 3495 οὐκ
3021 3442 3242 3512 ἔχοντες
3271 3441 3534 3514 βοηθείας
3576 3432 3693 3488 οὔτε

2108 3539 2232 3591 τινὰ
2279 3537 2418 3608 πρὸς
2479 3537 2540 3589 τὸ
2566 3537 2836 3608 διεγεῖραι
2895 3536 2992 3589 καὶ
3035 3534 3386 3606 παροτρῦναι
3423 3533 3513 3586 τὸν
3569 3525 3694 3580 λαὸν

2109 3629 2247 3698 πρὸς
2306 3629 2415 3680 τῶν
2449 3627 2713 3696 Τούρκων
2765 3625 2866 3696 τὴν
2912 3626 3100 3696 μάχην
3158 3625 3259 3694 τὴν
3323 3620 3690 3694 φρικτοτάτην

2107 3720 2258 3792 ὥραν
2291 3720 2535 3790 ἐκείνην.
2579 3721 2688 3773 Kal
2728 3719 3115 3786 ἐξενεγκόντες
3141 3717 3293 3771 οὗτοι
3322 3716 3562 3776 ἑαυτοὺς
3588 3709 3692 3762 διε·

2109 3816 2545 3887 γείρονταιπρές
2585 3815 2840 3886 ἀνδρείαν
2875 3814 2970 3867 καὶ
3023 3813 3256 3884 τόλμην.
3317 3812 3436 3867 Καὶ
3483 3809 3592 3877 γὰρ
3641 3801 3690 3852 οἰ

2109 3911 2276 3963 δειλοὶ
2310 3911 2370 3962 τὸ
2394 3911 2662 3980 πρότερον
2691 3911 2785 3962 καὶ
2829 3909 2994 3976 φυγοὶ
3021 3907 3117 3960 καὶ
3174 3899 3690 3978 κατατρυπούμενοι

2109 4005 2264 4072 ἄφνω
2294 4001 2561 4073 τολμηροὶ
2583 4001 2892 4072 εὑρέθησαν
2927 3999 3022 4053 καὶ
3067 4001 3309 4068 γενναῖοι
3370 3988 3692 4060 πολεμισταὶ

2111 4097 2207 4148 καὶ
2254 4095 2493 4164 ἀνδρεῖοι
2529 4093 2628 4146 καὶ
2677 4089 3085 4162 περιφρονηταὶ
3139 4089 3248 4142 τῶν
3319 4084 3553 4158 πληγῶν
3601 4075 3694 4131 iul

2109 4185 2302 4239 δεινῶν
2318 4181 2664 4251 λαϐωμάτων
2701 4181 2796 4233 καὶ
2835 4179 2945 4232 τῶν
2969 4178 3246 4234 παντοίων
3278 4178 3554 4232 θανάτων.
3587 4165 3694 4221 Kal

2110 4277 2209 4344 τῆς
2237 4275 2512 4342 παναγίας
2543 4277 2610 4344 τῇ
2657 4262 2886 4344 βοηθείᾳ
2912 4277 2974 4344 τῇ
3001 4274 3177 4346 τόλμῃ
3240 4272 3552 4344 ρωσθέντες
3606 4262 3691 4328 ὁρ-

2117 4367 2259 4438 μῶσι
2283 4366 2537 4435 ξιφήρεις
2568 4366 2712 4418 κατὰ
2732 4365 2842 4418 τῶν
2867 4365 3083 4420 ἀσεϐῶν
3123 4369 3219 4418 καὶ
3249 4364 3317 4434 μέ
3355 4363 3560 4420 λίθους.
3595 4349 3688 4404 καὶ

2114 4459 2190 4521 ὡς
2222 4457 2432 4511 καπνοῦ
2467 4459 2793 4528 κινήσαντες
2823 4455 3034 4526 σμῆνος
3069 4456 3231 4519 ἄλλος
3265 4455 3357 4508 ὑπ’
3384 4451 3532 4520 ἄλλῳ
3583 4444 3691 4497 διε-

425 4572 552 4613 cum
589 4556 839 4611 hostibus
872 4553 1181 4608 certabant.
1203 4552 1294 4607 Sic
1322 4567 1465 4606 unus
1494 4567 1618 4606 cum
1656 4551 1767 4605 alio
1791 4560 1847 4605 et
1869 4551 2005 4605 inter

2115 4549 2389 4621 γείρεται,
2425 4549 2520 4602 καὶ
2561 4551 2846 4604 ἀνίσταται
2866 4550 3024 4618 γένος
3054 4548 3204 4602 ἆπαν
3231 4549 3327 4602 καὶ
3359 4543 3547 4618 ἡλικία

423 4666 486 4705 se
513 4649 713 4718 singuli
771 4647 1022 4702 animose
1084 4645 1514 4710 contendebant,
1545 4653 1602 4698 et
1640 4643 1708 4698 ad
1770 4657 2007 4712 pugnam

426 4742 972 4798 vehementissimam
1031 4740 1417 4794 hortabantur.
1457 4757 1475 4790 ι
1518 4739 1678 4808 Agite
1724 4751 1758 4792 ο
1789 4736 1953 4791 amici
1989 4737 2004 4791 !

424 4836 682 4892 ofratres
722 4837 738 4891 ι
777 4850 809 4888 o
865 4833 1015 4887 cives
1052 4833 1065 4886 ἔ
1127 4843 1400 4887 certemus
1435 4829 1618 4886 hodie.
1655 4828 2009 4884 Vindicemus

430 4931 590 4986 nubis
639 4930 796 4998 ipsis.
869 4925 1158 4990 uxoribus,
1187 4923 1316 4978 filiis
1387 4921 1686 4992 sanguinis
1725 4922 1922 4992 patria:
1948 4931 2007 4976 et

433 5039 648 5092 magna:
695 5021 924 5092 hujusce
966 5020 1140 5082 urbis,
1179 5027 1236 5072 et
1290 5015 1439 5086 quod
1491 5015 1667 5083 tuagis
1719 5027 1828 5080 est,
1865 5030 2011 5070 verte

427 5114 869 5170 Christianorum
905 5111 1024 5166 fidei
1063 5109 1390 5165 libertatein.
1433 5104 1657 5162 Nosrnet
1691 5123 1789 5177 pro
1850 5107 2010 5163 nobis

429 5206 563 5274 ipsis
591 5204 647 5258 in
682 5203 988 5274 periculum
1019 5201 1382 5256 adducamus.
1408 5199 1489 5252 An
1516 5198 1564 5252 si
1598 5213 1746 5254 nunc
1768 5207 2004 5252 mortem

429 5313 539 5350 non
568 5296 808 5358 obimus,
841 5295 950 5348 vita
983 5293 1037 5346 in
1065 5301 1344 5361 posterum
1378 5304 1484 5344 non
1517 5288 1734 5344 deficiet
1760 5288 1784 5342 ?
1811 5286 2006 5343 Facia-

429 5403 556 5442 mus
581 5395 641 5441 ut
671 5385 787 5441 bazc
815 5385 1118 5440 necessitas
1175 5380 1402 5436 honoris
1451 5381 1695 5436 studium
1722 5381 2009 5436 videatur:

431 5493 722 5535 curramus
791 5479 844 5555 in
933 5461 1061 5531 belli
1154 5474 1472 5539 discrimen,
1549 5474 2010 5543 quemadmodum

2118 4659 2206 4707 σα,
2237 4641 2331 4694 καὶ
2361 4641 2596 4704 ἕκαστος
2626 4641 2750 4711 μεθ’
2766 4636 2842 4696 ὧν
2878 4639 3116 4712 ἠδύνατο
3137 4640 3344 4707 ὅπλων,
3401 4638 3582 4705 ἐτεροι
3635 4625 3688 4677 δὲ

2113 4737 2210 4790 καὶ
2239 4737 2371 4790 ἄνευ
2407 4735 2517 4790 τῶν
2547 4735 2752 4800 ὅπλων,
2791 4735 2944 4789 ἄλλοι
2978 4733 3120 4805 μετὰ
3150 4732 3322 4802 ξιφῶν
3351 4749 3412 4786 τε
3444 4727 3535 4783 καὶ
3567 4736 3692 4776 κον-

2111 4830 2338 4900 ταρίων.
2367 4828 2592 4900 Ἐτεροι
2619 4829 2676 4880 δὲ
2697 4829 2819 4882 οὺδέ
2851 4829 2908 4896 ἐξ
2941 4828 3124 4882 αὐτῶν
3156 4827 3525 4898 εὐποροῦσαν,
3556 4811 3692 4868 ἀλλὰ

2112 4925 2210 4986 τὰς
2232 4923 2440 4987 ταύλας
2486 4921 2623 4977 ὀποῦ
2678 4922 2931 4994 ἐτρώγαν
2987 4923 3084 4976 καὶ
3125 4923 3193 4976 τὰ
3250 4917 3539 4990 τυμπάνια
3583 4907 3690 4961 τῶν

2114 5016 2381 5087 emam
2447 5016 2646 5086 ἔδησαν
2679 5015 2748 5086 μέ
2804 5015 3038 5086 σχοινία,
3086 5016 3183 5069 κα)⁵
3234 5011 3542 5075 ἐϐάσταζαν
3571 4996 3690 5055 ἀντὶ

2114 5107 2476 5178 σκουταρίων.
2501 5107 2658 5172 Τινὲς
2679 5107 2734 5160 δέ
2769 5108 2892 5161 οὐδὲ
2929 5110 3054 5178 μετ’
3082 5109 3263 5162 αὐτῶν
3291 5111 3372 5172 είς
3400 5106 3494 5159 τὸν
3532 5095 3690 5152 πόλε·

2117 5217 2217 5270 μον
2246 5196 2434 5272 ἦλθον,
2467 5200 2608 5254 ἀλλὰ
2635 5200 2704 5272 ut
2737 5200 2928 5264 λίθους
2955 5203 3051 5255 καὶ
3073 5200 3235 5270 μόνον
3273 5203 3547 5270 ἐμάχοντο
3569 5186 3680 5240 τολ·

2117 5292 2309 5362 μηρῶς
2339 5292 2437 5345 καὶ
2463 5292 2749 5362 ἀνδρείως.
2787 5292 2864 5356 ὡς
2919 5295 3304 5362 κατάφρακτοι
3369 5287 3507 5363 μετὰ
3567 5292 3692 5332 nav-

2112 5386 2276 5441 τοίων
2305 5386 2414 5440 τῶν
2443 5385 2648 5442 ὅπλων.
2682 5387 2793 5440 Kal
2826 5387 3015 5458 ἕτερος
3035 5388 3246 5458 ἕτερον,
3281 5388 3378 5440 καὶ
3404 5381 3565 5437 ἄλλος
3593 5369 3688 5424 ἅλ’

2113 5477 2226 5544 λον,
2265 5479 2361 5533 καὶ
2392 5479 2529 5551 πρὸς
2560 5480 2807 5551 ἀλλήλων
2831 5482 3084 5552 ἀλλήλοις
3116 5483 3376 5552 ἀνδρείως
3429 5473 3525 5528 καὶ
3558 5466 3690 5532 θαρ’

431 5582 700 5644 martyres
719 5573 784 5625 ad
815 5560 1173 5641 tyrannorqu
1205 5565 1379 5624 stadia
1403 5568 1788 5622 convolarunt.
1825 5585 1845 5619 ›
1887 5566 2005 5622 Hac

2117 5569 2326 5632 σαλέως
2378 5571 2738 5640 ἠγωνίζοντο,
2788 5574 2883 5626 καὶ
2934 5575 3380 5644 ἐπαροτρύναντο
3410 5565 3548 5636 πρὸς
3593 5556 3688 5644 τὴΫ

433 5665 666 5718 dir-cudo
694 5664 836 5716 alius
870 5663 1038 5715 alium
1081 5661 1386 5726 adbortari,
1432 5661 1770 5714 contendere
1796 5675 2011 5728 omnes,

433 5753 733 5820 decertare,
755 5755 1214 5824 quemadmodum
1233 5753 1534 5808 exsaturati
1555 5760 1610 5806 et
1628 5753 1757 5806 viuo
1785 5751 2009 5818 madidi,

398 5853 582 5916 ,εισι
633 5848 941 5920 composito
983 5845 1145 5902 simul
1201 5845 1268 5902 ab
1302 5859 1412 5900 uno
1472 5853 1722 5900 extremo
1769 5841 2009 5898 civitatis

2117 5662 2495 5733 σφοδροτάτην
2530 5665 2708 5735 μάχην
2735 5665 2972 5736 ἐκείνην,
3006 5642 3181 5733 λέγων
3251 5685 3269 5718 (
3301 5665 3408 5718 Ναὶ
3439 5652 3484 5712 ὦ
3507 5649 3644 5720 φίλοι
3671 5642 3684 5692 l

2116 5747 2161 5806 ὦ
2194 5754 2414 5822 ἀδελφοί
2449 5757 2461 5809 ί
2491 5749 2536 5812 ὣ
2561 5757 3009 5830 σνμπατριῶται,
3061 5755 3466 5828 ἀγωνισώμεθα
3521 5743 3688 5830 σήμ-ε’

2119 5864 2236 5919 PO",
2273 5848 2688 5922 σπουδάσωμεν,
2719 5851 3270 5923 προκινδυνεύςωμεν
3292 5844 3522 5906 ἑαυτοὺς
3551 5828 3683 5894 ὑπὲρ
