3972 6452
364 374 438 441 79
1400 371 1453 437 Ι.
1490 367 1775 432 CANANI
1808 366 1910 430 DE
1946 363 2165 428 CPOLI
2200 362 2679 428 OPPUGNATA.

3584 352 3657 419 80

372 509 438 565 pe
475 501 718 551 castrum
759 499 939 559 erant,
984 491 1131 561 ipsos
1150 488 1356 544 Graecis
1377 488 1687 558 reliquisse,
1714 485 1957 557 quaelon-

2069 487 2138 538 τὰ
2173 484 2450 553 πολεμικὰ
2488 483 2584 537 καὶ
2606 481 2822 551 μάχιμα
2861 476 3073 532 τούτων
3099 475 3240 530 ὅπλα
3265 475 3332 529 τά
3366 476 3465 546 μὲν
3514 477 3647 545 πλη-

294 590 301 595 ’
370 587 493 657 gius
506 588 753 651 aberant,
780 584 1170 640 inﬂammasse.
1192 582 1255 636 Et
1273 594 1403 635 sane
1425 580 1530 634 hoc
1556 579 1858 648 prodigium
1878 576 1962 629 vi-

372 694 494 733 sum
514 686 598 733 est
617 686 671 733 et
698 677 1022 731 inusitatum
1043 675 1277 729 facinus.
1301 672 1548 738 Quanam
1565 672 1710 725 enim
1730 670 1961 734 ratione,

376 769 471 840 qui
488 778 644 824 antea
666 769 901 837 superbe
920 782 978 822 se
994 764 1716 833 eﬂ'erebantjactabantque,
1743 771 1965 831 repente

336 902 339 905 ι
371 861 551 927 ποωειί
596 872 762 930 atque
792 860 1012 915 inutiles
1042 858 1236 914 redditi
1261 858 1428 917 sunt?
1462 855 1528 909 Et
1555 855 1833 925 quomodo
1867 856 1962 923 qui

372 962 532 1009 antea
564 954 810 1022 impense
838 968 962 1008 cum
983 952 1188 1008 Grecis
1223 951 1421 1005 bellum
1458 948 1779 1019 cupiebant,
1806 947 1956 1001 inex-

368 1053 609 1115 spectata
628 1047 754 1118 fuga
780 1061 837 1103 se
856 1046 1052 1101 abillis
1068 1042 1484 1099 subduxerunt?
1503 1040 1797 1095 Enimvero
1822 1054 1960 1109 Opus

373 1140 479 1194 hoc
510 1141 694 1195 divina
728 1142 932 1194 virtute
984 1152 1157 1207 eaque
1189 1134 1452 1190 invisibili
1477 1148 1801 1189 concessum
1851 1142 1957 1188 est.

368 1232 439 1287 Et
480 1232 652 1288 Graeci
686 1232 739 1287 id
768 1231 949 1287 intuiti
1017 1231 1216 1285 mirum
1268 1228 1749 1297 obstupescebant,
1784 1236 1858 1281 .et
1887 1228 1959 1281 ob

370 1322 611 1379 hostium
640 1323 822 1393 fugam
875 1322 1202 1378 exsiliebant
1242 1318 1463 1390 gaudio,
1510 1318 1565 1373 in
1599 1319 1960 1389 laetitiamque

368 1412 525 1469 cﬂ‘usi
561 1414 852 1469 dicebant:
897 1432 917 1466 ι
962 1412 1008 1470 Ο
1039 1429 1272 1469 suavem
1306 1414 1451 1470 hanc
1478 1413 1620 1467 diem
1652 1422 1707 1468 et
1734 1414 1953 1467 horam!

368 1515 404 1554 ο
446 1501 871 1558 admirandam!
921 1518 955 1558 ο
1000 1505 1335 1574 insperatam
1380 1504 1869 1561 immutationem!
1924 1517 1958 1557 o

373 1592 809 1663 iaexspectatam
870 1596 1112 1652 latitiam
1142 1596 1155 1649 l
1192 1612 1224 1651 ο
1256 1599 1599 1654 claritatem!
1632 1612 1665 1652 ο
1709 1595 1959 1665 volupta-

370 1690 503 1748 tem,
536 1700 658 1755 quae
683 1687 863 1743 verbis
883 1689 1116 1759 exprimi
1145 1692 1357 1760 nequit,
1382 1708 1489 1762 qua
1517 1691 1784 1763 quidquid
1804 1692 1955 1744 dixe-

366 1776 445 1832 ris
476 1778 658 1834 minus
708 1781 852 1837 erit!
886 1800 908 1835 ι
952 1784 1050 1838 His
1079 1785 1311 1843 vocibus
1343 1787 1418 1841 illi
1477 1787 1662 1842 multis
1686 1785 1954 1842 certami-

368 1869 532 1926 nibus
594 1873 838 1930 celebres
892 1877 1125 1933 Romani
1182 1880 1348 1935 simul
1401 1880 1621 1943 laetari,
1679 1879 1967 1955 prosilire,

371 1958 579 2015 alacres
608 1965 819 2032 palmas
848 1968 1086 2034 pulsare,
1114 1978 1167 2023 et
1190 1968 1392 2025 diserte
1423 1972 1531 2026 Deo
1549 1973 1750 2041 gratias
1776 1986 1955 2041 agere,

370 2050 626 2109 laudibus
673 2057 1080 2114 sanctissimam
1116 2056 1393 2131 Virginem
1459 2063 1745 2127 extollere,
1777 2070 1833 2117 et
1890 2082 1958 2123 ex

368 2143 553 2199 animo
579 2146 947 2216 glorificantes
973 2150 1187 2206 dicere:
1227 2171 1244 2204 ι
1276 2152 1390 2209 Hoc
1421 2154 1636 2225 hymnis
1658 2157 1950 2215 abundans

374 2237 902 2307 nominatissimum,
951 2250 1341 2310 memoratum,
1394 2246 1694 2317 egregium,
1730 2247 1957 2303 inusita-

367 2336 505 2391 tum,
573 2330 954 2390 admirandum
1014 2334 1340 2389 miraculum
1396 2352 1524 2393 vere
1576 2346 1632 2393 et
1672 2340 1793 2396 sine
1845 2342 1954 2396 ulla

366 2416 707 2475 dubitatione
736 2424 1098 2480 sanctissimae
1128 2424 1371 2498 Virginis
1395 2436 1501 2487 est.
1534 2447 1553 2481 ι
1588 2430 1653 2485 Et
1704 2432 1950 2487 testimo-

367 2507 457 2562 nia
491 2512 649 2567 nobis
682 2513 749 2567 de
774 2514 881 2569 huc
906 2524 1202 2586 suppetunt
1234 2519 1456 2573 testium
1504 2520 1655 2575 omni
1682 2524 1960 2591 exceptio-

368 2614 460 2667 ne,
508 2612 567 2656 ut
606 2604 709 2673 pia:
743 2607 889 2676 leges
924 2608 1305 2675 przescribunt,
1340 2611 1611 2680 majorum
1654 2630 1667 2665 :
1704 2617 1955 2670 testimo~

366 2695 458 2749 nia
484 2696 631 2750 enim
662 2714 784 2768 qua:
816 2701 1087 2756 habentur
1135 2701 1203 2756 ab
1234 2701 1512 2772 hostibus,
1565 2706 1673 2761 fide
1706 2707 1960 2778 digniora

368 2795 520 2844 sunt.
548 2789 686 2847 Cum
718 2807 848 2848 vero
877 2794 1062 2851 hostes
1117 2804 1283 2867 atque
1316 2798 1618 2856 adversarii
1649 2805 1825 2859 nostri
1855 2805 1959 2860 hoc

372 2883 688 2939 testimonio
723 2901 826 2942 suo
870 2890 1363 2957 constabiliverint,
1398 2894 1569 2949 multo
1611 2896 1959 2955 verissimum

368 2982 453 3030 est
483 2975 589 3033 hoc
612 2981 977 3038 sanctissimae
1029 2981 1267 3056 Virginis
1318 2986 1668 3044 miraculum.
1702 2990 1957 3064 Namque

367 3066 623 3126 Mersaita
638 3080 692 3126 et
708 3074 1019 3142 patriarcha
1034 3076 1110 3146 (i)
1131 3077 1432 3135 Turcarum
1453 3079 1755 3139 aﬂirmabat
1770 3100 1963 3155 propn-

2071 575 2187 629 σίον
2216 575 2311 629 τοῦ
2338 575 2577 646 κάστρου
2604 576 2717 636 τοῖς
2754 571 3053 642 Ῥωμαίοις
3108 571 3337 633 ἄκοντες
3393 570 3649 624 καταλεξ-

2068 669 2291 738 ψαντες.
2323 670 2391 723 τά
2427 670 2486 723 δέ
2512 668 2831 740 μακρότερα
2857 665 3112 736 εὑρόντες
3161 665 3241 732 τῷ
3293 664 3429 735 πυρὶ
3481 666 3650 737 παρὲι

2068 762 2267 817 δωκαν.
2301 761 2409 814 Καὶ
2450 764 2619 830 τέρας
2653 759 2806 824 ἐδοξε
2836 759 2996 812 τοῦτο
3027 758 3119 811 καὶ
3161 755 3404 821 ἐξαίσιον
3462 755 3655 826 ἐργονς

2067 854 2187 917 πῶς
2232 855 2283 907 oi
2344 852 2651 925 ἐπηρμένοι
2699 853 2796 906 καλ⁸
2854 850 3224 922 γαυριωμένοι
3259 849 3320 902 τὸ
3378 850 3651 919 πρότερον

2067 947 2224 1015 άφνω
2255 950 2523 1017 κατηφεῖς
2551 945 2859 1015 εὑρέθησαν
2889 944 2983 997 καὶ
3009 944 3241 1014 ἀχρεῖοι,
3290 944 3390 995 καὶ
3432 943 3551 1005 πῶς
3599 941 3651 995 οι

2066 1041 2335 1112 πρότερον
2386 1038 2697 1104 ἐπεθύμουν
2737 1037 2830 1091 τὸν
2872 1037 3111 1106 πόλεμον
3172 1038 3281 1090 τῶν
3325 1037 3642 1107 Ῥωμαίων,

2064 1133 2653 1205 άπαραπροσδοκήτως
2682 1132 2744 1185 τὸ
2779 1130 2972 1215 λοιπὸν
2999 1132 3203 1199 ἔφυγον
3252 1130 3361 1184 ἀπὸ
3414 1130 3648 1184 τούτων.

2063 1227 2175 1280 Καὶ
2201 1225 2311 1296 γὰρ
2350 1225 2567 1295 άληθῶς
2600 1226 2760 1279 τοῦτο
2788 1226 2956 1296 ἔργον
2990 1225 3239 1297 ἀοράτως
3295 1226 3555 1295 ἐπέμφθη
3584 1228 3651 1279 ἐκ

2060 1320 2349 1383 δυνάμεως
2380 1318 2553 1382 θείας.
2588 1319 2700 1372 Καὶ
2730 1315 2783 1372 οἶ
2820 1318 3092 1388 Ῥωμαῖοι
3125 1319 3285 1372 τοῦτο
3320 1319 3518 1382 ἰδόντες
3540 1318 3655 1372 διε-

2063 1412 2369 1482 πλήττοντο
2395 1412 2494 1482 μὲν
2538 1413 2600 1464 τὸ
2635 1411 2842 1481 θαῦμα,
2876 1411 3098 1482 ἔχαιρον
3125 1412 3180 1466 δέ
3208 1412 3308 1480 τὴν
3340 1413 3533 1482 ’φυγήν
3584 1429 3650 1465 τε

2060 1503 2168 1557 τῶν
2199 1504 2484 1574 πολεμίων
2517 1504 2767 1568 ἐκείνων,
2804 1504 2901 1557 καὶ
2959 1504 3244 1575 χαίροντες
3303 1503 3487 1573 ἔλεγον
3516 1518 3530 1532 ⁶
3581 1506 3651 1557 Ὢ

2059 1598 2379 1667 γλυκύτητα
2406 1597 2622 1669 ἡμέρας
2644 1596 2852 1667 ταύτης
2876 1599 2972 1652 καὶ
3000 1596 3173 1668 ὥρας,
3219 1596 3265 1650 ὣ
3297 1598 3651 1668 μεταλλαγῆς

2059 1691 2373 1762 θαυμασίας
2400 1694 2496 1747 καὶ
2546 1689 2855 1760 ἐναλλαγῆς
2921 1689 3270 1755 ἀνελπίστου,
3323 1690 3370 1743 ὣ
3424 1690 3648 1760 ἀπαρα-

2061 1784 2437 1855 προσδοκήτου
2469 1783 2794 1853 ἐλευθερίας
2830 1783 2920 1836 καλ⁸
2961 1782 3330 1853 εὐφροσύνης,
3388 1780 3434 1836 ὣ
3482 1783 3649 1836 εὐθυ-

2066 1878 2195 1948 μίας
2225 1875 2596 1946 ἀνικλαλήτου
2642 1875 2737 1928 καὶ
2765 1875 2959 1945 ἡδονῆς
3002 1874 3426 1943 ἁνεκφράστουί
3470 1892 3489 1926 ι
3531 1873 3649 1929 Καὶ

2061 1970 2171 2038 γὰρ
2222 1969 2393 2021 ταῦτα
2454 1966 2565 2020 τῶν
2623 1966 2946 2021 πολυάθλων
3014 1965 3305 2035 Ῥωμαίων
3371 1965 3650 2034 λεγόντων

2060 2059 2281 2129 ἔχαιρον
2307 2052 2422 2129 ἅμα
2453 2059 2549 2114 καὶ
2586 2059 2924 2128 σκιρτῶντες
2964 2058 3261 2128 εύθύμουν,
3323 2060 3424 2122 τὰς
3469 2059 3648 2113 παλά-

2064 2168 2171 2221 μας
2207 2150 2486 2223 ἐκρότουν,
2520 2152 2615 2206 καὶ
2645 2152 2862 2221 τρανῶς
2916 2151 3011 2204 τὸν
3068 2152 3205 2205 Θεὸν
3253 2152 3647 2223 εύχαρίστουν,

2060 2246 2157 2299 καὶ
2188 2245 2286 2316 τὴν
2314 2247 2590 2314 παναγίαν
2616 2245 2940 2313 ἀνέπεμπον
2965 2242 3193 2315 ὕμνους,
3227 2246 3323 2298 καὶ
3365 2245 3429 2298 ἐκ
3462 2243 3648 2314 ψυχῆς

2059 2335 2378 2404 δοξάζοντες
2427 2337 2619 2407 ελεγον
2655 2354 2671 2371 ο
2740 2356 2760 2390 ο
2790 2338 2963 2390 Τοῦτο
3016 2337 3077 2389 τὸ
3116 2337 3501 2407 πολυύμνητον
3547 2338 3651 2391 καὶ

2061 2428 2507 2499 πολυθρύλλητον
2529 2430 2625 2483 καὶ
2657 2428 2899 2495 ἐξαίσιον
2922 2427 3017 2481 καὶ
3056 2427 3340 2498 ἐξαίρετον
3378 2429 3475 2482 καὶ
3510 2427 3653 2481 θαυ-

2063 2521 2261 2590 μάσιον
2291 2520 2387 2574 καὶ
2413 2518 2694 2588 θαύματος
2756 2516 2910 2581 ἄξιον
2969 2516 3158 2587 θαῦμα
3214 2519 3314 2586 τῆς
3362 2517 3649 2585 Παναγίας

2058 2612 2276 2681 άληθῶς
2332 2612 2428 2665 καὶ
2498 2609 2887 2682 ἀναμφιϐόλως
2947 2610 3221 2681 ὑπῆρχεν,
3275 2608 3351 2673 ὡς
3395 2608 3490 2662 καὶ
3545 2609 3649 2673 τὰς

2064 2703 2376 2775 μαρτυρίας
2398 2704 2601 2775 ἔχομεν
2634 2701 2791 2774 παρὰ
2846 2702 3143 2775 μαρτύρων
3184 2702 3647 2775 άπαραγράπτων

2061 2798 2205 2853 κατὰ
2231 2799 2360 2862 τοὺς
2392 2798 2737 2868 φιλευσεϐείς
2766 2799 2989 2868 νόμους.
3053 2798 3363 2862 Φάσκοντες
3409 2798 3518 2868 γάρ
3583 2798 3643 2851 αί

2062 2890 2213 2960 παρὰ
2235 2891 2345 2945 τῶν
2375 2891 2589 2964 ἐχθρῶν
2619 2891 2921 2964 μαρτυρίαι
2968 2890 3413 2961 ἀξιοπιστότεραί
3477 2890 3643 2945 εἰσιν.

2074 2980 2297 3053 Ἐπειδὴ
2324 2982 2379 3035 δέ
2401 2982 2451 3034 οῑ
2488 2981 2675 3054 ἐχθροὶ
2723 2985 2820 3036 καὶ
2867 2983 3120 3054 πολέμιοι
3176 2983 3338 3051 ήμῶν
3400 2982 3644 3035 δέδωκαν

2068 3075 2379 3144 μαρτυρίαν
2440 3074 2916 3147 τοιαύτην,.πάνυ
2946 3076 3097 3131 ἐστὶν
3150 3074 3521 3144 ἀληθέστατον
3580 3076 3643 3135 τὸ

366 3161 527 3217 sitam
547 3171 675 3219 tunc
716 3165 824 3223 illis
843 3167 1011 3224 fuisse
1030 3170 1302 3226 civitatem
1324 3173 1387 3227 ad
1408 3180 1666 3243 praedam,
1692 3179 1953 3247 quemad-

2062 3165 2247 3237 θαῦμα
2272 3166 2371 3236 τῆς
2402 3167 2697 3235 παναγίας.
2736 3168 2967 3238 Ἔλεγεν
3012 3167 3123 3239 γάρ
3171 3170 3201 3221 ὁ
3229 3168 3579 3239 Μηρσαττης,
3612 3168 3644 3219 ὁ

369 3255 592 3310 modum
624 3258 725 3312 viri
761 3261 906 3316 docti
939 3262 1117 3320 Persae
1143 3275 1303 3320 aetate
1321 3265 1611 3325 Maliometi
1640 3272 1954 3329 calculave-

370 3356 515 3412 rant,
546 3349 981 3423 invenerantque
1019 3357 1123 3410 hoc
1148 3370 1294 3412 anno
1344 3371 1529 3413 mense
1563 3359 1783 3431 dieique
1816 3362 1955 3419 hora

368 3441 561 3496 urbem
591 3456 622 3496 a
640 3442 805 3499 nobis
821 3444 1199 3500 debellandam
1224 3461 1378 3515 esse;
1411 3458 1463 3503 et
1484 3449 1727 3506 futurum
1764 3453 1818 3509 id
1845 3467 1964 3511 erat

369 3535 596 3589 omnino
616 3545 890 3591 astrorum
923 3538 973 3591 vi
1004 3548 1058 3592 et
1087 3549 1531 3597 astronomorum
1558 3544 1791 3600 artificio
1815 3564 1830 3612 ;
1863 3548 1959 3602 sed

370 3624 659 3681 mulierem
693 3626 843 3681 illam
871 3627 1127 3685 violaceis
1159 3632 1403 3688 vestibus
1434 3633 1693 3689 amictam
1752 3651 1848 3705 per
1870 3652 1963 3693 ca-

368 3724 545 3772 strum
559 3718 997 3775 obambulantem
1011 3730 1063 3777 et
1077 3737 1240 3791 super
1253 3726 1657 3795 propugnacula
1674 3729 1964 3799 intrepide,

370 3809 500 3863 dum
519 3825 700 3881 pugna
732 3810 921 3873 initur,
943 3816 1049 3868 vim
1071 3826 1341 3871 astrorum
1370 3817 1651 3875 obtudisse
1663 3830 1716 3875 et
1730 3823 1961 3878 astrolo-

331 3893 334 3897 ’
372 3914 566 3971 gorum
597 3902 861 3969 artificia;
900 3909 1155 3974 quamvis
1188 3908 1278 3962 illa
1306 3923 1414 3963 non
1444 3924 1473 3962 a
1508 3918 1649 3965 terra
1682 3927 1862 3982 neque
1887 3926 1956 3968 ex

372 3995 715 4063 hominibus,
758 3998 853 4052 sed
881 4012 911 4053 e
944 3998 1082 4053 coelo
1108 4009 1162 4053 et
1212 3995 1471 4055 invisibili
1524 4012 1794 4072 potestate
1846 4005 1959 4059 vim

374 4084 676 4142 obtinebat.
721 4086 987 4142 Similiter
1014 4090 1289 4144 exercitus
1344 4090 1585 4146 universi
1646 4093 1955 4150 Turcarum

370 4176 730 4248 jurejurando
789 4177 1058 4234 Mersaitze
1132 4181 1339 4234 dictum
1397 4183 1842 4252 confirmabant,
1903 4196 1959 4241 et

375 4270 634 4324 omnibus
685 4270 983 4325 narrabant
1024 4286 1221 4342 pugnae
1282 4273 1438 4339 hora,
1483 4284 1774 4347 postquam
1831 4292 1955 4333 cum

374 4360 604 4415 audacia
634 4368 688 4415 et
719 4361 945 4430 impetu,
973 4362 1066 4432 qui
1097 4363 1337 4417 coerceri
1359 4380 1464 4418 non
1486 4374 1719 4435 poterat,
1742 4368 1808 4423 ad
1832 4385 1956 4424 mu-

375 4468 471 4511 ros
504 4454 670 4509 castri
696 4463 1081 4524 pervenerant,
1120 4464 1179 4510 ut
1223 4457 1586 4513 ascenderent
1625 4459 1954 4532 Graecosque

372 4546 628 4615 fugarent
658 4547 960 4616 urbemque
1012 4550 1514 4618 caperent,vidisse
1566 4567 1626 4608 se
1662 4553 1949 4611 mulierem

373 4640 890 4696 violaceis‘vestibus
905 4641 1175 4704 indutam.
1195 4642 1633 4699 deambulantem
1649 4660 1814 4716 super
1825 4662 1953 4717 pro-

374 4736 683 4803 pugnacula
713 4734 1008 4790 exterioris
1036 4735 1239 4797 castri;
1270 4722 1376 4803 qua
1409 4737 1521 4791 visa
1575 4738 1760 4792 statim
1792 4747 1955 4795 tene—

378 4829 491 4883 bris
521 4828 757 4900 procella
785 4828 982 4883 timore
1010 4842 1074 4883 ac
1104 4838 1343 4884 tremore
1369 4841 1653 4899 correptos
1678 4845 1870 4887 omnes
1901 4831 1957 4886 in

377 4919 560 4989 fugam
584 4936 643 4977 se
666 4930 849 4976 etnon
880 4920 948 4975 ad
974 4921 1177 4976 bellum
1203 4921 1441 4989 dedisse,
1467 4931 1521 4979 et
1551 4924 1600 4979 vi
1633 4922 1957 4994 inﬂuxuque

377 5012 526 5068 illius
546 5013 787 5069 mulieris
813 5014 1159 5069 formidinem
1186 5013 1291 5070 sibi
1324 5014 1624 5071 immissam
1678 5025 1733 5072 et
1763 5017 1955 5072 urbem

382 5104 695 5160 liberatam.
724 5104 852 5161 Haec
902 5115 1085 5160 autem
1114 5115 1336 5174 peracta
1368 5117 1499 5161 sunt
1524 5121 1671 5160 anno
1704 5122 1956 5180 nongen-

378 5197 574 5251 tesimo
605 5194 880 5253 tricesimo
910 5210 1076 5267 supra
1106 5196 1287 5252 sexies
1339 5195 1717 5264 millesimum,
1750 5199 1960 5255 mensis

449 5418 527 5484 (1)
551 5415 725 5481 Quem
749 5413 911 5484 hodie
935 5410 1220 5483 Mouftium
1239 5414 1416 5469 solent
1438 5428 1776 5483 nuncupare;
1810 5413 1957 5471 hunc

372 5487 737 5560 patriarchqm
768 5483 1067 5560 Turcarum
1084 5492 1244 5560 vocat
1258 5484 1421 5560 etiam
1445 5484 1758 5560 supra,_col.
1782 5484 1850 5560 6_7
1870 5484 1918 5560 [ξ
1937 5504 1951 5541 :

373 5554 549 5622 Ἀύτὸς
573 5558 630 5610 δὲ
661 5559 689 5610 ό
735 5555 993 5624 μέγιστος
1022 5556 1126 5624 καίἒ
1158 5554 1326 5616 πολὺς
1360 5555 1493 5621 παρ’
1516 5554 1768 5616 ἐκείνοις
1797 5556 1826 5607 ό
1866 5555 1957 5607 εὑ.

374 5629 539 5698 γενης
568 5622 941 5698 πατριάρχης,
984 5624 1054 5698 ὃν
1078 5622 1643 5698 εἴχονίλτεοοωρατιξιὸν
1674 5625 1771 5698 καὶ
1816 5641 1955 5698 προ-

373 5693 553 5769 ᾠήτήγ
569 5693 810 5769 τοῦνομὰ,
836 5693 1161 5764 Μηρσαῖτης
1187 5696 1250 5764 τῇ
1276 5694 1519 5769 Περσικῇ
1541 5693 1809 5763 διαλέκτῳ
1827 5695 1951 5769 Δδιε-ς

377 5764 681 5839 ᾑίὶιείίεἲθπι
729 5767 988 5839 Cananus
1049 5773 1313 5839 memorat
1377 5764 1682 5839 Ture-agno
1749 5765 1974 5839 καλογέ-

382 5834 510 5903 ρους
527 5834 643 5891 sive
672 5838 991 5895 monachos,
1018 5834 1182 5889 ctiam
1208 5848 1315 5888 uno
1331 5834 1550 5888 nomine
1571 5834 1951 5894 Τουρκοκαλο-

2067 3261 2418 3331 πατριάρχης
2451 3260 2560 3314 τῶν
2618 3260 2905 3332 Τούρκων,
2932 3263 3017 3316 ὅτι
3064 3264 3098 3333 η
3153 3262 3309 3324 πόλις
3354 3261 3644 3330 ἐπρόκειτο

2064 3355 2199 3425 παρ’
2245 3354 2405 3425 ήμῶν
2434 3354 2975 3425 αίχμαλωτισθῆναι,
3000 3355 3075 3418 ὡς
3108 3356 3156 3407 οἱ
3182 3356 3336 3425 σοφοὶ
3370 3354 3469 3421 τῆς
3504 3354 3645 3423 U59-

2068 3448 2189 3511 σίας
2258 3448 2338 3511 εἰς
2378 3446 2470 3502 τδν
2540 3446 2735 3517 καιρὸν
2785 3446 2881 3500 τοῦ
2918 3447 3166 3518 Μωάμεθ
3212 3446 3643 3517 ἐψηφοφόρησαν

2064 3539 2195 3609 περὶ
2218 3538 2438 3602 τούτου,
2467 3540 2560 3592 καὶ
2591 3538 2753 3609 εὗρον
2785 3540 2867 3594 ὅτι
2902 3541 2981 3604 είς
2999 3540 3060 3592 τὸ
3088 3540 3210 3603 ἔτος
3242 3538 3338 3593 καί
3362 3539 3456 3593 τὸν
3493 3539 3643 3609 μῆνα

2064 3632 2159 3685 καὶ
2202 3630 2303 3700 τὴν
2362 3631 2577 3701 ἡμέραν
2626 3632 2835 3701 ταύτης
2893 3632 2995 3694 τῆς
3040 3630 3192 3701 ῶρσς
3236 3632 3270 3700 ἠ
3323 3631 3479 3695 πόλις
3512 3628 3643 3699 παρ’

2062 3722 2222 3792 ἡμῶν
2243 3722 2529 3792 πρόκειται
2559 3722 2923 3789 κρατηθῆναι.
2956 3722 3063 3775 Καὶ
3098 3719 3291 3788 ἔμελλε
3338 3718 3497 3772 τοῦτο
3549 3736 3647 3787 γε-

2061 3814 2255 3870 νέσθαι
2304 3813 2447 3867 κατὰ
2491 3814 2591 3887 τὴν
2632 3813 2865 3884 δύναμιν
2931 3815 3044 3867 τῶν
3094 3813 3345 3883 ἀστέρων
3406 3814 3498 3865 καὶ
3544 3812 3648 3881 τὴν

2063 3908 2262 3977 τέχνην
2290 3905 2399 3959 τῶν
2421 3904 2795 3976 ἀστρονόμων.
2843 3904 2986 3973 Ἀμὴ
3034 3905 3067 3973 ὴ
3097 3906 3330 3972 γυναῖκα
3387 3903 3572 3972 ἐκείνη
3612 3904 3650 3972 ’ίι

2062 3996 2190 4063 ὀξέα
2219 3998 2465 4067 φοροῦσα
2518 3996 2612 4050 καὶ
2666 3996 3055 4066 περιπατοῦσα
3110 3994 3207 4049 τοῦ
3261 3994 3506 4065 κάστρου
3553 3996 3647 4047 καὶ

2060 4091 2172 4144 τῶν
2219 4070 2635 4160 προμαχιονίων
2688 4089 2878 4143 ἐπάνω
2914 4088 3133 4156 ἀφόϐως
3149 4090 3243 4142 τοῦ
3270 4089 3513 4157 πολέμου
3544 4087 3645 4159 τὴν

2060 4181 2233 4253 ὥραν,
2260 4182 2448 4252 ἐκείνη
2482 4180 2794 4251 άντέπραξε
2823 4180 2921 4244 τὰς
2958 4181 3218 4247 δυνάμεις
3273 4179 3386 4233 τῶν
3421 4180 3643 4250 άστρων

2060 4278 2156 4331 καὶ
2181 4276 2280 4347 τὴν
2309 4275 2506 4347 τέχνην
2528 4274 2638 4329 τῶν
2671 4274 3045 4343 ἀστρολόγων.
3077 4274 3224 4343 Πλὴν
3257 4275 3358 4328 ούκ
3395 4274 3503 4326 ἀπὸ
3539 4273 3643 4342 γῆς

2058 4367 2182 4421 ούδέ
2214 4366 2276 4432 ἐξ
2303 4364 2613 4435 ἀνθρώπων
2645 4366 2743 4435 τὴν
2773 4366 3010 4430 δύναμιν
3054 4363 3221 4433 εἶχεν,
3264 4364 3380 4418 ἀλλ’
3427 4364 3489 4429 ἐξ
3547 4365 3641 4418 ού-

2063 4459 2225 4532 ρανοῦ
2258 4458 2352 4513 καὶ
2371 4459 2609 4527 ἀοράτου
2636 4458 2941 4527 δυνάμεως.
2987 4456 3227 4527 Ὁμοίως
3257 4459 3349 4510 καὶ
3373 4457 3440 4509 τὰ
3473 4472 3640 4525 στρα-

2056 4552 2307 4623 τεύματα
2333 4551 2509 4605 πάντα
2543 4551 2653 4604 τῶν
2707 4550 2969 4620 Τούρκων
3013 4549 3489 4620 ἐσυνεμαρτύρουν
3542 4550 3633 4601 ἐν-

2058 4646 2241 4716 όρκως
2272 4644 2361 4699 τὸν
2395 4644 2728 4715 Μηρσαῖτην
2752 4644 2985 4705 ἐκεῖνον,
3027 4641 3123 4695 καὶ
3148 4641 3466 4710 ἐδιηγοῦντο
3496 4641 3634 4710 προς

2061 4741 2275 4803 πάντας
2306 4740 2388 4793 ὅτι
2409 4737 2506 4791 τοῦ
2539 4737 2781 4806 πολέμου
2811 4737 2910 4808 τὴν
2937 4738 3114 4808 ὥραν,
3144 4738 3276 4790 ὅταν
3304 4736 3371 4805 μὲ
3402 4736 3643 4804 θράσους

2064 4833 2160 4887 καὶ
2186 4832 2366 4903 ὁρμῆς
2396 4830 2709 4900 ἀκρατήτου
2741 4830 2985 4899 ἔφθασαν
3016 4831 3096 4893 είς
3125 4831 3195 4882 τὰ
3224 4829 3377 4899 τείχη
3412 4826 3507 4881 τοῦ
3540 4829 3644 4879 κά-

2065 4941 2252 4996 στρου.
2285 4924 2372 4978 ῐνα
2399 4921 2675 4976 ἀναϐῶσιν
2704 4924 2887 4977 ἐπάνω
2913 4922 3011 4976 καὶ
3040 4922 3277 4990 διώξωσι
3324 4923 3453 4983 τοὺς
3510 4919 3646 4972 Ῥω-

2068 5014 2263 5086 μαίους
2290 5014 2386 5068 καὶ
2407 5011 2506 5083 τὴν
2537 5012 2695 5067 πόλιν
2719 5011 3188 5083 αίχμαλωτίσουν,
3210 5011 3331 5065 τότε
3374 5006 3515 5063 εἶδον
3542 5026 3645 5076 γυο

2064 5108 2229 5161 ναϊκα
2251 5105 2379 5171 ὀξέα
2401 5104 2574 5176 ροὖκα
2598 5104 2875 5175 φοροῦσαν
2898 5103 2995 5157 καὶ
3019 5100 3425 5174 περιτατοῦσαν
3454 5099 3643 5153 ἐπάνω

2064 5197 2175 5253 τῶν
2204 5197 2617 5269 προμαχιονίων
2638 5196 2734 5251 τοῦ
2778 5195 2883 5261 ἐξω
2932 5195 3200 5266 κάστρου.
3269 5194 3380 5248 Καὶ
3435 5191 3643 5263 ταύτην

2065 5419 2286 5497 Ῑέρους.
2308 5416 2575 5497 §imilitcr
2609 5414 2907 5497 Cbaiiplias
2934 5413 3248 5497 l’i‘urcarum
3304 5414 3643 5497 Urspe‘rgon

2063 5482 2147 5572 sgs'
2172 5489 2408 5572 appellat
2442 5486 2707 5572 ξηραίνει
2739 5482 3058 5572 αροειρίὶςοσ
3087 5500 3198 5572 ηιξ
3228 5482 3445 5572 gentis...
3472 5482 3643 5572 Ἦρξε·

2061 5560 2166 5614 sim
2195 5553 2297 5613 fuit
2319 5558 2406 5612 cui
2442 5553 2582 5627 Papa
2604 5553 2880 5610 diceretur
2905 5555 2947 5609 il
2981 5554 3123 5611 Gran
3151 5554 3323 5608 Turco
3360 5556 3445 5609 dei
3484 5553 3643 5608 Chri-

2058 5627 2675 5707 stianaetbiahometis
2709 5626 2777 5680 ill
2817 5627 3033 5707 legatus
3073 5625 3417 5707 .Leoninum,
3454 5624 3644 5707 galliae

2060 5702 2203 5767 regis
2230 5699 2565 5767 ministrum,
2613 5695 2884 5767 Magnum
2918 5695 3176 5749 Vizirium
3208 5697 3526 5767 appellavit,
3583 5703 3643 5749 ut

2053 5766 2223 5828 refert
2244 5769 2381 5827 Tan.
2412 5766 2589 5825 Faber
2609 5768 2678 5825 ad
2707 5766 3011 5839 Longinum
3041 5782 3166 5838 pag.
3195 5766 3285 5821 i7.
