3972 6434
269 387 331 454 SI
1229 409 1242 432 ’
1463 400 1792 464 MANUEL
1823 401 2367 473 PALIEOLOGUS.
3438 451 3441 454 ·
3469 421 3543 486 82

269 509 494 574 ἰδόντες,
528 511 721 576 σκότος
742 511 837 566 καὶ
863 511 996 586 ζάλη
1033 514 1127 568 xci.
1157 513 1366 589 τρόμος
1385 515 1480 572 καὶ
1500 517 1670 588 φόϐος
1695 517 1837 589 ἄφνο

1982 523 2191 595 Lugusti
2225 525 2490 582 vicesima
2515 536 2735 600 quarta,
2761 529 2894 586 feria
2959 532 3218 603 secunda,
3274 534 3411 591 hora
3443 536 3550 592 diei

269 603 346 666 si;
378 603 473 666 τὰς
506 603 686 674 ψυχὰς
715 606 936 678 εἰσῆλθε
963 607 1082 662 τῶν
1118 607 1365 677 πάντων,
1411 611 1510 668 καὶ
1538 612 1680 684 πρὸς
1742 629 1837 681 φυ-

2060 621 2220 674 tlma.
2256 619 2336 676 Ex
2375 619 2576 679 Turcis
2610 624 2834 693 quidam
2861 625 3132 682 vulnerati
3154 638 3210 682 et
3256 629 3384 684 caesi
3427 637 3556 684 sunt
3616 659 3624 667 -

267 696 371 763 γὴν
395 695 655 766 ἔϐλεψαν,
677 699 776 752 καὶ
803 701 886 764 εἰς
908 701 1148 772 πόλεμον
1203 701 1330 757 οὐδὲ
1351 703 1526 776 iam,
1597 704 1699 758 καὶ
1739 705 1835 760 ἀπε

1987 723 2124 780 upra
2154 711 2306 768 mille
2335 728 2353 780 ;
2381 728 2449 769 ex
2472 714 2702 782 nostris,
2726 726 2784 772 ut
2811 729 3003 772 verum
3036 716 3229 782 fatear,
3283 719 3555 774 vulnerati

267 787 551 882 δυναμεὼς
581 807 642 842 τε
669 791 766 844 καὶ
787 791 1003 864 τέχνης.
1043 794 1156 865 Τῆς
1193 795 1458 866 γυναικὸς
1485 797 1597 869 γὰρ
1627 797 1835 870 ἐκείνης

1979 811 2083 858 unt
2109 803 2292 861 minus
2322 814 2564 874 centum,
2601 808 2918 880 mortuique
2969 827 3076 866 non
3135 811 3321 881 plures
3383 829 3547 882 quam

271 879 464 934 ἔλαϐον
495 881 594 952 τὴν
625 883 853 950 δειλίαν,
881 887 976 941 καὶ
1003 887 1363 960 ἠλευθερώθη
1392 889 1426 960 ἡ
1457 890 1636 955 πόλις.
1691 890 1839 960 Ἐγέ-

1986 893 2196 964 riginta.
2221 895 2288 952 Et
2313 898 2566 968 gaudete,
2589 915 2622 956 ο
2655 879 2848 957 amici?!
2884 903 3117 972 gaudete
3137 879 3255 958 tum
3285 905 3357 958 ob
3403 879 3554 959 iibe-

271 988 396 1024 νετο
431 973 487 1026 δὲ
521 973 693 1030 ταῦτα
723 979 867 1032 κατὰ
887 979 983 1035 τὸν
1010 978 1330 1051 καιρὸν-τοῦ
1379 982 1839 1054 ι’ξακισχιλιοστοῦ

1979 987 2225 1044 'ationem
2255 991 2432 1059 urbis,
2462 1001 2575 1048 tum
2607 994 2680 1049 ob
2725 996 3148 1065 generositatem
3197 995 3547 1066 imperterri-

271 1065 686 1124 ἐννακοσιοστοῦ
704 1063 1030 1142 τριακοστῖῢ
1044 1072 1229 1144 ἔτους,
1241 1075 1412 1147 μηνὸς
1425 1077 1741 1147 Αὐγούστου
1755 1077 1839 1132 κδ(

1987 1094 2078 1136 am
2110 1079 2508 1152 Romanorum,
2531 1094 2646 1142 tum
2673 1063 2749 1142 ob
2773 1087 2954 1144 modis
2977 1087 3240 1142 omnibus
3275 1063 3555 1143 admiran-

276 1155 463 1228 ἡμέρᾳ
488 1158 742 1233 δευτέρᾳ,
769 1163 888 1236 ὥρᾳ
917 1165 1016 1237 τῆς
1047 1167 1262 1238 ἡμέρας
1307 1167 1538 1242 ἐόδόμῃ.
1563 1170 1674 1225 Καὶ
1701 1171 1844 1243 ποιρᾶ

1989 1175 2093 1230 lum
2129 1177 2519 1236 sanctissimae
2552 1177 2796 1251 Virginis
2828 1180 3180 1236 miraculum.
3230 1178 3383 1237 lianc
3439 1182 3557 1234 Ian-

282 1250 381 1318 ph
401 1251 510 1305 τῶν
525 1254 625 1307 Τού
636 1271 780 1325 ρκων
806 1257 1160 1332 ἐλαϐώθησαν
1177 1263 1276 1316 καὶ
1298 1261 1570 1316 ἀπέθανον
1592 1264 1850 1318 ἐπέκεινα

1990 1270 2109 1336 late,
2134 1270 2263 1328 huic
2292 1271 2521 1343 gloriam
2547 1250 2734 1341 dicite,
2766 1284 2820 1330 et
2844 1273 3082 1346 bymnos
3107 1275 3312 1344 gratias
3333 1287 3558 1344 agentes

282 1345 414 1412 μιᾶς
441 1345 698 1415 χιλιάδος,
723 1352 784 1434 ἐκ
811 1351 867 1406 δὲ
897 1353 1005 1407 τῶν
1050 1354 1350 1426 ἡμετέρων
1396 1356 1537 1426 μετὰ
1587 1356 1850 1428 ἀληθείας

1995 1364 2214 1422 oniieite
2244 1380 2344 1436 pro
2393 1367 2635 1422 maximo
2689 1345 2897 1425 nostrae
2946 1368 3294 1424 liberationis
3363 1381 3563 1437 opere,

280 1439 636 1510 ἐλαδώθησαν
671 1443 772 1511 μὲν
825 1444 1115 1512 ἐλάττονες
1145 1447 1256 1502 ἀπὸ
1292 1448 1516 1514 ἑκατὸν,
1577 1450 1848 1504 ἀπέθανον

1987 1470 2121 1521 gnam
2153 1456 2439 1512 consecuti
2470 1473 2666 1516 sumus
2699 1475 2732 1515 a
2759 1459 3004 1532 gloriosa
3053 1475 3386 1530 semperque
3428 1457 3555 1512 Vir-

275 1532 336 1583 at
366 1532 428 1584 οὐ
461 1532 702 1598 πλείονες
729 1535 840 1590 τῶν
873 1539 1186 1610 τριάκοντα.
1220 1542 1330 1596 Καὶ
1370 1541 1618 1614 χαίρετε,
1654 1536 1700 1598 ὦ
1754 1544 1843 1615 φί-

1994 1546 2082 1602 ine
2107 1556 2278 1602 matre
2301 1545 2520 1603 Domini
2549 1558 2606 1605 et
2638 1549 2731 1605 Dei
2759 1557 2815 1605 et
2846 1549 3149 1605 Salvatoris
3215 1547 3346 1604 Jesu
3397 1544 3558 1601 Citri-

278 1623 381 1688 λοι,
414 1625 630 1696 χαίρετε
658 1628 721 1682 τὸ
750 1630 851 1700 μὲν
881 1630 978 1703 τὴν
1005 1632 1321 1706 ἐλευθερίαν
1363 1635 1466 1706 τῆς
1504 1636 1737 1702 πόλεωρ,
1780 1637 1841 1692 τὸ

1446 1653 1466 1700 ;
1504 1636 1737 1702 πόλεωῖ,
1780 1637 1841 1692 τὸ
1951 1638 2011 1704 ti,
2044 1639 2134 1693 cui
2169 1642 2242 1696 sit
2277 1640 2449 1713 gloria
2478 1641 2532 1696 in
2563 1643 2786 1715 saeuis.
2817 1643 3014 1699 Amen.

277 1719 338 1773 δὲ
365 1721 476 1776 τῶν
493 1719 782 1793 Ῥωμαῖων
803 1729 866 1780 τὸ
898 1732 1145 1797 γενναῖον
1175 1730 1270 1784 καὶ
1303 1731 1768 1812 ἀκατάπληκτον,
1797 1735 1856 1788 τδ
1880 1735 1944 1790 δὲ
1964 1735 2028 1790 τὸ
2059 1736 2492 1809 ⁸ιιιιινθιιύμοιστιον
2519 1737 2709 1812 θαῦμα
2735 1740 2838 1810 τῆς
2870 1741 3176 1809 Παναγίας,
3205 1739 3300 1793 καὶ
3347 1736 3558 1804 ταύτην

279 1815 581 1886 ὖμνήσατε,
620 1819 1031 1891 δοξολογήσατε,
1083 1825 1177 1879 καὶ
1233 1825 1437 1898 ὕμνους
1466 1811 1934 1901 εὗχαριστηρίους
1970 1830 2340 1903 ἀναπέμψατε
2371 1836 2452 1900 είς
2521 1835 2583 1890 τδ
2657 1835 2920 1907 μέγιστον
2984 1836 3148 1906 ἔργον
3205 1834 3306 1902 τῆς
3339 1832 3561 1886 ἐλευθεο

281 1907 424 1980 plu.
467 1907 536 1983 ἧς
582 1915 1026 1990 εὐεργετήθημεν
1070 1921 1224 1992 παρὰ
1266 1921 1370 1991 τῆς
1420 1923 1632 1988 ἐνδόξου
1658 1924 1753 1979 καὶ
1780 1924 2147 1995 ἀειπαρθένου
2173 1928 2399 1998 Μητρὸς
2425 1927 2520 1984 τοῦ
2554 1929 2793 2003 Κυρίου,
2826 1931 2927 1984 καὶ
2959 1925 3121 1996 Θεοῦ,
3155 1926 3258 1982 καὶ
3295 1924 3557 1993 Σωτῆρος

276 2005 433 2075 ἡμῶν
507 2007 682 2078 Ἰησοῦ
742 2010 1004 2081 Χριστοῦ.
1063 2013 1222 2086 Αὐτῷ
1284 2017 1318 2086 ὴ
1362 2016 1493 2082 δόξα.
1547 2019 1630 2082 είς
1671 2018 1799 2082 τοὺς
1839 2017 2077 2084 αἰῶνας.
2121 2021 2323 2092 Ἀμήν.

297 2177 3560 2227 MM

1514 2356 1686 2402 ANNO
1740 2355 1984 2401 DOMINI'
2035 2357 2317 2404 MCDXXV.

768 2393 3090 2771 mutii“inuolutus

621 3043 648 3075 ’
703 3077 709 3083 ‘
1253 3048 1760 3142 NOTITIA
1871 3049 2578 3142 H‘ISTORICA.

976 3243 1156 3310 (Henr.
1180 3243 1406 3296 Warton.
1443 3242 1504 3294 in.
1525 3241 1778 3307 supplem.
1829 3244 1890 3294 ad
1932 3246 2060 3298 Cave
2089 3247 2158 3296 De
2179 3246 2354 3308 script.
2377 3243 2550 3297 acciet.
2580 3247 2704 3310 ’pag.
2747 3245 2853 3308 52.)

348 3549 629 3605 Manuel-ii
661 3548 1024 3620 Palaaologus,
1065 3545 1296 3604 Joannis
1325 3546 1367 3602 ν
1394 3547 1683 3621 Palaeologi
1737 3551 1870 3619 imp.
1901 3548 2198 3607 ﬁliusnatu
2226 3551 2447 3620 tertius,
2472 3550 2767 3622 imperium
2798 3565 2925 3608 rara
2951 3563 3080 3622 erga
3105 3557 3317 3622 patrem
3344 3551 3556 3624 pietate

277 3646 500 3700 meruit.
534 3644 669 3700 Cum
703 3640 938 3698 Joannes
961 3643 1104 3698 enim
1137 3653 1290 3712 pater
1313 3659 1460 3698 anno
1494 3642 1720 3698 circiter
1752 3643 1912 3707 i580,
1947 3644 2207 3714 prmfecto
2241 3645 2722 3716 Constantinopoli
2754 3644 3074 3702 Andronico
3108 3645 3222 3702 [ilio
3252 3655 3384 3702 natu
3424 3663 3546 3702 na-

279 3741 451 3806 ximo,
487 3741 538 3795 in
569 3738 918 3796 Occidentem
951 3737 1414 3809 proﬁcisceretur,
1449 3747 1508 3794 ut
1539 3739 1787 3795 subsidia
1817 3755 1846 3793 a
1877 3738 2206 3795 Christianis
2242 3741 2600 3812 principibus
2623 3740 2891 3796 adversus
2921 3739 3368 3810 ingravescentes
3410 3739 3555 3796 Tur~

278 3848 472 3890 eorum
506 3837 649 3890 vires
697 3833 1068 3904 conquireret,
1100 3841 1156 3888 et
1189 3831 1333 3888 inter
1360 3833 1700 3888 redeundum
1739 3831 1980 3888 Venetiis
2012 3849 2043 3888 a
2072 3835 2473 3890 mercatoribus
2514 3835 2585 3890 ob
2622 3834 2937 3890 usurariam
2967 3833 3260 3903 pecuniam
3295 3833 3548 3890 nondum

281 3935 592 3990 exsolutam
621 3933 979 4001 detineretur,
1013 3932 1387 3998 Andronicus,
1428 3933 1496 3988 de
1527 3934 1762 4003 imperio
1795 3949 2045 4000 securus,
2082 3934 2254 4004 patris
2294 3933 2668 4005 captivitatem
2695 3932 2749 3988 in
2781 3932 2907 3989 sinu
2941 3931 3098 3988 risit:
3139 3931 3359 3988 Manuei
3407 3949 3562 3998 vero,

283 4029 527 4084 corrasis
552 4043 583 4082 e
602 4029 921 4099 praefectura
946 4043 1043 4084 sua
1073 4025 1553 4084 Tliessaionicensi
1582 4026 1850 4099 pecuniis,
1885 4026 2144 4090 Venetias
2169 4028 2504 4098 properavit,
2535 4035 2592 4083 et
2617 4027 2910 4098 expunctis
2937 4035 3306 4082 mercatorum
3355 4027 3559 4083 tabulis

283 4135 494 4197 patrem
527 4126 774 4182 redemit.
829 4125 1127 4182 Andronici
1167 4125 1376 4182 scelere
1427 4125 1832 4194 incarccratus,
1865 4127 2130 4182 Manuelis
2181 4127 2382 4196 pietate
2429 4125 2698 4182 liberatus
2738 4123 2981 4181 Joannes
3012 4125 3146 4195 imp.
3179 4163 3196 4190 ,
3229 4123 3384 4179 illum
3425 4141 3552 4182 cum

284 4221 496 4278 Joanne
527 4221 636 4277 tilio
663 4221 1050 4286 exhazredavit,
1082 4221 1249 4277 istum
1283 4221 1495 4290 imperii
1532 4235 1920 4277 successorem
1972 4220 2076 4276 sibi
2114 4230 2334 4276 mortuo
2373 4220 2708 4290 designavit,
2749 4221 2962 4276 socium
3021 4221 3124 4276 sibi
3173 4221 3301 4278 vivo
3363 4222 3564 4278 ascivit

286 4335 432 4376 anno
457 4307 668 4376 circiter
690 4318 848 4376 1584.
884 4318 1252 4384 Andronicus,
1277 4318 1548 4389 ejusmodi
1575 4319 1875 4388 ignominia
1909 4318 1964 4374 in
1996 4318 2203 4374 rabiem
2234 4329 2412 4384 actus,
2445 4321 2512 4374 ad
2537 4319 2846 4390 Bajazetem
2879 4319 3188 4376 Turcorum
3213 4335 3398 4390 regem
3429 4335 3564 4376 con-

286 4411 463 4485 fugit;
491 4422 543 4472 et
563 4415 732 4485 copiis
763 4413 910 4469 illius
935 4413 1302 4469 auxiliaribus
1328 4413 1570 4482 adjutus,
1591 4413 2140 4484 {Constantinopolim
2165 4423 2463 4486 expugnat,
2493 4422 2706 4485 patrem
2745 4414 3085 4485 fratremque
3114 4418 3326 4471 carceri
3355 4416 3564 4470 manci-

285 4521 403 4584 pat,
435 4522 490 4568 et
516 4511 798 4582 imperium
828 4511 1056 4567 invadit.
1097 4511 1300 4566 Exacto
1337 4509 1394 4564 in
1416 4525 1640 4566 carcere
1670 4510 1907 4566 triennio
1929 4511 2173 4566 Joannes
2210 4521 2264 4564 et
2292 4511 2504 4566 Manucl
2549 4511 2691 4565 filius
2719 4512 2856 4566 salvi
2889 4512 3158 4579 evadunt,
3183 4520 3238 4566 et
3284 4511 3558 4582 Bajazetis

289 4611 528 4680 tyranni,
555 4609 870 4666 Andronico
898 4607 1224 4679 jamdudum
1269 4607 1588 4664 infensioris
1629 4608 1778 4673 facti,
1818 4607 2002 4664 favore
2020 4617 2076 4666 et
2104 4609 2324 4666 auxiliis
2349 4609 2461 4675 usi,
2497 4610 2784 4680 imperium
2818 4619 3173 4680 recuperarit,
3203 4619 3258 4664 et
3281 4609 3564 4664 Androni-

287 4726 414 4767 cum
447 4710 500 4763 in
535 4723 808 4764 carcerem
845 4715 1169 4779 perpetuum
1205 4705 1588 4762 abducendum
1605 4705 1805 4762 Turcis
1828 4707 2202 4763 committunt.
2227 4710 2387 4763 Anno
2425 4709 2557 4764 139!
2587 4707 2852 4763 defuncto
2879 4705 3095 4762 Joanne
3127 4713 3304 4776 patre,
3343 4704 3563 4760 Manuel

287 4804 442 4863 solus
478 4803 733 4873 deinceps
767 4816 998 4874 regnare
1028 4800 1229 4872 cmpit:
1261 4816 1499 4872 cumque
1531 4801 1747 4871 imperii
1771 4796 2112 4872 maiestatem
2146 4801 2413 4858 adversus
2446 4801 2719 4872 Bajazetis
2743 4799 3004 4855 ferociam
3031 4807 3353 4854 constanter
3377 4808 3566 4853 tuere-

290 4911 400 4966 tur,
427 4899 775 4956 decennalem
805 4897 991 4956 statim
1028 4912 1190 4970 regite
1213 4897 1365 4954 urbis
1397 4895 1742 4954 obsidionem
1771 4911 1966 4966 passus
1993 4904 2098 4952 est.
2131 4897 2250 4968 Ipse
2281 4897 2436 4952 urbis
2465 4911 2600 4952 cura
2627 4894 3056 4962 defensioneque
3089 4890 3316 4958 Joanni,
3342 4892 3587 4947 Andro-~'

291 4999 403 5054 nici
423 4997 610 5054 fratris
641 4996 772 5062 filio,
797 4995 1122 5064 commissa,
1151 4995 1208 5050 in
1228 4994 1582 5052 Occidentem
1612 5003 1844 5065 paterno
1869 4994 2122 5064 exemplo
2153 4993 2397 5050 subsidia
2429 5010 2459 5049 a
2492 4993 2702 5049 Latinis
2731 4993 3131 5062 impetraturus
3165 4988 3428 5060 navigat;
3465 5003 3565 5060 pa-

291 5104 447 5151 terno
477 5094 640 5148 etiam
668 5089 971 5147 infortunio
1001 5105 1155 5146 usus.
1178 5091 1476 5162 Postquam
1504 5089 1653 5145 enim
1690 5087 1925 5153 italiam,
1948 5089 2206 5154 Galliam,
2242 5088 2517 5161 Angliam,
2548 5087 2900 5144 Germaniam
2932 5095 2986 5140 et
3019 5083 3362 5140 Pannoniam
3397 5099 3562 5154 pera-

293 5199 522 5263 grasset,
571 5189 1128 5262 Constantinopolim-
1153 5189 1378 5245 demum
1423 5203 1480 5244 re
1499 5186 1701 5244 infecta
1751 5187 1935 5244 rediit.
1974 5188 2289 5258 Desperatis
2323 5188 2438 5244 fere
2479 5187 2645 5244 rebus
2675 5183 3310 5254 Constantinopolitanis
3342 5173 3569 5238 aliunde

291 5288 463 5345 eluxit
491 5287 661 5343 salus.
693 5284 1016 5341 Tamerlane
1041 5283 1190 5340 enim
1223 5282 1586 5340 Tartarorum
1621 5282 1868 5353 principe
1906 5284 1975 5339 ad
2009 5284 2298 5355 suppetias
2325 5282 2562 5338 Manueli
2611 5280 2868 5336 ferendas
2901 5294 3029 5336 cum
3062 5279 3271 5350 ingenti
3305 5277 3558 5333 exercitu

290 5382 594 5447 advolante,
625 5381 903 5449 Bajazetes
926 5395 1073 5434 anno
1103 5378 1236 5435 1401
1269 5378 1616 5436 obsidionem
1648 5377 1834 5442 solvit,
1857 5385 1913 5434 et
1933 5379 2236 5435 commisso
2265 5392 2414 5434 anno
2442 5377 2692 5448 sequenti
2717 5391 2842 5431 cum
2881 5375 3134 5431 Tartaris
3170 5374 3357 5446 praelio
3386 5373 3570 5428 vinei-

295 5489 378 5534 tur
409 5495 472 5535 ac
499 5478 749 5548 captivus
781 5476 1088 5532 abducitur.
1119 5475 1336 5532 Manuei
1365 5476 1644 5532 exstincto
1674 5485 1908 5546 tyranno
1943 5483 2263 5546 perpetuam
2295 5490 2420 5530 cum
2449 5473 2760 5529 Mabometo
2801 5471 2924 5544 ejus
2949 5471 3066 5526 lilio
3103 5485 3293 5542 pacem
3324 5469 3488 5524 iniit:
3515 5477 3572 5523 et

291 5575 574 5647 imperium
602 5574 862 5642 deinceps
893 5587 1123 5629 securus
1163 5573 1360 5628 tenuit.
1400 5569 1570 5635 Obiit,
1600 5571 1684 5625 uti
1721 5570 1937 5636 v‘oiunt,
1977 5584 2124 5626 anno
2157 5569 2316 5639 ms,
2371 5567 2574 5626 rectius
2607 5581 2740 5624 vero
2769 5566 2928 5634 1425,
2961 5571 3252 5637 postquam
3283 5561 3439 5619 senio
3472 5562 3567 5618 de.

293 5670 414 5728 bilis
441 5669 658 5742 imperii
689 5667 994 5738 lampadem
1024 5665 1225 5724 Joanni
1258 5666 1368 5725 lilio
1395 5681 1538 5723 anno
1571 5665 1707 5724 Hi9
1742 5663 2082 5722 tradidisset.
2157 5653 2160 5656 ’
