3972 6448
231 429 291 492 93
564 392 577 409 ’
684 371 715 385 ”
789 381 798 388 ’
1067 415 1349 481 ORATIO
1389 411 1476 476 IN
1519 404 2070 472 nonnrrtoxen
2114 398 2218 463 ss.
2262 388 2644 457 omnes.
2758 404 2803 489 λι
3399 366 3470 427 in

237 530 384 593 dixit,
419 520 722 582 laudationi
764 521 1020 592 imposuit
1053 512 1387 572 coronidem.
1451 496 1576 565 Haec
1646 505 1786 561 enim
1812 506 1863 564 A
1906 500 2156 573 produxit
2188 512 2219 552 e
2242 496 2432 551 nihilo.
2473 492 2553 545 Tu
2590 506 2718 548 vero
2755 480 2874 571 cum
2905 487 3011 542 illis
3059 488 3126 542 de
3179 485 3465 540 nobilitate

238 560 384 593 "tuo,
422 560 722 582 ιιυυιιιυιιι
765 560 1020 592 ιιιιγυου..
1055 560 1387 572 νει-νμ--ν-κ-
1451 560 1572 565 ν---
1658 560 1667 561 -
1812 560 1859 564 ,-
1906 560 1921 573 _

238 632 410 676 revera
436 626 523 673 est
553 628 769 671 summa
807 610 1180 691 encomiorum
1207 646 1224 670 ,
1271 614 1629 674 quaecumque
1676 610 1788 654 non
1907 601 2120 652 naturae
2149 603 2488 659 nequaquam
2520 560 2846 645 certaveris,
2880 597 3087 636 tuemur
3125 580 3243 647 ejus
3269 621 3283 641 ,
3318 578 3469 646 quod

240 710 393 766 modo
414 709 600 777 lingua
636 706 940 766 hominum,
980 700 1076 758 sed
1106 701 1350 770 ipsorum
1383 690 1604 765 quoque
1637 692 1705 746 de
1737 698 1788 745 te

240 798 473 870 proferat
500 798 839 864 angelorum.
876 792 1016 860 Quid
1048 792 1194 846 enim
1229 789 1296 843 ad
1326 786 1544 842 laudem
1577 790 1789 837 tantum

242 892 396 954 valet,
417 901 681 961 quantum
713 902 958 945 asserere
979 887 1156 956 ipsam
1188 891 1241 937 te
1278 878 1593 936 Divinitatis
1638 875 1789 930 llam-

242 1000 377 1041 mam
403 976 713 1053 suscepisse
747 989 943 1044 utero,
996 986 1052 1034 et
1102 974 1414 1047 purissimae
1461 971 1611 1025 illius
1659 966 1799 1021 lucis

161 1092 187 1148 ‘_
243 1093 398 1148 supra
423 1093 612 1134 omnes
635 1086 916 1131 creaturas
949 1077 1252 1140 compotem
1300 1066 1497 1122 factam
1523 1103 1538 1126 ,
1585 1061 1793 1116 nullum

245 1180 417 1226 tamen
471 1167 597 1223 inde
648 1167 1034 1224 detrimentum
1082 1159 1339 1234 passam?
1388 1156 1528 1224 Quid
1580 1153 1826 1207 tandem’

244 1265 420 1327 fuerit,
446 1262 592 1332 quod
621 1261 781 1330 longe
808 1258 1034 1313 inferius
1068 1244 1175 1309 non
1207 1252 1318 1309 sit?
1354 1250 1536 1315 Quare
1566 1244 1804 1314 appella-

242 1357 386 1409 tione
414 1355 518 1408 hac
555 1352 710 1421 quasi
741 1348 979 1420 generali
1002 1346 1237 1415 quodam
1270 1341 1458 1402 titulo,
1484 1352 1608 1392 eum
1636 1332 1801 1388 animi

244 1449 485 1506 studium
516 1456 569 1504 et
593 1446 929 1504 voluntatem
962 1442 1096 1497 satis
1133 1433 1594 1500 declaraverimns
1623 1468 1640 1494 ,
1677 1441 1806 1495 spe.

243 1542 472 1596 cialibus
518 1554 626 1594 non
675 1533 1006 1591 abutendum
1063 1530 1431 1587 arbitramur:
1499 1522 1602 1577 hoc
1659 1518 1805 1574 enim

1905 701 1938 742 ι
1976 694 2073 740 tuo
2095 698 2297 754 proavo
2318 682 2517 735 dictum
2546 686 2631 732 est
2660 676 2727 731 de
2777 676 3058 729 Salvatore
3101 680 3309 735 nostro,
3342 684 3470 723 cum

1904 775 2080 836 solam
2129 777 2183 830 in
2224 789 2291 829 eo
2334 772 2617 826 mortalem
2666 777 2873 838 partem
2904 767 3275 820 consideraret
3310 780 3322 817 :
3366 759 3472 814 Mi-

1907 872 2063 926 nuisli
2083 886 2197 922 eum
2220 868 2379 935 paulo
2404 866 2574 919 minus
2599 863 2665 917 ab
2693 860 2890 931 angelis
2915 856 3102 927 (Hebr.
3126 873 3187 920 tt,
3210 857 3239 907 7
3258 856 3298 921 l,
3339 867 3475 920 quo-

1906 977 2031 1015 rum
2064 960 2130 1013 ab
2162 958 2320 1012 initio
2349 954 2555 1009 natura?
2572 952 2790 1008 condita
2841 950 2941 1003 fuit
2990 946 3336 1001 immortalis.
3364 942 3480 997 Car.

1911 1061 2083 1106 ternm
2132 1048 2279 1118 quod
2326 1047 2518 1112 attinet
2570 1045 2635 1099 ad
2689 1043 2916 1113 gloriam
2977 1049 3032 1094 et
3084 1037 3426 1108 splendorem
3459 1034 3483 1097 ,'

1908 1157 2069 1212 quem
2102 1140 2270 1194 habes
2300 1139 2354 1193 in
2394 1138 2529 1199 Deo,
2558 1147 2945 1201 summumque
2966 1130 3021 1185 in
3053 1137 3106 1183 te
3131 1124 3477 1185 miraculum,

1909 1234 2036 1288 licet
2073 1230 2478 1286 modestissima
2511 1229 2586 1283 sis
2618 1268 2634 1293 ,
2690 1226 2798 1280 illis
2831 1235 3175 1291 nequaquam
3201 1214 3433 1273 cesseris
3463 1230 3478 1266 :

1914 1340 2037 1379 nam
2072 1324 2117 1378 si
2144 1324 2269 1393 quis
2294 1323 2391 1376 tibi
2423 1320 2674 1376 conferre
2691 1319 2821 1374 velit
2860 1313 3201 1371 substantias
3232 1306 3484 1375 corporis

1913 1426 2183 1485 expertes,
2222 1414 2456 1470 inveniet
2489 1414 2583 1482 (ut
2613 1409 2815 1465 Paulus
2843 1404 3061 1476 inquit)
3098 1417 3196 1458 eas
3221 1415 3347 1456 esse
3390 1397 3488 1452 ade

1918 1504 2351 1562 ministratorios
2375 1502 2618 1571 spiritus,
2650 1501 2742 1568 qui
2771 1498 2837 1552 ad
2863 1493 3223 1551 ministerium
3252 1488 3486 1542 mittun-

172 1141 194 1227 i

242 1635 403 1704 plane
429 1642 577 1688 esset
629 1626 1032 1692 existimantis,
1076 1619 1351 1693 perveniri
1401 1616 1594 1672 saltem
1644 1624 1808 1681 posse
1862 1682 1865 1689 Ι

244 1740 411 1793 prepe
438 1723 517 1785 id,
552 1722 698 1793 quod
736 1719 1019 1779 condeCct,
1058 1728 1184 1768 cum
1209 1726 1311 1766 nee
1351 1708 1464 1763 fieri
1495 1702 1690 1775 possit,
1708 1715 1809 1755 nec

243 1833 272 1868 a
296 1816 496 1870 mentis
536 1828 680 1869 sanae
710 1812 825 1866 viro
853 1806 1097 1879 sperari»,
1133 1803 1360 1875 perinde
1414 1814 1477 1853 ac
1510 1797 1553 1852 si
1587 1794 1710 1866 quis
1740 1791 1805 1846 ad

1918 1610 2033 1664 tur,
2051 1603 2271 1666 prepter
2292 1610 2408 1654 eos.
2430 1592 2525 1664 qui
2554 1591 2917 1646 haereditatem
2944 1576 3155 1654 capient
3191 1580 3418 1637 salutis:
3440 1587 3493 1632 te

1921 1699 2103 1748 autem
2133 1732 2150 1757 ,
2192 1704 2225 1742 o
2251 1687 2417 1758 Virgo
2444 1725 2461 1751 ,
2512 1683 2899 1754 primitiarum,
2935 1686 2988 1733 et
3026 1670 3492 1751 reconciliationis

1923 1788 2034 1841 vim
2076 1785 2411 1839 obtinentem
2436 1778 2577 1848 apud
2608 1790 2756 1839 eum,
2798 1770 2890 1842 qui
2918 1767 3171 1838 primitiae
3207 1773 3261 1818 et
3302 1776 3494 1815 recon-

245 1852 272 1868 ll
296 1852 496 1870 luo-lucu
536 1852 680 1869 σηιιιυ
717 1852 824 1866 νην
853 1852 1062 1879 sfw..."-
1085 1852 1097 1867 ,
1136 1852 1218 1875 rv-
1236 1852 1355 1857 ------
1418 1852 1471 1853 η-
1606 1852 1621 1866 ι

245 1906 687 1976 restinguendam
717 1900 1248 1960 vehementissimam
1290 1894 1462 1956 sitim,
1514 1903 1620 1958 qua
1688 1899 1810 1938 rna-
1840 1864 1890 1923 Β
1928 1877 2138 1932 ciliatio
2161 1884 2244 1929 est
2281 1871 2424 1941 apud
2457 1883 2619 1924 suum
2665 1864 2881 1919 Patrem
2942 1863 3179 1913 immane
3220 1852 3493 1907 infensum

2099 1968 2112 1976 .
2197 1967 2210 1976 .
2267 1966 2278 1976 .
2327 1965 2335 1976 .
2415 1963 2426 1975 ι
2639 1974 2650 1976 -
2681 1952 3005 1976 ,-_-:_-.:--:-
3086 1948 3147 1976 lh
3180 1946 3319 1976 ...εζητ
3357 1938 3472 1976 {non

248 1999 390 2053 xime
438 2003 795 2068 premeretur,
831 1990 1186 2064 persuaderet
1211 1987 1338 2050 sibi,
1363 1977 1813 2054 possefacillime

253 2104 445 2183 aqpam
476 2103 690 2143 omnem
749 2083 1044 2140 exhaurire
1059 2079 1378 2152 potabilem,
1402 2085 1459 2130 et
1479 2070 1707 2143 proinde
1729 2068 1815 2122 in-

462 2179 502 2183 _
581 2178 595 2183 -
898 2175 957 2183 _.
1310 2167 1326 2183 .
1431 2174 1521 2183 .--
1581 2161 1793 2183 -m----

258 2161 433 2249 teiros
462 2178 767 2247 Euphrates
810 2183 867 2231 et
898 2175 1087 2244 Tigres
1128 2167 1523 2241 aggrederetur
1574 2161 1816 2217 ebibere.

266 2269 389 2324 Nam
415 2284 514 2323 nec
554 2268 644 2322 ille
669 2267 869 2322 mentis
902 2250 1128 2333 compos
1179 2260 1478 2321 haberetur
1509 2268 1539 2308 a
1562 2250 1821 2322 sapienti-

271 2362 381 2424 bus,
405 2376 502 2416 nec
528 2359 629 2429 ipsi
662 2359 706 2415 si
740 2352 1222 2413 vehementissimo
1252 2364 1380 2420 erga
1405 2352 1460 2402 te
1488 2342 1816 2401 insanientis

261 2452 421 2507 animi
458 2428 642 2517 studio
675 2446 943 2517 compulsi
984 2445 1227 2500 laborem
1255 2440 1589 2498 subiremus.
1625 2433 1717 2503 qui
1748 2428 1817 2484 ad

260 2546 417 2599 ﬁnem
445 2543 665 2615 perduci
685 2520 801 2596 ’non
830 2546 1027 2610 potest,
1065 2535 1245 2593 conati
1274 2531 1526 2587 videlicet
1558 2528 1819 2597 hymnum

258 2641 367 2691 tuis
402 2636 606 2689 meritis
660 2632 1076 2702 respondentem
1125 2626 1341 2682 oﬂ'erre.
1374 2620 1507 2675 Nam
1555 2619 1697 2673 sicut
1734 2629 1823 2668 ve-

256 2729 444 2784 cordis
469 2736 614 2783 esset
644 2726 902 2781 arbitrari
951 2721 1245 2777 lueidiores
1286 2716 1399 2771 fieri
1442 2711 1627 2768 radios
1682 2706 1795 2762 mul

260 2831 442 2875 tarum
475 2835 575 2890 ope
598 2820 969 2879 lucernarum,
1000 2821 1094 2867 aut
1123 2814 1452 2865 immensum
1471 2805 1576 2858 hoc
1602 2801 1825 2872 pelagus

265 2910 435 2965 unius
487 2917 653 2979 guttae
683 2905 990 2976 adiectione
1020 2901 1227 2970 augeri,
1257 2896 1513 2952 similiter
1543 2900 1597 2947 et
1622 2888 1825 2945 conari

266 2999 515 3054 laudibus
545 3008 615 3059 te,
647 2994 833 3066 Virgo,
869 2994 1131 3048 extollere
1161 3004 1256 3043 vas
1285 2988 1555 3042 donorum
1580 2979 1824 3035 omnium

265 3092 575 3148 divinorum
609 3088 850 3157 plenum,
880 3094 1138 3150 tantaque
1165 3078 1513 3136 sublimatam
1539 3071 1825 3143 dignitate,

266 3194 329 3243 ut
354 3199 472 3239 eam
500 3183 584 3236 vel
609 3182 809 3251 lingere
837 3177 987 3231 nulla
1013 3189 1167 3229 mens
1199 3171 1406 3241 possit:
1440 3166 1711 3236 siquidem
1741 3162 1826 3216 iu-

1929 1968 2136 2040 geueri.
2160 1967 2230 2020 ob
2266 1963 2520 2033 injuriam
2547 1952 3028 2031 praevaricationis.
3086 1948 3152 2002 Ut
3178 1946 3321 2001 enim
3357 1938 3496 2012 ipse,

1928 2034 2055 2130 quia
2090 2056 2285 2122 Filius,
2319 2052 2462 2122 apud
2493 2051 2803 2107 Genitorem
2839 2042 3183 2116 propitiatio,
3216 2048 3270 2091 tu
3298 2034 3500 2105 pariter

1931 2149 2073 2220 apud
2109 2149 2289 2218 ipsum
2342 2136 2532 2214 utpote
2569 2139 2840 2195 Genitrix.
2884 2133 3100 2200 Quanto
3151 2130 3316 2197 igitur
3363 2139 3500 2194 prmo

1935 2215 2170 2300 stantius
2200 2240 2300 2294 hoc
2326 2251 2409 2292 est
2435 2235 2653 2288 illorum
2689 2229 2888 2294 officio,
2918 2233 3071 2280 tanto
3100 2230 3158 2275 tu
3188 2219 3318 2272 illis.
3349 2215 3500 2281 Qua-

1937 2337 2163 2401 propter
2191 2315 2397 2395 optimo
2425 2320 2658 2376 consilio
2688 2324 2923 2371 mentem
2956 2328 3020 2366 ac
3060 2312 3300 2378 linguam
3333 2303 3505 2358 conti-

1937 2435 2068 2477 nere
2094 2416 2336 2479 decrevi,
2369 2428 2491 2484 quae
2522 2413 2589 2466 ad
2607 2406 2904 2464 nectendas
2936 2403 3125 2459 laudes
3144 2398 3391 2471 prosilire
3414 2409 3506 2448 ca-

1937 2521 2087 2576 vent,
2116 2518 2172 2564 et
2204 2506 2386 2562 favent
2409 2505 2474 2558 ad
2505 2503 2609 2556 hoc
2640 2498 2773 2554 mihi
2814 2496 3139 2558 luculenter,
3177 2489 3268 2559 qui
3303 2503 3332 2541 a
3359 2485 3509 2555 prin—

1942 2604 2084 2673 cipio
2113 2614 2292 2669 usque
2321 2596 2500 2650 adhuc
2534 2591 2777 2661 egregias
2826 2588 2924 2642 tibi
2973 2585 3368 2645 contexne‘runt
3409 2589 3509 2628 en—

1943 2694 2246 2753 comiorum
2270 2703 2525 2745 coronas.
2552 2684 2730 2739 Taceo
2774 2679 3086 2749 angelorum
3134 2672 3378 2734 ordines,
3416 2666 3508 2737 qui

1947 2786 2079 2842 mihi
2111 2783 2367 2838 videntur
2408 2774 2857 2849 praeclarissimas
2903 2768 3000 2823 tibi
3058 2767 3289 2836 hymnos
3330 2760 3512 2812 tacitis

1947 2878 2242 2936 concinere
2265 2872 2535 2933 vocibus',
2588 2863 2979 2936 stupendisqne
3029 2852 3353 2927 prscconiis,
3395 2861 3515 2918 qua:

1950 2966 2262 3024 mortalium
2286 2978 2439 3019 mens
2464 2973 2659 3029 capere
2683 2971 2789 3010 non
2816 2959 2998 3022 queat.
3024 2946 3346 3002 lnfcriurum
3368 2954 3516 2992 men-

1950 3064 2150 3120 tionem
2181 3058 2395 3113 faciam.
2417 3054 2645 3121 Quinam
2669 3063 2800 3103 vero
2828 3045 2945 3117 illi?
2970 3040 3271 3107 Pmphetae,
3294 3041 3518 3102 aposto-

1950 3158 2128 3213 lorum
2179 3159 2377 3215 cmtus,
2417 3144 2732 3216 pontificum
2785 3147 3013 3191 catervae
3040 3171 3054 3196 ,
3094 3137 3399 3183 oratorum-
3426 3136 3518 3175 so-

270 3212 329 3243 ιιι
354 3212 472 3239 eam
503 3212 584 3236 ‘Cl
610 3212 809 3251 "uss-[Ic
837 3212 987 3231 uruuu
1014 3212 1167 3229 ιιινιω
1200 3212 1370 3241 rum...
1393 3212 1406 3222 .
1440 3212 1711 3236 -..1---..---_
1742 3212 1795 3216 η.
1956 3212 1967 3213 -
2363 3212 2371 3215 ν
2421 3212 2435 3216 _

270 3253 1806 3343 circumscriptum,nulliscontentumspatiis,iuaccessi
1869 3255 1914 3319 C
1955 3249 2368 3321 phistarumque
2398 3238 2640 3307 ipsorum
2670 3232 2727 3286 in
2772 3244 2832 3285 re
2875 3221 3180 3293 theologica
3226 3212 3521 3272 celeberri—

2297 3339 2305 3343 -
2359 3330 2370 3343 ο
2655 3321 2913 3343 -ι--ι..ε-,..
2953 3328 3150 3343 ...ηιμ-ιι
3194 3308 3521 3343 οισίηιίΛι-ιηη

272 3366 434 3424 bilem
468 3366 572 3435 ipsi
601 3364 762 3420 etiam
796 3369 1006 3416 natura;
1032 3355 1300 3428 spirituali
1331 3392 1347 3417 ,
1404 3359 1693 3421 postquam
1725 3345 1837 3402 cir-

276 3458 614 3527 cumscripto
677 3462 771 3508 tuo
798 3460 952 3507 utero
977 3450 1150 3504 voluit
1170 3441 1576 3506 circumscribi,
1605 3438 1837 3494 circum-

279 3552 539 3619 scriptum
581 3547 793 3603 efﬁcere
824 3541 1073 3615 potuisti,
1105 3548 1162 3596 et
1203 3537 1383 3609 spatio
1414 3539 1754 3594 contentum,
1785 3535 1842 3585 et

280 3642 654 3705 accessibilem
701 3637 800 3693 tibi
861 3635 1160 3689 secundum
1229 3625 1585 3705 hypostasim.
1633 3622 1840 3688 Captus

278 3736 423 3799 enim
454 3743 540 3790 est
574 3732 672 3805 (ut
699 3731 772 3784 ita
798 3729 975 3784 dicam
1002 3727 1019 3787 )
1053 3724 1248 3779 animae
1279 3732 1385 3776 tuae
1412 3701 1842 3789 pulchritudine,

280 3832 372 3903 qui
395 3844 507 3884 non
567 3825 814 3894 subiacet
864 3818 1146 3875 affectibus
1191 3814 1399 3879 animi,
1459 3819 1512 3864 et
1552 3808 1845 3862 conclusus

283 3901 461 3994 spatio
485 3926 570 3976 est
599 3918 651 3973 in
689 3927 761 3981 te,
787 3915 878 3984 qui
903 3911 1074 3967 nullis
1105 3907 1408 3964 includitur
1439 3901 1690 3958 terminis
1717 3939 1732 3965 ,
1765 3907 1848 3952 te-

284 4030 391 4086 que
414 4026 641 4070 suorum
672 4010 938 4065 donorum
972 4003 1103 4059 fecit
1125 4002 1470 4059 thesaurum,
1504 4001 1559 4049 et
1601 4004 1846 4062 promam

285 4104 543 4161 condam.
571 4100 682 4155 lloc
702 4111 755 4155 te
782 4094 1125 4168 mysterium,
1156 4101 1216 4146 ut
1242 4104 1364 4157 qua;
1386 4086 1558 4145 nullis
1580 4089 1848 4137 arctatum

1960 3351 2173 3394 morum
2198 3375 2214 3400 ,
2258 3339 2314 3387 et
2358 3330 2413 3384 in
2465 3325 2615 3381 omni
2649 3321 2914 3377 doctrinae
2952 3328 3151 3386 genere
3193 3308 3521 3366 eximiorum

1960 3443 2069 3488 tam
2102 3434 2326 3491 nostrae,
2357 3436 2516 3492 quam
2552 3425 2857 3478 extraneae;
2879 3419 2936 3467 et
2979 3409 3026 3463 si
3056 3410 3284 3459 venuste
3342 3398 3528 3454 dicen-

1962 3526 2089 3582 dum
2129 3528 2212 3576 est
2247 3512 2498 3585 aliquid,‘
2524 3508 2871 3565 confessores
2905 3515 3016 3555 sua:
3065 3497 3187 3552 vitae
3212 3489 3486 3547 curriculo
3511 3526 3527 3552 ,

1966 3627 2232 3685 martyres
2259 3624 2353 3678 per
2380 3620 2466 3664 ea.
2495 3616 2616 3672 quae
2641 3595 2782 3667 passi
2813 3601 2961 3657 sunt,
2993 3601 3158 3643 voces
3186 3599 3250 3640 ex
3282 3596 3376 3635 ore
3410 3580 3531 3632 illo-

1968 3725 2088 3763 rum
2109 3667 2376 3773 Jprofectie
2419 3667 2595 3749 adhuc
2623 3691 2706 3743 lac
2741 3684 3049 3739 redolentes
3080 3676 3383 3732 clamabant
3420 3667 3533 3720 Ho-

1972 3810 2181 3855 sanna:
2208 3794 2327 3862 ipse
2355 3789 2497 3843 inter
2547 3790 2705 3836 natos
2737 3774 3025 3830 mulierum
3057 3766 3229 3835 major
3252 3802 3268 3826 ,
3300 3761 3391 3830 qui
3425 3758 3534 3813 sal-

1972 3893 2120 3946 tibus
2148 3852 2501 3940 Cohditorem
2532 3868 2846 3929 celebravit,
2871 3863 3050 3917 adhuc
3091 3857 3303 3927 positus
3334 3852 3387 3904 in
3415 3865 3534 3902 ma-

1973 3984 2075 4039 tris
2101 3970 2277 4040 utero,
2305 3984 2430 4027 cum
2460 3964 2635 4022 cilicio
2668 3962 2864 4029 linguae
2911 3955 2986 4007 uti
3037 3965 3145 4004 non
3197 3951 3381 4016 posset
3412 3980 3427 4005 ,
3464 3947 3535 4009 ,ει

1975 4031 2287 4131 summatim
2319 4059 2574 4133 quisquis
2632 4051 2773 4108 Filio
2819 4057 2912 4101 tuo
2964 4039 3240 4113 quidpiam
3292 4031 3532 4089 obtulit,

289 4191 538 4249 terminis
570 4197 723 4244 utero
753 4184 1071 4253 suscepisti,
1102 4189 1157 4235 et
1187 4177 1482 4234 Cherubin]
1518 4174 1642 4228 fecit
1674 4171 1851 4226 lieno-

291 4281 627 4352 rabiliorem,
652 4286 706 4333 et
735 4275 1020 4346 Seraphim
1054 4270 1429 4341 gloriosiorcm
1459 4307 1473 4329 ,
1516 4264 1598 4319 vel
1629 4274 1856 4328 compa-

294 4377 507 4432 ratione
535 4373 657 4442 ipsa
692 4369 835 4425 haud
869 4366 1032 4422 facili.
1062 4364 1195 4417 Nam
1237 4370 1500 4431 quantum
1551 4357 1693 4409 inter
1745 4352 1858 4422 glo-

296 4468 432 4525 riam
469 4477 644 4526 tuam,
668 4472 1052 4527 summumque
1076 4456 1394 4523 angelorum
1425 4448 1668 4502 ordinem
1690 4445 1859 4498 inter-

299 4561 398 4624 sit,
427 4557 583 4613 solus
614 4552 825 4607 noverit
850 4550 1016 4612 Deus,
1042 4555 1257 4616 captum
1286 4556 1414 4596 vero
1458 4536 1750 4591 humanum
1780 4533 1864 4587 fu-

297 4650 380 4724 git
404 4644 650 4708 omnino,
675 4641 811 4695 adeo
838 4637 1090 4707 superior
1125 4649 1185 4689 es
1224 4632 1478 4687 universa
1512 4637 1707 4679 natura
1749 4622 1864 4688 spi-

301 4742 531 4794 rituum.
563 4733 738 4786 Taceo
764 4730 906 4785 enim
938 4740 1110 4797 genus
1144 4732 1392 4777 nostrum

302 4834 417 4888 Deo
439 4831 517 4884 sis
566 4825 830 4895 proxima,
873 4818 1112 4886 nihilque
1141 4810 1523 4870 intermedium
1554 4806 1702 4862 siuas
1728 4804 1870 4858 inter

266 4978 273 4985 .
304 4936 362 4980 te
389 4894 652 4987 tuumque
684 4914 878 4969 Filium
908 4952 921 4978 ,
947 4909 1092 4979 quod
1120 4902 1592 4962 demonstratione
1630 4896 1735 4949 ulla
1786 4894 1872 4947 in-

306 5016 496 5084 digere
528 4984 634 5063 non
663 5009 918 5060 arbitror.
943 4998 1077 5053 Nam
1106 4997 1151 5052 si
1193 5005 1248 5048 tu
1284 5007 1388 5046 una
1437 5003 1562 5067 eqm
1615 4984 1758 5056 Filio
1809 4998 1868 5036 es

312 5103 443 5175 (qui
470 5101 614 5155 enim
646 5093 872 5163 aliter?)
901 5092 990 5144 ille
1016 5104 1142 5144 vero
1187 5099 1311 5141 cum
1358 5081 1517 5134 Patre
1542 5118 1556 5140 ,
1612 5085 1666 5131 ct
1712 5075 1877 5128 l‘ara-

312 5160 482 5260 etim,
510 5186 678 5253 liquet
704 5197 823 5237 esse
854 5160 950 5232 tibi
982 5176 1157 5229 locum
1190 5172 1331 5240 apud
1363 5169 1504 5230 illos,
1531 5178 1640 5233 quo
1697 5160 1879 5215 nullus

316 5256 389 5335 sit
414 5277 668 5348 dignior;
699 5287 868 5341 quare
893 5277 946 5323 et
972 5263 1231 5320 ineffabili
1250 5261 1480 5339 illinunt
1532 5256 1716 5325 gloria:
1759 5260 1882 5304 tan-

320 5380 429 5434 tam
457 5368 622 5421 babes
651 5362 1009 5417 vicinitatem,
1041 5364 1302 5424 quautam
1338 5364 1436 5403 nec
1470 5346 1741 5400 maximus
1770 5355 1883 5403 cte-

322 5461 537 5516 lcstium
569 5454 829 5510 mentium
863 5449 1020 5502 ordo.
1048 5445 1199 5498 Hanc
1231 5446 1390 5511 porro
1420 5443 1666 5505 assecuta
1701 5440 1761 5485 es
1788 5470 1802 5494 ,
1851 5444 1885 5483 ο

327 5549 693 5608 immaculata,
728 5555 947 5611 prepter
1000 5535 1294 5591 voluntatis
1345 5541 1451 5584 tuae
1500 5523 1884 5595 propositum,

326 5658 448 5714 qua!
474 5642 632 5696 etiam
676 5634 915 5690 ostendit
945 5642 1191 5685 naturam
1222 5630 1413 5692 suapte
1458 5626 1649 5689 sponte
1689 5614 1891 5684 perha-

330 5736 490 5789 bilem
521 5731 587 5785 ad
621 5742 812 5784 revera
843 5726 1062 5779 bonum.
1097 5719 1357 5773 Naturam
1390 5714 1536 5768 enim
1577 5728 1702 5766 esse
1735 5708 1897 5780 angel-

334 5826 403 5908 lis
431 5825 765 5907 superiorem
813 5818 890 5874 illi
936 5815 1038 5880 soli
1096 5810 1388 5883 convenit,
1440 5807 1533 5881 qui
1584 5804 1897 5875 universum

1978 4122 2483 4227 d‘u-tnilli‘gloriam'
2497 4148 2789 4206 tribueret,
2821 4147 2874 4194 te
2904 4147 3121 4207 quoque
3149 4128 3337 4199 gloria:
3368 4122 3539 4225 parti-

1979 4258 2151 4326 cipem
2170 4213 2498 4307 declarabat,
2518 4236 2756 4309 quando,
2770 4229 2995 4302 quidem
3016 4225 3080 4281 ad
3106 4227 3360 4294 parentes
3375 4213 3539 4269 etiam

1983 4324 2263 4402 referenda
2299 4341 2429 4392 sunt
2457 4346 2580 4403 quae
2607 4326 2719 4382 nati
2751 4324 2970 4378 habent.

2051 4398 2214 4492 (ierte
2244 4429 2449 4485 multos
2469 4398 2523 4479 et
2546 4418 2793 4491 egregios
2819 4414 2874 4469 in
2912 4406 3128 4466 dicendi
3173 4401 3434 4458 facultate
3463 4398 3546 4451 vi-

1986 4533 2179 4587 demus
2210 4526 2486 4591 quotquot
2531 4516 2585 4568 in
2635 4520 2854 4565 tuarum
2907 4500 3128 4558 laudum
3173 4497 3398 4567 pelagus
3424 4505 3549 4545 sese

1985 4624 2273 4682 dederunt,
2302 4585 2419 4682 qui,
2460 4615 2515 4663 et
2561 4604 2765 4673 optima
2816 4594 3170 4652 dicendorum
3213 4585 3547 4644 inventione,

1443 4716 1668 4781 mortale
1697 4754 1713 4774 ,
1740 4726 1838 4764 cun

1985 4724 2039 4770 et
2102 4710 2381 4765 luculenta
2447 4694 2800 4754 narratione,
2852 4692 3178 4748 summoque
3235 4674 3446 4737 ordine,
3497 4678 3553 4725 et

1989 4801 2295 4863 admirabili
2324 4801 2545 4857 ornatu,
2582 4796 2660 4844 tot
2699 4780 2956 4848 tantaque
2977 4776 3390 4842 congesserunt,
3416 4775 3555 4849 quot

1991 4899 2074 4953 vel
2108 4900 2349 4950 ameute
2435 4882 2669 4941 inveniri
2738 4881 2989 4948 poterant
3045 4862 3281 4921 immuni
3332 4866 3557 4930 peccato

1992 4989 2339 5044 obscurante,
2380 4977 2464 5031 vel
2509 4969 2753 5029 enarrari
2795 4980 2823 5018 a
2858 4963 3041 5031 lingua
3083 4960 3406 5009 cunctarum
3466 4962 3559 5018 pe-

1998 5083 2097 5136 rita
2129 5074 2545 5142 disciplinarum
2578 5065 2819 5119 climata.

2068 5169 2174 5225 Sed
2202 5133 2402 5221 lio-rum
2434 5160 2811 5214 universorum
2849 5143 3100 5218 quamvis
3141 5146 3291 5195 tanta
3320 5133 3560 5207 polleant

1997 5258 2311 5320 vidicendi,
2339 5254 2476 5310 adeo
2499 5256 2626 5303 sunt
2658 5243 2918 5299 inferiora
2961 5249 3051 5291 tuo
3093 5232 3310 5292 merito,
3350 5236 3558 5282 tantum

2000 5332 2060 5419 ut
2100 5316 2323 5412 distent,
2351 5352 2614 5414 quantum
2654 5352 2681 5389 a
2712 5345 2788 5401 te,
2815 5347 2936 5401 quae
2960 5324 3226 5386 laudaris,
3250 5322 3341 5392 qui
3376 5316 3567 5372 laudes

2002 5444 2255 5502 offerunt,
2296 5439 2419 5491 licet
2450 5433 2609 5487 etiam
2646 5425 2891 5481 collectis
2925 5419 3169 5475 omnium
3214 5407 3568 5485 perfectioni—

2008 5541 2110 5594 bus
2142 5549 2247 5589 una
2275 5529 2402 5600 quis
2441 5519 2904 5580 absolutissimum
2931 5511 3222 5567 conﬁceret
3244 5503 3568 5559 orationem.

2010 5625 2155 5681 Adeo
2189 5621 2322 5677 nihil
2360 5614 2606 5673 invenire
2638 5620 2722 5665 est
2763 5607 2871 5663 tuis
2906 5601 3158 5658 laudibus
3189 5594 3525 5650 offerendum
3554 5604 3573 5653 ;

2013 5715 2155 5788 quod
2189 5712 2361 5785 possit
2416 5722 2582 5780 prope
2616 5700 2879 5758 accedere
2923 5697 2991 5751 ad
3033 5693 3083 5748 id
3110 5688 3252 5760 quod
3286 5695 3339 5740 te
3366 5681 3570 5739 conde.

2014 5817 2118 5863 cet.
2146 5802 2385 5873 Namque
2417 5776 2609 5853 anima:
2641 5803 2747 5848 tuae
2795 5789 2972 5860 fulgor
3013 5795 3178 5853 supra
3231 5776 3439 5832 soleres
3480 5785 3566 5826 ra-
