3972 6450
514 376 583 437 95
636 415 662 436 .-
1635 346 1649 357 ’
1711 373 2112 436 MANUELIS
2147 325 2594 432 mmemor
3669 368 3736 430 as

515 485 636 536 dios
662 525 676 548 ,
711 491 762 536 et
795 483 906 536 fere
963 483 1168 537 nullum
1203 480 1411 536 habens
1451 480 1630 544 finem,
1666 481 1778 534 sive
1827 479 2064 532 laudem.
2103 473 2149 532 A
2189 474 2390 534 dicam,
2415 473 2656 543 insertas
2685 448 2963 528 habebunt
3003 473 3179 542 ipsius
3216 475 3424 540 laudes,
3474 454 3572 534 etsi
3604 481 3728 535 nihil

510 578 626 629 sive
663 578 931 644 plausum,
965 576 1080 630 sive
1117 575 1445 636 encomium,
1481 584 1640 642 atque
1669 581 1726 625 ιιι
1752 586 1866 626 uno
1897 570 2065 625 verbo

509 665 714 725 dicam,
769 665 1034 734 quidquid
1101 664 1167 718 ad
1226 665 1684 718 cohonestandam
1741 662 2066 716 adhibemus

509 758 722 822 plenam
768 757 959 825 gratiis
1011 756 1270 821 animam,
1313 756 1473 822 longo
1515 761 1732 822 superat
1757 753 2064 817 intervallo,

506 857 558 897 et
609 847 847 901 laborem
915 862 1131 901 omnem
1165 847 1400 900 ostendit
1462 847 1698 898 inanem.
1740 844 1820 897 Ad
1853 849 2062 896 tantum

434 1004 440 1014 Ι
505 953 636 1005 ergo
689 937 1593 1008 celsitudinis:magnitudinisque
1655 943 1878 997 evectae,
1936 932 2063 1000 quid

510 1045 608 1083 nos
641 1030 835 1084 afferre
902 1031 1228 1098 poterimus,
1291 1031 1438 1098 quod
1497 1030 1571 1084 sit
1603 1044 1712 1082 non
1749 1025 2071 1095 indignum?

509 1120 687 1173 Vitam
718 1121 863 1175 enim
901 1123 1073 1190 prima
1108 1123 1248 1176 inter
1279 1122 1527 1176 homines
1558 1118 2065 1174 innocentissimam

507 1211 690 1273 egisti,
751 1220 1096 1280 mentemque
1157 1212 1390 1265 habuisti
1432 1210 1584 1265 omni
1627 1223 1858 1277 prorsus
1909 1208 2066 1273 culpa

511 1317 756 1367 vacuam,
792 1310 848 1356 et
903 1319 1102 1372 corpus
1153 1304 1226 1358 illi
1279 1313 1748 1364 consentaneum,
1809 1307 2070 1368 tantaque

511 1394 745 1461 Spiritus
802 1393 1122 1456 radiatione,
1182 1395 1374 1464 gloria.
1437 1393 1830 1460 ct-splendore
1878 1399 2067 1443 ornata

509 1485 681 1547 fuisti,
726 1495 784 1538 ut
811 1485 890 1539 vel
927 1486 1074 1552 ipsas
1103 1485 1453 1551 superaveris
1490 1483 1597 1536 Deo
1636 1481 2062 1551 pretiosissimas

507 1589 814 1639 creaturas,
852 1577 1034 1645 idque,
1056 1623 1060 1626 .
1083 1586 1139 1629 ut
1173 1576 1379 1630 dictum
1405 1584 1508 1635 est,
1545 1573 1864 1644 longissimo
1893 1573 2065 1626 inter-

507 1670 675 1736 vallq.
740 1668 820 1721 Ad
887 1668 1015 1736 quid
1075 1682 1174 1736 ego
1224 1682 1424 1731 moror,
1492 1680 1716 1733 remque
1751 1672 1917 1716 totam
1954 1677 2066 1715 uno

507 1763 671 1815 verbo
709 1775 812 1812 non
847 1756 1221 1826 complector?
1253 1756 1364 1811 Vas
1401 1756 1542 1810 facta
1581 1773 1640 1811 es
1671 1764 1853 1824 aptum
1893 1751 2069 1807 susci-

2165 565 2294 621 -dici
2324 574 2524 636 potest,
2586 566 2730 636 quod
2765 567 2985 636 dignam
3025 569 3307 622 contineat
3339 569 3733 637 laudationem;

2189 673 2298 712 non
2359 657 2506 712 enim
2561 659 2827 728 permittit
2879 661 2981 714 hoc
3039 661 3356 728 magnitudo
3399 663 3608 730 gratiae,
3639 679 3736 730 qua

2191 748 2380 817 pollet.
2413 746 2548 814 Quis
2599 749 2746 803 enim
2786 751 2964 817 dignis
2997 751 3142 804 illam
3189 752 3444 806 laudibus
3490 753 3736 818 celebret,

2189 857 2312 910 qum
2360 842 2486 896 cceli
2525 841 2810 896 absidibus
2863 844 3156 906 excelsior,
3213 845 3382 898 radiis
3419 847 3624 913 purior,
3660 862 3740 900 res

2187 943 2272 988 est
2293 935 2538 988 omnium
2595 936 2995 1004 pretiosissima
3058 936 3208 991 Deo?
3241 936 3348 991 Nec
3397 939 3440 991 si
3470 936 3740 1004 utriusque

2187 1025 2404 1094 generis
2443 1026 2694 1095 quisquis
2732 1027 3074 1098 angelormn,
3119 1028 3370 1095 inquam,
3396 1035 3447 1081 et
3473 1027 3741 1080 hominum

2188 1117 2376 1172 decem
2413 1133 2532 1182 ora,
2561 1117 2752 1174 decem
2777 1119 2990 1189 linguas
3017 1121 3266 1184 haberet,
3299 1127 3395 1174 aut
3425 1120 3608 1173 eadem
3657 1118 3743 1171 de-

2187 1208 2301 1264 cies
2355 1209 2553 1265 millies
2599 1210 2976 1279 multiplicata.
3043 1210 3106 1265 Et
3163 1199 3740 1282 hyperbolice'quidem

2190 1298 2356 1366 hujus
2434 1314 2623 1354 ansam
2706 1299 3004 1355 locutionis
3079 1301 3212 1356 mihi
3236 1300 3388 1355 dedit
3465 1299 3739 1353 Homerus.

2190 1390 2444 1444 Arbitror
2470 1400 2674 1454 tamen,
2704 1393 2848 1471 quod
2880 1409 3001 1448 sum
3054 1395 3328 1454 dicturus,
3359 1393 3611 1460 majorem
3633 1403 3744 1442 esse

2190 1483 2550 1554 hyperbolen,
2577 1499 2683 1539 non
2716 1493 2896 1539 tamen
2929 1500 2958 1538 a
2991 1487 3219 1541 veritate
3265 1485 3504 1539 alienum
3527 1499 3541 1546 ;
3563 1495 3678 1534 nam
3699 1479 3741 1534 si

2190 1578 2444 1630 universa
2497 1577 2819 1646 angelorum
2856 1578 3173 1643 multitudo,
3202 1587 3262 1638 et
3297 1577 3610 1631 universum
3649 1573 3741 1626 ho-

2190 1668 2398 1721 minum
2447 1683 2620 1736 genus
2671 1670 2723 1723 in
2789 1686 2955 1725 unam
3015 1671 3243 1724 omnino
3283 1670 3498 1724 coirent
3538 1681 3666 1729 rem,
3693 1673 3743 1719 et

2188 1757 2417 1825 proinde
2453 1774 2622 1813 unum
2667 1775 2730 1815 os
2777 1772 2829 1814 et
2887 1776 3050 1815 unam
3083 1776 3276 1815 οιιιιιεε
3328 1760 3564 1828 linguam
3591 1754 3743 1808 babe«

509 1853 704 1920 piendo
736 1851 1186 1906 consubstantiali
1237 1849 1378 1902 Patri
1432 1858 1708 1902 coaeterno
1745 1847 1822 1899 illi
1867 1845 2064 1906 Verbo.
2103 1851 2152 1910 Β
2189 1858 2332 1913 rent,
2359 1864 2423 1904 ac
2449 1860 2620 1905 totum
2655 1854 2758 1908 hoc
2791 1854 2994 1908 animal
3051 1861 3402 1924 compactum
3458 1850 3743 1904 resolvere-

507 1943 650 2004 ψιοά
683 1959 748 1995 ex
782 1942 941 1995 Patre
973 1941 1194 2008 quidem
1232 1940 1350 1994 sine
1379 1949 1640 2014 tempore,
1675 1953 1738 1991 ex
1773 1945 1825 1991 te
1851 1952 1981 2000 vero
2009 1936 2062 1990 in

508 2040 770 2096 tempore.
802 2042 852 2085 et
877 2046 940 2082 ex
983 2039 1216 2098 utroque
1249 2029 1448 2098 prodiit
1505 2028 1625 2082 sine
1681 2029 1786 2080 ulla
1825 2027 2065 2082 Iresione.

509 2115 692 2182 Itaque
729 2133 827 2170 nec
852 2119 960 2172 Deo
979 2133 1119 2186 opus
1141 2125 1301 2171 erunt
1321 2124 1500 2170 nostra
1517 2117 1780 2171 encomia.
1807 2114 2065 2182 Quinam,

504 2219 558 2261 et
579 2208 761 2261 unde?
790 2207 897 2262 Nec
927 2209 1024 2261 tibi
1059 2209 1178 2276 ejus
1197 2206 1374 2270 Matri,
1410 2217 1464 2262 et
1495 2207 1569 2261 illi
1605 2207 1824 2276 quidem
1855 2222 1920 2261 eo
1937 2207 2066 2275 q-uia

508 2309 756 2354 naturam
820 2301 978 2355 habet
1030 2303 1459 2370 supereminere,
1533 2300 1682 2370 quod
1746 2298 2064 2370 aliquando,

506 2390 729 2444 caducis
758 2391 922 2445 etiam
965 2392 1152 2454 rebus,
1205 2400 1258 2446 et
1290 2407 1410 2460 qua:
1452 2393 1594 2459 apud
1628 2407 1730 2446 nos
1783 2398 1931 2452 sunt,
1967 2389 2066 2444 tri-

507 2484 671 2535 buere
698 2483 1103 2536 consuevimus.
1139 2480 1274 2536 Cum
1309 2481 1400 2536 Dei
1441 2491 1634 2536 natura
1690 2481 1949 2535 infinities
1980 2482 2066 2534 in-

507 2573 658 2627 ﬁnita
719 2587 934 2626 omnem
988 2580 1226 2627 mentem
1289 2573 1437 2626 omni
1483 2581 1705 2642 stupore
1749 2571 1973 2639 repleat,
2009 2577 2065 2624 et

506 2679 666 2717 omne
716 2663 984 2716 bonorum
1031 2679 1218 2734 genus
1255 2672 1432 2718 tanta
1481 2664 1708 2718 excellat
1768 2662 2064 2726 adﬂuentia,

508 2762 772 2818 quantum
828 2753 1013 2805 animo
1073 2754 1534 2822 comprehendere
1581 2768 1690 2808 non
1746 2753 1904 2817 licet;
1941 2767 2065 2807 nam

510 2844 600 2896 illa
659 2843 809 2895 nullo
868 2843 1057 2897 ﬁnitur
1094 2845 1346 2906 termino,
1371 2859 1475 2898 nec
1514 2843 1656 2897 enim
1691 2851 1889 2912 potest.
1924 2845 2068 2898 sicut

505 2945 560 2990 et
586 2936 820 3005 seipsam
859 2949 1080 3008 negare.
1113 2936 1283 3005 Cujus
1305 2937 1449 2990 enim
1473 2936 1738 2990 terminus
1774 2944 1859 2991 est
1896 2934 2068 2990 inter-

508 3029 862 3093 minabilitas,
927 3035 984 3083 et
1032 3027 1177 3096 quod
1228 3027 1514 3081 manifeste
1576 3027 1772 3088 scitur,
1824 3033 1908 3081 εει
1941 3041 2065 3082 esse

507 3120 802 3183 occultum,
858 3135 963 3186 qua
1012 3119 1226 3172 ratione
1284 3119 1406 3187 quis
1461 3119 1634 3187 possit
1681 3118 1800 3187 ejus
1835 3117 2064 3172 deﬁnire

2188 1952 2278 1997 tur
2307 1945 2362 1998 in
2390 1961 2552 1999 unam
2591 1946 2871 2002 Stentoris
2898 1963 3107 2014 vocem,
3137 1950 3254 2003 sive
3296 1948 3461 2002 etiam
3511 1943 3597 1997 iila
3636 1943 3744 1995 sine

2186 2036 2543 2102 prOportione
2593 2038 2994 2102 clamosiorem,
3053 2047 3108 2094 et
3156 2039 3274 2092 haec
3321 2036 3432 2091 illis
3461 2034 3648 2088 darent
3682 2027 3744 2081 ad

2185 2127 2556 2196 peragendum
2608 2128 2697 2182 Dei
2745 2129 2899 2184 Matri
2952 2131 3236 2200 hymnum,
3296 2128 3409 2183 fieri
3453 2141 3557 2182 non
3602 2137 3745 2192 posse

2185 2224 2337 2283 puto,
2403 2217 2490 2271 illa
2547 2219 2793 2290 dignum,
2852 2229 2947 2274 aut
2985 2220 3153 2292 digno
3200 2220 3514 2290 proximum
3547 2216 3743 2270 :satius

2183 2322 2315 2377 ergo
2343 2319 2428 2362 est
2492 2313 2773 2378 praeterire
2838 2313 3081 2379 silentio,
3132 2329 3300 2383 quam
3338 2313 3478 2366 velle
3504 2321 3741 2364 sermone

2183 2397 2346 2470 ιοηεο
2399 2401 2543 2456 illam
2599 2403 2909 2469 celebrare,
2967 2422 3088 2475 qua:
3123 2415 3232 2460 tam
3259 2404 3570 2462 illustribus
3600 2399 3742 2455 lactis

2186 2492 2449 2562 gloriosa,
2482 2502 2593 2548 tam
2647 2498 3008 2564 admirandis,
3047 2513 3110 2553 ac
3170 2513 3344 2569 supra
3378 2497 3622 2554 ordinem
3657 2508 3743 2546 na-

2187 2590 2326 2637 turae
2382 2585 2576 2653 eluxit,
2632 2591 2858 2658 perinde
2911 2605 2974 2645 ac
3041 2591 3086 2646 si
3148 2594 3274 2662 quis
3334 2605 3436 2660 ope
3486 2589 3741 2644 scalarum

2184 2679 2348 2734 vellet
2372 2682 2568 2736 malum
2588 2685 2986 2743 conscendere.
3011 2685 3076 2740 Et
3097 2688 3209 2741 haec
3226 2685 3450 2756 quidem
3473 2684 3744 2738 hactenus.

2187 2771 2344 2836 Quod
2395 2783 2586 2839 restat,
2641 2787 2698 2830 ut
2729 2778 3036 2844 ostendam,
3102 2793 3263 2833 unam
3295 2795 3360 2833 ex
3386 2777 3640 2832 omnibus
3661 2769 3744 2825 Dei

2188 2861 2414 2918 Matrem
2444 2866 2647 2922 obiisse
2679 2869 3026 2935 gaudentem.
3055 2880 3112 2922 ut
3135 2869 3477 2925 exordiendo
3500 2859 3745 2925 diximus,

2188 2952 2293 3009 hoc
2348 2967 2499 3011 certe
2555 2958 2831 3018 succedet,
2889 2958 3003 3026 ipsa
3037 2972 3202 3022 supra
3249 2945 3402 3012 vires
3434 2961 3641 3009 nostras
3674 2948 3743 3000 fa-

2185 3052 2350 3099 vente
2403 3045 2708 3112 laboribus,
2761 3048 2922 3116 cujus
2973 3048 3178 3102 auixilio
3205 3047 3336 3103 freti
3369 3048 3492 3101 illos
3518 3039 3744 3107 suscepi-

2189 3149 2328 3190 mus.
2366 3137 2479 3191 lloc
2507 3148 2688 3193 autem
2724 3150 2785 3192 ut
2817 3141 3108 3208 probetur,
3148 3156 3256 3194 non
3307 3155 3449 3208 opus
3472 3151 3592 3193 esse
3614 3131 3746 3186 arbi-

508 3213 908 3267 substantiam?
965 3211 1165 3267 Rerum
1224 3226 1352 3265 vero
1383 3211 1436 3263 in
1463 3219 1516 3264 te
1535 3210 2001 3301 admirandarum,
2032 3223 2065 3264 o
2103 3226 2145 3287 ρ
2187 3235 2304 3282 "or
2349 3228 2670 3299 ambagibus
2724 3238 2778 3284 ει
2829 3230 3189 3301 labyrimhis;
3243 3231 3346 3285 sed
3388 3238 3566 3284 vestra
3594 3233 3747 3278 causa

507 3301 694 3372 Virgo.
727 3317 893 3356 causa
942 3313 1027 3357 est
1083 3302 1374 3370 voluntatis
1426 3302 1788 3370 propositum.
1822 3299 1954 3353 Nam
1993 3314 2063 3355 ex

505 3395 832 3450 rectitudine
854 3394 1074 3455 mentis,
1105 3403 1159 3449 et
1186 3394 1462 3466 probitate
1503 3409 1715 3447 morum
1765 3392 1843 3457 llt,
1877 3403 1936 3448 ut
1969 3407 2064 3447 su-

507 3506 664 3558 peres
719 3491 826 3544 vim
858 3491 1253 3554 encomiorum,
1292 3505 1399 3542 non
1458 3488 1602 3556 quod
1645 3487 1745 3543 llos
1778 3494 1985 3543 natura
2010 3495 2066 3543 et

507 3581 700 3641 honor,
730 3595 792 3634 ac
823 3581 1008 3644 decus,
1044 3587 1098 3634 et
1125 3589 1316 3633 caetera
1349 3579 1400 3632 id
1436 3594 1607 3648 genus
1646 3579 1827 3633 omnia
1857 3587 1910 3632 et
1941 3577 2068 3647 jure

505 3672 722 3740 quidem
781 3671 1008 3740 Optimo,
1059 3685 1296 3736 namque
1321 3669 1392 3725 ob
1450 3676 1661 3723 naturae
1688 3669 2065 3725 excellentiam

506 3764 751 3817 habenda
778 3763 1062 3816 Conditori
1095 3761 1292 3830 gratia,
1346 3761 1417 3814 ob
1448 3761 1614 3814 animi
1663 3777 1791 3814 vero
1813 3759 2068 3830 proposi-

485 3863 619 3907 ‘tum
650 3853 950 3936 laudandus
979 3853 1072 3922 qui
1105 3856 1185 3908 sic
1213 3851 1404 3906 voluit.
1453 3849 1705 3906 Otnittam
1738 3852 1906 3922 igitur
1942 3853 2064 3907 lau-

504 3945 776 3997 dationem
802 3941 1014 3995 meliori
1042 3955 1170 3995 sane
1199 3941 1464 3995 consilio:
1487 3940 1741 3994 vi‘dentur
1759 3943 1905 3994 enim
1933 3942 2064 3996 mihi

504 4031 705 4103 dicturi
769 4045 981 4094 omnes,
1029 4030 1232 4098 optime
1287 4029 1478 4083 laudes
1516 4042 1547 4082 a
1599 4045 1686 4083 me
1731 4030 2064 4096 elaboratas,

504 4121 648 4190 quod
681 4120 896 4174 animus
942 4119 1107 4172 fuerit
1151 4133 1220 4171 ne
1252 4121 1518 4187 attingere
1564 4118 1677 4172 fere
1700 4119 1910 4184 laudes,
1938 4120 2066 4176 licet

506 4223 624 4266 uta
653 4227 820 4280 scopo
869 4225 1062 4280 parum
1124 4207 1488 4273 deflecterem,
1546 4211 2063 4266 vehementissimus

505 4306 584 4356 tui
620 4317 771 4354 arnor
799 4300 1060 4356 effecerit.
1089 4299 1200 4353 Nec
1244 4301 1463 4363 mirum,
1492 4314 1617 4352 cum
1659 4311 1714 4354 et
1768 4301 2064 4355 inanimata

505 4395 622 4462 ipsa
658 4403 851 4464 sponte
887 4406 985 4447 sua
1039 4399 1361 4445 moveantur
1392 4391 1445 4444 in
1477 4399 1597 4446 tuas
1631 4392 1840 4470 laudes.
1867 4393 1996 4458 Sed,
2027 4409 2062 4449 ο

504 4497 682 4540 εωιιιε
718 4485 834 4548 Dei,
871 4493 926 4538 et
981 4483 1290 4538 festivitatis
1339 4499 1552 4546 amans,
1586 4499 1710 4539 nam
1761 4485 2003 4540 secundo
2027 4501 2058 4540 a

2186 3318 2379 3375 iubam
2395 3320 2677 3376 dicemus:
2701 3319 2791 3375 Dei
2815 3321 2994 3384 Matri,
3011 3339 3131 3391 qua:
3151 3324 3457 3390 ipsummet
3475 3317 3744 3389 gaudium.

2189 3409 2296 3464 hoc
2333 3421 2418 3466 est
2443 3408 2679 3466 Verbum
2713 3412 2833 3467 sine
2854 3421 3100 3482 tempore
3118 3415 3522 3471 contubernale
3545 3421 3747 3479 semper

2186 3499 2446 3566 habebat,
2471 3503 2599 3570 quid
2639 3504 2893 3558 morienti
2935 3512 3121 3573 posset
3163 3507 3356 3560 acerbi
3413 3505 3744 3571 contingere,

2187 3597 2283 3645 aut
2303 3606 2410 3660 qua
2443 3592 2492 3645 vi
2523 3608 2608 3647 res
2631 3594 2736 3648 ulla
2761 3596 2985 3650 omnino
3002 3597 3257 3662 gaudium
3290 3598 3418 3666 ejus
3439 3604 3745 3665 perpetuum

2189 3690 2247 3737 et
2270 3682 2390 3736 sine
2419 3682 2830 3740 intermissione
2868 3691 3133 3754 potuisset
3149 3687 3492 3758 infringere?
3515 3686 3749 3740 Profecto

2187 3772 2335 3826 enim
2379 3775 2470 3826 illa
2488 3775 2830 3844 relinquebat
2852 3779 3124 3843 abeundo,
3153 3780 3359 3848 quibus
3393 3795 3499 3833 non
3516 3777 3749 3832 eratalli-

2188 3869 2314 3931 gata
2339 3863 2597 3928 vivendo,
2622 3865 2732 3920 imo
2757 3868 3102 3935 veroqnibus
3132 3869 3483 3931 tristabatnr,
3507 3869 3631 3922 dum
3659 3878 3748 3933 pro

2189 3954 2506 4010 conditione
2571 3964 2780 4011 natura:
2807 3959 2874 4012 iis
2914 3959 2990 4030 uti
3025 3968 3336 4026 cogeretur.
3386 3960 3747 4030 Migrationem

2189 4061 2322 4115 ergo
2381 4047 2694 4116 exoptabat.
2741 4027 2926 4113 Quam,
2946 4064 3078 4119 ergo
3105 4051 3250 4119 diem
3301 4055 3447 4112 votis
3509 4049 3752 4106 oninibus

2187 4146 2452 4204 perpetuo
2485 4137 2888 4207 cupiebat,qua
2916 4139 3132 4194 ratione
3165 4141 3548 4197 advenientem
3578 4139 3743 4194 liben—

2189 4229 2402 4283 tissime
2441 4246 2547 4282 non
2582 4234 2907 4300 excepisset,
2964 4250 3057 4302 per
3087 4251 3250 4304 quam
3291 4235 3482 4298 fiebat,
3524 4246 3582 4289 ut
3614 4248 3749 4288 sem-

2189 4332 2283 4384 per
2337 4333 2460 4371 cum
2494 4319 2629 4374 Filio
2661 4323 2864 4375 victura
2900 4335 3065 4390 esset,
3105 4340 3229 4378 cum
3277 4319 3423 4380 Filio
3459 4326 3748 4390 eodemque

2187 4409 2299 4463 Deo
2339 4425 2402 4463 ac
2441 4412 2780 4468 Conditore?
2811 4414 2978 4480 Cedo,
3021 4417 3462 4484 persuademus?
3500 4416 3747 4470 arbitror.

2185 4499 2326 4564 Quid
2355 4501 2540 4555 enim?
2574 4505 2684 4556 haec
2711 4521 2891 4558 annon
2925 4508 3254 4561 concludant
3284 4507 3633 4564 necessario?
3663 4521 3751 4556 an-

504 4579 680 4648 Pl'imo
710 4577 928 4648 ρυιιιιεῑ.
955 4586 1010 4631 Cl
1031 4578 1132 4630 hoc
1164 4575 1442 4645 Ρτεὲδεῖετι
1483 4571 1638 4640 illud}
1675 4576 1742 4631 ad
1772 4593 1869 4632 V08
1903 4577 2061 4632 dein-
2101 4581 2150 4640 D
2186 4604 2294 4643 non
2315 4591 2653 4646 veritatisint
2677 4610 2922 4649 consona
2946 4596 3056 4650 “(illi
3087 4609 3200 4652 toto
3219 4601 3343 4653 vita:
3364 4609 3608 4667 tempore
3627 4594 3748 4649 nihil

503 4685 631 4739 ceps
654 4670 904 4724 conversi
955 4669 1231 4722 solvcmus
1258 4668 1499 4722 debitum
1534 4669 1708 4732 vobis,
1739 4677 1794 4724 et
1828 4668 2061 4738 Virgini.

507 4761 623 4814 Dixi
681 4769 860 4815 autem
917 4744 1127 4814 τηειίοή
1173 4758 1394 4813 consilio
1434 4760 1501 4822 de
1535 4759 1826 4823 industria,
1853 4775 1919 4815 ne
1955 4760 2065 4816 for-

503 4851 959 4928 tasse’virleamur
989 4851 1042 4904 in
1073 4866 1366 4920 progressu
1394 4851 1663 4905 sermonis
1708 4851 1842 4906 velle
1872 4867 2063 4906 rursus

469 4955 472 4958 '
502 4943 747 4995 encomia
794 4954 1036 5006 nectere,
1085 4958 1214 4998 cum
1268 4943 1360 4995 illa
1396 4957 1504 4996 non
1538 4941 1799 4996 adhibere
1827 4943 2062 5011 amplius

503 5033 926 5089 decreverimus.
964 5035 1075 5088 Hoc
1107 5050 1268 5103 porro
1297 5035 1516 5087 evenire
1544 5033 1800 5088 omnibus
1837 5049 2061 5088 necesse

502 5133 606 5186 est,
647 5125 739 5191 qui
776 5125 1008 5193 aliquem
1053 5125 1121 5178 de
1168 5124 1258 5178 illa
1295 5140 1604 5179 sermonem
1637 5123 1839 5178 habere
1871 5126 2062 5177 volue-

504 5207 634 5260 rint.
672 5208 910 5260 Alterum
937 5207 1080 5261 enim
1113 5224 1143 5261 e
1177 5209 1388 5262 duobus
1408 5209 1509 5261 erit
1532 5209 1774 5271 omnino,
1802 5215 1894 5261 aut
1929 5209 2063 5261 nihil

503 5297 686 5350 dicere
712 5298 778 5351 de
802 5297 1044 5367 Virgine,
1068 5308 1163 5352 aut
1189 5299 1234 5353 si
1267 5300 1418 5353 dicas
1458 5299 1700 5353 laudare.
1725 5297 1882 5352 Nulla
1913 5300 2059 5353 enim

505 5391 717 5445 ratione
753 5391 868 5443 ﬁeri
901 5402 1102 5457 potest,
1146 5403 1203 5443 ut
1226 5392 1464 5459 loquaris
1493 5391 1559 5445 de
1587 5392 1678 5444 illa
1711 5401 1767 5445 et
1801 5391 1919 5445 laus
1951 5405 2059 5446 non

504 5482 594 5540 sit,
667 5481 815 5549 quod
879 5481 1158 5550 loqueris,
1230 5482 1667 5550 quandoquidem
1717 5491 1774 5536 et
1841 5481 1956 5550 ipsa
2006 5489 2063 5535 et

503 5571 767 5640 quidquid
795 5583 1005 5640 spectat
1045 5573 1110 5624 ad
1137 5572 1329 5639 ipsum,
1351 5588 1395 5626 Cl
1417 5572 1836 5627 lebratissimam
1863 5572 2067 5626 habent

504 5664 754 5730 gloriam.
801 5662 982 5727 Quare
1027 5663 1227 5732 dignus
1287 5665 1445 5732 plane
1478 5664 1633 5716 venia
1662 5679 1804 5726 sum,
1839 5663 2064 5738 si'ince-

505 5762 655 5820 ptum
690 5755 864 5822 primo
886 5757 1118 5812 consilio
1165 5772 1472 5811 sermonem
1516 5755 1910 5825 prosequendo,
1941 5749 2060 5826 (ﬁne

2179 4683 2436 4752 contigit,
2469 4685 2536 4738 de
2571 4702 2680 4753 quo
2714 4693 2862 4740 esset
2893 4687 3211 4751 dolendum,
3253 4707 3354 4744 cur
3381 4708 3511 4760 ergo
3549 4686 3747 4742 doluis-

2177 4780 2264 4826 aet
2315 4776 2627 4842 advenisse,
2653 4792 2760 4846 quo
2781 4788 3010 4832 venturo
3033 4779 3381 4836 vehementer
3425 4775 3750 4836 laetabatur?

2175 4879 2416 4932 quorum
2471 4870 2615 4921 enim
2669 4870 2911 4937 jucunda
2964 4881 3049 4926 est
3079 4876 3437 4942 exspectatio,
3468 4871 3750 4942 jucundis-

2179 4957 2316 5010 sima
2356 4967 2440 5013 est
2473 4975 2701 5028 prorsus
2744 4963 3051 5028 praesentia.
3086 4963 3242 5030 Quod
3276 4981 3405 5019 vero
3434 4976 3517 5020 est
3546 4959 3747 5032 peLspi'

2179 5061 2281 5101 cue
2328 5050 2812 5119 iucundissimo-II,
2870 5056 3104 5124 probare
3135 5058 3279 5124 quod
3311 5073 3421 5111 non
3474 5057 3545 5112 sit
3583 5054 3746 5107 mole-

2182 5151 2357 5207 stum,
2383 5142 2611 5198 omnino
2668 5154 2749 5198 est
2783 5161 3208 5212 supervacuum.
3248 5146 3366 5202 Una
3413 5163 3500 5202 res
3551 5146 3745 5198 beatam

2184 5230 2332 5286 illius
2385 5235 2621 5287 animam
2683 5235 2912 5291 viventis
2970 5239 3220 5308 pupugit,
3257 5255 3365 5293 non
3412 5238 3584 5292 fuisse
3630 5245 3742 5285 cum

2189 5321 2667 5380 Salvatore-simul
2696 5342 2862 5382 carne
2889 5344 3108 5397 passam
3145 5339 3522 5394 et-mortuam,
3549 5345 3610 5381 ex
3644 5338 3746 5392 quo

2190 5413 2372 5477 fiebat,
2421 5428 2479 5470 ut
2520 5418 2628 5470 vita
2682 5418 2784 5486 ipsi
2843 5420 3062 5488 longior
3098 5437 3212 5476 non
3248 5422 3564 5489 permittens
3589 5428 3742 5485 quam

2190 5506 2423 5577 primum
2451 5509 2530 5563 ire
2558 5509 2624 5564 ad
2659 5511 2831 5575 illum,
2866 5511 3157 5567 haberetur
3203 5511 3560 5567 intolerabilis
3585 5508 3744 5562 multo

2189 5598 2386 5666 magis.
2445 5617 2610 5669 quam
2669 5603 2828 5657 nobis
2878 5620 3062 5666 mors;
3096 5605 3168 5658 ita
3205 5605 3371 5673 igitur
3402 5603 3649 5656 aﬂectant
3680 5608 3743 5648 ne

2189 5690 2377 5746 dolore
2430 5709 2652 5748 vacuam
2709 5696 2975 5764 migrasse
3024 5697 3229 5766 liquet;
3274 5698 3379 5752 nisi
3433 5695 3555 5763 quis
3607 5691 3742 5743 dicat

2190 5785 2328 5839 illud
2383 5785 2554 5840 fuisse
2602 5786 2797 5850 dolori,
2855 5791 2999 5858 quod
3059 5804 3157 5844 nec
3199 5787 3369 5844 Filius
3408 5779 3734 5841 detrectavit,
