3972 6474
258 419 317 483 97
771 469 774 473 ,
1129 337 1410 482 ntimo
1451 409 1535 474 IN
1572 409 2122 476 DORMITIONEM
2162 414 2262 473 ss,
2308 405 2708 504 palmae
3456 429 3523 491 93

266 529 520 586 nimirum
570 539 782 581 summe
835 524 1110 579 unitorum
1141 520 1593 588 disjunctionem,
1641 531 1835 570 animae
1881 507 1929 564 A
1959 517 2100 570 sicut
2156 527 2209 571 et
2249 518 2566 586 iilnsiones,
2627 534 2683 578 et
2703 503 2975 590 ‘crucem,
3014 539 3064 583 et
3119 542 3345 588 mortem
3382 540 3528 602 ejus.

263 625 382 680 dico
431 629 486 676 et
549 618 844 689 corporis;
885 617 988 670 hoc
1014 624 1195 671 autem
1227 629 1352 668 cum
1388 623 1588 668 natura
1644 623 1837 664 neces-

261 714 468 771 sarium
526 713 618 776 sit,
670 711 914 766 dolorem
976 708 1133 764 affert
1181 722 1290 762 non
1313 706 1639 760 diuturnum
1673 720 1687 758 :
1725 717 1833 757 non

263 809 402 861 enim
456 807 592 859 adeo
622 801 979 873 praeteritum,
1013 815 1176 871 quam
1238 799 1440 853 absens
1479 804 1530 850 et
1585 794 1832 849 futurum

261 905 469 960 terret;
508 892 619 948 fere
668 895 811 948 enim
841 892 1026 962 etiugit
1075 893 1286 945 instans
1326 898 1380 943 et
1427 883 1846 958 quodammodo»

263 1002 484 1042 sensum
535 986 669 1038 latet
715 993 992 1037 momento
1022 981 1300 1040 eveniens,
1327 987 1381 1051 et
1405 986 1704 1047 antequam
1743 974 1836 1026 ftat

210 1065 216 1069 ’
263 1093 500 1148 parseris
521 1077 700 1129 avolat
730 1091 744 1128 :
780 1069 1558 1159 licet'aliirmareqvolentibus
1586 1076 1834 1135 tempore

263 1186 368 1224 non
395 1169 724 1229 mensurari,
755 1170 890 1222 adeo
920 1167 1072 1220 velox
1096 1177 1197 1220 est.
1227 1165 1368 1228 Quin
1400 1163 1562 1216 etiam
1593 1161 1831 1214 humana

260 1263 440 1316 omnia
483 1261 630 1327 justa
665 1260 1066 1330 quodammodo
1122 1265 1276 1319 sunt,
1327 1272 1427 1311 nec
1476 1254 1716 1323 reperire
1745 1258 1833 1305 est

261 1355 596 1422 voluptatem
641 1353 750 1406 ulla
804 1353 859 1405 in
905 1367 964 1406 re
997 1353 1118 1406 sine
1155 1347 1402 1410 tristitia,
1439 1354 1494 1401 et
1525 1353 1738 1406 contra,
1773 1349 1834 1396 ut

257 1447 481 1516 sapiens
513 1446 730 1514 quidam
765 1459 832 1498 ex
861 1444 1102 1512 antiquis
1135 1439 1449 1497 dixit:Non
1483 1447 1570 1494 est
1597 1437 1650 1492 in
1687 1448 1830 1505 quo-

257 1555 421 1609 quam
479 1539 720 1613 reperire
771 1538 938 1591 vitam
993 1537 1114 1591 sine
1151 1534 1401 1590 tristitia.
1435 1532 1670 1588 Dixisset
1702 1540 1831 1582 vero

252 1643 308 1688 et
345 1633 679 1702 oppositum,
728 1630 774 1685 si
829 1645 965 1697 opus
1024 1627 1220 1683 fuisset
1257 1645 1271 1682 :
1308 1626 1424 1680 Non
1473 1634 1558 1680 est
1597 1624 1650 1677 in
1691 1635 1832 1689 quo-

251 1739 420 1794 quam
437 1724 677 1793 reperire
723 1725 892 1776 vitam
939 1719 1234 1788 volup'alis
1278 1725 1579 1788 expertem.
1610 1714 1752 1780 Quid
1782 1713 1826 1766 si

251 1816 547 1885 pravaleat
570 1815 711 1886 quod
738 1801 930 1876 vincit.
954 1813 1181 1868 omnino
1207 1825 1432 1866 necesse
1457 1817 1542 1864 est
1565 1807 1824 1865 inferius,

1958 613 2314 669 Conﬁdenter
2345 615 2491 666 enim
2523 612 2850 669 alﬁrmarem
2870 632 3023 684 aeque
3047 636 3111 675 ac
3133 624 3353 690 quidvis
3382 620 3530 682 aliud

1958 724 2064 763 non
2098 708 2282 762 minus
2309 707 2549 761 animant
2577 708 2696 777 ejus
2726 725 2887 778 quam
2919 709 3041 766 Filii
3066 718 3356 782 pertulisse
3374 720 3525 773 dolo-

1959 816 2046 854 res
2071 839 2086 862 ,
2129 799 2349 867 quando
2382 799 2631 853 divinum
2675 800 2805 853 illud
2842 817 3044 871 corpus
3083 823 3110 860 a
3156 809 3381 865 nefariis
3422 814 3529 867 mis

1957 903 2011 947 et
2047 891 2418 960 sanguinariis
2473 893 2739 960 ﬁgebatur
2767 896 3127 981 vulneribus;
3161 911 3214 954 et
3253 903 3374 968 jure
3407 908 3531 974 qui-

1954 984 2100 1048 dem,
2126 999 2248 1037 cum
2278 984 2348 1038 ob
2373 993 2598 1038 crateras
2621 1001 2815 1040 omnes
2854 1002 3071 1054 causas,
3102 1000 3217 1045 tum
3241 995 3312 1048 ob
3343 997 3486 1050 illam
3511 1043 3526 1061 ,

1953 1090 2078 1128 nam
2105 1077 2248 1130 sicut
2284 1090 2350 1128 eo
2388 1077 2578 1130 mundi
2612 1079 2914 1148 principem
2947 1097 2975 1136 a
3008 1085 3312 1153 principatu
3344 1102 3532 1144 extur-

1955 1167 2116 1220 bante
2145 1167 2439 1237 gaudebat,
2482 1169 2557 1222 ita
2591 1179 2641 1221 et
2676 1171 2913 1239 patiente
2964 1175 3270 1243 patiebatur
3319 1180 3442 1248 jure
3474 1189 3531 1234 ut

1955 1255 2126 1311 Mater
2155 1259 2399 1313 omnium
2428 1262 2540 1313 nati
2563 1263 2964 1328 amantissima,
2996 1268 3140 1321 sicut
3169 1278 3224 1322 et
3255 1271 3527 1341 virginum

1952 1348 2358 1404 ﬂorentissima.
2413 1350 2649 1407 Pertulit
2684 1354 2850 1423 igitur
2898 1358 3214 1415 cbarissimi
3262 1377 3532 1434 corporao

1950 1443 2060 1496 lem
2093 1441 2520 1510 disiunctionem
2549 1445 2616 1499 ad
2647 1454 2886 1517 tempus,
2934 1467 3041 1506 non
3079 1454 3200 1509 sine
3232 1456 3523 1528 lacrymis:

1951 1533 2223 1603 gaudebat
2254 1541 2436 1588 tamen
2463 1551 2571 1589 una
2602 1553 2723 1591 rum
2749 1540 2842 1593 illo
2873 1552 3178 1599 revertente
3208 1548 3261 1602 in
3303 1552 3525 1617 omium,

1948 1632 2002 1678 et
2036 1638 2159 1677 cum
2189 1625 2280 1677 illo
2306 1627 2519 1681 vivebat
2555 1629 2753 1697 spiritu
2798 1633 3277 1704 conjunctissima,
3336 1652 3528 1712 utpote

1948 1714 2140 1781 Mater,
2189 1717 2333 1770 sicut
2362 1729 2415 1774 et
2462 1719 2552 1775 ille
2583 1737 2704 1774 eum
2737 1723 2892 1795 ipsa;
2919 1728 3047 1792 quin
3084 1731 3245 1785 etiam
3271 1733 3431 1788 simul
3463 1749 3526 1790 ac

1949 1814 2076 1860 nata
2108 1806 2229 1870 fuit,
2263 1809 2494 1863 dixerim
2538 1828 2757 1882 quoque
2793 1816 3424 1893 simulatqueconcepta
3463 1826 3522 1881 Β.

249 1921 304 1965 et
345 1909 584 1964 debilius
619 1909 801 1964 statim
837 1907 997 1977 plane
1039 1905 1198 1961 cedat
1247 1901 1459 1957 fortiori
1501 1908 1666 1968 atque
1714 1911 1829 1950 ma—
1863 1897 1910 1956 B
1950 1894 2141 1968 Virgo,
2169 1914 2268 1953 sua
2299 1901 2448 1954 illam
2483 1906 2657 1970 gratia
2692 1907 2970 1977 implebat,
3021 1914 3112 1982 qui
3153 1915 3258 1968 sibi
3287 1916 3526 1974 futuram

248 2002 382 2072 jori.
408 2002 548 2057 Cum
583 2001 698 2056 hac
730 2001 805 2054 ita
834 2001 967 2062 sint,
1000 1998 1192 2069 quidni
1235 1997 1528 2052 dicendum
1577 1992 1823 2048 dolorem

254 2106 389 2150 tunc
414 2095 484 2148 ab
514 2093 604 2148 illa
643 2093 947 2147 vehementi
1002 2091 1210 2153 laetitia,
1247 2102 1354 2159 qua
1387 2087 1476 2141 Dei
1506 2085 1676 2140 Mater
1699 2096 1842 2152 ρον--

261 2189 583 2243 fundebatur
618 2186 730 2240 vita
775 2185 1067 2248 excedens,
1100 2182 1268 2238 fuisse
1302 2177 1662 2249 absorptum?
1686 2173 1823 2232 Nam

271 2283 319 2338 si
366 2297 472 2350 qua:
525 2295 552 2333 a
595 2278 736 2334 Filio
783 2277 1018 2347 reposita
1061 2274 1165 2333 sibi
1221 2281 1380 2331 erant
1431 2274 1488 2326 in
1532 2269 1674 2325 emlo
1703 2273 1826 2337 post

270 2379 424 2431 vitam
468 2375 614 2429 hanc
655 2371 906 2432 fruenda.
975 2370 1180 2424 habens
1238 2373 1504 2436 perpetuo
1551 2374 1822 2418 summam

256 2469 584 2536 voluptatem
658 2462 1043 2534 percipiebat:
1103 2474 1204 2515 cur
1251 2453 1649 2529 praeferendum
1711 2466 1824 2506 non

246 2569 400 2618 esset
449 2559 708 2613 omnibus
745 2557 890 2626 quod
952 2554 1098 2617 fecit,
1149 2559 1210 2606 ut
1242 2550 1423 2618 reipsa
1473 2546 1583 2600 frui
1634 2544 1826 2598 liceret

245 2653 356 2708 illis
398 2667 497 2722 per
528 2664 687 2705 omne
732 2647 948 2722 sevum?
976 2645 1091 2700 Hoc
1119 2657 1286 2698 unum
1327 2640 1405 2696 illi
1434 2645 1553 2694 erat
1578 2636 1754 2700 cordi,
1791 2649 1824 2689 e

243 2745 418 2801 rebus
445 2742 704 2797 humanis
728 2740 858 2795 hinc
890 2737 1192 2800 discedere,
1221 2734 1366 2804 quod
1403 2747 1527 2787 cum
1560 2729 1629 2785 ab
1661 2726 1822 2781 initio

148 2843 160 2854 '
245 2837 503 2892 lunatum
534 2833 863 2890 desiderium
892 2837 1036 2887 esset
1057 2843 1156 2900 per
1181 2836 1351 2883 totam
1377 2824 1543 2878 vitam
1577 2835 1727 2884 vere,
1754 2831 1821 2872 ac

246 2945 526 3001 germana!
579 2926 940 2996 sublimisque
989 2920 1347 2995 philosophiae
1391 2931 1559 3016 sensu
1613 2912 1821 3016 indesi-

246 3031 445 3077 nenter
467 3019 745 3087 irrigatum
770 3018 1001 3087 vigebat,
1044 3022 1234 3085 utpote
1267 3011 1412 3082 quod
1445 3006 1675 3064 fruenda
1705 3006 1820 3073 spi-

247 3114 468 3168 ritualia
521 3128 578 3168 se
616 3110 748 3181 ipsis
785 3108 1058 3171 tradebat,
1113 3121 1220 3162 non
1281 3103 1644 3158 obumbrante
1696 3112 1816 3150 am-

247 3208 391 3277 plius
424 3205 729 3260 intuentem
781 3203 1022 3257 animum
1053 3210 1315 3268 corporea
1347 3194 1510 3249 mole.
1533 3191 1683 3246 Adeo
1721 3199 1820 3243 cor

1946 1989 2321 2059 pmstitucrat
2367 1992 2616 2060 Matrem,
2639 1989 2756 2052 imo
2791 2017 2921 2055 vero
2949 2019 3072 2058 cum
3112 2005 3200 2060 illa
3235 2019 3353 2063 erat
3387 2011 3523 2079 ipse,

1947 2089 2239 2149 antequam
2270 2095 2415 2139 esset
2439 2097 2562 2141 nata
2586 2107 2602 2155 ;
2628 2090 2840 2146 factum
2866 2095 3066 2164 quippe
3095 2108 3148 2152 et
3179 2114 3521 2168 compactum

1943 2178 2029 2222 est
2053 2171 2128 2223 illi
2162 2187 2365 2242 corpus
2387 2181 2727 2245 temporibus
2754 2185 2893 2246 suis,
2935 2195 2992 2239 ut
3021 2188 3263 2257 loquitur
3294 2191 3519 2258 Paulus,

1946 2259 2015 2315 de
2041 2264 2405 2332 sanguinibus
2442 2268 2830 2338 Immaculaue,
2862 2293 3140 2349 nunquam
3183 2293 3360 2339 tamen
3407 2302 3516 2341 non

1944 2349 2048 2405 fuit
2087 2354 2162 2408 illi
2197 2357 2544 2426 coniunctus,
2581 2364 2765 2417 statim
2797 2375 2960 2434 atque
3001 2370 3052 2424 in
3091 2373 3293 2429 sterilis
3327 2380 3518 2432 matris

1947 2451 2105 2498 utero
2133 2449 2298 2516 cmpit
2329 2465 2469 2505 esse.
2514 2452 2626 2506 Cur
2656 2457 2799 2508 enim
2833 2458 2992 2514 aliter
3023 2463 3094 2515 sit
3129 2467 3520 2522 sentiendum?

1947 2549 2072 2589 nam
2108 2538 2154 2590 si
2187 2539 2448 2594 eximium
2483 2541 2747 2601 Joannem
2776 2549 2987 2605 scimus
3021 2554 3074 2622 in
3113 2565 3269 2610 utero
3297 2560 3515 2628 plenum

1942 2638 2135 2681 sancto
2183 2631 2387 2698 Spiritu
2451 2636 2645 2700 fuisse.
2676 2653 2777 2693 eor
2807 2643 2948 2696 idem
2977 2645 3046 2699 de
3077 2650 3370 2714 purissima
3397 2653 3518 2708 Vir-

1939 2717 2067 2784 gine
2106 2736 2212 2774 non
2275 2724 2348 2775 sit
2398 2726 2595 2782 merito
2643 2729 3065 2791 affirmandum?
3105 2740 3219 2797 Hoc
3262 2745 3364 2799 sibi
3401 2751 3518 2801 vult

1945 2807 2078 2861 illud
2136 2811 2429 2881 Gabrielis,
2467 2818 2724 2877 Dominus
2782 2836 2947 2881 rerum
2979 2834 3167 2900 :quod
3209 2837 3325 2904 ipse
3359 2840 3517 2895 docet

1939 2899 2325 2972 distinguendo
2357 2919 2570 2980 tempus
2605 2913 2658 2968 in
2691 2917 2834 2972 hunc
2869 2899 3090 2977 modum
3123 2942 3136 2978 :
3171 2899 3294 2982 nam
3322 2932 3517 2989 volens

1939 2989 2328 3063 Conceptionis
2363 3003 2583 3057 modum
2613 3007 2951 3067 intemerata:
2983 3013 3192 3085 Virgini
3228 3021 3514 3080 declarare

1939 3080 2324 3156 interroganti,
2367 3100 2610 3165 tempore
2646 3115 2780 3156 usus
2827 3114 2911 3158 est
2947 3122 3056 3162 non
3082 3080 3372 3178 praesenti,
3419 3118 3517 3172 sed

1881 3225 1886 3230 .
1940 3173 2149 3246 futuro,
2173 3187 2495 3238 etsanctum
2517 3189 2736 3255 quidem
2760 3191 3020 3262 Spiritum
3051 3216 3514 3269 superventurum

249 3265 367 3368 eius
409 3298 517 3352 hoc
561 3294 833 3351 desiderio
859 3265 1196 3351 tabescebat,
1223 3298 1278 3346 ut
1314 3285 1518 3342 aboleri
1557 3298 1663 3338 non
1697 3294 1821 3350 pos-
1858 3287 1903 3349 C
1936 3265 1990 3368 ξη
2025 3267 2254 3368 ipsam“,
2289 3275 2551 3333 Altissimi
2575 3296 2704 3338 vero
2735 3286 2998 3344 virtutem
3037 3293 3512 3367 obumbraturam,

254 3397 332 3443 set
358 3406 372 3450 ;
404 3397 585 3442 ortum
619 3400 777 3455 porro
807 3383 940 3438 illud
969 3397 1034 3436 eo
1073 3390 1318 3450 tempore
1347 3393 1456 3447 quo
1493 3372 1664 3428 Natus
1698 3371 1818 3439 ejus

255 3482 318 3533 ad
376 3480 592 3534 Patrem
637 3477 980 3540 ascenderat,
1035 3473 1313 3528 caelestem
1373 3470 1518 3524 illam
1577 3465 1814 3519 animam

255 3585 526 3640 nunquam
550 3568 810 3623 deseruit.
832 3565 943 3621 lloc
967 3565 1129 3620 etiam
1153 3562 1259 3618 fuit
1291 3577 1428 3631 pons
1450 3559 1516 3612 ad
1539 3558 1818 3611 immorta-

257 3665 352 3717 lem
401 3665 568 3717 vitam
627 3671 680 3715 et
717 3658 1185 3729 incorruptionem
1238 3655 1339 3721 illi,
1385 3668 1508 3723 qure
1549 3651 1648 3705 fuit
1679 3661 1818 3717 pons

258 3756 492 3810 liberatis
519 3769 547 3806 a
608 3753 976 3822 corruptione.
1027 3749 1154 3805 llaec
1190 3749 1296 3804 fuit
1346 3747 1490 3803 scala
1523 3744 1588 3796 ad
1614 3741 1814 3796 Filium

259 3849 409 3902 scala:
437 3845 846 3903 ascendentium
879 3859 1002 3900 cum
1027 3841 1204 3898 salute
1225 3840 1292 3896 ad
1321 3855 1468 3903 eum,
1492 3838 1582 3906 qui
1614 3836 1814 3891 caelum

261 3942 411 3996 habet
438 3939 644 4000 sedem,
683 3946 739 3993 et
787 3952 944 4008 quem
977 3932 1144 4004 Virgo
1204 3932 1432 4003 peperit,
1475 3938 1527 3984 et
1568 3928 1663 3998 qui
1689 3941 1814 3981 cttm

261 4030 432 4082 animo
487 4043 699 4096 semper
731 4027 1075 4090 versabatur,
1125 4025 1270 4094 quod
1300 4031 1357 4076 et
1389 4023 1506 4092 ipse
1534 4029 1812 4087 nunquam

261 4135 357 4171 non
406 4118 618 4188 agebat,
675 4132 800 4172 nam
843 4125 966 4186 post
1018 4114 1140 4184 ejus
1191 4104 1353 4168 etiam
1416 4123 1710 4165 ascensum
1745 4106 1812 4160 ad

259 4209 425 4266 Patris
459 4212 664 4272 sinum,
697 4209 841 4264 unde
870 4215 1094 4263 venerat
1115 4206 1180 4261 ad
1201 4221 1324 4268 nos,
1360 4203 1552 4258 Matris
1585 4199 1814 4270 spiritus

260 4299 321 4352 ab
349 4315 413 4353 eo
446 4313 717 4367 nunquam
773 4298 1031 4362 distabat,
1084 4299 1128 4353 si
1159 4297 1306 4352 enim
1351 4295 1442 4349 ubi
1494 4293 1810 4350 thesaurus,

260 4391 326 4444 ibi
364 4399 418 4445 et
449 4406 566 4454 eor,
599 4401 653 4444 ut
693 4381 842 4444 iﬁius
888 4397 971 4444 est
999 4387 1291 4451 sententia,
1337 4386 1428 4455 qui
1459 4382 1698 4454 Virginis
1729 4388 1814 4437 est

256 4483 565 4544 thesaurus,
626 4489 678 4534 et
734 4481 1023 4550 pretiosior
1080 4479 1296 4541 cunctis
1349 4475 1649 4538 thesauris,
1703 4487 1811 4542 qua

256 4574 462 4626 ratione
491 4587 596 4625 non
627 4581 781 4627 esset.
812 4571 886 4625 illi
911 4571 1246 4639 conjunctus
1281 4567 1533 4622 Parentis
1559 4564 1809 4634 spiritus,

1935 3357 2040 3427 ipsi
2073 3363 2404 3430 pra‘dicebat
2436 3388 2449 3425 :
2477 3372 2768 3430 salutando
2801 3389 2980 3434 autem
3005 3381 3278 3454 Virginem
3310 3390 3510 3457 aiebat,

1937 3449 2064 3515 Ave,
2103 3463 2157 3508 et
2186 3458 2356 3524 gratia
2385 3461 2598 3530 plenam
2642 3470 2944 3536 appellans,
2984 3484 3038 3527 et
3078 3477 3420 3536 benedictam
3455 3485 3510 3537 in

1937 3543 2278 3614 mulieribus,
2307 3554 2629 3622 prmdicans,
2673 3571 2928 3630 tanquam
2963 3581 3127 3636 super
3154 3567 3288 3624 alias
3309 3574 3506 3628 bonam

1920 3648 1998 3706 ἐκ
2031 3633 2120 3696 iis.
2149 3653 2270 3705 qua:
2302 3644 2402 3711 ipsi
2432 3646 2648 3703 inerant
2677 3652 2888 3708 laudem
2926 3672 3198 3726 pangcns;
3231 3679 3334 3715 non
3361 3665 3508 3718 enim

1931 3725 2103 3791 gratia
2128 3729 2340 3796 plenam
2372 3737 2529 3804 quasi
2580 3737 2845 3803 futuram.
2903 3747 2997 3799 sed
3050 3725 3107 3803 nt
3153 3752 3505 3808 exsisteutmn

1931 3816 2080 3884 quod
2137 3829 2273 3884 erat,
2335 3828 2645 3895 appellavit,
2701 3842 2754 3886 et
2816 3835 3156 3894 benedictatn
3224 3844 3502 3909 salutavit,

1931 3909 2086 3974 qizasi
2134 3911 2341 3968 diceret
2371 3916 2542 3972 :Cum
2573 3923 2746 3990 gratia
2788 3926 2864 3980 sis
2908 3929 3085 3996 plena,
3121 3946 3154 3982 o
3181 3933 3364 4004 Virgo,
3398 3938 3506 3992 Do-
3576 3922 3580 3925 1

1931 3999 2108 4054 minus
2169 4012 2380 4072 tecum;
2444 4011 2568 4078 quia
2616 4029 2746 4070 vero
2792 4017 2943 4072 illum
2998 4022 3162 4078 babes
3193 4027 3244 4078 in
3297 4029 3508 4096 anima,

1929 4089 2200 4147 benedicta
2247 4111 2302 4150 es
2354 4098 2410 4152 in
2445 4103 2776 4164 mulieribus.
2822 4109 2886 4164 Et
2917 4111 3031 4166 bmc
3074 4116 3294 4177 quidem
3331 4120 3401 4172 ita
3443 4138 3502 4175 se

1929 4175 2130 4234 habent
2158 4201 2170 4236 :
2198 4199 2320 4252 qua:
2361 4203 2492 4245 vero
2538 4208 2848 4264 sequuntur
2888 4201 2954 4254 ad
2995 4203 3179 4259 futura
3227 4221 3498 4276 spectant,

1933 4281 1979 4322 et
2007 4273 2299 4330 subsecuta
2317 4291 2445 4335 sunt
2468 4299 2793 4343 consensum
2823 4293 2970 4362 prius
3000 4298 3270 4364 praebente
3295 4302 3500 4359 illibata

1926 4359 2157 4455 Virgine
2201 4370 2572 4437 gratissimum
2636 4379 2745 4435 Deo
2800 4401 2998 4443 munus
3048 4400 3102 4444 et
3141 4409 3249 4460 quo
3286 4397 3495 4452 nullum

1927 4455 2111 4558 potius
2141 4461 2324 4516 oﬂerri
2358 4475 2613 4537 poterat;
2647 4475 2778 4542 quid
2812 4479 2956 4532 enim
2985 4481 3061 4536 illi
3087 4455 3356 4553 arquetur,
3389 4505 3498 4558 quo

1925 4541 2070 4599 Deus
2107 4547 2356 4618 indiguit,
2415 4563 2473 4609 ut
2503 4572 2570 4612 eo
2615 4569 2880 4631 uteretur,
2917 4572 3073 4635 quasi
3117 4541 3490 4643 ftindamen‘to,

254 4679 370 4731 qua:
399 4662 551 4716 illum
591 4675 753 4730 supra
784 4636 1145 4730 capacitatem
1181 4657 1381 4714 mentis
1412 4656 1644 4726 peperit,
1669 4654 1812 4709 sicut

1936 4643 1978 4689 at
2035 4636 2152 4693 basi
2199 4646 2463 4711 mysterii,
2522 4664 2621 4719 per
2641 4655 2784 4721 quod
2821 4671 3080 4715 renovata
3123 4667 3304 4720 onmia
3348 4671 3490 4723 nml-

252 4764 304 4807 et
358 4755 582 4822 spiritus
611 4754 729 4824 ejus
760 4769 884 4808 cum
929 4753 1038 4818 illa,
1087 4760 1146 4806 ut
1187 4767 1287 4808 nec
1324 4759 1572 4818 tempore
1600 4749 1807 4817 disjuu—

249 4857 483 4915 geretur,
518 4860 616 4899 nec
647 4845 752 4899 ulla
788 4845 837 4899 vi
875 4860 1036 4900 casus
1063 4841 1514 4900 abstraheretur?
1545 4839 1608 4895 Et
1639 4841 1683 4896 si
1719 4838 1808 4896 ubi

248 4941 384 5005 ipse,
410 4937 520 4993 illic
546 4939 712 4994 critet
748 4940 1017 5003 minister,
1051 4940 1326 5009 quomodo
1355 4952 1462 4991 non
1491 4933 1805 4991 necessario

247 5031 460 5086 Mater?
486 5031 749 5086 Caeterum
789 5033 982 5087 relicta
1013 5031 1117 5088 fuit
1143 5032 1196 5088 in
1233 5039 1400 5097 terra,
1431 5039 1487 5086 et
1535 5043 1661 5082 cum
1692 5027 1807 5082 suis

247 5137 350 5176 non
408 5131 493 5177 est
518 5121 735 5190 abrepta
786 5121 1111 5186 visceribus,
1171 5137 1296 5176 cum
1346 5118 1664 5200 ascenderet
1710 5128 1809 5184 per

247 5216 462 5278 nubem,
528 5229 596 5269 ne
638 5214 1066 5270 subducentibus
1099 5229 1220 5270 sese
1264 5219 1488 5282 repente
1539 5209 1805 5266 ambobus

245 5306 636 5376 discipulorum
690 5305 898 5371 oculis,
960 5305 1036 5360 illi
1078 5313 1387 5388 (manerent
1441 5302 1802 5388 semimortui.

244 5395 430 5467 Nuper
454 5396 598 5453 enim
646 5395 966 5466 compactis,
997 5407 1052 5453 et
1077 5384 1442 5466 imperfectis,
1466 5384 1609 5465 quod
1636 5397 1798 5465 perli-

243 5491 389 5544 ciens
411 5487 646 5558 Spiritus
673 5488 908 5543 nondum
935 5489 990 5548 in
1013 5505 1108 5546 eos
1134 5490 1467 5553 advenisset,
1497 5488 1544 5544 si
1573 5497 1804 5556 utroque

241 5581 407 5636 orbati
447 5579 706 5647 fuissent,
739 5581 811 5636 ob
856 5583 932 5637 rei
956 5584 1247 5639 novitatem
1278 5583 1392 5638 vita
1422 5581 1529 5636 illis
1559 5582 1802 5636 acerbis-

241 5673 370 5728 sima
398 5674 515 5730 visa
555 5684 728 5738 esset,
775 5683 830 5728 et
861 5673 1090 5732 fortasse
1119 5676 1240 5733 sine
1266 5675 1463 5732 solatio
1513 5681 1797 5730 manentes

240 5766 389 5820 etiam
425 5763 654 5821 omnino
678 5764 1095 5836 desperassent;
1128 5776 1184 5824 at
1213 5769 1304 5824 illa
1343 5767 1646 5823 discessum
1670 5764 1796 5822 Filii

235 5859 509 5930 aegerrime
539 5871 731 5929 passa,
789 5866 849 5914 ut
874 5858 1124 5930 putatis,
1163 5860 1236 5917 ita
1276 5853 1424 5917 illum
1462 5869 1643 5916 tamen
1670 5860 1797 5917 tultt

819 6039 844 6052 κ

1922 4731 2088 4794 toque
2139 4732 2334 4788 melius
2387 4736 2714 4807 instaurata,
2757 4760 2920 4813 quam
2949 4749 3076 4803 olim
3121 4751 3492 4825 essent?qu';u

1923 4827 2271 4885 perspicuum
2309 4827 2501 4880 estita
2548 4845 2688 4897 esse,
2729 4837 2983 4902 quoniam
3039 4840 3204 4896 simul
3254 4860 3318 4898 ac
3373 4847 3488 4913 ipsa

1921 4919 2043 4959 sese
2075 4904 2267 4976 sponte
2301 4915 2521 4983 obtulit,
2545 4929 2600 4976 et
2629 4935 2882 4993 prompto
2907 4930 3088 4984 animo
3116 4932 3228 4986 fieri
3257 4904 3486 5004 Optavit,

1917 4998 2063 5090 quod
2110 5000 2220 5056 Deo
2252 5005 2510 5072 placitum
2559 5025 2696 5080 erat,
2753 5017 2905 5082 Ecce,
2961 5019 3238 5090 inquiens,
3291 4998 3487 5083 ancilla

1918 5085 2160 5157 Domini,
2195 5095 2293 5162 ﬁat
2325 5099 2454 5154 milii
2480 5106 2768 5160 secundum
2793 5109 3001 5163 verbum
3027 5122 3198 5181 tuum,
3229 5115 3488 5184 bencpla-
3573 5127 3584 5140 ‘

1919 5179 2048 5233 cito.
2097 5183 2271 5243 Patris
2320 5204 2652 5262 cooperante
2703 5197 2934 5268 Spiritu,
2996 5179 3488 5267 consubstantialis

1916 5269 2046 5337 illis,
2074 5285 2402 5345 cozetcrnus,
2441 5294 2496 5339 et
2525 5296 3045 5358 contemporaueus,
3079 5294 3221 5351 Dens
3250 5297 3484 5355 Verbum

1917 5376 2243 5437 conceptum
2276 5373 2329 5426 in
2359 5384 2512 5432 utero
2544 5375 2782 5448 Virginis
2821 5397 2929 5437 non
2967 5394 3204 5454 experta:
3237 5393 3481 5459 nuptias,

1919 5455 2092 5513 induit
2147 5462 2288 5518 hanc
2339 5477 2582 5524 nostram
2609 5471 2970 5528 substantiam
3015 5477 3135 5532 sine
3165 5455 3328 5535 sorde
3356 5498 3483 5551 pro-

1921 5547 2102 5614 diens,
2134 5567 2256 5622 quae
2287 5569 2414 5610 cum
2463 5570 2740 5630 assumpta
2794 5573 3012 5633 natura,
3044 5567 3182 5623 duas
3213 5585 3318 5624 non
3351 5587 3482 5626 eon-

1914 5639 2152 5700 fnndens
2181 5654 2407 5703 naturas
2429 5663 2727 5720 creantem,
2759 5663 2814 5710 et
2834 5669 3092 5723 creatam,
3132 5676 3299 5714 unum
3335 5667 3482 5729 quo-l

1915 5736 2144 5800 exstitit,
2195 5742 2497 5798 secundum
2540 5745 2872 5816 hypostasim
2909 5751 3168 5807 deificans
3211 5756 3354 5822 quod
3392 5772 3482 5809 as-

1922 5829 2176 5901 sumpsit,
2205 5845 2410 5904 perque
2456 5836 2586 5892 illud
2629 5839 2847 5896 salvans
2893 5841 3201 5900 universam
3243 5862 3479 5903 massam

2305 5955 2355 5985 δ
