3972 6448
498 352 569 412 09
1662 344 2060 421 MANUEUS
2100 349 2545 428 ostentent
3393 418 3399 425 .
3634 362 3724 439 tot

512 459 662 520 velut
711 467 765 521 in
833 466 1122 523 fermento.
1169 464 1214 527 Ο
1272 471 1703 540 magnitudinem
1731 464 1991 545 puritatis
2020 484 2074 536 ln
2108 475 2149 536 Λ
2181 489 2306 536 nata
2360 494 2478 536 erat
2502 496 2600 536 vas
2634 481 2853 551 plenttm
2884 482 3304 547 benedictionis,
3341 482 3406 538 de
3433 499 3533 554 qua
3563 491 3719 555 prima

511 553 603 611 Dei
647 558 838 621 Matre,
883 560 954 614 ob
993 576 1155 629 quam
1191 561 1417 639 Creator
1460 566 1581 633 ejus
1614 566 1937 633 dedignatus
1968 588 2075 628 non

506 656 610 710 est,
653 650 705 701 in
737 657 948 716 ventre,
987 667 1149 720 quem
1210 653 1552 718 condiderat,
1597 656 1827 712 formari
1855 663 1869 713 l
1901 659 1945 715 0
1981 677 2078 730 ge-

510 755 765 794 nerosum
797 756 1016 795 sensum
1059 742 1112 796 in
1148 746 1322 812 puella
1352 745 1488 799 adeo
1507 755 1696 802 tenera
1722 751 1735 803 !
1762 751 1805 804 0
1836 753 2073 807 animum

508 831 561 882 in
598 831 847 885 muliebri
877 847 1109 902 corpore
1140 834 1532 905 immutabilem
1567 840 1581 893 Ξ
1614 838 1755 905 Quid
1785 844 1932 897 enim
1962 847 2076 897 sin-

507 922 708 984 cerius,
736 923 947 988 purius,
973 928 1290 993 generosius
1316 929 1494 983 anima
1527 932 1905 989 salutationem
1936 937 2076 991 hanc

508 1013 774 1071 arbitrata
840 1031 946 1069 non
1000 1015 1421 1085 fraudulentam,
1484 1023 1579 1075 sed
1647 1026 1902 1080 credente
1959 1028 2072 1081 fieri

508 1111 672 1165 posse
720 1102 995 1155 materiali
1027 1112 1218 1160 ventre
1270 1109 1475 1176 suscipi
1517 1118 1689 1165 totum
1727 1112 1907 1182 fulgur
1938 1116 2077 1169 divi-

511 1188 720 1252 nitatis,
757 1193 1057 1261 eodemque
1114 1207 1357 1264 tempore
1391 1197 1627 1256 Verbum
1659 1204 1778 1257 sine
1811 1209 2074 1276 temporis

508 1280 777 1349 principio
800 1283 852 1336 in
872 1286 995 1339 sinu
1024 1282 1202 1342 Patris
1232 1289 1500 1359 principio
1532 1293 1780 1347 carentis
1812 1296 2075 1352 exsistere

507 1380 671 1440 atque
708 1362 959 1444 in'bnjus
991 1380 1277 1447 temporali
1310 1373 1465 1455 ἀίει-ο
1487 1384 1725 1452 gestari?
1753 1383 1981 1453 Horum,
2013 1399 2074 1442 ut

506 1477 626 1518 mea
660 1463 761 1518 fert
789 1467 999 1535 opinio,
1032 1485 1196 1525 causa
1237 1481 1321 1526 est
1355 1473 1684 1542 assignanda
1718 1475 1807 1530 Dei
1844 1476 2074 1533 Genitri-

506 1554 588 1607 eis
645 1559 1003 1624 conscientia,
1061 1575 1183 1629 quae
1239 1570 1450 1617 tantum
1507 1565 1750 1621 animum
1806 1569 2072 1638 addebat;

510 1645 624 1700 fieri
651 1650 794 1703 enim
837 1667 941 1705 non
978 1662 1211 1722 poterat,
1245 1670 1306 1708 ea
1333 1658 1621 1724 puritatem
1652 1676 1757 1715 non
1797 1672 2073 1731 servante,

505 1748 556 1791 ct
605 1743 983 1797 aceredentem
1026 1761 1133 1798 non
1172 1748 1451 1815 praebente
1483 1752 1911 1821 anitabsitatetn,
1960 1773 2075 1811 nia-

2179 589 2379 640 parens
2425 575 2702 630 exciderat
2756 585 2810 630 et
2847 591 3011 646 quam
3047 577 3146 644 ipsi
3186 577 3401 631 Gabriel
3447 592 3477 631 a
3527 580 3727 634 summo

2182 662 2293 717 Deo
2353 666 2698 721 nuntiaverat
2741 680 2866 722 esse
2932 669 3161 721 omnino
3206 668 3422 736 qualem
3480 669 3722 725 diximus.

2181 756 2383 822 Quidni
2416 759 2562 810 enim
2613 773 2756 822 eam,
2791 775 2911 829 quae
2945 760 3029 813 sui
3064 769 3257 830 partus
3289 752 3520 815 novitate
3548 763 3733 816 Salutis

2179 845 2262 899 sui
2318 848 2536 914 generis
2598 849 2847 902 ministra
2901 847 3022 914 fttit,
3062 865 3187 903 cum
3220 850 3379 918 plane
3423 836 3726 918 praeﬁnitum

2181 946 2329 991 esset
2384 948 2510 993 ante
2562 939 2889 1008 productum
2944 941 3088 996 hunc
3138 941 3423 1005 mundum,
3454 952 3729 1009 antequam

2184 1043 2371 1086 essent
2428 1034 2658 1101 angelici
2723 1035 2967 1117 ordines.
3036 1036 3142 1089 hoc
3192 1046 3435 1104 tempore
3495 1030 3730 1105 impleri?

2178 1124 2545 1180 Conve'niebat
2577 1128 2765 1192 etiam;
2813 1130 3071 1191 arbitror,
3113 1117 3326 1184 Patrem
3377 1142 3591 1197 quoque
3620 1127 3734 1182 Filii

2178 1225 2456 1283 perpetuze
2513 1215 2751 1287 Virginis
2805 1218 3235 1273 incarnationem
3299 1219 3382 1275 sui
3446 1232 3509 1274 ac
3557 1218 3735 1273 Matris

2180 1302 2459 1372 llnigeniti
2517 1320 2616 1362 suo
2656 1313 3076 1376 comprobante
3145 1310 3506 1385 beneplacito,
3569 1311 3734 1381 ipsum

2179 1405 2440 1465 praeterea
2477 1400 2569 1467 qui
2630 1401 3064 1456 incarnationem
3113 1402 3286 1457 obivit
3326 1388 3563 1458 Verbum
3596 1402 3739 1472 geni-

2176 1487 2315 1541 toris
2349 1489 2502 1557 puris
2528 1491 2737 1545 editum
2771 1491 2839 1545 de
2884 1493 3211 1556 visceribus,
3251 1495 3463 1570 necnon
3519 1494 3738 1547 sanctis;

2179 1579 2378 1632 simum
2399 1589 2453 1633 et
2483 1580 2840 1649 perfectionis
2873 1584 3187 1652 largitorem
3220 1583 3510 1651 Spiritum,
3536 1586 3737 1638 beatam

2179 1669 2429 1725 videlicet
2451 1670 2798 1737 Trinitatem,
2842 1677 3067 1730 conscia
3098 1676 3265 1729 etiam
3300 1672 3526 1745 Virgine
3557 1690 3738 1729 asseu~

2179 1775 2413 1830 Sumque
2445 1763 2728 1832 praébente
2754 1767 3073 1834 mysterium
3098 1766 3362 1843 perlicere
3385 1765 3742 1833 benignitatis;

503 1845 666 1898 gnum
732 1831 835 1886 hoc
895 1849 1054 1902 opus,
1114 1845 1167 1890 et
1221 1854 1546 1905 generosum
1588 1843 1658 1897 ab
1690 1860 1752 1899 ea
1788 1850 2068 1914 praestari:
2100 1842 2147 1911 Β
2177 1862 2233 1907 et
2267 1831 2495 1922 ,Ῑιιειίιίὲιδ
2544 1856 2786 1925 plenum,
2814 1831 2898 1910 *ιιι
2936 1867 2990 1912 et
3038 1831 3260 1914 libertas
3308 1831 3535 1912 arbitrii
3579 1855 3743 1912 locum

500 1939 670 1987 quare
698 1932 753 1977 et
784 1928 944 1979 verba
978 1928 1112 1992 ipsa,
1165 1931 1365 1998 quibus
1402 1947 1496 1986 usa
1529 1940 1611 1988 est
1652 1939 1934 2005 perspicue
1978 1956 2074 1996 os-

502 2014 757 2077 tendunt,
808 2017 977 2085 ipsam
1027 2035 1085 2074 se
1146 2036 1252 2075 non
1289 2020 1564 2093 indignam
1603 2035 1754 2082 tanto
1795 2030 2072 2096 judica'sse

503 2108 790 2191 beneficio,
834 2120 893 2164 ut
943 2108 1129 2172 \later.
1192 2115 1433 2183 inquam,
1475 2117 1596 2186 ejus
1646 2121 1797 2175 fieret
1826 2126 1916 2191 qui
1949 2134 2071 2179 stu-

503 2182 876 2264 peudum‘boc
925 2211 1066 2269 opus
1099 2182 1371 2270 patrabat.
1401 2182 1541 2272 Non,
1578 2223 1690 2261 non
1734 2211 1805 2263 sit
1840 2182 2069 2274 Illamne.

500 2303 607 2340 non
647 2287 875 2353 Danieli,
899 2304 1214 2360 quanquam
1240 2296 1304 2347 de
1330 2295 1544 2351 visione
1565 2308 1755 2353 eorum
1779 2301 1910 2368 quid
1940 2318 2071 2357 sen-

500 2380 746 2433 tiendum
781 2382 989 2445 nescio,
1026 2384 1068 2437 si
1116 2395 1368 2441 accurate
1404 2390 1804 2456 consideretur,
1835 2406 1928 2448 aut
1960 2412 2070 2464 quo

500 2470 718 2527 tandem
748 2473 907 2527 modo
931 2473 994 2526 ad
1030 2474 1151 2530 illos
1183 2480 1478 2531 accesserit
1506 2481 1595 2548 qui
1617 2486 1889 2551 apparuit.
1911 2484 2071 2542 Certe

499 2577 607 2615 non
655 2563 950 2616 obscurum
984 2574 1088 2627 est,
1123 2565 1223 2634 ipsi
1275 2579 1435 2634 atque
1461 2569 1567 2623 illis
1592 2586 1697 2623 non
1723 2586 1877 2641 aeque
1906 2588 2075 2643 appa-

497 2652 676 2706 ruisse
713 2654 955 2708 babitum
994 2666 1046 2708 et
1087 2656 1431 2723 splendorem
1464 2661 1790 2728 angelicum.
1828 2664 1985 2721 sicuti
2021 2675 2074 2720 et

497 2745 829 2811 colloquium
861 2759 986 2798 cum
1011 2746 1068 2800 Β.
1098 2744 1319 2811 Virgine
1344 2764 1451 2803 non
1475 2751 1719 2816 ejusdem
1741 2763 1857 2809 erat
1896 2756 2072 2812 hono-

499 2835 596 2895 ris,
629 2835 788 2901 cujus
823 2846 875 2889 et
902 2853 1180 2894 sermones
1211 2840 1379 2894 habiti
1420 2857 1545 2895 cum
1593 2844 1725 2909 illis;
1777 2846 2067 2916 siquidem,

502 2926 549 2978 is
568 2926 722 2990 dixit,
757 2924 1046 2996 Periimus,
1074 2931 1239 2985 Deum
1258 2933 1517 2999 vidimus,
1552 2936 1780 2991 alterum
1808 2955 1936 2994 vero
1957 2940 2073 2997 fere

500 3017 700 3072 defecit
752 3020 989 3081 animus,
1032 3032 1354 3091 penetrante
1387 3026 1644 3081 nimirum
1692 3028 1888 3085 timore
1912 3030 2068 3088 dere-

501 3122 662 3178 pente
707 3110 760 3164 in
794 3124 990 3166 sensus
1033 3114 1272 3179 intimos,
1298 3125 1351 3169 et
1382 3103 1485 3171 nisi
1521 3120 1589 3174 ab
1617 3129 1853 3191 utroque
1886 3138 2070 3179 receso

500 3200 664 3254 sisset
696 3202 858 3257 citius
898 3204 1072 3257 visum
1111 3205 1241 3259 illttd
1285 3209 1595 3273 insolitum,
1635 3211 1873 3268 fortasse
1904 3214 2066 3268 vita'n
2104 3219 2147 3280 C

504 3300 731 3360 uterque
777 3293 1044 3348 citissime
1077 3298 1446 3352 terminasset.
1504 3298 1638 3353 Nam
1696 3313 1751 3355 et
1776 3319 1966 3358 omnes
2011 3305 2067 3359 in

502 3383 819 3438 universum
874 3395 1147 3453 quotquot
1192 3388 1499 3445 visionibus
1539 3391 1744 3461 dignati
1795 3404 1940 3457 sunt,
1979 3410 2068 3449 ea-

503 3473 625 3526 dem
648 3474 791 3542 passi
827 3482 975 3537 Sttltl,
1007 3491 1125 3543 qute
1155 3487 1206 3531 et
1239 3478 1363 3545 isti;
1390 3490 1443 3534 at
1475 3478 1637 3548 Virgo
1659 3484 1870 3538 turbata
1894 3486 2068 3555 primo

497 3566 551 3617 in
589 3580 866 3630 sermone,
895 3569 1071 3635 inquit
1102 3585 1116 3621 :
1149 3585 1256 3622 non
1297 3571 1441 3624 enim
1483 3580 1540 3625 tit
1575 3574 1651 3626 illi
1682 3574 1752 3628 ob
1782 3587 2064 3645 aspectum

498 3657 698 3723 angeli,
745 3656 903 3725 idque
938 3669 991 3712 ιιι
1022 3676 1087 3713 ne
1122 3652 1419 3724 videretur,
1457 3673 1657 3732 quanta
1691 3681 1776 3720 res
1809 3679 1953 3723 esset
1972 3662 2066 3725 sa-

499 3747 711 3811 lutatio,
737 3747 1021 3817 ignorare;
1056 3766 1178 3804 mox
1223 3767 1341 3806 sese
1370 3753 1566 3807 obtulit
1600 3754 1787 3824 Opiﬁci
1822 3758 1924 3813 fide
1954 3760 2056 3813 sin-

497 3840 797 3913 cerissima
830 3842 1066 3909 plenam,
1130 3853 1188 3897 ιιι.
1222 3846 1521 3902 materialis
1566 3856 1753 3923 venter
1795 3850 2075 3918 exciperet

497 3929 672 3997 ignem
706 3931 1141 3986 immaterialcm.
1173 3932 1445 3998 Quantum
1476 3952 1602 3991 vero
1628 3938 1740 3992 hoc
1771 3950 1876 4002 est,
1918 3941 2064 4009 quod

496 4034 606 4073 non
663 4020 802 4074 Deus
847 4033 967 4091 agat
1017 4039 1137 4091 quae
1187 4039 1351 4093 supra
1417 4035 1663 4081 naturam
1706 4039 1760 4083 et
1800 4032 2062 4087 rationem

496 4120 645 4173 sunt,
691 4127 884 4177 magna
936 4129 1023 4166 res
1077 4122 1183 4179 est,
1233 4131 1355 4168 nam
1397 4126 1450 4170 et
1482 4132 1662 4183 rerum
1711 4131 1957 4174 naturam
2013 4118 2065 4177 et

499 4200 762 4254 rationem
797 4202 909 4270 ipse
939 4204 1203 4259 condidit.
1226 4206 1293 4258 At
1324 4200 1600 4275 Virginem
1639 4224 1697 4262 se
1728 4211 2060 4267 conlidentet

499 4289 768 4345 obtulisse
807 4293 965 4347 talem
1006 4296 1310 4359 ministram
1336 4308 1387 4352 et
1436 4300 1616 4353 verbis
1645 4300 1914 4357 Gabrielis
1963 4305 2059 4356 lia-

498 4380 685 4435 buisse
704 4382 885 4445 fidem,
918 4400 1002 4438 res
1023 4395 1106 4440 est
1138 4387 1293 4454 plane
1314 4389 1556 4442 omnium
1586 4392 1840 4446 maxima.
1870 4386 2053 4448 Oéten-

496 4469 575 4521 dit
595 4469 755 4536 igitur
778 4488 835 4525 se.
854 4472 1025 4541 ipsam
1049 4473 1155 4528 Deo
1179 4478 1544 4545 gratissimam
1564 4480 1744 4549 Virgo,
1766 4483 1890 4535 dum
1917 4483 2060 4553 quod
2100 4494 2107 4501 '

498 4561 715 4628 utrique
753 4572 1276 4634 naturarumposse
1301 4569 1620 4638 contingere
1673 4570 1888 4627 didicile
1943 4586 2054 4628 cre-
2095 4582 2144 4642 ι)

494 4651 609 4707 ditu
638 4661 741 4716 est,
820 4655 936 4724 ipsa
993 4657 1060 4710 de
1107 4673 1166 4711 se
1210 4661 1380 4713 credit
1421 4675 1485 4714 ac
1531 4662 1596 4715 de
1630 4660 1760 4727 Deo,
1794 4665 2060 4720 creaturis

493 4748 870 4813 excelsiorem,
921 4734 1043 4804 cum
1109 4758 1288 4803 tamen
1338 4762 1587 4805 creatura
1646 4764 1790 4808 esset
1835 4764 1887 4806 et
1920 4757 2057 4825 ipsa.

495 4836 682 4904 Itaque
731 4853 856 4892 cum
892 4842 1062 4892 multa
1088 4852 1141 4894 et
1176 4857 1365 4909 magna
1402 4843 1535 4907 sint,
1565 4859 1685 4909 qua:
1717 4845 1804 4898 Dei
1836 4845 2056 4900 Matrem

451 4930 460 4938 '
496 4928 643 4980 illam
680 4927 947 4993 fecerunt,
973 4931 1178 4984 nullum
1213 4942 1296 4985 est
1337 4934 1461 4986 huic
1485 4920 1745 4988 oblationi
1771 4937 2058 5003 praeferen-

494 5018 663 5072 dum:
698 5020 841 5088 quod
896 5022 1021 5074 inde
1069 5023 1269 5091 liquet;
1309 5038 1433 5076 nam
1476 5040 1652 5092 neque
1698 5026 2058 5095 archangelus

494 5110 761 5175 ascendit,
817 5126 919 5164 nec
973 5110 1116 5167 Deus
1168 5114 1457 5167 descendit
1503 5122 1561 5168 ut
1613 5115 1890 5184 praeﬁxum
1933 5126 2058 5181 ante

496 5199 694 5251 sarcula
757 5201 1074 5268 mysterium
1125 5202 1191 5254 ad
1253 5201 1413 5256 linem
1456 5219 1553 5269 pro
1609 5205 1782 5257 salute
1814 5207 2054 5271 omnium

497 5291 840 5359 perduceret,
896 5292 999 5346 nisi
1055 5303 1340 5360 postquam
1384 5292 1703 5346 admiranda
1759 5296 1850 5349 illa
1894 5297 2055 5350 verba

495 5398 560 5434 ex
600 5382 719 5450 ejus
753 5397 848 5435 ore
887 5382 1094 5449 prolata
1130 5391 1279 5444 sunt,
1308 5395 1357 5435 et
1388 5383 1512 5452 jttre
1539 5385 1758 5450 quidem
1799 5388 2004 5453 Optimo
2039 5404 2052 5439 :

494 5472 777 5539 Oportebat
822 5473 965 5523 enim
1028 5457 1374 5538 purissimam
1434 5470 1731 5542 Virginem,
1781 5477 1941 5541 cujus
2004 5485 2059 5530 et

493 5563 677 5615 anima
707 5572 760 5615 et
811 5575 1011 5629 corpus
1033 5562 1183 5614 omni
1224 5562 1342 5617 labe
1379 5565 1663 5628 carebant,
1700 5579 1818 5633 qua:
1848 5581 1954 5620 una
1988 5566 2073 5621 ab»

495 5654 644 5707 omni
679 5652 981 5705 aeternitate
1022 5652 1164 5707 inter
1198 5653 1457 5708 homines
1499 5655 1787 5710 sublimior
1823 5658 2051 5721 exstitit,

498 5747 663 5798 veteri
706 5744 1015 5811 maledicto,
1047 5757 1100 5798 et
1130 5746 1368 5799 humano
1394 5747 1574 5816 generi
1613 5762 1811 5815 mauro,
1844 5758 1902 5821 ut
1932 5764 2052 5820 qua:

2183 1946 2430 2011 haberet,
2460 1958 2515 2002 et
2545 1950 2688 2003 nulla
2724 1964 2953 2019 prorsus
2992 1951 3356 2013 intercederet
3388 1952 3764 2015 violentia,.ex,

2179 2053 2290 2106 quo
2330 2054 2432 2094 nec
2457 2056 2688 2111 serpens
2723 2044 2982 2113 antiquus
3015 2053 3276 2098 assuetus
3308 2043 3608 2098 calumniis
3632 2055 3745 2113 pos-

2179 2140 2265 2186 set
2301 2133 2402 2187 hoc
2425 2134 2770 2199 insimulare,
2808 2152 2872 2191 ac
2910 2137 3075 2190 veluti
3104 2144 3291 2192 notam
3330 2136 3624 2205 quamdam
3650 2136 3747 2189 im-

2179 2226 2405 2296 pingere
2445 2228 2791 2300 benignitati,
2836 2237 2891 2285 et
2920 2229 3154 2299 justitite
3197 2229 3316 2294 Dei,
3354 2230 3501 2299 quod
3538 2237 3746 2305 operata

2178 2327 2325 2371 esset
2357 2320 2673 2387 mysterium
2710 2321 2845 2375 citra
2883 2335 3213 2376 consensum
3247 2319 3614 2377 immaculata:
3635 2319 3752 2372 Vir;

2179 2410 2359 2479 ginis;
2403 2412 2666 2467 clamaret
2695 2415 2865 2477 enim,
2891 2413 3187 2469 convenire
3216 2415 3330 2467 Deo
3358 2410 3564 2468 nemini
3592 2409 3749 2466 bene-

2180 2500 2362 2557 facere
2417 2504 2646 2565 nolenti,
2695 2513 2794 2559 nec
2843 2504 2984 2558 dona
3023 2520 3117 2572 per
3167 2507 3279 2558 vim
3305 2502 3606 2568 conferre;
3640 2516 3752 2556 esse

2176 2595 2324 2648 enim
2355 2608 2584 2664 prorsus
2629 2597 2740 2650 haec
2797 2597 2871 2651 illi
2924 2596 3145 2651 inimica
3200 2603 3255 2651 et
3308 2598 3527 2650 odiosa.
3562 2588 3749 2649 Verum

2179 2687 2381 2754 dixerit
2411 2686 2552 2743 forte
2583 2674 2854 2758 quispiam
2889 2690 2972 2744 vir
3016 2690 3187 2745 scitus
3219 2690 3456 2750 alterius
3497 2687 3613 2743 haec
3640 2690 3753 2741 esse

2182 2782 2511 2839 festivitatis.
2580 2783 2998 2853 Respondemus
3050 2801 3063 2836 :
3114 2782 3364 2837 Alterius
3423 2774 3685 2852 quidem.
3725 2782 3754 2830 ό

2179 2878 2374 2939 amice,
2408 2891 2515 2931 non
2540 2887 2720 2932 tamen
2744 2879 2954 2940 alienae,
2993 2875 3089 2931 sed
3110 2876 3372 2931 maxima:
3408 2876 3541 2930 huic
3566 2873 3755 2936 alliuis,

2178 2982 2303 3025 nam
2329 2985 2590 3025 connexa:
2624 2978 2754 3025 sunt
2787 2969 2929 3024 inter
2957 2985 3017 3025 se
3057 2968 3321 3035 invicem,
3347 2977 3403 3023 et
3428 2969 3599 3022 altera
3628 2981 3752 3038 pcn-

2175 3063 2269 3119 det
2295 3065 2547 3119 abaltera
2574 3064 2855 3134 cujusdam
2889 3063 3063 3117 instar
3097 3070 3306 3115 catenae
3334 3076 3528 3118 revera
3555 3077 3752 3116 aureae:

2176 3157 2377 3227 quippe
2391 3172 2511 3226 qua:
2535 3159 2740 3227 pariter
2762 3157 3112 3212 celebrantur
3130 3156 3195 3211 ad
3218 3156 3460 3224 gloriam
3489 3156 3751 3223 gloriosae.-

2177 3247 2299 3302 Non
2354 3262 2487 3318 ergo
2540 3259 2597 3301 ιιι
2633 3247 2883 3302 indomiti
2927 3248 3051 3317 equi
3101 3246 3335 3311 faciunt,
3392 3248 3647 3318 divagata
3680 3253 3759 3300 est

2176 3339 2374 3404 oratio,
2417 3353 2527 3408 quo
2562 3353 2670 3393 non
2718 3336 2973 3402 debebat,
3005 3338 3101 3392 sed
3137 3337 3265 3390 illuc
3303 3339 3504 3400 tendit,
3542 3351 3650 3406 quo
3683 3332 3759 3387 di-

2177 3432 2376 3501 rigltur
2406 3438 2423 3484 ε
2458 3445 2581 3483 nam
2647 3429 2749 3485 etsi
2794 3430 2911 3483 visa
2941 3436 3024 3484 est
3056 3428 3290 3497 digredi,
3331 3436 3523 3484 tamen
3565 3429 3619 3482 in
3659 3427 3759 3480 illis

2177 3534 2317 3588 erat,
2346 3539 2441 3594 per
2477 3536 2599 3592 quae
2627 3521 2983 3586 inferebatur,
3013 3522 3158 3591 quod
3190 3521 3551 3585 volebamus,
3582 3520 3761 3601 ethoc

2179 3617 2254 3670 ita
2282 3631 2405 3670 esse
2436 3613 2749 3685 ostendam.
2783 3612 2924 3679 Quid
2952 3613 3121 3683 igitur
3148 3628 3214 3669 ex
3248 3613 3342 3670 his
3372 3603 3760 3669 concluditur?

2182 3707 2363 3770 Illum,
2397 3723 2557 3778 quem
2612 3707 2773 3762 beata
2804 3706 2976 3774 Virgo
3011 3706 3132 3761 sine
3180 3706 3302 3761 viro
3357 3707 3597 3777 peperit,
3637 3720 3762 3760 cou-

2172 3802 2426 3869 junctum
2463 3800 2538 3854 illi
2596 3814 2811 3869 semper
2846 3799 3016 3853 fuisse
3060 3797 3271 3850 intime.
3310 3798 3385 3852 Et
3428 3798 3566 3868 quid
3601 3782 3765 3852 inde?

2178 3894 2335 3960 Quod
2370 3893 2708 3960 ipsissimum
2761 3890 3044 3961 gaudium,
3070 3886 3297 3951 Filium,
3333 3890 3591 3959 inquam,
3627 3901 3765 3942 sem-

2180 3984 2704 4056 per_inbabitantem
2747 3982 2801 4036 in
2853 3995 2912 4036 se
2965 3981 3175 4035 habens
3207 3995 3375 4035 suum
3411 3994 3542 4065 cum
3568 3976 3765 4047 gaudio

2178 4077 2429 4146 Spiritum
2466 4074 2721 4128 manibus
2755 4072 2877 4142 ejus
2907 4071 3332 4127 commendavit.
3374 4070 3442 4125 Et
3469 4071 3518 4125 si
3546 4071 3660 4124 haec
3696 4072 3764 4122 ita

2177 4184 2236 4224 se
2270 4156 2494 4227 habent,
2526 4169 2578 4221 id
2612 4168 2757 4235 quod
2793 4179 2985 4219 omnes
3025 4156 3154 4233 puto
3180 4162 3585 4226 aliirmattirus.
3622 4161 3764 4231 digni

2179 4275 2381 4315 sumus
2434 4259 2613 4317 venia.
2680 4258 2823 4327 quod
2858 4258 3036 4311 simile
3067 4256 3197 4325 quid
3238 4257 3405 4312 nobis
3446 4257 3767 4328 contigerit,

2178 4361 2343 4419 atque
2370 4351 2470 4412 illi,
2504 4351 2594 4420 qui
2630 4349 2770 4404 forte
2800 4349 2851 4402 in
2888 4356 3099 4417 pratum
3125 4347 3376 4416 cujusvis
3421 4353 3646 4419 generis
3677 4346 3770 4399 llo-

2177 4445 2329 4499 ribus
2371 4450 2624 4496 ornatum
2668 4442 2968 4511 profectus,
3002 4440 3131 4493 dum
3165 4442 3327 4494 vell’et
3364 4458 3544 4496 unum
3573 4443 3768 4510 legere,

2176 4537 2246 4591 ab
2268 4538 2374 4590 alio
2398 4537 2613 4590 illecnts
2648 4535 2798 4587 illum
2840 4534 3135 4601 decerpsit,
3178 4534 3359 4587 vietus
3396 4537 3669 4587 nimirum
3703 4532 3770 4583 ab

2175 4631 2296 4700 ejus
2345 4627 2754 4697 pulchritudine
2777 4635 2829 4679 et
2865 4625 3189 4693 fragrantia.
3223 4624 3354 4678 Scio
3396 4633 3637 4679 tla'uros
3670 4641 3730 4677 ve
3758 4654 3770 4662 ο

2175 4725 2322 4779 niam
2355 4738 2540 4791 :equos
2576 4721 2877 4785 auditores,
2916 4719 2960 4773 si
2998 4734 3190 4788 parum
3260 4717 3507 4789 digressi
3574 4732 3769 4777 sumus

2176 4815 2455 4870 amatoria
2490 4811 2777 4882 praesentis
2837 4811 3196 4871 celebritatis,
3238 4819 3295 4865 et
3352 4812 3426 4864 iis
3490 4810 3769 4871 dicendis,

2177 4922 2298 4976 qua!
2351 4905 2416 4959 ad
2488 4919 2650 4957 unam
2694 4903 2867 4972 ipsam
2936 4903 3230 4971 pertinent.
3285 4898 3486 4970 Itaque
3526 4912 3771 4956 reverta-

2177 5013 2301 5053 mur
2329 4978 2394 5050 ad
2438 5005 2647 5054 nostra,
2679 5003 2731 5047 et
2766 5008 2890 5046 cum
2915 4992 3029 5061 jam
3073 4991 3501 5073 probaverimus
3533 5007 3770 5046 consen-

2177 5100 2396 5145 taneum
2429 5095 2483 5141 et
2513 5087 2845 5142 conveniens
2887 5087 3078 5149 luisse,
3105 5096 3337 5137 tnortcm
3384 5084 3607 5156 Virgilii
3644 5085 3769 5139 nul-

2174 5184 2285 5238 lum
2342 5181 2594 5235 attulisse
2628 5180 2895 5242 dolorem,
2938 5179 3042 5231 hoc
3081 5179 3224 5232 idetn
3253 5178 3451 5242 etiam,
3484 5181 3533 5235 si
3566 5180 3769 5249 placet,

2175 5274 2548 5329 necessarium
2581 5271 2963 5327 ostendamus.

2244 5360 2381 5416 Cum
2414 5361 2561 5414 enim
2593 5374 2779 5412 verum
2823 5357 3078 5427 gaudium
3111 5355 3203 5410 Dei
3241 5353 3401 5409 Matri
3448 5366 3609 5413 esset
3631 5372 3771 5412 con-

2172 5455 2443 5526 junctum.
2484 5465 2592 5522 quo
2626 5449 2768 5503 malo
2798 5458 2986 5520 posset
3030 5447 3177 5501 illam
3214 5447 3435 5502 allicere
3471 5448 3641 5504 dolor
3671 5462 3769 5502 vo-

2176 5553 2352 5600 catam
2384 5558 2412 5595 a
2432 5541 2569 5597 Filio
2588 5540 2653 5595 ad
2684 5541 2849 5594 vitam
2874 5539 3239 5592 immortalem
3276 5538 3374 5592 illo
3405 5537 3773 5608 migrationis

2177 5634 2378 5691 modo?
2400 5650 2523 5687 nam
2541 5643 2595 5698 et
2613 5634 2727 5701 ipsa
2759 5646 2944 5686 revera
2965 5631 3300 5700 ipsissimtun
3318 5638 3448 5684 erat
3473 5632 3769 5700 gaudium;

2177 5740 2286 5782 non
2333 5726 2495 5793 modo
2553 5725 2679 5794 quia
2718 5739 2748 5777 e
2781 5722 2995 5777 cunctis
3040 5722 3365 5777 mulieribus
3407 5722 3531 5775 sola
3579 5720 3775 5790 effugit

2176 5816 2581 5874 damnationem
2625 5814 2697 5868 ob
2747 5822 3028 5881 peccatum
3068 5818 3119 5865 et
3168 5818 3385 5879 partum
3417 5808 3505 5871 _in
3565 5806 3776 5861 dolori-
