3972 6438
186 373 258 438 Μ
1005 374 1288 436 onATIo
1329 371 1412 433 IN
1457 366 2008 446 nonnl'rtpNEM
2054 369 2154 429 ss.
2201 357 2578 428 narranti.
3193 347 3199 352 ’
3346 360 3447 433 μή

175 489 282 552 lius,
310 485 406 542 sed
442 485 573 556 quia
607 485 779 539 Mater
807 483 967 538 etiam
996 483 1204 538 exstitit
1230 478 1490 550 ipslssimi
1523 478 1724 547 gaudii.
1769 470 1813 529 Α
1860 474 2002 530 tur?
2033 473 2188 540 Quod
2233 474 2279 527 si
2337 475 2416 526 vel
2476 474 2682 540 Optimo
2737 469 3170 542 temperamento
3231 483 3446 527 natura:

178 580 321 633 Dolor
351 593 483 648 ergo
536 577 720 632 omnis
751 574 948 630 abfuit.
987 572 1140 640 Quod
1181 574 1226 630 si
1261 573 1488 628 omnino
1528 573 1727 640 placet,

177 681 278 727 esto
343 671 506 725 dolor
549 668 870 730 accesserit,
925 668 1018 721 sed
1053 665 1431 721 statimetiam
1479 663 1732 725 recessit,

177 767 267 830 vix,
297 774 355 818 ut
380 765 452 818 ita
486 764 692 829 dicam,
718 777 830 818 suae
851 761 1151 831 praesentire
1179 772 1404 813 sensum
1445 757 1717 826 przebens.

175 857 426 923 Quoniam
446 869 576 924 ergo
589 854 780 908 dolore
815 867 986 906 vacua
1006 861 1124 905 erat
1147 849 1340 918 Virgo,
1379 848 1725 917 perspicuum

174 957 262 1012 est,
291 949 722 1005 sincerissimam
751 947 992 1002 adfuisse
1017 946 1281 1000 laetitiam.
1319 944 1512 999 Certus
1549 951 1728 996 autem

181 1057 511 1106 tum,omnes
533 1041 666 1095 mihi
690 1039 945 1096 assentiri
961 1038 1294 1100 rationibus,
1315 1037 1516 1107 quibus
1542 1049 1732 1110 verum

179 1134 684 1196 demonstravimus.
720 1147 1045 1201 persuasos,
1082 1131 1217 1186 nihil
1255 1130 1566 1201 purissimae
1619 1126 1736 1181 Vir-

177 1229 270 1298 gini
300 1227 602 1297 optabilius
635 1226 831 1286 fuisse,
865 1240 1023 1294 quam
1055 1238 1122 1279 ex
1148 1223 1250 1278 hac
1286 1223 1394 1276 vita
1424 1221 1688 1277 decedere
1715 1237 1734 1286 ;

176 1317 296 1372 adeo
316 1326 472 1386 grata
507 1324 624 1370 erat
659 1314 734 1369 illi
763 1327 931 1376 mors,
959 1327 1066 1381 qua
1101 1326 1202 1366 nos
1225 1312 1510 1366 tristamur
1535 1318 1582 1362 et
1611 1308 1738 1375 jure

173 1413 381 1482 quidem
414 1411 646 1480 optimo.
676 1407 814 1478 Nam
865 1409 993 1478 quia
1019 1408 1168 1462 nulla
1202 1417 1320 1461 erat
1352 1407 1458 1459 alia
1512 1405 1596 1457 via
1629 1417 1737 1472 qua

176 1511 348 1573 posset
388 1503 545 1557 abire
565 1501 627 1556 ad
659 1499 879 1565 Filium,
907 1501 1012 1555 nisi
1053 1500 1182 1554 hinc
1213 1497 1588 1566 demigrando,
1611 1509 1736 1548 eum

175 1594 288 1650 Filii
342 1593 806 1650 consuetudinem
870 1599 1178 1661 exoptaret,
1225 1598 1492 1660 quantum
1558 1585 1739 1641 verbis

173 1687 473 1758 exprimere
517 1699 679 1739 nemo
709 1695 894 1752 queat,
936 1683 1258 1740 necessario
1315 1681 1446 1736 illud
1523 1692 1740 1749 quoque

172 1780 484 1850 exoptabat,
502 1793 602 1848 per
627 1779 768 1846 quod
804 1779 1020 1846 assequi
1055 1785 1288 1846 poterat,
1321 1773 1464 1842 quod
1499 1780 1557 1828 ut
1588 1787 1740 1826 sum-

174 1889 292 1927 mus
326 1872 452 1926 finis
484 1870 886 1941 optatissimum
912 1877 1028 1922 erat
1059 1885 1074 1932 ;
1112 1868 1216 1921 hoc
1241 1877 1420 1920 autem
1451 1879 1610 1919 nemo
1637 1862 1737 1915 tni-
1773 1860 1818 1918 B

171 1974 354 2028 retur;
390 1977 501 2017 non
535 1962 683 2016 enim
716 1962 874 2030 quasi
907 1960 1069 2014 ﬁnem
1102 1959 1325 2028 optabat
1362 1955 1572 2025 sejungi
1615 1957 1740 2008 anl-

174 2072 310 2110 mam
332 2071 360 2107 a
387 2069 639 2123 corpore.
659 2053 903 2120 Quorum
928 2053 1070 2106 illoc
1092 2053 1235 2105 enim
1266 2049 1284 2102 f
1291 2049 1459 2103 uisset
1485 2049 1742 2101 aberrare

181 2163 208 2202 a
229 2147 453 2202 veritate
485 2162 499 2198 :
539 2145 632 2198 illa
664 2158 792 2198 vero
832 2143 901 2197 ab
929 2143 1076 2196 omni
1109 2149 1335 2211 peccato
1370 2153 1588 2208 semper
1639 2135 1744 2190 fuit

187 2240 432 2293 immunis
468 2259 481 2293 :
515 2239 611 2292 sed
659 2236 932 2306 cupiebat,
979 2233 1226 2298 ardebat,
1268 2231 1562 2300 emplabat
1592 2244 1743 2283 mor-

190 2341 312 2395 tem,
338 2331 485 2400 quasi
517 2331 828 2385 vehiculum
861 2327 1156 2414 quoddam,
1191 2335 1286 2380 aut
1309 2325 1606 2393 navigium,
1631 2335 1744 2391 quo

177 2425 444 2479 transrehi
483 2431 671 2492 posset
701 2423 766 2476 ad
814 2421 1123 2474 immortale
1177 2433 1428 2487 regnum.
1459 2423 1514 2472 et
1549 2416 1741 2477 vitam,

168 2515 364 2569 Filium
402 2531 469 2569 ac
491 2513 682 2575 Deum,
714 2513 778 2566 ad
802 2527 962 2582 quem
982 2512 1166 2565 omnia
1191 2508 1465 2564 desideria
1493 2505 1743 2569 tendunt,

168 2608 309 2660 ultra
336 2622 501 2676 quem
530 2621 640 2659 non
675 2594 802 2658 liaet
833 2603 1084 2674 progredi
1113 2609 1208 2656 aut
1235 2600 1539 2670 quidquam
1563 2599 1743 2653 velle:

167 2714 277 2754 non
305 2699 459 2754 enim
490 2707 669 2768 potest
697 2711 818 2752 esse
846 2697 1072 2751 satietas
1103 2694 1220 2759 Dei,
1253 2702 1306 2749 et
1332 2694 1601 2748 bonorum
1625 2691 1748 2746 illo-

164 2807 311 2858 rum,
346 2801 401 2844 ut
425 2791 484 2846 in
519 2791 621 2846 hac
648 2791 754 2844 vita
784 2788 1057 2857 contingit
1081 2785 1424 2852 necessario,
1452 2784 1505 2838 in
1531 2796 1636 2853 qua
1659 2796 1748 2838 res

166 2883 341 2938 fluxas
373 2897 645 2945 amamus,
676 2890 728 2936 et
760 2897 869 2936 non
902 2879 1068 2934 ﬂuxis
1095 2876 1546 2949 praeferimus:flt
1575 2875 1746 2942 enim,

169 2987 224 3032 ut
269 2993 399 3031 cum
437 2975 602 3032 rebus
632 2974 929 3030 fluentibus
957 2972 1287 3028 desiderium
1318 2984 1538 3041 quoque
1573 2964 1746 3023 animi

168 3070 406 3134 vacillet,
435 3084 561 3123 cum
591 3067 887 3137 praesertim
941 3065 1073 3120 illud
1108 3065 1217 3119 cito
1245 3062 1496 3133 capiatur
1525 3061 1748 3116 satieta-

168 3171 235 3216 te.
285 3159 452 3214 Nulla
503 3160 668 3230 igitur
719 3174 807 3214 res
859 3164 1073 3228 poterat
1123 3156 1291 3208 solari
1339 3153 1461 3223 ejus
1505 3151 1745 3206 animam

1860 567 2102 637 praeditis
2144 566 2274 618 dum
2342 574 2515 616 morte
2567 564 2880 625 solvuntur,
2915 565 3136 633 aliquod
3173 565 3442 618 molestiae

1864 659 2155 727 vestigium
2186 657 2514 711 brevissimo
2555 663 2800 722 tempore
2833 657 3041 719 subest,
3087 665 3302 712 nonest
3342 656 3446 710 mi-

1821 754 1842 773 ’
1867 751 2094 805 randum
2119 767 2132 802 ε
2156 750 2316 811 homo
2353 748 2498 803 enim
2536 743 2699 817 Virgo
2724 753 2864 812 erat,
2895 756 2946 801 et
2975 749 3261 816 oportebat
3297 748 3444 800 illam

1870 851 2077 896 naturae
2115 849 2514 911 congruentem
2562 857 2685 896 esse
2717 879 2732 904 ,
2785 855 2891 894 non
2943 839 3312 894 adversariam
3369 839 3446 892 illi

1867 936 2060 998 vhleri,
2091 931 2239 1003 quod
2274 933 2469 988 fuisset
2498 943 2552 989 et
2581 949 2762 988 serum
2794 947 3058 1002 pugnare.
3095 929 3315 986 Naturae
3346 931 3450 998 igi-

1869 1036 1958 1080 tur
2003 1024 2249 1082 debitum
2297 1027 2481 1081 divina
2535 1020 2698 1092 Virgo
2738 1027 2959 1095 penitus
3010 1041 3118 1077 non
3178 1033 3449 1082 aversata,

1866 1134 1991 1172 cum
2021 1118 2065 1173 si
2097 1119 2254 1173 aliter
2284 1119 2488 1172 factum
2519 1129 2686 1181 esset,
2727 1133 2814 1172 res
2849 1118 3188 1170 absurditate
3221 1131 3327 1170 non
3359 1130 3450 1167 ea-

1868 1219 2031 1270 reret,
2073 1221 2261 1265 secuta
2305 1210 2465 1278 plane
2499 1220 2581 1266 est
2614 1225 2796 1265 rerum
2834 1216 3166 1263 naturamet
3199 1209 3452 1276 aliquan-

1867 1304 2208 1367 tulum,,uti
2252 1304 2362 1372 jam
2429 1304 2693 1365 diximus,
2745 1303 3058 1357 molestiam
3110 1301 3274 1370 cepit.
3338 1300 3452 1356 Nec

1870 1406 2052 1450 tamen
2088 1411 2153 1450 ex
2193 1396 2296 1450 hoc
2325 1394 2511 1449 videor
2552 1395 2690 1448 meis
2721 1394 2856 1463 ipsis
2889 1392 3237 1448 sermonibus
3259 1392 3454 1447 adver-

1872 1490 2002 1548 sari,
2033 1488 2188 1553 quasi
2225 1489 2502 1541 contraria
2549 1486 2970 1553 affirmantibus,
3001 1503 3110 1540 non
3146 1487 3292 1542 enim
3325 1503 3453 1554 pos-

1869 1591 1998 1633 sunt
2050 1582 2186 1631 velle
2245 1580 2626 1648 impossibilia.
2678 1578 2782 1633 Sed
2840 1578 3122 1633 exordium
3174 1579 3450 1633 sermonis

1867 1673 1994 1734 mei,
2025 1681 2077 1726 et
2101 1663 2348 1742 qumdaut
2374 1672 2556 1727 addita
2588 1672 2933 1741 postmodum
2962 1672 3192 1726 exordio
3219 1687 3452 1738 corona,

1872 1765 2146 1819 luculenta
2185 1766 2315 1818 mihi
2365 1767 2610 1821 defensio
2641 1775 2790 1821 sunt.
2843 1765 3054 1820 Etenim
3094 1764 3311 1834 probari
3343 1780 3451 1818 non

1869 1865 2110 1925 poterat.
2146 1858 2551 1912 immaculatam
2589 1859 2869 1928 Virginem
2926 1859 3076 1913 omni
3122 1838 3312 1912 dolore
3361 1875 3456 1914 ca—

1867 1951 2067 2014 ruisse,
2093 1950 2185 2004 sed
2231 1967 2328 2020 pro
2361 1960 2569 2005 natum
2608 1951 2817 2020 legibus
2863 1959 3141 2005 momento
3192 1950 3456 2019 temporis

1870 2043 2180 2097 communis
2211 2043 2373 2110 hujus
2397 2043 2591 2096 mortis
2620 2043 2929 2112 percepisse
2965 2043 3236 2106 dolorem,
3260 2057 3450 2096 verum

1875 2147 2024 2190 tanta
2057 2136 2363 2191 affluentem
2393 2137 2575 2190 lmtitia
2601 2147 2657 2188 ut
2685 2150 2910 2205 prorsus
2931 2137 2996 2190 ab
3021 2151 3084 2190 ea
3113 2151 3315 2191 maeror
3337 2150 3460 2189 om-

1872 2229 1960 2283 nis
2015 2228 2288 2298 effugerit,
2334 2230 2504 2298 cessit
2545 2230 2688 2282 enim
2737 2244 2796 2283 se
2835 2229 3070 2285 fortiori.
3125 2230 3204 2284 Ita
3249 2238 3302 2281 et
3332 2227 3454 2292 ejus

1873 2319 2070 2384 Filius,
2122 2329 2406 2391 assumpta
2455 2332 2658 2376 nostra:
2709 2323 2893 2378 carnis
2934 2338 3136 2385 massa,
3186 2323 3359 2376 noluit
3389 2324 3457 2376 iis

1869 2428 2081 2477 carere,
2137 2430 2257 2481 quae
2284 2415 2466 2470 carnis
2491 2423 2619 2469 sunt
2665 2415 3042 2484 pr0pria,sine
3065 2416 3267 2485 quibus
3291 2417 3455 2471 hou-o

1871 2504 1924 2557 in
1951 2504 2066 2559 suis
2097 2505 2443 2560 naturalibus
2487 2521 2610 2561 esse
2640 2505 2879 2574 perfecte
2916 2522 3024 2561 non
3057 2517 3240 2577 potest
3283 2527 3296 2562 :
3349 2509 3452 2561 tri-

1871 2605 2047 2650 status
2081 2603 2186 2658 est,
2218 2597 2408 2651 dolore
2455 2597 2709 2661 allectus,
2749 2614 2856 2651 non
2902 2599 3078 2652 solum
3108 2599 3160 2654 in
3199 2615 3364 2655 cruce
3402 2609 3457 2655 et

1871 2688 2154 2752 Passione,
2172 2690 2266 2744 sed
2280 2690 2444 2743 etiam
2461 2690 2680 2758 quando
2697 2688 2936 2744 Lazarus
2957 2699 3204 2744 mortuus
3219 2701 3323 2756 est,
3341 2692 3458 2760 lege

1871 2790 2076 2836 nostra:
2107 2789 2318 2850 natura:
2341 2782 2611 2853 lacrymas
2643 2784 2907 2837 emisitex
2932 2784 3109 2837 oculis
3136 2799 3227 2838 :ex
3263 2785 3459 2838 itinere

1874 2874 2202 2944 defatigatus
2235 2884 2340 2940 est,
2372 2876 2604 2946 ciboque
2630 2877 2882 2946 indiguit,
2911 2886 2964 2931 et
2993 2893 3188 2932 somno
3213 2894 3276 2932 ae
3301 2887 3454 2947 potu,

1877 2983 1940 3021 ac
2001 2970 2318 3024 summatim
2376 2970 2465 3032 iis,
2519 2970 2716 3037 quibus
2758 2970 2902 3025 fluxa
2928 2983 3113 3024 nostra
3141 2971 3459 3026 continetur

1871 3062 2007 3124 vita,
2040 3077 2266 3131 qumque
2303 3062 2357 3115 in
2393 3077 2450 3116 se
2501 3077 2700 3132 corpus
2745 3080 2854 3118 non
2891 3065 3103 3132 recipit,
3145 3065 3249 3118 nisi
3302 3067 3458 3134 prius

1872 3168 1940 3206 ex
1972 3168 2159 3208 eorum
2207 3154 2500 3224 indigentia
2533 3156 2907 3228 eondojescat.
2945 3156 3104 3210 Adeo-
3141 3155 3247 3210 fuit
3285 3157 3458 3212 nostri

169 3269 387 3308 summo
407 3252 681 3308 desiderio
703 3247 1171 3312 aestuantemmisi
1199 3263 1264 3302 ex
1293 3246 1394 3300 hac
1417 3245 1526 3298 vita
1553 3244 1748 3298 deces-
1793 3235 1837 3297 C
1876 3261 2067 3301 amans
2126 3246 2380 3301 Salvator
2415 3263 2429 3310 ;
2490 3263 2598 3302 non
2648 3249 2791 3303 enim
2843 3249 3029 3306 carnis
3070 3259 3122 3304 et
3171 3251 3458 3320 sanguinis

169 3349 269 3402 sio.
321 3347 468 3412 Quid
505 3346 550 3400 si
592 3343 652 3398 Β.
689 3343 888 3398 Paulus
933 3341 1196 3410 cupiebat
1247 3338 1504 3402 dissolvi,
1541 3344 1594 3390 et
1624 3348 1750 3390 esse

171 3456 286 3493 eum
318 3437 602 3494 Christo?
641 3435 728 3490 cui
771 3434 934 3488 etiam
973 3431 1138 3486 David
1180 3445 1242 3486 ac
1289 3429 1510 3485 Simeon
1558 3441 1750 3498 preces

175 3529 450 3585 fundendo
498 3525 854 3596 congruentia
903 3523 1070 3577 locuti
1108 3522 1366 3576 videntur
1415 3538 1436 3574 :
1491 3518 1582 3573 ille
1621 3517 1749 3570 dum

174 3626 244 3678 ait
283 3643 298 3678 :
333 3623 488 3677 Educ
529 3623 592 3674 de
621 3619 861 3674 custodia
904 3617 1139 3671 animum
1169 3631 1378 3676 meant;
1413 3621 1486 3676 et,
1529 3607 1752 3676 Quando

177 3717 370 3768 ueniam
393 3723 443 3768 et
473 3712 732 3780 apparebo
752 3717 874 3763 ante
905 3707 1090 3772 faciem
1115 3703 1449 3770 Dei?('P.sal.
1479 3715 1622 3763 C\Ll,
1655 3697 1709 3769 8)
1735 3715 1750 3762 ;

181 3807 260 3860 hic
306 3815 492 3860 autem
521 3818 643 3857 cum
678 3802 816 3857 dixit
853 3816 866 3851 :
908 3798 1066 3852 Num:
1101 3797 1333 3850 dimittis
1362 3809 1567 3848 servum
1603 3801 1755 3844 tuum

183 3895 323 3960 (Luc.
363 3911 422 3961 ll,
448 3894 586 3964 29);
630 3893 828 3962 quibus
867 3891 1059 3959 utique
1091 3887 1324 3942 vocibus
1372 3885 1454 3938 usi
1497 3884 1751 3946 fuissent,

184 3990 434 4051 arbitror,
482 3989 526 4042 si
584 4001 722 4056 opus
777 3982 990 4047 fuisset,
1021 3980 1096 4036 illi
1131 3980 1297 4036 etiam
1327 3978 1420 4048 qui
1454 3991 1614 4032 suum
1656 3987 1756 4044 pro

183 4087 394 4140 Christo
423 4082 732 4139 effuderunt
754 4079 1099 4149 sanguinem,
1122 4085 1175 4130 et
1205 4074 1422 4129 dolores
1443 4071 1754 4127 intoleran-

182 4178 278 4232 dos
320 4178 637 4233 sustinuere
670 4191 685 4228 :
716 4181 771 4230 et
812 4171 887 4226 illi
938 4169 1169 4240 pariter,
1213 4165 1305 4238 qui
1359 4166 1412 4220 in
1449 4159 1757 4236 spiritualia

185 4271 482 4326 certamina
539 4266 961 4329 descenderunt,
1014 4261 1397 4316 confessorum
1447 4265 1643 4314 cretus.
1705 4262 1760 4309 et

185 4364 407 4415 omnino
428 4360 631 4428 quibus
653 4357 732 4411 uti
760 4369 966 4424 scopus
997 4351 1338 4423 pr0positum
1370 4356 1478 4412 est,
1507 4345 1655 4417 quod
1677 4352 1762 4402 est

183 4453 474 4520 optimum,
501 4456 554 4502 et
589 4449 761 4501 solum
799 4445 928 4510 illud
962 4447 1234 4514 spectant.
1270 4439 1326 4495 Si
1355 4440 1520 4508 igitur
1552 4437 1760 4492 haecita

182 4561 240 4598 se
271 4545 493 4606 habent,
540 4541 838 4606 auditores,
895 4554 1004 4609 qua
1041 4538 1257 4592 ratione
1314 4534 1408 4590 Dei
1473 4533 1643 4588 Mater
1676 4532 1762 4586 di-

1876 3339 2154 3408 particeps
2176 3337 2353 3394 factus
2384 3343 2677 3395 contentus
2710 3340 2832 3406 fuit,
2861 3350 2913 3395 et
2944 3341 3158 3398 collatis
3187 3344 3238 3396 in
3265 3359 3458 3400 omnes

1877 3432 2182 3496 beneficiis,
2219 3449 2326 3487 non
2376 3434 2606 3488 ulterius
2653 3434 2930 3504 progredi,
2972 3435 3067 3490 sed
3119 3435 3278 3505 quasi
3340 3435 3456 3490 fieri

1881 3541 1989 3578 non
2027 3532 2236 3590 posset,
2282 3526 2481 3578 salvari
2529 3527 2826 3588 hominem,
2866 3528 2984 3596 ipso
3030 3543 3138 3582 non
3197 3530 3458 3598 patiente,

1875 3617 2194 3672 Passioucm
2260 3629 2313 3674 et
2373 3629 2609 3674 mortem
2674 3620 2902 3687 Optavit,
2961 3630 3068 3674 tam
3132 3623 3458 3676 exuberanti

1877 3707 2072 3762 aﬂ‘ectu
2107 3716 2166 3762 ut
2198 3724 2304 3762 non
2342 3710 2517 3778 possit
2574 3710 2811 3778 exprimi
2848 3727 2862 3775 ;
2901 3720 2954 3765 et
2994 3719 3231 3766 testatur
3269 3711 3406 3780 illud
3443 3725 3458 3765 :

1878 3793 2150 3866 Baptismo
2179 3798 2344 3852 habeo
2373 3799 2657 3866 baptizari,
2691 3810 2742 3853 et
2792 3802 3051 3866 quomodo
3085 3811 3331 3856 coarctor
3367 3821 3460 3855 us-

1876 3905 1973 3959 que
2008 3887 2131 3942 dum
2159 3890 2466 3958 perﬁciatur
2496 3889 2649 3960 (an.
2688 3908 2782 3955 xu,
2813 3891 2930 3962 50).
2959 3893 3141 3958 Quare
3167 3904 3222 3948 et
3246 3898 3461 3949 contri-

1878 3991 2057 4038 status
2091 3990 2195 4048 est,
2229 3983 2565 4051 doloresque
2598 3997 2857 4052 expertus
2898 3985 2950 4040 in
2980 4002 3166 4044 cruce.
3194 3987 3461 4044 Caeterum

1882 4076 2088 4132 doloris
2119 4084 2335 4146 tempus
2365 4077 2773 4142 brevissimum,
2806 4086 2863 4132 ut
2886 4080 3082 4134 merito
3114 4082 3306 4137 nedici
3333 4084 3462 4152 qui-

1882 4171 2000 4222 dem
2068 4169 2300 4224 fortasse
2359 4178 2576 4238 tempus
2611 4171 2836 4237 possit;
2881 4172 2974 4226 sed
3030 4173 3215 4244 gaudii
3249 4183 3465 4242 tempus

1879 4261 2053 4315 dolori
2086 4263 2433 4317 succedentis
2458 4273 2507 4316 et
2532 4263 2809 4318 ineffabile
2840 4277 2924 4320 est
2951 4274 3005 4320 et
3032 4267 3461 4322 interminabile.

1881 4355 2034 4420 Quod
2066 4352 2109 4409 si
2133 4357 2245 4410 haec
2275 4356 2340 4411 de
2359 4355 2642 4411 Salvatore
2675 4357 2818 4412 dicta
2842 4375 2968 4414 vera
2989 4367 3137 4426 sunt,
3158 4375 3337 4414 annon
3359 4363 3466 4414 erit

1884 4449 2063 4502 minus
2088 4449 2186 4516 piae
2210 4448 2408 4502 mentis
2429 4449 2494 4502 de
2518 4449 2687 4504 Matre
2709 4451 2827 4518 ejus
2853 4452 3064 4506 diversa
3085 4452 3328 4508 sentire?
3356 4452 3466 4506 De.-

1884 4541 2051 4594 cebat
2087 4555 2216 4594 sane
2245 4538 2338 4593 Dei
2381 4538 2502 4594 Filii
2539 4540 2764 4594 Matrem
2802 4541 2936 4595 Filio
2970 4551 3022 4596 et
3054 4543 3305 4598 manibus
3341 4542 3465 4608 ejus

180 4641 352 4691 cenda
387 4652 492 4690 non
523 4635 591 4687 sit
614 4634 773 4703 longe
803 4633 1043 4686 maximo
1071 4629 1266 4684 affectu
1299 4629 1352 4682 in
1377 4629 1477 4680 hoc
1505 4623 1760 4680 laudabili
1789 4617 1840 4676 D
1883 4646 2004 4683 rum
2057 4630 2242 4683 laetitia
2301 4632 2690 4685 commendare
2740 4632 3018 4700 spiritum,
3072 4633 3212 4686 sicut
3246 4634 3360 4701 ipse
3405 4634 3459 4687 in

176 4730 449 4783 desiderio
465 4726 748 4796 plusquam
768 4724 858 4777 alii
877 4723 1048 4777 fuisse
1069 4723 1092 4776 ?
1114 4722 1272 4777 Certe
1297 4721 1348 4773 in
1365 4719 1648 4773 illisetiam
1669 4730 1762 4770 ve-

179 4818 625 4874 hementissimus
656 4815 756 4870 fuit
788 4816 893 4868 iste
924 4813 1181 4877 affectus;
1211 4827 1310 4866 nec
1335 4809 1479 4864 aliud
1506 4807 1762 4876 aptabant

177 4913 429 4980 quam,si
463 4910 594 4979 quid
621 4909 956 4978 praecipuum
993 4913 1134 4968 erat,
1166 4902 1597 4969 confereliatque
1622 4916 1756 4954 sua-

183 5015 272 5073 pte
309 5012 514 5058 natura
545 5002 610 5055 ad
639 5002 763 5066 hoc,
801 5008 862 5054 ut
896 5007 1086 5053 essent
1119 5012 1243 5051 cum
1281 4995 1527 5051 Christo.
1558 4993 1760 5047 Verum

182 5097 288 5148 illis
319 5094 487 5163 Virgo
510 5101 660 5147 tanto
686 5089 1049 5146 excellentius
1083 5087 1315 5157 optavit,
1346 5094 1614 5154 quantum
1643 5084 1760 5137 dis-

175 5189 424 5243 criminis
480 5194 566 5241 est
630 5187 774 5239 inter
833 5183 1010 5253 ipsam
1056 5188 1112 5234 et
1179 5179 1346 5234 illos:
1397 5189 1510 5230 tum
1549 5177 1760 5229 ratione

176 5281 486 5336 sanctitatis
534 5287 590 5333 et
657 5277 922 5330 virtutum
993 5257 1223 5331 ofﬁciis}.
1268 5278 1759 5340 quantamcunque

172 5376 296 5443 quis
345 5373 531 5426 animo
572 5368 868 5442 praafixerit
906 5367 1074 5435 hujus
1115 5364 1194 5419 rei
1251 5377 1590 5426 mensuram,
1642 5367 1756 5412 tum

173 5469 389 5518 ratione
418 5460 832 5531 coniunctionis
860 5473 983 5511 cum
1017 5455 1290 5517 Deo,cum
1335 5455 1378 5507 is
1413 5464 1565 5507 salus
1589 5451 1758 5519 ipsius

173 5557 444 5612 exstiterit
485 5572 501 5619 ;
546 5567 651 5623 qua
685 5550 906 5620 quidem
954 5548 1010 5601 in
1046 5563 1104 5601 re
1133 5546 1338 5600 nullam
1387 5553 1472 5597 est
1516 5542 1760 5597 invenire

175 5665 510 5705 mensuram.
558 5647 695 5702 Cum
754 5644 926 5712 igitur
971 5649 1124 5694 tanto
1169 5637 1448 5693 desiderio
1502 5635 1759 5706 ﬂagraret

173 5741 516 5811 migrationis
539 5754 570 5794 e
599 5745 746 5792 terra
780 5737 834 5788 in
878 5732 1102 5795 caelum,
1135 5729 1226 5783 ubi
1266 5739 1482 5798 tempus
1514 5727 1757 5793 advenit,

173 5835 310 5901 quod
336 5835 567 5905 optabat
609 5837 902 5901 perpetuo,
931 5822 1121 5890 quidni
1155 5821 1421 5890 gauderet
1463 5827 1518 5875 et
1553 5820 1756 5875 laetare-

1885 4737 2078 4775 manus
2109 4719 2310 4777 Patris.
2347 4723 2486 4788 Quin
2512 4723 2642 4776 illtul
2677 4725 2837 4776 etiam
2875 4723 3101 4777 decebat
3125 4724 3277 4778 Matri
3311 4726 3461 4792 plus-

1883 4830 2043 4883 quam
2077 4815 2286 4868 rzcteris
2314 4817 2570 4870 omnibus
2601 4817 2654 4870 in
2681 4818 2876 4884 quavis
2909 4817 3146 4870 humana
3172 4834 3229 4872 re
3258 4833 3460 4873 convc-

1865 4907 2000 4965 _nire
2020 4922 2143 4960 cum
2164 4905 2322 4962 Filio.
2345 4907 2460 4963 Etsi
2497 4917 2656 4964 natus
2689 4910 2808 4979 ejus
2835 4925 2930 4978 pro
2963 4910 3159 4977 gaudio
3188 4911 3292 4965 sibi
3332 4927 3460 4980 pro-

1889 5002 2086 5066 posito,
2115 5009 2174 5054 ut
2199 5000 2402 5056 Paulus
2444 5002 2541 5068 ait,
2568 5017 2667 5071 ego
2698 5018 2826 5056 vero
2861 5003 3094 5056 dixerint
3128 4991 3225 5072 pro
3261 5004 3463 5072 gaudio

1888 5102 2016 5148 tunc
2034 5103 2320 5162 praesente,
2341 5096 2600 5150 sustinuit
2617 5111 2860 5160 crucem,
2880 5096 3201 5150 confusione
3217 5105 3462 5152 contem-

1890 5198 1978 5256 pta
2015 5187 2203 5257 (Hebr.
2237 5205 2334 5252 xu,
2370 5189 2449 5256 2),
2478 5199 2531 5242 et
2557 5188 2702 5241 υιιιιιί
2742 5187 2928 5240 dolore
2959 5197 3162 5252 amato,
3190 5195 3250 5241 ut
3302 5191 3466 5258 paulo

1890 5291 2014 5333 ante
2043 5292 2324 5334 ostensum
2361 5291 2486 5344 est;
2533 5295 2632 5350 par
2673 5291 2823 5334 certe
2857 5282 2961 5333 erit
2990 5291 3044 5335 el
3078 5298 3318 5351 aequum,
3355 5283 3467 5335 imo

1891 5373 2054 5424 etiam
2092 5373 2380 5444 plusquam
2415 5389 2510 5443 par
2547 5373 2649 5426 erit
2699 5373 2922 5425 Matrem
2952 5389 3168 5442 quoque
3193 5375 3314 5441 ejus
3347 5390 3466 5426 mo-

1892 5461 2118 5511 rientem
2168 5476 2264 5529 pro
2311 5476 2407 5530 spe
2451 5464 2754 5530 proposita,
2800 5478 2921 5530 qtnn
2958 5465 3118 5532 plane
3147 5463 3322 5516 dubia
3358 5479 3466 5516 non

1865 5559 2035 5613 .erat,
2065 5553 2270 5604 nullum
2302 5552 2412 5605 fere
2436 5553 2676 5606 dolerent
2712 5557 2972 5608 sensisse.
3012 5555 3132 5608 llaic
3159 5570 3320 5623 porro
3345 5569 3467 5607 esse

1897 5643 2094 5696 rationi
2129 5659 2389 5707 consona,
2439 5660 2539 5697 nec
2587 5645 2884 5700 abhorrere
2932 5660 2959 5698 a
3011 5662 3173 5699 sensu
3212 5645 3465 5711 pietatem

1896 5733 2078 5787 colere
2104 5735 2429 5800 volentium,
2454 5746 2740 5804 ostensum
2768 5753 2888 5791 esse
2917 5737 3156 5790 arbitror
3186 5753 3247 5789 ex
3283 5737 3468 5788 dictis.

1900 5821 2096 5883 Verum
2129 5836 2188 5882 ut
2216 5828 2574 5897 immorantes
2631 5840 2942 5898 pergratum
2977 5828 3244 5884 faciamus
3276 5829 3340 5881 iis
3375 5828 3469 5891 qui
