3972 6456
550 390 653 456 103

1735 371 2132 440 MiNUELIS
2173 338 2615 434 armeme!
3680 374 3770 445 tot

540 496 771 550 libenter
800 491 1052 557 audiunt,
1077 488 1194 543 lucc
1222 485 1451 554 insuper
1473 484 1751 538 addimus.
1790 479 1969 551 Atque
1998 490 2113 537 utt-
2153 475 2196 529 .-\
2240 480 2554 532 mortalium
2597 478 2816 533 timidtr.
2840 478 2965 535 Haec
2994 484 3050 534 et
3082 477 3284 535 similia
3324 480 3599 538 universos
3635 494 3778 552 ptaue

539 604 665 642 nam
697 601 817 655 quae
845 584 1077 640 dicenda
1108 590 1236 637 sunt
1283 596 1390 635 non
1446 587 1505 633 ut
1534 577 1717 632 inania
1746 576 2113 645 excipiantur,

540 682 633 735 sed
671 682 846 749 primo
888 677 1106 747 quidem
1135 674 1201 729 ad
1236 674 1523 729 utilitatem
1548 677 1809 729 vestram.
1844 685 1950 739 qua
1982 667 2116 725 mihi

541 774 677 828 nihil
706 772 1011 841 antiquius,
1052 783 1176 824 cum
1208 768 1276 823 iis
1314 767 1667 821 vehementer
1709 774 1815 833 ego
1854 759 2116 821 delecter,

540 882 642 936 per
691 881 813 935 qua:
855 879 951 919 vos
1002 863 1231 933 possitis
1288 874 1414 915 esse
1474 857 1682 913 felices.
1736 855 1942 910 Deinde
2002 853 2116 907 siut

540 957 705 1009 etiam
737 965 866 1023 opto
885 970 992 1008 non
1027 952 1326 1021 injucunda
1360 960 1413 1004 ttt
1439 963 1599 1017 spero
1626 960 1641 1013 ;
1674 944 2118 1017 quandoquidem

541 1055 599 1100 et
641 1046 788 1099 illam
832 1045 918 1098 cui
952 1042 1259 1098 oll'eruntur
1289 1041 1403 1094 haec
1450 1040 1569 1093 loco
1603 1036 1872 1100 muneris,
1900 1035 2027 1088 licet
2054 1035 2122 1087 ab

542 1139 664 1205 ejus
706 1138 970 1208 dignitate
1022 1136 1317 1206 plurimum
1345 1134 1573 1193 distent,
1603 1140 1658 1187 et
1687 1145 1871 1184 rerum
1901 1120 2121 1184 nostra-

542 1247 665 1285 rum
697 1233 831 1286 nihil
867 1245 1095 1300 prorsus
1129 1228 1385 1297 indigeat,
1420 1234 1474 1278 at
1499 1226 1729 1277 libenter
1752 1230 1935 1276 tamen
1965 1234 2123 1275 acce-

543 1336 760 1394 pturam
789 1324 906 1377 scio
935 1322 1079 1391 quod
1107 1338 1134 1374 a
1163 1320 1427 1374 benevolo
1456 1318 1660 1371 famulo
1680 1312 1959 1370 offeratur.
1983 1304 2123 1367 Puto

543 1426 726 1471 autem
761 1415 1137 1469 confitendum
1163 1428 1288 1467 esse
1317 1428 1418 1467 nos
1449 1427 1478 1465 a
1513 1424 1679 1478 scopo
1706 1424 1811 1462 non
1837 1407 2122 1461 aberratu-

542 1511 930 1575 ros,-favente
983 1510 1079 1563 Dei
1126 1508 1424 1569 Genitriee,
1470 1522 1568 1575 per
1618 1520 1781 1576 quam
1831 1504 2123 1559 imbecillis

544 1603 864 1659 difficillima
902 1601 1156 1656 facillima
1183 1599 1337 1654 fiunt.
1373 1598 1507 1651 Dico
1532 1596 1699 1666 igitur
1725 1595 1825 1669 tria
1849 1606 1972 1649 esse
1995 1609 2124 1661 pros

544 1707 664 1765 pter
708 1713 831 1767 qute
871 1710 1064 1749 omnes
1124 1703 1353 1747 mortem
1410 1689 1827 1760 pertimescunt.
1882 1683 2122 1739 Primtttn

549 1792 799 1860 quidem,
830 1789 974 1859 quod
1009 1804 1115 1841 non
1151 1796 1245 1860 est
1264 1785 1419 1838 valde
1453 1783 1798 1837 manifestum
1837 1778 2127 1835 conscien-

553 1857 641 1940 tia:
668 1882 801 1953 quid
838 1857 1083 1936 futurum
1119 1881 1192 1935 sit
1222 1857 1276 1934 in
1310 1879 1476 1932 altera
1510 1878 1618 1929 vita
1654 1867 1874 1945 quando
1904 1870 2127 1926 univcr-

548 1991 671 2031 sum
699 1986 874 2048 genus
913 1983 1161 2031 nostrum
1199 1980 1386 2042 surget
1419 1985 1446 2024 a
1479 1966 1590 2024 Deo
1619 1962 1995 2035 iudicandum,
2019 1962 2125 2019 nisi

548 2071 637 2125 cui
687 2070 955 2125 divinitus
1008 2068 1172 2122 fuerit
1236 2066 1557 2122 revelatum.
1613 2061 1930 2117 Seeundttm
1975 2058 2122 2130 quod

544 2163 816 2219 discessio
845 2162 937 2217 fiat
971 2160 1040 2215 ab
1071 2160 1218 2215 omni
1252 2174 1449 2229 genere
1492 2152 1812 2226 voluptatis,
1848 2164 1903 2211 et
1924 2168 2128 2224 cogna-

543 2258 716 2321 tione,
746 2266 801 2310 et
832 2256 1115 2320 amicis,et
1145 2254 1368 2322 antiqua
1401 2249 1816 2312 consuetudine.
1847 2256 1902 2305 et
1931 2248 2128 2314 huius-

543 2349 715 2404 modi.
745 2347 991 2406 Tertinm
1034 2359 1327 2403 t-otumuue
1366 2348 1491 2405 hoe,
1514 2330 1660 2413 quod
1691 2337 1872 2409 anima
1901 2356 2125 2412 separa-

547 2452 637 2498 tur
683 2456 713 2495 a
782 2457 1037 2511 corpore,
1099 2456 1162 2495 ex
1217 2453 1328 2508 quo
1386 2439 1467 2501 fit,
1533 2444 1593 2491 ttt
1653 2443 2000 2505 compactum
2056 2450 2122 2489 ex

543 2534 833 2590 elementis
877 2548 1078 2602 corpus
1127 2540 1532 2601 corrumpatur,
1586 2529 1733 2600 quod
1799 2528 2125 2585 naturaliter

545 2629 733 2682 omnia
776 2625 1013 2695 fugiunt.
1052 2626 1190 2680 Cum
1233 2638 1364 2693 ergo
1400 2624 1499 2677 tria
1534 2622 1647 2677 haec
1685 2620 1796 2676 sint
1840 2634 1962 2690 quae
1992 2628 2125 2688 sitp-

545 2721 829 2791 ponimus,
882 2718 1087 2790 quibus
1156 2715 1598 2773 concludendum
1639 2722 1725 2769 est
1779 2713 1924 2783 quod
1975 2711 2122 2776 volo,

545 2809 945 2867 exordiendum
981 2825 1011 2864 a
1040 2807 1222 2863 medio
1251 2807 1441 2864 statui.
1471 2804 1616 2861 Sane
1641 2804 1709 2859 iis
1741 2803 1834 2875 qtti
1868 2810 2125 2860 tenentur

545 2906 675 2961 vitae
713 2904 986 2960 desiderio
1011 2912 1233 2974 propter
1263 2900 1556 2973 pratscntia
1606 2909 1844 2959 tantunt.
1877 2900 1970 2968 qui
2009 2897 2127 2954 hinc

545 2997 712 3052 etiam
745 2996 901 3067 quasi
950 2995 1108 3050 linem
1138 2995 1389 3049 ultimum
1422 2996 1731 3057 sectantur,
1773 2989 2124 3046 intoleranda

546 3103 632 3149 est
654 3070 850 3148 merito
875 3106 1048 3153 mors.
1079 3099 1137 3144 ttt
1160 3105 1280 3160 qua:
1302 3090 1427 3145 illos
1454 3107 1482 3141 a
1507 3088 1788 3144 consortio
1804 3101 1987 3142 rerum
2018 3085 2122 3141 sibi

545 3183 913 3253 pretiosarum
979 3181 1254 3252 sejungat,
1311 3181 1516 3250 quibus
1568 3178 1757 3234 veluti'
1795 3176 2013 3246 pueris,
2069 3181 2126 3231 et

547 3288 815 3341 generoso
858 3274 1041 3328 animo
1091 3272 1403 3329 nolentibus
1458 3272 1559 3337 uti,
1610 3271 1706 3326 sed
1753 3270 1873 3324 ficta
1918 3269 2032 3324 haec
2068 3275 2124 3323 et
2160 3269 2203 3331 C

549 3365 855 3421 umbratica
895 3364 1309 3433 prazl'ereutihus
1334 3364 1553 3420 veritati
1579 3373 1633 3419 et
1653 3359 1940 3418 stabilitati
1974 3372 2126 3416 mors

543 3457 668 3525 jure
701 3455 1027 3511 terriculum
1048 3466 1153 3517 est,
1186 3464 1239 3510 et
1269 3456 1586 3511 detestanda
1616 3455 1788 3525 magis
1820 3469 1982 3524 quam
2014 3467 2126 3509 cae-

549 3547 702 3603 teris.
754 3546 822 3602 Ut
874 3549 1021 3603 enim
1054 3548 1227 3604 affecti
1262 3563 1455 3603 smnus
1482 3548 1548 3600 ad
1575 3549 1885 3617 praesentia,
1944 3546 2020 3601 ita
2068 3551 2125 3601 et

546 3649 897 3708 separantem
928 3639 996 3695 ab
1028 3639 1138 3694 illis
1168 3648 1401 3694 mortem
1453 3640 1773 3694 toleramus.
1805 3635 1937 3692 Nam
1972 3635 2024 3691 si
2051 3634 2129 3690 vi-

546 3731 725 3784 riliter
757 3730 1089 3801 proclivitati
1132 3730 1198 3784 ad
1237 3729 1419 3783 infima
1452 3729 1794 3793 resistamus,
1828 3728 2003 3782 levior
2031 3741 2130 3783 no-

546 3824 633 3880 his
663 3824 881 3881 videtur
915 3839 1066 3878 mors
1097 3839 1194 3892 spe
1224 3824 1364 3877 bona
1400 3823 1598 3893 plenis.
1641 3821 1795 3888 Quod
1836 3820 1881 3875 si
1917 3820 1982 3875 ad
2023 3834 2126 3889 po-

543 3916 687 3971 tiora
723 3931 920 3987 segnes
958 3916 1225 3971 fuerimus
1250 3954 1265 3978 ,
1314 3914 1463 3968 illam
1505 3928 1612 3968 non
1653 3913 2001 3969 mediocriter
2027 3926 2126 3967 cs-

545 4009 943 4065 horrescimus.
991 4009 1160 4063 Porro
1217 4009 1283 4063 iis
1335 4007 1427 4078 qui
1469 4007 1687 4077 turpius
1737 4004 2125 4076 ittdigniusque

545 4110 789 4173 aguntur
817 4102 887 4156 ab
921 4100 1229 4165 affectibus,
1270 4116 1432 4171 quam
1477 4100 1770 4169 mancipia,
1802 4099 2127 4153 naturaliter

546 4195 763 4249 ratione
789 4191 1056 4262 subjectis
1085 4208 1235 4247 mors
1262 4202 1321 4246 ct
1353 4198 1457 4256 est,
1489 4200 1542 4245 et
1577 4190 1791 4245 videtur
1818 4189 1977 4260 longe
1996 4203 2124 4260 gra-

545 4285 669 4338 vior
694 4298 760 4339 ac
785 4284 1109 4351 molestior;
1136 4285 1205 4337 ita
1235 4291 1314 4348 ut,
1347 4296 1661 4353 quanquam
1692 4295 1780 4337 res
1810 4281 1958 4337 dictu
1987 4280 2126 4334 mira

547 4382 656 4439 est,
685 4389 809 4427 cum
842 4374 1015 4429 multo
1060 4375 1254 4444 majori
1298 4374 1502 4429 adnixu
1537 4374 1875 4443 voluptatem
1913 4380 2128 4442 specta-

549 4477 695 4526 mus,
735 4464 991 4533 quodque
1017 4463 1231 4517 videtur
1256 4462 1695 4525 celeberrimum,
1718 4462 1983 4517 rationem
2015 4477 2122 4518 non

548 4561 844 4623 sequentes
873 4553 1307 4617 ducem,fi:tmus
1341 4563 1495 4620 tunc,
1523 4562 1581 4608 ut
1612 4553 1687 4607 ita
1721 4552 1922 4622 dicam,
1949 4553 2126 4623 magis

549 4647 809 4702 mortales
840 4661 1006 4718 quam
1036 4663 1252 4704 sumus.
1283 4646 1420 4701 Cum
1453 4661 1587 4701 vero
1607 4646 1897 4701 honestum
1931 4642 1993 4699 ae.
2024 4646 2125 4702 bo-
2163 4647 2214 4709 D

549 4752 681 4791 nunt
713 4746 1030 4806 spectamus
1064 4735 1157 4789 fiat
1203 4735 1610 4804 quodammodo
1645 4735 1697 4787 iu
1734 4733 1895 4788 nobis
1920 4741 2126 4787 morta-

547 4828 703 4882 litas;
729 4825 969 4881 Tantum
1005 4826 1175 4898 pollet
1199 4826 1250 4879 in
1273 4825 1434 4881 nobis
1469 4825 1683 4880 arbitrii
1714 4826 1819 4880 vis.
1858 4825 2005 4881 Satis
2035 4825 2124 4880 di-

547 4930 697 4976 ctum
728 4920 966 4988 arbitror
992 4920 1060 4974 de
1079 4927 1277 4984 morte,
1309 4918 1435 4972 licet
1464 4918 1803 4988 propositum
1824 4918 1983 4973 nobis
2013 4933 2123 4972 non

548 5016 697 5063 esset
724 5008 793 5063 de
823 4986 1307 5078 eaphilosophari,
1340 4986 1639 5076 quomodo,
1662 5019 1715 5063 et
1745 5010 2122 5078 quamobrem,

548 5106 606 5153 et
633 5099 834 5168 quibus
868 5101 1134 5169 magis,et
1157 5100 1356 5170 quibus
1382 5101 1588 5162 minus,
1612 5100 1812 5169 quibus
1843 5099 2003 5152 etiam
2038 5100 2122 5152 in~

550 5178 849 5245 toleranda
870 5192 962 5256 sit,
994 5207 1058 5247 ac
1078 5192 1399 5246 terriculum
1424 5193 1579 5246 valde
1604 5192 1915 5246 molestum.
1951 5190 2118 5244 Ctrte-

550 5299 671 5340 rum
704 5284 991 5339 reddendae
1030 5285 1259 5340 rationis
1290 5293 1554 5339 anteactae
1587 5284 1708 5338 vitae
1741 5284 1908 5337 timor
1929 5323 1943 5347 ,
1974 5282 2119 5352 quod

550 5377 732 5447 primo
762 5376 884 5431 loco
921 5376 1191 5451 diximus,
1222 5387 1276 5432 et
1306 5379 1500 5446 judicii
1532 5376 1670 5443 dies,
1700 5385 1755 5433 et
1788 5376 2117 5431 horrendum

550 5470 817 5531 tribunal,
861 5480 916 5524 et
960 5470 1232 5525 satellites
1272 5469 1383 5540 regi
1417 5480 1474 5525 et
1502 5470 1676 5539 Iudici
1736 5478 1979 5524 astantes
2023 5469 2116 5536 qui

553 5562 739 5617 statim
790 5560 936 5629 quod
969 5560 1059 5614 ille
1087 5560 1408 5629 cogitaverit
1451 5560 1801 5614 exsecutione
1839 5558 2118 5621 mandent,

553 5665 605 5709 et
633 5653 908 5721 insopitus
942 5652 1034 5707 ille
1069 5653 1296 5711 vermis.
1332 5663 1387 5705 et
1419 5652 1745 5707 tenebrosus
1789 5651 1951 5721 ignis,
1977 5662 2030 5705 et
2055 5648 2120 5702 ad

555 5744 674 5797 inec
704 5742 1037 5797 incertitudo
1063 5742 1368 5798 sententiae.
1401 5732 1532 5808 Quiit
1559 5742 1697 5795 enim
1734 5742 1974 5809 cognorit
2007 5756 2108 5793 sen-

556 5846 675 5885 sum
704 5830 954 5885 Domini?
983 5830 1032 5898 (1
1062 5830 1185 5887 Cor.
1215 5846 1274 5895 tt,
1297 5829 1407 5897 16),
1449 5841 1502 5883 et
1531 5828 1906 5897 Cogitationes,
1926 5826 2123 5896 inquit,

2241 579 2559 633 terrent,-et
2618 585 2875 641 pavorem
2911 571 3189 627 inrutiunt
3242 573 3437 627 animis
3467 589 3569 627 non
3603 591 3775 630 eorum

2246 670 2462 715 tantum
2498 660 2591 731 qui
2623 676 2806 715 rerum
2841 663 3194 732 prasentium
3226 663 3498 718 illecebris
3524 665 3779 720 deliniun-

2244 762 2355 815 tur,
2392 753 2486 823 qui
2521 768 2622 808 nec
2658 754 2837 808 virere
2867 755 3087 817 vellent,
3114 756 3169 809 ni
3202 755 3305 809 sibi
3337 755 3491 810 liceat
3520 756 3780 828 indulgere

2244 847 2429 924 genio,
2460 847 2557 900 sed
2584 846 2775 900 virtuti
2803 861 3023 916 quoque
3048 845 3377 907 deditorum,
3412 848 3501 916 qui
3543 849 3784 918 concupi-

2240 937 2502 990 scentiam
2557 947 2627 991 et'
2661 938 2796 993 iram
2855 936 3087 992 rationis
3143 937 3299 992 freno
3372 952 3552 1011 regere
3589 940 3782 993 volunt.

2244 1025 2405 1080 Subit
2433 1029 2577 1080 enim
2609 1027 2866 1082 omnibus
2879 1036 2929 1080 et
2959 1027 3242 1081 horrorem
3265 1028 3461 1096 injicit,
3489 1043 3594 1080 non
3619 1036 3784 1083 tamen

2241 1117 2359 1186 pari
2420 1116 2659 1171 modulo.
2720 1116 3000 1186 Siquidem
3056 1118 3123 1173 ad
3180 1118 3451 1186 cujusque
3501 1119 3788 1173 vitamhaie

2248 1211 2551 1264 variantur.
2608 1210 2796 1279 Itaque
2841 1218 2897 1265 et
2927 1226 3023 1266 eos
3065 1213 3159 1280 qui
3201 1221 3394 1267 sancte
3439 1213 3705 1275 vixerunt,
3740 1222 3790 1265 et

2240 1300 2332 1369 qui
2351 1314 2529 1364 secus,
2560 1300 2970 1357 incertitudinis
3001 1299 3240 1357 formido
3254 1302 3521 1368 adoritur,
3547 1303 3611 1357 ad
3638 1302 3789 1372 justi-

2243 1389 2380 1443 tiam
2403 1391 2761 1460 respicientes
2789 1392 3105 1456 bumanam,
3127 1393 3252 1462 quia
3272 1408 3378 1447 non
3405 1393 3790 1463 iusticabitttr,

2241 1479 2440 1549 inquit,
2483 1482 2538 1534 in
2576 1493 2861 1551 conspectu
2897 1492 2988 1538 tuo
3015 1486 3184 1539 omnis
3214 1486 3390 1540 viscus
3416 1485 3608 1556 (Psal.
3637 1500 3792 1547 ,

2239 1569 2323 1641 2).
2374 1573 2432 1628 Si
2490 1561 2660 1629 enim.
2693 1574 2757 1635 .
2814 1576 3043 1638 Paulus.
3107 1579 3309 1633 coelum
3344 1579 3439 1634 ille
3484 1580 3793 1648 contingens

2241 1664 2485 1728 animus,
2519 1680 2616 1721 vas
2644 1667 2956 1734 electionis,
3000 1670 3135 1724 nihil
3165 1671 3270 1727 sibi
3301 1671 3522 1740 quidem
3549 1664 3790 1725 conscius

2238 1760 2344 1817 est,
2372 1753 2469 1806 sed
2496 1768 2605 1807 non
2641 1754 2693 1807 in
2730 1755 2832 1809 hoc
2859 1756 3198 1824 justificatus
3225 1767 3329 1821 est,
3358 1766 3420 1812 ut
3456 1758 3546 1812 ille
3569 1759 3681 1826 ipse
3705 1760 3791 1821 ait,

2241 1843 2387 1912 quis,
2430 1858 2642 1913 quaso,
2662 1845 2829 1913 alius,
2851 1851 2892 1901 si
2922 1847 3121 1917 sapiat.
3140 1849 3208 1903 de
3235 1849 3420 1903 anima
3439 1864 3537 1924 sua
3553 1852 3794 1912 condat,-

2238 1934 2461 2003 quando
2485 1935 2740 1990 Salvator
2762 1938 2974 1993 sedebit
2999 1940 3067 1994 ad
3080 1940 3444 2008 judicandum
3467 1942 3795 2012 mquissimus

2239 2034 2294 2078 et
2342 2026 2550 2081 nullius
2590 2027 2931 2099 deceptionis
2960 2046 3156 2100 capax,
3202 2035 3473 2088 rationem
3496 2036 3711 2104 exigens
3735 2036 3793 2088 ab

2216 2128 2601 2187 'ttnoquoque,
2645 2130 2757 2173 non
2790 2135 2981 2175 eorum
3019 2129 3231 2177 tantum
3267 2139 3394 2193 qua:
3426 2125 3538 2196 egit
3571 2125 3793 2189 et-dixit,

2242 2213 2302 2262 et
2331 2209 2611 2278 cogitavit,
2644 2210 2740 2266 sed
2772 2211 2935 2266 etiam
2986 2227 3110 2281 qum
3156 2227 3347 2283 agere,
3403 2226 3460 2270 et
3496 2218 3692 2278 dicere.
3747 2226 3795 2271 et

2247 2298 2495 2367 cogitare
2526 2299 2803 2356 debebat?
2834 2302 2878 2357 0
2909 2303 3147 2372 qualiter
3174 2313 3311 2361 tunc
3338 2306 3444 2362 mei
3484 2307 3686 2364 similes
3709 2317 3797 2363 tre

2239 2402 2393 2443 more
2416 2402 2728 2458 pavesceut,
2761 2376 2974 2462 quibus
2995 2394 3144 2449 nulla
3178 2411 3315 2453 cura
3347 2399 3447 2454 fttit
3473 2400 3586 2456 haec
3618 2402 3792 2467 obsera-

2240 2494 2392 2545 vare,
2433 2495 2535 2536 nec
2567 2483 2725 2538 libuit
2755 2483 2990 2556 (utinam
3009 2487 3151 2542 haud
3180 2489 3253 2543 ita
3284 2491 3454 2560 esset)
3493 2490 3561 2545 ad
3588 2491 3791 2548 Creatoa

2240 2569 2320 2628 ris
2349 2570 2681 2629 voluntatem
2704 2590 2764 2630 se
2792 2578 3250 2634 accommodare?
3277 2578 3389 2645 Qui
3443 2582 3636 2650 judex,
3686 2596 3793 2637 euut

2241 2663 2480 2731 sederit,
2543 2680 2654 2720 non
2703 2665 2928 2722 habebit
2982 2681 3123 2738 opus
3182 2673 3603 2730 accusatoribus
3631 2713 3648 2741 ,
3703 2687 3796 2728 non

2241 2754 2470 2823 libellis,
2501 2770 2612 2812 non
2644 2758 2900 2827 testibus,
2921 2759 3017 2816 sed
3042 2771 3192 2832 gesta
3220 2778 3251 2818 a
3277 2764 3448 2822 nobis
3477 2767 3670 2822 melius
3694 2767 3799 2837 ipse

2240 2848 2414 2930 norit,
2445 2836 2610 2919 quam
2649 2851 2751 2935 ipsi
2798 2866 2921 2909 nos.
2975 2851 3091 2909 Hoc
3125 2855 3291 2925 igitur
3342 2872 3637 2913 causarum
3668 2836 3799 2914 serie

2240 2940 2315 2995 oh
2355 2956 2495 3011 quas
2539 2942 2854 3000 ltorrihilior
2887 2944 3043 3001 nobis
3072 2956 3130 3002 et
3166 2948 3356 3017 seipse
3385 2951 3603 3007 videtur
3644 2966 3798 3015 mors,

2239 3031 2468 3084 Omnino
2494 3033 2742 3101 superior
2762 3047 2880 3090 erat
2898 3037 3296 3103 gloriosissima
3320 3041 3601 3100 Creatoris
3627 3042 3799 3098 Mater.

2239 3120 2376 3178 Nam
2435 3139 2612 3194 neque
2668 3126 2876 3181 incerta
2920 3127 3118 3195 judicil
3165 3128 3469 3199 setetttia,
3508 3149 3606 3204 per
3652 3148 3802 3205 quam

2240 3228 2375 3269 sane
2428 3215 2742 3283 pandentur
2799 3219 3148 3273 tenebrarum
3207 3226 3504 3289 praesentis
3560 3228 3804 3281 vanitatis

2241 3304 2479 3368 occulta,
2523 3315 2738 3375 poterat
2771 3305 2891 3375 ejus
2926 3306 3289 3376 cogitationes
3339 3313 3586 3380 turbare,
3644 3327 3806 3383 neque

2239 3406 2306 3450 ex
2336 3394 2435 3450 hac
2456 3396 2568 3451 vita
2594 3396 2867 3468 migratio.
2897 3397 2962 3452 Et
2973 3397 3097 3469 jure
3127 3398 3354 3471 quidem
3387 3405 3597 3474 Optimo
3623 3422 3637 3461 :
3664 3417 3807 3460 sum-

2240 3504 2386 3545 mam
2420 3491 2622 3560 quippe
2652 3493 2729 3546 illi
2759 3494 3129 3548 constantiam
3156 3509 3222 3550 ac
3256 3497 3518 3554 duciam
3547 3496 3809 3570 premebat

2240 3592 2541 3639 consuetus
2571 3583 2642 3638 ab
2686 3585 2911 3640 ineunte
2947 3595 3108 3642 etate
3142 3602 3418 3649 ascensus
3450 3593 3519 3648 ad
3566 3582 3811 3648 Deutuct

2243 3679 2577 3748 provenicus
2623 3678 2749 3733 inde
2777 3679 2979 3749 gratia,
3011 3680 3127 3735 sive
3157 3680 3463 3741 deicatio.
3501 3670 3683 3752 Quare
3714 3700 3810 3739 ll0ll

2240 3778 2357 3825 erat
2394 3768 2740 3824 formidanda
2772 3770 2993 3826 ferenda
3023 3780 3156 3826 tunc
3193 3780 3475 3832 sententia
3512 3794 3619 3848 qua
3666 3778 3809 3832 dant-

2241 3869 2443 3914 nantur
2471 3863 2562 3930 qui
2608 3862 2991 3916 contumeliosi
3027 3871 3157 3918 sunt
3188 3865 3243 3919 in
3276 3864 3461 3930 legent
3496 3867 3622 3923 Filii
3676 3868 3810 3937 ejus,

2240 3965 2342 4006 nec
2388 3966 2533 4021 agre
2589 3951 2814 4007 ferenda
2857 3954 3107 4010 decessio
3154 3954 3225 4009 ob
3257 3957 3603 4014 caducarum
3636 3971 3810 4014 rerum

2240 4043 2699 4112 deperditiouem.
2735 4042 2904 4098 Beata
2947 4044 3093 4100 enim
3132 4046 3295 4118 Virgo
3329 4050 3520 4107 adhuc
3547 4052 3712 4107 etiam
3741 4051 3814 4103 vi-

2241 4149 2374 4188 rens
2424 4149 2524 4203 pro
2572 4135 2747 4189 nihilo
2781 4136 3018 4192 ducebat
3062 4148 3118 4192 et
3157 4136 3324 4195 inane
3381 4143 3626 4200 habebat
3675 4142 3812 4213 quod

2244 4230 2480 4284 tenendo
2510 4244 2621 4284 non
2658 4237 2897 4296 tenetur,
2927 4238 2982 4285 et
3029 4231 3285 4302 elabitur,
3322 4237 3458 4291 dum
3497 4254 3666 4294 manu
3693 4253 3815 4309 pre-

2241 4320 2474 4376 hensum
2504 4329 2636 4388 est;
2672 4324 2809 4379 tales
2861 4338 2989 4378 vero
3025 4333 3154 4379 sunt
3194 4340 3283 4381 res
3318 4328 3490 4397 hujus
3522 4331 3730 4395 saeculi,
3763 4336 3816 4382 ut

2240 4416 2537 4471 abstineret
2597 4416 2763 4485 atque
2813 4416 2885 4470 ab
2937 4417 3018 4471 eis
3078 4418 3304 4473 omnino
3361 4421 3666 4493 refugeret,
3717 4421 3815 4476 nisi

2239 4515 2505 4576 quantum
2544 4507 2845 4567 necessitas
2867 4518 3107 4579 cogeret,
3138 4525 3208 4565 ne
3234 4509 3495 4570 interiret
3529 4530 3752 4586 corpus,
3772 4513 3817 4568 si

2240 4607 2573 4668 negarentur
2602 4599 2679 4653 illi
2718 4614 2816 4668 per
2845 4615 2966 4669 quae
2992 4608 3333 4657 sustentatur
3366 4621 3381 4658 :
3420 4609 3574 4674 quod
3605 4617 3661 4661 et
3684 4619 3819 4661 nora

2240 4696 2297 4745 et
2320 4690 2545 4760 antiqua
2572 4692 2773 4759 pariter
2798 4691 2917 4761 lege
2953 4693 3180 4745 vetitum
3213 4700 3321 4756 est,
3361 4704 3420 4749 et
3468 4699 3618 4766 apud
3649 4696 3819 4766 pluri-

2240 4796 2360 4836 mas
2406 4784 2572 4837 etiam
2612 4780 2970 4838 barbarorum
3010 4783 3282 4839 nationes.
3334 4783 3537 4857 Itaque
3567 4787 3823 4843 omnibus

2241 4889 2364 4943 qua:
2393 4888 2614 4928 sensum
2650 4874 2886 4930 illiciunt
2920 4883 2977 4930 et
3013 4875 3297 4946 decipiunt
3325 4888 3569 4948 aspectu
3603 4894 3731 4945 suo,
3755 4891 3819 4930 ac

2241 4966 2389 5021 Inani
2410 4968 2513 5021 hac
2532 4966 2704 5036 gloria
2727 4968 2980 5023 tenebras
3007 4967 3203 5022 animat
3225 4966 3548 5037 ellundunt,
3572 4969 3822 5041 superior

2241 5070 2378 5115 erat.
2415 5059 2694 5129 Quidquid
2728 5059 2872 5115 enim
2910 5075 3023 5116 non
3066 5069 3185 5115 erat
3220 5061 3424 5116 anima:
3455 5061 3696 5127 fructus,
3723 5062 3821 5115 ali-

2242 5152 2426 5207 monia
2479 5136 2718 5219 virtutis,
2789 5160 2883 5207 aut
2926 5167 3036 5207 non
3081 5153 3316 5208 faciebat
3367 5155 3443 5209 ad
3511 5155 3818 5226 proiectum

2243 5241 2581 5312 Spiritualem
2606 5282 2623 5308 ,
2665 5243 2867 5298 nullius
2902 5242 3065 5312 plane
3110 5244 3379 5298 momenti
3427 5244 3822 5301 sacratissimis

2247 5332 2477 5402 Virgini,
2529 5342 2586 5387 et
2639 5333 2879 5388 alienum
2931 5332 3239 5389 habebatur
3294 5347 3362 5388 ac
3434 5335 3719 5391 ludicrum
3770 5344 3825 5387 et

2244 5425 2459 5496 puerile
2489 5425 2768 5489 solatium,
2814 5424 3031 5489 umbra,
3081 5426 3379 5487 somnium,
3429 5425 3667 5492 fumus,
3688 5436 3743 5480 et
3777 5425 3823 5477 si

2245 5518 2370 5585 quid
2397 5516 2483 5570 his
2519 5515 2691 5570 levius
2725 5516 2873 5570 dicat
2905 5515 3198 5584 quispiam.
3231 5513 3296 5568 Et
3324 5525 3628 5583 prapterea
3662 5513 3824 5585 Virgo

2248 5605 2363 5661 hate
2403 5605 2820 5676 "gloriosissima,
2852 5607 2982 5659 dum
3016 5613 3163 5663 esset
3203 5604 3257 5659 in
3289 5604 3426 5667 vita,
3466 5614 3685 5661 tantum
3731 5609 3824 5658 ah-

2248 5699 2510 5754 horrebat
2542 5700 2612 5755 ab
2645 5700 2712 5754 iis
2761 5713 2858 5768 per
2888 5713 3011 5770 quae
3055 5713 3158 5755 nos
3191 5699 3475 5754 vincimur
3496 5737 3515 5764 ,
3550 5707 3822 5768 quantuu

2248 5793 2446 5849 mortui
2484 5794 2596 5847 vita
2635 5792 2764 5847 olim
2805 5791 3066 5849 defuncti.
3102 5788 3395 5860 Quomodo
3426 5804 3567 5861 ergo
3595 5790 3824 5844 molesto
