3972 6506
371 298 467 360 107
529 309 552 321 ’
1535 281 1929 349 MANUELIS
1974 288 2418 350 PALEOLOGI

3510 273 3622 369 tos

369 411 460 478 qui
487 425 636 463 suam
671 409 722 462 in
747 405 900 463 muro
927 411 1172 464 umbram
1201 411 1450 465 nituntur
1490 419 1919 481 apprchendere.
1967 409 2006 461 Α
2057 407 2215 476 ἀίιῖι,
2251 410 2296 464 Si
2321 410 2574 465 οθηίιτΐθ
2599 410 2748 468 licet.
2785 411 2840 467 Si
2875 413 3092 482 (lilide
3124 415 3197 470 illi
3232 429 3377 472 mors
3403 418 3612 487 praesti-

439 503 786 570 Quapropter
829 501 1111 568 suspensis
1145 502 1419 569 prioribus
1450 503 1616 554 animi
1671 503 1946 574 sensibus,

368 591 436 644 ad
478 603 693 662 portum
758 591 960 646 silentii
998 607 1305 666 sermonem
1353 602 1600 648 nostrum
1653 595 1922 648 deducere

362 683 472 750 jam
509 684 946 748 aunitcmur,nec
974 683 1262 737 audiemus
1295 686 1531 753 amplius
1552 686 1720 738 animi
1745 696 1922 751 motus

367 774 679 835 suadentes,
748 781 805 825 ut
853 775 1222 828 eurominrum
1276 773 1514 844 Virginis
1553 775 1777 831 satietas
1827 792 1922 832 nos

367 865 566 931 rapiat.
606 863 992 930 Deponcudum
1015 865 1183 933 igitur
1213 865 1343 919 illud
1381 867 1736 929 desiderium,
1779 868 1924 936 quod

366 956 570 1006 nullum
606 954 800 1009 afferre
846 954 1098 1010 solatium
1138 965 1332 1025 potest,
1370 964 1422 1011 et
1444 957 1684 1011 studium
1707 958 1924 1012 assidue

365 1057 545 1114 auget.
606 1047 950 1102 Gaudeamus
1007 1047 1235 1112 affatim,
1267 1065 1300 1103 o
1347 1060 1548 1114 conus,
1578 1047 1709 1114 Deo,
1762 1050 1924 1108 addo.

362 1139 528 1189 etiam
583 1139 712 1191 mihi
755 1139 1102 1202 charissime,
1159 1150 1213 1193 et
1254 1141 1591 1210 gratulemur
1637 1141 1727 1194 Dei
1766 1139 1923 1193 Matri

365 1231 429 1282 ad
461 1227 655 1283 Filium
689 1247 812 1282 cum
852 1232 1033 1284 lmtitia
1061 1233 1414 1285 commeanti.
1439 1232 1657 1302 Tragici
1688 1239 1742 1286 et
1776 1233 1926 1300 lugu-

363 1321 476 1373 bris
516 1320 648 1374 nihil
683 1319 1022 1386 admittatur,
1056 1337 1156 1376 nec
1192 1323 1355 1376 ullius
1392 1324 1577 1376 vultus
1613 1321 1927 1392 praeseferat

365 1411 601 1464 tristitia:
619 1412 933 1482 vcsugium,
950 1413 1042 1467 sed
1058 1412 1237 1466 omnia
1256 1427 1444 1482 puram
1463 1401 1772 1482 exprimant
1787 1413 1926 1466 lati-

364 1497 524 1558 tiam,
576 1497 928 1564 hilaritatem,
981 1499 1401 1568 iucunditatem,
1457 1508 1509 1554 et
1553 1501 1744 1572 ingens
1793 1516 1926 1570 gau—

363 1572 534 1638 dium.
597 1585 820 1656 Oportet
857 1590 1000 1641 cnim
1040 1589 1331 1643 benevolos
1367 1589 1602 1645 famulos
1637 1605 1760 1643 cum
1818 1588 1926 1642 Do-

370 1676 514 1729 utiua
547 1679 814 1743 gaudente
839 1681 1098 1749 gaudere,
1134 1689 1191 1733 ut
1230 1681 1393 1734 etiam
1428 1680 1588 1734 simul
1621 1681 1850 1746 tristari,
1879 1681 1927 1737 si

369 1771 700 1824 tristarctur.
735 1771 936 1836 Quidni
966 1771 1111 1826 enim
1156 1771 1280 1838 jure
1313 1773 1518 1840 optimo
1561 1773 1926 1828 exsiliendutn

365 1859 460 1923 sit,
510 1867 564 1913 et
611 1861 1018 1925 exsultantium,
1073 1861 1343 1932 hilarique
1380 1863 1556 1930 vultu,
1586 1873 1641 1918 et
1669 1863 1928 1934 tripudiis
1967 1872 2010 1929 Β

365 1949 674 2003 canendum
723 1950 943 2005 abeunti
1004 1947 1238 2020 Virgini,
1294 1967 1402 2007 una
1448 1967 1573 2007 cum
1622 1953 1832 2023 angelis
1874 1963 1928 2007 et

295 2058 303 2066 ·
369 2042 717 2108 martyribus,
766 2051 821 2097 et
863 2041 1244 2098 etinl‘essorum
1308 2045 1536 2100 choris?
1580 2044 1934 2114 Quandoqui-

365 2137 485 2189 dem
506 2135 648 2205 quod
676 2138 891 2190 caeteris
910 2137 1165 2191 omnibus
1186 2136 1524 2192 intolerabile
1546 2137 1675 2190 fecit
1703 2146 1924 2201 natura,

367 2229 469 2282 hoc
520 2227 976 2282 vehementissimi
1035 2229 1289 2283 materies
1354 2229 1538 2299 gaudii
1587 2237 1642 2284 et
1679 2229 1924 2284 oblecta-

366 2317 532 2370 menti
578 2332 742 2386 supra
792 2318 1012 2370 modum
1071 2318 1152 2387 (ut
1211 2319 1549 2374 exordiendo
1583 2315 1924 2383 dicebamus)

367 2408 782 2476 gloriosissima!
835 2404 1048 2478 Virgini
1101 2409 1673 2474 exstitit;"exstincta
1711 2407 1795 2481 (ut
1853 2409 1925 2462 ita

364 2500 565 2564 dicam)
631 2499 846 2554 ﬂamma
912 2501 1160 2554 diuturni
1231 2501 1518 2567 desiderii,
1582 2502 1925 2573 migrationis

365 2589 655 2658 (inquam)
698 2605 762 2642 ex
830 2590 932 2643 hac
982 2590 1116 2644 vita.
1175 2591 1442 2659 Cupiebat
1490 2591 1637 2646 enim
1699 2589 1924 2646 dissolvi

362 2691 416 2735 et
444 2697 566 2736 esse
604 2696 728 2734 cum
761 2679 1005 2748 Christo,
1041 2683 1214 2752 magis
1239 2699 1403 2752 quam
1443 2683 1663 2750 Paulus,
1697 2684 1787 2753 qui
1822 2684 1924 2740 hoc

1207 2792 1228 2833 l

2058 501 2145 563 tit,
2179 508 2236 554 ut
2263 501 2441 555 oculis
2483 502 2678 556 animae
2709 503 3084 559 desideratum
3120 509 3221 561 sibi
3269 509 3476 562 videret
3512 509 3618 562 iui-

2055 593 2384 646 mortalibus
2456 594 2820 648 immortalem
2887 595 3045 666 longe
3097 598 3316 666 quidem
3377 597 3618 662 felicius,

2053 697 2214 751 quam
2244 683 2372 737 dum
2433 684 2577 738 ulnis
2626 676 2864 754 gestaret
2898 687 3076 750 illum,
3107 696 3162 741 et
3187 687 3329 743 lacte
3361 691 3619 744 nutriret.

2055 774 2169 827 Non
2192 783 2401 828 tantum
2427 775 2591 843 igitur
2621 777 2956 842 gratulemur
2989 778 3243 847 gaudenti
3264 777 3469 848 Virgini
3501 781 3620 834 ine-

2052 865 2326 918 narrabile
2373 866 2652 932 gaudntm,
2717 865 2812 920 sed
2867 867 3000 921 illud
3063 882 3278 937 quoque
3327 868 3614 923 addamus.

2054 956 2110 1008 In
2148 955 2345 1009 caelum
2386 956 2500 1023 ipsa
2531 965 2694 1010 eunte
2717 956 2880 1010 simul
2911 966 2962 1011 et
2991 971 3092 1011 nos
3116 958 3476 1012 ascendamus
3503 960 3618 1011 ala-

2053 1045 2222 1097 criter
2249 1053 2516 1113 quotquot
2564 1046 2794 1100 ardente
2825 1045 2949 1114 ejus
2983 1045 3262 1100 desiderio
3299 1046 3614 1117 ﬂagramus,

2045 1142 2103 1212 et
2165 1134 2280 1188 iicri
2325 1133 2428 1188 hoc
2479 1135 2697 1202 poterit,
2750 1134 2796 1188 si
2834 1145 3061 1204 purgata
3107 1143 3286 1190 mente
3319 1143 3375 1189 et
3405 1137 3617 1190 ratione

2053 1225 2119 1276 ad
2150 1224 2325 1278 lucem
2381 1224 2499 1294 ejus
2530 1227 2963 1295 contemplativa
3005 1225 3200 1280 anima:
3235 1225 3308 1287 vi,
3348 1233 3614 1296 quantum

2053 1311 2136 1367 fas
2183 1318 2502 1384 est,'prope
2552 1315 2898 1370 accedamus.
2956 1314 3111 1382 Quod
3143 1315 3190 1370 si
3232 1316 3409 1372 taliter
3437 1313 3615 1371 allecti

2052 1402 2280 1470 erimus,
2331 1405 2546 1472 rejectis
2607 1405 2984 1470 tenebricosis,
3016 1405 3138 1472 puri
3173 1419 3295 1460 cum
3333 1420 3463 1475 pura
3494 1421 3619 1475 per—

2053 1502 2216 1564 petuo
2239 1495 2467 1558 erimus,
2498 1509 2701 1564 perque
2735 1496 2907 1564 ipsam
2949 1511 3074 1549 cum
3103 1498 3224 1563 ejus
3261 1493 3400 1550 Filio
3421 1511 3485 1550 ac
3512 1496 3616 1550 Pa-

2054 1592 2137 1638 tre
2186 1590 2241 1638 et
2297 1583 2501 1652 Spiritu
2555 1596 2771 1650 sancto,
2813 1583 3081 1639 Trinitate
3129 1586 3478 1652 beatissima;
3531 1586 3616 1642 fas

2053 1665 2257 1744 quippe
2289 1691 2397 1728 non
2448 1682 2533 1729 est
2567 1673 2785 1742 impuro
2815 1683 2869 1727 et
2903 1689 3008 1726 non
3048 1683 3274 1744 purgato
3303 1691 3496 1745 purutn
3535 1686 3617 1730 at-

2053 1770 2289 1836 tingere.
2328 1765 2499 1820 Porro
2526 1766 2815 1821 tenebrosa
2840 1766 3154 1836 rejiciemus
3176 1775 3232 1820 et
3258 1767 3498 1832 sordida,
3530 1768 3614 1822 lu-

2054 1859 2274 1928 cidique
2319 1859 2525 1914 erimus
2577 1865 2632 1913 et
2685 1857 2828 1928 puri,
2863 1858 2931 1920 si,
2966 1867 3023 1911 ut
3061 1859 3384 1928 compendio
3413 1859 3615 1928 dicam,

2053 1947 2394 2004 declinantes
2422 1948 2491 2003 ab
2523 1950 2669 2002 omni
2699 1949 2841 2002 malo
2877 1947 2960 2018 (ut
2997 1951 3171 2021 inquit
3204 1949 3393 2020 David)
3428 1949 3616 2006 feceri-

2055 2053 2179 2095 mus
2207 2054 2369 2094 omne
2413 2039 2637 2105 bonum,
2666 2047 2723 2092 ut
2753 2054 2848 2107 per
2875 2039 2991 2094 haec
3036 2041 3184 2094 velut
3232 2042 3617 2102 instrumenta,

2051 2141 2104 2188 et
2132 2133 2187 2185 in
2230 2130 2485 2200 presenti
2533 2131 2642 2184 vita
2685 2128 2926 2185 favorem
2965 2131 3084 2201 ejus
3129 2141 3182 2186 et
3225 2133 3454 2201 gratiam
3503 2145 3611 2184 mc-

2048 2243 2304 2290 reamur,
2347 2235 2402 2282 et
2448 2226 2753 2283 caelestium
2829 2225 3024 2280 ﬁamus
3080 2225 3347 2280 bonorum
3393 2239 3603 2293 compo-

2047 2325 2132 2374 tes
2179 2318 2438 2373 maternis
2470 2318 2721 2388 precibus
2749 2315 2990 2388 Virginis
3035 2318 3429 2387 potentissimae
3468 2315 3612 2387 apud

2048 2408 2268 2472 Filium,
2301 2424 2463 2478 quem
2493 2408 2650 2462 decet
2680 2409 2860 2463 omnis
2886 2409 3083 2478 gloria,
3122 2409 3298 2462 honor
3326 2414 3380 2461 et
3420 2406 3611 2461 adora-

2053 2500 2129 2554 tio
2160 2515 2282 2554 cum
2316 2500 2557 2570 ingenito
2603 2499 2724 2568 ejus
2754 2499 2934 2564 Patre,
2975 2513 3040 2554 ac
3079 2500 3430 2554 sanctissimo
3469 2499 3612 2553 bono

2047 2601 2104 2648 et
2159 2591 2376 2648 viviﬁco
2423 2592 2630 2661 Spiritu
2685 2606 2832 2646 nunc
2882 2603 2934 2646 et
2968 2599 3273 2662 semper,et
3319 2592 3373 2646 in
3414 2591 3611 2647 saecula

2048 2687 2394 2742 seculorum.
2425 2687 2621 2741 Amen.

793 3074 1246 3228 MAN
1263 3067 1833 3231 UELIS
1949 3067 3116 3227 PALZEOLOG-I
3220 3150 3236 3163 ε

561 3563 663 3622 AD
709 3561 1284 3625 SANCTISSIMAM
1310 3557 1677 3622 DOMINAM
1718 3555 2119 3619 DEIPARAM
2158 3555 2309 3617 PRO
2346 3558 2910 3625 PRxESENTTBUS
2965 3563 3400 3629 PERICULIS.

1039 3887 1153 3946 Ode
1192 3891 1234 3946 1.

2737 3893 2849 3950 Ode
2872 3897 2934 3952 ll.

422 3976 615 4032 Omnis
639 3978 773 4034 ordo
804 3987 967 4051 atque
995 3991 1130 4038 ams
1152 3983 1420 4050 “denum,
1451 3987 1518 4044 ad
1550 3987 1777 4046 Matrem
1806 3989 1926 4058 Dei,
1967 3981 2010 4038 ο
2113 3973 2383 4040 Quoniam
2407 3980 2597 4036 multis
2613 3984 3041 4057 calamitatibus,
3062 4001 3618 4071 utuunquamautea,
3647 4003 3658 4012 '

351 4069 599 4124 omnium
671 4074 1061 4138 moderatoris,
1095 4092 1258 4132 voces
1313 4080 1607 4146 tollamus,
1665 4084 1927 4153 populum

351 4167 505 4213 tuum
532 4160 699 4216 libera
726 4179 755 4219 a
784 4166 1212 4233 calamitatibus,
1251 4178 1467 4244 tuaeque
1501 4173 1714 4226 civitati
1749 4175 1926 4230 victo-

350 4250 487 4307 riam
520 4253 788 4311 adversus
829 4259 1015 4313 hostes
1048 4261 1309 4316 concede.

425 4338 612 4408 Vides,
649 4342 837 4416 Virgo,
871 4339 1190 4417 Chaganum
1225 4351 1392 4404 alium
1421 4351 1633 4406 hostem
1690 4353 1930 4424 graviter

350 4442 687 4499 prementem
720 4437 1095 4494 hereditatem
1136 4448 1284 4494 tuam
1319 4459 1334 4496 :
1368 4450 1428 4495 ut
1460 4457 1609 4509 eum,
1651 4445 1745 4514 qui
1782 4446 1928 4500 hunc
1965 4507 1975 4514 ς

349 4524 529 4591 ipsum
573 4531 1012 4596 progenuit,-ita
1059 4533 1228 4587 istum
1267 4539 1322 4587 et
1358 4532 1506 4588 illius
1534 4536 1770 4590 asscclas
1799 4535 1926 4589 fun-

346 4616 496 4670 ditus
525 4619 659 4674 dele.

415 4707 589 4774 Quam
634 4713 819 4768 multis
851 4714 1098 4772 moleStis
1142 4732 1207 4773 ac
1249 4718 1408 4775 duris
1450 4719 1684 4789 populus
1715 4729 1864 4782 tuus,
1893 4736 1926 4774 ο

348 4801 574 4855 omnino
615 4803 990 4874 inculpabilis,
1022 4806 1258 4866 amictus
1289 4819 1394 4875 est,
1440 4821 1495 4867 et
1523 4814 1630 4869 nisi
1663 4815 1927 4870 velociter

346 4888 457 4956 ipsa
489 4894 748 4960 precibus
791 4902 901 4950 tuis
959 4913 1274 4966 succurras,
1324 4905 1708 4970 pessumibunt
1740 4907 1923 4959 omnia

341 4981 668 5050 gravissima
693 4986 934 5054 jactura.

413 5071 458 5126 ί)
495 5071 682 5144 Virgo,
713 5093 832 5147 quae
862 5080 985 5136 coeli
1021 5089 1308 5154 terraeque,
1350 5097 1403 5142 et
1437 5089 1680 5143 omnium
1715 5106 1836 5159 qua:
1866 5093 1922 5145 in

343 5161 425 5229 eis
448 5175 578 5218 sunt
604 5164 957 5227 Conditorem
985 5175 1278 5247 omnisque
1307 5181 1493 5236 carnis
1516 5181 1922 5238 moderatorem

2042 4078 2253 4132 onmes,
2287 4082 2318 4121 ο
2345 4079 2578 4138 augusta
2606 4071 2812 4140 Puella,
2844 4081 3148 4146 premimur
3184 4078 3414 4155 populus
3455 4102 3616 4158 tuus;

2043 4161 2100 4208 tu
2145 4171 2294 4210 nunc
2351 4160 2600 4216 studiose
2651 4175 2778 4221 ante
2813 4168 2978 4224 tinem
3029 4178 3368 4242 praeveniens
3400 4195 3429 4232 a
3460 4184 3617 4239 malis

2042 4262 2147 4303 nos
2177 4265 2348 4317 eripe.
3458 4314 3468 4322 .

2113 4341 2242 4396 Sola
2279 4344 2370 4399 Dei
2408 4346 2788 4404 misericordia
2817 4366 2914 4420 per
2947 4362 3072 4410 tuas
3105 4357 3546 4430 intercessiones,
3581 4380 3616 4420 ο

2038 4428 2224 4503 Virgo,
2250 4433 2527 4490 conﬁdere
2558 4439 2716 4494 nobis
2748 4442 2927 4505 datur.
2967 4447 3168 4500 etenim
3217 4451 3326 4502 vita
3371 4452 3422 4504 iu
3452 4428 3614 4509 malis

2038 4533 2309 4589 versatur,
2357 4537 2416 4580 ut
2468 4527 2658 4585 famuli
2691 4533 2877 4588 lldeles
2921 4550 3046 4605 spes
3097 4549 3318 4596 nostras
3348 4557 3616 4613 assequa-

2038 4631 2182 4681 mur,
2219 4632 2251 4669 ο
2284 4620 2435 4672 omni
2475 4620 2634 4677 laude
2675 4619 3022 4692 dignissima.

2105 4705 2208 4770 Tu,
2243 4725 2273 4760 ο
2304 4711 2620 4778 purissima,
2667 4711 2864 4770 Portus
2895 4719 3056 4772 nobis
3100 4734 3161 4775 es
3195 4732 3251 4777 et
3290 4723 3610 4795 Propugna-

2032 4800 2240 4862 culum,
2281 4804 2334 4854 in
2367 4811 2420 4856 te
2452 4819 2575 4872 spes
2604 4814 2824 4862 nostras
2859 4810 2946 4876 pie
2974 4811 3375 4870 collocautibus
3409 4832 3424 4866 :
3461 4831 3609 4872 nunc

2033 4895 2199 4958 igitur
2255 4893 2380 4947 talis
2469 4910 2689 4964 appare,
2743 4900 3069 4967 gravissima
3119 4904 3343 4972 jactatis
3401 4918 3609 4976 tempe-

2031 4994 2194 5040 State.

2104 5076 2333 5143 Prmses,
2393 5087 2451 5132 et
2499 5087 2714 5150 tegmen
2755 5082 2916 5149 forte,
2965 5097 3019 5142 et
3067 5091 3466 5146 munimentum
3512 5107 3604 5164 ap-

2029 5182 2190 5238 pares
2249 5179 2329 5235 tu,
2376 5170 2627 5240 Deipara,
2661 5177 2920 5231 omnibus
2971 5177 3040 5231 ad
3082 5176 3160 5233 te'
3188 5185 3604 5240 accurrentibus

343 5257 650 5331 secundum
687 5275 910 5318 carnem
938 5270 1218 5336 peperisti,
1251 5272 1393 5341 apud
1424 5273 1598 5342 ipsum
1637 5290 1736 5343 pro
1763 5276 1922 5330 nobis
1954 5284 1994 5338 ι)
2030 5262 2142 5315 ei”
2175 5261 2308 5316 an"
2347 5276 2529 5332 οΡεω·

346 5345 680 5406 ﬁilucialiter
713 5351 1018 5411 intercede.

416 5435 460 5492 Ο
499 5437 685 5512 Virgo,
718 5460 837 5512 qum
867 5448 1034 5502 Deum
1059 5451 1408 5509 ineii‘ahiiiter
1431 5459 1710 5528 peperisti,
1743 5457 1924 5510 Advo-

342 5540 518 5584 calam
551 5548 714 5600 agens
745 5539 886 5606 apud
909 5557 1032 5594 eum
1067 5559 1164 5613 pro
1195 5546 1284 5611 iis,
1310 5566 1542 5617 quorum
1567 5551 1767 5620 gratia,
1804 5549 1922 5619 ipse

345 5630 823 5685 commiseratione
851 5645 1054 5700 motus,
1095 5642 1343 5693 mortalis
1367 5640 1541 5697 factus
1575 5652 1682 5708 est,
1731 5651 1917 5697 votum

343 5723 672 5787 asscqueris.
704 5724 830 5779 Ideo
866 5743 963 5783 nec
998 5733 1227 5788 moreris

2694 5356 2809 5413 Ode
2838 5357 2928 5416 ΙΙΙ.

2099 5445 2303 5500 Natura
2331 5457 2518 5503 nostra
2541 5449 2794 5518 primaeva
2823 5453 3284 5521 praevaricatione
3310 5459 3599 5515 vulnerata

2027 5547 2133 5593 est.
2183 5537 2547 5595 Nihilominus
2581 5541 2722 5596 Deus
2750 5543 2860 5608 ille,
2892 5545 2983 5598 cui
3037 5554 3117 5612 tu,
3168 5546 3376 5613 Puella,
3429 5549 3600 5605 Mater

2028 5644 2108 5696 es,
2160 5632 2333 5684 multa
2376 5633 2809 5689 misericorditer
2846 5649 3043 5718 passus
3076 5647 3130 5691 et
3159 5641 3457 5696 cruciﬁxus
3486 5642 3596 5711 jam

2027 5730 2186 5776 antea
2243 5724 2418 5792 ipsam
2453 5741 2486 5779 a
2521 5726 2879 5796 corruptione
2940 5737 2994 5783 et
3056 5727 3276 5785 inferno
3325 5732 3593 5790 liberavit.
3669 5744 3680 5750 ‘

2203 5911 2206 5913 λ
2264 5888 2404 5917 ...λέ-η
2435 5914 2438 5916 η
2471 5902 2512 5917 ’ς
2543 5909 2576 5919 -.Α

2645 5916 2702 5921 ..___
2725 5920 2731 5921 κ
2758 5893 3022 5922 ,_._‘,,-__1~,,,~
3310 5909 3354 5922 ε,
3387 5917 3394 5921 _
3419 5914 3452 5920 ,,
3469 5912 3615 5920 __.__.-_
