3972 6440
331 319 431 387 109

1487 323 1742 388 CANON
1789 326 2314 398 DEi‘RECA'l‘Oi’d
2337 332 2448 390 US.

3503 342 3607 402 ΗΟ

330 443 512 496 Eidem
542 452 673 513 ergo
719 459 861 498 nunc
900 443 1167 514 snpp1ica,
1201 450 1257 503 ut
1319 442 1512 500 liberet
1546 453 1614 502 ab
1646 453 1895 510 hostibus
1941 452 1984 508 Α
2023 451 2303 507 multoties
2339 453 2505 507 Deum
2560 459 3044 524 commoverimns,
3110 473 3343 532 quantas
3409 484 3602 539 paruas

328 544 382 589 te
408 533 633 588 ﬁdeliter
662 534 964 591 laudantes.

926 625 936 633 ”
986 625 1102 682 Ode
1133 625 1224 680 ιν.

395 719 682 776 Sescentis
712 720 994 776 erroribus
1025 720 1216 776 lassati
1264 723 1318 776 in
1346 724 1518 778 altum
1555 737 1723 796 caput
1754 729 1891 784 sub-

324 815 503 866 levare
520 812 742 867 omnino
758 827 868 866 non
889 826 1206 882 possumus.
1233 811 1314 867 Tu
1338 829 1490 885 ergo,
1513 832 1546 871 o
1569 819 1887 888 purissima,

325 907 725 961 Deoferventer
761 906 1004 976 supplica
1036 919 1135 976 pro
1172 906 1354 963 nobis.

389 999 575 1053 Castus
615 1003 668 1052 te
713 996 1082 1065 laudantium,
1107 1013 1140 1053 o
1173 998 1561 1068 mundissima,
1603 1003 1672 1057 ad
1730 1014 1884 1060 tuum

317 1088 580 1160 templum
615 1087 849 1144 ﬁdeliter
878 1097 1254 1154 accurrentes,
1287 1099 1455 1162 atque
1509 1093 1883 1165 ingruentium

317 1181 687 1236 calamitatum
757 1180 1232 1252 propulsationem
1311 1196 1696 1255 exposcentes,
1758 1206 1882 1260 spes

317 1285 450 1326 suas
479 1281 865 1341 assequamur.

388 1363 732 1434 Impossibile
757 1378 922 1432 est,-o
965 1368 1342 1432 immaculata,
1377 1370 1696 1438 praesidium
1726 1382 1879 1429 tuum

317 1457 656 1519 invocantes.
682 1457 838 1512 irrito
876 1468 1002 1513 voto
1034 1459 1329 1516 frustratos
1346 1463 1568 1516 reverti.
1594 1462 1876 1529 Quamob-

321 1565 435 1603 rem
469 1559 595 1606 ante
617 1557 671 1607 te
705 1551 1076 1621 procidentes,
1117 1553 1173 1606 te
1204 1549 1392 1607 fideles
1421 1565 1701 1622 rogamus,
1738 1564 1795 1606 ut
1826 1553 1892 1607 ab

315 1640 566 1698 hostibus
594 1643 804 1700 nostris
833 1643 1189 1699 redimamur.

386 1729 643 1788 Plurimis
693 1733 887 1803 gratiis
939 1731 1053 1788 tuis
1103 1739 1264 1786 antea
1325 1729 1512 1800 potiti,
1552 1745 1587 1786 ο
1640 1727 1892 1802 Deipara,

2027 1742 2126 1802 Sed
2163 1745 2277 1801 tuis
2329 1742 2400 1801 ad
2439 1740 2638 1802 Filium
2671 1751 2826 1799 tuum
2881 1743 3137 1815 precibus
3189 1742 3337 1798 illam
3383 1740 3592 1796 exstin-
3693 1798 3716 1815 θ

314 1823 430 1878 Ave
455 1823 551 1880 tibi
574 1825 947 1880 acclamamus
1013 1835 1178 1895 teque
1205 1823 1590 1888 obsecramus,
1622 1837 1657 1877 ο
1685 1823 1896 1894 glorio-

317 1915 559 1982 sissia,
591 1925 652 1972 ut
699 1915 972 1973 adversus
1007 1917 1196 1973 hostes
1239 1925 1292 1971 te
1331 1915 1753 1980 inhonorantes,
1784 1916 1894 1969 tuis

318 2007 599 2064 victoriam
635 2009 908 2082 largiar-is.

997 2117 1114 2178 Ode
1144 2117 1208 2177 ν.
1582 2165 1584 2168 μ

389 2207 630 2283 Spiritus
659 2211 883 2284 quidem
906 2211 1060 2269 carni
1097 2213 1280 2278 malae,
1311 2227 1446 2273 caro
1469 2221 1652 2268 autem
1685 2213 1899 2284 passio-

334 2305 503 2370 aihus,
532 2304 638 2360 heu
660 2305 818 2369 mihi,
844 2305 1081 2375 turpiter
1098 2303 1352 2375 subjecta
1371 2316 1480 2370 est,
1501 2319 1536 2358 ο
1552 2305 1851 2375 purissima
1877 2321 1891 2358 :

328 2394 674 2464 quamobrem
704 2411 807 2452 nos
838 2396 894 2451 in
929 2397 1200 2452 malorum
1233 2397 1536 2453 multorum
1572 2398 1900 2454 discrimine

322 2488 654 2543 constitutos
724 2487 924 2557 libera,
972 2487 1068 2544 Dei
1132 2488 1331 2554 Mater,
1403 2488 1902 2546 intercessionibus

322 2577 455 2632 tuis.

391 2664 604 2742 Corpus
633 2674 874 2738 peccatis
923 2673 1144 2746 plenum
1202 2686 1311 2742 est,
1354 2679 1536 2734 anima
1576 2695 1706 2737 vero
1739 2682 1901 2736 malis

322 2763 522 2832 gaudet
560 2781 576 2818 :
617 2779 822 2830 sermo,
873 2780 991 2831 cor,
1027 2783 1187 2824 mens
1218 2769 1286 2823 ad
1335 2770 1521 2840 pejora
1563 2771 1812 2839 inclinat,
1845 2781 1902 2828 et

326 2851 558 2904 nuncin
605 2852 772 2908 rebus
822 2854 1164 2911 calamitosis
1222 2870 1531 2922 versamur,
1564 2867 1624 2914 tu
1663 2875 1816 2926 vero,
1863 2875 1898 2914 o

327 2941 513 3014 Virgo,
537 2944 608 3000 ab
645 2945 728 3000 his
753 2946 928 3002 libera
956 2963 1148 3004 servos
1179 2957 1326 3006 tuos.

2023 547 2152 597 dare
2196 546 2438 614 oportet!
2480 544 2584 601 Sed
2617 549 2818 604 liberes
2851 559 2907 605 tu
2941 569 3064 615 nos,

2094 628 2202 688 Nec
2241 637 2527 705 propheta,
2563 654 2663 693 nec
2719 643 2996 714 princeps,
3028 664 3128 702 nec
3172 650 3278 705 dux
3335 655 3596 711 auxiliari

2022 727 2178 780 nobis
2207 726 2369 782 hodie
2401 737 2602 798 potest,
2637 747 2737 786 nec
2774 734 2918 790 ullus
2945 746 3049 802 est,
3089 742 3180 810 qui
3220 744 3474 801 cohibeat
3508 763 3597 803 res

2019 818 2305 884 adversas,
2330 834 2525 876 omnes
2563 823 2711 877 enim
2743 823 2855 880 Deo
2903 839 3030 882 sunt
3063 833 3286 889 obnoxii
3321 838 3592 896 criminis.

2017 910 2062 962 0
2088 925 2252 981 quam
2282 929 2478 983 graves
2513 929 2704 984 pinnas
2737 931 3054 988 exspectare
3087 939 3301 994 aequum
3335 937 3443 997 est,
3487 934 3591 986 nisi

2017 1011 2098 1064 tu,
2135 1018 2168 1054 ο
2202 1004 2516 1071 purissima,
2559 1008 2841 1078 praeripias
2871 1012 2884 1064 !

2088 1090 2312 1162 Mystice
2339 1109 2438 1148 nos
2464 1094 2732 1165 baptisma
2783 1114 2813 1152 e
2868 1101 3043 1157 servis
3074 1105 3232 1162 malis
3261 1106 3354 1162 Dei
3387 1125 3588 1179 pueros

1959 1253 1963 1256 .
2013 1181 2216 1247 effecit,
2251 1183 2532 1250 peccatum
2565 1195 2749 1243 tamen
2788 1189 3046 1247 fiduciam
3080 1210 3181 1253 nos
3213 1197 3420 1256 habere
3474 1217 3585 1256 non

2014 1275 2170 1330 sinit.
2206 1275 2527 1347 Propterea,
2560 1295 2592 1331 ο
2619 1283 2997 1353 sanctissima,
3033 1288 3408 1347 calamitatum
3442 1297 3586 1350 mul-

2016 1366 2249 1422 titudine
2277 1369 2652 1426 circumdatos
2685 1362 3184 1435 intercessionibus
3213 1382 3321 1437 tuis
3357 1384 3549 1440 libera.

2086 1454 2440 1528 Nequaquam
2469 1472 2738 1534 praecepta
2762 1465 2876 1531 Dei,
2897 1471 3143 1526 omnium
3162 1471 3452 1546 Principis,
3471 1491 3587 1533 ser-

2012 1549 2286 1613 vavimus,
2315 1564 2348 1605 o
2377 1553 2674 1621 purissima
2702 1571 2718 1620 ;
2756 1558 3000 1628 undique
3050 1561 3217 1631 igitur
3249 1574 3446 1620 contra
3481 1581 3587 1622 nos

2013 1637 2120 1694 hoc
2158 1640 2554 1699 adversitatum
2615 1645 2892 1704 ﬂammam
2932 1653 3305 1708 vehementem
3359 1658 3583 1714 excitat.

2663 1951 2779 2005 Ode
2821 1947 2958 2004 Vill.

2083 2065 2423 2121 Satvatorem
2483 2064 2671 2120 mundi
2703 2064 2986 2134 peperisti,
3019 2078 3053 2118 ο
3082 2062 3338 2126 Domina,
3385 2061 3590 2116 bonum

2012 2173 2078 2214 ac
2137 2158 2444 2214 beneﬁcum
2496 2167 2547 2211 te
2602 2155 3060 2228 gloriﬁcantibus.
3106 2153 3261 2209 Hunc
3299 2167 3432 2224 ergo
3475 2152 3588 2222 jam

2012 2267 2176 2306 manu
2198 2265 2388 2315 exora,
2422 2259 2481 2303 ut
2511 2248 2580 2302 ab
2604 2248 2860 2304 hostibus
2882 2247 3076 2302 liberet
3099 2245 3398 2311 tuos,dnm
3431 2244 3587 2298 multi

2007 2354 2227 2403 exstant
2259 2344 2467 2400 ﬁdeles.

2082 2437 2256 2494 Filius
2306 2447 2458 2503 tuus,
2491 2451 2526 2491 o
2573 2434 2763 2504 Virgo,
2799 2430 3050 2486 liberavit
3102 2438 3216 2484 tres
3267 2443 3470 2498 pueros,
3521 2429 3589 2480 ab

2010 2530 2136 2601 igne
2161 2527 2546 2592 voracissimo,
2570 2524 2754 2580 omnia
2777 2522 2984 2592 quippe
3005 2527 3203 2589 potest.
3232 2517 3412 2589 Hujus
3441 2517 3589 2588 ejus-

2007 2620 2131 2675 dem
2160 2634 2327 2673 mann
2355 2617 2528 2672 libera
2557 2630 2657 2670 nos
2683 2628 2898 2678 omnes,
2927 2627 2962 2667 ο
2980 2612 3194 2683 Sponsa
3211 2609 3332 2678 Dei,
3356 2625 3386 2664 a
3408 2609 3590 2681 gentis

2009 2711 2431 2767 immanissimas
2473 2709 2681 2763 furore.

2080 2805 2225 2860 Deus
2271 2819 2368 2874 per
2413 2803 2706 2874 plurimam
2771 2797 3209 2852 misericordiam
3264 2795 3588 2851 incarnatus

2005 2905 2093 2954 est
2123 2913 2189 2952 ex
2219 2904 2295 2958 te,
2321 2910 2356 2951 o
2406 2893 2592 2948 Puella
2617 2882 2910 2947 universos
2933 2889 3148 2946 saivare
3187 2887 3400 2942 volens.
3428 2885 3586 2942 Hunc

2006 3005 2164 3052 vero,
2198 3003 2232 3044 o
2252 2987 2568 3058 purissima,
2601 2984 2884 3039 erroribus
2914 2981 3119 3037 nostris
3139 2981 3434 3051 prapitium
3459 2979 3584 3034 red-

393 3033 694 3141 ,vae'fia‘
739 3054 862 3103 "08’
892 3054 934 3149 2
963 3040 1105 3142 b0,“
1143 3040 1400 3146 D‘I"““"
1462 3051 1724 3149 “‘5‘?”
1772 3043 1892 3101 Filii
1926 3058 1970 3115 C
2005 3033 2351 3149 dere'pos'se,
2383 3033 2774 3133 conﬁdentiam
2814 3074 2981 3130 habes
3010 3090 3024 3126 :
3053 3073 3296 3128 accelera
3334 3072 3521 3144 igitur,
3552 3087 3586 3125 ο

324 3127 406 3183 ιιιί
468 3129 820 3202 omniumque
891 3130 1262 3192 Dominatoris
1313 3136 1716 3202 misericordia,
1778 3153 1904 3208 qua:

328 3219 554 3276 molesta
610 3222 792 3276 omnia
847 3223 1007 3279 nobis
1047 3224 1312 3280 instantia
1352 3225 1613 3296 depellat,
1643 3240 1698 3283 ct
1729 3227 1939 3299 libera,

329 3325 427 3366 nos
467 3313 536 3367 ab
575 3312 882 3379 erroribus,
918 3314 1416 3372 intercessionibus
1448 3317 1584 3375 tuis.

400 3399 506 3455 Res
533 3399 1108 3471 graves'multifariam
1140 3419 1288 3459 nunc
1340 3405 1505 3461 nobis
1560 3407 1902 3478 impendent.

332 3492 438 3546 "as
468 3503 522 3546 tu
555 3495 686 3558 cito,
711 3509 744 3548 ο
781 3494 991 3559 Puella,
1025 3496 1234 3569 dissipa
1264 3498 1318 3552 in
1357 3513 1564 3554 morem
1596 3498 1755 3566 fumi,
1781 3515 1907 3556 ven-

331 3587 370 3638 ti
436 3587 772 3644 vehementis
823 3587 1122 3659 impetum
1196 3590 1352 3646 nullo
1407 3591 1572 3645 modo
1627 3593 1909 3648 sustinere

332 3679 584 3735 valentis.

921 3806 933 3836 ι
996 3773 1112 3831 Ode
1153 3773 1244 3833 Vl.

401 3883 539 3942 Viue
573 3889 888 3952 commotio,
917 3903 950 3944 ο
980 3887 1169 3960 Virgo,
1204 3891 1442 3947 animam
1466 3877 1678 3962 turbat,
1709 3897 1908 3952 turba-

331 3988 509 4034 tones
537 3993 930 4051 usquequaque
985 3981 1236 4036 inferunt
1289 3982 1529 4039 diiilcilia
1583 3987 1743 4044 nobis
1777 3988 1906 4055 _boc

333 4080 597 4138 tempore,
631 4071 744 4126 haec
769 4072 1100 4142 quantocius
1133 4074 1393 4143 precibus
1446 4077 1557 4132 tuis
1621 4080 1904 4149 propulsa.

332 4160 532 4215 H-rum
564 4161 912 4218 molestarum
946 4163 1148 4219 ﬂuctus
1204 4167 1387 4220 navim
1415 4166 1565 4222 illam
1592 4170 1906 4240 demergere

332 4253 630 4316 minantur,
678 4258 836 4322 cujus
885 4263 962 4318 tn,
997 4253 1090 4310 Dei
1125 4253 1320 4320 Mater,
1357 4271 1520 4310 manu
1558 4267 1648 4314 tua
1700 4261 1905 4329 guber-

331 4344 526 4398 nacula
565 4346 889 4411 moderaris,
920 4347 1020 4402 hos
1052 4347 1218 4418 igitur
1251 4355 1457 4416 sterne,
1485 4356 1542 4405 et
1591 4356 1901 4424 tranquilli-
1932 4391 1971 4443 ο

333 4444 498 4489 tatem
521 4438 774 4504 precibus
803 4439 913 4492 tuis
946 4440 1218 4496 concede.

400 4525 584 4581 Multis
647 4528 904 4600 lacrymis
963 4545 1103 4600 opus
1150 4530 1535 4604 est,oV’irgo,
1589 4533 1751 4590 nobis
1808 4537 1903 4606 qui

331 4617 538 4672 Christi
573 4631 836 4689 praecepta
875 4623 1152 4692 aspernati
1205 4640 1422 4688 sumus,
1477 4634 1704 4696 propter
1757 4629 1901 4696 quod

333 4724 457 4761 cum
513 4709 672 4764 rebus
727 4711 973 4766 sinistris
1017 4713 1308 4781 luctamur,
1343 4716 1412 4773 ab
1446 4716 1531 4772 his
1563 4732 1666 4774 nos
1702 4720 1910 4774 redime

333 4798 402 4852 ad
433 4803 691 4869 optimam
728 4784 850 4857 vitae
887 4804 1158 4860 rationem
1186 4808 1508 4865 traducens.

406 4890 463 4946 Si
497 4901 640 4958 tuos,
678 4907 711 4948 ο
738 4895 1122 4962 "sanctissima,
1171 4909 1322 4955 nunc
1346 4901 1418 4955 ab
1458 4901 1714 4959 hostibus
1775 4904 1912 4958 libe-

334 4985 565 5047 taveris,
612 4984 744 5040 nihil
799 4987 904 5041 erit
969 4989 1142 5056 novi;
1187 4992 1361 5060 magis
1415 5001 1596 5048 autem
1658 4996 1766 5050 erit
1796 5003 1908 5054 Jua

337 5085 492 5131 vetns
513 5077 876 5144 consuetudo,
905 5095 938 5133 o
967 5092 1152 5137 vertex
1189 5083 1485 5151 bonitatis;
1514 5084 1584 5140 ab
1604 5085 1691 5140 his
1721 5087 1908 5158 itaque

338 5179 395 5223 ut
421 5170 718 5227 liberemur
737 5173 993 5228 celeriter
1020 5159 1242 5245 largire.

986 5286 1102 5344 Ode
1135 5287 1246 5344 VH.

410 5395 588 5454 Unum
615 5400 892 5469 quoddam
917 5397 1667 5474 prazceptum‘transgressus
1698 5415 1809 5470 est,
1834 5424 1911 5462 vae

339 5491 523 5555 nobis,
560 5505 594 5546 ο
623 5489 875 5557 Domina,
910 5492 1123 5564 primus
1173 5504 1328 5564 pater
1351 5494 1549 5560 Adam,
1578 5505 1634 5551 et
1660 5496 1788 5552 facti
1822 5499 1910 5554 sui

340 5597 550 5651 pmnam
618 5584 807 5642 statim
861 5585 1012 5640 dedit
1070 5585 1203 5641 Deo.
1264 5585 1399 5642 Cum
1467 5601 1598 5644 vero
1657 5589 1726 5645 ad
1772 5590 1908 5647 iratn

2005 3173 2101 3227 Dei
2126 3173 2318 3227 Mater.

2079 3263 2175 3319 ille
2209 3276 2370 3334 quem
2423 3260 2683 3333 genuisti,
2737 3258 2914 3329 magis
2957 3258 3154 3327 gaudet
3199 3255 3408 3311 donare
3458 3270 3584 3327 grao

2005 3357 2138 3410 tiam
2172 3368 2339 3426 quam
2389 3354 2451 3415 ii,
2503 3352 2707 3423 quibus
2770 3351 2888 3419 ipsa
2927 3349 3110 3415 datur,
3137 3348 3412 3418 gaudeant
3441 3347 3585 3400 acci-

2008 3463 2156 3518 pere.
2196 3445 2436 3511 Proinde
2462 3453 2518 3498 tn
2575 3443 2718 3514 apud
2756 3442 2911 3512 illum
2951 3454 3049 3510 pro
3100 3441 3263 3494 nobis
3315 3437 3586 3508 legatione

2006 3541 2238 3611 fungens
2293 3539 2549 3592 universa
2607 3533 2893 3604 expedias.
2949 3529 3119 3600 Perge
3151 3528 3359 3598 itaque,
3391 3542 3424 3582 0
3456 3527 3582 3582 Dei-

2006 3649 2156 3704 para.

2672 3739 2788 3794 Ode
2820 3737 2910 3792 IX.

2079 3861 2268 3922 Deum,
2291 3871 2327 3912 ο
2357 3853 2546 3925 Virgo,
2577 3853 2882 3907 secundum
2937 3863 3158 3903 carnem
3194 3848 3456 3917 genuisti,
3484 3848 3579 3915 qui

2004 3953 2168 4007 etiam
2213 3963 2312 4018 pro
2343 3948 2504 4000 nobis
2527 3942 2840 3997 voluntarie
2868 3955 3062 4010 passus
3099 3946 3204 3994 est.
3233 3937 3369 3991 Cum
3412 3940 3582 3992 susti-

2007 4046 2220 4099 nuisset
2279 4047 2459 4094 autem
2491 4045 2744 4099 mortem,
2793 4034 2986 4090 mortis
3017 4032 3253 4087 vinculis
3280 4047 3376 4086 eus
3398 4033 3582 4107 absolf

2005 4140 2082 4190 vit
2107 4137 2198 4204 qui
2225 4140 2383 4188 erant
2413 4131 2470 4185 in
2504 4128 2742 4184 inferno.
2785 4125 2924 4180 Huic
2963 4125 3132 4195 igitur
3163 4124 3416 4194 supplica
3454 4132 3512 4177 ut
3543 4126 3576 4178 ii

2005 4229 2098 4299 qui
2127 4236 2180 4282 te
2211 4223 2458 4287 laudant,
2488 4235 2517 4272 a
2554 4219 2717 4274 rebus
2744 4217 2986 4271 sinistris
3020 4217 3239 4270 valeant
3289 4216 3518 4270 exsolvi.

2076 4314 2368 4370 Hominum
2410 4324 2583 4380 genus
2634 4308 2745 4362 Deo
2802 4307 3069 4377 peccavit,
3102 4313 3157 4360 et
3207 4320 3380 4375 usque
3431 4322 3581 4360 nunc.

2007 4391 2332 4476 procedunt,
2376 4415 2408 4454 ο
2439 4397 2946 4462 intemeratissima,
2981 4395 3077 4450 sed
3111 4401 3219 4450 non
3241 4405 3372 4451 sunt
3402 4397 3580 4451 homi-

2010 4507 2138 4548 num
2166 4504 2383 4546 errores
2424 4485 2760 4557 hujusmodi,
2793 4499 2932 4554 quos
2967 4482 3063 4537 Dei
3112 4486 3338 4554 sanguis
3385 4500 3577 4539 eorum

2007 4587 2180 4656 gratia
2198 4583 2408 4638 eti‘usus
2429 4579 2694 4634 mundare
2710 4592 2819 4632 non
2845 4585 3051 4646 posset.
3076 4577 3204 4630 Ideo
3229 4591 3377 4631 nunc
3397 4577 3575 4645 ipsum

2007 4693 2104 4748 pro
2135 4677 2314 4741 nobis,
2341 4690 2374 4728 ο
2398 4672 2650 4735 Domina,
2689 4684 2873 4724 exora.

2075 4768 2259 4823 Hostis
2296 4765 2512 4835 tyranni
2574 4761 2781 4832 antiqui
2834 4759 3128 4831 potentiam
3182 4761 3488 4832 disperdas,
3541 4779 3576 4816 ο

2007 4864 2326 4935 purissima,
2354 4859 2505 4914 velut
2539 4858 2757 4912 mollem
2784 4865 2838 4910 et
2865 4869 3117 4909 enervem
3154 4853 3568 4910 intercessioni-

2007 4959 2106 5009 bus
2141 4952 2276 5016 tuis,
2310 4959 2474 5018 atque
2521 4947 2671 5002 illius
2703 4945 2907 4999 fastum
2961 4943 3016 4996 in
3064 4943 3235 4996 altum
3298 4943 3572 4998 sublatum

2002 5044 2248 5116 dejicias,
2284 5056 2318 5095 o
2365 5037 2549 5109 Virgo,
2591 5045 2828 5106 tuosque
2873 5049 3061 5089 servos
3088 5049 3212 5088 cum
3249 5033 3416 5089 rebus
3449 5050 3573 5104 gra-
3627 5072 3638 5082 α

2004 5128 2486 5187 vibusinnumeris
2519 5127 2790 5180 luctantes
2819 5122 3083 5178 velociter
3122 5121 3322 5176 invise.

2074 5222 2180 5278 Eos
2205 5220 2299 5291 qui
2331 5219 2570 5274 noshoc
2619 5225 2864 5284 tempore
2915 5221 3142 5279 terrent,
3178 5230 3210 5267 ο
3252 5213 3569 5284 purissima,

2003 5329 2058 5371 tu
2086 5316 2331 5385 trepidos
2361 5327 2424 5366 ac
2465 5310 2687 5364 timidos
2722 5309 2776 5362 in
2813 5309 2998 5379 fugam
3043 5307 3256 5378 conjice
3287 5315 3342 5362 et
3374 5308 3579 5362 horum

2004 5422 2322 5479 prosperum
2356 5419 2577 5458 cursum
2611 5401 2730 5470 ipsa
2783 5416 2992 5457 reseca.
3035 5399 3112 5455 Da
3153 5411 3335 5456 autem
3367 5403 3568 5472 populo

2002 5510 2122 5564 tuo,
2169 5509 2227 5553 ut
2260 5506 2502 5553 statuere
2551 5494 2727 5564 possit
2765 5509 2851 5568 lex
2903 5495 3038 5562 ipsis
3087 5503 3309 5564 tropaea,
3348 5504 3405 5548 ut
3435 5493 3566 5548 olim

2014 5587 2321 5659 majoribus
2380 5589 2587 5644 nostris
2612 5597 2856 5648 statuere
2879 5591 3103 5647 dedisti.

1781 5776 2154 5804 ψ.
