  <div class='ocr_page' id='page_1' title='image "/cluster/home/n/w/nwhite01/storage/ocr_20150623/156/coo.31924054870617/073.png"; bbox 0 0 3972 6484; ppageno 0'>
   <div class='ocr_carea' id='block_1_1' title="bbox 388 445 492 509">
    <p class='ocr_par' dir='ltr' id='par_1_1' title="bbox 388 445 492 509">
     <span class='ocr_line' id='line_1_1' title="bbox 388 445 492 509; baseline -0.01 0"><span class='ocrx_word' id='word_1_1' title='bbox 388 445 492 509; x_wconf 74' lang='grc' dir='ltr'><strong>ιτ</strong></span> 
     </span>
    </p>
   </div>
   <div class='ocr_carea' id='block_1_2' title="bbox 1538 442 2434 508">
    <p class='ocr_par' dir='ltr' id='par_1_2' title="bbox 1538 442 2434 508">
     <span class='ocr_line' id='line_1_2' title="bbox 1538 442 2434 508; baseline -0.001 -1"><span class='ocrx_word' id='word_1_2' title='bbox 1538 442 1938 508; x_wconf 76' lang='lat' dir='ltr'><strong>MANUELIS</strong></span> <span class='ocrx_word' id='word_1_3' title='bbox 1982 442 2434 505; x_wconf 73' lang='lat' dir='ltr'><strong>PAL/EOLGGI</strong></span> 
     </span>
    </p>
   </div>
   <div class='ocr_carea' id='block_1_3' title="bbox 3579 454 3680 516">
    <p class='ocr_par' dir='ltr' id='par_1_3' title="bbox 3579 454 3680 516">
     <span class='ocr_line' id='line_1_3' title="bbox 3579 454 3680 516; baseline -0.02 0"><span class='ocrx_word' id='word_1_4' title='bbox 3579 454 3680 516; x_wconf 70' lang='lat'><strong>1‘28</strong></span> 
     </span>
    </p>
   </div>
   <div class='ocr_carea' id='block_1_4' title="bbox 390 556 1987 636">
    <p class='ocr_par' dir='ltr' id='par_1_4' title="bbox 390 559 1968 635">
     <span class='ocr_line' id='line_1_4' title="bbox 390 559 1968 635; baseline 0.001 -22"><span class='ocrx_word' id='word_1_5' title='bbox 390 573 472 614; x_wconf 90' lang='lat' dir='ltr'><strong>ter</strong></span> <span class='ocrx_word' id='word_1_6' title='bbox 505 559 832 617; x_wconf 75' lang='lat' dir='ltr'><strong>charissima</strong></span> <span class='ocrx_word' id='word_1_7' title='bbox 860 579 874 619; x_wconf 87' lang='lat'><strong>:</strong></span> <span class='ocrx_word' id='word_1_8' title='bbox 914 573 966 618; x_wconf 87' lang='lat' dir='ltr'><strong>et</strong></span> <span class='ocrx_word' id='word_1_9' title='bbox 991 563 1115 620; x_wconf 83' lang='lat' dir='ltr'><strong>illns</strong></span> <span class='ocrx_word' id='word_1_10' title='bbox 1143 565 1366 628; x_wconf 76' lang='lat' dir='ltr'><strong>docere,</strong></span> <span class='ocrx_word' id='word_1_11' title='bbox 1399 564 1489 635; x_wconf 86' lang='lat' dir='ltr'><strong>qui</strong></span> <span class='ocrx_word' id='word_1_12' title='bbox 1523 565 1708 633; x_wconf 88' lang='lat' dir='ltr'><strong>priore</strong></span> <span class='ocrx_word' id='word_1_13' title='bbox 1749 564 1804 618; x_wconf 91' lang='lat' dir='ltr'><strong>in</strong></span> <span class='ocrx_word' id='word_1_14' title='bbox 1842 577 1968 615; x_wconf 84' lang='lat' dir='ltr'><strong>seu-</strong></span> 
     </span>
    </p>
   </div>
   <div class='ocr_carea' id='block_1_5' title="bbox 2092 556 3684 636">
    <p class='ocr_par' dir='ltr' id='par_1_5' title="bbox 2092 556 3684 636">
     <span class='ocr_line' id='line_1_5' title="bbox 2092 556 3684 636; baseline 0.006 -24"><span class='ocrx_word' id='word_1_15' title='bbox 2092 562 2391 630; x_wconf 68' lang='grc' dir='ltr'>περίεργον·</span> <span class='ocrx_word' id='word_1_16' title='bbox 2419 561 2512 614; x_wconf 73' lang='grc' dir='ltr'>καὶ</span> <span class='ocrx_word' id='word_1_17' title='bbox 2537 560 2596 614; x_wconf 64' lang='grc' dir='ltr'><strong>τὸ</strong></span> <span class='ocrx_word' id='word_1_18' title='bbox 2616 556 2897 615; x_wconf 70' lang='grc' dir='ltr'>διδάσκειν</span> <span class='ocrx_word' id='word_1_19' title='bbox 2917 561 3178 630; x_wconf 77' lang='grc' dir='ltr'>ἒκεὶνους,</span> <span class='ocrx_word' id='word_1_20' title='bbox 3203 563 3258 618; x_wconf 79' lang='grc' dir='ltr'>οἳ</span> <span class='ocrx_word' id='word_1_21' title='bbox 3285 566 3412 628; x_wconf 74' lang='grc' dir='ltr'>ταῖς</span> <span class='ocrx_word' id='word_1_22' title='bbox 3434 568 3684 636; x_wconf 68' lang='grc' dir='ltr'>πρόσθ-ν</span> 
     </span>
    </p>
   </div>
   <div class='ocr_carea' id='block_1_6' title="bbox 392 654 1972 726">
    <p class='ocr_par' dir='ltr' id='par_1_6' title="bbox 392 654 1972 726">
     <span class='ocr_line' id='line_1_6' title="bbox 392 654 1972 726; baseline 0.003 -21"><span class='ocrx_word' id='word_1_23' title='bbox 392 654 583 719; x_wconf 81' lang='lat' dir='ltr'><strong>tentia,</strong></span> <span class='ocrx_word' id='word_1_24' title='bbox 611 656 775 709; x_wconf 83' lang='lat' dir='ltr'><strong>etiam</strong></span> <span class='ocrx_word' id='word_1_25' title='bbox 807 664 1099 726; x_wconf 75' lang='lat' dir='ltr'><strong>postquam</strong></span> <span class='ocrx_word' id='word_1_26' title='bbox 1137 657 1393 712; x_wconf 88' lang='lat' dir='ltr'><strong>falsitatis</strong></span> <span class='ocrx_word' id='word_1_27' title='bbox 1422 659 1676 713; x_wconf 80' lang='lat' dir='ltr'><strong>convicta</strong></span> <span class='ocrx_word' id='word_1_28' title='bbox 1700 667 1805 722; x_wconf 82' lang='lat' dir='ltr'><strong>cst,</strong></span> <span class='ocrx_word' id='word_1_29' title='bbox 1840 671 1972 723; x_wconf 83' lang='lat' dir='ltr'><strong>per-</strong></span> 
     </span>
    </p>
   </div>
   <div class='ocr_carea' id='block_1_7' title="bbox 305 748 1971 818">
    <p class='ocr_par' dir='ltr' id='par_1_7' title="bbox 305 748 1971 818">
     <span class='ocr_line' id='line_1_7' title="bbox 305 748 1971 818; baseline 0.006 -23"><span class='ocrx_word' id='word_1_30' title='bbox 305 813 310 815; x_wconf 89' lang='lat'>_</span> <span class='ocrx_word' id='word_1_31' title='bbox 392 755 634 806; x_wconf 85' lang='lat' dir='ltr'><strong>manent.</strong></span> <span class='ocrx_word' id='word_1_32' title='bbox 660 748 1042 804; x_wconf 88' lang='lat' dir='ltr'><strong>vanissimum.</strong></span> <span class='ocrx_word' id='word_1_33' title='bbox 1083 749 1240 804; x_wconf 83' lang='lat' dir='ltr'><strong>Unde</strong></span> <span class='ocrx_word' id='word_1_34' title='bbox 1271 750 1530 804; x_wconf 90' lang='lat' dir='ltr'><strong>stolidum</strong></span> <span class='ocrx_word' id='word_1_35' title='bbox 1565 752 1971 818; x_wconf 80' lang='lat' dir='ltr'><strong>quodammodo</strong></span> 
     </span>
    </p>
   </div>
   <div class='ocr_carea' id='block_1_8' title="bbox 389 837 1974 912">
    <p class='ocr_par' dir='ltr' id='par_1_8' title="bbox 389 837 1974 912">
     <span class='ocr_line' id='line_1_8' title="bbox 389 837 1974 912; baseline 0.004 -22"><span class='ocrx_word' id='word_1_36' title='bbox 389 837 564 891; x_wconf 74' lang='lat' dir='ltr'><strong>videri</strong></span> <span class='ocrx_word' id='word_1_37' title='bbox 595 840 952 907; x_wconf 85' lang='lat' dir='ltr'><strong>possit,.cum</strong></span> <span class='ocrx_word' id='word_1_38' title='bbox 990 843 1327 912; x_wconf 85' lang='lat' dir='ltr'><strong>quibuslibet</strong></span> <span class='ocrx_word' id='word_1_39' title='bbox 1359 844 1424 897; x_wconf 86' lang='lat' dir='ltr'><strong>de</strong></span> <span class='ocrx_word' id='word_1_40' title='bbox 1449 842 1749 897; x_wconf 84' lang='lat' dir='ltr'><strong>Turcarum</strong></span> <span class='ocrx_word' id='word_1_41' title='bbox 1785 845 1974 898; x_wconf 67' lang='lat' dir='ltr'><strong>infide-</strong></span> 
     </span>
    </p>
   </div>
   <div class='ocr_carea' id='block_1_9' title="bbox 391 928 1970 1004">
    <p class='ocr_par' dir='ltr' id='par_1_9' title="bbox 391 928 1970 1004">
     <span class='ocr_line' id='line_1_9' title="bbox 391 928 1970 1004; baseline 0.006 -24"><span class='ocrx_word' id='word_1_42' title='bbox 391 928 542 982; x_wconf 85' lang='lat' dir='ltr'><strong>litnte</strong></span> <span class='ocrx_word' id='word_1_43' title='bbox 569 929 656 982; x_wconf 68' lang='lat' dir='ltr'><strong>vel</strong></span> <span class='ocrx_word' id='word_1_44' title='bbox 681 929 825 984; x_wconf 84' lang='lat' dir='ltr'><strong>falso</strong></span> <span class='ocrx_word' id='word_1_45' title='bbox 879 932 1155 986; x_wconf 90' lang='lat' dir='ltr'><strong>nominata</strong></span> <span class='ocrx_word' id='word_1_46' title='bbox 1207 933 1309 987; x_wconf 82' lang='lat' dir='ltr'><strong>fide</strong></span> <span class='ocrx_word' id='word_1_47' title='bbox 1347 935 1610 1004; x_wconf 75' lang='lat' dir='ltr'><strong>colloqui.</strong></span> <span class='ocrx_word' id='word_1_48' title='bbox 1652 935 1892 1000; x_wconf 84' lang='lat' dir='ltr'><strong>Etenim,</strong></span> <span class='ocrx_word' id='word_1_49' title='bbox 1925 935 1970 990; x_wconf 89' lang='lat' dir='ltr'><strong>si</strong></span> 
     </span>
    </p>
   </div>
   <div class='ocr_carea' id='block_1_10' title="bbox 390 1017 1976 1096">
    <p class='ocr_par' dir='ltr' id='par_1_10' title="bbox 390 1017 1976 1096">
     <span class='ocr_line' id='line_1_10' title="bbox 390 1017 1976 1096; baseline 0.007 -28"><span class='ocrx_word' id='word_1_50' title='bbox 390 1017 516 1083; x_wconf 88' lang='lat' dir='ltr'><strong>quis</strong></span> <span class='ocrx_word' id='word_1_51' title='bbox 545 1017 610 1070; x_wconf 86' lang='lat' dir='ltr'><strong>de</strong></span> <span class='ocrx_word' id='word_1_52' title='bbox 643 1017 744 1071; x_wconf 85' lang='lat' dir='ltr'><strong>ista</strong></span> <span class='ocrx_word' id='word_1_53' title='bbox 788 1033 912 1074; x_wconf 89' lang='lat' dir='ltr'><strong>cum</strong></span> <span class='ocrx_word' id='word_1_54' title='bbox 947 1020 1051 1096; x_wconf 87' lang='lat' dir='ltr'><strong>piis</strong></span> <span class='ocrx_word' id='word_1_55' title='bbox 1097 1031 1241 1089; x_wconf 82' lang='lat' dir='ltr'><strong>agat,</strong></span> <span class='ocrx_word' id='word_1_56' title='bbox 1267 1038 1389 1076; x_wconf 89' lang='lat' dir='ltr'><strong>cum</strong></span> <span class='ocrx_word' id='word_1_57' title='bbox 1429 1023 1496 1076; x_wconf 91' lang='lat' dir='ltr'><strong>iis</strong></span> <span class='ocrx_word' id='word_1_58' title='bbox 1523 1024 1726 1092; x_wconf 83' lang='lat' dir='ltr'><strong>quibits</strong></span> <span class='ocrx_word' id='word_1_59' title='bbox 1749 1040 1976 1094; x_wconf 85' lang='lat' dir='ltr'><strong>persua-</strong></span> 
     </span>
    </p>
   </div>
   <div class='ocr_carea' id='block_1_11' title="bbox 391 1110 1971 1185">
    <p class='ocr_par' dir='ltr' id='par_1_11' title="bbox 391 1110 1971 1185">
     <span class='ocr_line' id='line_1_11' title="bbox 391 1110 1971 1185; baseline 0.003 -24"><span class='ocrx_word' id='word_1_60' title='bbox 391 1123 512 1162; x_wconf 93' lang='lat' dir='ltr'><strong>sum</strong></span> <span class='ocrx_word' id='word_1_61' title='bbox 551 1117 637 1164; x_wconf 91' lang='lat' dir='ltr'><strong>est</strong></span> <span class='ocrx_word' id='word_1_62' title='bbox 686 1110 1034 1180; x_wconf 74' lang='lat' dir='ltr'><strong>colloquetur</strong></span> <span class='ocrx_word' id='word_1_63' title='bbox 1091 1130 1107 1168; x_wconf 90' lang='lat'><strong>:</strong></span> <span class='ocrx_word' id='word_1_64' title='bbox 1158 1113 1239 1166; x_wconf 89' lang='lat' dir='ltr'><strong>sin</strong></span> <span class='ocrx_word' id='word_1_65' title='bbox 1279 1129 1409 1168; x_wconf 86' lang='lat' dir='ltr'><strong>vero</strong></span> <span class='ocrx_word' id='word_1_66' title='bbox 1445 1130 1570 1169; x_wconf 89' lang='lat' dir='ltr'><strong>cum</strong></span> <span class='ocrx_word' id='word_1_67' title='bbox 1621 1116 1805 1185; x_wconf 81' lang='lat' dir='ltr'><strong>impiis</strong></span> <span class='ocrx_word' id='word_1_68' title='bbox 1842 1118 1971 1183; x_wconf 77' lang='lat' dir='ltr'><strong>illis,</strong></span> 
     </span>
    </p>
   </div>
   <div class='ocr_carea' id='block_1_12' title="bbox 395 1201 1976 1275">
    <p class='ocr_par' dir='ltr' id='par_1_12' title="bbox 395 1201 1976 1275">
     <span class='ocr_line' id='line_1_12' title="bbox 395 1201 1976 1275; baseline 0.009 -24"><span class='ocrx_word' id='word_1_69' title='bbox 395 1215 499 1253; x_wconf 88' lang='lat' dir='ltr'><strong>non</strong></span> <span class='ocrx_word' id='word_1_70' title='bbox 531 1201 913 1270; x_wconf 81' lang='lat' dir='ltr'><strong>persuadebis,</strong></span> <span class='ocrx_word' id='word_1_71' title='bbox 949 1205 1162 1259; x_wconf 83' lang='lat' dir='ltr'><strong>etiamsi</strong></span> <span class='ocrx_word' id='word_1_72' title='bbox 1193 1208 1560 1275; x_wconf 84' lang='lat' dir='ltr'><strong>persuaseris,</strong></span> <span class='ocrx_word' id='word_1_73' title='bbox 1599 1218 1656 1262; x_wconf 90' lang='lat' dir='ltr'><strong>nt</strong></span> <span class='ocrx_word' id='word_1_74' title='bbox 1690 1210 1764 1261; x_wconf 86' lang='lat' dir='ltr'><strong>ait</strong></span> <span class='ocrx_word' id='word_1_75' title='bbox 1790 1210 1976 1264; x_wconf 84' lang='lat' dir='ltr'><strong>Comi-</strong></span> 
     </span>
    </p>
   </div>
   <div class='ocr_carea' id='block_1_13' title="bbox 393 1289 1977 1368">
    <p class='ocr_par' dir='ltr' id='par_1_13' title="bbox 393 1289 1977 1368">
     <span class='ocr_line' id='line_1_13' title="bbox 393 1289 1977 1368; baseline 0.008 -24"><span class='ocrx_word' id='word_1_76' title='bbox 393 1307 514 1345; x_wconf 82' lang='lat' dir='ltr'><strong>cus.</strong></span> <span class='ocrx_word' id='word_1_77' title='bbox 548 1289 682 1346; x_wconf 82' lang='lat' dir='ltr'><strong>Nam</strong></span> <span class='ocrx_word' id='word_1_78' title='bbox 709 1295 905 1361; x_wconf 90' lang='lat' dir='ltr'><strong>errori,</strong></span> <span class='ocrx_word' id='word_1_79' title='bbox 941 1296 1026 1348; x_wconf 91' lang='lat' dir='ltr'><strong>cui</strong></span> <span class='ocrx_word' id='word_1_80' title='bbox 1065 1312 1184 1352; x_wconf 88' lang='lat' dir='ltr'><strong>sese</strong></span> <span class='ocrx_word' id='word_1_81' title='bbox 1220 1297 1468 1354; x_wconf 73' lang='lat' dir='ltr'><strong>volentes</strong></span> <span class='ocrx_word' id='word_1_82' title='bbox 1493 1300 1595 1367; x_wconf 87' lang='lat' dir='ltr'><strong>ipsi</strong></span> <span class='ocrx_word' id='word_1_83' title='bbox 1622 1294 1977 1368; x_wconf 56' lang='lat' dir='ltr'><strong>dediderunt,</strong></span> 
     </span>
    </p>
   </div>
   <div class='ocr_carea' id='block_1_14' title="bbox 393 1387 1977 1460">
    <p class='ocr_par' dir='ltr' id='par_1_14' title="bbox 393 1387 1977 1460">
     <span class='ocr_line' id='line_1_14' title="bbox 393 1387 1977 1460; baseline 0.011 -23"><span class='ocrx_word' id='word_1_84' title='bbox 393 1387 698 1452; x_wconf 76' lang='lat' dir='ltr'><strong>adhzerent,</strong></span> <span class='ocrx_word' id='word_1_85' title='bbox 723 1396 784 1442; x_wconf 91' lang='lat' dir='ltr'><strong>ut</strong></span> <span class='ocrx_word' id='word_1_86' title='bbox 825 1389 1004 1460; x_wconf 89' lang='lat' dir='ltr'><strong>polypi</strong></span> <span class='ocrx_word' id='word_1_87' title='bbox 1047 1392 1240 1460; x_wconf 84' lang='lat' dir='ltr'><strong>petris.</strong></span> <span class='ocrx_word' id='word_1_88' title='bbox 1269 1393 1324 1448; x_wconf 89' lang='lat' dir='ltr'><strong>ld</strong></span> <span class='ocrx_word' id='word_1_89' title='bbox 1351 1412 1475 1449; x_wconf 89' lang='lat' dir='ltr'><strong>cum</strong></span> <span class='ocrx_word' id='word_1_90' title='bbox 1504 1412 1568 1450; x_wconf 78' lang='lat' dir='ltr'><strong>ex</strong></span> <span class='ocrx_word' id='word_1_91' title='bbox 1605 1399 1794 1454; x_wconf 87' lang='lat' dir='ltr'><strong>multis</strong></span> <span class='ocrx_word' id='word_1_92' title='bbox 1833 1415 1977 1454; x_wconf 89' lang='lat' dir='ltr'><strong>sem-</strong></span> 
     </span>
    </p>
   </div>
   <div class='ocr_carea' id='block_1_15' title="bbox 395 1479 1976 1557">
    <p class='ocr_par' dir='ltr' id='par_1_15' title="bbox 395 1479 1976 1557">
     <span class='ocr_line' id='line_1_15' title="bbox 395 1479 1976 1557; baseline 0.011 -28"><span class='ocrx_word' id='word_1_93' title='bbox 395 1494 492 1548; x_wconf 78' lang='lat' dir='ltr'><strong>per</strong></span> <span class='ocrx_word' id='word_1_94' title='bbox 526 1479 828 1545; x_wconf 82' lang='lat' dir='ltr'><strong>audissem,</strong></span> <span class='ocrx_word' id='word_1_95' title='bbox 863 1498 1037 1551; x_wconf 80' lang='lat' dir='ltr'><strong>nuper</strong></span> <span class='ocrx_word' id='word_1_96' title='bbox 1065 1483 1180 1554; x_wconf 89' lang='lat' dir='ltr'><strong>ipsa</strong></span> <span class='ocrx_word' id='word_1_97' title='bbox 1205 1499 1387 1538; x_wconf 88' lang='lat' dir='ltr'><strong>rerum</strong></span> <span class='ocrx_word' id='word_1_98' title='bbox 1416 1489 1754 1557; x_wconf 80' lang='lat' dir='ltr'><strong>experientia</strong></span> <span class='ocrx_word' id='word_1_99' title='bbox 1789 1492 1976 1547; x_wconf 79' lang='lat' dir='ltr'><strong>videre</strong></span> 
     </span>
    </p>
   </div>
   <div class='ocr_carea' id='block_1_16' title="bbox 396 1571 1975 1646">
    <p class='ocr_par' dir='ltr' id='par_1_16' title="bbox 396 1571 1975 1646">
     <span class='ocr_line' id='line_1_16' title="bbox 396 1571 1975 1646; baseline 0.012 -24"><span class='ocrx_word' id='word_1_100' title='bbox 396 1571 528 1624; x_wconf 91' lang='lat' dir='ltr'><strong>mihi</strong></span> <span class='ocrx_word' id='word_1_101' title='bbox 566 1573 816 1643; x_wconf 78' lang='lat' dir='ltr'><strong>contigit.</strong></span> <span class='ocrx_word' id='word_1_102' title='bbox 869 1572 1005 1627; x_wconf 86' lang='lat' dir='ltr'><strong>Cum</strong></span> <span class='ocrx_word' id='word_1_103' title='bbox 1044 1574 1215 1642; x_wconf 90' lang='lat' dir='ltr'><strong>enim,</strong></span> <span class='ocrx_word' id='word_1_104' title='bbox 1255 1577 1400 1646; x_wconf 91' lang='lat' dir='ltr'><strong>quod</strong></span> <span class='ocrx_word' id='word_1_105' title='bbox 1453 1581 1618 1634; x_wconf 87' lang='lat' dir='ltr'><strong>rebus</strong></span> <span class='ocrx_word' id='word_1_106' title='bbox 1667 1583 1871 1639; x_wconf 90' lang='lat' dir='ltr'><strong>nostris</strong></span> <span class='ocrx_word' id='word_1_107' title='bbox 1901 1585 1975 1641; x_wconf 87' lang='lat' dir='ltr'><strong>ita</strong></span> 
     </span>
    </p>
   </div>
   <div class='ocr_carea' id='block_1_17' title="bbox 396 1655 1976 1735">
    <p class='ocr_par' dir='ltr' id='par_1_17' title="bbox 396 1655 1976 1735">
     <span class='ocr_line' id='line_1_17' title="bbox 396 1655 1976 1735; baseline 0.014 -22"><span class='ocrx_word' id='word_1_108' title='bbox 396 1663 708 1720; x_wconf 77' lang='lat' dir='ltr'><strong>conducere</strong></span> <span class='ocrx_word' id='word_1_109' title='bbox 779 1667 958 1735; x_wconf 79' lang='lat' dir='ltr'><strong>magis</strong></span> <span class='ocrx_word' id='word_1_110' title='bbox 1016 1668 1324 1735; x_wconf 82' lang='lat' dir='ltr'><strong>videbatur,</strong></span> <span class='ocrx_word' id='word_1_111' title='bbox 1387 1673 1654 1728; x_wconf 78' lang='lat' dir='ltr'><strong>auxilium</strong></span> <span class='ocrx_word' id='word_1_112' title='bbox 1711 1655 1976 1735; x_wconf 81' lang='lat' dir='ltr'><strong>adversus</strong></span> 
     </span>
    </p>
   </div>
   <div class='ocr_carea' id='block_1_18' title="bbox 395 1753 1976 1830">
    <p class='ocr_par' dir='ltr' id='par_1_18' title="bbox 395 1753 1976 1830">
     <span class='ocr_line' id='line_1_18' title="bbox 395 1753 1976 1830; baseline 0.012 -25"><span class='ocrx_word' id='word_1_113' title='bbox 395 1753 628 1824; x_wconf 76' lang='lat' dir='ltr'><strong>Scythas</strong></span> <span class='ocrx_word' id='word_1_114' title='bbox 658 1755 732 1809; x_wconf 92' lang='lat' dir='ltr'><strong>illi</strong></span> <span class='ocrx_word' id='word_1_115' title='bbox 753 1755 975 1826; x_wconf 81' lang='lat' dir='ltr'><strong>ferrem,</strong></span> <span class='ocrx_word' id='word_1_116' title='bbox 997 1761 1088 1829; x_wconf 87' lang='lat' dir='ltr'><strong>qui</strong></span> <span class='ocrx_word' id='word_1_117' title='bbox 1108 1761 1397 1830; x_wconf 86' lang='lat' dir='ltr'><strong>acquisitis</strong></span> <span class='ocrx_word' id='word_1_118' title='bbox 1425 1772 1538 1818; x_wconf 90' lang='lat' dir='ltr'><strong>tum</strong></span> <span class='ocrx_word' id='word_1_119' title='bbox 1565 1775 1756 1820; x_wconf 81' lang='lat' dir='ltr'><strong>nostro</strong></span> <span class='ocrx_word' id='word_1_120' title='bbox 1789 1768 1976 1824; x_wconf 86' lang='lat' dir='ltr'><strong>labore</strong></span> 
     </span>
    </p>
   </div>
   <div class='ocr_carea' id='block_1_19' title="bbox 394 1847 1979 1919">
    <p class='ocr_par' dir='ltr' id='par_1_19' title="bbox 394 1847 1979 1919">
     <span class='ocr_line' id='line_1_19' title="bbox 394 1847 1979 1919; baseline 0.012 -23"><span class='ocrx_word' id='word_1_121' title='bbox 394 1854 451 1896; x_wconf 86' lang='lat' dir='ltr'><strong>et</strong></span> <span class='ocrx_word' id='word_1_122' title='bbox 509 1847 756 1914; x_wconf 89' lang='lat' dir='ltr'><strong>periculo</strong></span> <span class='ocrx_word' id='word_1_123' title='bbox 793 1850 990 1919; x_wconf 84' lang='lat' dir='ltr'><strong>opibus</strong></span> <span class='ocrx_word' id='word_1_124' title='bbox 1024 1862 1216 1907; x_wconf 88' lang='lat' dir='ltr'><strong>contra</strong></span> <span class='ocrx_word' id='word_1_125' title='bbox 1259 1869 1356 1910; x_wconf 88' lang='lat' dir='ltr'><strong>nos</strong></span> <span class='ocrx_word' id='word_1_126' title='bbox 1409 1871 1557 1911; x_wconf 90' lang='lat' dir='ltr'><strong>nunc</strong></span> <span class='ocrx_word' id='word_1_127' title='bbox 1592 1860 1765 1913; x_wconf 85' lang='lat' dir='ltr'><strong>utitur</strong></span> <span class='ocrx_word' id='word_1_128' title='bbox 1796 1879 1810 1915; x_wconf 88' lang='lat'><strong>:</strong></span> <span class='ocrx_word' id='word_1_129' title='bbox 1849 1871 1979 1916; x_wconf 90' lang='lat' dir='ltr'><strong>tunc</strong></span> 
     </span>
    </p>
   </div>
   <div class='ocr_carea' id='block_1_20' title="bbox 396 1936 1980 2017">
    <p class='ocr_par' dir='ltr' id='par_1_20' title="bbox 396 1936 1980 2017">
     <span class='ocr_line' id='line_1_20' title="bbox 396 1936 1980 2017; baseline 0.013 -28"><span class='ocrx_word' id='word_1_130' title='bbox 396 1936 566 2005; x_wconf 80' lang='lat' dir='ltr'><strong>igitur</strong></span> <span class='ocrx_word' id='word_1_131' title='bbox 619 1941 850 2010; x_wconf 79' lang='lat' dir='ltr'><strong>Ancyrae</strong></span> <span class='ocrx_word' id='word_1_132' title='bbox 898 1945 949 1998; x_wconf 92' lang='lat' dir='ltr'><strong>in</strong></span> <span class='ocrx_word' id='word_1_133' title='bbox 1009 1944 1144 2000; x_wconf 88' lang='lat' dir='ltr'><strong>urbe</strong></span> <span class='ocrx_word' id='word_1_134' title='bbox 1173 1946 1303 2000; x_wconf 91' lang='lat' dir='ltr'><strong>olim</strong></span> <span class='ocrx_word' id='word_1_135' title='bbox 1337 1947 1558 2017; x_wconf 81' lang='lat' dir='ltr'><strong>quidem</strong></span> <span class='ocrx_word' id='word_1_136' title='bbox 1611 1951 1803 2017; x_wconf 86' lang='lat' dir='ltr'><strong>nobili,</strong></span> <span class='ocrx_word' id='word_1_137' title='bbox 1835 1969 1980 2011; x_wconf 91' lang='lat' dir='ltr'><strong>nunc</strong></span> 
     </span>
    </p>
   </div>
   <div class='ocr_carea' id='block_1_21' title="bbox 396 2033 1978 2112">
    <p class='ocr_par' dir='ltr' id='par_1_21' title="bbox 396 2033 1978 2112">
     <span class='ocr_line' id='line_1_21' title="bbox 396 2033 1978 2112; baseline 0.015 -34"><span class='ocrx_word' id='word_1_138' title='bbox 396 2045 527 2085; x_wconf 74' lang='lat' dir='ltr'><strong>vero</strong></span> <span class='ocrx_word' id='word_1_139' title='bbox 568 2049 676 2087; x_wconf 88' lang='lat' dir='ltr'><strong>non</strong></span> <span class='ocrx_word' id='word_1_140' title='bbox 717 2033 869 2098; x_wconf 67' lang='lat' dir='ltr'><strong>item,</strong></span> <span class='ocrx_word' id='word_1_141' title='bbox 909 2039 1112 2108; x_wconf 88' lang='lat' dir='ltr'><strong>quippe</strong></span> <span class='ocrx_word' id='word_1_142' title='bbox 1154 2055 1277 2110; x_wconf 77' lang='lat' dir='ltr'><strong>qua:</strong></span> <span class='ocrx_word' id='word_1_143' title='bbox 1333 2041 1406 2095; x_wconf 85' lang='lat' dir='ltr'><strong>sit</strong></span> <span class='ocrx_word' id='word_1_144' title='bbox 1469 2041 1768 2112; x_wconf 87' lang='lat' dir='ltr'><strong>impietatis</strong></span> <span class='ocrx_word' id='word_1_145' title='bbox 1801 2046 1978 2112; x_wconf 84' lang='lat' dir='ltr'><strong>dives,</strong></span> 
     </span>
    </p>
   </div>
   <div class='ocr_carea' id='block_1_22' title="bbox 397 2125 1982 2204">
    <p class='ocr_par' dir='ltr' id='par_1_22' title="bbox 397 2125 1982 2204">
     <span class='ocr_line' id='line_1_22' title="bbox 397 2125 1982 2204; baseline 0.009 -26"><span class='ocrx_word' id='word_1_146' title='bbox 397 2125 489 2179; x_wconf 89' lang='lat' dir='ltr'><strong>ubi</strong></span> <span class='ocrx_word' id='word_1_147' title='bbox 520 2127 727 2184; x_wconf 84' lang='lat' dir='ltr'><strong>diutius</strong></span> <span class='ocrx_word' id='word_1_148' title='bbox 779 2132 1112 2186; x_wconf 89' lang='lat' dir='ltr'><strong>commorari</strong></span> <span class='ocrx_word' id='word_1_149' title='bbox 1162 2133 1480 2204; x_wconf 81' lang='lat' dir='ltr'><strong>Oportebat,</strong></span> <span class='ocrx_word' id='word_1_150' title='bbox 1541 2151 1709 2191; x_wconf 80' lang='lat' dir='ltr'><strong>senex</strong></span> <span class='ocrx_word' id='word_1_151' title='bbox 1759 2153 1844 2192; x_wconf 83' lang='lat' dir='ltr'><strong>me</strong></span> <span class='ocrx_word' id='word_1_152' title='bbox 1881 2139 1982 2192; x_wconf 92' lang='lat' dir='ltr'><strong>ho-</strong></span> 
     </span>
    </p>
   </div>
   <div class='ocr_carea' id='block_1_23' title="bbox 398 2217 1986 2296">
    <p class='ocr_par' dir='ltr' id='par_1_23' title="bbox 398 2217 1986 2296">
     <span class='ocr_line' id='line_1_23' title="bbox 398 2217 1986 2296; baseline 0.013 -27"><span class='ocrx_word' id='word_1_153' title='bbox 398 2217 567 2284; x_wconf 84' lang='lat' dir='ltr'><strong>spitio</strong></span> <span class='ocrx_word' id='word_1_154' title='bbox 591 2221 828 2289; x_wconf 81' lang='lat' dir='ltr'><strong>excepit,</strong></span> <span class='ocrx_word' id='word_1_155' title='bbox 855 2223 949 2292; x_wconf 90' lang='lat' dir='ltr'><strong>qui</strong></span> <span class='ocrx_word' id='word_1_156' title='bbox 978 2227 1229 2292; x_wconf 78' lang='lat' dir='ltr'><strong>quamvis</strong></span> <span class='ocrx_word' id='word_1_157' title='bbox 1258 2227 1370 2296; x_wconf 88' lang='lat' dir='ltr'><strong>ipse</strong></span> <span class='ocrx_word' id='word_1_158' title='bbox 1389 2227 1551 2282; x_wconf 79' lang='lat' dir='ltr'><strong>etiam</strong></span> <span class='ocrx_word' id='word_1_159' title='bbox 1580 2245 1770 2287; x_wconf 83' lang='lat' dir='ltr'><strong>recens</strong></span> <span class='ocrx_word' id='word_1_160' title='bbox 1796 2248 1986 2289; x_wconf 82' lang='lat' dir='ltr'><strong>acces-</strong></span> 
     </span>
    </p>
   </div>
   <div class='ocr_carea' id='block_1_24' title="bbox 397 2309 1984 2394">
    <p class='ocr_par' dir='ltr' id='par_1_24' title="bbox 397 2309 1984 2394">
     <span class='ocr_line' id='line_1_24' title="bbox 397 2309 1984 2394; baseline 0.01 -32"><span class='ocrx_word' id='word_1_161' title='bbox 397 2309 564 2366; x_wconf 89' lang='lat' dir='ltr'><strong>sisset</strong></span> <span class='ocrx_word' id='word_1_162' title='bbox 592 2312 814 2384; x_wconf 88' lang='lat' dir='ltr'><strong>(quippe</strong></span> <span class='ocrx_word' id='word_1_163' title='bbox 852 2315 1131 2387; x_wconf 80' lang='lat' dir='ltr'><strong>Babylone</strong></span> <span class='ocrx_word' id='word_1_164' title='bbox 1171 2327 1285 2372; x_wconf 91' lang='lat' dir='ltr'><strong>tum</strong></span> <span class='ocrx_word' id='word_1_165' title='bbox 1355 2325 1601 2389; x_wconf 83' lang='lat' dir='ltr'><strong>venerat)</strong></span> <span class='ocrx_word' id='word_1_166' title='bbox 1638 2363 1654 2388; x_wconf 93' lang='lat'><strong>,</strong></span> <span class='ocrx_word' id='word_1_167' title='bbox 1680 2339 1875 2394; x_wconf 86' lang='lat' dir='ltr'><strong>magna</strong></span> <span class='ocrx_word' id='word_1_168' title='bbox 1903 2337 1984 2380; x_wconf 61' lang='lat' dir='ltr'><strong>ta-</strong></span> 
     </span>
    </p>
   </div>
   <div class='ocr_carea' id='block_1_25' title="bbox 398 2403 1982 2482">
    <p class='ocr_par' dir='ltr' id='par_1_25' title="bbox 398 2403 1982 2482">
     <span class='ocr_line' id='line_1_25' title="bbox 398 2403 1982 2482; baseline 0.013 -27"><span class='ocrx_word' id='word_1_169' title='bbox 398 2417 524 2456; x_wconf 90' lang='lat' dir='ltr'><strong>men</strong></span> <span class='ocrx_word' id='word_1_170' title='bbox 558 2403 611 2458; x_wconf 93' lang='lat' dir='ltr'><strong>in</strong></span> <span class='ocrx_word' id='word_1_171' title='bbox 645 2407 848 2475; x_wconf 89' lang='lat' dir='ltr'><strong>oppido</strong></span> <span class='ocrx_word' id='word_1_172' title='bbox 899 2416 1016 2462; x_wconf 81' lang='lat' dir='ltr'><strong>erat</strong></span> <span class='ocrx_word' id='word_1_173' title='bbox 1049 2411 1335 2479; x_wconf 83' lang='lat' dir='ltr'><strong>dignitate.</strong></span> <span class='ocrx_word' id='word_1_174' title='bbox 1396 2412 1532 2466; x_wconf 87' lang='lat' dir='ltr'><strong>Nam</strong></span> <span class='ocrx_word' id='word_1_175' title='bbox 1578 2417 1888 2482; x_wconf 89' lang='lat' dir='ltr'><strong>pendebant</strong></span> <span class='ocrx_word' id='word_1_176' title='bbox 1915 2436 1982 2475; x_wconf 76' lang='lat' dir='ltr'><strong>ex</strong></span> 
     </span>
    </p>
   </div>
   <div class='ocr_carea' id='block_1_26' title="bbox 396 2495 1986 2572">
    <p class='ocr_par' dir='ltr' id='par_1_26' title="bbox 396 2495 1986 2572">
     <span class='ocr_line' id='line_1_26' title="bbox 396 2495 1986 2572; baseline 0.011 -25"><span class='ocrx_word' id='word_1_177' title='bbox 396 2495 518 2562; x_wconf 79' lang='lat' dir='ltr'><strong>ejus</strong></span> <span class='ocrx_word' id='word_1_178' title='bbox 539 2510 636 2552; x_wconf 91' lang='lat' dir='ltr'><strong>ore</strong></span> <span class='ocrx_word' id='word_1_179' title='bbox 660 2499 979 2571; x_wconf 88' lang='lat' dir='ltr'><strong>quicunque</strong></span> <span class='ocrx_word' id='word_1_180' title='bbox 1018 2499 1236 2571; x_wconf 85' lang='lat' dir='ltr'><strong>jndices</strong></span> <span class='ocrx_word' id='word_1_181' title='bbox 1299 2514 1482 2568; x_wconf 85' lang='lat' dir='ltr'><strong>erant,</strong></span> <span class='ocrx_word' id='word_1_182' title='bbox 1517 2514 1572 2560; x_wconf 90' lang='lat' dir='ltr'><strong>et</strong></span> <span class='ocrx_word' id='word_1_183' title='bbox 1612 2509 1856 2572; x_wconf 87' lang='lat' dir='ltr'><strong>ipsormn</strong></span> <span class='ocrx_word' id='word_1_184' title='bbox 1896 2527 1986 2565; x_wconf 86' lang='lat' dir='ltr'><strong>sa-</strong></span> 
     </span>
    </p>
   </div>
   <div class='ocr_carea' id='block_1_27' title="bbox 398 2589 1985 2662">
    <p class='ocr_par' dir='ltr' id='par_1_27' title="bbox 398 2589 1985 2662">
     <span class='ocr_line' id='line_1_27' title="bbox 398 2589 1985 2662; baseline 0.012 -19"><span class='ocrx_word' id='word_1_185' title='bbox 398 2589 620 2656; x_wconf 61' lang='lat' dir='ltr'><strong>pientia:</strong></span> <span class='ocrx_word' id='word_1_186' title='bbox 649 2593 922 2662; x_wconf 81' lang='lat' dir='ltr'><strong>magistri.</strong></span> <span class='ocrx_word' id='word_1_187' title='bbox 952 2595 1002 2650; x_wconf 92' lang='lat' dir='ltr'><strong>ls</strong></span> <span class='ocrx_word' id='word_1_188' title='bbox 1038 2595 1310 2653; x_wconf 79' lang='lat' dir='ltr'><strong>Muderris</strong></span> <span class='ocrx_word' id='word_1_189' title='bbox 1347 2602 1649 2656; x_wconf 79' lang='lat' dir='ltr'><strong>vocabatur</strong></span> <span class='ocrx_word' id='word_1_190' title='bbox 1678 2620 1693 2657; x_wconf 91' lang='lat'><strong>:</strong></span> <span class='ocrx_word' id='word_1_191' title='bbox 1735 2604 1840 2660; x_wconf 88' lang='lat' dir='ltr'><strong>hoc</strong></span> <span class='ocrx_word' id='word_1_192' title='bbox 1884 2623 1985 2661; x_wconf 85' lang='lat' dir='ltr'><strong>uo-</strong></span> 
     </span>
    </p>
   </div>
   <div class='ocr_carea' id='block_1_28' title="bbox 399 2687 1987 2766">
    <p class='ocr_par' dir='ltr' id='par_1_28' title="bbox 399 2687 1987 2766">
     <span class='ocr_line' id='line_1_28' title="bbox 399 2687 1987 2766; baseline 0.012 -30"><span class='ocrx_word' id='word_1_193' title='bbox 399 2699 524 2738; x_wconf 81' lang='lat' dir='ltr'><strong>inen</strong></span> <span class='ocrx_word' id='word_1_194' title='bbox 565 2695 649 2741; x_wconf 91' lang='lat' dir='ltr'><strong>est</strong></span> <span class='ocrx_word' id='word_1_195' title='bbox 697 2687 1058 2756; x_wconf 60' lang='lat' dir='ltr'><strong>praesidentia;</strong></span> <span class='ocrx_word' id='word_1_196' title='bbox 1087 2701 1142 2745; x_wconf 90' lang='lat' dir='ltr'><strong>et</strong></span> <span class='ocrx_word' id='word_1_197' title='bbox 1195 2690 1448 2748; x_wconf 86' lang='lat' dir='ltr'><strong>honoris.</strong></span> <span class='ocrx_word' id='word_1_198' title='bbox 1485 2696 1699 2765; x_wconf 88' lang='lat' dir='ltr'><strong>Itaque,</strong></span> <span class='ocrx_word' id='word_1_199' title='bbox 1734 2714 1831 2766; x_wconf 92' lang='lat' dir='ltr'><strong>per</strong></span> <span class='ocrx_word' id='word_1_200' title='bbox 1871 2701 1987 2754; x_wconf 89' lang='lat' dir='ltr'><strong>hie-</strong></span> 
     </span>
    </p>
   </div>
   <div class='ocr_carea' id='block_1_29' title="bbox 402 2777 1988 2854">
    <p class='ocr_par' dir='ltr' id='par_1_29' title="bbox 402 2777 1988 2854">
     <span class='ocr_line' id='line_1_29' title="bbox 402 2777 1988 2854; baseline 0.013 -28"><span class='ocrx_word' id='word_1_201' title='bbox 402 2790 546 2829; x_wconf 88' lang='lat' dir='ltr'><strong>mem</strong></span> <span class='ocrx_word' id='word_1_202' title='bbox 574 2777 749 2832; x_wconf 89' lang='lat' dir='ltr'><strong>otium</strong></span> <span class='ocrx_word' id='word_1_203' title='bbox 774 2787 991 2842; x_wconf 88' lang='lat' dir='ltr'><strong>nactus,</strong></span> <span class='ocrx_word' id='word_1_204' title='bbox 1019 2782 1072 2834; x_wconf 91' lang='lat' dir='ltr'><strong>in</strong></span> <span class='ocrx_word' id='word_1_205' title='bbox 1107 2781 1332 2836; x_wconf 86' lang='lat' dir='ltr'><strong>multam</strong></span> <span class='ocrx_word' id='word_1_206' title='bbox 1357 2799 1499 2854; x_wconf 66' lang='lat' dir='ltr'><strong>saepe</strong></span> <span class='ocrx_word' id='word_1_207' title='bbox 1526 2797 1737 2842; x_wconf 88' lang='lat' dir='ltr'><strong>noctem</strong></span> <span class='ocrx_word' id='word_1_208' title='bbox 1771 2807 1893 2844; x_wconf 89' lang='lat' dir='ltr'><strong>cum</strong></span> <span class='ocrx_word' id='word_1_209' title='bbox 1923 2806 1988 2847; x_wconf 87' lang='lat' dir='ltr'><strong>eo</strong></span> 
     </span>
    </p>
   </div>
   <div class='ocr_carea' id='block_1_30' title="bbox 401 2873 1990 2954">
    <p class='ocr_par' dir='ltr' id='par_1_30' title="bbox 401 2873 1990 2954">
     <span class='ocr_line' id='line_1_30' title="bbox 401 2873 1990 2954; baseline 0.01 -29"><span class='ocrx_word' id='word_1_210' title='bbox 401 2873 758 2943; x_wconf 88' lang='lat' dir='ltr'><strong>colloquebar</strong></span> <span class='ocrx_word' id='word_1_211' title='bbox 787 2877 974 2945; x_wconf 85' lang='lat' dir='ltr'><strong>:quod</strong></span> <span class='ocrx_word' id='word_1_212' title='bbox 1001 2886 1059 2932; x_wconf 93' lang='lat' dir='ltr'><strong>ut</strong></span> <span class='ocrx_word' id='word_1_213' title='bbox 1092 2875 1328 2932; x_wconf 86' lang='lat' dir='ltr'><strong>facerem</strong></span> <span class='ocrx_word' id='word_1_214' title='bbox 1357 2879 1474 2950; x_wconf 92' lang='lat' dir='ltr'><strong>ipse</strong></span> <span class='ocrx_word' id='word_1_215' title='bbox 1509 2899 1593 2936; x_wconf 87' lang='lat' dir='ltr'><strong>me</strong></span> <span class='ocrx_word' id='word_1_216' title='bbox 1627 2885 1870 2954; x_wconf 82' lang='lat' dir='ltr'><strong>rogabat,</strong></span> <span class='ocrx_word' id='word_1_217' title='bbox 1890 2903 1990 2940; x_wconf 90' lang='lat' dir='ltr'><strong>au-</strong></span> 
     </span>
    </p>
   </div>
   <div class='ocr_carea' id='block_1_31' title="bbox 404 2964 1991 3044">
    <p class='ocr_par' dir='ltr' id='par_1_31' title="bbox 404 2964 1991 3044">
     <span class='ocr_line' id='line_1_31' title="bbox 404 2964 1991 3044; baseline 0.013 -30"><span class='ocrx_word' id='word_1_218' title='bbox 404 2964 588 3020; x_wconf 88' lang='lat' dir='ltr'><strong>diendi</strong></span> <span class='ocrx_word' id='word_1_219' title='bbox 615 2966 919 3022; x_wconf 87' lang='lat' dir='ltr'><strong>studiosus.</strong></span> <span class='ocrx_word' id='word_1_220' title='bbox 947 2970 1080 3024; x_wconf 89' lang='lat' dir='ltr'><strong>Erat</strong></span> <span class='ocrx_word' id='word_1_221' title='bbox 1118 2982 1299 3028; x_wconf 89' lang='lat' dir='ltr'><strong>autem</strong></span> <span class='ocrx_word' id='word_1_222' title='bbox 1334 2975 1639 3044; x_wconf 86' lang='lat' dir='ltr'><strong>virbonus,</strong></span> <span class='ocrx_word' id='word_1_223' title='bbox 1675 2989 1733 3032; x_wconf 89' lang='lat' dir='ltr'><strong>ut</strong></span> <span class='ocrx_word' id='word_1_224' title='bbox 1764 2981 1991 3034; x_wconf 75' lang='lat' dir='ltr'><strong>videba-</strong></span> 
     </span>
    </p>
   </div>
   <div class='ocr_carea' id='block_1_32' title="bbox 407 3060 1990 3136">
    <p class='ocr_par' dir='ltr' id='par_1_32' title="bbox 407 3060 1990 3136">
     <span class='ocr_line' id='line_1_32' title="bbox 407 3060 1990 3136; baseline 0.009 -26"><span class='ocrx_word' id='word_1_225' title='bbox 407 3065 531 3111; x_wconf 91' lang='lat' dir='ltr'><strong>tur:</strong></span> <span class='ocrx_word' id='word_1_226' title='bbox 573 3073 673 3114; x_wconf 89' lang='lat' dir='ltr'><strong>nec</strong></span> <span class='ocrx_word' id='word_1_227' title='bbox 694 3060 842 3114; x_wconf 84' lang='lat' dir='ltr'><strong>enim</strong></span> <span class='ocrx_word' id='word_1_228' title='bbox 881 3063 1238 3136; x_wconf 81' lang='lat' dir='ltr'><strong>contentione</strong></span> <span class='ocrx_word' id='word_1_229' title='bbox 1287 3067 1578 3134; x_wconf 78' lang='lat' dir='ltr'><strong>gaudebat,</strong></span> <span class='ocrx_word' id='word_1_230' title='bbox 1615 3069 1710 3124; x_wconf 79' lang='lat' dir='ltr'><strong>sed</strong></span> <span class='ocrx_word' id='word_1_231' title='bbox 1750 3087 1878 3126; x_wconf 81' lang='lat' dir='ltr'><strong>vera</strong></span> <span class='ocrx_word' id='word_1_232' title='bbox 1908 3073 1990 3125; x_wconf 87' lang='lat' dir='ltr'><strong>di-</strong></span> 
     </span>
    </p>
   </div>
   <div class='ocr_carea' id='block_1_33' title="bbox 403 3151 1990 3232">
    <p class='ocr_par' dir='ltr' id='par_1_33' title="bbox 403 3151 1990 3232">
     <span class='ocr_line' id='line_1_33' title="bbox 403 3151 1990 3232; baseline 0.009 -29"><span class='ocrx_word' id='word_1_233' title='bbox 403 3151 571 3215; x_wconf 73' lang='lat' dir='ltr'><strong>centi,</strong></span> <span class='ocrx_word' id='word_1_234' title='bbox 603 3152 820 3208; x_wconf 88' lang='lat' dir='ltr'><strong>etiamsi</strong></span> <span class='ocrx_word' id='word_1_235' title='bbox 871 3169 979 3208; x_wconf 92' lang='lat' dir='ltr'><strong>non</strong></span> <span class='ocrx_word' id='word_1_236' title='bbox 1034 3155 1106 3211; x_wconf 88' lang='lat' dir='ltr'><strong>ita</strong></span> <span class='ocrx_word' id='word_1_237' title='bbox 1136 3157 1294 3212; x_wconf 82' lang='lat' dir='ltr'><strong>facile</strong></span> <span class='ocrx_word' id='word_1_238' title='bbox 1329 3161 1475 3228; x_wconf 89' lang='lat' dir='ltr'><strong>(nam</strong></span> <span class='ocrx_word' id='word_1_239' title='bbox 1510 3162 1819 3230; x_wconf 74' lang='lat' dir='ltr'><strong>anticipata:</strong></span> <span class='ocrx_word' id='word_1_240' title='bbox 1872 3163 1990 3232; x_wconf 89' lang='lat' dir='ltr'><strong>opi-</strong></span> 
     </span>
    </p>
   </div>
   <div class='ocr_carea' id='block_1_34' title="bbox 2012 1897 2060 1958">
    <p class='ocr_par' dir='ltr' id='par_1_34' title="bbox 2012 1897 2060 1958">
     <span class='ocr_line' id='line_1_34' title="bbox 2012 1897 2060 1958; baseline 0 0"><span class='ocrx_word' id='word_1_241' title='bbox 2012 1897 2060 1958; x_wconf 86' lang='grc' dir='ltr'>Β</span> 
     </span>
    </p>
   </div>
   <div class='ocr_carea' id='block_1_35' title="bbox 2072 653 3686 728">
    <p class='ocr_par' dir='ltr' id='par_1_35' title="bbox 2072 653 3686 728">
     <span class='ocr_line' id='line_1_35' title="bbox 2072 653 3686 728; baseline 0.007 -24"><span class='ocrx_word' id='word_1_242' title='bbox 2072 654 2307 716; x_wconf 75' lang='grc' dir='ltr'><strong>ἐννοίαις</strong></span> <span class='ocrx_word' id='word_1_243' title='bbox 2349 653 2652 721; x_wconf 69' lang='grc' dir='ltr'>ἐμμένουσι</span> <span class='ocrx_word' id='word_1_244' title='bbox 2681 656 2775 707; x_wconf 77' lang='grc' dir='ltr'><strong>καὶ</strong></span> <span class='ocrx_word' id='word_1_245' title='bbox 2813 657 2950 724; x_wconf 68' lang='grc' dir='ltr'>μετὰ</span> <span class='ocrx_word' id='word_1_246' title='bbox 2995 655 3064 708; x_wconf 64' lang='grc' dir='ltr'>τὸ</span> <span class='ocrx_word' id='word_1_247' title='bbox 3092 659 3298 720; x_wconf 85' lang='grc' dir='ltr'>ταύτας</span> <span class='ocrx_word' id='word_1_248' title='bbox 3338 659 3686 728; x_wconf 72' lang='grc' dir='ltr'><strong>ἐλεγχθῆναι</strong></span> 
     </span>
    </p>
   </div>
   <div class='ocr_carea' id='block_1_36' title="bbox 2071 747 3689 815">
    <p class='ocr_par' dir='ltr' id='par_1_36' title="bbox 2071 747 3689 815">
     <span class='ocr_line' id='line_1_36' title="bbox 2071 747 3689 815; baseline 0.006 -19"><span class='ocrx_word' id='word_1_249' title='bbox 2071 747 2308 813; x_wconf 70' lang='grc' dir='ltr'>ψευδεῖς,</span> <span class='ocrx_word' id='word_1_250' title='bbox 2342 747 2466 800; x_wconf 81' lang='grc' dir='ltr'>λίαν</span> <span class='ocrx_word' id='word_1_251' title='bbox 2499 749 2752 815; x_wconf 86' lang='grc' dir='ltr'>μάταιον.</span> <span class='ocrx_word' id='word_1_252' title='bbox 2774 748 2940 801; x_wconf 86' lang='grc' dir='ltr'>Ὀθεν</span> <span class='ocrx_word' id='word_1_253' title='bbox 2963 750 3273 803; x_wconf 79' lang='grc' dir='ltr'>κινδυνεύει</span> <span class='ocrx_word' id='word_1_254' title='bbox 3308 770 3430 813; x_wconf 82' lang='grc' dir='ltr'><strong>πως</strong></span> <span class='ocrx_word' id='word_1_255' title='bbox 3458 755 3689 806; x_wconf 71' lang='grc' dir='ltr'>ἀϐέλτε-</span> 
     </span>
    </p>
   </div>
   <div class='ocr_carea' id='block_1_37' title="bbox 2078 834 3686 913">
    <p class='ocr_par' dir='ltr' id='par_1_37' title="bbox 2078 834 3686 913">
     <span class='ocr_line' id='line_1_37' title="bbox 2078 834 3686 913; baseline 0.006 -24"><span class='ocrx_word' id='word_1_256' title='bbox 2078 854 2171 903; x_wconf 88' lang='grc' dir='ltr'><strong>ρον</strong></span> <span class='ocrx_word' id='word_1_257' title='bbox 2204 834 2342 890; x_wconf 80' lang='grc' dir='ltr'>εἶναι</span> <span class='ocrx_word' id='word_1_258' title='bbox 2385 838 2585 902; x_wconf 83' lang='grc' dir='ltr'><strong>δοκεῖν,</strong></span> <span class='ocrx_word' id='word_1_259' title='bbox 2617 841 2945 894; x_wconf 77' lang='grc' dir='ltr'><strong>οἱστισινοῦν</strong></span> <span class='ocrx_word' id='word_1_260' title='bbox 2991 842 3351 909; x_wconf 76' lang='grc' dir='ltr'>διαλέγεσθαι</span> <span class='ocrx_word' id='word_1_261' title='bbox 3409 845 3544 912; x_wconf 72' lang='grc' dir='ltr'>περὶ</span> <span class='ocrx_word' id='word_1_262' title='bbox 3584 849 3686 913; x_wconf 72' lang='grc' dir='ltr'>τῆς</span> 
     </span>
    </p>
   </div>
   <div class='ocr_carea' id='block_1_38' title="bbox 2072 920 3744 1004">
    <p class='ocr_par' dir='ltr' id='par_1_38' title="bbox 2072 932 3683 1004">
     <span class='ocr_line' id='line_1_38' title="bbox 2072 932 3683 1004; baseline 0.007 -23"><span class='ocrx_word' id='word_1_263' title='bbox 2072 932 2182 983; x_wconf 87' lang='grc' dir='ltr'><strong>τῶν</strong></span> <span class='ocrx_word' id='word_1_264' title='bbox 2241 932 2502 1001; x_wconf 88' lang='grc' dir='ltr'>Τούρκων</span> <span class='ocrx_word' id='word_1_265' title='bbox 2553 934 2815 997; x_wconf 78' lang='grc' dir='ltr'><strong>ἀπιστίας</strong></span> <span class='ocrx_word' id='word_1_266' title='bbox 2883 936 2915 1004; x_wconf 85' lang='grc' dir='ltr'>ἦ</span> <span class='ocrx_word' id='word_1_267' title='bbox 2972 935 3344 1004; x_wconf 78' lang='grc' dir='ltr'><strong>ψευδωνύμου</strong></span> <span class='ocrx_word' id='word_1_268' title='bbox 3409 941 3683 1000; x_wconf 83' lang='grc' dir='ltr'>πίστεως.</span> 
     </span>
    </p>
   </div>
   <div class='ocr_carea' id='block_1_39' title="bbox 2074 1021 3686 1098">
    <p class='ocr_par' dir='ltr' id='par_1_39' title="bbox 2074 1021 3686 1098">
     <span class='ocr_line' id='line_1_39' title="bbox 2074 1021 3686 1098; baseline 0.004 -23"><span class='ocrx_word' id='word_1_269' title='bbox 2074 1021 2199 1075; x_wconf 83' lang='grc' dir='ltr'>Εἴτε</span> <span class='ocrx_word' id='word_1_270' title='bbox 2253 1026 2359 1093; x_wconf 83' lang='grc' dir='ltr'>γὰρ</span> <span class='ocrx_word' id='word_1_271' title='bbox 2411 1024 2663 1077; x_wconf 78' lang='grc' dir='ltr'>εὐσεϐέσι</span> <span class='ocrx_word' id='word_1_272' title='bbox 2714 1043 2797 1086; x_wconf 87' lang='grc' dir='ltr'><strong>τις</strong></span> <span class='ocrx_word' id='word_1_273' title='bbox 2855 1027 2984 1097; x_wconf 72' lang='grc' dir='ltr'>περὶ</span> <span class='ocrx_word' id='word_1_274' title='bbox 3027 1037 3258 1098; x_wconf 79' lang='grc' dir='ltr'>ταυτησι</span> <span class='ocrx_word' id='word_1_275' title='bbox 3323 1029 3686 1096; x_wconf 79' lang='grc' dir='ltr'>διαλέγοιτο,</span> 
     </span>
    </p>
   </div>
   <div class='ocr_carea' id='block_1_40' title="bbox 2077 1117 3685 1189">
    <p class='ocr_par' dir='ltr' id='par_1_40' title="bbox 2077 1117 3685 1189">
     <span class='ocr_line' id='line_1_40' title="bbox 2077 1117 3685 1189; baseline 0.004 -22"><span class='ocrx_word' id='word_1_276' title='bbox 2077 1117 2469 1185; x_wconf 79' lang='grc' dir='ltr'><strong>πεπεισμένοις</strong></span> <span class='ocrx_word' id='word_1_277' title='bbox 2493 1117 2558 1170; x_wconf 84' lang='grc' dir='ltr'>ἂν</span> <span class='ocrx_word' id='word_1_278' title='bbox 2581 1117 2903 1186; x_wconf 77' lang='grc' dir='ltr'>διαλέγοιτο’</span> <span class='ocrx_word' id='word_1_279' title='bbox 2926 1120 3032 1172; x_wconf 82' lang='grc' dir='ltr'>είτε</span> <span class='ocrx_word' id='word_1_280' title='bbox 3056 1120 3304 1172; x_wconf 68' lang='grc' dir='ltr'>τουτοισὶ</span> <span class='ocrx_word' id='word_1_281' title='bbox 3327 1123 3448 1182; x_wconf 87' lang='grc' dir='ltr'>τοῖς</span> <span class='ocrx_word' id='word_1_282' title='bbox 3477 1121 3685 1189; x_wconf 78' lang='grc' dir='ltr'>ἀθέοις,</span> 
     </span>
    </p>
   </div>
   <div class='ocr_carea' id='block_1_41' title="bbox 2074 1203 3682 1284">
    <p class='ocr_par' dir='ltr' id='par_1_41' title="bbox 2074 1203 3682 1284">
     <span class='ocr_line' id='line_1_41' title="bbox 2074 1203 3682 1284; baseline 0.007 -29"><span class='ocrx_word' id='word_1_283' title='bbox 2074 1203 2134 1255; x_wconf 84' lang='grc' dir='ltr'>οὑ</span> <span class='ocrx_word' id='word_1_284' title='bbox 2172 1205 2403 1267; x_wconf 75' lang='grc' dir='ltr'><strong>πείσεις,</strong></span> <span class='ocrx_word' id='word_1_285' title='bbox 2447 1205 2556 1257; x_wconf 78' lang='grc' dir='ltr'>οὐδ’</span> <span class='ocrx_word' id='word_1_286' title='bbox 2594 1207 2662 1274; x_wconf 78' lang='grc' dir='ltr'>ἣν</span> <span class='ocrx_word' id='word_1_287' title='bbox 2716 1208 2954 1276; x_wconf 56' lang='lat' dir='ltr'><strong>«siam-</strong></span> <span class='ocrx_word' id='word_1_288' title='bbox 2980 1211 3144 1277; x_wconf 76' lang='grc' dir='ltr'>φησὶν</span> <span class='ocrx_word' id='word_1_289' title='bbox 3175 1213 3203 1264; x_wconf 91' lang='grc' dir='ltr'><strong>ό</strong></span> <span class='ocrx_word' id='word_1_290' title='bbox 3259 1213 3536 1279; x_wconf 78' lang='grc' dir='ltr'>Κωμικὸς</span> <span class='ocrx_word' id='word_1_291' title='bbox 3579 1212 3682 1284; x_wconf 91' lang='lat' dir='ltr'><strong>(l).</strong></span> 
     </span>
    </p>
   </div>
   <div class='ocr_carea' id='block_1_42' title="bbox 2080 1294 3687 1373">
    <p class='ocr_par' dir='ltr' id='par_1_42' title="bbox 2080 1294 3687 1373">
     <span class='ocr_line' id='line_1_42' title="bbox 2080 1294 3687 1373; baseline 0.007 -28"><span class='ocrx_word' id='word_1_292' title='bbox 2080 1295 2335 1362; x_wconf 77' lang='grc' dir='ltr'>Ἔχονται</span> <span class='ocrx_word' id='word_1_293' title='bbox 2381 1297 2486 1366; x_wconf 81' lang='grc' dir='ltr'>γὰρ</span> <span class='ocrx_word' id='word_1_294' title='bbox 2533 1297 2631 1366; x_wconf 88' lang='grc' dir='ltr'>τῆς</span> <span class='ocrx_word' id='word_1_295' title='bbox 2671 1298 2906 1367; x_wconf 75' lang='grc' dir='ltr'>ἀπάτης,</span> <span class='ocrx_word' id='word_1_296' title='bbox 3014 1303 3156 1370; x_wconf 75' lang='grc' dir='ltr'>σφᾶς</span> <span class='ocrx_word' id='word_1_297' title='bbox 3204 1302 3417 1364; x_wconf 82' lang='grc' dir='ltr'>αὐτοὺς</span> <span class='ocrx_word' id='word_1_298' title='bbox 3456 1303 3687 1367; x_wconf 78' lang='grc' dir='ltr'>ἑκόντες</span> 
     </span>
    </p>
   </div>
   <div class='ocr_carea' id='block_1_43' title="bbox 2076 1386 3685 1464">
    <p class='ocr_par' dir='ltr' id='par_1_43' title="bbox 2076 1386 3685 1464">
     <span class='ocr_line' id='line_1_43' title="bbox 2076 1386 3685 1464; baseline 0.009 -26"><span class='ocrx_word' id='word_1_299' title='bbox 2076 1386 2351 1450; x_wconf 73' lang='grc' dir='ltr'>ἐξέδοσαν,</span> <span class='ocrx_word' id='word_1_300' title='bbox 2401 1389 2652 1458; x_wconf 81' lang='grc' dir='ltr'>καθάπερ</span> <span class='ocrx_word' id='word_1_301' title='bbox 2687 1393 2736 1443; x_wconf 80' lang='grc' dir='ltr'>οἱ</span> <span class='ocrx_word' id='word_1_302' title='bbox 2788 1392 3092 1456; x_wconf 76' lang='grc' dir='ltr'>πολύποδες</span> <span class='ocrx_word' id='word_1_303' title='bbox 3144 1394 3254 1446; x_wconf 88' lang='grc' dir='ltr'><strong>τῶν</strong></span> <span class='ocrx_word' id='word_1_304' title='bbox 3313 1396 3546 1464; x_wconf 80' lang='grc' dir='ltr'>πετρῶν</span> <span class='ocrx_word' id='word_1_305' title='bbox 3581 1397 3685 1464; x_wconf 70' lang='grc'><strong>(2).</strong></span> 
     </span>
    </p>
   </div>
   <div class='ocr_carea' id='block_1_44' title="bbox 2076 1479 3687 1557">
    <p class='ocr_par' dir='ltr' id='par_1_44' title="bbox 2076 1479 3687 1557">
     <span class='ocr_line' id='line_1_44' title="bbox 2076 1479 3687 1557; baseline 0.006 -25"><span class='ocrx_word' id='word_1_306' title='bbox 2076 1479 2250 1532; x_wconf 78' lang='grc' dir='ltr'>Τοῦτο</span> <span class='ocrx_word' id='word_1_307' title='bbox 2275 1479 2331 1533; x_wconf 84' lang='grc' dir='ltr'>δὲ</span> <span class='ocrx_word' id='word_1_308' title='bbox 2375 1480 2588 1534; x_wconf 80' lang='grc' dir='ltr'>πολλῶν</span> <span class='ocrx_word' id='word_1_309' title='bbox 2624 1482 2724 1551; x_wconf 84' lang='grc' dir='ltr'>μὲν</span> <span class='ocrx_word' id='word_1_310' title='bbox 2749 1483 2833 1536; x_wconf 67' lang='grc' dir='ltr'><strong>ἀεὶ</strong></span> <span class='ocrx_word' id='word_1_311' title='bbox 2861 1482 3129 1550; x_wconf 83' lang='grc' dir='ltr'>λεγόντων</span> <span class='ocrx_word' id='word_1_312' title='bbox 3160 1487 3412 1556; x_wconf 80' lang='grc' dir='ltr'>ἀκήκοα,</span> <span class='ocrx_word' id='word_1_313' title='bbox 3447 1487 3687 1557; x_wconf 74' lang='grc' dir='ltr'>ἔναγχος</span> 
     </span>
    </p>
   </div>
   <div class='ocr_carea' id='block_1_45' title="bbox 2075 1569 3684 1646">
    <p class='ocr_par' dir='ltr' id='par_1_45' title="bbox 2075 1569 3684 1646">
     <span class='ocr_line' id='line_1_45' title="bbox 2075 1569 3684 1646; baseline 0.006 -24"><span class='ocrx_word' id='word_1_314' title='bbox 2075 1569 2132 1622; x_wconf 89' lang='grc' dir='ltr'><strong>δέ</strong></span> <span class='ocrx_word' id='word_1_315' title='bbox 2185 1588 2275 1639; x_wconf 88' lang='grc' dir='ltr'><strong>μοι</strong></span> <span class='ocrx_word' id='word_1_316' title='bbox 2327 1571 2523 1640; x_wconf 77' lang='grc' dir='ltr'>ξυνέόη</span> <span class='ocrx_word' id='word_1_317' title='bbox 2575 1573 2668 1624; x_wconf 70' lang='grc' dir='ltr'><strong>καλ⁵</strong></span> <span class='ocrx_word' id='word_1_318' title='bbox 2709 1573 2878 1644; x_wconf 77' lang='grc' dir='ltr'>πείρᾳ</span> <span class='ocrx_word' id='word_1_319' title='bbox 2929 1575 3078 1627; x_wconf 79' lang='grc' dir='ltr'>ἰδεῖν.</span> <span class='ocrx_word' id='word_1_320' title='bbox 3107 1575 3236 1628; x_wconf 88' lang='grc' dir='ltr'>Ὅτε</span> <span class='ocrx_word' id='word_1_321' title='bbox 3295 1579 3414 1643; x_wconf 74' lang='grc' dir='ltr'><strong>γὰρ</strong></span> <span class='ocrx_word' id='word_1_322' title='bbox 3450 1578 3684 1646; x_wconf 82' lang='grc' dir='ltr'>ἄμεινον</span> 
     </span>
    </p>
   </div>
   <div class='ocr_carea' id='block_1_46' title="bbox 2078 1657 3685 1738">
    <p class='ocr_par' dir='ltr' id='par_1_46' title="bbox 2078 1657 3685 1738">
     <span class='ocr_line' id='line_1_46' title="bbox 2078 1657 3685 1738; baseline 0.005 -25"><span class='ocrx_word' id='word_1_323' title='bbox 2078 1657 2216 1714; x_wconf 70' lang='grc' dir='ltr'>εἶναι</span> <span class='ocrx_word' id='word_1_324' title='bbox 2247 1659 2430 1728; x_wconf 77' lang='grc' dir='ltr'>δόξαν,</span> <span class='ocrx_word' id='word_1_325' title='bbox 2458 1662 2602 1716; x_wconf 76' lang='grc' dir='ltr'>κατὰ</span> <span class='ocrx_word' id='word_1_326' title='bbox 2644 1663 2754 1718; x_wconf 86' lang='grc' dir='ltr'><strong>τῶν</strong></span> <span class='ocrx_word' id='word_1_327' title='bbox 2802 1665 3026 1718; x_wconf 82' lang='grc' dir='ltr'>Σκυθῶν</span> <span class='ocrx_word' id='word_1_328' title='bbox 3069 1668 3429 1738; x_wconf 73' lang='grc' dir='ltr'>συνεμάχουν</span> <span class='ocrx_word' id='word_1_329' title='bbox 3470 1669 3552 1737; x_wconf 81' lang='grc' dir='ltr'>τῷ</span> <span class='ocrx_word' id='word_1_330' title='bbox 3589 1670 3685 1721; x_wconf 73' lang='grc' dir='ltr'>καὶ</span> 
     </span>
    </p>
   </div>
   <div class='ocr_carea' id='block_1_47' title="bbox 2077 1753 3685 1829">
    <p class='ocr_par' dir='ltr' id='par_1_47' title="bbox 2077 1753 3685 1829">
     <span class='ocr_line' id='line_1_47' title="bbox 2077 1753 3685 1829; baseline 0.004 -23"><span class='ocrx_word' id='word_1_331' title='bbox 2077 1753 2265 1815; x_wconf 88' lang='grc' dir='ltr'>αὐτοῖς</span> <span class='ocrx_word' id='word_1_332' title='bbox 2311 1753 2376 1824; x_wconf 77' lang='grc' dir='ltr'><strong>δη</strong></span> <span class='ocrx_word' id='word_1_333' title='bbox 2423 1755 2636 1816; x_wconf 86' lang='grc' dir='ltr'>τούτοις</span> <span class='ocrx_word' id='word_1_334' title='bbox 2689 1755 2814 1809; x_wconf 84' lang='grc' dir='ltr'>καθ’</span> <span class='ocrx_word' id='word_1_335' title='bbox 2844 1757 3001 1826; x_wconf 83' lang='grc' dir='ltr'>ήμῶν</span> <span class='ocrx_word' id='word_1_336' title='bbox 3049 1757 3144 1810; x_wconf 82' lang='grc' dir='ltr'>νῦν</span> <span class='ocrx_word' id='word_1_337' title='bbox 3198 1759 3512 1829; x_wconf 79' lang='grc' dir='ltr'>χρωμένῳ,</span> <span class='ocrx_word' id='word_1_338' title='bbox 3551 1759 3587 1813; x_wconf 83' lang='grc' dir='ltr'>ἂ</span> <span class='ocrx_word' id='word_1_339' title='bbox 3622 1761 3685 1812; x_wconf 71' lang='grc' dir='ltr'><strong>τὸ</strong></span> 
     </span>
    </p>
   </div>
   <div class='ocr_carea' id='block_1_48' title="bbox 2084 1846 3686 1921">
    <p class='ocr_par' dir='ltr' id='par_1_48' title="bbox 2084 1846 3686 1921">
     <span class='ocr_line' id='line_1_48' title="bbox 2084 1846 3686 1921; baseline 0.005 -23"><span class='ocrx_word' id='word_1_340' title='bbox 2084 1846 2388 1914; x_wconf 76' lang='grc' dir='ltr'>τηνικαῦτα</span> <span class='ocrx_word' id='word_1_341' title='bbox 2414 1847 2596 1910; x_wconf 86' lang='grc' dir='ltr'>πόνοις</span> <span class='ocrx_word' id='word_1_342' title='bbox 2624 1848 2912 1918; x_wconf 70' lang='grc' dir='ltr'>ἡμετέροις</span> <span class='ocrx_word' id='word_1_343' title='bbox 2939 1851 3032 1902; x_wconf 73' lang='grc' dir='ltr'>καὶ</span> <span class='ocrx_word' id='word_1_344' title='bbox 3061 1850 3338 1914; x_wconf 81' lang='grc' dir='ltr'>κινδύνοις</span> <span class='ocrx_word' id='word_1_345' title='bbox 3367 1854 3686 1921; x_wconf 81' lang='grc' dir='ltr'>προσεκτή-</span> 
     </span>
    </p>
   </div>
   <div class='ocr_carea' id='block_1_49' title="bbox 2090 1934 3682 2014">
    <p class='ocr_par' dir='ltr' id='par_1_49' title="bbox 2090 1934 3682 2014">
     <span class='ocr_line' id='line_1_49' title="bbox 2090 1934 3682 2014; baseline 0.006 -24"><span class='ocrx_word' id='word_1_346' title='bbox 2090 1953 2236 1991; x_wconf 86' lang='grc' dir='ltr'>σατο’</span> <span class='ocrx_word' id='word_1_347' title='bbox 2267 1938 2391 1991; x_wconf 91' lang='grc' dir='ltr'>τότε</span> <span class='ocrx_word' id='word_1_348' title='bbox 2422 1934 2605 1992; x_wconf 73' lang='grc' dir='ltr'>τοίνυν</span> <span class='ocrx_word' id='word_1_349' title='bbox 2635 1941 2695 1993; x_wconf 83' lang='grc' dir='ltr'><strong>ἐν</strong></span> <span class='ocrx_word' id='word_1_350' title='bbox 2732 1940 2998 2012; x_wconf 68' lang='grc' dir='ltr'>Ἀγκύρᾳ,</span> <span class='ocrx_word' id='word_1_351' title='bbox 3025 1946 3089 2012; x_wconf 79' lang='grc' dir='ltr'>τῇ</span> <span class='ocrx_word' id='word_1_352' title='bbox 3125 1960 3255 1996; x_wconf 80' lang='grc' dir='ltr'>ποτε</span> <span class='ocrx_word' id='word_1_353' title='bbox 3302 1944 3410 2014; x_wconf 74' lang='grc' dir='ltr'>μὲν</span> <span class='ocrx_word' id='word_1_354' title='bbox 3444 1947 3682 2014; x_wconf 84' lang='grc' dir='ltr'>εύγενεῖ,</span> 
     </span>
    </p>
   </div>
   <div class='ocr_carea' id='block_1_50' title="bbox 2083 2018 3683 2104">
    <p class='ocr_par' dir='ltr' id='par_1_50' title="bbox 2083 2018 3683 2104">
     <span class='ocr_line' id='line_1_50' title="bbox 2083 2018 3683 2104; baseline 0.005 -22"><span class='ocrx_word' id='word_1_355' title='bbox 2083 2029 2178 2083; x_wconf 83' lang='grc' dir='ltr'><strong>νῦν</strong></span> <span class='ocrx_word' id='word_1_356' title='bbox 2209 2028 2256 2082; x_wconf 84' lang='grc' dir='ltr'>δ’</span> <span class='ocrx_word' id='word_1_357' title='bbox 2285 2031 2387 2083; x_wconf 71' lang='grc' dir='ltr'>οὐκ</span> <span class='ocrx_word' id='word_1_358' title='bbox 2437 2031 2538 2097; x_wconf 79' lang='grc' dir='ltr'>ἔτι,</span> <span class='ocrx_word' id='word_1_359' title='bbox 2573 2018 2828 2085; x_wconf 72' lang='grc' dir='ltr'>ἀσέϐειαν</span> <span class='ocrx_word' id='word_1_360' title='bbox 2881 2033 3210 2104; x_wconf 84' lang='grc' dir='ltr'>πλουτούσῃ.</span> <span class='ocrx_word' id='word_1_361' title='bbox 3246 2037 3463 2102; x_wconf 80' lang='grc' dir='ltr'>δεῆσαν</span> <span class='ocrx_word' id='word_1_362' title='bbox 3520 2037 3683 2090; x_wconf 74' lang='grc' dir='ltr'>αὑτοῦ</span> 
     </span>
    </p>
   </div>
   <div class='ocr_carea' id='block_1_51' title="bbox 2082 2122 3685 2198">
    <p class='ocr_par' dir='ltr' id='par_1_51' title="bbox 2082 2122 3685 2198">
     <span class='ocr_line' id='line_1_51' title="bbox 2082 2122 3685 2198; baseline 0.004 -22"><span class='ocrx_word' id='word_1_363' title='bbox 2082 2122 2366 2194; x_wconf 81' lang='grc' dir='ltr'>διατρίψαι</span> <span class='ocrx_word' id='word_1_364' title='bbox 2418 2125 2611 2194; x_wconf 83' lang='grc' dir='ltr'>χρόνον</span> <span class='ocrx_word' id='word_1_365' title='bbox 2664 2127 2724 2177; x_wconf 86' lang='grc' dir='ltr'><strong>ού</strong></span> <span class='ocrx_word' id='word_1_366' title='bbox 2777 2125 2919 2178; x_wconf 71' lang='grc' dir='ltr'>πάνυ</span> <span class='ocrx_word' id='word_1_367' title='bbox 2976 2124 3206 2197; x_wconf 80' lang='grc' dir='ltr'>βραχὺν,</span> <span class='ocrx_word' id='word_1_368' title='bbox 3259 2128 3466 2198; x_wconf 74' lang='grc' dir='ltr'>ἔτυχον</span> <span class='ocrx_word' id='word_1_369' title='bbox 3521 2129 3685 2191; x_wconf 65' lang='grc' dir='ltr'>αὐτὸς</span> 
     </span>
    </p>
   </div>
   <div class='ocr_carea' id='block_1_52' title="bbox 2087 2215 3684 2289">
    <p class='ocr_par' dir='ltr' id='par_1_52' title="bbox 2087 2215 3684 2289">
     <span class='ocr_line' id='line_1_52' title="bbox 2087 2215 3684 2289; baseline 0.003 -22"><span class='ocrx_word' id='word_1_370' title='bbox 2087 2215 2353 2279; x_wconf 81' lang='grc' dir='ltr'>ξενισθεὶς</span> <span class='ocrx_word' id='word_1_371' title='bbox 2398 2218 2551 2285; x_wconf 72' lang='grc' dir='ltr'>παρὰ</span> <span class='ocrx_word' id='word_1_372' title='bbox 2594 2217 2814 2286; x_wconf 76' lang='grc' dir='ltr'>γέροντι</span> <span class='ocrx_word' id='word_1_373' title='bbox 2848 2235 2976 2283; x_wconf 87' lang='grc' dir='ltr'>τινι,</span> <span class='ocrx_word' id='word_1_374' title='bbox 3023 2219 3241 2287; x_wconf 74' lang='grc' dir='ltr'>νεήλυδι</span> <span class='ocrx_word' id='word_1_375' title='bbox 3279 2221 3390 2287; x_wconf 81' lang='grc' dir='ltr'>μὲν</span> <span class='ocrx_word' id='word_1_376' title='bbox 3441 2223 3530 2288; x_wconf 86' lang='grc' dir='ltr'>(ἐκ</span> <span class='ocrx_word' id='word_1_377' title='bbox 3576 2222 3684 2289; x_wconf 65' lang='grc' dir='ltr'><strong>γὰρ</strong></span> 
     </span>
    </p>
   </div>
   <div class='ocr_carea' id='block_1_53' title="bbox 2086 2308 3686 2382">
    <p class='ocr_par' dir='ltr' id='par_1_53' title="bbox 2086 2308 3686 2382">
     <span class='ocr_line' id='line_1_53' title="bbox 2086 2308 3686 2382; baseline 0.003 -22"><span class='ocrx_word' id='word_1_378' title='bbox 2086 2308 2406 2371; x_wconf 71' lang='grc' dir='ltr'>Βαϐυλῶνος</span> <span class='ocrx_word' id='word_1_379' title='bbox 2440 2309 2564 2382; x_wconf 79' lang='grc' dir='ltr'>τότε</span> <span class='ocrx_word' id='word_1_380' title='bbox 2594 2310 2817 2378; x_wconf 79' lang='grc' dir='ltr'>ἀφῖκτο)</span> <span class='ocrx_word' id='word_1_381' title='bbox 2855 2310 3019 2380; x_wconf 86' lang='grc' dir='ltr'>τιμῆς</span> <span class='ocrx_word' id='word_1_382' title='bbox 3050 2311 3097 2363; x_wconf 88' lang='grc' dir='ltr'>δ’</span> <span class='ocrx_word' id='word_1_383' title='bbox 3128 2311 3206 2380; x_wconf 83' lang='lat'><strong>(5)</strong></span> <span class='ocrx_word' id='word_1_384' title='bbox 3245 2312 3424 2364; x_wconf 82' lang='grc' dir='ltr'>αὑτοῦ</span> <span class='ocrx_word' id='word_1_385' title='bbox 3456 2329 3686 2381; x_wconf 77' lang='grc' dir='ltr'>τετυχη-</span> 
     </span>
    </p>
   </div>
   <div class='ocr_carea' id='block_1_54' title="bbox 2087 2396 3686 2472">
    <p class='ocr_par' dir='ltr' id='par_1_54' title="bbox 2087 2396 3686 2472">
     <span class='ocr_line' id='line_1_54' title="bbox 2087 2396 3686 2472; baseline 0.004 -24"><span class='ocrx_word' id='word_1_386' title='bbox 2087 2397 2207 2450; x_wconf 86' lang='grc' dir='ltr'>κότι</span> <span class='ocrx_word' id='word_1_387' title='bbox 2237 2397 2338 2464; x_wconf 84' lang='grc' dir='ltr'>τῆς</span> <span class='ocrx_word' id='word_1_388' title='bbox 2388 2396 2658 2466; x_wconf 80' lang='grc' dir='ltr'>μείζονος.</span> <span class='ocrx_word' id='word_1_389' title='bbox 2694 2399 2897 2451; x_wconf 84' lang='grc' dir='ltr'>Τούτου</span> <span class='ocrx_word' id='word_1_390' title='bbox 2947 2400 3056 2469; x_wconf 71' lang='grc' dir='ltr'>γὰρ</span> <span class='ocrx_word' id='word_1_391' title='bbox 3100 2400 3199 2468; x_wconf 83' lang='grc' dir='ltr'><strong>τῆς</strong></span> <span class='ocrx_word' id='word_1_392' title='bbox 3230 2401 3492 2472; x_wconf 78' lang='grc' dir='ltr'><strong>γλώττης</strong></span> <span class='ocrx_word' id='word_1_393' title='bbox 3525 2399 3686 2472; x_wconf 76' lang='grc' dir='ltr'>ἐξήρ-</span> 
     </span>
    </p>
   </div>
   <div class='ocr_carea' id='block_1_55' title="bbox 2085 2489 3684 2560">
    <p class='ocr_par' dir='ltr' id='par_1_55' title="bbox 2085 2489 3684 2560">
     <span class='ocr_line' id='line_1_55' title="bbox 2085 2489 3684 2560; baseline 0.004 -18"><span class='ocrx_word' id='word_1_394' title='bbox 2085 2505 2272 2558; x_wconf 86' lang='grc' dir='ltr'>τηντο,</span> <span class='ocrx_word' id='word_1_395' title='bbox 2304 2490 2419 2542; x_wconf 85' lang='grc' dir='ltr'>ὅσοι</span> <span class='ocrx_word' id='word_1_396' title='bbox 2459 2489 2736 2556; x_wconf 74' lang='grc' dir='ltr'>δικασταὶ,</span> <span class='ocrx_word' id='word_1_397' title='bbox 2772 2492 2863 2544; x_wconf 75' lang='grc' dir='ltr'>καὶ</span> <span class='ocrx_word' id='word_1_398' title='bbox 2900 2493 3014 2544; x_wconf 83' lang='grc' dir='ltr'>ὅσοι</span> <span class='ocrx_word' id='word_1_399' title='bbox 3049 2492 3150 2560; x_wconf 85' lang='grc' dir='ltr'>τῆς</span> <span class='ocrx_word' id='word_1_400' title='bbox 3191 2495 3318 2546; x_wconf 85' lang='grc' dir='ltr'>κατ’</span> <span class='ocrx_word' id='word_1_401' title='bbox 3353 2495 3560 2558; x_wconf 69' lang='grc' dir='ltr'>αὐτοὺς</span> <span class='ocrx_word' id='word_1_402' title='bbox 3593 2513 3684 2548; x_wconf 86' lang='grc' dir='ltr'>σο·</span> 
     </span>
    </p>
   </div>
   <div class='ocr_carea' id='block_1_56' title="bbox 2089 2580 3679 2658">
    <p class='ocr_par' dir='ltr' id='par_1_56' title="bbox 2089 2580 3679 2658">
     <span class='ocr_line' id='line_1_56' title="bbox 2089 2580 3679 2658; baseline 0.006 -26"><span class='ocrx_word' id='word_1_403' title='bbox 2089 2583 2216 2648; x_wconf 72' lang='grc' dir='ltr'>φίας</span> <span class='ocrx_word' id='word_1_404' title='bbox 2249 2582 2584 2639; x_wconf 80' lang='grc' dir='ltr'>διδάσκαλοι.</span> <span class='ocrx_word' id='word_1_405' title='bbox 2617 2583 2968 2654; x_wconf 78' lang='grc' dir='ltr'>Μουτερίζης</span> <span class='ocrx_word' id='word_1_406' title='bbox 3004 2580 3161 2649; x_wconf 75' lang='grc' dir='ltr'>οὗτος</span> <span class='ocrx_word' id='word_1_407' title='bbox 3199 2589 3679 2658; x_wconf 72' lang='grc' dir='ltr'>προσηγορεύετο·</span> 
     </span>
    </p>
   </div>
   <div class='ocr_carea' id='block_1_57' title="bbox 2087 2673 3684 2750">
    <p class='ocr_par' dir='ltr' id='par_1_57' title="bbox 2087 2673 3684 2750">
     <span class='ocr_line' id='line_1_57' title="bbox 2087 2673 3684 2750; baseline 0.004 -25"><span class='ocrx_word' id='word_1_408' title='bbox 2087 2673 2264 2740; x_wconf 77' lang='grc' dir='ltr'>ὄνομα</span> <span class='ocrx_word' id='word_1_409' title='bbox 2293 2675 2349 2726; x_wconf 85' lang='grc' dir='ltr'>δὲ</span> <span class='ocrx_word' id='word_1_410' title='bbox 2379 2673 2542 2726; x_wconf 85' lang='grc' dir='ltr'>τοῦτο</span> <span class='ocrx_word' id='word_1_411' title='bbox 2575 2674 2675 2744; x_wconf 84' lang='grc' dir='ltr'>τῆς</span> <span class='ocrx_word' id='word_1_412' title='bbox 2710 2677 3006 2744; x_wconf 79' lang='grc' dir='ltr'>προεδρίας</span> <span class='ocrx_word' id='word_1_413' title='bbox 3044 2695 3101 2729; x_wconf 90' lang='grc' dir='ltr'><strong>τε</strong></span> <span class='ocrx_word' id='word_1_414' title='bbox 3136 2679 3230 2731; x_wconf 72' lang='grc' dir='ltr'>καὶ</span> <span class='ocrx_word' id='word_1_415' title='bbox 3267 2682 3463 2748; x_wconf 76' lang='grc' dir='ltr'>τιμῆς.</span> <span class='ocrx_word' id='word_1_416' title='bbox 3497 2681 3684 2750; x_wconf 82' lang='grc' dir='ltr'>Τούτῳ</span> 
     </span>
    </p>
   </div>
   <div class='ocr_carea' id='block_1_58' title="bbox 2089 2763 3681 2843">
    <p class='ocr_par' dir='ltr' id='par_1_58' title="bbox 2089 2763 3681 2843">
     <span class='ocr_line' id='line_1_58' title="bbox 2089 2763 3681 2843; baseline 0.004 -27"><span class='ocrx_word' id='word_1_417' title='bbox 2089 2763 2402 2831; x_wconf 75' lang='grc' dir='ltr'>τοιγαροῦν,</span> <span class='ocrx_word' id='word_1_418' title='bbox 2432 2765 2701 2831; x_wconf 81' lang='grc' dir='ltr'>χειμῶνος</span> <span class='ocrx_word' id='word_1_419' title='bbox 2745 2766 2946 2839; x_wconf 82' lang='grc' dir='ltr'>σχολῆς</span> <span class='ocrx_word' id='word_1_420' title='bbox 2980 2769 3306 2838; x_wconf 75' lang='grc' dir='ltr'>λαϐόμενος,</span> <span class='ocrx_word' id='word_1_421' title='bbox 3341 2773 3535 2843; x_wconf 74' lang='grc' dir='ltr'>πύρῤω</span> <span class='ocrx_word' id='word_1_422' title='bbox 3579 2789 3681 2824; x_wconf 85' lang='grc' dir='ltr'><strong>που</strong></span> 
     </span>
    </p>
   </div>
   <div class='ocr_carea' id='block_1_59' title="bbox 2090 2855 3683 2934">
    <p class='ocr_par' dir='ltr' id='par_1_59' title="bbox 2090 2855 3683 2934">
     <span class='ocr_line' id='line_1_59' title="bbox 2090 2855 3683 2934; baseline 0.006 -28"><span class='ocrx_word' id='word_1_423' title='bbox 2090 2856 2304 2907; x_wconf 81' lang='grc' dir='ltr'>νυκτῶν</span> <span class='ocrx_word' id='word_1_424' title='bbox 2349 2855 2608 2915; x_wconf 78' lang='grc' dir='ltr'>πολλάκις</span> <span class='ocrx_word' id='word_1_425' title='bbox 2651 2857 2995 2929; x_wconf 81' lang='grc' dir='ltr'>διελεγόμην·</span> <span class='ocrx_word' id='word_1_426' title='bbox 3025 2861 3196 2914; x_wconf 85' lang='grc' dir='ltr'>ἐδεῖτο</span> <span class='ocrx_word' id='word_1_427' title='bbox 3238 2863 3354 2933; x_wconf 63' lang='grc' dir='ltr'>γάρ</span> <span class='ocrx_word' id='word_1_428' title='bbox 3390 2881 3497 2934; x_wconf 86' lang='grc' dir='ltr'><strong>μου</strong></span> <span class='ocrx_word' id='word_1_429' title='bbox 3527 2863 3683 2916; x_wconf 82' lang='grc' dir='ltr'>τοῦτο</span> 
     </span>
    </p>
   </div>
   <div class='ocr_carea' id='block_1_60' title="bbox 2093 2948 3681 3026">
    <p class='ocr_par' dir='ltr' id='par_1_60' title="bbox 2093 2948 3681 3026">
     <span class='ocr_line' id='line_1_60' title="bbox 2093 2948 3681 3026; baseline 0.005 -27"><span class='ocrx_word' id='word_1_430' title='bbox 2093 2948 2287 3009; x_wconf 79' lang='grc' dir='ltr'>ποιεῖν,</span> <span class='ocrx_word' id='word_1_431' title='bbox 2319 2948 2580 3018; x_wconf 79' lang='grc' dir='ltr'>φιλήκοος</span> <span class='ocrx_word' id='word_1_432' title='bbox 2613 2948 2706 3004; x_wconf 80' lang='grc' dir='ltr'><strong>ὧν.</strong></span> <span class='ocrx_word' id='word_1_433' title='bbox 2741 2949 2931 3021; x_wconf 81' lang='grc' dir='ltr'>Ἐῴκει</span> <span class='ocrx_word' id='word_1_434' title='bbox 2969 2953 3014 3005; x_wconf 79' lang='grc' dir='ltr'>δ’</span> <span class='ocrx_word' id='word_1_435' title='bbox 3040 2953 3148 3022; x_wconf 82' lang='grc' dir='ltr'>ἄρα</span> <span class='ocrx_word' id='word_1_436' title='bbox 3183 2954 3525 3026; x_wconf 80' lang='grc' dir='ltr'>εὐγνώμονι·</span> <span class='ocrx_word' id='word_1_437' title='bbox 3562 2956 3681 3008; x_wconf 73' lang='grc' dir='ltr'>οὐδὲ</span> 
     </span>
    </p>
   </div>
   <div class='ocr_carea' id='block_1_61' title="bbox 2091 3038 3682 3118">
    <p class='ocr_par' dir='ltr' id='par_1_61' title="bbox 2091 3038 3682 3118">
     <span class='ocr_line' id='line_1_61' title="bbox 2091 3038 3682 3118; baseline 0.006 -29"><span class='ocrx_word' id='word_1_438' title='bbox 2091 3039 2202 3106; x_wconf 87' lang='grc' dir='ltr'>γὰρ</span> <span class='ocrx_word' id='word_1_439' title='bbox 2231 3038 2448 3109; x_wconf 65' lang='grc' dir='ltr'>ἔχαιρεν</span> <span class='ocrx_word' id='word_1_440' title='bbox 2473 3039 2635 3110; x_wconf 77' lang='grc' dir='ltr'>ἔριδι,</span> <span class='ocrx_word' id='word_1_441' title='bbox 2665 3041 2781 3096; x_wconf 81' lang='grc' dir='ltr'>ἀλλ’</span> <span class='ocrx_word' id='word_1_442' title='bbox 2809 3045 2859 3095; x_wconf 83' lang='grc' dir='ltr'><strong>εί</strong></span> <span class='ocrx_word' id='word_1_443' title='bbox 2889 3045 2984 3098; x_wconf 79' lang='grc' dir='ltr'>καὶ</span> <span class='ocrx_word' id='word_1_444' title='bbox 3017 3045 3090 3114; x_wconf 75' lang='grc' dir='ltr'>μὴ</span> <span class='ocrx_word' id='word_1_445' title='bbox 3121 3044 3332 3116; x_wconf 77' lang='grc' dir='ltr'>ῥᾳδίως</span> <span class='ocrx_word' id='word_1_446' title='bbox 3358 3047 3682 3118; x_wconf 80' lang='grc' dir='ltr'>ἀληθεύοντι</span> 
     </span>
    </p>
   </div>
   <div class='ocr_carea' id='block_1_62' title="bbox 2096 3132 3680 3210">
    <p class='ocr_par' dir='ltr' id='par_1_62' title="bbox 2096 3132 3680 3210">
     <span class='ocr_line' id='line_1_62' title="bbox 2096 3132 3680 3210; baseline 0.006 -26"><span class='ocrx_word' id='word_1_447' title='bbox 2096 3132 2346 3185; x_wconf 79' lang='grc' dir='ltr'>ἐπείθετο</span> <span class='ocrx_word' id='word_1_448' title='bbox 2372 3134 2450 3203; x_wconf 81' lang='grc' dir='ltr'>(αἱ</span> <span class='ocrx_word' id='word_1_449' title='bbox 2485 3133 2594 3203; x_wconf 79' lang='grc' dir='ltr'><strong>γὰρ</strong></span> <span class='ocrx_word' id='word_1_450' title='bbox 2628 3135 2926 3207; x_wconf 74' lang='grc' dir='ltr'>προλήψεις</span> <span class='ocrx_word' id='word_1_451' title='bbox 2953 3136 3128 3190; x_wconf 77' lang='grc' dir='ltr'>δειναὶ</span> <span class='ocrx_word' id='word_1_452' title='bbox 3152 3139 3420 3210; x_wconf 76' lang='grc' dir='ltr'>κατέχειν</span> <span class='ocrx_word' id='word_1_453' title='bbox 3453 3142 3509 3193; x_wconf 89' lang='grc' dir='ltr'><strong>ἐν</strong></span> <span class='ocrx_word' id='word_1_454' title='bbox 3543 3139 3680 3194; x_wconf 78' lang='grc' dir='ltr'>ἃπα-</span> 
     </span>
    </p>
   </div>
   <div class='ocr_carea' id='block_1_63' title="bbox 405 3222 1987 3324">
    <p class='ocr_par' dir='ltr' id='par_1_63' title="bbox 405 3243 1985 3324">
     <span class='ocr_line' id='line_1_63' title="bbox 405 3243 1985 3324; baseline 0.009 -28"><span class='ocrx_word' id='word_1_455' title='bbox 405 3243 601 3298; x_wconf 91' lang='lat' dir='ltr'><strong>nioncs</strong></span> <span class='ocrx_word' id='word_1_456' title='bbox 633 3245 828 3299; x_wconf 90' lang='lat' dir='ltr'><strong>mirum</strong></span> <span class='ocrx_word' id='word_1_457' title='bbox 860 3255 1128 3315; x_wconf 88' lang='lat' dir='ltr'><strong>quantum</strong></span> <span class='ocrx_word' id='word_1_458' title='bbox 1163 3249 1217 3304; x_wconf 92' lang='lat' dir='ltr'><strong>in</strong></span> <span class='ocrx_word' id='word_1_459' title='bbox 1246 3251 1502 3307; x_wconf 89' lang='lat' dir='ltr'><strong>omnibus</strong></span> <span class='ocrx_word' id='word_1_460' title='bbox 1534 3254 1822 3324; x_wconf 83' lang='lat' dir='ltr'><strong>resistunt)</strong></span> <span class='ocrx_word' id='word_1_461' title='bbox 1852 3298 1864 3322; x_wconf 92' lang='lat'><strong>,</strong></span> <span class='ocrx_word' id='word_1_462' title='bbox 1899 3272 1985 3311; x_wconf 79' lang='lat' dir='ltr'><strong>as-</strong></span> 
     </span>
    </p>
   </div>
   <div class='ocr_carea' id='block_1_64' title="bbox 2092 3222 2719 3324">
    <p class='ocr_par' dir='ltr' id='par_1_64' title="bbox 2096 3222 2719 3294">
     <span class='ocr_line' id='line_1_64' title="bbox 2096 3222 2719 3294; baseline 0.008 -18"><span class='ocrx_word' id='word_1_463' title='bbox 2096 3222 2224 3294; x_wconf 86' lang='grc' dir='ltr'>σιν),</span> <span class='ocrx_word' id='word_1_464' title='bbox 2259 3224 2510 3278; x_wconf 84' lang='grc' dir='ltr'>ἐπείθετο</span> <span class='ocrx_word' id='word_1_465' title='bbox 2534 3227 2580 3280; x_wconf 79' lang='grc' dir='ltr'>δ’</span> <span class='ocrx_word' id='word_1_466' title='bbox 2603 3223 2719 3282; x_wconf 67' lang='grc' dir='ltr'>οὖν.</span> 
     </span>
    </p>
   </div>
   <div class='ocr_carea' id='block_1_65' title="bbox 403 3325 966 3391">
    <p class='ocr_par' dir='ltr' id='par_1_65' title="bbox 403 3325 966 3391">
     <span class='ocr_line' id='line_1_65' title="bbox 403 3325 966 3391; baseline 0.007 -4"><span class='ocrx_word' id='word_1_467' title='bbox 403 3325 743 3389; x_wconf 85' lang='lat' dir='ltr'><strong>sentiebatur</strong></span> <span class='ocrx_word' id='word_1_468' title='bbox 765 3343 966 3391; x_wconf 89' lang='lat' dir='ltr'><strong>tamen.</strong></span> 
     </span>
    </p>
   </div>
   <div class='ocr_carea' id='block_1_66' title="bbox 436 3426 1988 3507">
    <p class='ocr_par' dir='ltr' id='par_1_66' title="bbox 436 3426 1988 3507">
     <span class='ocr_line' id='line_1_66' title="bbox 436 3426 1988 3507; baseline 0.01 -28"><span class='ocrx_word' id='word_1_469' title='bbox 436 3427 528 3485; x_wconf 69' lang='lat'><strong>.2.</strong></span> <span class='ocrx_word' id='word_1_470' title='bbox 573 3426 707 3482; x_wconf 88' lang='lat' dir='ltr'><strong>Illud</strong></span> <span class='ocrx_word' id='word_1_471' title='bbox 743 3443 872 3482; x_wconf 83' lang='lat' dir='ltr'><strong>vero</strong></span> <span class='ocrx_word' id='word_1_472' title='bbox 904 3430 1271 3488; x_wconf 88' lang='lat' dir='ltr'><strong>admiratione</strong></span> <span class='ocrx_word' id='word_1_473' title='bbox 1304 3444 1391 3489; x_wconf 91' lang='lat' dir='ltr'><strong>cst</strong></span> <span class='ocrx_word' id='word_1_474' title='bbox 1419 3435 1665 3504; x_wconf 84' lang='lat' dir='ltr'><strong>dignum,</strong></span> <span class='ocrx_word' id='word_1_475' title='bbox 1691 3440 1857 3507; x_wconf 84' lang='lat' dir='ltr'><strong>quod,</strong></span> <span class='ocrx_word' id='word_1_476' title='bbox 1885 3442 1988 3495; x_wconf 88' lang='lat' dir='ltr'><strong>etsi</strong></span> 
     </span>
    </p>
   </div>
   <div class='ocr_carea' id='block_1_67' title="bbox 405 3519 1990 3598">
    <p class='ocr_par' dir='ltr' id='par_1_67' title="bbox 405 3519 1990 3598">
     <span class='ocr_line' id='line_1_67' title="bbox 405 3519 1990 3598; baseline 0.011 -26"><span class='ocrx_word' id='word_1_477' title='bbox 405 3519 570 3575; x_wconf 87' lang='lat' dir='ltr'><strong>dictis</strong></span> <span class='ocrx_word' id='word_1_478' title='bbox 595 3521 931 3586; x_wconf 84' lang='lat' dir='ltr'><strong>assentiens.</strong></span> <span class='ocrx_word' id='word_1_479' title='bbox 959 3526 1158 3591; x_wconf 82' lang='lat' dir='ltr'><strong>partim</strong></span> <span class='ocrx_word' id='word_1_480' title='bbox 1194 3535 1408 3592; x_wconf 85' lang='lat' dir='ltr'><strong>sponte.</strong></span> <span class='ocrx_word' id='word_1_481' title='bbox 1435 3528 1636 3596; x_wconf 84' lang='lat' dir='ltr'><strong>partim</strong></span> <span class='ocrx_word' id='word_1_482' title='bbox 1663 3529 1891 3598; x_wconf 84' lang='lat' dir='ltr'><strong>invitus,</strong></span> <span class='ocrx_word' id='word_1_483' title='bbox 1916 3535 1990 3589; x_wconf 91' lang='lat' dir='ltr'><strong>ob</strong></span> 
     </span>
    </p>
   </div>
   <div class='ocr_carea' id='block_1_68' title="bbox 403 3612 1987 3692">
    <p class='ocr_par' dir='ltr' id='par_1_68' title="bbox 403 3612 1987 3692">
     <span class='ocr_line' id='line_1_68' title="bbox 403 3612 1987 3692; baseline 0.009 -26"><span class='ocrx_word' id='word_1_484' title='bbox 403 3628 468 3666; x_wconf 90' lang='lat' dir='ltr'><strong>ea</strong></span> <span class='ocrx_word' id='word_1_485' title='bbox 504 3612 1012 3692; x_wconf 65' lang='lat' dir='ltr'><strong>quaeinterrogauti</strong></span> <span class='ocrx_word' id='word_1_486' title='bbox 1047 3618 1439 3683; x_wconf 85' lang='lat' dir='ltr'><strong>respondebat,</strong></span> <span class='ocrx_word' id='word_1_487' title='bbox 1469 3618 1702 3674; x_wconf 75' lang='lat' dir='ltr'><strong>ulterius</strong></span> <span class='ocrx_word' id='word_1_488' title='bbox 1731 3625 1987 3692; x_wconf 83' lang='lat' dir='ltr'><strong>progredi</strong></span> 
     </span>
    </p>
   </div>
   <div class='ocr_carea' id='block_1_69' title="bbox 408 3688 1992 3778">
    <p class='ocr_par' dir='ltr' id='par_1_69' title="bbox 408 3688 1992 3778">
     <span class='ocr_line' id='line_1_69' title="bbox 408 3688 1992 3778; baseline 0.009 -22"><span class='ocrx_word' id='word_1_489' title='bbox 408 3705 596 3758; x_wconf 88' lang='lat' dir='ltr'><strong>nollet.</strong></span> <span class='ocrx_word' id='word_1_490' title='bbox 626 3688 764 3759; x_wconf 71' lang='lat' dir='ltr'><strong>Nam</strong></span> <span class='ocrx_word' id='word_1_491' title='bbox 805 3720 998 3760; x_wconf 90' lang='lat' dir='ltr'><strong>eorum</strong></span> <span class='ocrx_word' id='word_1_492' title='bbox 1038 3705 1285 3774; x_wconf 91' lang='lat' dir='ltr'><strong>quidem,</strong></span> <span class='ocrx_word' id='word_1_493' title='bbox 1325 3725 1447 3777; x_wconf 72' lang='lat' dir='ltr'><strong>qua:</strong></span> <span class='ocrx_word' id='word_1_494' title='bbox 1488 3688 1992 3778; x_wconf 47' lang='lat' dir='ltr'><strong>dicebautur;ma-</strong></span> 
     </span>
    </p>
   </div>
   <div class='ocr_carea' id='block_1_70' title="bbox 406 3795 1990 3876">
    <p class='ocr_par' dir='ltr' id='par_1_70' title="bbox 406 3795 1990 3876">
     <span class='ocr_line' id='line_1_70' title="bbox 406 3795 1990 3876; baseline 0.008 -27"><span class='ocrx_word' id='word_1_495' title='bbox 406 3811 512 3863; x_wconf 74' lang='lat' dir='ltr'><strong>gna</strong></span> <span class='ocrx_word' id='word_1_496' title='bbox 543 3810 668 3850; x_wconf 91' lang='lat' dir='ltr'><strong>eum</strong></span> <span class='ocrx_word' id='word_1_497' title='bbox 697 3795 1247 3861; x_wconf 82' lang='lat' dir='ltr'><strong>tenebatadmiratio,</strong></span> <span class='ocrx_word' id='word_1_498' title='bbox 1272 3799 1507 3868; x_wconf 84' lang='lat' dir='ltr'><strong>plusque</strong></span> <span class='ocrx_word' id='word_1_499' title='bbox 1531 3804 1990 3876; x_wconf 78' lang='lat' dir='ltr'><strong>capiebatgnudii</strong></span> 
     </span>
    </p>
   </div>
   <div class='ocr_carea' id='block_1_71' title="bbox 409 3888 1990 3965">
    <p class='ocr_par' dir='ltr' id='par_1_71' title="bbox 409 3888 1990 3965">
     <span class='ocr_line' id='line_1_71' title="bbox 409 3888 1990 3965; baseline 0.009 -25"><span class='ocrx_word' id='word_1_500' title='bbox 409 3904 536 3944; x_wconf 74' lang='lat' dir='ltr'><strong>vera</strong></span> <span class='ocrx_word' id='word_1_501' title='bbox 559 3889 981 3958; x_wconf 79' lang='lat' dir='ltr'><strong>discens,quam</strong></span> <span class='ocrx_word' id='word_1_502' title='bbox 1005 3888 1182 3944; x_wconf 83' lang='lat' dir='ltr'><strong>victus</strong></span> <span class='ocrx_word' id='word_1_503' title='bbox 1212 3892 1487 3948; x_wconf 69' lang='lat' dir='ltr'><strong>mwroris.</strong></span> <span class='ocrx_word' id='word_1_504' title='bbox 1517 3893 1620 3950; x_wconf 87' lang='lat' dir='ltr'><strong>Sed</strong></span> <span class='ocrx_word' id='word_1_505' title='bbox 1651 3911 1773 3965; x_wconf 76' lang='lat' dir='ltr'><strong>qua:</strong></span> <span class='ocrx_word' id='word_1_506' title='bbox 1799 3898 1990 3954; x_wconf 91' lang='lat' dir='ltr'><strong>mirari</strong></span> 
     </span>
    </p>
   </div>
   <div class='ocr_carea' id='block_1_72' title="bbox 411 3981 1994 4058">
    <p class='ocr_par' dir='ltr' id='par_1_72' title="bbox 411 3981 1994 4058">
     <span class='ocr_line' id='line_1_72' title="bbox 411 3981 1994 4058; baseline 0.008 -23"><span class='ocrx_word' id='word_1_507' title='bbox 411 3982 762 4054; x_wconf 87' lang='lat' dir='ltr'><strong>dignabatur,</strong></span> <span class='ocrx_word' id='word_1_508' title='bbox 799 3981 1052 4050; x_wconf 85' lang='lat' dir='ltr'><strong>amplecti</strong></span> <span class='ocrx_word' id='word_1_509' title='bbox 1079 3995 1141 4035; x_wconf 88' lang='lat' dir='ltr'><strong>ea</strong></span> <span class='ocrx_word' id='word_1_510' title='bbox 1167 3997 1276 4036; x_wconf 86' lang='lat' dir='ltr'><strong>non</strong></span> <span class='ocrx_word' id='word_1_511' title='bbox 1308 3987 1611 4040; x_wconf 82' lang='lat' dir='ltr'><strong>sustinebat</strong></span> <span class='ocrx_word' id='word_1_512' title='bbox 1638 4005 1651 4042; x_wconf 90' lang='lat'><strong>:</strong></span> <span class='ocrx_word' id='word_1_513' title='bbox 1675 3988 1994 4058; x_wconf 84' lang='lat' dir='ltr'><strong>religiones-</strong></span> 
     </span>
    </p>
   </div>
   <div class='ocr_carea' id='block_1_73' title="bbox 409 4073 1991 4147">
    <p class='ocr_par' dir='ltr' id='par_1_73' title="bbox 409 4073 1991 4147">
     <span class='ocr_line' id='line_1_73' title="bbox 409 4073 1991 4147; baseline 0.004 -15"><span class='ocrx_word' id='word_1_514' title='bbox 409 4093 518 4147; x_wconf 82' lang='lat' dir='ltr'><strong>que</strong></span> <span class='ocrx_word' id='word_1_515' title='bbox 550 4090 679 4132; x_wconf 88' lang='lat' dir='ltr'><strong>suas</strong></span> <span class='ocrx_word' id='word_1_516' title='bbox 727 4089 838 4130; x_wconf 86' lang='lat' dir='ltr'><strong>non</strong></span> <span class='ocrx_word' id='word_1_517' title='bbox 881 4073 1038 4128; x_wconf 87' lang='lat' dir='ltr'><strong>valde</strong></span> <span class='ocrx_word' id='word_1_518' title='bbox 1075 4074 1363 4132; x_wconf 87' lang='lat' dir='ltr'><strong>videbatur</strong></span> <span class='ocrx_word' id='word_1_519' title='bbox 1393 4079 1679 4146; x_wconf 88' lang='lat' dir='ltr'><strong>admirari,</strong></span> <span class='ocrx_word' id='word_1_520' title='bbox 1721 4088 1775 4136; x_wconf 90' lang='lat' dir='ltr'><strong>et</strong></span> <span class='ocrx_word' id='word_1_521' title='bbox 1808 4091 1991 4138; x_wconf 85' lang='lat' dir='ltr'><strong>tamen</strong></span> 
     </span>
    </p>
   </div>
   <div class='ocr_carea' id='block_1_74' title="bbox 411 4169 1994 4241">
    <p class='ocr_par' dir='ltr' id='par_1_74' title="bbox 411 4169 1994 4241">
     <span class='ocr_line' id='line_1_74' title="bbox 411 4169 1994 4241; baseline 0.003 -16"><span class='ocrx_word' id='word_1_522' title='bbox 411 4172 616 4225; x_wconf 89' lang='lat' dir='ltr'><strong>malum</strong></span> <span class='ocrx_word' id='word_1_523' title='bbox 654 4170 919 4225; x_wconf 70' lang='lat' dir='ltr'><strong>dazmonis</strong></span> <span class='ocrx_word' id='word_1_524' title='bbox 955 4169 1266 4241; x_wconf 77' lang='lat' dir='ltr'><strong>depositum</strong></span> <span class='ocrx_word' id='word_1_525' title='bbox 1303 4172 1664 4228; x_wconf 86' lang='lat' dir='ltr'><strong>nihilominus</strong></span> <span class='ocrx_word' id='word_1_526' title='bbox 1713 4177 1994 4231; x_wconf 83' lang='lat' dir='ltr'><strong>custodire</strong></span> 
     </span>
    </p>
   </div>
   <div class='ocr_carea' id='block_1_75' title="bbox 412 4261 1990 4334">
    <p class='ocr_par' dir='ltr' id='par_1_75' title="bbox 412 4261 1990 4334">
     <span class='ocr_line' id='line_1_75' title="bbox 412 4261 1990 4334; baseline 0 -16"><span class='ocrx_word' id='word_1_527' title='bbox 412 4263 690 4318; x_wconf 86' lang='lat' dir='ltr'><strong>studebat.</strong></span> <span class='ocrx_word' id='word_1_528' title='bbox 708 4261 947 4327; x_wconf 83' lang='lat' dir='ltr'><strong>Etenim,</strong></span> <span class='ocrx_word' id='word_1_529' title='bbox 980 4264 1201 4334; x_wconf 81' lang='lat' dir='ltr'><strong>Opinor,</strong></span> <span class='ocrx_word' id='word_1_530' title='bbox 1233 4261 1685 4317; x_wconf 87' lang='lat' dir='ltr'><strong>absurdissimam</strong></span> <span class='ocrx_word' id='word_1_531' title='bbox 1721 4279 1842 4319; x_wconf 89' lang='lat' dir='ltr'><strong>esse</strong></span> <span class='ocrx_word' id='word_1_532' title='bbox 1874 4280 1990 4319; x_wconf 89' lang='lat' dir='ltr'><strong>rem</strong></span> 
     </span>
    </p>
   </div>
   <div class='ocr_carea' id='block_1_76' title="bbox 413 4355 1994 4432">
    <p class='ocr_par' dir='ltr' id='par_1_76' title="bbox 413 4355 1994 4432">
     <span class='ocr_line' id='line_1_76' title="bbox 413 4355 1994 4432; baseline 0 -22"><span class='ocrx_word' id='word_1_533' title='bbox 413 4356 663 4426; x_wconf 88' lang='lat' dir='ltr'><strong>putabat,</strong></span> <span class='ocrx_word' id='word_1_534' title='bbox 699 4355 754 4409; x_wconf 92' lang='lat' dir='ltr'><strong>in</strong></span> <span class='ocrx_word' id='word_1_535' title='bbox 791 4363 938 4410; x_wconf 89' lang='lat' dir='ltr'><strong>tanta</strong></span> <span class='ocrx_word' id='word_1_536' title='bbox 985 4364 1264 4412; x_wconf 87' lang='lat' dir='ltr'><strong>senectute</strong></span> <span class='ocrx_word' id='word_1_537' title='bbox 1297 4365 1612 4432; x_wconf 68' lang='lat' dir='ltr'><strong>naturaeque</strong></span> <span class='ocrx_word' id='word_1_538' title='bbox 1645 4355 1994 4411; x_wconf 74' lang='lat' dir='ltr'><strong>decrementa</strong></span> 
     </span>
    </p>
   </div>
   <div class='ocr_carea' id='block_1_77' title="bbox 393 4445 1994 4517">
    <p class='ocr_par' dir='ltr' id='par_1_77' title="bbox 393 4445 1994 4517">
     <span class='ocr_line' id='line_1_77' title="bbox 393 4445 1994 4517; baseline -0.001 -15"><span class='ocrx_word' id='word_1_539' title='bbox 393 4460 444 4502; x_wconf 84' lang='lat' dir='ltr'><strong>&#39;a</strong></span> <span class='ocrx_word' id='word_1_540' title='bbox 477 4447 651 4517; x_wconf 86' lang='lat' dir='ltr'><strong>prima</strong></span> <span class='ocrx_word' id='word_1_541' title='bbox 673 4445 953 4516; x_wconf 86' lang='lat' dir='ltr'><strong>impietate</strong></span> <span class='ocrx_word' id='word_1_542' title='bbox 985 4446 1317 4502; x_wconf 86' lang='lat' dir='ltr'><strong>desciscere.</strong></span> <span class='ocrx_word' id='word_1_543' title='bbox 1341 4446 1483 4514; x_wconf 82' lang='lat' dir='ltr'><strong>Quin</strong></span> <span class='ocrx_word' id='word_1_544' title='bbox 1519 4447 1683 4501; x_wconf 85' lang='lat' dir='ltr'><strong>etiam</strong></span> <span class='ocrx_word' id='word_1_545' title='bbox 1711 4447 1756 4502; x_wconf 87' lang='lat' dir='ltr'><strong>si</strong></span> <span class='ocrx_word' id='word_1_546' title='bbox 1779 4463 1994 4502; x_wconf 84' lang='lat' dir='ltr'><strong>sermo-</strong></span> 
     </span>
    </p>
   </div>
   <div class='ocr_carea' id='block_1_78' title="bbox 419 4538 1994 4609">
    <p class='ocr_par' dir='ltr' id='par_1_78' title="bbox 419 4538 1994 4609">
     <span class='ocr_line' id='line_1_78' title="bbox 419 4538 1994 4609; baseline 0.001 -17"><span class='ocrx_word' id='word_1_547' title='bbox 419 4540 506 4594; x_wconf 86' lang='lat' dir='ltr'><strong>nis</strong></span> <span class='ocrx_word' id='word_1_548' title='bbox 582 4539 754 4596; x_wconf 89' lang='lat' dir='ltr'><strong>nostri</strong></span> <span class='ocrx_word' id='word_1_549' title='bbox 807 4539 969 4594; x_wconf 84' lang='lat' dir='ltr'><strong>ﬁnem</strong></span> <span class='ocrx_word' id='word_1_550' title='bbox 1022 4538 1092 4594; x_wconf 91' lang='lat' dir='ltr'><strong>ab</strong></span> <span class='ocrx_word' id='word_1_551' title='bbox 1127 4539 1249 4609; x_wconf 89' lang='lat' dir='ltr'><strong>ipso</strong></span> <span class='ocrx_word' id='word_1_552' title='bbox 1286 4540 1472 4596; x_wconf 84' lang='lat' dir='ltr'><strong>statim</strong></span> <span class='ocrx_word' id='word_1_553' title='bbox 1515 4538 1702 4604; x_wconf 89' lang='lat' dir='ltr'><strong>initio,</strong></span> <span class='ocrx_word' id='word_1_554' title='bbox 1747 4539 1994 4608; x_wconf 85' lang='lat' dir='ltr'><strong>ipsisque</strong></span> 
     </span>
    </p>
   </div>
   <div class='ocr_carea' id='block_1_79' title="bbox 2171 3428 3678 3506">
    <p class='ocr_par' dir='ltr' id='par_1_79' title="bbox 2171 3428 3678 3506">
     <span class='ocr_line' id='line_1_79' title="bbox 2171 3428 3678 3506; baseline 0.003 -23"><span class='ocrx_word' id='word_1_555' title='bbox 2171 3428 2236 3499; x_wconf 81' lang='grc' dir='ltr'><strong>β’.</strong></span> <span class='ocrx_word' id='word_1_556' title='bbox 2277 3431 2342 3483; x_wconf 87' lang='grc' dir='ltr'><em>Ὃ</em></span> <span class='ocrx_word' id='word_1_557' title='bbox 2368 3429 2425 3482; x_wconf 83' lang='grc' dir='ltr'>δὲ</span> <span class='ocrx_word' id='word_1_558' title='bbox 2456 3429 2762 3499; x_wconf 77' lang='grc' dir='ltr'>θαυμάζειν</span> <span class='ocrx_word' id='word_1_559' title='bbox 2801 3428 2974 3497; x_wconf 78' lang='grc' dir='ltr'>ἄξιον,</span> <span class='ocrx_word' id='word_1_560' title='bbox 3008 3432 3114 3498; x_wconf 85' lang='grc' dir='ltr'>ὅτι,</span> <span class='ocrx_word' id='word_1_561' title='bbox 3139 3433 3351 3506; x_wconf 85' lang='grc' dir='ltr'>καίπερ</span> <span class='ocrx_word' id='word_1_562' title='bbox 3379 3437 3496 3500; x_wconf 86' lang='grc' dir='ltr'>τοῖς</span> <span class='ocrx_word' id='word_1_563' title='bbox 3527 3435 3678 3504; x_wconf 81' lang='grc' dir='ltr'>λεγο-</span> 
     </span>
    </p>
   </div>
   <div class='ocr_carea' id='block_1_80' title="bbox 2101 3519 3678 3595">
    <p class='ocr_par' dir='ltr' id='par_1_80' title="bbox 2101 3519 3678 3595">
     <span class='ocr_line' id='line_1_80' title="bbox 2101 3519 3678 3595; baseline 0.003 -22"><span class='ocrx_word' id='word_1_564' title='bbox 2101 3521 2284 3590; x_wconf 80' lang='grc' dir='ltr'>μένοις</span> <span class='ocrx_word' id='word_1_565' title='bbox 2327 3520 2631 3590; x_wconf 86' lang='grc' dir='ltr'>όμολογῶν,</span> <span class='ocrx_word' id='word_1_566' title='bbox 2684 3521 2762 3592; x_wconf 84' lang='grc' dir='ltr'>πῆ</span> <span class='ocrx_word' id='word_1_567' title='bbox 2816 3523 2916 3593; x_wconf 85' lang='grc' dir='ltr'>μὲν</span> <span class='ocrx_word' id='word_1_568' title='bbox 2951 3521 3113 3590; x_wconf 79' lang='grc' dir='ltr'>ἑκὼν,</span> <span class='ocrx_word' id='word_1_569' title='bbox 3156 3524 3234 3595; x_wconf 83' lang='grc' dir='ltr'>πῆ</span> <span class='ocrx_word' id='word_1_570' title='bbox 3286 3525 3346 3580; x_wconf 84' lang='grc' dir='ltr'><strong>δέ</strong></span> <span class='ocrx_word' id='word_1_571' title='bbox 3388 3526 3560 3590; x_wconf 82' lang='grc' dir='ltr'>ἄκων,</span> <span class='ocrx_word' id='word_1_572' title='bbox 3600 3519 3678 3588; x_wconf 73' lang='grc' dir='ltr'>οἷς</span> 
     </span>
    </p>
   </div>
   <div class='ocr_carea' id='block_1_81' title="bbox 2099 3611 3679 3684">
    <p class='ocr_par' dir='ltr' id='par_1_81' title="bbox 2099 3611 3679 3684">
     <span class='ocr_line' id='line_1_81' title="bbox 2099 3611 3679 3684; baseline 0.003 -21"><span class='ocrx_word' id='word_1_573' title='bbox 2099 3611 2456 3682; x_wconf 77' lang='grc' dir='ltr'>ἐρωτώμενος</span> <span class='ocrx_word' id='word_1_574' title='bbox 2494 3613 2846 3683; x_wconf 77' lang='grc' dir='ltr'>ἀπεκρῖνετο,</span> <span class='ocrx_word' id='word_1_575' title='bbox 2895 3616 3209 3684; x_wconf 82' lang='grc' dir='ltr'>περαιτέρω</span> <span class='ocrx_word' id='word_1_576' title='bbox 3246 3616 3540 3684; x_wconf 81' lang='grc' dir='ltr'>προελθεῖν</span> <span class='ocrx_word' id='word_1_577' title='bbox 3584 3616 3679 3669; x_wconf 82' lang='grc' dir='ltr'>οὐκ</span> 
     </span>
    </p>
   </div>
   <div class='ocr_carea' id='block_1_82' title="bbox 2097 3702 3680 3776">
    <p class='ocr_par' dir='ltr' id='par_1_82' title="bbox 2097 3702 3680 3776">
     <span class='ocr_line' id='line_1_82' title="bbox 2097 3702 3680 3776; baseline 0.003 -19"><span class='ocrx_word' id='word_1_578' title='bbox 2097 3703 2376 3759; x_wconf 75' lang='grc' dir='ltr'>ἐϐούλετο.</span> <span class='ocrx_word' id='word_1_579' title='bbox 2413 3704 2575 3758; x_wconf 70' lang='grc' dir='ltr'>Ἀλλὰ</span> <span class='ocrx_word' id='word_1_580' title='bbox 2623 3707 2791 3767; x_wconf 80' lang='grc' dir='ltr'>πολὺς</span> <span class='ocrx_word' id='word_1_581' title='bbox 2826 3706 2927 3774; x_wconf 84' lang='grc' dir='ltr'>μὲν</span> <span class='ocrx_word' id='word_1_582' title='bbox 2975 3702 3042 3776; x_wconf 80' lang='grc' dir='ltr'>ἦν</span> <span class='ocrx_word' id='word_1_583' title='bbox 3077 3707 3380 3776; x_wconf 73' lang='grc' dir='ltr'>θαυμάζων</span> <span class='ocrx_word' id='word_1_584' title='bbox 3425 3711 3494 3762; x_wconf 79' lang='grc' dir='ltr'><strong>τὰ</strong></span> <span class='ocrx_word' id='word_1_585' title='bbox 3529 3709 3680 3776; x_wconf 85' lang='grc' dir='ltr'>λεγό-</span> 
     </span>
    </p>
   </div>
   <div class='ocr_carea' id='block_1_83' title="bbox 2101 3798 3679 3872">
    <p class='ocr_par' dir='ltr' id='par_1_83' title="bbox 2101 3798 3679 3872">
     <span class='ocr_line' id='line_1_83' title="bbox 2101 3798 3679 3872; baseline 0.001 -21"><span class='ocrx_word' id='word_1_586' title='bbox 2101 3816 2263 3863; x_wconf 82' lang='grc' dir='ltr'>μενα,</span> <span class='ocrx_word' id='word_1_587' title='bbox 2291 3798 2385 3852; x_wconf 78' lang='grc' dir='ltr'>καὶ</span> <span class='ocrx_word' id='word_1_588' title='bbox 2416 3799 2620 3866; x_wconf 81' lang='grc' dir='ltr'>μᾶλλον</span> <span class='ocrx_word' id='word_1_589' title='bbox 2649 3798 2812 3865; x_wconf 78' lang='grc' dir='ltr'>ἥδετο</span> <span class='ocrx_word' id='word_1_590' title='bbox 2843 3798 3136 3868; x_wconf 78' lang='grc' dir='ltr'>μανθάνων</span> <span class='ocrx_word' id='word_1_591' title='bbox 3163 3799 3403 3872; x_wconf 72' lang='grc' dir='ltr'>τάληθῆ,</span> <span class='ocrx_word' id='word_1_592' title='bbox 3431 3802 3464 3872; x_wconf 78' lang='grc' dir='ltr'>ἢ</span> <span class='ocrx_word' id='word_1_593' title='bbox 3493 3802 3679 3870; x_wconf 77' lang='grc' dir='ltr'>ἠνιᾶτο</span> 
     </span>
    </p>
   </div>
   <div class='ocr_carea' id='block_1_84' title="bbox 2099 3889 3678 3963">
    <p class='ocr_par' dir='ltr' id='par_1_84' title="bbox 2099 3889 3678 3963">
     <span class='ocr_line' id='line_1_84' title="bbox 2099 3889 3678 3963; baseline 0 -17"><span class='ocrx_word' id='word_1_594' title='bbox 2099 3892 2432 3961; x_wconf 73' lang='grc' dir='ltr'>ἡττώμενος.</span> <span class='ocrx_word' id='word_1_595' title='bbox 2460 3893 2528 3945; x_wconf 79' lang='grc' dir='ltr'>Ἃ</span> <span class='ocrx_word' id='word_1_596' title='bbox 2560 3893 2603 3946; x_wconf 87' lang='grc' dir='ltr'>δ’</span> <span class='ocrx_word' id='word_1_597' title='bbox 2633 3889 2727 3946; x_wconf 80' lang='grc' dir='ltr'>οὖν</span> <span class='ocrx_word' id='word_1_598' title='bbox 2763 3892 3066 3962; x_wconf 79' lang='grc' dir='ltr'>θαυμάζειν</span> <span class='ocrx_word' id='word_1_599' title='bbox 3095 3892 3272 3963; x_wconf 69' lang='grc' dir='ltr'>ἠξίου,</span> <span class='ocrx_word' id='word_1_600' title='bbox 3311 3897 3525 3958; x_wconf 83' lang='grc' dir='ltr'>τούτοις</span> <span class='ocrx_word' id='word_1_601' title='bbox 3557 3913 3678 3949; x_wconf 81' lang='grc' dir='ltr'>συν-</span> 
     </span>
    </p>
   </div>
   <div class='ocr_carea' id='block_1_85' title="bbox 2074 3985 3676 4065">
    <p class='ocr_par' dir='ltr' id='par_1_85' title="bbox 2074 3985 3676 4065">
     <span class='ocr_line' id='line_1_85' title="bbox 2074 3985 3676 4065; baseline 0 -27"><span class='ocrx_word' id='word_1_602' title='bbox 2074 3985 2341 4065; x_wconf 27' lang='grc' dir='ltr'>Ιτίθεσθαι</span> <span class='ocrx_word' id='word_1_603' title='bbox 2361 3985 2463 4038; x_wconf 83' lang='grc' dir='ltr'>οὐκ</span> <span class='ocrx_word' id='word_1_604' title='bbox 2485 3986 2751 4056; x_wconf 72' lang='grc' dir='ltr'>ἠνείχετοο</span> <span class='ocrx_word' id='word_1_605' title='bbox 2773 3985 2889 4037; x_wconf 81' lang='grc' dir='ltr'>ἀλλ’</span> <span class='ocrx_word' id='word_1_606' title='bbox 2908 3986 3119 4051; x_wconf 75' lang='grc' dir='ltr'>ἑωρᾶτο</span> <span class='ocrx_word' id='word_1_607' title='bbox 3146 3986 3244 4054; x_wconf 80' lang='grc' dir='ltr'>μὲν</span> <span class='ocrx_word' id='word_1_608' title='bbox 3266 3988 3407 4040; x_wconf 72' lang='grc' dir='ltr'>αὐτὸ</span> <span class='ocrx_word' id='word_1_609' title='bbox 3432 3989 3492 4041; x_wconf 80' lang='grc' dir='ltr'><strong>τὸ</strong></span> <span class='ocrx_word' id='word_1_610' title='bbox 3520 3986 3676 4054; x_wconf 77' lang='grc' dir='ltr'>σέϐας</span> 
     </span>
    </p>
   </div>
   <div class='ocr_carea' id='block_1_86' title="bbox 2098 4073 3676 4150">
    <p class='ocr_par' dir='ltr' id='par_1_86' title="bbox 2098 4073 3676 4150">
     <span class='ocr_line' id='line_1_86' title="bbox 2098 4073 3676 4150; baseline -0.002 -17"><span class='ocrx_word' id='word_1_611' title='bbox 2098 4079 2159 4133; x_wconf 81' lang='grc' dir='ltr'>οὔ</span> <span class='ocrx_word' id='word_1_612' title='bbox 2191 4080 2333 4132; x_wconf 73' lang='grc' dir='ltr'>πάνυ</span> <span class='ocrx_word' id='word_1_613' title='bbox 2357 4078 2676 4148; x_wconf 76' lang='grc' dir='ltr'>θαυμάζων,</span> <span class='ocrx_word' id='word_1_614' title='bbox 2704 4078 2854 4131; x_wconf 77' lang='grc' dir='ltr'>οὐδὲν</span> <span class='ocrx_word' id='word_1_615' title='bbox 2874 4079 2917 4130; x_wconf 87' lang='grc' dir='ltr'>δ’</span> <span class='ocrx_word' id='word_1_616' title='bbox 2941 4076 3034 4130; x_wconf 87' lang='grc' dir='ltr'>οὖν</span> <span class='ocrx_word' id='word_1_617' title='bbox 3055 4079 3204 4147; x_wconf 80' lang='grc' dir='ltr'>ὅμως</span> <span class='ocrx_word' id='word_1_618' title='bbox 3229 4073 3396 4150; x_wconf 80' lang='grc' dir='ltr'>ἧττον</span> <span class='ocrx_word' id='word_1_619' title='bbox 3423 4081 3517 4133; x_wconf 79' lang='grc' dir='ltr'><strong>καὶ</strong></span> <span class='ocrx_word' id='word_1_620' title='bbox 3542 4078 3676 4149; x_wconf 76' lang='grc' dir='ltr'>μετὰ</span> 
     </span>
    </p>
   </div>
   <div class='ocr_carea' id='block_1_87' title="bbox 2098 4167 3678 4243">
    <p class='ocr_par' dir='ltr' id='par_1_87' title="bbox 2098 4167 3678 4243">
     <span class='ocr_line' id='line_1_87' title="bbox 2098 4167 3678 4243; baseline 0.001 -21"><span class='ocrx_word' id='word_1_621' title='bbox 2098 4169 2260 4222; x_wconf 80' lang='grc' dir='ltr'>τοῦτο</span> <span class='ocrx_word' id='word_1_622' title='bbox 2290 4171 2388 4236; x_wconf 76' lang='grc' dir='ltr'>τὴν</span> <span class='ocrx_word' id='word_1_623' title='bbox 2423 4169 2602 4236; x_wconf 79' lang='grc' dir='ltr'>κακὴν</span> <span class='ocrx_word' id='word_1_624' title='bbox 2639 4167 2734 4232; x_wconf 69' lang='grc' dir='ltr'>τοῦ</span> <span class='ocrx_word' id='word_1_625' title='bbox 2773 4168 2991 4222; x_wconf 78' lang='grc' dir='ltr'>Σατανᾶ</span> <span class='ocrx_word' id='word_1_626' title='bbox 3026 4170 3325 4239; x_wconf 82' lang='grc' dir='ltr'>φυλάττειν</span> <span class='ocrx_word' id='word_1_627' title='bbox 3362 4188 3678 4243; x_wconf 81' lang='grc' dir='ltr'>παρακατα-</span> 
     </span>
    </p>
   </div>
   <div class='ocr_carea' id='block_1_88' title="bbox 2102 4257 3671 4332">
    <p class='ocr_par' dir='ltr' id='par_1_88' title="bbox 2102 4257 3671 4332">
     <span class='ocr_line' id='line_1_88' title="bbox 2102 4257 3671 4332; baseline 0 -21"><span class='ocrx_word' id='word_1_628' title='bbox 2102 4260 2278 4329; x_wconf 78' lang='grc' dir='ltr'>θήκην</span> <span class='ocrx_word' id='word_1_629' title='bbox 2310 4258 2630 4322; x_wconf 61' lang='grc' dir='ltr'>ἐσπούδαζε.</span> <span class='ocrx_word' id='word_1_630' title='bbox 2660 4257 2780 4310; x_wconf 88' lang='grc' dir='ltr'>Τῶν</span> <span class='ocrx_word' id='word_1_631' title='bbox 2809 4260 3182 4314; x_wconf 82' lang='grc' dir='ltr'>ἀτοπωτάτων</span> <span class='ocrx_word' id='word_1_632' title='bbox 3207 4261 3342 4332; x_wconf 67' lang='grc' dir='ltr'>γὰρ,</span> <span class='ocrx_word' id='word_1_633' title='bbox 3373 4263 3449 4325; x_wconf 86' lang='grc' dir='ltr'><strong>ὡς</strong></span> <span class='ocrx_word' id='word_1_634' title='bbox 3478 4262 3671 4325; x_wconf 80' lang='grc' dir='ltr'>ἔοικεν,</span> 
     </span>
    </p>
   </div>
   <div class='ocr_carea' id='block_1_89' title="bbox 2101 4343 3674 4424">
    <p class='ocr_par' dir='ltr' id='par_1_89' title="bbox 2101 4343 3674 4424">
     <span class='ocr_line' id='line_1_89' title="bbox 2101 4343 3674 4424; baseline -0.002 -20"><span class='ocrx_word' id='word_1_635' title='bbox 2101 4350 2348 4419; x_wconf 75' lang='grc' dir='ltr'>ἐνόμιζεν</span> <span class='ocrx_word' id='word_1_636' title='bbox 2380 4343 2544 4409; x_wconf 83' lang='grc' dir='ltr'>εἶναι.</span> <span class='ocrx_word' id='word_1_637' title='bbox 2577 4351 2625 4402; x_wconf 86' lang='grc' dir='ltr'><strong>εἰ</strong></span> <span class='ocrx_word' id='word_1_638' title='bbox 2660 4350 2718 4402; x_wconf 84' lang='grc' dir='ltr'><strong>ἐν</strong></span> <span class='ocrx_word' id='word_1_639' title='bbox 2767 4349 2908 4404; x_wconf 73' lang='grc' dir='ltr'>οὕτω</span> <span class='ocrx_word' id='word_1_640' title='bbox 2941 4351 3234 4421; x_wconf 80' lang='grc' dir='ltr'>βαθυτάτῳ</span> <span class='ocrx_word' id='word_1_641' title='bbox 3262 4354 3345 4424; x_wconf 85' lang='grc' dir='ltr'>τῷ</span> <span class='ocrx_word' id='word_1_642' title='bbox 3394 4354 3541 4423; x_wconf 75' lang='grc' dir='ltr'>γήρᾳ</span> <span class='ocrx_word' id='word_1_643' title='bbox 3584 4350 3674 4404; x_wconf 72' lang='grc' dir='ltr'>καὶ</span> 
     </span>
    </p>
   </div>
   <div class='ocr_carea' id='block_1_90' title="bbox 2099 4441 3738 4516">
    <p class='ocr_par' dir='ltr' id='par_1_90' title="bbox 2099 4441 3738 4516">
     <span class='ocr_line' id='line_1_90' title="bbox 2099 4441 3738 4516; baseline 0.02 -19"><span class='ocrx_word' id='word_1_644' title='bbox 2099 4445 2169 4513; x_wconf 77' lang='grc' dir='ltr'>τῇ</span> <span class='ocrx_word' id='word_1_645' title='bbox 2201 4442 2300 4510; x_wconf 80' lang='grc' dir='ltr'><strong>τῆς</strong></span> <span class='ocrx_word' id='word_1_646' title='bbox 2327 4441 2542 4512; x_wconf 83' lang='grc' dir='ltr'>φύσεως</span> <span class='ocrx_word' id='word_1_647' title='bbox 2574 4444 2842 4513; x_wconf 68' lang='grc' dir='ltr'>παρακμῇ</span> <span class='ocrx_word' id='word_1_648' title='bbox 2880 4445 2945 4496; x_wconf 73' lang='grc' dir='ltr'><strong>ἐκ</strong></span> <span class='ocrx_word' id='word_1_649' title='bbox 2975 4442 3055 4513; x_wconf 68' lang='grc'><strong>(4)</strong></span> <span class='ocrx_word' id='word_1_650' title='bbox 3093 4446 3189 4516; x_wconf 75' lang='grc' dir='ltr'><strong>τῆς</strong></span> <span class='ocrx_word' id='word_1_651' title='bbox 3220 4445 3450 4515; x_wconf 74' lang='grc' dir='ltr'><strong>πρώτης</strong></span> <span class='ocrx_word' id='word_1_652' title='bbox 3490 4444 3672 4503; x_wconf 66' lang='grc' dir='ltr'>ἀθεῖαί</span> <span class='ocrx_word' id='word_1_653' title='bbox 3735 4501 3738 4503; x_wconf 52' lang='grc' dir='ltr'><strong>λ</strong></span> 
     </span>
    </p>
   </div>
   <div class='ocr_carea' id='block_1_91' title="bbox 2052 4533 3676 4609">
    <p class='ocr_par' dir='ltr' id='par_1_91' title="bbox 2052 4533 3676 4609">
     <span class='ocr_line' id='line_1_91' title="bbox 2052 4533 3676 4609; baseline 0.001 -21"><span class='ocrx_word' id='word_1_654' title='bbox 2052 4595 2056 4604; x_wconf 38' lang='grc' dir='ltr'>ι</span> <span class='ocrx_word' id='word_1_655' title='bbox 2102 4536 2351 4604; x_wconf 78' lang='grc' dir='ltr'>ἐκσταίη.</span> <span class='ocrx_word' id='word_1_656' title='bbox 2381 4536 2488 4590; x_wconf 74' lang='grc' dir='ltr'><strong>Καὶ</strong></span> <span class='ocrx_word' id='word_1_657' title='bbox 2530 4538 2580 4590; x_wconf 84' lang='grc' dir='ltr'><strong>εί</strong></span> <span class='ocrx_word' id='word_1_658' title='bbox 2611 4536 2691 4590; x_wconf 85' lang='grc' dir='ltr'><strong>δεῖ</strong></span> <span class='ocrx_word' id='word_1_659' title='bbox 2732 4555 2798 4605; x_wconf 85' lang='grc' dir='ltr'><strong>με</strong></span> <span class='ocrx_word' id='word_1_660' title='bbox 2831 4538 2894 4592; x_wconf 82' lang='grc' dir='ltr'>τὸ</span> <span class='ocrx_word' id='word_1_661' title='bbox 2940 4540 3112 4606; x_wconf 81' lang='grc' dir='ltr'>τέλος,</span> <span class='ocrx_word' id='word_1_662' title='bbox 3145 4541 3229 4608; x_wconf 81' lang='grc' dir='ltr'><strong>ἐφ’</strong></span> <span class='ocrx_word' id='word_1_663' title='bbox 3257 4533 3304 4608; x_wconf 84' lang='grc' dir='ltr'>ᾧ</span> <span class='ocrx_word' id='word_1_664' title='bbox 3331 4543 3396 4609; x_wconf 81' lang='grc' dir='ltr'>δὴ</span> <span class='ocrx_word' id='word_1_665' title='bbox 3430 4540 3531 4608; x_wconf 86' lang='grc' dir='ltr'>τῆς</span> <span class='ocrx_word' id='word_1_666' title='bbox 3565 4539 3676 4590; x_wconf 85' lang='grc' dir='ltr'>δια-</span> 
     </span>
    </p>
   </div>
   <div class='ocr_carea' id='block_1_92' title="bbox 417 4610 1987 4702">
    <p class='ocr_par' dir='ltr' id='par_1_92' title="bbox 417 4632 1987 4702">
     <span class='ocr_line' id='line_1_92' title="bbox 417 4632 1987 4702; baseline -0.001 -14"><span class='ocrx_word' id='word_1_667' title='bbox 417 4633 754 4700; x_wconf 85' lang='lat' dir='ltr'><strong>carceribus,</strong></span> <span class='ocrx_word' id='word_1_668' title='bbox 780 4645 838 4689; x_wconf 90' lang='lat' dir='ltr'><strong>ut</strong></span> <span class='ocrx_word' id='word_1_669' title='bbox 865 4632 1038 4698; x_wconf 87' lang='lat' dir='ltr'><strong>aiunt,</strong></span> <span class='ocrx_word' id='word_1_670' title='bbox 1058 4633 1241 4701; x_wconf 88' lang='lat' dir='ltr'><strong>eloqui</strong></span> <span class='ocrx_word' id='word_1_671' title='bbox 1275 4641 1512 4702; x_wconf 89' lang='lat' dir='ltr'><strong>oportet,</strong></span> <span class='ocrx_word' id='word_1_672' title='bbox 1544 4647 1655 4687; x_wconf 89' lang='lat' dir='ltr'><strong>non</strong></span> <span class='ocrx_word' id='word_1_673' title='bbox 1687 4640 1859 4697; x_wconf 88' lang='lat' dir='ltr'><strong>tanto,</strong></span> <span class='ocrx_word' id='word_1_674' title='bbox 1879 4633 1987 4702; x_wconf 83' lang='lat' dir='ltr'><strong>opi—</strong></span> 
     </span>
    </p>
   </div>
   <div class='ocr_carea' id='block_1_93' title="bbox 2092 4610 3672 4702">
    <p class='ocr_par' dir='ltr' id='par_1_93' title="bbox 2100 4627 3672 4702">
     <span class='ocr_line' id='line_1_93' title="bbox 2100 4627 3672 4702; baseline -0.003 -20"><span class='ocrx_word' id='word_1_675' title='bbox 2100 4629 2300 4696; x_wconf 79' lang='grc' dir='ltr'>λέξεως</span> <span class='ocrx_word' id='word_1_676' title='bbox 2326 4628 2538 4699; x_wconf 79' lang='grc' dir='ltr'>ἔληξεν,</span> <span class='ocrx_word' id='word_1_677' title='bbox 2588 4629 2749 4690; x_wconf 74' lang='grc' dir='ltr'>εὐθὺς</span> <span class='ocrx_word' id='word_1_678' title='bbox 2799 4632 2862 4684; x_wconf 90' lang='grc' dir='ltr'><strong>ἐκ</strong></span> <span class='ocrx_word' id='word_1_679' title='bbox 2907 4632 3210 4700; x_wconf 74' lang='grc' dir='ltr'>προοιμίων</span> <span class='ocrx_word' id='word_1_680' title='bbox 3241 4634 3544 4702; x_wconf 81' lang='grc' dir='ltr'>ἀρχόμενον</span> <span class='ocrx_word' id='word_1_681' title='bbox 3583 4627 3672 4680; x_wconf 68' lang='grc' dir='ltr'>καὶ</span> 
     </span>
    </p>
   </div>
   <div class='ocr_carea' id='block_1_94' title="bbox 419 4725 1993 4796">
    <p class='ocr_par' dir='ltr' id='par_1_94' title="bbox 419 4725 1993 4796">
     <span class='ocr_line' id='line_1_94' title="bbox 419 4725 1993 4796; baseline -0.004 -12"><span class='ocrx_word' id='word_1_682' title='bbox 419 4743 540 4794; x_wconf 89' lang='lat' dir='ltr'><strong>nor,</strong></span> <span class='ocrx_word' id='word_1_683' title='bbox 564 4728 778 4783; x_wconf 62' lang='lat' dir='ltr'><strong>tuendae</strong></span> <span class='ocrx_word' id='word_1_684' title='bbox 795 4726 1077 4796; x_wconf 83' lang='lat' dir='ltr'><strong>religionis</strong></span> <span class='ocrx_word' id='word_1_685' title='bbox 1091 4726 1378 4782; x_wconf 83' lang='lat' dir='ltr'><strong>tenebatur</strong></span> <span class='ocrx_word' id='word_1_686' title='bbox 1389 4725 1684 4788; x_wconf 88' lang='lat' dir='ltr'><strong>desiderio,</strong></span> <span class='ocrx_word' id='word_1_687' title='bbox 1705 4732 1993 4794; x_wconf 82' lang='lat' dir='ltr'><strong>postquam</strong></span> 
     </span>
    </p>
   </div>
   <div class='ocr_carea' id='block_1_95' title="bbox 420 4815 1995 4890">
    <p class='ocr_par' dir='ltr' id='par_1_95' title="bbox 420 4815 1995 4890">
     <span class='ocr_line' id='line_1_95' title="bbox 420 4815 1995 4890; baseline -0.004 -16"><span class='ocrx_word' id='word_1_688' title='bbox 420 4819 635 4886; x_wconf 85' lang='lat' dir='ltr'><strong>saltem,</strong></span> <span class='ocrx_word' id='word_1_689' title='bbox 664 4834 786 4890; x_wconf 77' lang='lat' dir='ltr'><strong>quae</strong></span> <span class='ocrx_word' id='word_1_690' title='bbox 818 4816 1031 4882; x_wconf 89' lang='lat' dir='ltr'><strong>didicit,</strong></span> <span class='ocrx_word' id='word_1_691' title='bbox 1063 4816 1369 4881; x_wconf 84' lang='lat' dir='ltr'><strong>didicisset,</strong></span> <span class='ocrx_word' id='word_1_692' title='bbox 1409 4823 1618 4884; x_wconf 90' lang='lat' dir='ltr'><strong>quanto</strong></span> <span class='ocrx_word' id='word_1_693' title='bbox 1649 4815 1995 4879; x_wconf 85' lang='lat' dir='ltr'><strong>divitiarum,</strong></span> 
     </span>
    </p>
   </div>
   <div class='ocr_carea' id='block_1_96' title="bbox 420 4908 1999 4983">
    <p class='ocr_par' dir='ltr' id='par_1_96' title="bbox 420 4908 1999 4983">
     <span class='ocr_line' id='line_1_96' title="bbox 420 4908 1999 4983; baseline -0.003 -16"><span class='ocrx_word' id='word_1_694' title='bbox 420 4913 853 4983; x_wconf 86' lang='lat' dir='ltr'><strong>deliciarumque</strong></span> <span class='ocrx_word' id='word_1_695' title='bbox 882 4921 937 4967; x_wconf 89' lang='lat' dir='ltr'><strong>et</strong></span> <span class='ocrx_word' id='word_1_696' title='bbox 957 4911 1358 4982; x_wconf 68' lang='lat' dir='ltr'><strong>prazstigiarum</strong></span> <span class='ocrx_word' id='word_1_697' title='bbox 1400 4908 1526 4964; x_wconf 87' lang='lat' dir='ltr'><strong>inde</strong></span> <span class='ocrx_word' id='word_1_698' title='bbox 1549 4908 1852 4974; x_wconf 85' lang='lat' dir='ltr'><strong>ﬂuentium,</strong></span> <span class='ocrx_word' id='word_1_699' title='bbox 1875 4908 1999 4963; x_wconf 85' lang='lat' dir='ltr'><strong>vin-</strong></span> 
     </span>
    </p>
   </div>
   <div class='ocr_carea' id='block_1_97' title="bbox 421 5002 1997 5074">
    <p class='ocr_par' dir='ltr' id='par_1_97' title="bbox 421 5002 1997 5074">
     <span class='ocr_line' id='line_1_97' title="bbox 421 5002 1997 5074; baseline -0.001 -13"><span class='ocrx_word' id='word_1_700' title='bbox 421 5006 550 5061; x_wconf 90' lang='lat' dir='ltr'><strong>culo</strong></span> <span class='ocrx_word' id='word_1_701' title='bbox 580 5005 1078 5074; x_wconf 78' lang='lat' dir='ltr'><strong>constringebatur.</strong></span> <span class='ocrx_word' id='word_1_702' title='bbox 1105 5002 1317 5069; x_wconf 88' lang='lat' dir='ltr'><strong>Quibus</strong></span> <span class='ocrx_word' id='word_1_703' title='bbox 1349 5003 1515 5058; x_wconf 87' lang='lat' dir='ltr'><strong>rebus</strong></span> <span class='ocrx_word' id='word_1_704' title='bbox 1546 5003 1842 5059; x_wconf 77' lang='lat' dir='ltr'><strong>accedebat</strong></span> <span class='ocrx_word' id='word_1_705' title='bbox 1874 5017 1997 5060; x_wconf 87' lang='lat' dir='ltr'><strong>mo-</strong></span> 
     </span>
    </p>
   </div>
   <div class='ocr_carea' id='block_1_98' title="bbox 428 5094 2004 5164">
    <p class='ocr_par' dir='ltr' id='par_1_98' title="bbox 428 5094 2004 5164">
     <span class='ocr_line' id='line_1_98' title="bbox 428 5094 2004 5164; baseline -0.001 -12"><span class='ocrx_word' id='word_1_706' title='bbox 428 5099 564 5152; x_wconf 88' lang='lat' dir='ltr'><strong>lesta</strong></span> <span class='ocrx_word' id='word_1_707' title='bbox 595 5099 685 5153; x_wconf 90' lang='lat' dir='ltr'><strong>illa</strong></span> <span class='ocrx_word' id='word_1_708' title='bbox 713 5096 1066 5160; x_wconf 81' lang='lat' dir='ltr'><strong>verecundia,</strong></span> <span class='ocrx_word' id='word_1_709' title='bbox 1097 5109 1262 5164; x_wconf 90' lang='lat' dir='ltr'><strong>quam</strong></span> <span class='ocrx_word' id='word_1_710' title='bbox 1295 5108 1396 5164; x_wconf 80' lang='lat' dir='ltr'><strong>ego</strong></span> <span class='ocrx_word' id='word_1_711' title='bbox 1425 5094 1826 5163; x_wconf 68' lang='lat' dir='ltr'><strong>intempestiva:</strong></span> <span class='ocrx_word' id='word_1_712' title='bbox 1869 5114 2004 5154; x_wconf 78' lang='lat' dir='ltr'><strong>con-</strong></span> 
     </span>
    </p>
   </div>
   <div class='ocr_carea' id='block_1_99' title="bbox 426 5170 2005 5259">
    <p class='ocr_par' dir='ltr' id='par_1_99' title="bbox 426 5170 2005 5259">
     <span class='ocr_line' id='line_1_99' title="bbox 426 5170 2005 5259; baseline -0.001 -16"><span class='ocrx_word' id='word_1_713' title='bbox 426 5189 957 5243; x_wconf 65' lang='lat' dir='ltr'><strong>tentionis~matrem</strong></span> <span class='ocrx_word' id='word_1_714' title='bbox 1012 5184 1362 5255; x_wconf 87' lang='lat' dir='ltr'><strong>potissimum</strong></span> <span class='ocrx_word' id='word_1_715' title='bbox 1407 5183 1670 5250; x_wconf 76' lang='lat' dir='ltr'><strong>dixerim,</strong></span> <span class='ocrx_word' id='word_1_716' title='bbox 1740 5170 2005 5259; x_wconf 71' lang='lat' dir='ltr'><strong>vanmque</strong></span> 
     </span>
    </p>
   </div>
   <div class='ocr_carea' id='block_1_100' title="bbox 431 5276 2007 5350">
    <p class='ocr_par' dir='ltr' id='par_1_100' title="bbox 431 5276 2007 5350">
     <span class='ocr_line' id='line_1_100' title="bbox 431 5276 2007 5350; baseline 0.003 -18"><span class='ocrx_word' id='word_1_717' title='bbox 431 5281 619 5349; x_wconf 73' lang='lat' dir='ltr'><strong>gloriae</strong></span> <span class='ocrx_word' id='word_1_718' title='bbox 645 5279 914 5348; x_wconf 76' lang='lat' dir='ltr'><strong>deceptio,</strong></span> <span class='ocrx_word' id='word_1_719' title='bbox 947 5293 1054 5347; x_wconf 84' lang='lat' dir='ltr'><strong>qua</strong></span> <span class='ocrx_word' id='word_1_720' title='bbox 1098 5276 1232 5330; x_wconf 89' lang='lat' dir='ltr'><strong>nihil</strong></span> <span class='ocrx_word' id='word_1_721' title='bbox 1257 5285 1341 5331; x_wconf 87' lang='lat' dir='ltr'><strong>est</strong></span> <span class='ocrx_word' id='word_1_722' title='bbox 1381 5276 1614 5332; x_wconf 87' lang='lat' dir='ltr'><strong>validius</strong></span> <span class='ocrx_word' id='word_1_723' title='bbox 1647 5279 1712 5332; x_wconf 88' lang='lat' dir='ltr'><strong>ad</strong></span> <span class='ocrx_word' id='word_1_724' title='bbox 1743 5295 2007 5350; x_wconf 89' lang='lat' dir='ltr'><strong>superan-</strong></span> 
     </span>
    </p>
   </div>
   <div class='ocr_carea' id='block_1_101' title="bbox 432 5368 2010 5438">
    <p class='ocr_par' dir='ltr' id='par_1_101' title="bbox 432 5368 2010 5438">
     <span class='ocr_line' id='line_1_101' title="bbox 432 5368 2010 5438; baseline 0.003 -14"><span class='ocrx_word' id='word_1_725' title='bbox 432 5371 562 5424; x_wconf 91' lang='lat' dir='ltr'><strong>dum</strong></span> <span class='ocrx_word' id='word_1_726' title='bbox 597 5371 843 5424; x_wconf 85' lang='lat' dir='ltr'><strong>animum</strong></span> <span class='ocrx_word' id='word_1_727' title='bbox 867 5383 973 5422; x_wconf 92' lang='lat' dir='ltr'><strong>nou</strong></span> <span class='ocrx_word' id='word_1_728' title='bbox 999 5379 1147 5422; x_wconf 88' lang='lat' dir='ltr'><strong>recte</strong></span> <span class='ocrx_word' id='word_1_729' title='bbox 1180 5368 1559 5438; x_wconf 86' lang='lat' dir='ltr'><strong>philosophari</strong></span> <span class='ocrx_word' id='word_1_730' title='bbox 1585 5369 1876 5427; x_wconf 88' lang='lat' dir='ltr'><strong>scientem.</strong></span> <span class='ocrx_word' id='word_1_731' title='bbox 1913 5371 2010 5428; x_wconf 73' lang='lat' dir='ltr'><strong>llis</strong></span> 
     </span>
    </p>
   </div>
   <div class='ocr_carea' id='block_1_102' title="bbox 436 5460 2004 5532">
    <p class='ocr_par' dir='ltr' id='par_1_102' title="bbox 436 5460 2004 5532">
     <span class='ocr_line' id='line_1_102' title="bbox 436 5460 2004 5532; baseline -0.001 -15"><span class='ocrx_word' id='word_1_732' title='bbox 436 5464 576 5520; x_wconf 87' lang='lat' dir='ltr'><strong>adde</strong></span> <span class='ocrx_word' id='word_1_733' title='bbox 619 5477 826 5529; x_wconf 89' lang='lat' dir='ltr'><strong>mores,</strong></span> <span class='ocrx_word' id='word_1_734' title='bbox 858 5460 1062 5532; x_wconf 85' lang='lat' dir='ltr'><strong>quibus</strong></span> <span class='ocrx_word' id='word_1_735' title='bbox 1089 5470 1210 5516; x_wconf 87' lang='lat' dir='ltr'><strong>erat</strong></span> <span class='ocrx_word' id='word_1_736' title='bbox 1246 5460 1571 5526; x_wconf 86' lang='lat' dir='ltr'><strong>innutritus,</strong></span> <span class='ocrx_word' id='word_1_737' title='bbox 1611 5471 1667 5516; x_wconf 91' lang='lat' dir='ltr'><strong>et</strong></span> <span class='ocrx_word' id='word_1_738' title='bbox 1697 5461 2004 5528; x_wconf 87' lang='lat' dir='ltr'><strong>fortunam,</strong></span> 
     </span>
    </p>
   </div>
   <div class='ocr_carea' id='block_1_103' title="bbox 511 5623 2004 5696">
    <p class='ocr_par' dir='ltr' id='par_1_103' title="bbox 511 5623 2004 5696">
     <span class='ocr_line' id='line_1_103' title="bbox 511 5623 2004 5696; baseline -0.001 -14"><span class='ocrx_word' id='word_1_739' title='bbox 511 5627 592 5694; x_wconf 76' lang='grc'><strong>(1)</strong></span> <span class='ocrx_word' id='word_1_740' title='bbox 619 5626 960 5696; x_wconf 78' lang='lat' dir='ltr'><strong>Aristophan.</strong></span> <span class='ocrx_word' id='word_1_741' title='bbox 993 5625 1159 5692; x_wconf 85' lang='lat' dir='ltr'><strong>Plut.,</strong></span> <span class='ocrx_word' id='word_1_742' title='bbox 1181 5635 1286 5680; x_wconf 85' lang='lat' dir='ltr'><strong>act.</strong></span> <span class='ocrx_word' id='word_1_743' title='bbox 1305 5623 1483 5687; x_wconf 70' lang='lat' dir='ltr'><strong>&quot;,8c.</strong></span> <span class='ocrx_word' id='word_1_744' title='bbox 1511 5624 1701 5688; x_wconf 81' lang='lat' dir='ltr'><strong>V,vers</strong></span> <span class='ocrx_word' id='word_1_745' title='bbox 1719 5625 1843 5692; x_wconf 82' lang='lat'><strong>600,</strong></span> <span class='ocrx_word' id='word_1_746' title='bbox 1870 5629 2004 5696; x_wconf 71' lang='lat' dir='ltr'><strong>edit.</strong></span> 
     </span>
    </p>
   </div>
   <div class='ocr_carea' id='block_1_104' title="bbox 441 5696 1754 5766">
    <p class='ocr_par' dir='ltr' id='par_1_104' title="bbox 441 5696 1754 5766">
     <span class='ocr_line' id='line_1_104' title="bbox 441 5696 1754 5766; baseline -0.001 -15"><span class='ocrx_word' id='word_1_747' title='bbox 441 5698 668 5752; x_wconf 81' lang='lat' dir='ltr'><strong>Brnnck.</strong></span> <span class='ocrx_word' id='word_1_748' title='bbox 708 5699 924 5764; x_wconf 69' lang='lat' dir='ltr'><strong>Argent.</strong></span> <span class='ocrx_word' id='word_1_749' title='bbox 957 5698 1115 5759; x_wconf 75' lang='grc'>1785,</span> <span class='ocrx_word' id='word_1_750' title='bbox 1138 5697 1308 5766; x_wconf 60' lang='grc' dir='ltr'><strong>ὶηέδη</strong></span> <span class='ocrx_word' id='word_1_751' title='bbox 1337 5707 1378 5766; x_wconf 83' lang='lat' dir='ltr'><strong>t.</strong></span> <span class='ocrx_word' id='word_1_752' title='bbox 1403 5697 1440 5750; x_wconf 79' lang='grc' dir='ltr'>ί.</span> <span class='ocrx_word' id='word_1_753' title='bbox 1475 5713 1595 5766; x_wconf 82' lang='lat' dir='ltr'><strong>pag.</strong></span> <span class='ocrx_word' id='word_1_754' title='bbox 1628 5696 1754 5750; x_wconf 69' lang='grc'><strong>259.</strong></span> 
     </span>
    </p>
   </div>
   <div class='ocr_carea' id='block_1_105' title="bbox 511 5765 2004 5832">
    <p class='ocr_par' dir='ltr' id='par_1_105' title="bbox 511 5765 2004 5832">
     <span class='ocr_line' id='line_1_105' title="bbox 511 5765 2004 5832; baseline -0.001 -11"><span class='ocrx_word' id='word_1_755' title='bbox 511 5769 588 5829; x_wconf 70' lang='lat'><strong>(‘2‘)</strong></span> <span class='ocrx_word' id='word_1_756' title='bbox 631 5767 839 5822; x_wconf 64' lang='lat' dir='ltr'><strong>Aitian.</strong></span> <span class='ocrx_word' id='word_1_757' title='bbox 875 5766 996 5820; x_wconf 83' lang='lat' dir='ltr'><strong>Var.</strong></span> <span class='ocrx_word' id='word_1_758' title='bbox 1033 5766 1175 5822; x_wconf 69' lang='lat' dir='ltr'><strong>llist.</strong></span> <span class='ocrx_word' id='word_1_759' title='bbox 1199 5765 1294 5819; x_wconf 84' lang='lat' dir='ltr'><strong>lib.</strong></span> <span class='ocrx_word' id='word_1_760' title='bbox 1328 5765 1376 5830; x_wconf 90' lang='grc' dir='ltr'>Ι,</span> <span class='ocrx_word' id='word_1_761' title='bbox 1401 5785 1443 5819; x_wconf 87' lang='lat' dir='ltr'><strong>c.</strong></span> <span class='ocrx_word' id='word_1_762' title='bbox 1503 5765 1556 5821; x_wconf 66' lang='grc' dir='ltr'>ις</span> <span class='ocrx_word' id='word_1_763' title='bbox 1587 5767 1712 5820; x_wconf 81' lang='lat' dir='ltr'><strong>edit.</strong></span> <span class='ocrx_word' id='word_1_764' title='bbox 1749 5767 1956 5822; x_wconf 79' lang='lat' dir='ltr'><strong>Gronov</strong></span> <span class='ocrx_word' id='word_1_765' title='bbox 1992 5807 2004 5832; x_wconf 94' lang='lat'><strong>,</strong></span> 
     </span>
    </p>
   </div>
   <div class='ocr_carea' id='block_1_106' title="bbox 445 5836 1554 5905">
    <p class='ocr_par' dir='ltr' id='par_1_106' title="bbox 445 5836 1554 5905">
     <span class='ocr_line' id='line_1_106' title="bbox 445 5836 1554 5905; baseline 0.001 -17"><span class='ocrx_word' id='word_1_766' title='bbox 445 5840 612 5901; x_wconf 66' lang='lat' dir='ltr'><strong>anlt.</strong></span> <span class='ocrx_word' id='word_1_767' title='bbox 649 5837 771 5890; x_wconf 80' lang='lat' dir='ltr'><strong>But.</strong></span> <span class='ocrx_word' id='word_1_768' title='bbox 803 5837 959 5897; x_wconf 74' lang='grc'>1751,</span> <span class='ocrx_word' id='word_1_769' title='bbox 993 5840 1044 5891; x_wconf 79' lang='lat' dir='ltr'><strong>in</strong></span> <span class='ocrx_word' id='word_1_770' title='bbox 1066 5839 1113 5892; x_wconf 56' lang='lat'><strong>4</strong></span> <span class='ocrx_word' id='word_1_771' title='bbox 1143 5877 1156 5896; x_wconf 85' lang='lat'><strong>,</strong></span> <span class='ocrx_word' id='word_1_772' title='bbox 1180 5852 1303 5904; x_wconf 81' lang='lat' dir='ltr'><strong>pars</strong></span> <span class='ocrx_word' id='word_1_773' title='bbox 1341 5836 1392 5896; x_wconf 85' lang='grc'>1,</span> <span class='ocrx_word' id='word_1_774' title='bbox 1425 5855 1475 5905; x_wconf 77' lang='grc' dir='ltr'><strong>ι).</strong></span> <span class='ocrx_word' id='word_1_775' title='bbox 1505 5839 1554 5892; x_wconf 54' lang='lat' dir='ltr'><strong>vi.</strong></span> 
     </span>
    </p>
   </div>
   <div class='ocr_carea' id='block_1_107' title="bbox 519 5907 1248 5980">
    <p class='ocr_par' dir='ltr' id='par_1_107' title="bbox 519 5907 1248 5980">
     <span class='ocr_line' id='line_1_107' title="bbox 519 5907 1248 5980; baseline 0 -19"><span class='ocrx_word' id='word_1_776' title='bbox 519 5911 594 5980; x_wconf 57' lang='grc' dir='ltr'><strong>(ὅ)</strong></span> <span class='ocrx_word' id='word_1_777' title='bbox 630 5911 705 5962; x_wconf 74' lang='grc' dir='ltr'><strong>(Σο</strong></span> <span class='ocrx_word' id='word_1_778' title='bbox 727 5910 761 5962; x_wconf 79' lang='lat' dir='ltr'><strong>l.</strong></span> <span class='ocrx_word' id='word_1_779' title='bbox 793 5907 956 5963; x_wconf 73' lang='lat' dir='ltr'><strong>Coisl.</strong></span> <span class='ocrx_word' id='word_1_780' title='bbox 991 5909 1188 5963; x_wconf 89' lang='lat' dir='ltr'><strong>omittit</strong></span> <span class='ocrx_word' id='word_1_781' title='bbox 1220 5909 1248 5961; x_wconf 92' lang='grc' dir='ltr'><strong>δ</strong></span> 
     </span>
    </p>
   </div>
   <div class='ocr_carea' id='block_1_108' title="bbox 2102 4721 3722 4793">
    <p class='ocr_par' dir='ltr' id='par_1_108' title="bbox 2102 4721 3722 4793">
     <span class='ocr_line' id='line_1_108' title="bbox 2102 4721 3722 4793; baseline -0.004 -18"><span class='ocrx_word' id='word_1_782' title='bbox 2102 4723 2212 4775; x_wconf 73' lang='grc' dir='ltr'>ἀπὸ</span> <span class='ocrx_word' id='word_1_783' title='bbox 2249 4722 2515 4793; x_wconf 75' lang='grc' dir='ltr'>γραμμῆς</span> <span class='ocrx_word' id='word_1_784' title='bbox 2552 4722 2628 4791; x_wconf 74' lang='grc' dir='ltr'><strong>(ὅ)</strong></span> <span class='ocrx_word' id='word_1_785' title='bbox 2663 4722 2712 4789; x_wconf 85' lang='grc' dir='ltr'><strong>(ὃ</strong></span> <span class='ocrx_word' id='word_1_786' title='bbox 2759 4723 2945 4792; x_wconf 85' lang='grc' dir='ltr'>φασιν)</span> <span class='ocrx_word' id='word_1_787' title='bbox 2995 4722 3253 4786; x_wconf 76' lang='grc' dir='ltr'>ἐξειπεῖν’</span> <span class='ocrx_word' id='word_1_788' title='bbox 3285 4726 3350 4778; x_wconf 83' lang='grc' dir='ltr'>οὐ</span> <span class='ocrx_word' id='word_1_789' title='bbox 3401 4721 3671 4783; x_wconf 80' lang='grc' dir='ltr'>τοσοῦτον,</span> <span class='ocrx_word' id='word_1_790' title='bbox 3713 4779 3722 4788; x_wconf 31' lang='grc' dir='ltr'><em>Ι</em></span> 
     </span>
    </p>
   </div>
   <div class='ocr_carea' id='block_1_109' title="bbox 2102 4806 3671 4886">
    <p class='ocr_par' dir='ltr' id='par_1_109' title="bbox 2102 4806 3671 4886">
     <span class='ocr_line' id='line_1_109' title="bbox 2102 4806 3671 4886; baseline -0.006 -17"><span class='ocrx_word' id='word_1_791' title='bbox 2102 4810 2282 4884; x_wconf 81' lang='grc' dir='ltr'>οἶμαι,</span> <span class='ocrx_word' id='word_1_792' title='bbox 2339 4815 2437 4883; x_wconf 81' lang='grc' dir='ltr'><strong>τῆς</strong></span> <span class='ocrx_word' id='word_1_793' title='bbox 2495 4814 2793 4883; x_wconf 88' lang='grc' dir='ltr'>θρησκείας</span> <span class='ocrx_word' id='word_1_794' title='bbox 2825 4806 2983 4878; x_wconf 68' lang='grc' dir='ltr'>οὗτος</span> <span class='ocrx_word' id='word_1_795' title='bbox 3041 4817 3382 4868; x_wconf 79' lang='grc' dir='ltr'>ἀντεποιεῖτο</span> <span class='ocrx_word' id='word_1_796' title='bbox 3422 4814 3562 4886; x_wconf 71' lang='grc' dir='ltr'>μετὰ</span> <span class='ocrx_word' id='word_1_797' title='bbox 3615 4809 3671 4860; x_wconf 79' lang='grc' dir='ltr'>τὸ</span> 
     </span>
    </p>
   </div>
   <div class='ocr_carea' id='block_1_110' title="bbox 2075 4902 3671 4978">
    <p class='ocr_par' dir='ltr' id='par_1_110' title="bbox 2075 4902 3671 4978">
     <span class='ocr_line' id='line_1_110' title="bbox 2075 4902 3671 4978; baseline -0.006 -14"><span class='ocrx_word' id='word_1_798' title='bbox 2075 4961 2080 4964; x_wconf 88' lang='grc'>.</span> <span class='ocrx_word' id='word_1_799' title='bbox 2109 4907 2326 4978; x_wconf 87' lang='grc' dir='ltr'>μαθεῖν,</span> <span class='ocrx_word' id='word_1_800' title='bbox 2359 4904 2395 4960; x_wconf 79' lang='grc' dir='ltr'>ἃ</span> <span class='ocrx_word' id='word_1_801' title='bbox 2428 4906 2504 4977; x_wconf 66' lang='lat'><strong>(6)</strong></span> <span class='ocrx_word' id='word_1_802' title='bbox 2544 4906 2888 4975; x_wconf 81' lang='grc' dir='ltr'>μεμάθηκεν,</span> <span class='ocrx_word' id='word_1_803' title='bbox 2930 4907 3056 4959; x_wconf 87' lang='grc' dir='ltr'>ὅσον</span> <span class='ocrx_word' id='word_1_804' title='bbox 3093 4909 3376 4976; x_wconf 85' lang='grc' dir='ltr'>ἐδεσμεῖτο</span> <span class='ocrx_word' id='word_1_805' title='bbox 3407 4907 3485 4977; x_wconf 82' lang='grc' dir='ltr'>τῷ</span> <span class='ocrx_word' id='word_1_806' title='bbox 3513 4902 3671 4958; x_wconf 83' lang='grc' dir='ltr'>πλού-</span> 
     </span>
    </p>
   </div>
   <div class='ocr_carea' id='block_1_111' title="bbox 2101 4996 3668 5070">
    <p class='ocr_par' dir='ltr' id='par_1_111' title="bbox 2101 4996 3668 5070">
     <span class='ocr_line' id='line_1_111' title="bbox 2101 4996 3668 5070; baseline -0.005 -18"><span class='ocrx_word' id='word_1_807' title='bbox 2101 5016 2202 5069; x_wconf 86' lang='grc' dir='ltr'><strong>τῳ,</strong></span> <span class='ocrx_word' id='word_1_808' title='bbox 2232 4999 2326 5052; x_wconf 74' lang='grc' dir='ltr'>καὶ</span> <span class='ocrx_word' id='word_1_809' title='bbox 2367 5001 2486 5061; x_wconf 88' lang='grc' dir='ltr'>ταῖς</span> <span class='ocrx_word' id='word_1_810' title='bbox 2514 4997 2619 5050; x_wconf 74' lang='grc' dir='ltr'><strong>ἀπὸ</strong></span> <span class='ocrx_word' id='word_1_811' title='bbox 2659 4999 2849 5052; x_wconf 88' lang='grc' dir='ltr'>τούτου</span> <span class='ocrx_word' id='word_1_812' title='bbox 2894 5000 3126 5070; x_wconf 79' lang='grc' dir='ltr'>τρυφαῖς</span> <span class='ocrx_word' id='word_1_813' title='bbox 3163 5002 3258 5052; x_wconf 84' lang='grc' dir='ltr'>καὶ</span> <span class='ocrx_word' id='word_1_814' title='bbox 3296 4996 3668 5068; x_wconf 78' lang='grc' dir='ltr'>μαγγανείαις.</span> 
     </span>
    </p>
   </div>
   <div class='ocr_carea' id='block_1_112' title="bbox 2107 5085 3670 5163">
    <p class='ocr_par' dir='ltr' id='par_1_112' title="bbox 2107 5085 3670 5163">
     <span class='ocr_line' id='line_1_112' title="bbox 2107 5085 3670 5163; baseline -0.006 -18"><span class='ocrx_word' id='word_1_815' title='bbox 2107 5092 2325 5163; x_wconf 85' lang='grc' dir='ltr'>Προσῆν</span> <span class='ocrx_word' id='word_1_816' title='bbox 2348 5091 2407 5144; x_wconf 77' lang='grc' dir='ltr'>δὲ</span> <span class='ocrx_word' id='word_1_817' title='bbox 2451 5091 2544 5144; x_wconf 77' lang='grc' dir='ltr'>καὶ</span> <span class='ocrx_word' id='word_1_818' title='bbox 2585 5091 2646 5143; x_wconf 76' lang='grc' dir='ltr'>τὸ</span> <span class='ocrx_word' id='word_1_819' title='bbox 2676 5093 2982 5161; x_wconf 88' lang='grc' dir='ltr'>πρόσαντες</span> <span class='ocrx_word' id='word_1_820' title='bbox 3007 5091 3109 5160; x_wconf 79' lang='grc' dir='ltr'>τῆς</span> <span class='ocrx_word' id='word_1_821' title='bbox 3148 5091 3434 5161; x_wconf 71' lang='grc' dir='ltr'>αἰσχύνης,</span> <span class='ocrx_word' id='word_1_822' title='bbox 3461 5089 3527 5159; x_wconf 83' lang='grc' dir='ltr'>ἢν</span> <span class='ocrx_word' id='word_1_823' title='bbox 3565 5085 3670 5158; x_wconf 85' lang='grc' dir='ltr'>ἐγὼ</span> 
     </span>
    </p>
   </div>
   <div class='ocr_carea' id='block_1_113' title="bbox 2108 5177 3669 5253">
    <p class='ocr_par' dir='ltr' id='par_1_113' title="bbox 2108 5177 3669 5253">
     <span class='ocr_line' id='line_1_113' title="bbox 2108 5177 3669 5253; baseline -0.005 -17"><span class='ocrx_word' id='word_1_824' title='bbox 2108 5183 2276 5253; x_wconf 77' lang='grc' dir='ltr'>φαίην</span> <span class='ocrx_word' id='word_1_825' title='bbox 2309 5182 2374 5236; x_wconf 81' lang='grc' dir='ltr'>ἂν</span> <span class='ocrx_word' id='word_1_826' title='bbox 2407 5181 2643 5252; x_wconf 76' lang='grc' dir='ltr'>μάλιστα</span> <span class='ocrx_word' id='word_1_827' title='bbox 2680 5182 2899 5235; x_wconf 84' lang='grc' dir='ltr'>πάντων</span> <span class='ocrx_word' id='word_1_828' title='bbox 2931 5177 3071 5236; x_wconf 81' lang='grc' dir='ltr'>εἶναι</span> <span class='ocrx_word' id='word_1_829' title='bbox 3102 5182 3277 5252; x_wconf 76' lang='grc' dir='ltr'>ἔριδος</span> <span class='ocrx_word' id='word_1_830' title='bbox 3307 5181 3536 5249; x_wconf 78' lang='grc' dir='ltr'>ἀκαίρου</span> <span class='ocrx_word' id='word_1_831' title='bbox 3570 5191 3669 5245; x_wconf 78' lang='grc' dir='ltr'>μη-</span> 
     </span>
    </p>
   </div>
   <div class='ocr_carea' id='block_1_114' title="bbox 2107 5261 3668 5344">
    <p class='ocr_par' dir='ltr' id='par_1_114' title="bbox 2107 5261 3668 5344">
     <span class='ocr_line' id='line_1_114' title="bbox 2107 5261 3668 5344; baseline -0.011 -16"><span class='ocrx_word' id='word_1_832' title='bbox 2107 5272 2266 5344; x_wconf 78' lang='grc' dir='ltr'>τέρα·</span> <span class='ocrx_word' id='word_1_833' title='bbox 2296 5273 2389 5325; x_wconf 75' lang='grc' dir='ltr'>καὶ</span> <span class='ocrx_word' id='word_1_834' title='bbox 2417 5273 2451 5343; x_wconf 78' lang='grc' dir='ltr'>ἠ</span> <span class='ocrx_word' id='word_1_835' title='bbox 2485 5271 2594 5324; x_wconf 84' lang='grc' dir='ltr'><strong>ἀπὸ</strong></span> <span class='ocrx_word' id='word_1_836' title='bbox 2625 5271 2726 5339; x_wconf 82' lang='grc' dir='ltr'>τῆς</span> <span class='ocrx_word' id='word_1_837' title='bbox 2759 5271 2994 5339; x_wconf 84' lang='grc' dir='ltr'>ματαίας</span> <span class='ocrx_word' id='word_1_838' title='bbox 3017 5269 3176 5339; x_wconf 81' lang='grc' dir='ltr'>δόξης</span> <span class='ocrx_word' id='word_1_839' title='bbox 3201 5269 3408 5339; x_wconf 83' lang='grc' dir='ltr'>ἀπάτη,</span> <span class='ocrx_word' id='word_1_840' title='bbox 3436 5261 3502 5336; x_wconf 77' lang='grc' dir='ltr'>ἧς</span> <span class='ocrx_word' id='word_1_841' title='bbox 3524 5262 3668 5315; x_wconf 81' lang='grc' dir='ltr'>οὐδὲν</span> 
     </span>
    </p>
   </div>
   <div class='ocr_carea' id='block_1_115' title="bbox 2108 5349 3667 5434">
    <p class='ocr_par' dir='ltr' id='par_1_115' title="bbox 2108 5349 3667 5434">
     <span class='ocr_line' id='line_1_115' title="bbox 2108 5349 3667 5434; baseline -0.006 -14"><span class='ocrx_word' id='word_1_842' title='bbox 2108 5365 2412 5434; x_wconf 88' lang='grc' dir='ltr'>δεινότερον</span> <span class='ocrx_word' id='word_1_843' title='bbox 2466 5362 2853 5434; x_wconf 85' lang='grc' dir='ltr'>περιγενέσθαι</span> <span class='ocrx_word' id='word_1_844' title='bbox 2900 5362 3081 5432; x_wconf 83' lang='grc' dir='ltr'>ψυχῆς</span> <span class='ocrx_word' id='word_1_845' title='bbox 3119 5363 3194 5432; x_wconf 81' lang='grc' dir='ltr'>μὴ</span> <span class='ocrx_word' id='word_1_846' title='bbox 3245 5359 3426 5421; x_wconf 85' lang='grc' dir='ltr'>καλῶς</span> <span class='ocrx_word' id='word_1_847' title='bbox 3477 5349 3667 5411; x_wconf 70' lang='grc' dir='ltr'>εἰδυίας</span> 
     </span>
    </p>
   </div>
   <div class='ocr_carea' id='block_1_116' title="bbox 2114 5441 3666 5532">
    <p class='ocr_par' dir='ltr' id='par_1_116' title="bbox 2114 5441 3666 5532">
     <span class='ocr_line' id='line_1_116' title="bbox 2114 5441 3666 5532; baseline -0.01 -17"><span class='ocrx_word' id='word_1_848' title='bbox 2114 5462 2450 5532; x_wconf 78' lang='grc' dir='ltr'>φιλοσοφεῖν.</span> <span class='ocrx_word' id='word_1_849' title='bbox 2482 5460 2591 5513; x_wconf 67' lang='lat' dir='ltr'><strong>Kal.</strong></span> <span class='ocrx_word' id='word_1_850' title='bbox 2619 5458 2757 5530; x_wconf 85' lang='grc' dir='ltr'>πρός</span> <span class='ocrx_word' id='word_1_851' title='bbox 2786 5473 2850 5526; x_wconf 83' lang='grc' dir='ltr'><strong>γε</strong></span> <span class='ocrx_word' id='word_1_852' title='bbox 2885 5456 2985 5527; x_wconf 78' lang='grc' dir='ltr'>μὲν</span> <span class='ocrx_word' id='word_1_853' title='bbox 3007 5455 3068 5510; x_wconf 86' lang='grc' dir='ltr'><strong>τδ</strong></span> <span class='ocrx_word' id='word_1_854' title='bbox 3097 5456 3392 5527; x_wconf 67' lang='grc' dir='ltr'>σύντροφον</span> <span class='ocrx_word' id='word_1_855' title='bbox 3422 5450 3559 5513; x_wconf 76' lang='grc' dir='ltr'>ἔθος,</span> <span class='ocrx_word' id='word_1_856' title='bbox 3578 5441 3666 5497; x_wconf 75' lang='grc' dir='ltr'>καὶ</span> 
     </span>
    </p>
   </div>
   <div class='ocr_carea' id='block_1_117' title="bbox 2191 5624 2987 5694">
    <p class='ocr_par' dir='ltr' id='par_1_117' title="bbox 2191 5624 2987 5694">
     <span class='ocr_line' id='line_1_117' title="bbox 2191 5624 2987 5694; baseline 0.001 -15"><span class='ocrx_word' id='word_1_857' title='bbox 2191 5627 2268 5694; x_wconf 61' lang='grc'><strong>(4)</strong></span> <span class='ocrx_word' id='word_1_858' title='bbox 2312 5626 2408 5680; x_wconf 85' lang='grc' dir='ltr'>Ἐκ</span> <span class='ocrx_word' id='word_1_859' title='bbox 2440 5627 2591 5681; x_wconf 84' lang='lat' dir='ltr'><strong>deest</strong></span> <span class='ocrx_word' id='word_1_860' title='bbox 2623 5626 2676 5678; x_wconf 91' lang='lat' dir='ltr'><strong>in</strong></span> <span class='ocrx_word' id='word_1_861' title='bbox 2710 5624 2751 5680; x_wconf 88' lang='lat' dir='ltr'>C</span> <span class='ocrx_word' id='word_1_862' title='bbox 2782 5624 2838 5678; x_wconf 92' lang='lat' dir='ltr'><strong>d.</strong></span> <span class='ocrx_word' id='word_1_863' title='bbox 2873 5640 2987 5689; x_wconf 72' lang='lat' dir='ltr'><strong>reg.</strong></span> 
     </span>
    </p>
   </div>
   <div class='ocr_carea' id='block_1_118' title="bbox 2189 5693 3690 5781">
    <p class='ocr_par' dir='ltr' id='par_1_118' title="bbox 2189 5693 3690 5781">
     <span class='ocr_line' id='line_1_118' title="bbox 2189 5693 3690 5781; baseline 0.003 -33"><span class='ocrx_word' id='word_1_864' title='bbox 2189 5693 2630 5781; x_wconf 48' lang='lat' dir='ltr'><strong>(5)3r0t~erbior.</strong></span> <span class='ocrx_word' id='word_1_865' title='bbox 2665 5694 2877 5749; x_wconf 88' lang='lat' dir='ltr'><strong>Erasm.</strong></span> <span class='ocrx_word' id='word_1_866' title='bbox 2922 5693 3152 5750; x_wconf 60' lang='lat' dir='ltr'><strong>Cluiliad.</strong></span> <span class='ocrx_word' id='word_1_867' title='bbox 3177 5693 3220 5760; x_wconf 87' lang='grc'>1,</span> <span class='ocrx_word' id='word_1_868' title='bbox 3255 5693 3406 5749; x_wconf 83' lang='lat' dir='ltr'><strong>Cent.</strong></span> <span class='ocrx_word' id='word_1_869' title='bbox 3449 5703 3520 5753; x_wconf 78' lang='lat' dir='ltr'><strong>vl,</strong></span> <span class='ocrx_word' id='word_1_870' title='bbox 3550 5697 3690 5781; x_wconf 59' lang='lat' dir='ltr'><strong>No&quot;</strong></span> 
     </span>
    </p>
   </div>
   <div class='ocr_carea' id='block_1_119' title="bbox 2117 5768 2898 5908">
    <p class='ocr_par' dir='ltr' id='par_1_119' title="bbox 2117 5768 2898 5908">
     <span class='ocr_line' id='line_1_119' title="bbox 2117 5768 2546 5823; baseline -0.009 0"><span class='ocrx_word' id='word_1_871' title='bbox 2117 5770 2253 5823; x_wconf 72' lang='lat' dir='ltr'><strong>vcrb.</strong></span> <span class='ocrx_word' id='word_1_872' title='bbox 2283 5768 2371 5821; x_wconf 85' lang='lat'><strong>57.</strong></span> <span class='ocrx_word' id='word_1_873' title='bbox 2543 5809 2546 5813; x_wconf 93' lang='lat'><strong>.</strong></span> 
     </span>
     <span class='ocr_line' id='line_1_120' title="bbox 2192 5836 2898 5908; baseline -0.003 -16"><span class='ocrx_word' id='word_1_874' title='bbox 2192 5840 2265 5908; x_wconf 77' lang='lat'><strong>(‘5)</strong></span> <span class='ocrx_word' id='word_1_875' title='bbox 2312 5840 2377 5890; x_wconf 78' lang='grc' dir='ltr'>Ἀ</span> <span class='ocrx_word' id='word_1_876' title='bbox 2414 5836 2560 5892; x_wconf 70' lang='lat' dir='ltr'><strong>deest</strong></span> <span class='ocrx_word' id='word_1_877' title='bbox 2594 5837 2645 5890; x_wconf 87' lang='lat' dir='ltr'><strong>in</strong></span> <span class='ocrx_word' id='word_1_878' title='bbox 2673 5836 2898 5891; x_wconf 72' lang='lat' dir='ltr'><strong>Cnislin.</strong></span> 
     </span>
    </p>
   </div>
  </div>
