3972 6440
277 314 376 376 Ῑὲθ

1322 311 1641 373 DHLOGI
1675 311 1842 370 CUM
1877 310 2156 379 MOHAM
2174 311 2441 375 ETANO,

3435 311 3540 380 1·ῖο

273 432 352 491 τὸ,
382 429 440 483 τδ
473 430 631 498 γένος
662 419 856 499 ἐκείνῳ
886 427 986 498 μὲν
1018 427 1290 498 εὐτυχεῖν,
1326 429 1461 498 ἡμῖν
1497 427 1553 495 δὲ
1589 427 1682 481 νῦν
1715 425 1847 478 δυσ-

1962 441 2058 494 qua
2091 427 2269 494 gentis
2300 427 2448 480 illius
2483 424 2736 480 homines
2759 440 3017 496 prospera
3045 435 3297 494 utuntur,
3315 445 3417 485 nos
3444 439 3540 482 ait.

275 526 525 594 πραγείψ
550 523 588 578 ἃ
612 523 676 594 δὴ
711 524 888 577 παντα
928 521 1030 593 τὴν
1076 521 1291 573 ἐκείνου
1317 520 1546 588 γνώμην
1575 517 1849 573 ἁνθεῖλκε.

275 622 477 689 Χεῖρας
507 619 618 688 γὰρ
649 620 746 692 καὶ
772 607 939 680 πόδας
972 615 1070 686 (ὼς
1103 616 1170 670 ἂν
1212 615 1356 676 εἷποι
1387 612 1495 680 τις)
1539 611 1850 680 δεδεμένος,

272 714 382 775 τοῖς
417 711 758 783 εἰρημένοις,
785 703 859 764 ὧν
892 707 1137 785 μὲνρλίαν
1161 707 1433 781 κατέγνω,
1459 705 1671 764 τούτοις
1695 699 1854 766 αὖθις
1892 734 1895 735 ν

272 805 552 874 ἐνέμενεν·
579 803 615 857 ἃ.
643 803 688 856 δ’
711 801 900 874 ἐπῄνει
924 801 1042 864 πῶς
1067 801 1170 854 οίει
1199 799 1298 869 (Ι),
1325 799 1420 851 καὶ
1449 797 1540 854 διὰ
1569 795 1854 867 θαύματος

270 892 394 965 ἦγε,
430 898 527 948 καὶ
563 895 663 962 τῆς
713 892 950 964 ἀληθοῦς
990 892 1211 964 μερίδος
1263 892 1378 954 τοῖς
1428 890 1575 954 ὅλοις
1608 887 1852 958 νομίζων

273 990 551 1058 ἐφαίνετο,
583 986 672 1040 ἐπ’
700 986 841 1040 αὐτὰ
891 983 1137 1057 βαδίζειν
1169 985 1324 1053 ὅμως
1374 984 1474 1054 οὐχ
1507 980 1619 1046 οἷός
1649 982 1698 1036 τ’
1729 979 1798 1055 ἦν
1825 984 1854 1037 ὀ

274 1082 521 1152 σχέτλιος
551 1079 754 1152 γέρων.
791 1079 884 1142 Ὠς
917 1079 1028 1148 γὰρ
1061 1077 1235 1140 ἔοικε,
1268 1077 1563 1147 κακοδοξίᾳ
1597 1076 1855 1142 καθάπαξ

273 1175 621 1245 αἰχμάλωτος
671 1170 934 1246 γεγονὼς,
993 1172 1092 1242 οὐχ
1145 1170 1182 1226 ἃ
1245 1170 1529 1241 προείλετο
1589 1170 1854 1240 πράττειν

275 1270 466 1338 κύριος
489 1261 577 1336 ἦν·
609 1267 656 1318 εἱ
689 1264 744 1326 δὲ
779 1263 986 1332 βούλει,
1022 1265 1124 1334 τῆς
1155 1262 1395 1332 ἀληθοῦς
1430 1261 1746 1333 ἐλευθερίας
1777 1261 1853 1334 μὴ

275 1359 629 1427 γεγευμένος,
661 1355 772 1408 οὐδ’
801 1356 926 1408 ὅσον
953 1349 1022 1426 ἦν
1053 1351 1378 1424 γιγνόμενον
1411 1353 1512 1425 (2),
1540 1353 1652 1406 οὐδ’
1683 1354 1856 1423 ἐγγὺς

256 1450 459 1502 ’ποθῶν
496 1448 699 1519 ταύτην
729 1441 818 1520 ἦν.
845 1447 1029 1511 Ὅθεν,
1061 1447 1200 1518 ὅπερ
1242 1447 1415 1520 ἔφθην
1444 1446 1640 1510 εἰπὼν,
1674 1448 1859 1502 κινδυ-

276 1542 421 1594 νεύει
455 1541 651 1611 μικροῦ
699 1538 812 1593 δεῖν
843 1539 1036 1612 εὔηθες
1083 1535 1226 1593 εἶναι
1272 1541 1473 1603 δοκεῖν,
1509 1538 1855 1608 διαλέγεσθαι

277 1637 410 1706 περὶ
439 1637 536 1702 τῆς
568 1633 678 1686 τῶν
715 1630 976 1702 Τούρκων
1004 1630 1264 1695 ἀσεϐείας
1293 1631 1519 1686 καὶτῶν
1547 1629 1679 1700 παρ’
1711 1629 1857 1682 ἐκεί·
1900 1655 1906 1661 ι

1958 533 2112 572 versa
2144 537 2158 572 :
2213 534 2334 587 quae
2366 529 2519 574 certe
2549 520 2734 573 omnia
2761 525 2879 588 ejus
2911 520 3154 574 animum
3205 521 3272 577 ad
3321 523 3543 578 diversa

1956 611 2332 666 retrahebant.
2355 610 2639 680 Siquidem
2660 613 2917 667 manibus
2935 614 3275 684 pedibusque
3297 615 3545 686 (utqtt's-

1957 703 2102 773 piatn
2137 702 2374 773 dixeret)
2422 704 2663 769 vinctus,
2698 719 2761 759 ex
2792 703 2953 760 dictis
2983 721 3106 776 quae
3127 707 3347 777 quidem
3381 711 3543 764 valde

1953 797 2272 861 damnabat,
2291 797 2486 853 iisdem
2514 797 2876 852 nihilominus
2896 799 3197 854 inhmrebat
3223 819 3236 855 :
3261 816 3382 870 quac
3412 818 3541 857 vero

1955 887 2096 943 mire
2141 887 2401 944 laudabat
2451 888 2963 959 admirabaturque,
3005 893 3374 962 omnibusque
3411 909 3536 948 veru

1954 993 2018 1034 ea
2051 991 2175 1036 esse
2199 979 2457 1035 arbitrari
2486 979 2800 1047 videbatur,
2833 981 2900 1034 ad
2933 996 2996 1036 ea
3045 991 3226 1037 tamen
3271 985 3538 1040 accedere

1957 1070 2125 1128 miser
2154 1070 2244 1125 ille
2263 1083 2432 1126 senex
2457 1086 2568 1126 non
2592 1073 2792 1141 potuit.
2823 1072 2984 1140 Nam,
3022 1081 3082 1126 ut
3109 1072 3403 1128 verisimile
3432 1089 3536 1139 est,

1955 1177 2138 1232 prava:
2169 1162 2415 1233 epinioui
2450 1163 2620 1218 semel
2653 1164 3024 1231 mancipatus,
3051 1163 3174 1228 ejus
3197 1165 3343 1234 quod
3377 1167 3542 1220 vellet

1955 1256 2191 1311 faciendi
2234 1265 2558 1325 potestatem
2606 1272 2716 1310 non
2757 1257 3031 1311 habebat:
3082 1267 3196 1322 aut,
3241 1257 3287 1313 si
3341 1258 3538 1324 mavis,

1957 1362 2140 1403 veram
2171 1343 2477 1403 libertatem
2505 1364 2629 1403 cum
2661 1364 2942 1419 nunquam
2974 1359 3270 1418 gustasset,
3309 1349 3540 1404 multum

1957 1441 2150 1496 aberat
2182 1449 2240 1495 ut
2261 1457 2381 1496 cam
2413 1451 2677 1511 quantum
2705 1457 2804 1512 par
2825 1453 2945 1497 erat
2975 1443 3330 1498 desideraret.
3363 1443 3538 1511 Unde,

1956 1533 2103 1602 quod
2129 1531 2243 1601 jatn
2270 1532 2616 1603 dixi,parutn
2645 1533 2784 1589 forte
2809 1534 2968 1588 abest
2995 1534 3126 1604 quin
3147 1534 3391 1605 ineptum
3417 1551 3542 1591 esse

1957 1625 2229 1688 videatur,
2266 1625 2335 1680 de
2380 1625 2690 1681 Turcarum
2741 1626 3022 1694 impietate
3057 1628 3386 1698 illorutnque
3423 1631 3544 1698 cpi-

274 1745 386 1789 νοις
433 1723 747 1796 δογμάτων,
783 1718 860 1780 ὧν
913 1723 975 1777 τὸ
1031 1725 1286 1794 κρεῖττον
1332 1722 1417 1778 ὅτι
1473 1737 1584 1793 περ
1636 1721 1853 1791 γέλωτα

1962 1716 2218 1770 nionibus
2251 1716 2511 1786 colloqui,
2566 1732 2693 1787 quae
2742 1718 2876 1772 nihil
2913 1717 3118 1774 habent
3163 1713 3535 1790 prtestantius,

276 1821 582 1890 παρασχεῖν
617 1816 779 1872 ίκανὰ
816 1819 928 1881 τοίς
961 1816 1278 1873 ἀκούουσιν.

861 1931 1266 1988 ΠΡΟΟΙΜΙΟΝ.
1461 2011 1468 2019 ⁸

342 2029 415 2086 α’.
448 2029 523 2083 Τὸ
553 2027 656 2099 μὲν
683 2023 780 2082 οὖν
803 2025 903 2097 τὴν
929 2025 1296 2096 παραπλῆγος
1341 2023 1590 2094 Μωάμεθ
1631 2021 1852 2093 ἐξελέγ-

260 2141 390 2193 ,γειν
427 2121 628 2190 μανίαν
657 2117 898 2188 σπουδὴν
929 2119 1080 2188 ἡμᾶς
1118 2116 1216 2170 νῦν
1245 2115 1544 2183 ποιεῖσθαι,
1579 2116 1720 2180 ὅλως
1760 2133 1853 2186 μοι

1955 1822 2120 1878 quam
2144 1807 2290 1878 quod
2312 1809 2486 1863 ris‘um
2511 1810 2864 1864 audientibus
2891 1811 3100 1880 possint
3130 1813 3398 1882 pra-bere.

2552 1919 2946 1977 PRASFATIO.

2029 2012 2080 2066 1.
2119 2009 2310 2081 Itaque
2344 2011 2532 2066 vesani
2568 2012 2893 2068 Mahometis
2937 2015 3180 2068 furorem
3215 2015 3545 2085 redarguere

1957 2111 2105 2159 nunc
2137 2107 2352 2169 conari,
2389 2119 2858 2175 supervacaneum
2889 2120 3115 2174 prorsus
3141 2123 3264 2180 esse
3304 2109 3434 2163 mihi
3466 2113 3544 2163 vi-

278 2216 424 2268 δοκετ
450 2213 747 2284 περίεργον
787 2206 952 2276 εἶναι,
985 2210 1175 2280 ἐπειδὴ
1225 2210 1322 2262 καὶ
1373 2210 1475 2263 οὐκ
1528 2209 1702 2278 ὀλίγοι
1732 2225 1854 2262 του-

1962 2196 2140 2260 detur,
2165 2196 2424 2266 quoniam
2463 2195 2566 2250 hoc
2599 2196 2837 2250 stadium
2864 2196 2977 2264 jam
3028 2207 3186 2254 antea
3228 2216 3338 2255 non
3383 2203 3542 2273 pauci

287 2310 388 2360 τονὶ
442 2306 538 2360 τὸν
591 2305 808 2361 δίαυλον
859 2304 1108 2376 ἔφθησαν
1153 2303 1440 2375 ἠνμκότεςο
1468 2305 1528 2358 ἐν
1581 2299 1664 2367 οἷς
1701 2304 1798 2360 καὶ
1826 2303 1855 2357 ὁ

284 2402 556 2464 θειότατος
584 2400 809 2463 πάππος
839 2400 996 2470 ἡμῖν,
1027 2399 1056 2452 ὁ
1089 2398 1463 2470 παντάριστος
1495 2398 1589 2452 καὶ
1638 2397 1855 2468 θαυμά-

276 2511 387 2558 σιος
418 2491 693 2564 βασιλεύς⁸
729 2491 788 2556 ὃς
817 2490 1100 2554 εύσεσείας
1122 2490 1200 2544 ῶν
1226 2490 1428 2557 κανὼν,
1465 2489 1696 2546 καὶτῶν
1725 2491 1856 2544 ταύ-

272 2605 370 2657 της
399 2588 567 2640 ἕνεκα
595 2587 776 2640 πόνων
803 2584 999 2656 μηδενὶ
1024 2584 1135 2638 τῶν
1159 2583 1448 2656 πρωτείων
1479 2583 1852 2655 παραχωρῶν,

273 2681 447 2734 πολλὰ
497 2680 598 2749 μὲν
645 2681 744 2735 καὶ
799 2680 938 2734 ἄλλα
967 2679 1060 2732 τὸν
1095 2677 1312 2732 ἐκείνου
1345 2678 1508 2749 ζῆλον
1558 2679 1694 2748 ἡμῖν
1725 2679 1856 2749 περὶ

271 2774 371 2843 τὴν
394 2772 566 2845 ὀρθὴν
593 2771 780 2827 πίστιν
801 2772 1076 2842 λαμπρῶς
1104 2769 1554 2842 ἀνακηρύττοντα
1585 2770 1854 2839 συνεγρά-

273 2867 438 2936 ψατο·
467 2867 676 2932 τούτοις
705 2867 762 2921 δὲ
793 2866 1108 2938 προσέθηκε
1132 2864 1402 2919 τελευτῶν
1428 2864 1525 2918 καὶ
1550 2856 1595 2934 ᾧ
1617 2865 1718 2934 τὴν
1745 2864 1856 2918 τῶν

272 2963 586 3034 εἰρημένων
628 2961 1020 3035 ’Δχαιμενιδῶν
1051 2961 1316 3033 λατρείαν
1352 2960 1519 3031 λῆρον
1555 2959 1856 3028 ἀποφαίνει

277 3056 448 3124 σαφῆ.
479 3055 697 3126 Ἐπειδὴ
727 3055 783 3108 δέ
821 3072 878 3108 σε
905 3054 1074 3126 ᾔδειν,
1107 3053 1201 3107 τὸν
1238 3054 1315 3116 ὡς
1346 3047 1568 3123 ἀληθῶς
1597 3051 1852 3120 ἀδελφὸν,

1957 2289 2368 2346 decurrerunt:
2415 2288 2472 2343 in
2506 2288 2708 2358 quibus
2753 2289 2975 2346 divinus
3007 2291 3089 2346 vir
3140 2307 3276 2349 avus
3331 2304 3543 2360 noster,

1957 2383 2200 2453 Optimus
2229 2391 2284 2438 et
2307 2381 2654 2440 admirabilis
2681 2381 2980 2452 Imperator
3007 2386 3120 2460 (5):
3157 2389 3253 2458 qui
3281 2405 3408 2444 cum
3431 2391 3546 2460 pie-

1959 2478 2090 2532 tatis
2134 2483 2283 2531 esset
2308 2475 2520 2545 regula,
2552 2485 2605 2532 et
2635 2477 2690 2532 iit
2727 2479 2998 2546 susceptis
3030 2495 3128 2548 pro
3170 2495 3234 2534 ea
3259 2481 3544 2536 laboribus

1959 2571 2168 2642 primas
2207 2571 2416 2626 nemini
2469 2573 2821 2634 concederet,
2863 2583 2977 2627 tum
3015 2574 3119 2627 alia
3174 2575 3371 2640 multa,
3420 2592 3545 2645 qua:

1959 2663 2163 2720 ardens
2196 2661 2348 2718 illius
2382 2676 2514 2730 erga
2551 2672 2761 2718 rectam
2795 2664 2954 2718 tidem
2986 2665 3228 2720 studium
3266 2666 3546 2722 luculente

1960 2755 2125 2811 nobis
2163 2755 2472 2822 declarant,
2526 2755 2905 2826 conscripsit:
2962 2765 3077 2811 tum
3135 2757 3266 2811 illud
3318 2757 3543 2812 demum

1959 2863 2100 2919 opus
2147 2847 2233 2904 his
2271 2848 2546 2917 adjunxit,
2601 2863 2710 2919 quo
2747 2848 3262 2904 Achazmenidarum
3314 2851 3543 2906 istorum

1959 2921 2250 3012 religiones
2290 2941 2436 2995 aliud
2465 2941 2598 2995 nihil
2623 2955 2745 2996 esse
2783 2939 2887 2996 nisi
2921 2956 3101 2998 meras
3124 2943 3544 3012 nugaseviden-

1961 3032 2176 3089 tissime
2209 3035 2572 3090 demonstrat.
2617 3033 2724 3089 Sed
2759 3035 2900 3104 xqui'a
2934 3049 3148 3102 noram,
3186 3044 3239 3090 te
3271 3051 3398 3092 vere
3431 3036 3546 3090 fra-

273 3145 482 3215 ταύτην
505 3143 572 3214 δὴ
601 3144 700 3215 τὴν
733 3144 844 3198 τῶν
877 3144 1187 3216 εἰρημένων
1213 3143 1395 3197 ἀθέων
1421 3142 1686 3196 ἀσέϐειαν
1713 3141 1854 3213 ὑπὲρ

1962 3135 2100 3181 trem
2151 3127 2293 3182 hanc
2327 3126 2652 3196 impiorum,
2695 3141 2834 3197 quos
2879 3127 3012 3191 dixi,
3052 3128 3298 3183 fraudem
3330 3131 3548 3201 egregie

275 3239 374 3299 τὰς
406 3237 573 3298 ἄλλας
604 3236 891 3306 μισοῦντω
927 3238 1022 3290 καὶ
1047 3237 1186 3306 πρός
1213 3252 1278 3304 γε
1307 3235 1388 3288 ἔτι
1424 3234 1491 3304 δὴ
1523 3234 1738 3305 τρυφὴν
1765 3234 1859 3288 καὶ

276 3323 389 3381 οἷον
435 3327 658 3398 ἄθυρμά
709 3345 763 3382 τι
819 3327 1166 3398 ποιούμενον,
1211 3328 1266 3381 εἰ
1311 3327 1366 3380 τί
1416 3343 1502 3389 τις
1554 3325 1707 3394 λέγοι
1759 3326 1859 3394 τῆς

279 3420 506 3473 ἐκείνων
559 3421 830 3491 φλυαρίας
878 3419 1146 3490 διήγημα,
1202 3419 1295 3472 καὶ
1355 3415 1596 3486 μάλισθ’,
1643 3417 1776 3470 ὅταν

277 3511 435 3564 τοῦτο
465 3527 528 3578 γε
569 3511 676 3564 τῶν
711 3510 944 3574 ἐκείνοις
987 3511 1324 3581 ἀπορρήτων
1369 3509 1468 3563 καὶ
1514 3508 1760 3579 σεμνῶν·
1798 3509 1859 3562 τὸ

285 3604 384 3671 μὲν
421 3603 496 3667 ὡς
531 3604 692 3674 ἔργον
735 3606 834 3658 καὶ
863 3605 950 3657 διὰ
981 3603 1206 3658 πάντων
1249 3601 1488 3674 γράφειν
1521 3602 1676 3670 ἡμᾶς
1718 3602 1860 3656 κατὰ

279 3699 378 3764 τῆς
403 3699 514 3751 τῶν
549 3697 810 3768 Τούρκων
846 3696 1072 3767 μανίας,
1102 3697 1216 3749 δεῖν
1245 3695 1420 3764 ἔγνων
1449 3711 1523 3748 πα
1535 3694 1856 3766 ραδραμείν·

282 3791 387 3843 εἰσὶ
423 3790 552 3860 γὰρ,
597 3791 760 3858 εἰσὶν,
807 3789 997 3859 ῶσπερ
1039 3784 1218 3854 εἷπον,
1265 3787 1316 3840 οἳ
1351 3787 1619 3841 κάλλιστά
1661 3802 1726 3855 γε
1761 3787 1858 3840 καὶ

284 3883 483 3946 ἱκανῶς
513 3881 659 3937 τοῦτ’
687 3883 1036 3953 εἰργάσαντοο
1081 3883 1178 3936 καὶ
1205 3880 1382 3936 ἔνεστί
1422 3897 1507 3946 σοι
1544 3878 1859 3950 βουλομένῳ

285 3975 763 4046 θριαμϐευομένην
797 3975 926 4028 ίδείν
973 3975 1074 4046 τὴν
1109 3973 1320 4029 τούτων
1371 3971 1760 4043 μελαγχολίαν,
1792 3970 1859 4042 ἢν

284 4072 394 4130 τοῖς
439 4070 750 4140 εἰρημένοις
796 4068 1066 4140 ἐθελήσῃς
1117 4065 1556 4138 συγγράμμασιν
1589 4059 1855 4136 ἐντυχεῖν.

285 4160 450 4222 Αὐτὸς
484 4161 671 4230 μέντοι
703 4175 786 4213 σοι
817 4159 912 4212 τὸν
944 4159 1128 4228 κόρον,
1162 4158 1240 4222 ὡς
1269 4151 1384 4210 οἶόν
1409 4173 1492 4223 τε,
1524 4157 1857 4225 διαφεύγων,

285 4249 492 4318 ὅσαπερ
532 4249 872 4324 καιριῴτερα
907 4250 1004 4302 καὶ
1051 4247 1247 4318 βελτίω
1301 4245 1551 4299 δοκοῦσιν
1603 4244 1860 4315 εἰρῆσθαι

286 4336 391 4390 τῶν
424 4337 500 4408 τῷ
533 4340 848 4411 Μουτερίζῃ
880 4338 1207 4409 λεχθέντων,
1243 4339 1455 4409 φράσαι
1491 4338 1854 4408 πειράσομαι,

285 4430 360 4492 ὡς
397 4431 452 4485 δὲ
497 4431 590 4485 καλ⁵
619 4424 805 4503 ὧνπερ
834 4432 901 4486 ἂν
947 4431 1250 4502 μνησθείην
1279 4431 1391 4484 τῶν
1423 4432 1575 4500 ἐμῶν
1609 4448 1674 4499 γε
1721 4431 1856 4500 πρὸς

285 4520 378 4573 τὸν
422 4523 651 4594 γέροντα
694 4523 891 4592 λόγων.
926 4525 1194 4578 Τάκείνου
1237 4525 1339 4595 μὲν
1373 4527 1482 4596 γάρ
1513 4526 1648 4596 ἐρῶ,
1700 4525 1860 4594 χαρί-

287 4612 478 4676 ζεσθαί
537 4631 622 4669 σοι
690 4615 1036 4686 βουλόμενος
1087 4618 1338 4687 ἀδικοίην
1393 4619 1506 4687 γὰρ
1555 4618 1644 4685 ἂν,
1677 4618 1728 4670 εί
1774 4610 1860 4680 οἷς

285 4707 476 4776 παρὼν
505 4707 581 4778 (4)
610 4707 878 4778 ὲτρύφας,
911 4709 1084 4764 ταῦτα
1111 4710 1355 4780 δηλῶσαι
1384 4709 1564 4780 παρὸν
1593 4711 1652 4763 ἐν
1679 4708 1862 4780 γράμ-

288 4814 422 4863 μασι
449 4800 841 4871 παραλίποιμι.

1963 3230 2162 3290 praeter
2195 3227 2426 3274 caeteros
2455 3220 2582 3274 odio
2615 3219 2912 3290 prosequi:
2952 3220 3292 3291 insuperque
3321 3220 3548 3274 delicia-

1961 3327 2084 3368 rum
2114 3327 2180 3368 ae
2211 3312 2359 3368 velut
2400 3311 2790 3367 oblectamenti
2822 3313 2942 3367 loco
2976 3313 3198 3377 ducere,
3233 3312 3278 3370 si
3319 3313 3446 3385 quis
3482 3316 3550 3368 de

1961 3406 2180 3461 illorum
2219 3405 2444 3478 ineptiis
2477 3407 2684 3476 aliquid
2713 3418 2955 3471 enarret,
3002 3415 3054 3461 et
3084 3407 3151 3462 de
3184 3407 3252 3463 iis
3287 3410 3545 3477 maxime,

1961 3515 2084 3569 quae
2115 3514 2314 3554 arcana
2340 3500 2760 3570 venerandaque
2785 3501 2927 3570 apud
2956 3500 3081 3556 illos
3115 3501 3391 3557 habentur
3415 3519 3429 3556 :
3460 3501 3548 3556 his

1960 3592 2029 3646 de
2051 3592 2236 3647 causis
2262 3589 2480 3663 integro
2502 3592 2722 3663 quidem
2749 3592 3039 3664 solidoque
3070 3592 3336 3650 adversus
3359 3594 3548 3649 omnia

1961 3683 2214 3740 Turcica:
2253 3686 2482 3741 insaniae
2503 3686 2683 3756 capita
2719 3701 2882 3756 opere
2915 3686 3319 3743 conscribendo
3353 3703 3551 3758 super-

1961 3779 2267 3836 sedendum
2315 3793 2438 3835 esse
2467 3765 2727 3835 decrevi:
2758 3781 3077 3845 suntenim,
3120 3788 3272 3848 sunt,
3325 3790 3387 3836 ut
3413 3783 3548 3850 dixi,

1961 3871 2056 3941 qui
2082 3868 2290 3940 optime
2307 3871 2430 3937 hoc,
2453 3879 2504 3924 et
2528 3863 2796 3940 quantum
2824 3869 2961 3925 satis
2978 3879 3122 3932 erat,
3142 3871 3392 3926 exsecuti
3429 3870 3552 3928 l‘ue-

1961 3963 2108 4016 riut:
2146 3977 2384 4032 quorum
2419 3964 2622 4032 scripta
2663 3962 2841 4033 legere
2866 3962 2913 4017 si
2939 3963 3199 4028 volueris,
3220 3979 3318 4034 per
3353 3964 3555 4020 trium-

1962 4055 2128 4124 phum
2161 4055 2382 4110 ductant
2416 4054 2603 4110 videre
2633 4054 2820 4110 licebit
2853 4056 2949 4110 tibi
2985 4057 3189 4112 volenti
3233 4055 3548 4112 Turcaruiu

1962 4147 2318 4202 dementiam.
2361 4148 2478 4218 Ipse
2513 4158 2694 4203 tamen
2746 4147 3080 4216 satietatem,
3114 4160 3382 4220 quantum
3433 4151 3550 4207 lieri

1962 4241 2181 4311 poterit.
2209 4241 2501 4310 eﬂugiens,
2535 4256 2882 4312 quaecunque
2913 4244 3311 4312 opportuniora
3345 4254 3399 4298 et
3433 4260 3553 4301 mc-

1964 4336 2104 4390 liora
2150 4335 2356 4390 dixisse
2388 4333 2609 4389 videtur
2665 4333 2978 4396 Muterizes,
3017 4349 3078 4388 ea
3112 4335 3209 4390 tibi
3247 4336 3430 4392 verbis
3462 4353 3552 4392 ex-

1963 4429 2202 4497 primere
2229 4428 2494 4492 conabor,
2550 4427 2696 4482 sicut
2738 4426 2905 4482 etiam
2956 4442 3300 4498 qttzecunqtie
3336 4429 3436 4484 abs
3469 4446 3555 4485 me

1963 4520 2081 4576 seni
2112 4519 2258 4574 dicta
2296 4519 2466 4574 fuisse
2501 4520 2823 4573 meminero.
2860 4517 3011 4572 lllius
3043 4519 3190 4572 enim
3222 4519 3381 4574 verba
3418 4519 3556 4575 refe-

1961 4628 2100 4680 ram,
2129 4612 2423 4684 gratiﬁcari
2446 4612 2541 4666 tibi
2570 4612 2760 4677 voJens
2793 4629 2806 4666 :
2844 4612 3114 4680 siquidem
3143 4612 3194 4665 in
3233 4621 3286 4666 te
3320 4613 3555 4682 iniurio-

1964 4723 2060 4762 sus
2089 4721 2292 4769 essem,
2320 4706 2364 4760 si
2421 4721 2491 4760 ex
2522 4705 2724 4774 quibus
2765 4705 3006 4773 przese'us
3062 4704 3177 4769 ipse
3213 4704 3550 4773 voluptatem

1963 4800 2234 4869 cepisses,
2266 4815 2330 4854 ea
2399 4799 2453 4853 in
2505 4797 2749 4866 scriptis,
2808 4795 3012 4866 quibus
3062 4782 3224 4849 facile
3280 4795 3555 4852 declarari

1968 4901 2222 4960 possunt,
2267 4873 2766 4961 pt'ailcrmitlet‘eni.

358 5048 580 5122 (Ι)Πῶς
611 5052 735 5120 οἴει,
773 5052 914 5108 sicut
939 5055 1056 5116 πῶς
1087 5052 1285 5119 δοκεῖς,
1313 5053 1645 5122 peculiarem
1686 5051 1854 5106 habet
1959 5059 2045 5122 est
2068 5050 2427 5122 conveniens,
2471 5063 2804 5121 congruum,
2839 5057 2985 5122 patet
3025 5047 3276 5122 pluribus
3328 5048 3470 5122 locis
3500 5052 3556 5109 in

285 5121 591 5189 emphasin,
618 5134 672 5177 et
700 5123 1151 5192 signiﬁcationem
1176 5125 1272 5177 τοῦ
1300 5121 1446 5177 κατὰ
1488 5122 1647 5182 πολὺ,
1681 5125 1853 5176 ,υεΙιεο

285 5201 481 5263 menter
510 5193 796 5257 plurimum
826 5211 847 5249 :
878 5195 1154 5263 profertur
1211 5195 1367 5263 quasi
1433 5193 1851 5248 adtnirabunde.
1878 5236 1882 5241 .

285 5261 438 5330 Apud
464 5261 891 5333 Aristophanem
940 5264 1090 5318 Plut.
1125 5281 1179 5319 ν.
1213 5261 1316 5318 742
1357 5263 1656 5318 Glossator.
1726 5263 1852 5324 Πῶς

284 5331 483 5403 δοκεῖς]
519 5331 897 5400 θαυῄαστικὸν
935 5350 947 5363 °
985 5336 1104 5387 λίαν
1140 5352 1154 5367 ⁸
1186 5337 1294 5390 vid.
1321 5334 1583 5403 ‘Brultck.
1614 5333 1680 5387 ad
1731 5336 1785 5388 h.
1813 5337 1849 5388 Ι.

283 5402 407 5475 edit.
433 5401 768 5472 A'rqentorat.
795 5405 953 5469 1785,
974 5406 1116 5464 iit-8.
1144 5417 1273 5459 (om.
1297 5401 1345 5471 1,
1364 5422 1467 5475 pag
1503 5403 1852 5474 265.“!!5011'1

284 5474 418 5524 tm;
436 5475 560 5548 πῶς
593 5475 976 5548 ofst;_Synes.
1011 5475 1180 5548 Epist.
1213 5478 1305 5540 22,
1367 5474 1454 5530 ed.
1493 5475 1715 5545 Dionys.
1750 5475 1852 5528 Pe-

284 5551 389 5616 tar.
424 5543 599 5616 Latet.
641 5545 1007 5616 Utinm-fol.
1039 5543 1093 5615 ῥ.
1131 5547 1255 5602 175.

354 5615 430 5684 ('2)
467 5614 607 5670 Voce
643 5616 768 5670 ὅσον
798 5612 864 5687 ἢν
904 5612 1230 5689 γιγίῦμενον
1268 5618 1320 5674 id
1349 5617 1671 5687 signiﬁcari,
1709 5623 1854 5686 quod

787 5698 806 5730 \

1961 5120 2226 5193 Stephani
2265 5120 2574 5193 Thesauro,
2589 5118 2714 5193 tum
2735 5135 2799 5193 ex
2823 5119 3007 5172 multis
3030 5118 3306 5193 similibus
3328 5118 3560 5193 loquen-

1961 5191 2015 5246 di
2051 5189 2305 5246 formulis
2337 5193 2390 5245 iti
2427 5192 2661 5245 decursu
2695 5189 2857 5257 hujus
2892 5191 3099 5257 operis.

2035 5264 2113 5332 l5)
2145 5262 2418 5319 Joannem
2453 5261 2898 5317 Cantacuzenuau
2927 5261 3125 5327 imper.
3157 5261 3418 5324 intelligit
3448 5263 3552 5331 (ιι),

1967 5334 2140 5388 nostri
2202 5333 2472 5388 Mannelis
2541 5339 2848 5386 maternum
2904 5345 3117 5385 avum:
3161 5347 3288 5386 nam
3313 5333 3558 5387 Joannes

1965 5403 2307 5474 Palaeologtts
2349 5403 2617 5474 MantieItS
2649 5411 2821 5474 _p:tter
2877 5402 3139 5474 Helenam
3186 5402 3556 5474 Cantauuzeni

1966 5475 2134 5529 lilium
2163 5470 2417 5530 duxerat.
2447 5471 2610 5546 _Vide
2647 5471 2893 5546 Ducang,
2928 5470 3136 5530 Famil.
3185 5472 3412 5544 August.
3442 5476 3557 5543 By-

1967 5547 2171 5599 zrmlt'tt.
2209 5560 2330 5614 pag.
2362 5544 2490 5599 239.

2039 5618 2114 5687 (4)
2145 5615 2420 5686 Cod.reg.
2463 5615 2662 5687 παρόν.

338 5759 409 5819 tu)
437 5757 588 5821 Cujus
618 5763 796 5824 scripta
836 5747 1004 5811 contra
1032 5762 1364 5813 lduhometem
1387 5769 1437 5810 et
1467 5761 1577 5821 ejus
1601 5759 1821 5810 asseclas
1850 5756 2097 5808 edidimus
2120 5760 2168 5808 in
2193 5765 2327 5808 tonio
2349 5757 2686 5810 lil.!\".’liut1.
