3972 6522
397 371 489 433 131

1513 358 1914 424 MANUELIS
1953 350 2411 417 PALJ‘IOLOGI

3584 343 3685 406 l9.

463 480 513 532 2.
553 477 818 545 Quamvis
870 473 1015 537 enim
1059 473 1303 530 umbrosi
1339 481 1556 528 montes
1602 481 1660 527 et
1702 485 1967 528 sonorum

2147 466 2215 537 β’.
2248 469 2311 520 Ei
2336 467 2445 536 γὰρ
2489 464 2556 537 δὴ
2584 465 2680 519 καὶ
2709 460 2879 534 οὔρεά
2913 476 2974 515 τε
3006 458 3289 526 σκιόεντα,
3326 458 3593 514 θάλασσά
3627 478 3685 512 τε

393 587 545 625 mare
576 585 805 640 corpora
838 578 1030 623 nostra
1054 568 1214 636 longo
1244 574 1501 633 separent
1538 564 1853 628 intervallo,
1882 571 1963 615 ta-

392 678 515 717 men
549 661 601 715 in
649 675 782 716 vero
817 658 1180 714 fraternitalis
1218 658 1419 712 allectu
1455 656 1675 713 elﬁcere
1714 654 1821 709 hoc
1855 667 1965 708 nou

395 761 623 822 possunt
655 752 738 807 :is
769 752 915 806 enim
950 750 1064 806 ullo
1096 751 1323 805 omnino
1359 749 1522 819 modo
1553 746 1813 804 claustris
1837 760 1969 801 con-

399 847 558 901 tineri
589 848 796 916 nequit.
836 844 995 902 Unde
1024 843 1326 915 splendidae
1346 842 1492 899 illius
1520 855 1714 907 ciente,
1737 855 1842 910 qua
1867 852 1971 893 nos

398 939 665 1017 convivas
717 939 934 1009 excepit
985 954 1176 1003 senex,
1217 936 1539 1010 participem
1579 944 1631 990 te
1666 934 1785 991 ﬁeri
1824 932 1968 987 volo.

404 1027 539 1083 Nam
560 1030 697 1085 forte
717 1030 816 1085 tibi
847 1029 1115 1084 videbitur
1140 1029 1229 1083 illa
1256 1027 1562 1093 delicatior,
1583 1041 1749 1096 quam
1771 1023 1973 1095 saepius

404 1121 563 1175 nobis
592 1122 876 1191 apparavit
902 1121 1161 1190 Satrapes
1199 1119 1288 1174 ille
1315 1118 1679 1191 gravissimus
1706 1125 1760 1171 et
1788 1115 1973 1185 perdi-

402 1190 671 1280 tissimus,
723 1213 818 1283 qui
858 1213 1102 1284 prodigia
1155 1211 1407 1279 quaedam
1443 1219 1504 1265 ut
1535 1210 1590 1265 in
1629 1190 1973 1265 Somniorum

402 1308 694 1376 ﬁgmentis,
720 1315 933 1377 raptum
966 1304 1221 1359 videlicet
1247 1304 1351 1359 sibi
1369 1311 1789 1373 congruentem,
1818 1312 1979 1371 para-

402 1401 694 1469 disumque
745 1398 973 1454 canibus
1008 1396 1317 1469 puellisque
1356 1396 1613 1459 inﬁnitis,
1654 1409 1777 1464 qua:
1813 1393 1978 1448 arbo-

402 1507 523 1546 rum
557 1492 720 1547 rantis
754 1491 1078 1555 insiderent,
1117 1490 1350 1560 aliisque
1403 1488 1786 1557 compluribus
1818 1486 1978 1556 nugis

402 1584 662 1639 refertum
708 1582 989 1638 narrabat.
1021 1581 1246 1636 Duabus
1283 1595 1413 1636 vero
1442 1581 1509 1635 dc
1536 1579 1721 1635 causis
1755 1591 1980 1633 necesse

402 1686 508 1744 est,
529 1684 590 1730 ut
624 1690 749 1746 quae
778 1674 879 1731 abs
926 1689 1015 1731 me
1044 1684 1173 1729 sunt
1206 1673 1354 1728 dicta
1420 1673 1517 1728 tibi
1572 1671 1828 1727 referam.
1861 1667 1982 1724 Pri-

404 1783 577 1833 mum,
599 1766 727 1838 quia
756 1780 936 1837 neque
952 1774 1381 1821 consentaneum
1410 1778 1590 1834 neque
1622 1762 1705 1817 las
1725 1771 1833 1827 est,
1857 1760 1968 1817 dia-

2075 563 2324 632 ἠχήεσσα
2352 560 2454 630 (1),
2482 560 2620 630 ἡμῖν
2638 576 2714 629 ,γε
2740 556 2987 610 διῖστῶσι
3019 555 3090 609 τά
3118 554 3386 625 σώματα,
3423 551 3547 606 ἀλλ’
3584 552 3687 624 οὐχ

2077 650 2167 707 οἷά
2194 670 2255 707 τε
2295 654 2458 707 ταυτὶ
2492 653 2630 707 κάπὶ
2678 652 2775 722 τῆς
2820 649 3058 721 ἀληθοῦς
3106 646 3487 718 φιλαδελφίας
3523 643 3690 699 τοῦτο

2079 743 2328 813 ’.ποιῆσαι⁹
2360 743 2668 798 ἀκάθεκτον
2692 744 2804 811 γάρ
2829 741 2970 811 αὕτη
2999 741 3191 811 χρῆμα
3220 738 3490 809 πέφυκεν
3520 733 3686 790 εἶναι.

2081 838 2255 891 ⁸’θθεν
2283 837 2546 907 βούλομαί
2582 853 2641 891 σε
2671 837 2767 890 καὶ
2796 835 3004 905 ταύτης
3033 834 3132 905 τῆς
3162 834 3362 903 θοίνης
3394 832 3536 902 ἡμῖν
3570 846 3692 884 κοι-

2081 934 2287 999 νωνεῖν,
2402 933 2433 985 ὁ
2476 933 2578 1002 μὲν
2630 932 2812 1002 γέρων
2844 929 3114 1001 λαμπρῶς
3167 928 3383 992 είστία,
3418 928 3593 997 ἡμεῖς
3632 925 3691 979 δὲ

2079 1019 2223 1095 ἦμεν
2248 1024 2297 1076 οἱ
2323 1023 2669 1094 δαιτυμόνες.
2707 1019 3011 1095 Ἀϐροτέρα
3039 1022 3146 1093 γάρ
3174 1039 3261 1075 σοι
3295 1018 3473 1090 τυχὸν
3497 1020 3691 1087 φανεῖ-

2080 1132 2196 1182 sat,
2218 1109 2288 1189 ἦς
2316 1116 2583 1178 πολλάκις
2615 1117 2886 1188 ἑστιάτωρ
2926 1118 3066 1187 ἡμῖν
3095 1116 3124 1167 ό
3157 1114 3513 1185 σεμνότατος
3544 1114 3693 1167 tusi.
3790 1150 3801 1157 ι

2081 1228 2173 1276 νος
2193 1208 2493 1283 Σατράπης
2516 1211 2612 1265 καὶ
2631 1210 3098 1282 ἔπιτριπτότατος
3125 1209 3358 1276 γέγονε,
3384 1205 3692 1277 τερατείαν

2082 1306 2206 1361 τινὰ
2229 1303 2593 1376 διηγούμενος
2620 1308 2679 1359 ὲν
2700 1304 2997 1378 ὀνειράτων
3024 1303 3343 1374 πλάσματι,
3370 1301 3476 1356 καὶ
3509 1301 3694 1371 ἁρπα-

2066 1399 2191 1468 μγὴν
2247 1398 2396 1469 αὐτῷ
2455 1399 2803 1470 πρέπουσαν,
2869 1400 2967 1453 καὶ
3024 1396 3374 1467 παράδεισον
3441 1394 3693 1464 γέμοντα

2087 1489 2272 1546 κυνῶν
2298 1491 2393 1545 καὶ
2422 1490 2605 1561 κορῶν
2633 1490 2902 1563 ἀπείρων,
2929 1490 3147 1556 κλάδοις
3179 1490 3434 1560 δένδρων
3470 1487 3695 1559 ἑφιδρυ-

2090 1580 2288 1648 μένων,
2318 1581 2412 1634 καὶ
2436 1580 2611 1650 ἄλλης
2644 1581 2917 1653 φλυαρίας
2952 1578 3193 1650 μακρᾶς.
3230 1574 3409 1648 Τάμὰ
3438 1577 3499 1632 δὲ
3528 1573 3693 1631 πάλιν

2086 1670 2387 1738 ἀναγκαῖον
2419 1670 2597 1725 είπετν
2632 1672 2781 1726 δυοῖν
2822 1671 3009 1726 ἕνεκα.
3047 1670 3277 1743 Πρῶτον
3314 1670 3423 1741 μὲν
3449 1668 3568 1739 γάρ
3594 1667 3694 1722 οὐκ

2089 1760 2384 1816 ἀκόλουθον
2422 1763 2548 1818 οὐδὲ
2584 1763 2774 1835 θέμις,
2814 1762 3065 1836 διάλογόν
3114 1782 3241 1819 τινα
3275 1761 3582 1833 γίγνεσθαι
3616 1760 3691 1832 μὴ

406 1862 586 1930 legum
652 1859 894 1928 aliquem
925 1857 1066 1925 ﬁeri,
1106 1857 1214 1913 nisi
1257 1857 1501 1913 omnium
1549 1855 1978 1927 colloquentium

2093 1857 2179 1910 καὶ
2230 1856 2342 1911 τῶν
2392 1857 2944 1930 προσδιαλεγομένων
3008 1858 3137 1923 τοὺς
3197 1858 3409 1927 λόγους
3467 1857 3692 1927 ἔχοντα.

406 1966 691 2007 sermones
717 1950 1022 2008 contineat.
1054 1950 1281 2014 Deinde,
1333 1950 1387 2005 in
1430 1950 1567 2021 ipsis
1592 1948 1843 2004 nonnihil
1876 1947 1986 2002 lor-

410 2055 555 2099 tasse
582 2043 881 2114 reperietur
908 2043 977 2099 iis
1007 2045 1159 2109 utile,
1202 2042 1299 2114 qui
1328 2041 1397 2098 de
1418 2058 1518 2113 spe
1543 2041 1597 2097 in
1631 2040 1795 2098 nobis
1829 2056 1989 2111 repo-

408 2139 512 2192 sita
548 2135 618 2192 de
664 2135 962 2207 improviso
1004 2137 1335 2206 respondere
1376 2135 1587 2201 volunt,
1620 2135 1844 2205 quando
1890 2133 1987 2191 Dei

407 2244 599 2285 osores
635 2228 711 2283 illi
742 2228 997 2299 nugando
1024 2226 1232 2299 aliquid
1281 2226 1413 2285 huic
1444 2225 1740 2297 objiciunt.
1772 2226 1911 2281 Nam
1935 2234 2011 2289 οι,

409 2322 501 2376 ille
541 2336 755 2375 onmem
794 2321 1108 2388 pharetram
1138 2319 1466 2384 exinanivit,
1497 2318 1785 2376 barbarica
1819 2332 1986 2375 manu

412 2428 673 2485 magnam.
713 2414 1034 2484 sagittarum
1084 2412 1194 2467 vim
1229 2411 1487 2467 emittens
1519 2427 1535 2465 :
1572 2425 1712 2482 quas
1764 2410 1989 2482 quidem

413 2510 559 2565 Deus
593 2510 739 2565 leves
770 2526 836 2565 ac
867 2510 1090 2565 hebetes
1117 2508 1279 2580 plane
1308 2507 1497 2565 eﬂecit
1524 2526 1538 2562 :
1571 2518 1628 2565 at
1648 2508 1989 2566 contrarium

324 2613 327 2616 '
413 2604 491 2659 illi
523 2604 746 2665 accidit,
775 2618 900 2657 nam
936 2602 1190 2658 conﬁxus
1223 2612 1306 2658 est
1341 2601 1664 2672 sagittarius
1693 2602 1793 2659 iste
1813 2602 1996 2672 spico-

413 2696 481 2752 lis
503 2696 706 2751 nostris
730 2711 745 2750 :
779 2695 892 2749 imo
911 2703 966 2749 et
989 2695 1131 2759 suis,
1159 2692 1307 2766 quod
1326 2694 1549 2765 quidem
1588 2692 1846 2751 acerbius
1874 2708 1996 2751 om-

2092 1943 2307 2003 Ἐπειτ’
2341 1948 2473 2013 ἴσως
2505 1949 2602 2005 καί
2632 1950 2683 2003 τί
2715 1964 2822 2005 που
2868 1952 3145 2022 χρήσιμον
3178 1953 3241 2005 ὲν
3290 1951 3491 2015 αὐτοῖς
3532 1949 3692 2020 εὗρε-

2090 2042 2319 2115 θήσεται
2349 2047 2463 2109 τοῖς
2493 2045 2682 2100 ικτοῦ
2711 2047 3010 2118 προχείρου
3050 2046 3422 2118 βουλομένοις
3452 2045 3695 2114 ἀποκρί-

2090 2137 2279 2194 νεσθαι
2309 2138 2441 2210 περὶ
2468 2140 2570 2210 τῆς
2594 2141 2653 2193 δν
2685 2141 2819 2211 ἡμῖν
2846 2136 3086 2207 ἐλπίδος,
3116 2140 3354 2195 ιπειδάν
3375 2154 3433 2195 τι
3464 2134 3694 2211 ληροῦν-

2090 2243 2184 2295 τες
2208 2229 2385 2302 ταύτῃ
2421 2230 2779 2302 προφέρωσιν
2804 2233 2857 2287 οί
2890 2232 3171 2301 θεομίσεις
3202 2232 3312 2305 (2).
3349 2233 3604 2296 Ἐκεῖνός
3635 2247 3693 2284 τε

2092 2325 2205 2397 γὰρ
2235 2326 2420 2381 πᾶσαν
2462 2324 2563 2397 τὴν
2606 2325 2895 2396 φαρέτραν
2930 2325 3195 2392 ικένωσε,
3227 2326 3370 2398 βέλη
3421 2324 3596 2397 συχνὰ
3631 2327 3693 2380 ἐκ

2092 2420 2193 2487 τῆς
2219 2414 2583 2489 βαρϐαρικῆς»
2601 2418 2789 2489 χειρὸς
2816 2413 3023 2486 ἀφιείς·
3050 2417 3186 2483 Θεός
3208 2435 3277 2472 τε
3301 2418 3492 2474 ταῦτα
3514 2416 3696 2486 κοῦφα

2094 2510 2297 2569 τελέως
2324 2510 2628 2579 ἀπέφηνεν·
2662 2509 2726 2564 οὐ
2774 2508 2885 2580 μὴν
2914 2509 2984 2563 τά
3032 2508 3127 2564 ίσα
3172 2508 3339 2579 ὤφθη
3377 2510 3690 2577 πεπονθὼς,

2094 2604 2212 2659 ἀλλ’
2237 2602 2444 2675 ἐϐλήθη
2492 2602 2594 2673 μὲν
2621 2604 2737 2668 τοῖς
2776 2602 3078 2675 ἡμετέροις
3112 2603 3338 2674 βέλεσιν
3372 2607 3401 2659 ό
3443 2604 3690 2674 τοξότης

2098 2695 2302 2766 ἐϐλήθη
2332 2692 2388 2748 δὲ
2419 2694 2516 2748 καὶ
2542 2695 2658 2757 τοῖς
2688 2692 2879 2759 αὐτοῦ,
2904 2692 2933 2746 δ
2959 2692 3024 2763 δὴ
3055 2693 3151 2747 καὶ
3174 2694 3524 2766 πικρότερον
3552 2687 3692 2749 εἶναι

417 2790 546 2844 uino
591 2788 842 2843 videtur:
871 2802 1192 2858 quanquam
1240 2774 1535 2844 Sacrarum
1583 2785 1986 2856 Scripturarum

2101 2788 2323 2850 πάντως
2345 2787 2516 2840 δοκεῖ’
2540 2785 2635 2840 καί
2662 2802 2748 2840 τοι
2770 2787 3074 2855 γραφικαίς
3099 2786 3409 2859 ὲξηγήσεσι
3434 2789 3530 2842 καὶ
3559 2805 3696 2857 μαρ-

418 2880 965 2951 interpretationibus
1018 2879 1457 2950 testimoniisque
1502 2893 1681 2950 neque
1730 2887 1986 2949 quantum

2098 2878 2313 2950 τνρίαις
2345 2879 2457 2949 οὐχ.
2485 2879 2611 2933 ὅσον
2649 2878 2781 2949 ἐξῆν
2817 2893 2876 2931 τε
2922 2882 3021 2932 καὶ
3061 2880 3257 2950 ἐχρῆν,
3307 2880 3689 2951 ἐχρησάμεθα,

420 2975 615 3029 licebat
672 2988 847 3043 neque
893 2982 1162 3045 quantum
1209 2973 1497 3041 oportebat
1536 2986 1729 3030 sumus
1763 2974 1875 3037 usi,
1900 2970 1986 3026 sed

2098 2970 2218 3025 ἀλλ’
2252 2971 2380 3026 ὅσον
2414 2985 2475 3027 τε
2508 2972 2604 3026 καὶ
2640 2973 2729 3028 ὅτε
2759 2971 2933 3042 ΙΙτοῦτο
2966 2973 3185 3035 ἐκεῖνος
3219 2973 3513 3030 ἐϐούλετο.
3544 2973 3691 3028 Ἔδει

416 3077 680 3137 quantum
703 3077 758 3122 et
781 3066 1001 3136 quando
1032 3066 1245 3122 volebat
1274 3067 1384 3122 ille.
1415 3065 1630 3135 Quippe
1666 3080 1847 3135 opera:
1878 3079 1986 3134 pre

2101 3065 2157 3118 δὲ
2201 3064 2362 3119 τοῦτο
2393 3064 2674 3135 προῦργου
2722 3066 3020 3120 ποιεῖσθαιο
3053 3067 3172 3120 ἀλλ’
3206 3066 3363 3123 ἑκὼν
3402 3060 3703 3138 ἀφῄρημαι

418 3162 554 3215 lium
581 3160 799 3231 quidem
831 3175 951 3216 esse
980 3158 1217 3215 debebat
1243 3160 1347 3213 hoc
1366 3158 1549 3213 facere
1570 3173 1587 3212 :
1612 3157 1705 3213 sed
1732 3156 1986 3227 praeclara

2102 3158 2201 3227 τὴν
2236 3158 2449 3229 άμαχον
2482 3160 2713 3229 ταυτηνὶ
2758 3160 2856 3212 καὶ
2902 3158 3074 3231 καλὴν
3128 3161 3487 3232 συμμαχίαν,
3523 3162 3694 3216 ἐκεῖνο

418 3254 524 3306 isto
563 3250 874 3320 invictoque
920 3249 1123 3305 auxilio
1175 3249 1370 3305 lubens
1401 3249 1651 3318 privatus
1695 3263 1839 3312 sum,
1867 3262 1986 3301 cuni

2104 3250 2324 3320 πρῶτον
2359 3248 2711 3320 ἑνθυμηθεὶς,
2743 3251 2818 3315 ὡς
2846 3252 2949 3306 ὅσα
2980 3252 3090 3306 τῶν
3118 3253 3327 3323 λογίων
3362 3254 3577 3326 ἐλέγχει
3600 3252 3693 3322 τὴν

420 3345 549 3399 illud
580 3343 816 3414 primum
852 3342 1035 3397 animo
1062 3351 1397 3412 reputarem,
1427 3354 1770 3410 quacunque
1792 3338 1986 3395 theolo

2102 3339 2199 3394 τοῦ
2238 3338 2484 3410 Ιιωάμεθ
2539 3342 2755 3411 πλάνην
2812 3342 2946 3396 αὐτὸ
3007 3342 3165 3397 τοῦτο
3222 3345 3448 3415 πλάνην
3504 3344 3693 3407 οὖσαν,

418 3444 691 3510 g‘umenon
714 3437 974 3491 librorum
996 3435 1218 3491 oracula
1236 3448 1477 3489 errorem
1498 3432 1815 3498 Mabometi,
1834 3447 1986 3502 quan

2104 3432 2364 3503 εὓρηται,
2392 3433 2489 3486 καὶ
2512 3432 2801 3499 τέτακται,
2828 3434 2921 3487 καὶ
2945 3434 3305 3505 ἀπήγγελται
3331 3437 3412 3508 (5)
3452 3435 3693 3507 κοσμίως

420 3544 509 3586 tns
526 3539 632 3597 est,
657 3530 792 3583 nihil
814 3528 919 3584 nisi
944 3543 1154 3583 merum
1187 3540 1433 3582 errorem
1459 3540 1583 3581 esse
1611 3534 1865 3595 arguant,
1886 3524 1986 3580 han

2107 3526 2220 3588 τοῖς
2244 3523 2368 3578 κατ’
2398 3523 2568 3579 αὑτοῦ
2599 3525 2963 3595 γεγραφόσιν.
2992 3525 3209 3581 Ἔπειθ’
3236 3528 3350 3595 ὅτι,
3383 3519 3591 3599 καίπερ
3621 3526 3694 3580 ὢν

421 3618 601 3684 abiis,
634 3618 728 3687 qui
752 3626 945 3673 contra
983 3617 1150 3672 istum
1183 3615 1545 3686 scripserunt,
1572 3614 1750 3684 etiam
1780 3614 2003 3670 inventa

380 3740 385 3743 ν
421 3726 568 3773 esse,
604 3721 660 3766 et
688 3709 981 3780 disposita,
1016 3717 1072 3767 et
1096 3705 1468 3763 ornatissimis
1494 3703 1681 3760 verbis
1719 3718 2003 3775 expressa.

424 3805 649 3870 Deinde,
681 3803 934 3875 quamvis
968 3803 1112 3858 inter
1135 3816 1329 3858 omnes
1360 3801 1539 3856 aetatis
1565 3799 1855 3872 gentisque
1892 3815 2008 3857 sua

318 3926 331 3931 ν
424 3898 678 3954 homines
708 3913 939 3968 magnus
961 3904 1181 3951 essetet
1214 3895 1510 3951 haberetur
1537 3909 1707 3952 senex
1728 3894 1839 3959 ille,
1859 3895 2006 3964 quod

426 3975 644 4061 quidem
683 3989 750 4044 ad
784 3988 1042 4045 liberales
1067 3987 1393 4057 disciplinas
1425 3989 1642 4052 attinet,
1679 3998 1733 4044 et
1778 3987 1847 4041 ad
1886 4001 2005 4043 eam

429 4100 550 4154 qum
593 4083 739 4155 apud
773 4081 926 4154 ipsos
954 4082 1099 4152 viget
1134 4082 1487 4152 sapientiam,
1522 4082 1790 4139 barbarus
1823 4089 2007 4135 tamen

427 4186 548 4234 erat
577 4195 592 4233 :
620 4176 851 4233 barbara
881 4190 1100 4245 quoque
1125 4190 1259 4245 gens
1287 4175 1479 4246 ejuset
1504 4175 1694 4231 dictio.
1725 4171 2011 4239 Quamob-

2107 3620 2201 3675 καὶ
2228 3617 2587 3688 νομιζόμενος
2639 3618 2818 3689 μέγας
2845 3619 2875 3671 ό
2906 3617 3101 3688 γέρων
3133 3622 3193 3673 έν
3223 3625 3345 3685 τοῖς
3377 3622 3501 3675 κατ’
3535 3620 3693 3675 αὑτὸν

2109 3712 2337 3777 ἅπασιν,
2371 3708 2475 3764 ὅσα
2504 3727 2569 3780 γε
2603 3694 2685 3774 είς
2715 3710 2907 3780 λόγους
2943 3711 3041 3765 καὶ
3072 3711 3273 3780 σοφίαν
3305 3713 3409 3783 τὴν
3442 3713 3565 3766 κατ’
3597 3711 3692 3763 ab-

2108 3805 2254 3869 τοὺς,
2286 3804 2567 3875 βάρϐαρος
2613 3805 2764 3875 ὅμως
2813 3800 2906 3875 ἦν·
2948 3804 3041 3858 ὅτε
3095 3806 3188 3857 καὶ
3228 3806 3295 3858 τὸ
3341 3807 3503 3874 γένος
3551 3801 3695 3871 αὐτῷ

2111 3898 2283 3963 ἅπαν,
2311 3897 2407 3951 καὶ
2439 3898 2473 3966 η
2502 3898 2681 3968 φωνή.
2721 3898 2835 3950 Καὶ
2861 3891 3010 3967 εἶχεν
3040 3898 3108 3951 ἂν
3137 3898 3370 3960 είκότως
3407 3899 3496 3953 διὰ
3529 3897 3693 3951 ταῦτα

2110 3989 2203 4042 τὸν
2240 3988 2360 4043 νοῦν
2402 3988 2503 4059 οὐχ
2533 3982 2646 4042 οἷον
2686 3988 2979 4057 ἐφικέσθαι
3014 3988 3199 4052 καλῶς
3242 3989 3517 4045 δύνασθαι
3564 3988 3695 4058 πρὸς

2113 4084 2212 4143 τὴν
2251 4083 2718 4153 ἔγκεκρυμμένην
2765 4086 2882 4146 τοϊς
2923 4084 3221 4155 γράμμασι
3269 4086 3555 4155 θεοπρεπῆ
3585 4083 3696 4137 διά-

2115 4190 2287 4227 νοιαν·
2318 4173 2439 4226 ἀνθ’
2482 4166 2558 4226 ὧν
2589 4172 2688 4243 οὐχ
2719 4172 2797 4236 ὡς
2831 4172 3023 4244 ἐχρῆν,
3065 4161 3443 4245 διειλέγμεθα,
3481 4174 3598 4230 ἀλλ’
3623 4174 3695 4234 ὡς

430 4286 567 4331 rem,
616 4277 674 4323 ut
716 4267 950 4323 debebat
979 4267 1253 4333 accidere,
1289 4282 1398 4323 non
1431 4281 1550 4319 eam
1580 4271 1817 4324 mentem
1842 4262 1986 4321 habet

2117 4258 2229 4325 οἷός
2256 4264 2303 4315 τ’
2333 4256 2403 4332 ἦν
2449 4262 2657 4322 ἐκεῖνος
2702 4261 2960 4332 δέχεσθαι
2999 4264 3069 4317 τὰ
3107 4265 3409 4333 λεγόμενα.
3438 4266 3546 4318 Καὶ
3587 4262 3691 4331 γάρ

432 4363 545 4423 bat,
577 4374 699 4429 quae
730 4357 905 4413 sacris
932 4356 1132 4412 litteris
1171 4356 1552 4411 absconditam
1591 4354 1904 4422 divinaque
1926 4351 1981 4406 in

2119 4352 2211 4406 καὶ
2230 4353 2493 4424 ἑρμηνεῖς
2511 4355 2643 4424 ἡμῖν
2662 4356 2788 4418 τοὺς
2809 4356 3003 4423 λόγους
3017 4356 3521 4426 διαπορθμεύοντες
3537 4351 3693 4426 ἦσαν’

435 4453 747 4520 telligenlia:
782 4450 1201 4506 convenientem
1257 4448 1590 4504 sententiam
1644 4455 1790 4501 recte
1831 4457 1986 4513 posse

2120 4443 2149 4497 ὃ
2174 4444 2437 4508 πολλάκις
2470 4444 2786 4516 βουλομένῳ
2835 4462 2925 4516 μοι
2954 4447 3138 4516 λέγειν
3186 4447 3262 4518 μὴ
3302 4450 3479 4518 πάντη
3512 4450 3694 4516 γήϊνον

435 4545 692 4614 assequi:
734 4544 918 4613 itaque
952 4557 1062 4597 non
1094 4550 1154 4596 ut
1198 4541 1510 4613 oportebat,
1555 4539 1650 4593 sed
1696 4546 1755 4592 ut
1789 4551 1853 4593 ea
1894 4552 1986 4606 qua

2127 4538 2263 4609 μηδὲ
2283 4540 2595 4610 χαμερπὲς,
2622 4540 2760 4594 ἀλλὰ
2780 4539 3160 4611 γενναιότερον
3177 4557 3230 4593 τι
3259 4544 3356 4595 καὶ
3372 4540 3696 4612 ὑψηλότερον

436 4637 783 4704 dicebantur,
822 4622 1124 4707 intelligere
1149 4644 1380 4705 poterat,
1422 4633 1807 4687 disseruimus.
1844 4630 1986 4685 Eran

2117 4631 2365 4701 (τοιαῦτα
2402 4633 2514 4703 γὰρ
2535 4632 2572 4687 ἃ
2610 4632 3038 4703 πρεσϐεύομεν),
3065 4633 3320 4704 ἐμποδὼν
3354 4635 3603 4703 ἐφαίνετό
3636 4647 3691 4682 τε

435 4729 599 4783 etiam
630 4730 970 4797 interpretes,
1006 4729 1100 4796 qui
1127 4740 1411 4782 sermones
1432 4732 1650 4779 nostros
1674 4722 1819 4777 ultro
1844 4724 1986 4778 citro

2120 4724 2373 4792 πανταχῆ
2402 4724 2499 4778 καὶ
2529 4725 2887 4791 προσίστατοο
2921 4726 3007 4789 δὶς
3035 4729 3146 4797 γάρ
3171 4726 3279 4780 ἔδει
3304 4728 3401 4782 καὶ
3434 4726 3554 4796 τρὶς
3577 4724 3694 4777 ταὺο

440 4837 549 4891 que
589 4822 1025 4875 transtttitterent
1047 4836 1062 4872 :
1087 4834 1209 4889 quae
1230 4833 1319 4875 res
1345 4816 1548 4871 volenti
1578 4814 1713 4868 mihi
1748 4829 1889 4884 saepe
1919 4815 1986 4868 ali

2120 4816 2189 4867 τὰ
2208 4815 2284 4884 (4)
2305 4816 2508 4883 λέγειν,
2530 4816 2596 4870 ἶν’
2613 4815 2861 4885 εὔληπτα
2882 4819 3115 4885 γένοιτο.
3131 4821 3230 4873 Διά
3245 4820 3309 4891 δὴ
3330 4819 3502 4875 ταῦτα
3520 4820 3574 4870 ὲν
3595 4816 3689 4868 οὐκ

442 4917 572 4988 quid
599 4931 711 4970 non
734 4915 958 4969 omnino
979 4922 1257 4966 terrenum
1284 4924 1465 4979 neque
1483 4909 1782 4978 abjectum,
1800 4908 1892 4963 sed
1919 4922 1986 4961 no

2120 4907 2345 4975 ὀλίγοις,
2364 4904 2444 4970 οἷς
2462 4908 2568 4961 ἔδει
2583 4909 2682 4978 τῆς
2704 4909 2812 4962 άπὸ
2827 4911 2927 4980 τῆς
2943 4912 3163 4982 γραφῆς
3182 4913 3520 4983 συμμαχίας,
3538 4908 3691 4966 αὐτὸς

443 5011 606 5067 bilius
631 5018 682 5063 et
718 5007 1011 5063 sublimius
1038 5002 1223 5073 eloqui
1255 5002 1403 5072 (nam
1427 5016 1549 5071 quae
1572 5006 1899 5054 venerantes
1928 5014 1986 5053 co

2121 5000 2298 5068 ψιλὸς,
2325 5000 2402 5063 ὡς
2432 5001 2632 5065 εἰπεῖν,
2658 5002 2755 5070 τῆς
2783 5003 2891 5056 ἀπὸ
2915 5003 3027 5055 τῶν
3053 5005 3253 5073 λογίων
3278 5002 3451 5076 ῥοπῆς
3482 5000 3691 5056 καὶτῶν

442 5103 629 5168 limus,
659 5117 721 5153 ca
751 5108 882 5154 sunt
906 5095 1245 5166 hujusmodi)
1273 5096 1495 5149 obstare
1518 5093 1722 5163 ubique
1742 5102 1797 5145 et
1819 5091 1984 5146 adver

2120 5095 2331 5148 ἐκεῖθεν
2359 5094 2540 5147 ὃπλων
2573 5095 2969 5167 συμπλακῆναι
2993 5098 3380 5169 ἠνάγκασμαι,
3416 5088 3691 5164 λογισμοῖς

440 5197 548 5251 sari
579 5194 867 5249 videbatur
897 5210 911 5247 :
941 5177 1385 5260 quandoquidem
1412 5188 1495 5243 bis
1526 5196 1583 5242 et
1605 5195 1690 5242 ter
1714 5185 1906 5241 eadem
1938 5185 1986 5238 di

2124 5184 2169 5238 δ’
2202 5188 2321 5241 ἀντὶ
2380 5187 2572 5239 τούτου
2631 5189 2745 5257 καὶ,
2771 5190 3238 5260 παραδείγμασιν,
3267 5192 3343 5254 ὼς
3393 5189 3461 5242 τὰ
3506 5182 3686 5243 πολλὰ,

442 5303 566 5344 cere
596 5285 907 5356 oportebat.
940 5293 1000 5337 ut
1038 5282 1315 5336 intellectu
1360 5281 1606 5338 faciliora
1641 5281 1852 5335 tierent.
1884 5278 1986 5333 Pro

2127 5280 2368 5350 χρῆσθαι
2400 5281 2804 5353 διαλεγόμενος,
2850 5284 2947 5335 καὶ
2979 5283 3199 5345 τούτοις
3245 5279 3600 5349 καταλλήλας
3630 5272 3689 5340 τῇ

446 5390 627 5450 pterca
657 5379 713 5433 in
748 5376 960 5439 multis,
988 5376 1080 5431 ubi
1118 5390 1397 5431 sacrarum
1434 5375 1853 5444 Scripturarum
1882 5387 1986 5440 opu

2129 5374 2240 5425 τῶν
2269 5373 2577 5427 ἀκουόντων
2608 5374 2778 5445 ἰσχύϊ.
2807 5376 3014 5447 Πολλὴν
3051 5378 3149 5447 μὲν
3169 5373 3266 5431 οὖν
3298 5395 3389 5447 μοι
3420 5371 3574 5427 τοῦτο
3601 5365 3691 5433 τὴν

447 5484 565 5529 erat
608 5471 877 5536 subsidio,
920 5479 1146 5526 coaetus
1200 5486 1321 5526 sum
1355 5469 1560 5532 nudus.
1595 5478 1657 5523 ut
1694 5469 1765 5522 ita
1797 5468 1986 5537 loquar

2128 5468 2336 5539 ζημίαν
2361 5464 2759 5539 προύξένησεν,
2784 5468 2987 5537 ἠνεγκε
3016 5467 3061 5521 δ’
3087 5464 3183 5523 οὖν
3212 5488 3264 5523 τι
3293 5469 3387 5522 καὶ
3413 5465 3706 5536 χρήσιμονν

520 5685 596 5753 (ί)
635 5682 845 5737 "outer.
878 5682 1028 5737 lliad.
1064 5685 1130 5738 Α.
1162 5683 1287 5738 15⁸1.

520 5756 600 5817 (τὶ
634 5753 775 5806 Cod.
800 5753 1028 5809 Coislin.
1058 5754 1360 5824 θεομισεῖς.

520 5825 598 5893 t3)
640 5824 898 5893 Alludere
937 5819 1169 5881 videtur‘
1190 5826 1257 5880 ad
1311 5836 1423 5880 tres
1449 5824 1587 5892 :illas
1630 5825 1844 5894 priores
1894 5819 2022 5879 Elo—

2138 5677 2375 5760 quentia:
2403 5684 2621 5749 partes:
2647 5676 3043 5747 inventionem,
3064 5677 3492 5751 dispositionem,
3522 5668 3693 5724 elocu-

2138 5761 2367 5803 tionem.

2207 5823 2284 5893 (Ii)
2316 5821 2487 5878 Codd.
2521 5820 2707 5887 ambo,
2738 5817 2935 5874 ταῦτα.

3250 5920 3375 5930 ,ηραν
