3972 6438
263 287 364 357 133
1281 285 1560 348 οιΑιοθ
1573 285 1671 346 US
1703 287 1822 348 CUI

1930 285 2118 348 ᾸΟΗΑ
2126 285 2179 346 Μ
2189 284 2464 345 ΕΤΑΝΟ.
3435 285 3535 351 134

258 403 480 457 Δύναιτο
512 401 620 472 γὰρ
666 399 732 455 ἄν
777 418 882 465 τις,
930 394 1347 477 οἶμαι,ἢραδίως
1386 401 1702 471 μεμνῆσθαι
1739 404 1822 454 καῖ

1939 402 2291 482 oraculorum
2327 400 2534 456 auxilio
2556 409 2612 456 et
2638 401 2830 464 armis,
2869 416 2992 472 qua:
3026 402 3153 459 inde
3182 406 3392 460 assumi
3429 422 3525 477 po-

256 497 427 561 λόγων
460 494 683 549 ἐκείνων
717 495 946 564 ἄπειρος
988 493 1085 560 ὢν,
1132 490 1212 557 οἷς
1259 511 1323 562 γε
1374 495 1511 563 πρὸς
1556 494 1822 565 ἀλλήλους

1936 497 2191 560 luissem,
2261 495 2578 563 conﬂigere,
2617 505 2784 568 atque
2839 498 3004 568 hujus
3057 507 3350 554 armatura:
3397 500 3522 556 loco

258 588 634 659 ἐχρησάμεθα,
664 587 760 640 καὶ
805 587 1046 659 χρῆσθαι
1090 589 1304 652 τούτοις
1352 587 1556 660 δεῆσαν
1595 587 1824 658 εὐχερέ-

260 682 446 750 στερόν
489 699 550 735 τε
595 683 692 736 καὶ
734 681 1182 752 προχειρότερον,
1215 681 1248 753 ἢ
1289 683 1407 744 ταῖς
1455 681 1563 734 τῶν
1594 681 1634 734 Γ
1641 679 1830 750 ραφῶν

258 769 566 847 samum.
594 776 720 840 Τοῖς
746 775 856 848 γὰρ
883 776 992 829 ἀπὸ
1019 775 1228 830 τούτων
1251 774 1451 836 τελέως
1481 773 1830 846 διαλέγεσθαι

258 868 493 934 θέλουσι,
520 869 602 922 δεῖ
636 869 735 939 μὲν
767 868 948 932 καλῶς
984 869 1201 932 ἐκείνας
1237 867 1630 938 ἐξησκηκέναι,
1663 867 1742 919 δει
1773 865 1832 920 δὲ

257 963 470 1031 φρενῶν
500 960 794 1030 όξυτέρων,
822 961 903 1015 δεῖ
936 960 993 1014 δὲ
1027 961 1206 1033 ῥοπῆς
1231 959 1540 1029 θειοτέρας,
1571 958 1606 1014 ἃ
1637 959 1829 1014 συνελ·

257 1053 369 1105 θεῖν
397 1052 523 1105 κατ’
549 1052 682 1106 αὐτὸ
723 1051 984 1124 χαλεπόν.
1017 1050 1209 1107 Ταῦτα
1241 1051 1343 1123 μὲν
1377 1052 1495 1114 οὖν,
1522 1045 1568 1106 ὦ
1597 1051 1828 1123 φιλτάτη

256 1145 492 1214 κεφαλὴ,
517 1143 711 1216 ὥσπερ
741 1144 863 1198 τινὰ
907 1140 1164 1216 κρηπῖδα
1191 1143 1271 1214 τῷ
1312 1143 1462 1213 λόγῳ
1502 1145 1615 1198 δεῖν
1642 1143 1832 1215 ᾠήθην

256 1235 784 1304 προῦποθέσθαι,ιῖν⁹
815 1235 962 1306 ἔχοις
995 1237 1126 1306 ῥᾷον
1158 1235 1259 1304 τὴν
1287 1233 1402 1288 τόθ’
1429 1232 1586 1305 ἡμῶν
1620 1235 1833 1306 συμϐᾶ-

257 1343 352 1381 σαν
382 1326 621 1393 διάλεξιν
658 1327 1042 1398 ἐκλαμϐάνειν,
1075 1327 1197 1396 ἥτις
1228 1321 1332 1381 ὧδέ
1355 1343 1472 1389 πως
1507 1326 1686 1397 ἔσχεν.

1937 587 2460 646 ratiocinationibus
2489 590 2545 644 in
2574 591 2938 660 colloquendo
2969 590 3298 662 plerumque
3336 593 3434 658 uti,
3461 605 3518 648 et

1935 683 2228 752 exemplis,
2261 683 2436 754 iisque
2467 683 2534 738 ad
2565 683 2905 738 audientium
2945 696 3169 756 captum
3205 700 3519 741 accommo-

1935 771 2102 829 datis.
2128 772 2183 827 ω
2215 772 2348 826 mibi
2389 787 2646 844 magnum
2682 774 2907 844 quidem
2959 776 3246 844 damnum,
3279 778 3518 848 aliquam

1939 881 2071 920 vero
2101 865 2272 921 etiam
2325 868 2616 922 utilitatem
2667 867 2872 922 attulit.
2932 867 3385 942 Quandoquidem
3437 874 3523 928 vel

1941 957 2230 1028 imperitus
2256 959 2533 1030 quispiam
2561 959 2805 1025 illorum,
2841 975 2984 1031 quos
3013 961 3247 1017 invicem
3279 966 3524 1019 contuli-

1941 1063 2091 1112 mus,
2141 1049 2464 1108 meminisse
2511 1051 2690 1121 possit
2746 1067 3097 1118 sermonum,
3139 1052 3343 1124 iisque,
3396 1069 3522 1110 cum

1940 1140 2270 1210 oportuerit,
2291 1141 2514 1198 facilius
2544 1142 2967 1214 promptiusque
2993 1145 3097 1213 uti,
3123 1159 3284 1216 quam
3311 1161 3341 1202 e
3363 1161 3526 1203 sacra

1942 1232 2231 1303 Scriptura
2266 1237 2452 1307 petitis
2489 1238 2868 1310 argumentis"
2883 1239 2991 1305 Qui
3024 1241 3172 1295 enim
3215 1239 3433 1296 divinos
3462 1239 3528 1294 li-

1941 1328 2070 1386 bros
2112 1329 2171 1385 in
2213 1330 2536 1391 disserendo
2580 1341 2730 1389 recte
2776 1333 3040 1388 adbibere
3066 1332 3260 1398 velint,
3290 1333 3356 1388 iis
3395 1347 3525 1386 cum

254 1421 511 1487 praeclara
534 1420 750 1475 illorum
779 1420 1324 1487 exercitatione,tum
1350 1419 1623 1475 subtiliori
1647 1429 1828 1477 mente
1865 1432 1920 1478 et
1949 1423 2222 1480 diviniora
2254 1425 2574 1494 adiumento
2599 1437 2684 1484 est
2712 1443 2854 1498 opus
2889 1444 2904 1482 :
2937 1441 3060 1498 quae
3124 1434 3277 1482 certe
3338 1424 3524 1487 omnia

251 1514 303 1568 in
335 1528 507 1567 unum
535 1521 590 1567 et
628 1511 770 1568 idem
798 1511 1013 1568 diiiicile
1043 1521 1130 1567 est
1155 1510 1475 1567 convenire.
1511 1509 1716 1576 Habes,
1752 1511 1826 1568 mi
1867 1513 2072 1583 optime
2137 1511 2330 1583 frater,
2379 1529 2508 1586 qua:
2575 1517 2736 1586 quasi
2793 1515 3045 1585 quantum
3089 1514 3277 1584 operis
3325 1512 3523 1568 funda-

251 1613 426 1659 menta
457 1604 839 1674 pmstruenda
869 1618 989 1659 esse
1028 1602 1364 1670 existimavi,
1403 1613 1464 1658 ut
1490 1601 1697 1658 factum
1725 1612 1854 1660 tunc
1890 1606 2034 1663 inter
2061 1622 2164 1663 nos
2201 1608 2420 1666 facilius
2452 1610 2633 1682 possis
2671 1622 2985 1664 sermonem
3036 1605 3364 1678 intelligere,
3425 1617 3524 1675 qui

248 1694 346 1750 boc
367 1695 485 1752 fere
511 1693 674 1752 modo
701 1709 762 1751 se
792 1695 1002 1766 habuit,

3375 1908 3504 1929 qna-—

1283 2077 1888 2170 DIALOGUS
1983 2064 2479 2168 PRIMUS.

1439 2271 1528 2336 De
1560 2269 1819 2351 Angelis
1851 2277 1913 2334 et
1948 2267 2316 2334 Animabus.

314 2612 386 2662 α’.
435 2600 755 2673 Ἐκαθήμην
789 2602 926 2672 μετὰ
961 2601 1178 2656 δεῖπνον
1211 2595 1350 2668 πρὸς
1391 2597 1457 2667 τῇ
1507 2594 1681 2668 πυρᾷ,
1733 2593 1822 2648 καὶ

2009 2596 2064 2652 i.
2099 2594 2369 2652 Sedebam
2395 2593 2464 2650 ad
2494 2592 2676 2649 locum
2701 2599 2827 2665 post
2865 2606 3105 2658 caenam,
3145 2590 3398 2663 idemque
3421 2606 3520 2663 pro

243 2697 442 2751 ταυτὸν
467 2697 496 2749 ό
541 2694 723 2762 γέρων
768 2691 1042 2753 εἰωθότως
1084 2687 1284 2753 ἐποίει,
1329 2686 1516 2750 ἄλλοις
1549 2686 1667 2757 ἅμα
1716 2685 1828 2738 τῶν

242 2789 556 2861 ἡμετέρων,
584 2789 681 2842 καὶ
723 2788 840 2870 τοῖς
883 2784 1050 2840 αὐτοῦ
1083 2783 1296 2838 παισίν·
1328 2776 1472 2855 ἦσαν
1500 2781 1612 2850 γάρ
1651 2780 1701 2833 οί
1729 2777 1825 2834 δύο

248 2885 404 2949 υἱεῖς,
434 2881 529 2936 νοῦ
551 2897 610 2936 τε
645 2880 737 2934 καὶ
765 2879 960 2948 σοφίας
994 2877 1347 2948 μετέχοντες,
1366 2875 1464 2928 καὶ
1491 2874 1554 2928 ού
1591 2873 1850 2944 σμικρὸν.

247 2976 422 3027 ἐνίοτε
471 2973 565 3026 τοῦ
612 2969 889 3042 πατρικοῦ
945 2966 1582 3036 σνναντιλαμϐανόμενοι
1639 2963 1822 3032 λόγου.

248 3066 358 3120 Καί
393 3067 485 3136 μοί
529 3081 694 3136 φησιν
719 3065 748 3117 ὁ
772 3061 1111 3133 πρεσϐύτηςο
1141 3059 1207 3114 Εί
1241 3058 1316 3130 μὴ
1357 3057 1613 3129 μέλλοιμι
1651 3055 1827 3119 δόξειν

245 3159 493 3229 ἐπαχθὴς
530 3160 627 3231 (l),
653 3155 923 3228 δεήσομαί
957 3172 1051 3208 σου
1092 3152 1327 3207 ἀκοῦσαί
1375 3167 1505 3222 μου,
1538 3151 1631 3203 καὶ
1666 3148 1828 3217 λόγον

252 3251 598 3321 μεταδοῦναι,
648 3251 777 3318 περὶ
819 3243 897 3302 ὧν
935 3247 1001 3302 ἂν
1031 3246 1285 3317 ἐροίμην·
1331 3243 1532 3315 σχολὴν
1567 3241 1680 3313 γὰρ
1725 3240 1824 3312 ήδη

250 3349 425 3414 ἄγεις.
462 3346 642 3415 Ἔφην
684 3342 732 3398 δ’
785 3341 915 3410 ἐγώ·
961 3339 1102 3418 ᾊλλ’
1135 3340 1184 3391 εί
1231 3337 1328 3391 καὶ
1371 3336 1456 3406 «μὴ
1506 3333 1824 3405 ἐσχόλαζον,

249 3439 423 3508 ἡδέως
453 3439 518 3492 ἄν
551 3434 644 3491 σου
677 3435 1016 3502 inueniamur;
1045 3431 1312 3502 βούλομαι
1340 3429 1450 3501 γάρ
1489 3446 1570 3485 σοι
1597 3426 1828 3499 χαρίζε-

251 3531 393 3585 σθαι.
433 3530 542 3583 Καὶ
569 3528 627 3592 ὃς
659 3527 965 3600 ἀρξάμενος
999 3525 1104 3597 ἔφη
1126 3535 1145 3556 ⁸

318 3621 383 3691 β’.
413 3622 598 3692 Ἔρως
643 3616 712 3692 ἦν
763 3636 856 3688 μοι
904 3618 1185 3688 διηνεκὴς,
1233 3615 1329 3670 τοῦ
1371 3614 1471 3687 τὴν
1519 3615 1646 3669 καθ’
1677 3615 1824 3686 ὑμᾶς

247 3713 505 3786 λατρείαν
535 3710 840 3777 suasmet;
881 3727 949 3778 με
982 3709 1190 3779 τυχεῖν.
1219 3709 1329 3762 Καὶ
1357 3706 1709 3777 Χριστιανῶν
1744 3707 1822 3778 (2)

253 3809 352 3876 μὲν
378 3805 587 3860 οὐδέσιν
615 3802 952 3858 οὐδεπώποτ’
975 3802 1248 3872 ἐνέτυχον,
1276 3799 1328 3854 οἳ
1353 3799 1519 3868 λόγου
1549 3816 1610 3854 τε
1643 3802 1824 3870 μετεῖ-

248 3919 362 3970 χον,
393 3898 491 3954 καὶ
529 3900 726 3968 πεῖραν
760 3896 968 3964 ταύτης
1005 3895 1279 3964 τοσαύτην
1329 3888 1499 3964 εἶχον,
1529 3893 1672 3958 ὥστε
1729 3893 1821 3964 μοί

248 4011 300 4046 τι
328 3992 518 4060 σαφὲς,
550 3992 644 4044 καὶ
673 3986 786 4045 οἷον
813 3989 879 4044 ἂν
915 3989 1233 4059 βουλοίμην,
1267 3986 1532 4041 δύνασθαι
1563 3987 1818 4058 φράζειν.
1853 3970 1896 4028 C

251 4085 474 4156 Περσῶν
529 4083 609 4150 δὲ,
656 4084 750 4136 καὶ
787 4081 1062 4151 Ἀράϐων,
1113 4087 1208 4134 καὶ
1256 4080 1542 4150 Τούρκων,
1577 4079 1628 4134 οἱ
1668 4078 1821 4150 παρὰ

246 4178 352 4229 τῶν
372 4176 678 4245 ὑμετέρων,
700 4175 775 4238 ὡς
796 4174 1008 4243 ελεγον,
1027 4173 1386 4245 ἐδιδάχθησαν
1407 4171 1445 4228 ἃ
1462 4171 1818 4244 πρεσϐεύετε,

249 4267 460 4320 πολλῶν
512 4267 685 4321 πολλὰ
731 4266 1000 4334 λεγόντων
1047 4266 1282 4336 ἀκήκοαο
1319 4260 1400 4328 οἷς
1435 4265 1496 4316 ού
1544 4263 1688 4318 πάνυ
1736 4280 1818 4316 τοι

246 4359 521 4414 πιστεύειν
544 4358 752 4426 ⁴ἠξίουν·
773 4359 938 4411 τοῦτο
973 4358 1094 4426 μὲν,
1119 4357 1194 4420 ὡς
1229 4357 1479 4419 ἐναντίας
1505 4352 1662 4411 οὖσιν
1690 4357 1820 4426 ὑμῖν

245 4454 566 4526 θρησκείας,
613 4452 774 4506 τοῦτο
801 4453 845 4506 δ’
880 4451 958 4515 ὡς
1001 4451 1358 4528 διαφωνοῦσι,
1393 4452 1491 4508 καὶ
1525 4450 1603 4522 μὴ
1644 4450 1818 4504 ταυτὰ

242 4548 516 4614 λέγουσιν.
552 4545 745 4610 Ἄλλος
772 4545 882 4617 γὰρ
910 4545 1040 4600 ἄλλο
1065 4561 1118 4598 τι
1145 4545 1276 4616 περὶ
1307 4543 1403 4598 τοῦ
1435 4543 1606 4598 αὑτοῦ
1637 4546 1818 4614 πράγ-

247 4657 415 4708 ματος
443 4639 740 4709 ἀκηκοέναι
773 4636 1160 4707 διῖσχυρίζετο·
1195 4637 1400 4699 πάντες
1433 4637 1491 4691 δὲ
1527 4637 1816 4689 παντάπα-

245 4751 330 4786 σιν
386 4733 634 4803 ἀλλήλοις
689 4729 987 4801 ἀσύμϐατα
1041 4731 1251 4799 ἔλεγον.
1320 4729 1466 4782 Ἀλλ’
1521 4727 1622 4798 ήδη
1675 4729 1815 4801 τύχῃ

242 4825 422 4896 ἀγαθῇ
468 4824 710 4878 τοιούτου
757 4821 913 4890 ξένου
954 4839 1048 4876 σου
1094 4821 1302 4893 τυχὼν,
1339 4822 1546 4891 σφόδρα
1593 4820 1816 4884 εὔελπίς

244 4921 382 4988 εἰμι,
421 4916 523 4970 νῦν
577 4914 708 4985 γοῦν
759 4915 969 4967 ἐκείνου
1025 4915 1338 4979 τεύξεσθαι,
1395 4905 1570 4985 οὗπερ
1605 4913 1818 4967 ἄνωθεν

239 5015 412 5083 ἧρων.
442 5011 606 5064 Ὅθεν
647 5010 711 5082 δὴ
763 5011 860 5063 καὶ
909 5009 1102 5080 δέομαί
1154 5026 1248 5062 σου
1301 5009 1377 5080 μὴ
1428 5009 1528 5080 τῆς
1573 5008 1816 5079 ἐφέσεως

241 5106 533 5178 ἁμαρτεῖν,
574 5103 709 5174 μηδέ
749 5103 859 5156 τῶν
891 5103 1125 5156 ἐλπίδων
1173 5101 1504 5172 ψευσθῆναι,
1541 5102 1678 5155 ἀλλὰ
1711 5121 1814 5155 κα-

241 5200 418 5273 θαρῶς
451 5196 683 5251 ἀκοῦσαι
733 5196 884 5269 παρὰ
926 5196 1020 5250 σοῦ
1069 5195 1231 5251 πάνθ’
1262 5195 1298 5250 ἃ.
1345 5189 1620 5269 φρονεὶἓεέ
1652 5197 1812 5267 κάγὼ

1936 2702 2090 2744 more
2131 2686 2369 2743 faciebat
2409 2701 2600 2752 senex,
2635 2700 2746 2740 una
2779 2702 2904 2742 cum
2951 2686 3076 2741 aliis
3103 2700 3170 2741 ex
3213 2694 3405 2741 nostro
3427 2701 3521 2740 co-

1934 2780 2152 2845 mitatu,
2179 2791 2380 2836 etcum
2414 2779 2529 2836 suis
2557 2779 2718 2836 ﬁliis:
2741 2779 2796 2834 bi
2827 2787 2988 2836 erant
3009 2779 3142 2845 duo,
3180 2780 3402 2851 ingenio
3426 2795 3520 2834 sa-

1932 2875 2254 2946 pientiaque
2298 2874 2541 2946 praediti,
2578 2888 2684 2930 nec
2737 2870 2933 2944 parum
2980 2874 3275 2944 aliquando
3310 2888 3522 2929 sermo-

1933 2982 2057 3023 nem
2087 2969 2260 3038 patris
2289 2966 2646 3038 adjuvabant.
2679 2964 2819 3021 Tum
2867 2981 3058 3034 senex,
3103 2966 3218 3022 Nisi
3251 2965 3521 3022 molestus

1932 3073 2056 3115 esse
2083 3060 2294 3126 videar,
2317 3060 2519 3132 inquit,
2549 3069 2602 3114 te
2633 3060 2837 3129 rogabo
2870 3069 2929 3114 ut
2956 3073 3043 3114 me
3074 3061 3288 3127 audias,
3308 3075 3518 3116 sermo-

1934 3167 2172 3232 nemque
2208 3153 2277 3209 de
2299 3153 2505 3223 quibus
2542 3152 2892 3226 lnterrogaro
2931 3153 3284 3224 impcrtiare:
3316 3164 3514 3210 nactus

1931 3247 2078 3302 enim
2103 3255 2156 3301 te
2173 3260 2294 3315 sum
2321 3245 2584 3302 otiosum.
2612 3247 2684 3300 At
2702 3244 3065 3315 ego,Etiamsi
3095 3261 3260 3316 quam
3288 3247 3514 3304 minime

1930 3342 2142 3395 otiosus
2159 3353 2362 3401 essent,
2387 3337 2635 3407 inquam,
2653 3345 2837 3392 tamen
2863 3337 3027 3392 iuben
3040 3348 3120 3392 ter
3147 3346 3195 3394 te
3222 3337 3473 3393 audirem
3498 3357 3513 3392 :

1933 3447 2034 3488 nec
2057 3432 2358 3504 quidquam
2401 3439 2615 3486 tantum
2645 3429 2833 3500 cupio,
2860 3446 3025 3502 quam
3062 3430 3158 3486 tibi
3190 3431 3513 3502 gratilicari.

1929 3522 2088 3580 Tunc
2112 3525 2295 3580 dicere
2334 3538 2566 3580 exorsus
2597 3533 2683 3578 est
2717 3541 2730 3577 :

1999 3617 2058 3672 2.
2094 3616 2343 3687 Semper,
2379 3617 2576 3688 inquit,
2611 3630 2714 3687 ego
2757 3616 2963 3688 optavi,
2999 3623 3057 3672 ut
3092 3616 3146 3672 in
3200 3632 3372 3674 unum
3415 3618 3519 3676 ali-

1928 3729 2090 3785 quem
2118 3711 2553 3780 inciderem,qui
2579 3721 2815 3765 vestram
2853 3727 2940 3766 me
2969 3712 3290 3782 religionem
3321 3713 3518 3770 edoce-

1928 3813 2032 3860 ret.
2075 3803 2287 3860 Etenim
2321 3819 2353 3859 e
2383 3802 2722 3858 Christianis
2769 3803 2992 3872 quidem
3043 3805 3225 3860 nullos
3269 3823 3510 3877 unquam

1928 3897 2132 3967 reperi,
2166 3896 2260 3967 qui
2284 3905 2499 3950 tantum
2533 3879 2762 3967 ingenii,
2801 3906 3121 3970 tantamque
3155 3917 3270 3958 suae
3295 3902 3516 3972 religio-

1927 3989 2016 4044 nis
2042 3987 2291 4058 peritiam
2328 3988 2615 4054 baberent,
2669 3999 2729 4045 ut
2766 3989 2831 4044 de
2873 3990 2964 4045 illa
2998 3991 3134 4047 mihi
3166 3993 3376 4066 clarum
3409 3997 3506 4051 ali-

1925 4082 2078 4153 quid,
2105 4082 2268 4152 quale
2287 4081 2504 4158 vellem,
2521 4081 2704 4153 eloqui
2730 4091 2976 4153 possent.
2994 4082 3158 4141 Plura
3183 4103 3313 4145 vero
3339 4103 3369 4144 e
3389 4090 3512 4160 plu-

1925 4175 2080 4231 ribus
2097 4175 2305 4241 Persis,
2334 4177 2632 4240 Arabibus,
2659 4175 2965 4249 Turcisque
2985 4180 3194 4247 audivi,
3215 4183 3311 4252 qui
3335 4199 3364 4238 a
3388 4201 3512 4242 ves-

1925 4271 2047 4333 tris,
2068 4278 2126 4324 ut
2156 4269 2398 4334 aiebant,
2429 4269 2714 4341 religionis
2746 4280 2945 4327 vestrae
2985 4273 3167 4345 capita
3197 4275 3513 4348 placitaque

1921 4361 2339 4427 edoctiluerant
2360 4381 2374 4418 :
2398 4362 2602 4433 quibus
2624 4369 2809 4420 tamen
2838 4380 2944 4420 non
2977 4366 3138 4436 plane
3163 4368 3388 4424 credere
3416 4385 3511 4429 vo—

1921 4456 2102 4512 lebam
2128 4473 2141 4510 :
2165 4465 2281 4512 tum
2316 4456 2446 4525 quia
2479 4458 2817 4511 contrariam
2840 4471 3040 4515 vestra:
3073 4461 3388 4532 religionem
3416 4481 3511 4519 co-

1920 4549 2062 4616 lunt,
2105 4559 2220 4604 tum
2248 4549 2376 4617 quia
2403 4548 2548 4603 inter
2583 4563 2643 4604 se
2667 4549 3027 4618 dissentiunt,
3056 4568 3157 4608 nec
3189 4555 3380 4608 eadem
3418 4557 3508 4611 di-

1920 4647 2075 4694 cunt.
2111 4636 2248 4694 Nam
2281 4638 2425 4693 alius
2451 4638 2599 4694 aliud
2618 4641 2806 4695 eadem
2835 4641 2902 4696 de
2929 4656 2986 4696 re
3021 4643 3243 4698 audisse
3275 4660 3336 4700 se
3365 4646 3508 4700 amr-

1919 4737 2138 4789 mabat:
2170 4748 2364 4788 omnes
2393 4743 2577 4789 autem
2609 4748 2672 4788 ea
2704 4732 2987 4801 dicebant,
3016 4749 3138 4804 quae
3168 4737 3311 4790 inter
3333 4753 3393 4791 se
3418 4739 3506 4794 in-

1920 4829 2092 4882 vicem
2116 4826 2346 4881 omnino
2367 4827 2650 4906 cohaerere
2675 4841 2785 4882 non
2805 4836 3052 4898 possent.
3074 4828 3182 4884 Sed
3203 4829 3504 4902 jam,quod

1922 4921 2048 4975 felix
2077 4920 2436 4990 faustumque
2460 4923 2554 4982 sit,
2575 4921 2737 4975 talem
2765 4929 2815 4975 te
2838 4919 3112 4990 hospitem
3137 4931 3330 4978 nactus
3353 4924 3506 4978 valde

1919 5027 2081 5081 spero
2118 5013 2259 5079 fore,
2289 5022 2348 5067 ut
2371 5014 2653 5083 quod,jam
2684 5013 2892 5084 pridem
2920 5014 3324 5082 desiderabam,
3355 5033 3504 5074 nunc

1920 5117 2069 5160 certe
2129 5121 2458 5174 consequar.
2494 5107 2648 5163 Unde
2706 5107 2961 5174 obsecro,
3013 5117 3072 5162 ut
3119 5112 3229 5164 voti
3278 5126 3506 5183 compos

1922 5197 2069 5261 tiam,
2102 5211 2281 5266 neque
2313 5211 2430 5251 mea
2473 5212 2559 5252 me
2599 5212 2724 5268 spes
2743 5197 2915 5261 fallat.
2939 5201 3036 5256 sed
3071 5210 3125 5256 et
3150 5218 3271 5273 qua:
3297 5205 3506 5260 sc'ntia-

238 5295 292 5346 δὲ
324 5294 633 5364 βουλομένῳ
665 5308 749 5349 σοι
775 5291 933 5346 πάντ’
958 5291 1067 5360 ἐρῶ
1091 5291 1160 5344 τὰ
1182 5292 1454 5362 ἡμέτερα,
1480 5291 1516 5346 ἃ
1547 5292 1690 5347 δοκῶ
1720 5311 1811 5362 μοι

1930 5289 2012 5351 Lis,
2046 5304 2076 5343 a
2104 5299 2156 5345 te
2207 5290 2433 5374 omnino
2461 5290 2670 5360 liquido
2700 5293 2962 5350 audiam:
2995 5297 3128 5366 quin
3165 5312 3268 5369 ego
3308 5299 3427 5368 tibi,
3457 5301 3504 5358 si

163 5425 168 5428 ‹
239 5385 415 5448 καλῶς
448 5386 673 5440 εἰδέναι.
713 5382 1122 5454 Ἐνδέχεται.δέ
1174 5401 1258 5436 σοι
1303 5384 1495 5456 μισθὸν
1546 5386 1804 5464 γενέσθαι

1930 5382 2141 5451 quidem
2177 5381 2333 5448 velis,
2365 5384 2550 5437 omnia
2593 5394 2780 5440 nostra
2829 5387 3076 5460 eloquar,
3117 5406 3242 5462 qua:
3275 5391 3505 5464 pulchue

238 5477 344 5528 τῶν
378 5477 580 5536 πόνων,
609 5468 722 5528 οἷον
754 5473 820 5525 ἂν
851 5472 1013 5534 αὐτὸς
1039 5469 1246 5537 εὖξαιο.
1275 5472 1335 5524 Ei
1364 5471 1474 5542 γὰρ
1507 5471 1571 5542 δὴ
1601 5461 1810 5524 τὰίπα-

239 5569 306 5638 ρὰ
351 5566 446 5622 σοῦ
494 5565 877 5638 λεχθησόμενα
921 5565 1185 5635 ἀληθείας
1243 5563 1480 5636 ἐχόμενα
1531 5564 1807 5633 φανεῖται,

309 5754 384 5825 (Ι)
412 5753 549 5809 Cod.
577 5751 745 5809 Cuisl.
781 5751 1064 5823 ἐπαχθείς.

1921 5475 2053 5528 mibi
2080 5474 2268 5529 videor
2303 5475 2466 5530 scire.
2505 5475 2570 5529 Et
2601 5489 2782 5547 potest
2813 5481 2955 5548 ﬁeri,
3009 5491 3070 5538 ut
3111 5499 3277 5554 quam
3312 5485 3504 5554 utique

1917 5575 2162 5637 Optares,
2189 5582 2310 5623 eam
2348 5567 2554 5646 laboris
2601 5571 2680 5626 tui
2714 5575 3024 5633 mercedem
3062 5575 3233 5634 feras.
3267 5575 3326 5634 Si
3350 5580 3502 5634 enim

1996 5759 2073 5830 ﬂ)
2117 5755 2253 5815 Cod.
2290 5756 2457 5816 Coisl.
2488 5759 2860 5832 Χριστιανοίς.
