3972 6454
437 303 544 370 135

1573 297 1980 359 MANUELIS
2019 299 2468 362 PALEOLOGI

3594 309 3689 380 136

425 436 546 490 qua!
573 435 601 474 a
627 427 679 473 te
712 417 856 473 dicta
889 415 1114 481 fuerint,
1139 414 1372 470 veritate
1398 412 1498 470 niti
1535 415 1888 475 videbuntur,
1919 429 2012 465 ne-

2140 419 2336 486 ινὰγκη
2379 419 2552 486 δήπου
2598 418 2749 487 τάμὰ
2795 419 2973 484 ἄλλως
3026 421 3221 491 ἔχοντα
3265 422 3436 492 δόξαι.
3471 423 3580 483 Καῖ
3613 436 3690 486 τίς

427 528 583 568 ευεεε
620 513 866 582 ρι·υ1ἐειυ
905 521 1015 576 est,
1048 520 1104 562 ut
1137 509 1297 562 aliter
1323 525 1385 564 se
1433 507 1633 561 habere
1665 522 1694 559 a
1733 522 1819 560 me
1867 507 2012 560 dicta

427 615 750 674 appareant.
778 603 896 657 iam
928 617 1060 656 vero
1093 603 1218 671 quis
1247 601 1325 654 ita
1376 600 1606 653 demens
1639 609 1744 660 est,
1780 607 1838 650 ut
1867 597 2013 666 quod

429 711 538 750 non
590 707 674 750 est
723 710 915 748 verum
953 708 1082 747 vero
1126 690 1426 764 praeferat?
1460 689 1574 744 lloc
1609 701 1792 743 autem
1825 703 2014 742 verum

429 805 552 844 esse
591 789 737 858 quod
771 788 910 854 dixi,
951 787 1044 840 illo
1075 794 1400 854 argumento
1434 783 1842 838 demonstratur
1870 799 1884 834 :
1919 796 2019 834 no-

430 882 515 934 bis
543 880 696 936 nefas
727 890 813 934 est
844 895 970 934 cmn
991 879 1322 934 Christianis
1344 877 1654 946 disputare,
1679 875 1775 944 qui
1803 889 2016 934 secum,

432 983 491 1028 ut
528 973 706 1038 aiunt,
740 974 968 1026 mnltam
1011 971 1373 1040 persuadendi
1401 970 1509 1025 vim
1548 968 1770 1022 habent.
1803 968 1881 1021 Ac
1909 964 2016 1020 nisi

431 1065 737 1120 acerrimus
784 1079 964 1119 essem
1002 1064 1249 1118 veritatis
1279 1071 1514 1123 amator,
1545 1075 1653 1114 non
1680 1073 1813 1114 sane
1844 1058 2015 1127 legem

429 1155 582 1211 illam
616 1157 971 1224 negligerem,
1003 1170 1127 1222 qua:
1173 1153 1224 1208 id
1275 1153 1455 1209 facere
1501 1153 1778 1224 prohibet,
1815 1165 1916 1203 nec
1949 1148 2016 1202 ad

433 1253 646 1300 tantum
677 1258 954 1302 certamen
986 1255 1188 1299 temere
1235 1244 1645 1316 suscipiendum
1681 1243 2020 1311 accingerer.

503 1339 558 1390 ὃ.
594 1337 699 1390 Sed
736 1345 790 1390 tu
816 1335 1062 1402 quidem,
1111 1335 1362 1405 inquam,
1412 1351 1538 1389 cum
1593 1335 1671 1388 sis
1707 1340 2014 1387 vestrorum

430 1431 749 1497 dogmatum
781 1428 1064 1496 magister,
1112 1443 1235 1498 qute
1276 1426 1556 1497 polliceris
1591 1425 1805 1494 .optime
1862 1431 2019 1491 potes

433 1521 701 1590 implere:
737 1520 868 1574 mihi
903 1535 1032 1574 vero
1045 1527 1102 1574 et
1126 1534 1341 1574 mecum
1366 1516 1727 1572 militantibus
1747 1514 1850 1568 alia
1872 1528 2021 1583 quae-

429 1616 555 1667 dam
589 1626 760 1680 genus
788 1610 911 1665 vitae
941 1610 1280 1680 praescribit:
1317 1617 1680 1679 quapropter,
1730 1605 2016 1675 siquidem

433 1713 620 1759 nostra
643 1704 858 1758 discere
889 1702 1100 1767 studes,
1129 1701 1512 1772 ejusmodique
1529 1699 1712 1754 facere
1731 1697 2014 1768 quidpiam

2119 509 2297 571 οὕτως
2327 509 2577 579 ἀνόητος,
2609 510 2685 573 ὡς
2719 514 3065 582 προτιμῆσαι
3095 514 3362 584 τάληθοῦς
3405 518 3464 571 τὸ
3495 521 3568 591 μὴ
3589 540 3692 577 τοι·

2119 599 2278 652 οῦτον
2301 618 2315 665 ;
2347 602 2388 652 Τ
2391 603 2514 653 ουτὶ
2547 602 2603 655 δὲ
2627 602 2807 672 δῆλον,
2833 604 3157 675 ἀποδειχθὲν
3183 608 3416 663 ἐκεῖθεν*
3443 611 3565 665 οὐδὲ
3591 615 3694 683 γὰρ

2121 693 2255 762 ἡμῖν
2321 693 2544 762 θεμιτὸν
2606 695 2963 764 Χριστιανοίς
3016 699 3392 768 διαλέγεσθαι,
3455 705 3590 758 πολὺ
3641 709 3697 759 τὸ

2123 785 2333 838 πείθειν
2370 785 2555 854 έχουσι
2610 786 2994 856 μεθ’έαυτῶν,
3039 789 3115 854 ὥς
3171 809 3327 859 φασι.
3366 793 3473 847 Καὶ
3524 798 3572 849 εί
3623 799 3695 868 μὴ

2123 877 2333 946 σφόδρα
2380 874 2450 950 ἦν
2496 879 2662 942 αὐτὸς
2710 880 2811 950 τῆς
2859 881 3125 950 ἀληθείας
3173 885 3440 955 ἐραστὴς,
3485 887 3584 942 οὐκ
3636 889 3697 944 ἂν

2122 971 2392 1039 ἠμέλουν,
2421 972 2531 1026 οὐδ’
2559 973 2881 1044 ὠλιγώρουν
2907 975 3001 1029 τοῦ
3030 976 3188 1030 τοῦτο
3204 978 3470 1047 πράττειν
3499 981 3700 1051 εἶργον.

2120 1078 2212 1125 τος
2241 1065 2434 1134 νόμου,
2459 1066 2586 1119 οὐδὲ
2615 1068 2753 1137 πρὸς
2780 1068 2873 1121 τὸν
2904 1068 2982 1140 (1)
3015 1069 3273 1124 τοσοῦτον
3306 1071 3498 1140 ἀγῶνα
3521 1075 3704 1144 τηνάλο

2123 1159 2227 1223 λως
2257 1158 2323 1213 ἄν
2359 1160 2479 1213 ποτ’
2505 1161 2857 1232 ἁπεδυόμην.

2704 1267 2735 1298 Γ

2195 1337 2266 1399 γ’.
2310 1338 2470 1392 Ἀλλὰ
2499 1341 2563 1394 σὺ
2591 1341 2712 1406 μὲν,
2746 1341 2904 1411 ἔφην,
2929 1343 3249 1411 διδάσκαλος
3279 1347 3389 1401 τῶν
3413 1350 3536 1403 καθ’
3561 1352 3702 1421 ὑμᾶς

2123 1430 2418 1498 δογμάτων
2435 1432 2739 1501 ’τυγχάνεις
2774 1433 2874 1496 ὢν,
2913 1435 3004 1488 καὶ
3036 1437 3223 1490 δύναιο
3257 1439 3324 1491 ἂν
3357 1442 3538 1506 καλῶς
3567 1441 3704 1512 άπερ

2125 1521 2443 1595 ἐπαγγέλλῃ
2490 1523 2744 1577 τελέσαι·
2802 1526 3002 1595 έμοιγε
3056 1527 3112 1580 δὲ
3150 1529 3244 1582 καὶ
3293 1533 3405 1596 τοῖς
3437 1531 3560 1602 ἄρτι
3598 1533 3706 1604 μετ’

2125 1613 2263 1683 ἐμοῦ
2293 1617 2752 1686 στρατευομένοις
2787 1617 2900 1671 ἀλλ’
2932 1619 3070 1672 ἄττα
3098 1620 3132 1692 ἡ
3180 1622 3334 1687 τάξις
3382 1625 3708 1692 ἐπαγγέλλε-

2125 1723 2215 1760 ται
2241 1722 2256 1737 ο
2294 1706 2412 1760 ἀνθ’
2445 1701 2520 1762 ὧν
2567 1709 2866 1762 σπουδαῖόν
2897 1729 2955 1764 τε
3003 1712 3132 1765 δντα
3165 1715 3264 1767 καὶ
3309 1716 3532 1784 τηλίκον
3577 1717 3630 1770 δέ
3658 1737 3706 1772 τι

431 1796 666 1865 cogitas,
691 1795 758 1850 ad
777 1809 873 1848 eos
895 1794 1076 1864 potius
1094 1794 1355 1848 accedere
1381 1802 1431 1848 te
1452 1791 1761 1862 oportebat,
1789 1802 2021 1859 quorum

2140 1801 2338 1870 πρᾶξαι
2395 1800 2800 1871 διανοούμενον,
2837 1803 2942 1857 ἔδει
3001 1822 3062 1858 σε
3111 1807 3286 1876 δήπου
3336 1773 3530 1878 φοιτᾷν
3579 1812 3706 1882 πρὸς

433 1888 677 1942 cilicium
711 1897 798 1942 est
831 1888 947 1941 lucc
976 1886 1180 1940 docere
1215 1903 1230 1939 :
1273 1886 1310 1939 ii
1354 1900 1556 1955 magno
1587 1892 1717 1941 sunt
1740 1897 1972 1937 numero
2005 1899 2021 1936 :

435 1980 643 2033 nostris
672 1979 725 2032 in
759 1977 991 2034 urbibus
1022 1977 1292 2033 habitant.
1323 1977 1535 2032 Tamen
1564 1991 1633 2031 ne
1673 1977 1754 2031 sic
1801 1974 2022 2045 quidem

437 2087 538 2125 nos
564 2071 842 2124 disserere
867 2069 1049 2138 pigeat
1092 2070 1160 2122 de
1213 2063 1663 2138 quibuscumque
1712 2066 2025 2135 interroga-

385 2210 400 2220 .
435 2165 578 2218 vcris
613 2182 626 2218 :
653 2180 971 2234 quanquatn
995 2166 1098 2217 hoc
1113 2163 1440 2234 simpliciter
1467 2153 1613 2226 apud
1631 2175 1826 2216 omnes
1845 2159 2026 2214 facere

435 2272 544 2310 non
577 2257 761 2310 liceat.
789 2253 923 2308 Nam
959 2254 1074 2308 haec
1098 2252 1224 2308 data
1251 2253 1408 2307 nobis
1431 2254 1517 2306 lex
1546 2261 1652 2317 est,
1684 2261 1742 2306 ut
1803 2265 2029 2319 semper

435 2350 658 2417 quidem
689 2348 755 2402 ad
782 2349 1051 2402 rationem
1083 2355 1286 2400 nostra:
1315 2346 1432 2415 spei
1466 2343 1801 2400 reddendam
1836 2345 2013 2414 parati
2062 2340 2071 2346 '

435 2443 611 2495 simus
631 2439 747 2512 ('2):
777 2453 954 2508 neque
975 2438 1123 2492 enim
1151 2437 1452 2506 trepidare,
1484 2451 1663 2506 neque
1691 2435 2026 2490 invadentes

435 2534 631 2588 timere
660 2533 890 2596 debetis,
918 2533 1010 2600 qui
1059 2529 1149 2583 Dei
1178 2530 1333 2584 miles
1365 2540 1467 2595 est,
1518 2538 1574 2584 et
1621 2530 1737 2599 ipsa
1794 2529 2026 2582 veritate

437 2640 684 2680 armatus
715 2643 730 2680 :
759 2639 936 2693 neque
954 2623 1060 2677 hoc
1084 2623 1291 2685 solum,
1317 2622 1413 2676 sed
1435 2623 1639 2692 ubique
1656 2623 1821 2677 etiam
1847 2632 2024 2676 terra-

436 2734 558 2773 rum
585 2727 640 2772 et
663 2717 910 2786 quatidie
935 2716 1060 2772 licet
1091 2715 1442 2785 Evangelium
1471 2715 1790 2786 pisedicare.
1817 2713 1921 2769 Sed
1943 2725 2027 2768 ta-

440 2826 562 2865 men
585 2809 709 2864 iidei
741 2811 1071 2865 thesaurum
1096 2810 1162 2864 ad
1185 2825 1378 2865 omnes
1405 2810 1719 2880 promiscue
1742 2819 2033 2865 ac'temcre

441 2891 524 2957 sic
551 2901 876 2967 exhaurire,
913 2901 1123 2956 licitum
1158 2915 1269 2955 non
1323 2911 1430 2955 est.
1467 2899 1577 2956 Nos
1625 2909 1810 2956 autem
1863 2917 1925 2956 ea
1973 2912 2028 2954 tu

441 2995 652 3050 ratione
675 3007 864 3064 captos
898 2995 1088 3060 habes,
1117 3009 1224 3061 qua
1251 2993 1413 3049 nobis
1479 2993 1830 3064 persuasisti,
1865 3005 1923 3048 ut
1951 2997 2032 3047 la-

442 3090 635 3145 borum
669 3090 978 3143 mercedem
1011 3104 1039 3142 a
1069 3087 1182 3142 Deo
1211 3103 1312 3142 nos
1335 3099 1736 3143 consecuturos
1761 3101 1888 3143 esse
1907 3103 2032 3156 spc-

443 3197 647 3236 remus.
677 3180 976 3251 Dieigitur,
999 3181 1341 3248 factoinitio,
1362 3183 1749 3250 undecumque
1787 3180 2028 3235 libuerit.

507 3389 541 3442 4
582 3386 690 3456 Ego
713 3387 947 3456 primum
968 3385 1214 3456 quidem,
1234 3385 1409 3456 inquit
1427 3384 1555 3454 (hoc
1573 3383 1717 3438 enim
1741 3382 2032 3454 quemdam

441 3477 692 3533 ordinem
716 3474 922 3547 habet),
941 3475 1202 3546 quidnam
1229 3475 1296 3529 de
1321 3475 1640 3543 angelorum
1662 3481 1880 3534 natura.
1899 3472 2038 3528 etde

442 3571 568 3626 cceli
601 3579 874 3640 terrasque
904 3579 960 3623 et
991 3568 1232 3622 universi
1262 3569 1426 3638 hujus
1457 3568 1648 3622 mundi
1683 3576 2037 3637 coagmenta-

446 3661 596 3716 tione
626 3659 902 3737 sentiatis,
926 3662 1070 3716 scire
1090 3675 1224 3714 sane
1245 3675 1380 3715 aveo
1413 3676 1428 3714 :
1457 3659 1659 3714 deinde
1689 3668 1893 3713 caetera
1923 3673 2033 3712 una
2073 3662 2078 3666 ’

443 3767 622 3812 tecum
647 3752 959 3823 expendere
981 3767 1156 3822 usque
1185 3753 1250 3806 ad
1303 3754 1479 3822 ipsam
1540 3751 2032 3814 resurrectionem,

440 3861 695 3918 eamque,
712 3860 832 3915 qua:
853 3857 983 3899 tunc
1001 3848 1125 3911 erit,
1141 3845 1510 3901 conditionem
1530 3860 1740 3911 rerum,
1759 3857 1812 3900 et
1831 3844 2039 3900 facien-

441 3939 567 3993 dam
594 3939 896 4008 unicuique
923 3951 1025 4007 pro
1048 3938 1162 3992 suis
1188 3936 1532 3994 facinoribus
1586 3937 2036 4001 retributionem,

442 4047 566 4100 quae
599 4031 824 4084 ultimus
855 4031 965 4084 erit
996 4029 1120 4083 ﬂuis
1149 4041 1338 4084 eorum
1386 4046 1510 4100 quze
1557 4039 1872 4086 moventur.
1936 4029 2034 4084 Sin

446 4133 630 4174 autem
665 4121 732 4174 de
766 4118 875 4173 Deo
901 4120 1142 4188 primum
1161 4131 1214 4172 et
1246 4120 1313 4172 de
1329 4120 1532 4189 quibus
1563 4120 1802 4174 invicem
1824 4119 2039 4174 diss-en-

443 4213 614 4268 timus
641 4214 822 4268 dicere
849 4214 945 4266 t'rbi
975 4212 1208 4280 placeat,
1245 4212 1340 4266 liat
1365 4214 1532 4267 etiam
1565 4212 1713 4282 quod
1745 4213 1844 4268 tibi
1876 4212 2030 4266 vide-

445 4313 558 4357 tur.
595 4303 706 4356 lmo
738 4303 1160 4370 enim,inquam,
1198 4302 1268 4356 ab
1293 4301 1386 4354 illo
1417 4303 1598 4370 potius
1646 4311 1862 4370 oportet
1899 4300 2041 4354 inci-

445 4412 596 4466 pere,
621 4396 764 4465 qund
789 4396 942 4465 prius
966 4394 1188 4449 dixisti:
1215 4393 1657 4464 quandoquidem
1682 4401 1805 4462 post
1827 4394 1877 4447 id
1906 4393 2042 4448 faci-

2127 1894 2394 1960 έκείνους,
2429 1891 2511 1958 οἷς
2541 1895 2707 1964 έργον
2729 1897 2906 1952 ταῦτα
2954 1898 3232 1955 διδάσκειν
3253 1917 3267 1931 ·
3303 1903 3492 1956 πολλοὶ
3520 1903 3577 1957 δέ
3608 1906 3707 1974 ἄρα

2129 1987 2303 2039 εἰσιν·
2343 1987 2532 2057 ἔχουσι
2573 1989 2630 2042 δὲ
2665 1990 2890 2054 τούτους
2918 1991 2975 2044 αἱ
3020 1993 3295 2065 ἡμέτεραι
3333 1993 3540 2058 πόλεις.
3571 1996 3706 2062 Πλήν

2129 2096 2193 2148 γε
2227 2080 2322 2132 καὶ
2357 2081 2491 2150 ἡμῖν
2523 2081 2623 2134 οὐκ
2673 2083 3038 2154 ἀποκνητέον,
3067 2087 3196 2156 περὶ
3249 2079 3327 2140 ὧν
3365 2087 3432 2142 ἂν
3463 2088 3604 2158 ἔροιο
3628 2088 3707 2142 λέ-

2130 2188 2249 2238 7va
2269 2189 2282 2202 ·
2315 2174 2494 2226 καίτοι
2526 2191 2630 2244 περ
2657 2174 2718 2228 ού
2745 2174 2906 2244 θέμις
2926 2175 3116 2240 ἁπλῶς
3149 2181 3524 2248 πρὸς-πάντας
3552 2167 3704 2233 τοῦτο

2134 2270 2330 2322 ποιεῖν.
2373 2267 2664 2338 Ἐτοίμους
2697 2269 2798 2339 μέν
2829 2268 2937 2341 γὰρ
2973 2271 3063 2325 ἀεὶ
3093 2274 3547 2343 παρασκευάζειν
3571 2275 3706 2344 ἡμᾶς

2134 2361 2336 2420 αὐτοὺς
2381 2359 2517 2428 πρὸς
2571 2361 2871 2430 ἀπολογίαν
2922 2367 3177 2434 περὶτῆς
3207 2366 3269 2416 έν
3309 2367 3445 2435 ἡμῖν
3483 2365 3707 2431 έλπίδος,

2133 2454 2296 2521 νόμος
2339 2454 2472 2524 ἡμῖν
2501 2466 2515 2481 ⁸
2551 2454 2676 2507 οὐδὲ
2711 2457 2820 2525 γὰρ
2851 2455 3140 2523 φοϐεῖσθαι
3171 2457 3278 2522 δεῖ,
3320 2458 3430 2512 οὐδ’
3462 2460 3708 2530 ὀρρωδεῖν

2135 2545 2412 2611 ἐπιόντας,
2473 2548 2818 2616 στρατιώτην
2853 2547 2982 2601 ὄντα
3031 2549 3190 2614 Θεοῦ,
3225 2552 3325 2605 καὶ
3375 2554 3442 2621 τῇ
3493 2551 3708 2622 ἀληθείᾳ

2134 2634 2591 2708 καθωπλισμένον
2614 2655 2628 2670 ·
2685 2639 2745 2691 ού
2777 2640 2938 2710 μόνον
2967 2640 3024 2693 δὲ
3071 2640 3252 2707 τοῦτο,
3289 2644 3428 2697 ἀλλὰ
3466 2645 3559 2698 καὶ
3589 2661 3709 2697 παν-

2133 2727 2302 2796 τακθῦ
2339 2727 2442 2794 τῆς
2477 2728 2602 2797 γῆς,
2641 2728 2735 2781 καὶ
2762 2730 3088 2804 καθημέραν
3122 2733 3421 2804 κηρύττειν
3453 2737 3512 2789 τὸ
3541 2737 3707 2799 Εὐαγ-

2134 2821 2318 2888 γέλιον
2348 2821 2547 2888 ἔξεστι.
2583 2825 2687 2878 Τὸν
2719 2826 2907 2894 μέντοι
2939 2843 3002 2895 γε
3036 2827 3137 2897 τῆς
3174 2829 3416 2892 πίστεως
3452 2831 3708 2902 θησαυρὸν

2136 2915 2339 2968 οὑτωσὶ
2366 2915 2502 2986 πρὸς
2535 2915 2789 2982 ἅπαντας
2830 2920 3064 2988 ἀφειδῶς
3095 2923 3190 2975 καὶ
3217 2921 3300 2986 ὼς
3331 2923 3397 2977 άν
3431 2942 3544 2988 πως
3569 2923 3708 2993 τύχαι

2141 3006 2357 3071 κενοῦν,
2408 3008 2467 3060 οὐ
2509 3010 2668 3079 μόνον
2702 3010 2914 3079 έφείται
2955 3011 3152 3065 ποιεῖν.
3199 3013 3278 3065 Σὺ
3314 3012 3361 3066 δ’
3405 3008 3484 3076 οἷς
3535 3011 3706 3083 μισθὸν

2141 3097 2384 3163 ἐλπίζειν
2437 3098 2664 3164 ἔπεισας
2715 3101 2827 3154 τῶν
2885 3103 3067 3156 πόνων
3125 3104 3284 3174 παρὰ
3335 3103 3496 3170 Θεοῦ,
3544 3100 3708 3156 λαὸὼν

2138 3193 2285 3262 ἡμᾶς
2313 3191 2480 3262 ἔχεις.
2517 3195 2626 3248 Καὶ
2661 3193 2797 3264 δῆτα
2822 3193 2950 3263 λέγε
2976 3194 3186 3262 λοιπὸν,
3224 3193 3292 3263 έξ
3329 3192 3497 3269 οὗπερ
3522 3197 3583 3249 ἂν
3605 3195 3711 3247 έθέ-

2137 3283 2249 3349 λοις
2286 3284 2503 3355 πρῶτον
2532 3285 2890 3358 ἐνάρξασθαι.

2209 3377 2272 3430 δ’.
2310 3378 2458 3446 Ἔφη
2487 3376 2666 3430 τοίνυν
2688 3393 2704 3409 ⁸
2750 3378 2893 3447 Ἐγὼ
2939 3380 3240 3454 βουλοίμην
3281 3385 3349 3439 ἂν
3377 3385 3586 3454 πρῶτον
3615 3399 3710 3452 μα-

2141 3469 2278 3535 θεῖν,
2313 3471 2473 3541 εἴπερ
2497 3471 2598 3525 οὐκ
2649 3473 2888 3542 ἐπαχθές
2937 3491 3020 3528 σοι
3049 3477 3068 3546 (
3093 3476 3246 3541 τάξιν
3285 3479 3394 3550 γὰρ
3421 3477 3543 3549 έχον
3568 3474 3711 3528 τοῦτό

2141 3581 2234 3634 μοι
2271 3565 2580 3635 φαίνεται),
2611 3565 2734 3618 τίνα
2765 3565 2828 3636 δὴ
2863 3566 3002 3620 am
3030 3571 3287 3638 φρονεῖτε
3338 3571 3466 3642 περὶ
3493 3569 3586 3638 τῆς
3610 3567 3710 3620 τῶν

2139 3655 2390 3724 ἀγγέλων
2447 3655 2687 3726 φύσεως,
2719 3659 2814 3710 καὶ
2861 3658 2962 3729 τῆς
3018 3661 3248 3730 οὐρανοῦ
3297 3663 3392 3716 καὶ
3447 3661 3567 3730 γῆς,
3625 3657 3711 3711 καὶ

2139 3748 2342 3811 παντὸς
2371 3747 2466 3802 τοῦ
2525 3744 2732 3818 κόσμου
2771 3749 2927 3802 τοῦδε
2978 3753 3308 3818 συστάσεως
3337 3770 3352 3785 ο
3398 3747 3516 3806 εἶτα
3549 3751 3711 3804 πάντα
3779 3787 3785 3792 .

2139 3839 2497 3907 συνεξετάσαι
2535 3840 2702 3911 μέχρι
2736 3840 2821 3913 ,δὴ
2859 3843 2960 3914 τῆς
2997 3845 3360 3910 ἀναστάσεως
3405 3844 3590 3913 αὐτῆς,
3627 3840 3711 3892 καὶ

2138 3935 2238 4001 τῆς
2288 3932 2411 3986 τότε
2467 3933 2888 4002 καταστάσεως,
2939 3935 3034 3988 καὶ
3081 3936 3325 4007 άμοιὸῆς
3373 3937 3582 4006 ἑκάστῳ
3614 3931 3712 3986 τῶν

2139 4025 2577 4096 πεπραγμένων,
2607 4027 2746 4095 ὅπερ
2781 4026 3012 4098 ἔσχατον
3040 4028 3157 4081 ἐστι
3207 4029 3368 4094 τέλος
3406 4028 3513 4082 τῶν
3547 4041 3713 4080 κινου-

2144 4115 2345 4184 μένων.
2401 4117 2464 4169 Εἰ
2497 4116 2555 4170 δέ
2588 4133 2671 4169 σοι
2707 4117 2860 4184 φίλον
2903 4118 3135 4188 πρώτως
3167 4119 3357 4187 λέγειν
3407 4121 3531 4190 περὶ
3563 4114 3713 4176 Θεοῦ,

2140 4206 2236 4261 καὶ
2265 4203 2338 4261 ὧν
2368 4208 2624 4278 ἀλλήλοις
2647 4209 3045 4280 διαφερόμεθα,
3073 4211 3322 4280 γενέσθω
3342 4213 3406 4283 δὴ
3435 4212 3492 4265 τὸ
3513 4205 3712 4263 δοκοῦν.

2141 4299 2315 4366 Κάγὼ
2366 4301 2504 4369 πρὸς
2562 4298 2738 4353 ταῦτα
2784 4299 2964 4371 έφην·
3007 4303 3291 4376 Ἀρκτέον,
3351 4304 3471 4358 ὅθεν
3522 4295 3714 4370 ἔφησθα

2149 4393 2369 4460 πρῶτον
2390 4407 2406 4424 ο
2449 4392 2582 4463 ῥᾷον
2614 4391 2724 4463 γὰρ
2744 4391 2810 4446 ἂν
2842 4394 2986 4464 μετά
3013 4395 3186 4448 ταῦτα
3218 4396 3441 4466 έχοιμέν
3470 4413 3522 4446 τι
3548 4393 3715 4458 λέγειν

450 4489 560 4544 lius
595 4503 756 4555 quam
798 4496 960 4541 antea
1007 4487 1073 4541 de
1107 4487 1219 4540 Deo
1248 4486 1431 4542 dicere
1461 4485 1664 4555 aliquid
1709 4485 2030 4554 poterimus:

2153 4483 2282 4551 περὶ
2310 4481 2467 4548 Θεοῦ,
2498 4482 2670 4556 ἢ’πρὸ
2696 4482 2904 4538 τούτων
2929 4501 2944 4514 ο
2977 4486 3193 4550 τούτοις
3223 4489 3338 4558 γὰρ
3367 4489 3567 4541 ἐκεῖνον
3595 4481 3718 4534 πάν,

447 4595 572 4634 nam
597 4579 679 4633 his
701 4579 918 4633 demum
944 4594 1068 4633 eum
1087 4577 1497 4648 cognoscimus.
1516 4578 1724 4632 Etenim
1745 4578 1860 4647 ipse
1873 4578 2050 4633 Abra-

451 4675 576 4726 ham
609 4679 688 4741 (ut
717 4688 745 4725 a
781 4673 934 4726 vobis
959 4688 1062 4727 non
1095 4682 1226 4742 puto
1259 4673 1521 4742 ignorari)
1551 4671 1751 4726 creatis
1779 4671 2047 4740 exere-bus

450 4771 518 4818 ad
551 4778 776 4834 prorsus
797 4765 1058 4832 incogniti
1091 4762 1779 4833 incomprehensibilisque
1811 4763 1905 4816 Dei
1949 4779 2040 4817 ve-

411 4848 423 4899 ι⁶
449 4855 604 4922 rique
626 4854 871 4908 omnium
903 4853 1120 4923 opificis
1138 4853 1510 4922 cognitionem
1532 4853 1795 4921 pervenit.
1822 4850 2041 4920 Optime

441 4954 604 5009 Vero,
631 4945 849 5013 inquit:
881 4959 1006 4998 nam
1040 4958 1142 4998 nos
1160 4959 1377 5013 quoque
1409 4944 1558 4998 illius
1590 4944 1878 5000 historiam
1924 4945 2038 4999 sei-

409 5106 414 5110 .
453 5051 600 5100 mus,
628 5051 801 5104 eaque
831 5044 925 5089 tuo
981 5035 1223 5090 sermoni
1292 5035 1572 5090 luculente
1618 5035 1988 5105 adstipulatur
2023 5055 2036 5090 :

453 5133 624 5201 quare
643 5130 790 5183 unde
815 5138 871 5182 tu
901 5128 1084 5182 dixisti
1107 5127 1264 5181 nobis
1283 5137 1364 5182 cst
1387 5130 1808 5200 auspicandum.
1838 5131 1900 5186 Et
1927 5132 2041 5186 haec

453 5221 679 5291 quidem
745 5223 907 5276 ambo
955 5221 1374 5288 praestituimus.
1775 5235 1778 5238 ‘

525 5315 578 5366 5.
619 5310 826 5364 Deinde
870 5313 1048 5382 ipsum
1096 5315 1450 5384 interrogavi,
1486 5331 1554 5370 an
1585 5315 1785 5389 Moysis
1842 5319 2039 5372 librum

452 5405 948 5474 amplecterentur:
972 5407 1061 5461 ille
1075 5422 1224 5469 vero,
1240 5408 1497 5464 Omnium
1521 5423 1763 5466 veterum
1783 5413 2038 5472 maxime,

454 5498 652 5564 inquit.
676 5495 848 5564 Igitur
873 5497 1037 5551 etiam
1065 5503 1456 5568 prophetarum
1493 5503 1662 5558 libros
1703 5503 1994 5558 admittitis
2018 5502 2042 5554 ?

458 5603 701 5657 inquam.
726 5587 872 5644 Sane
886 5592 1128 5660 quidem,
1147 5593 1326 5662 inquit
1351 5613 1364 5653 :
1391 5595 1534 5666 apud
1556 5612 1653 5654 nos
1670 5598 1833 5652 etiam
1852 5597 2039 5667 scripti

533 5766 607 5836 (ι)
633 5767 735 5822 Τὶν
763 5767 912 5823 deest
945 5770 997 5824 in
1027 5770 1216 5841 Regio.

2154 4591 2263 4637 τως
2295 4575 2657 4644 γνωρίζομεν.
2713 4576 2824 4628 Καὶ
2857 4577 2964 4648 γὰρ
3015 4579 3108 4631 καὶ
3157 4578 3410 4650 ’Λόραάμ
3446 4574 3582 4647 (οὐδὲ
3616 4571 3714 4638 γὰρ

2152 4666 2368 4733 ἀγνοεῖν
2398 4667 2544 4736 ὑμᾶς
2565 4665 2720 4734 οἶμαι
2747 4669 2926 4739 τοῦτο)
2956 4671 3063 4723 ἀπὸ
3086 4669 3196 4723 τῶν
3224 4669 3538 4740 κτισμάτων
3562 4660 3712 4736 ἦλθεν

2149 4759 2230 4821 είς
2260 4759 2467 4826 γνῶσιν
2515 4759 2608 4812 τοῦ
2665 4762 3016 4816 παντάπασιν
3066 4761 3352 4830 ἀγνώστου
3387 4762 3480 4814 καὶ
3522 4762 3713 4812 ἀκατα-

2147 4851 2358 4915 λήπτου
2404 4852 2564 4912 Θεοῦ,
2601 4853 2696 4906 καὶ
2729 4855 2950 4909 πάντων
2996 4855 3166 4919 ὅντως
3203 4851 3554 4926 δημιουργοῦ.
3587 4847 3708 4907 Ναὶ,

2148 4944 2351 5009 καλῶς,
2383 4943 2511 5012 ἔφη,
2533 4944 2712 5013 λέγεις
2740 4962 2754 4976 ·
2785 4947 2880 4998 καὶ
2903 4948 3010 5018 γὰρ
3034 4949 3129 5000 καὶ
3151 4947 3250 5017 τὴν
3275 4947 3515 5016 ἱστορίαν
3544 4943 3707 5010 ἴσμεν,

2149 5035 2245 5088 καὶ
2273 5036 2546 5105 λαμπρῶς
2609 5037 2745 5108 αὕτη
2784 5056 2865 5092 σοι
2899 5040 2976 5110 τῷ
3025 5040 3173 5111 λόγῳ
3227 5038 3519 5109 συνηγορεῖ
3544 5051 3556 5062 ·
3600 5029 3710 5082 ἱθεν

2149 5125 2329 5179 τοίνυν
2355 5126 2491 5196 ἔφης
2523 5129 2710 5194 αὐτὸς,
2733 5131 2965 5200 ἀρκτέον
2991 5135 3126 5202 ἡμῖν
3174 5132 3241 5186 ἂν
3271 5135 3380 5203 εἴη.
3413 5129 3519 5183 Καὶ
3555 5121 3710 5177 ταῦτα

2153 5221 2253 5290 μὲν
2289 5221 2592 5290 ἀμφότεροι
2621 5224 3071 5292 προῡπεθέμεθα.

2221 5313 2282 5369 e".
2321 5316 2559 5370 Ἔπειτα
2586 5317 2800 5388 ἠρόμην
2834 5317 2971 5385 ἐγὼ,
3005 5320 3053 5372 εί
3090 5319 3188 5388 τὴν
3219 5318 3314 5373 τοῦ
3357 5315 3596 5374 Μωσέως
3634 5305 3710 5378 βί-

2152 5408 2278 5459 ϐλον
2305 5408 2639 5471 ἁσπάξοιντο
2666 5425 2680 5441 ο
2717 5413 2744 5463 ὁ
2771 5411 2849 5478 δὲ,
2905 5412 3163 5466 Μάλιστα
3205 5429 3293 5480 γε,
3345 5409 3498 5478 φησὶ,
3537 5398 3709 5456 πασῶν

2150 5498 2261 5552 τῶν
2290 5500 2562 5554 παλαιῶν.
2594 5497 2763 5555 Εἶπον
2795 5502 2851 5554 δέ
2880 5519 2895 5534 ·
2941 5501 3154 5556 υὺκοῦν
3185 5504 3281 5555 καὶ
3315 5500 3411 5557 τὰς
3458 5495 3559 5549 τῶν
3585 5501 3710 5556 πρ⁰“

2155 5592 2344 5660 φητῶν
2394 5591 2766 5662 ἁποδέχεσθες
2837 5592 2985 5646 Πάνυ
3017 5610 3105 5661 γε,
3157 5593 3298 5662 ἔφη’
3333 5589 3426 5643 καὶ
3471 5586 3572 5656 γὰρ
3625 5574 3709 5632 καὶ

2241 5770 2296 5836 ἳ)
2327 5769 2534 5826 Alludit
2568 5769 2635 5826 ad
2667 5769 2685 5825 ι
2723 5769 2892 5840 Epist.
2914 5741 2976 5826 IS.
3003 5769 3172 5837 Petri,
3199 5785 3316 5840 cap.
3353 5782 3434 5834 Ill,
3455 5779 3592 5823 vers.
3629 5751 3707 5811 £5.
