3972 6456
229 351 324 422 137
1210 349 1600 410 DIALOGUS
1640 347 1666 406 Ι
1704 337 1865 404 CUM

223 468 597 544 γεγραμμέναι
631 465 763 538 παρ’
793 466 927 536 ἡμῖν
957 459 1118 518 οὖσαι
1163 465 1552 534 τυγχάνουσιν,
1583 459 1788 532 ἡμετέ-
1820 458 1866 515 Δ

226 583 324 639 ροις
362 560 698 633 ἑρμηνεῦσιν
740 558 1180 628 ἁντιγραφεῖσαι.
1231 556 1423 610 Βούλει
1463 555 1579 618 οὖν,
1627 555 1790 624 ἔφην,

226 657 351 726 άπερ
376 654 622 722 λέγουσι,
655 651 938 720 στέργειν;
975 649 1106 715 Ναὶ,
1154 648 1288 720 φησί
1314 664 1328 678 ·
1373 647 1493 709 πῶς
1537 647 1651 718 γάρ
1684 645 1745 699 οὗ
1776 663 1792 712 ;

225 751 300 805 ὅτε
324 749 420 801 καὶ
448 745 506 800 τὸ
536 745 870 812 Εύαγγέλιον
892 745 1025 813 παρ’
1053 745 1185 815 ἡμῖν
1206 745 1344 808 ἐστι,
1369 743 1466 797 καὶ
1495 740 1795 811 ὑπερφυῶς

228 859 272 896 τι
297 840 438 894 θεῖον
471 838 664 908 χρῆμα
715 836 1011 908 νομίζομεν
1050 834 1234 903 τοῦτο,
1291 836 1392 889 καὶ
1421 835 1598 906 δῶρον
1627 833 1794 902 ούράο

226 949 345 986 νιον.
386 929 632 984 Ἐκεῖθεν
659 929 769 1001 γάρ
821 925 1104 983 καὶτοῦτο
1149 928 1386 992 κάτεισι,
1433 926 1633 997 νόμους
1681 927 1796 985 τοῖς

228 1025 523 1096 ἀνθρώποις
548 1022 801 1094 κομίζον.
831 1022 982 1090 Πλήν
1010 1040 1094 1086 τις
1125 1021 1286 1088 λόγος
1327 1022 1548 1086 λέγεται
1581 1021 1676 1074 καὶ
1704 1033 1795 1072 πι-

229 1119 464 1173 στεύεται
495 1117 630 1186 παρ’
665 1118 817 1187 ἡμῖν,
855 1115 932 1179 ὡς
963 1116 1057 1170 καὶ
1089 1115 1224 1170 αὐτὸ
1252 1113 1316 1186 δὴ
1355 1113 1537 1180 τοῦτο,
1573 1113 1666 1168 καὶ
1693 1113 1797 1167 πᾶ-

231 1231 314 1266 σαν
343 1213 446 1282 τὴν
478 1211 740 1279 Παλαιὰν,
771 1209 888 1281 ἅμα
925 1211 1022 1265 καὶ
1046 1214 1110 1280 τῇ
1146 1209 1317 1281 βίϐλῳ
1349 1210 1534 1276 Aucta,
1583 1212 1631 1264 οἱ
1662 1210 1799 1278 ὑμέ-

227 1324 361 1377 τεροι
391 1306 563 1360 πάλαι
591 1306 928 1376 διερμηνείς,
957 1305 1008 1359 οἳ
1046 1307 1148 1372 τὴν
1183 1304 1415 1376 πρώτην
1441 1304 1596 1359 ταῦτ’
1645 1304 1795 1370 ἐξελ-

229 1397 466 1468 λήνισαν,
506 1395 745 1463 ἀφειδῶς
797 1396 935 1466 πρὸς
983 1405 1053 1448 τά
1098 1395 1362 1449 δοκοῦντα
1419 1396 1680 1467 συνιστᾷν
1735 1396 1797 1449 τὸ

228 1489 482 1562 ὑμέτερον
509 1487 675 1552 σέϐας
718 1485 892 1542 ταῦτα
933 1487 1402 1559 διηρμηνεύκασι,
1434 1487 1544 1540 τῶν
1575 1504 1794 1555 πρωτο-

226 1582 402 1636 τύπων
439 1580 678 1651 δλιγωρή
688 1594 906 1645 σαντες.
1617 1633 1620 1642 ,

289 1671 364 1738 ς’.
410 1673 572 1730 Ἀλλὰ
601 1673 762 1728 τοῦτο
824 1676 947 1742 μὲν,
973 1667 1018 1730 ὧ
1047 1677 1168 1742 τᾶν,
1214 1675 1376 1746 ἔφην,
1417 1674 1638 1747 πρῶτον
1697 1661 1828 1746 μὲν

224 1768 317 1823 ούκ
347 1765 617 1838 εὐπρεπὲς
654 1767 722 1821 ἂν
769 1767 857 1836 εἴη
891 1768 1097 1836 λέγειν,
1129 1768 1240 1822 οὐδ’
1275 1769 1448 1836 ἄξιον,
1483 1765 1662 1838 οἶμαι,
1708 1786 1797 1821 πι-

226 1860 510 1916 στεύεσθαι
532 1875 546 1892 ·
576 1859 695 1914 ἀνθ’
720 1853 796 1915 ὧν
825 1862 1010 1932 ὑμεῖς,
1045 1864 1094 1916 οἱ
1128 1862 1269 1933 πρὸς
1303 1862 1489 1933 κρίσιν
1531 1865 1668 1934 ἡμῖν
1703 1866 1798 1917 ἁν-
1829 1852 1874 1906 Β

223 1955 686 2025 τικαθιστάμενοι,
714 1955 1016 2027 μάρτυρες.
1050 1947 1308 2012 Ἐκεῖθεν
1329 1957 1376 2011 δ’
1397 1958 1464 2012 ἄν
1481 1975 1564 2011 σοι
1586 1959 1803 2025 γένοιτο

227 2047 415 2118 μαθεῖν
465 2048 860 2120 ἀκριϐέστερον
899 2050 1157 2120 τάληθές.
1211 2051 1272 2104 Εἰ
1322 2053 1432 2122 γὰρ
1479 2050 1546 2122 δὴ
1605 2049 1800 2119 καιροῦ

227 2158 348 2194 ποτε
381 2140 478 2218 καξι
530 2139 872 2213 διερμηνέων
906 2143 1132 2211 ἀγαθῶν
1175 2142 1542 2216 εὖπορήσαις.
1591 2145 1688 2200 καὶ
1720 2145 1804 2216 βι-

232 2231 384 2285 ϐλίων
425 2231 754 2302 Ἑϐραϊκῶν,
795 2232 984 2302 γνοίης
1039 2235 1108 2288 ἂν
1137 2235 1323 2299 καλῶς
1364 2236 1460 2289 τὸν
1493 2236 1619 2299 ταῖς
1664 2237 1807 2308 Γρα-

241 2325 352 2391 Qui;
395 2325 805 2396 λυμηνάμενον.
857 2325 1058 2382 Σκόπει
1107 2328 1164 2381 δέ
1202 2330 1424 2398 μοικαὶ
1471 2329 1570 2402 τὴν
1623 2332 1806 2384 πάντα

239 2418 404 2482 καλῶς
459 2417 856 2488 οἱκονομοῦσαν
889 2421 1178 2491 πρόνοιαν,
1233 2422 1386 2485 ὅπως
1415 2424 1530 2486 τοῖς
1579 2422 1806 2494 άναίδην

231 2510 537 2581 ἐπιπηδῶσι
565 2514 678 2574 τοῖς
708 2513 1023 2584 πράγμασι,
1060 2515 1156 2569 καὶ
1197 2515 1445 2588 εὐχερῶς
1485 2516 1806 2571 διαϐάλλου-

229 2620 332 2668 σιν,
377 2603 684 2674 ἐμφράττει
731 2604 934 2668 τελέως
975 2607 1040 2661 τὰ
1085 2607 1352 2678 στόματα.
1389 2609 1519 2662 Ὅτε
1561 2608 1673 2678 γὰρ
1707 2610 1809 2679 τὴν

227 2697 380 2752 θείαν
430 2697 537 2751 ἔδει
596 2700 781 2751 πᾶσαν
831 2698 1057 2770 Γραφην
1117 2699 1386 2769 Ἑλληνίδι
1447 2697 1810 2770 μεταδοθῆναι

227 2793 405 2861 φωνῇ,
437 2791 536 2860 οὐχ
565 2793 637 2853 ὡς
669 2791 828 2861 ἔτυχέ
856 2809 998 2857 πως,
1028 2789 1090 2846 εὖ
1127 2793 1259 2858 ἴσθι,
1291 2793 1404 2847 οὐδ’
1439 2794 1490 2848 οἱ
1523 2794 1808 2864 τυχόντες,

228 2883 344 2937 ἀλλ’
372 2883 432 2945 ὃς
478 2898 542 2950 γε
594 2882 690 2952 τῆς
728 2881 902 2954 Ἐῴας
953 2883 1155 2954 μικροῦ
1191 2883 1304 2937 δεῖν
1350 2882 1532 2952 πάσης
1583 2883 1810 2952 ἐκράτει

228 2971 317 3048 (ἦν
343 2976 392 3028 δ’
419 2975 669 3040 εἰδώλοις
701 2976 1010 3046 λατρεύων,
1038 2977 1135 3031 καὶ
1153 2977 1254 3030 οὐκ
1280 2976 1656 3047 εὐαρίθμητον
1685 2978 1812 3047 χρό-

229 3089 318 3126 νον
345 3069 519 3140 άρξας
549 3072 652 3142 πρὸ
685 3072 780 3125 τοῦ
812 3071 1082 3141 Χριστοῦ,
1110 3071 1446 3140 Πτολεμαῖος
1477 3057 1652 3141 ὄνομα
1684 3073 1812 3125 τάν-

228 3165 339 3236 δρὶ)
373 3166 532 3219 τοῦτο
579 3166 654 3238 (ι)
711 3167 1018 3239 τηνικαῦτα
1070 3167 1397 3238 εἰργάσατο.
1437 3168 1648 3238 Σοφοὺς
1703 3169 1815 3238 γάρ

232 3259 434 3338 ἄνδρας
471 3259 795 3332 διερμηνὲας
827 3263 918 3314 τὸν
953 3260 1190 3332 ἀριθμὸν
1219 3261 1314 3315 δύο
1339 3261 1478 3332 πρὸς
1507 3262 1621 3326 τοῖς
1653 3262 1810 3316 ἐϐδο-

235 3352 479 3422 μήκοντα
501 3354 564 3404 ἐκ
587 3354 696 3407 τῶν
739 3353 1014 3407 Ἰουδαίων
1041 3354 1572 3425 μεταπεμψάμενος,
1601 3355 1815 3420 τούτοις

227 3442 377 3496 τοῦτ’
404 3445 694 3500 ἐπίστευσε
750 3445 985 3518 τοῦργον
1011 3462 1027 3478 ⁸
1061 3447 1159 3512 οὓς
1187 3451 1216 3502 ό
1264 3451 1363 3516 τῆς
1411 3450 1639 3504 ἐκείνων
1692 3451 1816 3504 τότε

235 3533 622 3603 μητροπόλεως
649 3535 1042 3608 ἐξηγούμενος,
1073 3537 1261 3594 θεόθεν
1297 3541 1521 3604 πάντως
1557 3541 1818 3611 κινούμε-

231 3644 348 3693 νος,
410 3628 738 3699 Ἐλεάζαρος
788 3630 836 3684 δ’
889 3625 1048 3697 οὗτος
1097 3635 1567 3706 προσηγορεύετο,
1627 3637 1686 3704 ἓξ
1721 3637 1815 3704 ἀφ’

235 3719 476 3790 ἑκάστης
507 3721 683 3792 φυλῆς
715 3723 1100 3796 ἐκλεξάμενος,
1132 3726 1374 3798 έπεμψε.
1413 3729 1512 3782 Διὰ
1558 3729 1623 3798 δὴ
1655 3729 1817 3783 τοῦτο

231 3812 346 3866 οὐδ’
375 3814 510 3868 αὐτὸ
541 3815 602 3869 τὸ
633 3816 745 3870 τῶν
788 3817 1068 3874 Ἰουδαίων
1087 3819 1478 3874 ἀναιδέστατον
1510 3822 1666 3891 γένος
1694 3822 1818 3876 τολ-

234 3905 381 3974 μῶσί
403 3924 458 3960 τι
489 3907 786 3979 προφέρειν
817 3911 1030 3976 αὐτοῖς,
1065 3911 1178 3966 οὐδ’
1203 3912 1446 3967 ὁντινοῦν
1473 3915 1815 3988 προστρῖψαι

238 3997 432 4068 μῶμον
457 3999 534 4070 τῷ
565 4001 856 4072 πράγματι
881 4019 897 4036 ο
930 4003 1105 4069 λέξεις
1135 4004 1194 4059 δέ
1227 4005 1384 4069 τινάς
1434 4021 1539 4060 που
1569 4007 1682 4062 τῶν
1721 4025 1816 4076 γε-

233 4093 574 4160 γραμμένων
603 4093 970 4151 ὑπαλλάττειν
996 4096 1394 4168 ἐπιχειροῦσιν,
1423 4097 1480 4151 αἳ
1506 4101 1603 4154 καὶ
1625 4099 1777 4155 ὥσπε
1786 4117 1819 4172 ρ

231 4183 383 4238 οὗτοι
435 4185 659 4254 λέγουσι
693 4187 1132 4259 λαμϐανόμεναι,
1170 4190 1276 4259 τῆς
1320 4190 1556 4262 ἀληθοῦς
1608 4193 1820 4259 ἐννοίας

232 4277 390 4331 οὐδὲν
421 4279 572 4348 ὅμως
603 4281 906 4352 ἀπᾴδουσιν
947 4283 1054 4354 (2).

305 4368 377 4435 ζ’.
407 4372 481 4426 Σὺ
515 4373 572 4427 δέ
610 4391 702 4443 μοι
731 4375 857 4443 λέγε
882 4417 899 4441 ,
938 4379 1084 4440 τίνος
1133 4378 1498 4444 κελεύσαντος
1534 4384 1816 4452 ἄρχοντος,

233 4465 332 4518 καὶ
364 4464 487 4518 ὅθεν
517 4465 730 4528 τούτοις
758 4469 953 4537 γέγονε
990 4471 1061 4524 τὰ
1109 4473 1448 4541 πρωτότυπα
1485 4475 1815 4544 κτήσασθαι,

1909 336 2482 404 MOIIAMETANO.
2528 350 2534 355 ’

1897 458 2190 523 habentur,
2213 473 2240 512 a
2275 460 2478 514 nostris
2513 457 2906 526 interpretibus
2933 456 3208 512 translati.
3239 455 3335 511 Vis
3375 456 3484 512 irri-

1899 555 2010 616 tur,
2041 542 2364 622 inquam-,in
2396 552 2463 606 iis
2486 551 2864 621 acquiescere,
2913 566 3038 621 quae
3106 549 3350 605 dicunt?
3397 547 3488 604 Li-

1901 646 2114 711 benter,
2158 647 2387 717 inquit:
2444 662 2545 702 cur
2597 661 2708 703 non
2763 644 3485 716 faciam2quandoquidem

1900 738 2256 810 Evangelium
2285 753 2508 810 quoque
2530 740 2676 808 apud
2708 753 2807 792 nos
2829 749 2937 803 est,
2960 748 3014 794 ct
3042 738 3094 792 in
3128 737 3324 808 primis
3353 737 3491 790 divi—

1901 849 2031 890 num
2061 833 2270 904 aliquid
2306 848 2431 889 esse
2463 833 2850 889 existimamus
2881 847 2947 887 ac
2999 831 3223 887 cceleste
3255 832 3487 886 donum.

1902 929 1978 985 De
2003 928 2146 985 coelo
2167 930 2314 984 enim
2344 928 2562 996 lapsum
2595 936 2700 990 est,
2723 927 2790 981 ad
2817 926 2962 998 leges
3009 927 3253 979 humano
3302 924 3489 994 generi

1899 1021 2176 1076 ferendas.
2203 1021 2419 1090 Aliquis
2453 1027 2635 1075 tamen
2669 1034 2859 1072 rumor
2889 1020 3061 1087 serpit
3085 1017 3358 1088 fidemque
3394 1020 3493 1073 ob-

1901 1115 2039 1171 tinet
2060 1114 2202 1184 apud
2234 1129 2354 1177 nos,
2381 1115 2482 1170 hoc
2515 1115 2694 1183 ipsum
2721 1112 3106 1181 Evangelium,
3127 1123 3181 1167 et
3209 1128 3375 1168 omne
3399 1128 3494 1168 ve-

1903 1219 1990 1264 tus
2022 1209 2463 1272 Testamentum,
2500 1222 2608 1260 una
2641 1221 2764 1260 cum
2795 1205 3020 1262 Davidis
3050 1207 3214 1272 libro,
3239 1221 3271 1260 a
3293 1207 3492 1262 vestris

1901 1301 2314 1371 interpretibus,
2333 1315 2459 1356 cum
2479 1301 2642 1356 hosce
2669 1300 2840 1355 libros
2863 1299 3052 1355 Graece
3092 1299 3329 1370 primum
3368 1313 3495 1354 ver-

1901 1403 2104 1456 terunt,
2139 1394 2218 1448 sic
2249 1393 2424 1450 fuisse
2457 1392 2744 1453 translata.
2780 1402 2840 1447 ut
2865 1393 3109 1462 neglecta
3145 1393 3346 1462 prioris
3376 1403 3494 1447 tex-

1901 1497 1992 1544 tus
2017 1488 2342 1543 auctoritate
2360 1487 2425 1540 ad
2448 1502 2511 1542 ea
2531 1486 2698 1541 nimis
2719 1487 3087 1550 attenderem,
3103 1501 3226 1556 quae
3253 1495 3493 1542 vestram

1902 1581 2221 1651 religionem
2251 1578 2586 1635 conﬁrmare
2629 1580 2974 1635 viderentur.

1973 1675 2027 1731 6.
2065 1673 2196 1739 Sed,
2229 1675 2474 1743 inquam,
2507 1673 2718 1742 optime
2748 1675 2854 1737 vir,
2879 1674 3117 1745 primum
3133 1672 3360 1742 quidem
3381 1676 3496 1729 lure

1906 1770 2083 1825 oratio
2106 1785 2285 1840 neque
2309 1768 2540 1824 honesta
2574 1777 2678 1833 est,
2708 1783 2910 1838 neque,
2943 1777 3001 1822 ut
3035 1768 3251 1838 opinor,
3282 1766 3386 1821 title
3407 1766 3499 1821 di-

1903 1878 2008 1933 gna
2034 1879 2049 1915 :
2081 1877 2206 1918 nam
2239 1875 2345 1930 qua
2368 1861 2436 1917 de
2465 1875 2525 1916 re
2549 1869 2741 1916 contra
2764 1877 2864 1916 nos
2881 1861 2932 1916 iu
2948 1861 3160 1931 judicio
3176 1860 3495 1922 deeertatis.

1905 1957 2149 2026 ejusdem
2183 1958 2260 2013 rei
2287 1956 2456 2012 vultis
2485 1971 2608 2013 esse
2635 1965 2830 2014 testes.
2851 1955 2959 2012 Sed
2988 1955 3303 2012 accuratius
3321 1954 3502 2027 possis

1906 2051 2034 2106 inde
2058 2051 2344 2105 veritatem
2372 2049 2604 2106 discere.
2640 2048 2777 2104 Nam
2809 2050 2857 2104 si
2900 2049 3168 2120 temporis
3232 2063 3498 2120 unquam,

1903 2144 2290 2210 bonorumque
2305 2142 2688 2211 interpretum,
2704 2138 3212 2210 Hebraicorumque
3231 2139 3498 2195 librorum
3531 2163 3534 2165 ·

1906 2240 2063 2306 copia
2095 2236 2187 2291 tibi
2218 2237 2397 2302 ﬁeret,
2449 2237 2680 2305 pulchre
2711 2246 2826 2291 tum
2879 2250 3273 2306 cognosceres,
3315 2248 3506 2290 sacras

1907 2331 2033 2400 quis
2062 2329 2373 2398 corruperit
2412 2327 2753 2400 Scripturas.
2779 2329 3086 2385 Considera
3113 2330 3305 2392 etiam,
3350 2345 3504 2399 quae-

1910 2439 1994 2488 so,
2023 2423 2198 2484 divini
2229 2421 2488 2478 Numinis
2527 2421 2712 2478 omnia
2767 2423 3031 2491 prmclare
3085 2424 3500 2493 dispensantem

1913 2517 2336 2588 providentiam,
2364 2515 2644 2586 quomodo
2675 2515 2891 2570 illorum
2925 2531 3023 2571 ora
3071 2519 3345 2580 obstruat,
3409 2522 3503 2586 qui

1913 2614 2066 2666 hunc
2095 2625 2276 2664 rerum
2310 2610 2560 2665 ordinem
2596 2620 2921 2680 oppugnant
2949 2621 3004 2665 et
3035 2609 3273 2667 libenter
3327 2627 3512 2681 repre‘

1916 2704 2186 2760 hendunt.
2221 2702 2357 2756 Cum
2384 2703 2530 2757 enim
2569 2703 2786 2758 divinas
2833 2719 3028 2759 omnes
3079 2704 3395 2773 Scripturas
3453 2705 3510 2761 iu

1915 2801 2156 2868 linguam
2188 2797 2436 2855 Graecam
2461 2799 2921 2868 vertiOporteret,
2947 2815 3056 2856 non
3079 2809 3288 2856 temere
3322 2802 3512 2872 utique

1915 2910 2018 2950 nec
2045 2893 2288 2962 vulgaris
2312 2894 2729 2948 notazhomines
2753 2893 2857 2948 hoc
2882 2893 3155 2960 fecerunt,
3181 2894 3276 2950 sed
3304 2895 3398 2964 qui
3427 2902 3513 2950 to‘

1919 2987 2027 3041 tius
2046 2985 2158 3039 fere
2172 2985 2412 3040 Orientis
2430 2985 2720 3055 imperium
2744 2986 2968 3040 tenebat
3015 2986 3346 3042 Ptolemmus
3391 3002 3508 3050 rex,

1919 3079 2165 3150 antiquis
2193 3079 2299 3135 diis
2319 3087 2502 3136 tamen
2529 3079 2798 3146 serviens,
2821 3089 2876 3133 ct
2893 3079 3064 3133 multo
3083 3091 3211 3133 ante
3228 3079 3511 3136 Christum

3389 333 3489 401 133

1841 3197 1887 3262 ρ
1922 3189 2180 3245 regnans.
2202 3171 2338 3228 Nam
2370 3183 2660 3242 postquam
2686 3173 2879 3228 doctos
2905 3187 2971 3227 ex
2999 3171 3208 3229 iudicis
3234 3175 3385 3230 viros
3405 3189 3524 3228 nu-I

1921 3283 2073 3323 mero
2099 3267 2238 3324 duos
2264 3277 2318 3322 et
2347 3266 2699 3338 septuaginta
2728 3266 3068 3336 interpretes
3092 3267 3510 3331 accersivisset,

1919 3361 1988 3418 iis
2011 3361 2117 3416 hoc
2143 3375 2282 3431 opus
2315 3359 2628 3416 faciendum
2656 3360 2897 3416 credidit
2925 3376 2941 3415 ι
2967 3376 3110 3430 quos
3133 3361 3352 3416 illorum
3377 3370 3511 3416 tunc

1921 3457 2292 3526 metropoleos
2327 3457 2641 3510 moderator
2693 3471 2759 3510 ac
2800 3465 2983 3511 rector
3032 3454 3352 3519 Eleauarus,
3401 3455 3523 3513 ins-

1922 3548 2091 3602 tinctu
2119 3549 2310 3603 divino
2334 3559 2539 3611 motus,
2565 3563 2730 3604 senos
2752 3564 2816 3604 ex
2843 3566 3176 3621 unaquaque
3201 3550 3347 3605 tribu
3377 3550 3523 3606 elec-

1921 3653 2006 3696 tos
2030 3642 2272 3696 miserat.
2299 3642 2670 3708 Quamobrem
2698 3658 2763 3698 ne
2793 3643 2909 3712 ipsa
2930 3644 3154 3715 quidem
3199 3643 3516 3700 Jmlaiorum

1922 3735 2395 3805 impudentissima
2425 3737 2576 3789 natio
2605 3737 2908 3806 quidquam
2939 3738 3074 3808 ipsis
3115 3739 3362 3808 objicere
3419 3753 3522 3794 au-

1921 3831 2034 3890 det,
2059 3844 2236 3897 neque
2260 3830 2424 3882 ullam
2453 3844 2694 3897 unquam
2734 3830 3182 3900 reprehensionis
3218 3831 3402 3886 labem
3439 3833 3518 3886 illi

1923 3925 2068 3978 facto
2091 3937 2382 3992 aspergere
2415 3939 2428 3975 :
2457 3922 2552 3976 sed
2585 3921 2997 3993 Scripturarum
3041 3925 3308 3994 quaedam
3373 3925 3517 3981 forte

1924 4016 2193 4071 dictiones
2216 4015 2408 4070 leviter
2440 4016 2738 4071 immutare
2783 4026 3079 4086 conantur,
3122 4033 3247 4089 qua:
3295 4019 3517 4077 etiarnsi

1923 4109 2266 4180 accipiantur
2291 4119 2453 4180 prout
2485 4111 2771 4182 hi;dicunt,
2795 4113 2928 4166 nihil
2966 4122 3150 4168 tamen
3198 4114 3521 4186 discrepant

1924 4221 1955 4260 a
1995 4220 2126 4260 vero
2173 4197 2362 4261 sensu.
3011 4223 3016 4226 ·

1998 4390 2050 4445 7.
2083 4389 2163 4444 Tu
2191 4405 2322 4445 vero
2343 4389 2432 4445 dic
2461 4390 2617 4454 mihi,
2643 4391 2895 4457 obsecro,
2923 4393 3212 4461 enjusnam
3257 4393 3520 4465 principis

1921 4484 2081 4553 jussu
2111 4491 2168 4540 et
2191 4498 2302 4555 quo
2327 4500 2393 4539 ex
2418 4484 2541 4539 loco
2578 4483 2880 4556 Scriptura!
2908 4499 3121 4542 textum
3163 4488 3522 4558 arripuerunt

233 4557 286 4641 οἳ,
320 4560 388 4628 τῇ
416 4558 526 4613 τῶν
561 4558 810 4630 Ἀράϐων
856 4563 999 4617 είσὶν
1033 4564 1396 4629 ἐκδεδωκότες
1446 4567 1716 4638 διαλέκτῳ
1749 4569 1813 4622 τὰ

1927 4577 1986 4640 ii,
2001 4576 2093 4648 qui
2119 4576 2336 4632 divinos
2359 4578 2530 4634 libros
2547 4579 2839 4633 ediderunt
2853 4581 3085 4634 Arabica
3108 4581 3292 4651 lingua
3309 4582 3524 4653 ?qnan-

233 4652 340 4720 τῆς
373 4653 639 4724 Γραφῆς;
692 4656 786 4710 καὶ
834 4657 1009 4723 were;
1052 4660 1147 4711 καὶ
1199 4660 1350 4723 τίνες
1397 4659 1462 4730 δὴ
1511 4656 1684 4723 οὗτοι,
1723 4663 1820 4714 καὶ

232 4744 420 4797 ὁποῖοί
455 4763 598 4809 τινες
651 4742 814 4818 ἦσαν,
849 4751 945 4802 καὶ
994 4751 1155 4804 πόσοι
1208 4753 1302 4804 τὸν
1355 4752 1628 4822 ἀριθμόνς
1677 4752 1821 4806 Ἀλλ’

234 4837 341 4890 οὐκ
379 4837 444 4891 ἂν
475 4837 652 4908 ἔχοις·
703 4842 927 4895 πάντων
966 4844 1076 4911 γὰρ
1127 4842 1256 4912 ἑξῆς
1303 4846 1577 4916 ἁμοιρεῐς,
1633 4841 1716 4909 οἷς
1754 4847 1823 4899 τὰ

233 4928 368 4982 καθ’
397 4932 546 5000 ἡμᾶς
582 4931 641 4984 τὸ
672 4931 890 4992 βέϐαιον
921 4935 1037 5005 ἔχει
1067 4953 1080 4965 ·
1110 4937 1170 4988 τὸ
1206 4936 1252 4989 δ’
1287 4936 1526 5007 ὑποψίαν
1558 4939 1823 5008 παρέχειν

235 5024 335 5074 καὶ
372 5023 535 5094 μόνον
588 5025 790 5080 ἆπασιν
825 5029 1032 5084 ἱκανόν.
1069 5024 1225 5098 Μετὰ
1273 5033 1381 5101 γὰρ
1416 5031 1516 5103 τὴν
1559 5034 1655 5102 τῆς
1695 5035 1830 5104 θρη-

239 5117 436 5180 σκείας
469 5116 565 5170 τοῦ
601 5119 846 5188 Μωάμεθ
895 5122 1214 5193 φανέρωσιν
1276 5126 1436 5194 ὑμεῖς
1494 5127 1649 5179 αὐτοὶ
1697 5129 1830 5180 πάν-

242 5223 355 5271 τως
387 5211 540 5280 μόνοι
593 5215 671 5276 εἰς
723 5214 822 5284 τὴν
869 5215 1146 5287 ὑμετέραν
1189 5222 1374 5290 φωνὴν
1425 5220 1698 5290 ἡμείψατε
1731 5225 1831 5291 τὴν

241 5297 281 5354 Γ
287 5307 494 5378 βαφὴν,
524 5307 658 5375 ὅπερ
689 5310 947 5374 ἐναντίως
979 5313 1102 5382 ἕχον
1141 5315 1254 5376 τοῖς
1285 5314 1416 5384 παρ’
1450 5315 1585 5384 ἡμῖν
1633 5315 1828 5369 ἀποδέ-

241 5395 478 5456 δεικται.
513 5401 675 5456 Ὀθεν
723 5403 808 5467 τίς
859 5405 926 5458 ἂν
965 5406 1057 5459 νοῦ
1099 5407 1344 5477 μετέχων
1377 5411 1490 5482 τοῖς
1534 5410 1829 5479 ἡμετέροις

238 5487 492 5545 ἀπιστῶν
544 5497 657 5557 τοῖς
710 5496 1000 5568 ὑμετέροις
1051 5502 1438 5569 πιστεύσειεν;
1467 5503 1528 5555 El
1577 5504 1676 5572 μὲν
1725 5501 1822 5558 οὖν

237 5573 389 5649 ἦσθα
409 5585 682 5640 πιστεύων
703 5591 816 5647 τοῖς
841 5595 1274 5663 γεγραμμένοις,
1305 5595 1405 5648 οὐκ
1431 5595 1497 5648 ἂν
1519 5596 1651 5666 ἡμῖν
1675 5593 1820 5670 ἦσαν

419 5701 554 5758 Cod.
595 5702 823 5760 Coislin.
861 5701 1038 5772 οὗτος.

345 5703 370 5754 1

316 5701 554 5842 (ἱζϐοά.
595 5702 823 5760 Coislin.
861 5701 1038 5772 οὗτος.

319 5775 379 5834 (9.
454 5776 810 5844 Septuaginta
874 5783 1201 5844 versionem,
1269 5784 1360 5837 ubi
1421 5785 1491 5838 ab
1541 5784 1811 5841 chraico

242 5847 398 5897 testu
429 5845 678 5909 dissidet,
704 5862 734 5898 a
768 5849 894 5901 dolo
927 5865 1162 5916 semper,
1191 5853 1259 5907 ah
1275 5870 1465 5907 errore
1488 5855 1814 5929 plerumque

522 5945 794 6007 Ριιτῐιει..
839 5951 953 6007 Gn.
983 5950 1157 6009 CLVI

1931 4670 2002 4724 do
2030 4669 2322 4724 fecerunt?
2350 4674 2598 4738 quinam,
2625 4675 2840 4742 quales,
2868 4685 2999 4742 quot
3042 4689 3200 4729 erunt
3222 4677 3329 4730 ?At
3372 4681 3520 4732 enim

1933 4763 2048 4816 haec
2067 4763 2328 4830 expedire
2367 4781 2475 4817 non
2502 4775 2656 4833 potes
2683 4783 2696 4818 :
2722 4767 2980 4820 omnibus
3003 4769 3231 4822 omnino
3257 4770 3526 4826 destitue-

1933 4854 2008 4908 ris
2030 4854 2314 4919 snhsidiis,
2352 4858 2555 4925 quibus
2585 4871 2770 4914 nostra
2816 4860 2998 4915 versio
3029 4860 3279 4917 tirmatur
3305 4881 3319 4928 ;
3345 4863 3519 4918 solam

1933 4964 2063 5003 vero
2080 4951 2449 5018 suspicionem
2481 4968 2718 5015 movere,
2749 4955 2828 5006 vel
2851 4955 3110 5009 omnibus
3143 4957 3290 5011 licet.
3337 4958 3527 5028 Siqui-

1935 5041 2057 5094 dem
2086 5052 2207 5110 post
2230 5041 2608 5098 Maomethica:
2629 5045 2906 5113 religionis
2922 5055 3105 5100 ortum
3129 5047 3230 5118 ipsi
3253 5058 3401 5104 certe
3421 5051 3526 5107 soli

1934 5145 2106 5186 saera:
2129 5132 2429 5202 Scriptura:
2449 5135 2621 5189 hhros
2644 5145 2880 5189 vestram
2917 5136 2969 5189 in
2998 5138 3242 5207 linguam
3277 5149 3525 5196 transtu-

1936 5225 2255 5295 listis.quod
2276 5228 2721 5296 coutraﬁersioni
2746 5241 2946 5284 nostrae
2974 5233 3247 5289 accidisse
3293 5234 3528 5291 demon-

1935 5322 2258 5376 stravimus.
2287 5321 2418 5386 Quae
2449 5338 2572 5377 cum
2601 5323 2673 5376 ita
2707 5322 2840 5389 sint,
2887 5326 3035 5394 quis.
3059 5343 3269 5396 quasso,
3327 5331 3529 5386 tuentis

1936 5429 2162 5484 compos
2182 5409 2802 5482 uostrislibris-diﬂidat,
2845 5419 3050 5473 vestris
3085 5419 3246 5476 tidem
3292 5422 3532 5478 haheat?

1933 5503 2386 5570 Quamobrem,si
2412 5503 2713 5576 Scripturis
2726 5510 3002 5577 crederes,
3023 5513 3379 5583 nonimttltum
3405 5515 3527 5570 hera

1930 5599 2014 5652 ele
2037 5600 2196 5654 nobis
2215 5601 2414 5670 negotii
2434 5599 2802 5657 facesseretur
2825 5621 2841 5662 :
2867 5604 3150 5676 Scriptura
3172 5609 3320 5663 enim
3349 5609 3531 5664 omnis

1912 5716 2181 5771 vindicari
2219 5732 2412 5785 posse,
2454 5718 2727 5775 innumeri
2778 5720 3304 5778 demonstraverunt
3340 5742 3354 5780 :
3385 5725 3534 5781 inter

1915 5790 2056 5860 alios
2083 5787 2399 5860 Ludovicus
2423 5791 2717 5860 Cappcllus
2741 5792 2794 5845 in
2827 5792 3028 5848 Critica
3062 5809 3244 5860 sacra,
3270 5794 3523 5858 Parisiis.

1918 5857 2044 5913 διὸ.
2080 5859 2384 5930 Crameisy,
2419 5857 2579 5926 i650,
2607 5863 2660 5917 in
2695 5863 2793 5916 fol.

3053 5965 3091 6024 5
