3972 6458
467 353 569 417 130

1663 353 2062 416 MANUELIS
2103 348 2554 416 PALJEOLOGI

3637 351 3741 416 150

459 469 627 543 (mibi
653 468 842 540 crede)
878 477 1110 524 vestram
1146 468 1496 537 apertissime
1529 479 1806 541 oppugnat
1837 469 2038 539 religio-

2159 472 2331 526 πολλὰ
2363 474 2667 543 πράγματα
2693 486 2706 499 ·
2739 468 3041 542 διαρρήδην
3077 471 3183 539 γὰρ
3211 463 3292 540 (εὖ
3339 469 3473 540 ἶσοι)
3508 472 3739 542 μάχεται

461 580 610 618 nem.
640 562 812 628 Quam
847 562 1123 632 quomodo
1152 563 1411 617 admirati
1447 569 1502 617 et
1529 563 1764 632 amplexi
1791 565 1858 618 ab
1894 564 2038 616 initic

2156 564 2223 616 τὰ
2253 563 2353 635 τῆς
2380 565 2606 634 Γρσφῆς
2638 563 2815 616 πάντα
2855 564 2921 632 τῇ
2964 561 3089 614 καθ’
3121 560 3266 630 ὑμᾶς
3308 562 3600 632 θρησκείᾳ.
3641 565 3740 616 Ἦν

460 655 695 719 fueritis,
715 655 818 708 etsi
844 653 997 708 multi
1019 655 1250 708 multum
1271 655 1564 719 miremur,
1585 656 1717 710 mihi
1741 665 1920 711 tamen
1943 671 2038 711 non

2154 656 2304 718 ὅπως
2362 673 2420 709 τε
2475 655 2760 727 ἠγάσθητε
2813 657 2909 709 καὶ
2966 655 3348 726 παρειλήφατε
3401 654 3503 724 τὴν
3546 656 3738 725 ἀρχὴν,

458 750 602 800 idem
638 764 737 800 usu
775 749 942 801 venit.
969 748 1099 801 Eam
1129 749 1273 802 enim
1304 764 1427 803 cum
1463 750 1702 818 plurium
1723 750 1948 803 deorum
1972 748 2050 803 si-
2086 775 2088 778 ν

2155 751 2369 804 πολλῶν
2409 751 2545 805 πολὺ
2569 751 2996 820 θαυμαζόντων,
3031 750 3194 812 αὐτὸς
3229 751 3290 802 οὐ
3327 748 3490 802 τοῦτο
3526 749 3738 818 πάσχω.

457 855 798 909 gum-umque
825 840 1146 894 adoratione
1162 844 1552 896 commutastis
1580 856 1594 894 :
1626 842 1768 896 unde
1796 856 1903 897 non
1925 842 2038 898 ideo

2154 844 2455 907 Ιίολυθεῖας
2487 845 2595 916 γάρ
2627 862 2710 898 τοι
2752 847 2847 898 καὶ
2895 843 3132 898 εἰδώλων
3163 842 3580 912 ἀντηλλάξασθε
3610 845 3741 894 ταόο

456 933 681 1000 prmeise
714 934 1054 998 vituperandi
1084 935 1238 999 estis,
1273 935 1366 988 sed
1393 935 1520 1004 quia
1541 943 1729 1004 postea
1759 949 1866 988 non
1887 949 2043 989 eam-

453 1025 575 1077 dem
598 1026 858 1080 servastis
887 1027 1081 1096 legem,
1104 1043 1299 1096 nempe
1323 1036 1380 1080 nt
1413 1029 1606 1082 iterum
1635 1028 1704 1082 ab
1724 1027 1902 1082 istbac
1951 1042 2047 1082 ve-

453 1127 565 1169 stra
601 1119 864 1187 religione
883 1121 949 1173 ad
973 1123 1412 1189 prtestantiorcm
1442 1122 1603 1175 aliam
1666 1120 2044 1175 transiliretis.

453 1212 556 1264 Sed
584 1212 845 1279 quoniam
882 1211 1185 1283 Scripturis
1214 1215 1374 1268 {idem
1401 1215 1628 1269 interim
1656 1216 1908 1281 derogas,
1943 1213 2047 1267 hac

453 1303 570 1371 lege
594 1310 836 1366 utamur,
867 1313 924 1358 ut
954 1304 998 1358 si
1033 1320 1195 1373 quem
1225 1304 1523 1373 Scriptura:
1556 1306 1736 1359 locum
1769 1304 1836 1358 ab
1871 1303 2046 1358 altero

451 1397 675 1449 allatum
711 1397 852 1450 alter
874 1396 1148 1461 admittet,
1181 1408 1328 1451 recte
1356 1399 1408 1452 in
1445 1398 1823 1468 disputatione
1853 1404 2045 1451 nostra

448 1504 478 1540 e
503 1489 676 1544 sacris
703 1489 945 1543 oraculis
972 1491 1200 1558 petitum
1231 1492 1522 1557 auxilium,
1555 1491 1736 1561 quoad
1767 1492 1878 1545 tieri
1916 1505 2044 1560 pos—
2087 1507 2093 1511 ·

449 1582 542 1646 sit,
577 1581 924 1634 adhibeatur.
961 1580 1061 1636 Ubi
1088 1583 1251 1636 aliter
1283 1583 1518 1645 accidet,
1573 1583 1718 1652 quod
1767 1582 2041 1651 reliquum

449 1677 557 1736 est,
597 1673 1022 1727 ratiocinatione
1051 1674 1316 1728 utendum
1352 1675 1462 1730 crit
1489 1714 1505 1740 ,
1537 1690 1748 1747 proque
1784 1675 2043 1730 facultate

451 1766 829 1836 probabilibus
857 1767 1175 1821 enitendum
1201 1769 1544 1838 argumentis
1570 1808 1584 1833 ,
1614 1776 1676 1823 ut
1729 1784 1837 1840 qua
1889 1780 2041 1840 parte

2151 951 2284 1004 την·
2318 937 2434 989 ἀνθ’
2468 930 2542 990 ὧν
2570 937 2632 990 οὐ
2687 938 2842 1006 παρά
2872 934 3033 990 τοῦτο
3081 935 3279 988 δίκαιοι
3325 933 3733 997 διαϐάλλεσθαι,

2150 1021 2378 1075 ἀλλ’ὅτι
2445 1022 2521 1094 μὴ
2573 1023 2666 1076 τὸν
2696 1024 2861 1078 αὐτὸν
2910 1025 3220 1094 ἑτηρήσατε
3261 1025 3453 1092 νόμον,
3504 1022 3582 1086 ὼς
3632 1025 3736 1076 ἀπὸ

2150 1117 2357 1188 ταύτης
2393 1117 2778 1187 μεταπηδήσαι
2816 1116 2979 1170 πάλιν
3009 1118 3102 1169 ἐπὶ
3129 1116 3226 1186 τὴν
3257 1116 3518 1187 κρείττω.
3565 1114 3738 1166 Ἐπει-

2149 1209 2212 1278 δὴ
2240 1209 2295 1262 δὲ
2327 1212 2450 1271 ταῖς
2474 1211 2724 1281 Γραφαῖς
2757 1211 2817 1262 οὑ
2861 1208 3040 1278 βούλει
3091 1207 3383 1262 πείθεσθαι
3413 1207 3575 1271 τέως,
3612 1207 3738 1260 ἔνθα
3788 1221 3799 1256 T-

2152 1300 2254 1370 μέν
2313 1317 2369 1352 τι
2423 1300 2678 1367 λέγοντος
2734 1299 2968 1371 θατέρου
3023 1299 3126 1369 τῆς
3180 1299 3432 1369 Γραφῆς,
3467 1301 3496 1350 ὁ
3555 1297 3740 1366 ἕτερος
3788 1298 3799 1316 ”

2149 1393 2306 1464 ἡμῶν
2360 1394 2701 1463 ἀποδέχοιτο,
2738 1394 2907 1447 καλὸν
2948 1395 3047 1464 τῆς
3078 1393 3187 1447 τῶν
3238 1393 3444 1460 λογίων
3486 1391 3736 1461 βοηθείας

2151 1491 2448 1560 μετασχεῖν
2477 1489 2630 1558 ἡμῖν,
2655 1488 2748 1552 ,ὡς
2775 1483 2891 1541 οἷόν
2920 1504 3004 1553 τε,
3052 1487 3152 1557 τὴν
3181 1484 3450 1551 διάλεξιν.
3484 1483 3653 1536 Ἔνθα
3696 1483 3723 1535 δ

2148 1583 2214 1637 ἂν
2274 1582 2452 1644 ἄλλως
2509 1580 2676 1635 τοῦτο
2739 1581 3011 1652 συμϐαίη,
3073 1579 3101 1632 ὃ
3159 1577 3371 1645 λοιπὸν,
3434 1578 3550 1640 τοῖς
3602 1577 3740 1644 λογι-

2150 1677 2307 1745 σμοῖς
2345 1675 2423 1747 (1)
2483 1674 2773 1746 χρηστέον,
2815 1675 2912 1728 καὶ
2952 1674 3032 1745 τῷ
3080 1673 3252 1728 εἰκότι
3307 1671 3606 1742 πειρατέον
3659 1669 3738 1731 είς

2145 1766 2402 1836 δύναμιν,
2432 1767 2538 1838 ὅπη
2586 1766 2654 1821 ἂν
2686 1768 2786 1840 ἔχῃ
2829 1766 3065 1837 τάληθὲς
3103 1766 3288 1836 εὑρεῖν
3313 1781 3329 1799 ο
3361 1765 3458 1817 ἐὰν
3485 1760 3544 1836 ᾖ,
3576 1762 3733 1832 φημὶ,

450 1867 558 1914 stct
585 1860 786 1914 veritas
818 1859 1157 1927 reperiamus
1188 1877 1202 1914 :
1229 1861 1275 1914 si
1311 1871 1515 1927 tamen,
1553 1862 1776 1931 hospes,
1807 1862 1916 1916 boc
1939 1863 2035 1918 tibi

2145 1861 2239 1913 καὶ
2282 1862 2367 1914 σοὶ
2414 1862 2568 1915 τουτὶ
2616 1861 2886 1932 ἡδομένῳ.
2929 1861 3038 1916 Καὶ
3073 1861 3134 1920 ὃς
3186 1859 3425 1930 ἐπῄνεσε
3455 1858 3518 1911 τὸ
3550 1856 3731 1928 ῥηθὲν,

450 1966 668 2021 quoque
696 1951 768 2004 ita
794 1949 1064 2007 videatur.
1091 1950 1222 2018 Quae
1241 1968 1363 2007 cum
1377 1968 1479 2024 ego
1505 1953 1796 2021 dixissem,
1835 1955 2036 2010 annuit

451 2046 561 2109 ille,
585 2053 641 2099 et
689 2043 900 2122 liunclin
927 2047 1150 2102 modum
1171 2047 1444 2102 disserere
1460 2046 1604 2101 inter
1634 2061 1734 2102 nos
1754 2047 2037 2102 convenit.

521 2140 576 2194 8.
633 2141 770 2195 'l‘um
820 2139 1028 2206 is,Tibi
1048 2138 1457 2209 etiam,inquit,
1477 2148 1666 2194 nostro
1692 2138 1758 2193 de
1784 2153 2040 2194 sermone

448 2232 909 2288 considerandum
937 2241 1044 2298 est,
1072 2231 1353 2303 quomodo
1384 2246 1512 2285 eum
1543 2232 1819 2300 integrum
1850 2232 1916 2286 ab
1937 2247 2039 2286 an-

450 2320 584 2390 gelis
618 2321 886 2390 incipiens
910 2332 1202 2378 contexas.
1236 2321 1351 2390 Ego
1383 2335 1538 2386 vero,
1573 2320 1620 2375 si
1647 2321 1781 2390 quid
1820 2336 2037 2388 eorum,

447 2429 571 2482 qua:
597 2415 878 2483 dicuntur,
913 2431 1022 2470 non
1059 2416 1390 2486 probavero,
1420 2415 1610 2469 statim
1647 2427 1939 2484 exponam,
1986 2424 2042 2470 et

455 2506 522 2559 de
545 2505 665 2575 illo,
691 2508 836 2576 quod
869 2508 1078 2562 nostris
1100 2507 1317 2576 placitis
1361 2506 1650 2561 dissonum
1705 2523 2037 2576 cognovero,

448 2600 582 2667 quid
629 2599 733 2670 ipsi
786 2602 1099 2657 sentiamus
1149 2601 1378 2670 insuper
1425 2602 1725 2656 enarrabo.
1763 2600 1914 2667 Esto,
1957 2609 2040 2656 tn-

449 2707 643 2761 quam,
671 2693 756 2746 vir
785 2692 991 2761 optime
1022 2711 1036 2748 :
1074 2701 1354 2763 utcunque
1404 2693 1560 2750 vobis
1589 2693 1832 2760 libuerit,
1862 2693 2042 2750 facere

447 2786 714 2841 conabor.
793 2785 859 2839 Et
929 2787 1170 2857 primum
1247 2787 1471 2856 quidem
1543 2788 1766 2857 angelos
1831 2789 2041 2860 aliquid

446 2891 696 2934 creatum
748 2895 875 2935 esse
953 2880 1223 2948 dicimus,
1282 2889 1370 2945 et,
1439 2888 1498 2935 ut
1559 2890 1754 2936 caetera
1820 2883 2038 2948 omnia,

449 2973 522 3028 ob
576 2959 856 3028 Creatoris
910 2973 1209 3028 bonitatem
1274 2985 1492 3030 creatos
1529 2977 1678 3046 (nam
1715 2976 1915 3046 quibus
1973 2976 2040 3031 ad

447 3067 854 3122 subsistendum
931 3081 1036 3120 non
1108 3067 1428 3136 indigebat,
1484 3082 1582 3122 eos
1620 3106 1636 3132 ,
1707 3068 1811 3122 nisi
1850 3067 2038 3123 fuisset

2143 1951 2239 2005 καὶ
2275 1951 2584 2023 συνέδημεν
2618 1953 2713 2006 τὸν
2739 1951 2943 2023 τρόπον
2976 1950 3167 2004 τοῦτον
3194 1948 3573 2021 διαλεχθῆναι.

2213 2143 2286 2205 η’.
2315 2137 2427 2191 Καί
2459 2153 2542 2190 σοι
2573 2135 2864 2200 σκεπτέον,
2893 2134 3024 2204 ἔφη,
3064 2132 3197 2202 περὶ
3229 2131 3330 2186 τοῦ
3369 2131 3558 2200 λόγου,
3589 2131 3730 2194 ὅπως

2142 2228 2305 2282 τοῦτο
2339 2229 2562 2296 ὑφανεῖς
2603 2230 2815 2300 ἄρτιον,
2842 2227 2952 2282 ἀπὸ
2975 2226 3086 2281 τῶν
3111 2225 3368 2296 ἀγγέλων
3403 2223 3726 2295 ἀρξάμενος.

2155 2322 2299 2390 Ἐγὼ
2328 2321 2386 2376 δὲ
2418 2323 2446 2377 δ
2473 2340 2529 2376 τι
2555 2323 2664 2377 τῶν
2695 2321 3009 2391 λεγομένων
3037 2321 3140 2374 οὐκ
3171 2319 3542 2389 ἀποδέξομαι,
3575 2315 3726 2396 λέξω,

2144 2419 2239 2471 καὶ
2271 2417 2571 2488 προσθήσω
2596 2416 2697 2486 τὴν
2726 2415 3006 2486 ἡμετέραν
3033 2413 3194 2481 δόξαν
3219 2413 3402 2466 είπεῖν
3426 2409 3560 2481 περὶ
3591 2407 3727 2461 ἑκεί-

2143 2530 2234 2565 νου
2262 2527 2346 2574 γε,
2368 2511 2506 2581 ὅπερ
2542 2510 2608 2563 ἂν
2632 2509 2843 2579 ἀπᾷδον
2871 2507 3060 2576 γνοίην
3080 2506 3191 2560 τῶν
3215 2506 3509 2576 ἡμετέρων
3528 2501 3728 2570 δογμά-

2143 2621 2272 2658 των.
2305 2599 2452 2665 Εῐεν,
2491 2603 2650 2672 ἔφην,
2684 2596 2730 2656 ὧ
2762 2600 3011 2671 βέλτιστε
3036 2616 3052 2632 ·
3098 2599 3175 2662 ὡς
3205 2600 3274 2652 ἂν
3386 2597 3725 2666 βουλομένοις

2145 2697 2275 2764 ὑμῖν
2301 2693 2508 2764 πρᾶξαι
2542 2695 2904 2764 πειράσομαι.
2945 2692 3056 2748 Καὶ
3107 2692 3245 2763 δῆτα
3300 2693 3431 2755 τοὺς
3467 2687 3726 2758 ἀγγέλους

2145 2791 2307 2858 ἡμεῖς
2335 2788 2397 2840 τὸ
2449 2787 2666 2858 πρῶτον
2719 2781 2861 2840 εἶναι
2906 2785 3142 2856 λέγομεν
3184 2783 3606 2854 δημιούργημα,
3637 2779 3724 2833 καὶ

2144 2883 2371 2946 τούτους
2399 2882 2457 2936 δὲ
2507 2883 2602 2936 καὶ
2649 2884 2830 2934 πάντα
2877 2879 3389 2952 δεδημιουργῆσθαι
3425 2878 3494 2932 δι’
3533 2874 3720 2944 ἀγαθό-

2144 2995 2281 3049 τητα
2327 2976 2422 3029 τοῦ
2461 2973 2809 3044 Δημιουργοῦ
2845 2969 2942 3044 (ὦν
2977 2973 3088 3042 γὰρ
3131 2973 3234 3025 οὐκ
3288 2972 3462 3026 ἐδεῖτο
3491 2969 3624 3040 πρὸς
3663 2965 3720 3020 τὸ

2150 3069 2527 3134 συνίστασθαι,
2567 3068 2666 3120 οὐκ
2701 3067 2766 3121 ἄν
2797 3068 2915 3122 ποτ’
2943 3067 3164 3135 ἐγένετο
3194 3067 3410 3119 τούτων
3459 3064 3716 3133 δημιουρ⁴

447 3175 668 3216 summe
701 3146 900 3226 bonus,
922 3175 1204 3230 nunquam
1231 3161 1533 3230 creasset),
1558 3161 1792 3233 simplici
1817 3163 2038 3216 eadem-

2140 3163 2256 3231 γὺς,
2297 3161 2373 3232 μὴ
2413 3158 2765 3228 ύπεράγαθος
2791 3156 2888 3228 ὢν)
2921 3155 3129 3218 ἁπλοῦς
3159 3155 3263 3222 τὴν
3299 3154 3462 3224 φύσιν
3492 3153 3715 3211 πάντας,

445 3267 556 3322 que
587 3263 783 3309 natura
811 3253 1070 3323 praeditos
1090 3255 1530 3319 omnes,etiamsi
1551 3255 1769 3321 ordine,
1793 3263 1848 3310 et
1879 3256 2039 3309 mini-

445 3345 598 3399 sterii
624 3346 818 3414 gradu,
848 3355 904 3401 et
973 3347 1040 3403 ad
1095 3346 1262 3402 Deum
1306 3348 1838 3418 apprOpinquatione
1899 3346 2037 3402 alius

445 3440 616 3494 alium
661 3442 970 3504 antecedat,
1011 3441 1318 3496 luminosos
1373 3442 1652 3505 etlumen,
1675 3447 1728 3494 et
1751 3440 1868 3494 sive
1899 3439 2037 3494 (11111-

445 3533 620 3588 culter
647 3533 878 3590 mobiles
905 3533 973 3589 ad
999 3535 1224 3601 malum,
1256 3534 1372 3588 sive
1409 3536 1573 3588 etiam
1611 3541 1733 3602 post
1771 3533 2036 3590 daemonis

443 3625 815 3680 defectionem
841 3626 1165 3696 lapsumque
1205 3624 1432 3679 omnino
1492 3638 1598 3677 non
1647 3623 1896 3679 mobiles.
1945 3623 2038 3679 Et-

453 3720 598 3776 enim
659 3731 811 3774 moto
834 3720 928 3774 illo
991 3719 1169 3788 (scitis
1195 3718 1308 3788 jam
1333 3716 1780 3788 istud,0pinor),
1808 3717 2036 3780 biplane

447 3813 662 3866 immoti
707 3819 1131 3881 permanserunt
1176 3828 1189 3864 :
1237 3809 1544 3876 meritoque
1599 3823 1732 3863 sane
1781 3811 2036 3879 conjiciat

445 3901 590 3973 quis,
619 3903 1080 3972 quemadmodum
1115 3902 1263 3970 juste
1298 3900 1547 3955 derelicti
1600 3902 1782 3958 sintet
1828 3903 1895 3958 ad
1942 3919 2036 3974 pe-

440 3995 560 4062 jora
580 4005 845 4065 perpetuo
868 3995 1134 4060 ferantur,
1155 3995 1249 4065 qui
1268 3997 1438 4052 semel
1460 3997 1602 4052 male
1623 4000 1757 4052 moti
1785 3997 2028 4067 fuerint;

448 4086 521 4140 ita
555 4087 676 4151 bos,
705 4086 847 4155 quod
895 4086 1037 4140 tirmi
1099 4086 1426 4151 manserint,
1465 4086 1571 4142 hoc
1621 4087 1850 4156 majoris
1905 4103 2033 4158 pro-

447 4195 672 4244 gressus
703 4180 912 4233 donum
941 4193 969 4231 a
997 4178 1108 4232 Deo
1142 4178 1448 4247 accepisse,
1481 4187 1540 4232 ut
1569 4195 1886 4249 quanquam
1934 4197 2032 4236 eo-

450 4289 570 4326 rum
604 4282 798 4327 natura
824 4289 924 4329 suo
952 4273 1073 4326 loco
1095 4281 1362 4336 maneret,
1383 4272 1487 4342 ipsi
1517 4282 1698 4328 tamen
1726 4274 1866 4328 idem
1887 4277 2034 4343 quod

447 4366 583 4435 lapsi
621 4381 904 4437 nunqttam
941 4363 1050 4434 pati
1079 4374 1322 4433 possent.
1351 4363 1614 4434 Nequeid
1671 4373 1908 4432 tantum,
1936 4371 2031 4422 sed

447 4467 502 4512 ct
531 4459 704 4514 bonos
730 4475 852 4513 esse
883 4459 984 4512 boc
1008 4455 1566 4512 existimamus.Nam
1591 4472 1746 4512 suam
1777 4470 2030 4514 naturam

449 4562 658 4606 natura:
681 4549 894 4621 opiticis
921 4551 1169 4605 omnium
1206 4550 1299 4604 Dei
1349 4551 1522 4621 magis
1561 4561 1844 4621 cognatam
1910 4567 2033 4610 esse

449 4644 806 4714 intelligimus
838 4659 1002 4713 quam
1060 4653 1291 4698 czeteras
1315 4658 1405 4698 res
1440 4643 1510 4696 ab
1555 4643 1746 4698 eadem
1791 4653 2029 4699 creatas.

445 4735 627 4800 Quare
658 4735 996 4790 immortales
1021 4734 1186 4788 etiam
1211 4747 1333 4787 esse
1363 4731 1660 4795 credimus,
1691 4740 1751 4786 ut
1787 4731 2032 4800 illorum,

446 4828 646 4896 quibus
677 4827 741 4880 ad
761 4826 926 4880 vitam
951 4824 1280 4892 indigemus,
1312 4821 1534 4875 minime
1566 4821 1800 4892 indigos.

518 4919 572 4972 9.
612 4916 710 4973 llic
737 4915 1232 4984 senex,Est,istud
1279 4914 1502 4984 quidem
1565 4929 1779 4983 verum,
1832 4915 2029 4986 inquit,
2102 4963 2107 4968 .

522 5053 598 5119 tl)
626 5051 681 5105 iu
704 5053 849 5105 hunc
883 5051 996 5102 fere
1036 5049 1255 5102 modum
1297 5051 1362 5121 de
1390 5063 1496 5103 non
1531 5051 1868 5106 credentium
1901 5068 2026 5121 per-

447 5123 708 5178 suasione
741 5122 968 5174 Pbotius
1020 5120 1369 5186 Amphiloch.
1423 5131 1622 5188 qumst.
1685 5137 1828 5184 ηιξ,
1880 5120 2019 5182 Cod.

446 5193 673 5247 Coislin.
710 5191 837 5254 270,
876 5191 970 5264 fol.
1006 5191 1108 5246 101
1137 5201 1274 5264 recte
1301 5204 1318 5242 :
1356 5191 1480 5264 Τοῖς
1507 5208 1567 5264 τε
1603 5192 1847 5264 γάρήδη
1890 5195 2020 5263 χρό.

446 5283 522 5330 νιρ
555 5261 977 5334 πεπιστευκόσι,
1035 5263 1137 5334 καὶ,
1174 5260 1445 5334 μηδεμίαν
1510 5260 1846 5334 ἀμφιϐολίαν
1891 5260 2022 5334 περὶ

451 5333 544 5386 τοῦ
565 5332 687 5385 καθ’
714 5332 864 5400 ἡμᾶς
899 5333 1203 5400 μυστηρίου
1230 5330 1722 5400 παραδεχομένοις,
1757 5330 2020 5396 ὡσαύτως

448 5403 505 5454 δὲ
527 5405 762 5474 καὶτοῖς
785 5400 1011 5474 τελείως
1034 5406 1099 5474 τῇ
1138 5404 1364 5474 ἀπιστίᾳ
1407 5402 1867 5474 κεκρατημένοις,
1926 5407 2020 5458 καὶ

456 5473 531 5542 μὴ
569 5473 788 5542 θέλουσι
813 5471 902 5542 διὰ
946 5471 1350 5541 τῶνσημείων
1402 5473 1543 5540 πρὸς
1598 5474 1702 5542 τὴν
1737 5474 2026 5527 εὐσέὄειαν

451 5540 954 5613 χειραγωγηθῇναι,
990 5544 1143 5596 κενὸν
1166 5540 1522 5613 καὶμάτοιιον
1562 5543 1594 5611 ή
1642 5541 1749 5613 τῶν
1782 5547 2027 5613 σημείων

450 5611 736 5682 ἐπίδειξις.
772 5611 897 5674 Τοῖς
927 5613 983 5666 δέ
1017 5631 1078 5678 γε
1120 5616 1178 5666 ἐν
1215 5617 1276 5682 τῇ
1310 5612 1549 5682 ἀπιστίαν
1591 5611 2022 5682 τεθραμμένοις,

451 5677 573 5753 εἶτα
603 5684 786 5753 ἡρέμα
819 5698 934 5746 πως
967 5686 1090 5746 τοὺς
1127 5677 1420 5750 λογισμοὺς
1457 5677 1595 5750 πρὸς
1620 5677 1716 5750 τὴν
1743 5677 2028 5738 abissem

452 5751 713 5806 ἐνδιδόναι
752 5753 1457 5824 διανισταμένοις,γτούτοις
1489 5753 1666 5804 οἰκεία.
1711 5755 1803 5806 καὶ
1853 5757 2027 5824 πρόσ-

455 5838 620 5893 φορος
674 5825 781 5880 τῶν
841 5827 1157 5896 παραδόξων
1220 5823 1398 5896 ἔργων
1453 5824 1846 5894 ήφανέρωσις.
1901 5823 2034 5882 Atu-

2142 3257 2238 3310 καὶ
2264 3257 2364 3325 τὴν
2395 3256 2569 3326 αὐτὴν
2596 3254 2841 3324 ἔχοντας,
2879 3252 2984 3306 κᾶν
3014 3251 3177 3315 ἄλλος
3215 3251 3387 3305 ἄλλου
3415 3249 3562 3315 τάξει
3590 3261 3708 3314 προ-

2141 3351 2262 3420 έχῃ,
2311 3348 2408 3404 καὶ
2462 3348 2657 3420 βαθμῷ
2693 3345 2994 3410 διακονίας,
3021 3343 3116 3397 καὶ
3143 3346 3209 3414 τῇ
3255 3343 3397 3416 πρὸς
3446 3344 3507 3396 τδ
3565 3339 3708 3392 Θεῖον

2141 3444 2431 3514 ὲγγύτητι,
2468 3442 2806 3511 φωτοειδεῖς,
2838 3441 2934 3494 καὶ
2965 3438 3143 3506 φῶτα,
3186 3439 3293 3492 καὶ
3322 3439 3440 3507 ἦτοι
3470 3433 3712 3501 δυσκινή-

2140 3555 2269 3599 τους
2309 3536 2445 3607 πρὸς
2466 3535 2526 3589 τὸ
2551 3533 2742 3598 κακὸν,
2776 3534 2808 3603 ἢ
2840 3532 3134 3602 ἀκινήτους
3185 3533 3330 3601 μετά
3360 3531 3459 3601 τὴν
3486 3529 3578 3581 τοῦ
3614 3526 3712 3578 Σα-

2137 3632 2239 3684 τὰν
2271 3628 2614 3682 ἀποστασίαν
2648 3627 2744 3680 καὶ
2775 3626 3076 3680 ἔκπτωσιν.
3117 3623 3269 3677 Ἀνθ’
3293 3617 3370 3678 ὧν
3401 3623 3608 3676 ἐκείνου
3637 3634 3713 3694 κι-

2139 3723 2399 3795 νηθέντος
2457 3722 2596 3791 (ἴστε
2627 3721 2758 3790 γὰρ,
2807 3719 2884 3781 ὡς
2943 3711 3185 3789 ιγῷμαι)
3223 3717 3479 3784 ἀκίνητοι
3527 3712 3710 3771 τελέως

2139 3813 2288 3872 οὗτοι
2339 3813 2658 3884 διέμειναν’
2701 3811 2945 3866 είκάσειε
2985 3810 3094 3880 γὰρ
3129 3809 3194 3862 ἄν
3235 3825 3325 3873 τις
3371 3807 3613 3869 δικαίως,
3640 3803 3710 3862 ὡς

2139 3909 2398 3978 καθάπερ
2451 3907 2499 3959 οί
2545 3905 2733 3969 κακῶς
2781 3903 3100 3973 κινηθέντες
3135 3903 3368 3967 δικαίως
3421 3895 3715 3969 ἐγκατελεί-

2139 4003 2376 4071 φθησαν,
2435 4001 2528 4053 καὶ
2573 3999 2710 4067 πρὶς
2755 3997 2823 4050 τὰ
2875 3997 3046 4066 χείρω
3094 3993 3380 4050 κινοῦνται
3439 3989 3711 4062 διηνεκῶς,

2137 4091 2312 4154 οὕτως
2351 4091 2498 4144 οὗτοι
2547 4090 2737 4158 πάγιοι
2771 4087 3060 4158 μείναντες
3089 4084 3263 4155 δῶρον
3313 4085 3498 4140 θεόθεν
3533 4079 3710 4134 ἔλαθον

2137 4183 2460 4244 ἐπιδόσεως,
2491 4185 2592 4250 τῆς
2644 4179 2863 4248 φύσεως
2891 4179 3075 4233 αὐτῶν
3121 4179 3265 4232 κατὰ
3311 4177 3496 4249 χώραν
3533 4169 3710 4244 μενούο

2141 4291 2262 4343 σης,
2301 4273 2374 4344 μὴ
2417 4271 2586 4325 ταυτὸ
2610 4274 2724 4332 τοῖς
2757 4273 3048 4326 ἐπταικόσι
3093 4272 3227 4325 ποτὲ
3262 4272 3478 4326 παθεῖν.
3508 4269 3581 4322 Ού
3618 4263 3709 4335 μό-

2139 4381 2230 4419 νον
2264 4364 2340 4429 δὲ,
2371 4363 2510 4418 ἀλλὰ
2562 4363 2660 4418 καὶ
2693 4365 2940 4434 ἀγαθοὺς
2971 4364 3195 4428 τούτους
3223 4364 3540 4439 δοξάζομεν.
3577 4359 3711 4424 Σογ-

2068 4490 2116 4550 D
2142 4455 2472 4526 γενεστέραν
2520 4456 2628 4525 γὰρ
2659 4455 2826 4525 φύσιν
2857 4459 2922 4526 τῇ
2975 4457 3196 4511 πάντων
3238 4451 3564 4528 δημιουργῷ
3610 4448 3710 4501 τῶν

2142 4550 2320 4606 ἄλλων
2349 4551 2458 4605 τῶν
2491 4551 2596 4604 ὑπὸ
2625 4551 2833 4620 ταύτης
2867 4550 3201 4605 κτισθέντων
3230 4552 3482 4621 νοοῦμεν.
3514 4545 3601 4600 Διὸ
3622 4542 3708 4596 καὶ

2141 4645 2443 4707 ἀθανάτους
2472 4640 2614 4699 εἶναι
2645 4644 2996 4715 πιστεύομεν,
3020 4644 3293 4709 ἀνενδεεῖς
3325 4643 3524 4704 τελέως
3549 4635 3711 4704 ὑπάρ-

2141 4755 2334 4809 χοντας
2368 4731 2444 4792 ὧν
2475 4739 2639 4808 ἡμεῖς
2671 4736 2906 4807 δεόμεθα
2937 4737 3076 4807 πρὸς
3103 4737 3164 4790 τδ
3189 4737 3309 4807 ζῇν.

2213 4919 2280 4976 θ’.
2309 4919 2496 4972 Πάντα
2536 4918 2658 4987 μὲν,
2689 4917 2716 4969 ὁ
2747 4917 2928 4989 γέρων
2959 4917 3088 4990 ἔφη,
3120 4919 3189 4973 τὰ
3239 4917 3505 4990 εἰρημένα
3537 4908 3701 4966 καλά·

2130 5055 2405 5128 pbilocbia
2458 5053 2714 5116 Pbotii,a
2763 5055 2958 5111 multis
2981 5055 3206 5128 laudata
3267 5065 3321 5111 et
3387 5041 3702 5128 tentata,sed

2133 5126 2200 5181 ad
2237 5128 2339 5180 hoc
2361 5134 2577 5197 tempus
2610 5141 2892 5194 nunquam
2927 5127 3096 5191 edita,
3124 5137 3343 5182 exstant
3392 5126 3704 5197 inquatttor

2132 5198 2290 5250 bonis
2341 5195 2628 5249 codicibus
2671 5192 3028 5252 Bibliotheca:
3078 5199 3282 5252 Caesar.
3346 5192 3696 5250 Parisicnsis:

2127 5266 2468 5336 Coisliniauo
2498 5266 2698 5336 n.270.
2721 5268 2939 5336 optima:
2983 5276 3145 5331 nota},
3168 5267 3365 5322 Pltotin
3387 5266 3698 5336 l'erecqajfg,

2128 5336 2332 5410 dequo
2365 5323 2770 5410 ttpnieratcon.‘
2796 5335 3056 5410 Biblioth.
3098 5323 3267 5410 c'oist.
3323 5333 3500 5410 Paris:
3550 5323 3697 5410 17153

2129 5401 2377 5476 folfpag.
2408 5406 2514 5460 525
2551 5424 2564 5476 ;
2599 5407 2770 5460 altero
2803 5409 2968 5474 Regio
2997 5425 3051 5462 η.
3078 5409 3234 5474 1228,
3277 5423 3400 5463 smc.
3421 5401 3525 5476 Xl:
3553 5405 3697 5476 t'ertto

2131 5471 2261 5530 item
2282 5471 2448 5546 li'egio
2467 5475 2626 5548 1229,
2649 5471 2924 5547 descripto
2955 5495 3019 5532 ex
3043 5484 3163 5534 cod.
3192 5471 3392 5533 montis
3410 5471 3699 5548 Athojuﬁstl

2130 5533 2460 5619 Cltrysati’tbi
2498 5533 2730 5619 Notarze,
2751 5533 2986 5615 quierat
3012 5533 3399 5619 Hierosolymis
3417 5533 3699 5619 patt‘iat;t:'l:'a

2130 5596 2730 5672 ;."‘n‘b‘-i";\1n:“i;;
2756 5596 3448 5684 δίιῑέιῖὑίἷένῖἴᾶᾖῆξξ,
3489 5617 3541 5684 -ι.
3584 5596 3694 5684 ιιι,

2131 5688 2239 5760 col.
2285 5687 2390 5760 526
2432 5704 2458 5760 :7
2490 5697 2688 5757 quarto
2721 5679 2892 5743 uitio
2948 5693 3314 5760 supplementi
3340 5727 3354 5750 ,
3379 5679 3697 5760 duobus}?

2134 5759 2256 5818 mis,
2287 5746 2564 5828 descripio
2599 5774 2828 5812 avorum
2882 5746 3199 5819 nostrorum
3245 5746 3401 5817 aetate
3445 5763 3514 5822 ,ιιι
3544 5746 3694 5808 licSlo

2132 5829 2291 5896 1228,
2317 5845 2478 5899 quem
2501 5845 2661 5900 supra
2695 5831 2830 5887 dixi.
