3972 6440
283 284 378 358 Hi

1228 278 1611 344 DIALOGUS
1659 275 1683 334 I
1731 271 1893 334 CUM
1935 271 2500 337 MOHAMETA-NO.

3444 279 3543 343 M2

280 404 417 473 πλὴν
445 403 522 456 ἔτι
558 401 847 472 βουλοίμην
874 415 926 453 τι
961 397 1167 452 τούτων
1198 397 1431 452 ἀκοῦσαι
1463 396 1802 464 σαφέστερον

1979 391 2323 460 quodcunque
2356 393 2536 450 dicis:
2569 394 2676 450 nisi
2708 395 2856 464 quod
2887 412 3053 451 unam
3101 413 3216 453 rem
3260 398 3548 469 aliquanto

280 496 417 548 ἀλλὰ
467 494 624 548 τοῦτο
650 495 758 560 μὲν
804 490 909 562 ὁδῷ
965 490 1197 561 βαδίζων
1249 490 1277 542 ὁ
1311 489 1471 558 λόγος
1522 488 1688 558 τυχὸν
1723 489 1854 557 ἡμῖν

283 587 574 640 ἀποδώσει.
617 586 952 644 Ἀθανάτους
1005 584 1189 651 μέντοι
1224 582 1447 646 τούτους
1481 583 1597 645 πῶς
1643 581 1734 647 ἄρ’
1769 581 1856 632 ἐν-

282 679 497 749 δέχεται
530 675 668 731 εἶναι
696 694 711 744 ;
741 678 832 730 Δεῖ
858 675 968 746 γὰρ
1017 676 1181 745 φύσιν
1209 676 1453 742 ἅπασαν,
1484 676 1605 744 ἥτις
1634 674 1694 727 οὐ
1730 672 1856 743 μέλ-

282 770 366 822 λει
409 769 587 840 πάντη
635 768 1131 838 διαφθαρήσεσθαι,
1170 755 1346 839 ἀρχὴν
1392 765 1666 821 λαϐοῦσαν
1699 782 1855 830 ποτε,

285 864 380 916 καὶ
413 862 567 925 τέλος
616 865 824 931 ταύτην
871 861 1062 915 λαϐεῖν
1086 877 1100 892 ο
1135 861 1204 936 ῖνῖ
1235 862 1426 930 ὥσπερ
1463 861 1522 913 ὲν
1574 859 1762 928 κύκλῳ
1787 861 1856 928 τῇ

287 954 520 1022 γενέσει,
549 954 645 1008 καὶ
690 953 894 1022 φθίσει,
930 954 1024 1007 καὶ
1055 952 1352 1007 ἀναϐιώσει
1386 958 1468 1017 είς
1507 955 1704 1006 ταυτόν
1740 952 1861 1004 ποτ’

284 1047 537 1110 ἐλθοῦσα,
581 1046 943 1101 ἀλλοιωθεῖσά
981 1064 1043 1099 τε
1095 1046 1192 1100 καὶ
1230 1046 1587 1109 ἀναστάσεως
1616 1044 1861 1115 κρείττο-

286 1158 374 1201 νος
400 1139 776 1204 ἀπολαύσασα,
821 1140 1025 1208 φθορᾶς
1071 1139 1291 1210 ἁπάσης
1339 1139 1594 1210 ἁνωτέρα
1629 1137 1858 1207 γένηται
1899 1132 1908 1138 ’

289 1231 380 1284 τοῦ
410 1231 622 1286 λοιποῦ.
653 1230 887 1296 Οὐκοῦν,
923 1231 1082 1299 ἔφην,
1110 1224 1371 1310 ὦς’γαθὲ,
1411 1233 1505 1285 καὶ
1535 1233 1661 1296 τοὺς
1688 1233 1866 1310 ἀγγέτ

286 1325 412 1386 λους
461 1325 659 1388 αὐτοὺς
684 1325 915 1393 θνητοὺς
952 1308 1393 1398 εἶναι’δοξὰζετε
1423 1341 1438 1389 ;
1487 1326 1598 1379 Καὶ
1641 1326 1698 1388 ὃς
1730 1326 1860 1396 ἔφη,

290 1422 422 1477 Ναί.
455 1418 528 1476 Ἥ
570 1421 704 1474 πολύ
757 1438 861 1488 τοι,
897 1420 1036 1492 ἔφην
1080 1421 1216 1491 ἐγὼ,
1265 1421 1526 1485 ἐναντίως
1561 1421 1747 1493 ἔχουσί
1796 1439 1861 1491 γε

289 1517 422 1586 ἡμῖν
451 1517 506 1568 αί
561 1516 688 1586 περὶ
719 1514 830 1568 τῶν
879 1515 1130 1585 ἀγγέλων
1175 1516 1364 1582 δόξαι·
1403 1515 1550 1587 ζωῆς
1604 1517 1716 1588 γὰρ
1769 1518 1864 1572 καὶ

291 1605 522 1661 θανάτου
555 1607 638 1669 τίς
674 1607 740 1660 ἂν
770 1606 982 1674 γένοιτο
1013 1608 1217 1674 μείζων
1248 1609 1481 1678 διαφορά
1506 1625 1521 1674 ;
1551 1609 1647 1671 Τίς
1685 1607 1776 1662 οῦν
1802 1626 1863 1662 σε

1958 483 2163 540 clarius
2189 485 2350 540 velim
2378 486 2681 557 intelligere
2706 507 2719 543 :
2745 490 2846 545 sed
2865 491 2997 546 illud
3023 491 3080 546 in
3108 495 3384 548 sermonis
3419 510 3548 564 pro-

1959 590 2152 644 gressu
2181 577 2414 635 fortasse
2439 580 2598 636 nobis
2627 583 2927 653 continget.
2949 583 3230 650 Attamen,
3257 588 3540 656 quomodo

1961 669 2080 723 ﬁeri
2102 679 2300 738 potest,
2317 681 2376 726 ut
2398 673 2576 742 angeli
2603 674 2716 730 sint
2740 675 3126 734 immortales?
3149 678 3379 749 Oportet
3397 680 3545 734 enim

1961 761 2144 817 hercle
2173 779 2394 820 omnem
2427 775 2706 834 naturam,
2760 785 2884 839 qua:
2925 786 3029 824 non
3077 772 3306 826 omnino
3358 773 3550 827 interi-

1960 863 2084 911 tura
2113 856 2203 921 sit,
2230 859 2700 927 quemadmodum
2731 861 3028 932 aliquando
3055 864 3272 918 initium
3305 867 3547 935 accepit,

1960 948 2037 1002 ita
2062 949 2223 1004 linem
2254 953 2420 1005 etiam
2444 952 2680 1023 aliquem
2704 955 2906 1009 habere
2938 972 2952 1008 :
2979 965 3038 1010 ut
3068 957 3224 1024 quasi
3253 957 3306 1010 in
3336 956 3548 1012 circulo

1961 1056 2062 1110 per
2110 1046 2545 1113 generationem,
2571 1045 2852 1102 interitum
2883 1055 2940 1102 et
2976 1050 3434 1105 resurrectionem
3479 1051 3546 1105 ad

1973 1132 2118 1186 idem
2179 1134 2397 1188 tandrm
2446 1135 2742 1205 aliquando
2785 1140 3083 1207 perveniat,
3117 1148 3175 1194 et
3238 1139 3550 1203 immutata,

1963 1225 2445 1296 praestantiorique
2479 1230 2885 1286 resurreCtione
2911 1230 3123 1297 fruens,
3153 1231 3377 1288 interitu
3398 1235 3548 1287 omni

1965 1318 2216 1387 superior
2242 1319 2296 1374 in
2325 1331 2600 1389 posterum
2632 1323 2845 1383 evadat.
2897 1323 3037 1378 Tum
3093 1340 3220 1396 ego,
3273 1326 3466 1394 igitur,
3517 1342 3553 1380 ο

1931 1463 1934 1466 .
1965 1409 2128 1476 bone,
2161 1413 2390 1482 angelos
2415 1413 2562 1482 ipsos
2586 1415 2751 1470 etiam
2774 1418 3034 1472 mortales
3052 1433 3172 1472 esse
3201 1419 3502 1487 Opinamini
3532 1421 3556 1474 ?

1963 1502 2076 1559 Nos
2105 1519 2235 1560 vero
2272 1508 2530 1570 maxime,
2554 1501 2761 1576 inquit.
2799 1507 2893 1563 Na.-
2925 1510 3156 1565 multum
3207 1512 3414 1576 dill‘ert,
3469 1513 3556 1566 in-

1965 1614 2158 1667 quam,
2192 1609 2381 1656 nostra
2411 1600 2700 1672 deangelis
2733 1603 2924 1671 opinio
2959 1605 3256 1674 :quidnam
3272 1607 3419 1659 enim
3441 1605 3557 1661 dis-

288 1701 475 1752 πείσαι
503 1697 816 1764 δυνήσεται,
848 1698 923 1762 ὡς
950 1698 1127 1762 ἄλλως
1153 1699 1288 1768 ἔχει,
1322 1699 1358 1753 ἃ
1391 1699 1598 1768 λέγεις,
1636 1700 1864 1756 πιθανόν

1979 1691 2176 1743 crimen
2206 1705 2332 1746 esse
2367 1692 2538 1761 possit
2567 1694 2748 1762 majus
2778 1693 2873 1749 illo
2898 1733 2914 1759 ,
2941 1695 3086 1765 quod
3113 1695 3257 1750 inter
3287 1697 3455 1752 vitam
3499 1709 3557 1752 et

289 1807 346 1843 τε
383 1788 562 1858 λέγειν
605 1788 887 1854 δοκοῦντα,
931 1789 1027 1842 καὶ
1073 1789 1169 1859 τὴν
1212 1789 1320 1842 ἀπὸ
1351 1790 1462 1842 τῶν
1493 1791 1728 1861 Γραφῶν
1760 1792 1863 1844 οὐκ

1979 1792 2199 1838 mortem
2233 1783 2527 1838 intercedit
2548 1785 2571 1838 ?
2590 1786 2654 1839 Et
2682 1786 2832 1856 quis,
2859 1801 3070 1856 quasso,
3088 1789 3430 1858 persuadere
3456 1791 3553 1845 tibi

288 1879 541 1932 ἐθέλοντα
590 1878 850 1944 δέξασθαι
897 1879 1230 1948 μαρτυρίαν,
1283 1879 1378 1930 καὶ
1427 1878 1656 1948 προσέτι
1706 1880 1862 1948 φωνῇ

288 1968 694 2039 διαλεγόμενον,
729 1968 854 2039 ἥτις
886 1965 1146 2038 ἀλλοτρία
1191 1961 1325 2022 οῦσα
1355 1967 1434 2034 τῷ
1477 1967 1865 2038 προσδιαλεγο-

292 2063 439 2130 μένῳ
473 2077 579 2124 σοι,
629 2061 698 2114 τὰ
748 2059 1132 2130 λεχθησόμενα
1164 2062 1429 2130 παραινεῖ
1469 2060 1722 2132 ἐπίτηδες
1768 2077 1864 2114 τα-

293 2149 604 2219 πεινότερα,
643 2147 788 2221 ἢπερ
818 2149 962 2217 ἐστὶ,
1001 2152 1176 2206 ποιεῖν
1205 2149 1519 2220 φαίνεσθαι.

263 2477 268 2480 .
365 2428 420 2478 ι’.
462 2418 758 2494 Πειρατέον
792 2421 888 2476 καὶ
945 2417 1139 2490 οὕτως,
1188 2421 1318 2494 ἔφη,
1364 2412 1602 2492 τάληθὲς
1655 2425 1864 2495 εὑρεῖν.

296 2509 499 2566 Πολλοῦ
539 2513 636 2583 μὲν
668 2513 802 2583 γὰρ,
850 2512 910 2566 εὖ
951 2512 1084 2580 ῐσθι,
1132 2516 1407 2586 πριαίμην
1441 2516 1529 2581 ἂν,
1572 2517 1627 2570 ετ
1656 2517 1740 2579 τίς
1778 2535 1865 2588 μοι

301 2606 563 2673 παρεῖχεν
614 2605 836 2674 ἀμέσως
869 2621 950 2658 σοι
989 2605 1254 2660 δύνασθαι
1303 2606 1667 2676 διαλέγεσθαι.
1722 2608 1869 2679 Πλὴν

298 2700 662 2770 ἐγχωρητέον,
699 2701 775 2764 ὡς
808 2703 1065 2772 ἐγχωρεῖ,
1112 2703 1208 2758 καὶ
1235 2702 1433 2768 οὕτως,
1463 2703 1571 2775 ὅπη
1631 2707 1698 2760 ἂν
1734 2704 1869 2776 ἔχοι,

297 2791 533 2860 τάληθὲς
591 2792 968 2862 εὑρεθήσεται.
1041 2793 1361 2866 Ἀπόκριναι
1416 2795 1480 2866 δή
1535 2813 1644 2867 μοι,
1711 2795 1870 2866 ἔφην.

304 2885 575 2954 ’Δναρχον
603 2881 745 2938 εἶναι
778 2887 958 2954 λέγεις
983 2888 1165 2942 πᾶσαν
1195 2887 1397 2960 ψυχὴν,
1429 2889 1522 2942 καὶ
1555 2889 1694 2959 μηδὲ
1720 2890 1872 2943 ἐκτί-

301 2977 429 3030 σθαι
459 2977 610 3043 ποτέ,
645 2978 768 3049 μηδ’
794 2972 960 3047 εἶναι,
985 2980 1075 3034 ὅτε
1096 2983 1195 3034 οὐκ
1227 2977 1296 3050 ἧν
1319 3000 1333 3048 ;
1356 2983 1389 3053 ἢ
1432 2983 1718 3051 γεγονέναι
1743 2983 1875 3036 ταύ-

1967 1877 2187 1945 poterit,
2215 1876 2372 1932 aliter
2401 1892 2461 1932 se
2489 1876 2690 1934 habere
2733 1893 2802 1935 ea
2839 1895 2962 1950 quae
2998 1880 3159 1946 dicis,
3233 1884 3545 1951 praesertim

1967 1986 2090 2025 cum
2116 1978 2172 2024 tu
2208 1971 2301 2026 tibi
2333 1970 2616 2041 probabile
2637 1971 2849 2042 aliquid
2865 1974 3048 2029 dicere
3069 1973 3330 2038 videaris,
3353 1991 3557 2032 sacrae-

1967 2077 2074 2130 que
2105 2059 2406 2130 Scripturae
2437 2060 2813 2117 testimonium
2874 2062 3018 2118 nolis
3063 2062 3397 2118 admittere?
3421 2078 3559 2133 prae-

1880 2202 1889 2212 .
1970 2164 2220 2223 terquam
2251 2154 2395 2224 quod
2413 2153 2597 2223 lingua
2626 2155 2796 2210 uteris
2824 2155 2960 2208 mihi
2987 2162 3172 2210 tecum
3223 2156 3556 2225 colloquenti

1970 2247 2310 2316 aliena,qu2e
2349 2247 2532 2301 nativa
2563 2247 2613 2302 vi
2644 2261 2745 2303 sua
2783 2246 2966 2314 eliicit,
2986 2255 3048 2302 ut
3067 2263 3155 2303 res
3190 2248 3436 2304 dicenda:
3456 2248 3560 2304 hu-

1972 2337 2237 2405 miliores,
2266 2353 2428 2408 quam
2462 2353 2654 2394 revera
2693 2349 2844 2401 sunt.
2893 2353 3015 2396 esse
3067 2337 3381 2395 vidmutur.

2045 2432 2136 2488 l0.
2191 2432 2284 2488 Sic
2316 2435 2506 2496 etiam,
2541 2432 2743 2501 inquit,
2781 2433 3068 2488 veritatem
3101 2448 3369 2488 conemur
3403 2433 3559 2490 inve-

1972 2527 2116 2582 nire.
2153 2525 2287 2580 Nam
2327 2538 2529 2592 magno
2559 2522 2804 2594 quidem,
2841 2524 2976 2578 mibi
3005 2525 3190 2588 crede,
3219 2540 3495 2588 emerem;
3515 2524 3562 2578 si

1972 2621 2096 2692 quis
2115 2619 2220 2674 hoc
2245 2617 2382 2672 mibi
2405 2615 2692 2684 tribueret,
2721 2626 2781 2672 ut
2806 2617 3017 2686 absque
3054 2617 3220 2672 ullius
3251 2617 3562 2672 interventu

1973 2713 2214 2782 colloqui
2254 2722 2429 2767 tecum
2461 2724 2703 2781 possem.
2739 2708 2847 2765 Sed
2880 2718 3086 2776 tamen,
3115 2711 3297 2781 quoad
3334 2712 3454 2782 ejus
3487 2710 3570 2765 l‘a--

1973 2820 2099 2862 cere
2137 2805 2460 2876 poterimus,
2484 2819 2596 2860 rem
2623 2804 2843 2874 aggredi
2875 2819 2976 2876 par
3003 2813 3106 2871 est,
3137 2813 3193 2861 et
3227 2804 3309 2861 sic
3338 2805 3567 2871 veritas,

1975 2900 2470 2972 quomodocunque
2507 2912 2565 2952 se
2601 2896 2820 2963 habeat,
2872 2896 3199 2968 reperietur.
3266 2896 3378 2968 Age
3413 2913 3568 2960 vero,

1977 2993 2202 3062 inquam
2236 3009 2251 3045 :
2283 2990 2580 3060 responde,
2609 2989 2655 3044 si
2681 2989 2776 3045 tibi
2799 2989 3038 3046 videtur.
3063 2989 3292 3046 Omnem
3327 2990 3569 3045 animam

299 3089 401 3142 την
437 3072 587 3138 ποτὲ,
616 3073 710 3126 καὶ
742 3072 948 3144 κτίσμα
983 3067 1145 3141 εἶναι,
1189 3076 1284 3127 καὶ
1316 3075 1494 3146 ἀρχὴν
1540 3075 1863 3147 είληφέναις

1979 3095 2160 3140 utrum
2207 3082 2346 3138 initii
2398 3091 2676 3153 expertem
2713 3097 2836 3140 esse
2883 3083 3043 3147 dicis,
3097 3097 3277 3151 neque
3323 3095 3568 3151 unquam

300 3166 398 3228 Τίς
433 3164 477 3217 δ’
504 3164 570 3218 ἂν
603 3165 667 3218 τὸ
701 3164 917 3237 πρῶτον
967 3166 1152 3234 εἴποις
1205 3167 1391 3237 φησιν.
1415 3166 1626 3232 ’Καλῶς
1664 3167 1870 3237 λέγεις,

301 3258 443 3327 ἔφην
466 3272 480 3286 ο
509 3257 648 3311 δοκῶ
672 3256 728 3310 δέ
755 3275 868 3328 μοι,
900 3257 975 3322 ὡς
999 3259 1093 3312 καὶ
1122 3261 1377 3330 πρώτους
1403 3261 1514 3314 τῶν
1541 3262 1721 3318 ἄλλων
1744 3265 1876 3318 πάν-

300 3365 410 3402 των
445 3350 759 3418 κτισμάτων
811 3348 1054 3415 δοξάζεις
1097 3352 1226 3416 τοὺς
1275 3352 1545 3423 ἀγγέλους
1599 3355 1873 3423 ἐκτίσθαι,

303 3443 399 3496 καὶ
432 3441 665 3512 κρείττω
686 3441 876 3513 οφύσιν
922 3440 1065 3498 εἶναι
1099 3445 1294 3499 πασῶν
1338 3447 1447 3500 τῶν
1505 3449 1622 3518 μετ’
1676 3448 1877 3512 αὐτοὺς

304 3536 741 3609 γεγεννημένων,
793 3538 888 3591 καὶ
936 3538 1375 3608 συγγενεστέραν
1418 3541 1484 3612 τῇ
1541 3541 1739 3613 πρώτῃ
1775 3540 1872 3612 (l).

312 3631 471 3699 Ἀρτι
502 3629 608 3698 γὰρ
645 3629 768 3700 ἐμοὶ¹
795 3628 938 3683 τοῦτ’
977 3629 1205 3697 είπόντὶ,
1233 3623 1323 3696 ὀἷς
1362 3631 1464 3686 οὐκ
1508 3634 1772 3704 ἀντέφης,
1803 3631 1879 3688 οἷο

311 3738 434 3791 μαι,
471 3721 716 3776 συνέθου.
745 3721 854 3775 Ναὶ
899 3719 1097 3788 οὕτως,
1139 3720 1244 3793 ἔφη
1270 3723 1300 3777 δ
1337 3724 1537 3794 γέρων,
1566 3724 1700 3796 ἔχει.
1737 3727 1882 3780 Οὐκ-

310 3812 426 3876 οῦν,
459 3805 503 3864 ὧ
535 3810 801 3881 βέλτιστε,
833 3811 992 3883 ἔφην,
1047 3811 1145 3865 καὶ
1187 3811 1288 3883 τὴν
1325 3812 1512 3884 ψυχήν
1563 3830 1660 3868 σου
1695 3816 1881 3871 θανεῖν

305 3905 406 3968 δεῖ,
437 3906 534 3957 καὶ
565 3904 744 3956 πᾶσαν
773 3903 962 3974 ἄλλην,
993 3903 1089 3958 καὶ
1133 3903 1315 3976 πολλῷ
1344 3922 1408 3974 γε
1442 3907 1650 3975 μᾶλλον
1676 3908 1884 3973 ταύτας

307 3995 347 4066 ἢ
371 3996 499 4058 τοὺς
549 3995 838 4064 ἀγγέλους,
887 3996 1010 4050 ἐπεὶ
1059 3997 1258 4052 πολλοῦ
1311 4013 1376 4067 γε
1435 3999 1530 4054 καὶ
1579 3999 1661 4053 δεῖ
1704 4001 1884 4073 ψυχὰς

309 4088 566 4156 ἀγγέλοις
619 4088 1043 4158 παρισωθῆναιο
1097 4087 1232 4143 πολὺ
1284 4091 1396 4161 γὰρ
1453 4090 1629 4163 δήπου
1681 4095 1885 4158 ταύτας

312 4183 538 4234 ἐκείνων
588 4181 785 4251 ἥττους
822 4179 1187 4250 γνωρίζομεν.
1217 4181 1381 4237 Καὶὸ
1441 4184 1698 4256 Πέρσης·
1743 4187 1886 4241 Ἀλλ’

311 4277 372 4328 οὗ
401 4274 646 4338 δοξάζειν
699 4273 1122 4344 παρειλήφαμεν
1168 4272 1354 4330 οὕτωσ
1386 4277 1483 4331 καὶ
1531 4279 1643 4348 γάρ
1695 4296 1778 4350 τοι
1829 4279 1887 4334 αί

314 4368 483 4436 ψυχαὶ
537 4351 885 4436 διαμένουσιν
915 4365 1198 4434 ἀθάνατοι,
1252 4366 1394 4437 μετὰ
1435 4368 1495 4422 τὸ
1524 4369 1733 4434 ταύτας
1779 4367 1888 4425 τῶν

320 4451 591 4528 σωμάτων
644 4459 1057 4528 ἀπαλλαγῆναι.
1109 4453 1184 4514 Εὖ
1237 4459 1412 4513 ποιῶν
1460 4460 1635 4514 ταῦτα
1685 4461 1890 4530 λέγεις,

318 4548 478 4604 εἷπον
509 4550 638 4620 ἐγώ.
695 4551 865 4622 Πλὴν,
923 4551 1041 4615 πῶς
1071 4545 1234 4606 αὗται
1265 4551 1388 4623 μὲν,
1433 4554 1642 4627 καίπερ
1693 4557 1894 4620 ἐνδεῶς

319 4644 460 4716 πρὸς
485 4644 586 4712 τὴν
619 4643 726 4696 τῶν
768 4642 1019 4711 ἀγγέλων
1044 4640 1265 4713 ἔχουσαι
1299 4643 1639 4716 τελειότητα,
1689 4647 1896 4718 φθορᾶς

319 4737 460 4788 εἰσιν
491 4734 820 4805 ὑψηλότεραι
849 4751 863 4801 ;
895 4735 928 4805 ἢ
987 4733 1044 4788 δὲ
1076 4734 1285 4789 τούτων
1336 4735 1664 4806 ὑπέρκειται
1711 4738 1897 4806 φύσις,

320 4827 532 4896 φθορὰν
561 4826 652 4878 καὶ
678 4826 910 4881 θάνατον
941 4825 1348 4897 ὑποστήσεται;
1373 4829 1448 4880 Τὸ
1471 4829 1582 4900 γὰρ
1609 4828 1673 4883 τὸ
1710 4830 1897 4884 δεύτε-

325 4921 418 4988 ρόν
453 4935 510 4970 τε
538 4917 632 4970 καὶ⁸
663 4912 826 4989 ἧττόν
855 4935 909 4971 τι
935 4918 1193 4988 πάσχειν,
1223 4919 1366 4989 ὅπερ
1388 4919 1450 4973 οὐ
1477 4919 1540 4973 τὸ
1560 4921 1778 4992 πρῶτον
1802 4925 1896 4977 καὶ

326 5013 578 5080 κρεῖττον
625 5010 879 5079 φαίνεται
918 5013 1148 5081 πάσχον,
1175 5010 1332 5065 οὐδὲν
1377 5011 1694 5083 θαυμαστόν
1713 5032 1730 5046 ·
1759 5010 1821 5070 οὗ
1850 5018 1897 5071 δ’

323 5102 390 5156 ἂν
421 5104 508 5172 εῐη
548 5089 607 5155 τὸ
663 5102 917 5173 δεύτερόν
949 5120 1012 5156 τε
1073 5105 1168 5158 καὶ
1204 5099 1370 5177 ἦττον
1408 5106 1545 5170 ὅλως
1589 5107 1899 5181 ἐλεύθερον,

1977 3181 2242 3240 creatam,
2271 3187 2371 3228 nec
2403 3173 2573 3228 ullum
2611 3173 2838 3229 omnino
2860 3172 3128 3244 assignari
3166 3171 3214 3226 ei
3248 3186 3408 3242 posse
3433 3181 3572 3227 tem-

1977 3280 2103 3337 pus,
2137 3280 2248 3336 quo
2279 3280 2388 3320 non
2427 3265 2608 3320 esset?
2651 3280 2719 3320 an
2753 3274 2943 3320 contra
2992 3265 3123 3320 olim
3171 3263 3370 3319 fartam
3418 3277 3575 3318 crea—

1980 3369 2200 3428 tamque
2229 3372 2375 3422 esse,
2400 3356 2766 3413 etexsistendi
2798 3357 3100 3426 sumpsisse
3134 3355 3350 3410 initium
3376 3355 3401 3407 τ
3421 3353 3579 3421 Quis.

1979 3450 2177 3523 inquit,
2218 3451 2372 3521 prius
2404 3449 2536 3504 illud
2588 3448 2792 3504 dixerit
2819 3449 2844 3504 Ἰ
2873 3440 3104 3518 Opinor,
3155 3449 3378 3518 inquam
3407 3464 3422 3502 :
3458 3448 3578 3526 sed,

1981 3555 2043 3601 ut
2070 3545 2204 3600 mibi
2239 3545 2477 3611 videtur,
2508 3555 2834 3599 caeterarum
2883 3544 3050 3599 etiam
3081 3543 3328 3598 omnium
3362 3550 3580 3597 creatu-

1982 3657 2169 3697 rarum
2213 3642 2421 3712 primos
2455 3641 2678 3710 angelos
2723 3647 2938 3694 creatos
2969 3637 3144 3694 fuisse
3195 3637 3442 3708 opinare,
3487 3650 3583 3688 co-

1985 3747 2218 3801 rumque
2272 3741 2526 3786 naturam
2583 3730 2837 3786 omnibus
2873 3745 2995 3800 quae
3039 3738 3166 3798 post
3220 3730 3372 3797 ipsos
3426 3727 3584 3782 facta:

1987 3833 2117 3880 sunt
2151 3824 2591 3894 praestantiorem
2640 3838 2790 3886 esse,
2828 3823 3130 3892 prima‘que
3177 3821 3254 3876 illi
3284 3821 3458 3893 magis
3489 3836 3584 3876 co-

1986 3925 2231 3986 gnatam.
2267 3914 2426 3970 Modo
2455 3912 2601 3968 enim
2627 3912 2732 3968 hoc
2758 3913 2889 3966 mibi
2915 3912 3121 3967 dicenti
3153 3927 3279 3968 cum
3313 3928 3422 3967 non
3450 3927 3586 3967 con-

1987 4008 2308 4066 tradixeris.
2356 4021 2620 4062 assensus
2645 4020 2727 4068 es,
2760 4005 3018 4060 arbitror.
3054 4004 3223 4059 Recte
3272 4012 3329 4059 tu
3362 4003 3584 4074 quidem

1989 4101 2285 4164 arbitrare,
2321 4099 2526 4168 inquit..
2550 4095 2707 4161 Vide,
2744 4095 2993 4164 inquam,
3036 4093 3242 4164 optime
3278 4092 3383 4156 vir,
3415 4107 3590 4162 quan-

1993 4200 2106 4245 tum
2156 4190 2348 4245 fallare
2383 4203 2486 4243 :an
2518 4203 2626 4245 non
2661 4197 2807 4242 tuam
2840 4186 3005 4241 etiam
3051 4185 3314 4251 animam,
3341 4199 3590 4239 onmem-

1992 4267 2112 4357 que
2135 4285 2298 4339 aliam
2354 4282 2581 4337 interire
2631 4280 2882 4351 opertet?
2931 4280 3216 4349 multoque
3268 4276 3443 4350 magis
3475 4277 3592 4341 __bas

1996 4395 2161 4449 quam
2194 4377 2439 4447 angelos,
2471 4375 2730 4445 quoniam
2763 4373 2936 4428 multo
2970 4373 3150 4428 hercle
3186 4372 3358 4432 abest,
3393 4379 3453 4425 ut
3476 4370 3594 4425 ani-

1999 4447 2102 4528 ma;
2133 4471 2342 4542 angelis
2367 4476 2727 4538 exaequentur
2758 4483 2773 4521 :
2815 4467 2913 4522 has
2942 4465 3088 4522 enim
3124 4464 3233 4520 illis
3263 4464 3427 4534 longe
3448 4461 3594 4517 infe-
3690 4447 3698 4456 κ

1999 4564 2174 4620 riorcs
2205 4578 2327 4618 esse
2353 4569 2595 4616 constat.
2626 4556 2750 4613 Non
2787 4567 2972 4613 tamen
3001 4558 3073 4612 ita
3102 4563 3206 4622 est,
3239 4555 3452 4624 inquit:
3485 4567 3593 4608 non

1995 4657 2147 4713 illam
2175 4671 2276 4710 nos
2302 4652 2650 4722 disciplinam
2685 4665 2716 4704 α
2742 4649 3046 4718 majoribus
3079 4647 3395 4716 accepimus
3425 4663 3440 4698 :
3476 4644 3597 4699 ani-

2000 4765 2125 4825 mae,
2163 4755 2454 4818 postquam
2490 4741 2816 4810 corporibus
2863 4740 3109 4795 liberata:
3164 4747 3315 4802 sunt,
3371 4752 3595 4806 perma-

2004 4851 2132 4900 nent
2162 4840 2521 4896 immortales.
2562 4838 2707 4895 Bene
2739 4835 2898 4902 facis,
2937 4833 3352 4910 inquam,quod
3385 4833 3490 4887 hoc
3513 4832 3598 4886 di-

2003 4932 2104 4987 cis.
2123 4929 2254 4992 Sed,
2269 4945 2379 4998 quo
2407 4929 2622 4984 tandem
2645 4927 2808 4983 modo
2829 4925 3026 4980 animas
3045 4925 3288 4994 quidem.
3307 4923 3410 4979 etsi
3435 4937 3600 4996 ange-

2007 5025 2186 5080 lorum
2213 5021 2549 5092 perfectione
2577 5017 2885 5082 inl‘eriores,
2904 5029 3070 5084 supra
3100 5028 3318 5070 omnem
3337 5013 3601 5072 interitus

2008 5116 2185 5171 aleam
2243 5114 2434 5184 posita:
2465 5121 2612 5176 sunt,
2635 5108 2835 5165 animis
2865 5116 3051 5162 autem
3104 5106 3358 5176 superior
3401 5115 3600 5162 natura

327 5196 495 5266 σχολῇ
527 5196 578 5263 γ’
609 5195 676 5249 ἂν
725 5196 902 5266 τούτῳ
947 5195 1290 5252 δουλεύσειεν
1320 5198 1350 5252 ὂ
1394 5199 1528 5252 πολύ
1577 5218 1658 5255 τοι
1688 5202 1875 5256 ἐκείνοε

2012 5209 2420 5277 corruptionem
2457 5213 2801 5272 mortemque
2835 5200 3121 5272 patietur?
3167 5199 3364 5255 Mirum
3399 5200 3606 5271 quippe

323 5288 714 5357 εὐγενέστερον
742 5288 1108 5358 ὡμολόγηται.
1149 5292 1220 5344 Ἢ
1248 5291 1310 5344 οὐ
1353 5291 1505 5345 δοκεῖ
1540 5312 1621 5348 σοι
1647 5314 1664 5361 ;

2011 5316 2120 5356 non
2155 5308 2258 5360 est,
2292 5295 2587 5352 secundam
2624 5293 3050 5366 interioremque
3078 5291 3445 5348 substantiam
3491 5289 3605 5361 pati

325 5381 554 5450 aliquid,
588 5385 729 5451 quod
762 5381 934 5450 prima
973 5391 1028 5437 et
1056 5384 1308 5454 superior
1338 5401 1456 5450 non
1485 5389 1726 5457 patiatur
1756 5411 1768 5447 :
1807 5397 1901 5451 sed
1945 5411 2051 5464 qua
2085 5395 2155 5449 ab
2202 5407 2260 5447 re
2296 5388 2538 5447 secunda
2575 5386 2916 5458 inferiorque
2949 5397 3149 5444 natura
3213 5387 3394 5442 soluta
3459 5384 3609 5441 sitet

327 5476 518 5541 |ibera,
549 5476 601 5532 ei
633 5475 739 5544 ipsi
777 5476 854 5531 rei
886 5491 1029 5547 aegre
1055 5478 1295 5535 obnoxia
1331 5496 1452 5536 esse
1483 5485 1656 5551 possit
1724 5496 1947 5552 natura,
2025 5500 2190 5556 quam
2237 5483 2396 5552 longe
2434 5483 2674 5536 secunda
2721 5479 3048 5536 nobiliorem
3089 5493 3215 5536 esse
3256 5476 3604 5533 conﬁtemur.

328 5567 526 5623 Annon
561 5568 655 5622 tibi
693 5569 768 5622 ita
802 5567 1054 5625 tidetur?

395 5751 474 5821 (Ι)
505 5751 713 5820 Nempe
749 5751 971 5810 divinat.
