  <div class='ocr_page' id='page_1' title='image "/cluster/home/n/w/nwhite01/storage/ocr_20150623/156/coo.31924054870617/081.png"; bbox 0 0 3972 6470; ppageno 0'>
   <div class='ocr_carea' id='block_1_1' title="bbox 437 461 542 527">
    <p class='ocr_par' dir='ltr' id='par_1_1' title="bbox 437 461 542 527">
     <span class='ocr_line' id='line_1_1' title="bbox 437 461 542 527; baseline 0.01 -1"><span class='ocrx_word' id='word_1_1' title='bbox 437 461 542 527; x_wconf 73' lang='grc'><strong>147</strong></span> 
     </span>
    </p>
   </div>
   <div class='ocr_carea' id='block_1_2' title="bbox 1613 480 2505 548">
    <p class='ocr_par' dir='ltr' id='par_1_2' title="bbox 1613 480 2505 548">
     <span class='ocr_line' id='line_1_2' title="bbox 1613 480 2505 548; baseline 0.011 -10"><span class='ocrx_word' id='word_1_2' title='bbox 1613 480 1775 541; x_wconf 82' lang='lat' dir='ltr'><strong>MAN</strong></span> <span class='ocrx_word' id='word_1_3' title='bbox 1783 480 2015 543; x_wconf 89' lang='lat' dir='ltr'><strong>UELIS</strong></span> <span class='ocrx_word' id='word_1_4' title='bbox 2047 484 2505 548; x_wconf 74' lang='lat' dir='ltr'><strong>PAL/EOLOGI</strong></span> 
     </span>
    </p>
   </div>
   <div class='ocr_carea' id='block_1_3' title="bbox 3601 497 3692 563">
    <p class='ocr_par' dir='ltr' id='par_1_3' title="bbox 3601 497 3692 563">
     <span class='ocr_line' id='line_1_3' title="bbox 3601 497 3692 563; baseline 0.022 -3"><span class='ocrx_word' id='word_1_5' title='bbox 3601 497 3692 563; x_wconf 70' lang='lat' dir='ltr'>H8</span> 
     </span>
    </p>
   </div>
   <div class='ocr_carea' id='block_1_4' title="bbox 422 568 2017 676">
    <p class='ocr_par' dir='ltr' id='par_1_4' title="bbox 422 578 2010 675">
     <span class='ocr_line' id='line_1_4' title="bbox 422 578 2010 675; baseline 0.008 -42"><span class='ocrx_word' id='word_1_6' title='bbox 422 578 651 644; x_wconf 81' lang='lat' dir='ltr'><strong>stitisse,</strong></span> <span class='ocrx_word' id='word_1_7' title='bbox 685 591 739 635; x_wconf 91' lang='lat' dir='ltr'><strong>et</strong></span> <span class='ocrx_word' id='word_1_8' title='bbox 762 582 863 636; x_wconf 86' lang='lat' dir='ltr'><strong>alia</strong></span> <span class='ocrx_word' id='word_1_9' title='bbox 901 582 1159 654; x_wconf 83' lang='lat' dir='ltr'><strong>longiori,</strong></span> <span class='ocrx_word' id='word_1_10' title='bbox 1196 584 1304 640; x_wconf 84' lang='lat' dir='ltr'><strong>alia</strong></span> <span class='ocrx_word' id='word_1_11' title='bbox 1335 587 1578 644; x_wconf 88' lang='lat' dir='ltr'><strong>brcviori</strong></span> <span class='ocrx_word' id='word_1_12' title='bbox 1615 591 1878 659; x_wconf 88' lang='lat' dir='ltr'><strong>temporis</strong></span> <span class='ocrx_word' id='word_1_13' title='bbox 1921 591 2010 675; x_wconf 40' lang='lat' dir='ltr'><strong>in:</strong></span> 
     </span>
    </p>
   </div>
   <div class='ocr_carea' id='block_1_5' title="bbox 2126 568 3690 676">
    <p class='ocr_par' dir='ltr' id='par_1_5' title="bbox 2126 568 3690 676">
     <span class='ocr_line' id='line_1_5' title="bbox 2126 568 3690 676; baseline 0.006 -26"><span class='ocrx_word' id='word_1_14' title='bbox 2126 596 2227 666; x_wconf 73' lang='grc' dir='ltr'>εἴη.</span> <span class='ocrx_word' id='word_1_15' title='bbox 2257 598 2331 651; x_wconf 86' lang='lat' dir='ltr'><em>T6</em></span> <span class='ocrx_word' id='word_1_16' title='bbox 2359 598 2470 668; x_wconf 72' lang='grc' dir='ltr'><strong>γὰρ</strong></span> <span class='ocrx_word' id='word_1_17' title='bbox 2501 568 2680 655; x_wconf 79' lang='grc' dir='ltr'>πάντα</span> <span class='ocrx_word' id='word_1_18' title='bbox 2711 600 2960 669; x_wconf 76' lang='grc' dir='ltr'>πεφυκὸς</span> <span class='ocrx_word' id='word_1_19' title='bbox 2988 600 3357 673; x_wconf 87' lang='grc' dir='ltr'>διαφθείρειν,</span> <span class='ocrx_word' id='word_1_20' title='bbox 3383 603 3412 656; x_wconf 99' lang='lat'><strong>6</strong></span> <span class='ocrx_word' id='word_1_21' title='bbox 3442 605 3690 676; x_wconf 67' lang='grc' dir='ltr'>πόλεμος,</span> 
     </span>
    </p>
   </div>
   <div class='ocr_carea' id='block_1_6' title="bbox 422 674 2018 766">
    <p class='ocr_par' dir='ltr' id='par_1_6' title="bbox 422 674 2018 766">
     <span class='ocr_line' id='line_1_6' title="bbox 422 674 2018 766; baseline 0.01 -42"><span class='ocrx_word' id='word_1_22' title='bbox 422 674 650 735; x_wconf 78' lang='lat' dir='ltr'><strong>tervallo</strong></span> <span class='ocrx_word' id='word_1_23' title='bbox 681 690 1004 744; x_wconf 82' lang='lat' dir='ltr'><strong>permanere</strong></span> <span class='ocrx_word' id='word_1_24' title='bbox 1041 694 1055 729; x_wconf 89' lang='lat'><strong>:</strong></span> <span class='ocrx_word' id='word_1_25' title='bbox 1092 678 1168 744; x_wconf 99' lang='lat' dir='ltr'><strong>id,</strong></span> <span class='ocrx_word' id='word_1_26' title='bbox 1188 682 1283 750; x_wconf 87' lang='lat' dir='ltr'><strong>qui</strong></span> <span class='ocrx_word' id='word_1_27' title='bbox 1307 690 1432 739; x_wconf 89' lang='lat' dir='ltr'><strong>sunt</strong></span> <span class='ocrx_word' id='word_1_28' title='bbox 1456 684 1685 739; x_wconf 82' lang='lat' dir='ltr'><strong>rationis</strong></span> <span class='ocrx_word' id='word_1_29' title='bbox 1710 674 2018 766; x_wconf 52' lang='lat' dir='ltr'><strong>compotes.</strong></span> 
     </span>
    </p>
   </div>
   <div class='ocr_carea' id='block_1_7' title="bbox 418 766 2021 848">
    <p class='ocr_par' dir='ltr' id='par_1_7' title="bbox 418 766 2021 848">
     <span class='ocr_line' id='line_1_7' title="bbox 418 766 2021 848; baseline 0.008 -28"><span class='ocrx_word' id='word_1_30' title='bbox 418 766 527 821; x_wconf 83' lang='lat' dir='ltr'><strong>nisi</strong></span> <span class='ocrx_word' id='word_1_31' title='bbox 559 770 927 825; x_wconf 79' lang='lat' dir='ltr'><strong>admiratione</strong></span> <span class='ocrx_word' id='word_1_32' title='bbox 950 773 1325 844; x_wconf 72' lang='lat' dir='ltr'><strong>obstupefacti</strong></span> <span class='ocrx_word' id='word_1_33' title='bbox 1359 777 1722 844; x_wconf 86' lang='lat' dir='ltr'><strong>contemplari</strong></span> <span class='ocrx_word' id='word_1_34' title='bbox 1753 792 1868 832; x_wconf 90' lang='lat' dir='ltr'><strong>non</strong></span> <span class='ocrx_word' id='word_1_35' title='bbox 1893 792 2021 848; x_wconf 90' lang='lat' dir='ltr'><strong>pos-</strong></span> 
     </span>
    </p>
   </div>
   <div class='ocr_carea' id='block_1_8' title="bbox 418 860 2016 937">
    <p class='ocr_par' dir='ltr' id='par_1_8' title="bbox 418 860 2016 937">
     <span class='ocr_line' id='line_1_8' title="bbox 418 860 2016 937; baseline 0.008 -26"><span class='ocrx_word' id='word_1_36' title='bbox 418 867 568 912; x_wconf 81' lang='lat' dir='ltr'><strong>sunt.</strong></span> <span class='ocrx_word' id='word_1_37' title='bbox 598 860 753 926; x_wconf 84' lang='lat' dir='ltr'><strong>Quod</strong></span> <span class='ocrx_word' id='word_1_38' title='bbox 784 864 931 918; x_wconf 89' lang='lat' dir='ltr'><strong>enim</strong></span> <span class='ocrx_word' id='word_1_39' title='bbox 964 866 1032 920; x_wconf 91' lang='lat' dir='ltr'><strong>ad</strong></span> <span class='ocrx_word' id='word_1_40' title='bbox 1063 868 1248 923; x_wconf 86' lang='lat' dir='ltr'><strong>omnia</strong></span> <span class='ocrx_word' id='word_1_41' title='bbox 1276 869 1676 937; x_wconf 89' lang='lat' dir='ltr'><strong>corrumpenda</strong></span> <span class='ocrx_word' id='word_1_42' title='bbox 1709 877 1905 924; x_wconf 87' lang='lat' dir='ltr'><strong>natum</strong></span> <span class='ocrx_word' id='word_1_43' title='bbox 1930 881 2016 925; x_wconf 90' lang='lat' dir='ltr'><strong>est</strong></span> 
     </span>
    </p>
   </div>
   <div class='ocr_carea' id='block_1_9' title="bbox 419 951 2011 1020">
    <p class='ocr_par' dir='ltr' id='par_1_9' title="bbox 419 951 2011 1020">
     <span class='ocr_line' id='line_1_9' title="bbox 419 951 2011 1020; baseline 0.01 -17"><span class='ocrx_word' id='word_1_44' title='bbox 419 951 661 1018; x_wconf 88' lang='lat' dir='ltr'><strong>bellum,</strong></span> <span class='ocrx_word' id='word_1_45' title='bbox 723 956 815 1012; x_wconf 90' lang='lat' dir='ltr'><strong>hic</strong></span> <span class='ocrx_word' id='word_1_46' title='bbox 868 968 1083 1015; x_wconf 84' lang='lat' dir='ltr'><strong>mutato</strong></span> <span class='ocrx_word' id='word_1_47' title='bbox 1141 961 1336 1018; x_wconf 86' lang='lat' dir='ltr'><strong>ordine</strong></span> <span class='ocrx_word' id='word_1_48' title='bbox 1393 963 1791 1020; x_wconf 77' lang='lat' dir='ltr'><strong>conservandis</strong></span> <span class='ocrx_word' id='word_1_49' title='bbox 1844 963 2011 1020; x_wconf 84' lang='lat' dir='ltr'><strong>rebus</strong></span> 
     </span>
    </p>
   </div>
   <div class='ocr_carea' id='block_1_10' title="bbox 420 1047 2015 1127">
    <p class='ocr_par' dir='ltr' id='par_1_10' title="bbox 420 1047 2015 1127">
     <span class='ocr_line' id='line_1_10' title="bbox 420 1047 2015 1127; baseline 0.011 -32"><span class='ocrx_word' id='word_1_50' title='bbox 420 1047 633 1100; x_wconf 79' lang='lat' dir='ltr'><strong>videtur</strong></span> <span class='ocrx_word' id='word_1_51' title='bbox 681 1050 971 1109; x_wconf 82' lang='lat' dir='ltr'><strong>inservire.</strong></span> <span class='ocrx_word' id='word_1_52' title='bbox 1016 1052 1152 1109; x_wconf 88' lang='lat' dir='ltr'><strong>Nam</strong></span> <span class='ocrx_word' id='word_1_53' title='bbox 1182 1055 1615 1122; x_wconf 76' lang='lat' dir='ltr'><strong>consideremus,</strong></span> <span class='ocrx_word' id='word_1_54' title='bbox 1646 1071 1754 1127; x_wconf 90' lang='lat' dir='ltr'><strong>qua</strong></span> <span class='ocrx_word' id='word_1_55' title='bbox 1800 1056 2015 1113; x_wconf 86' lang='lat' dir='ltr'><strong>ratione</strong></span> 
     </span>
    </p>
   </div>
   <div class='ocr_carea' id='block_1_11' title="bbox 420 1138 2013 1218">
    <p class='ocr_par' dir='ltr' id='par_1_11' title="bbox 420 1138 2013 1218">
     <span class='ocr_line' id='line_1_11' title="bbox 420 1138 2013 1218; baseline 0.009 -26"><span class='ocrx_word' id='word_1_56' title='bbox 420 1138 633 1197; x_wconf 84' lang='lat' dir='ltr'><strong>bellum</strong></span> <span class='ocrx_word' id='word_1_57' title='bbox 666 1152 720 1197; x_wconf 91' lang='lat' dir='ltr'><strong>et</strong></span> <span class='ocrx_word' id='word_1_58' title='bbox 749 1159 931 1217; x_wconf 82' lang='lat' dir='ltr'><strong>pugna</strong></span> <span class='ocrx_word' id='word_1_59' title='bbox 962 1147 1123 1203; x_wconf 84' lang='lat' dir='ltr'><strong>ﬁnem</strong></span> <span class='ocrx_word' id='word_1_60' title='bbox 1160 1151 1400 1207; x_wconf 85' lang='lat' dir='ltr'><strong>habeant</strong></span> <span class='ocrx_word' id='word_1_61' title='bbox 1434 1168 1449 1207; x_wconf 91' lang='lat'><strong>:</strong></span> <span class='ocrx_word' id='word_1_62' title='bbox 1487 1165 1714 1209; x_wconf 87' lang='lat' dir='ltr'><strong>necesse</strong></span> <span class='ocrx_word' id='word_1_63' title='bbox 1740 1160 1845 1218; x_wconf 88' lang='lat' dir='ltr'><strong>est,</strong></span> <span class='ocrx_word' id='word_1_64' title='bbox 1876 1150 2013 1204; x_wconf 89' lang='lat' dir='ltr'><strong>alte-</strong></span> 
     </span>
    </p>
   </div>
   <div class='ocr_carea' id='block_1_12' title="bbox 419 1235 2007 1314">
    <p class='ocr_par' dir='ltr' id='par_1_12' title="bbox 419 1235 2007 1314">
     <span class='ocr_line' id='line_1_12' title="bbox 419 1235 2007 1314; baseline 0.005 -30"><span class='ocrx_word' id='word_1_65' title='bbox 419 1247 541 1286; x_wconf 91' lang='lat' dir='ltr'><strong>rum</strong></span> <span class='ocrx_word' id='word_1_66' title='bbox 579 1235 735 1291; x_wconf 90' lang='lat' dir='ltr'><strong>sitde</strong></span> <span class='ocrx_word' id='word_1_67' title='bbox 767 1238 1005 1305; x_wconf 90' lang='lat' dir='ltr'><strong>duobus,</strong></span> <span class='ocrx_word' id='word_1_68' title='bbox 1034 1251 1091 1296; x_wconf 91' lang='lat' dir='ltr'><strong>ut</strong></span> <span class='ocrx_word' id='word_1_69' title='bbox 1117 1243 1203 1296; x_wconf 83' lang='lat' dir='ltr'><strong>vel</strong></span> <span class='ocrx_word' id='word_1_70' title='bbox 1237 1244 1304 1297; x_wconf 88' lang='lat' dir='ltr'><strong>ad</strong></span> <span class='ocrx_word' id='word_1_71' title='bbox 1336 1242 1647 1314; x_wconf 87' lang='lat' dir='ltr'><strong>pactionem</strong></span> <span class='ocrx_word' id='word_1_72' title='bbox 1674 1256 1771 1298; x_wconf 90' lang='lat' dir='ltr'><strong>res</strong></span> <span class='ocrx_word' id='word_1_73' title='bbox 1802 1240 2007 1303; x_wconf 88' lang='lat' dir='ltr'><strong>veniat,</strong></span> 
     </span>
    </p>
   </div>
   <div class='ocr_carea' id='block_1_13' title="bbox 421 1326 2022 1405">
    <p class='ocr_par' dir='ltr' id='par_1_13' title="bbox 421 1326 2022 1405">
     <span class='ocr_line' id='line_1_13' title="bbox 421 1326 2022 1405; baseline 0.007 -28"><span class='ocrx_word' id='word_1_74' title='bbox 421 1326 502 1381; x_wconf 81' lang='lat' dir='ltr'><strong>vel</strong></span> <span class='ocrx_word' id='word_1_75' title='bbox 524 1342 552 1382; x_wconf 82' lang='lat' dir='ltr'><strong>a</strong></span> <span class='ocrx_word' id='word_1_76' title='bbox 576 1329 912 1396; x_wconf 87' lang='lat' dir='ltr'><strong>lvictoriam,</strong></span> <span class='ocrx_word' id='word_1_77' title='bbox 937 1341 998 1387; x_wconf 92' lang='lat' dir='ltr'><strong>ut</strong></span> <span class='ocrx_word' id='word_1_78' title='bbox 1018 1332 1153 1389; x_wconf 80' lang='lat' dir='ltr'><strong>alter</strong></span> <span class='ocrx_word' id='word_1_79' title='bbox 1170 1333 1393 1405; x_wconf 81' lang='lat' dir='ltr'><strong>quidem</strong></span> <span class='ocrx_word' id='word_1_80' title='bbox 1413 1337 1621 1401; x_wconf 78' lang='lat' dir='ltr'><strong>vincat,</strong></span> <span class='ocrx_word' id='word_1_81' title='bbox 1643 1335 1782 1391; x_wconf 82' lang='lat' dir='ltr'><strong>alter</strong></span> <span class='ocrx_word' id='word_1_82' title='bbox 1825 1334 2022 1390; x_wconf 78' lang='lat' dir='ltr'><strong>vinca-</strong></span> 
     </span>
    </p>
   </div>
   <div class='ocr_carea' id='block_1_14' title="bbox 364 1426 2020 1500">
    <p class='ocr_par' dir='ltr' id='par_1_14' title="bbox 364 1426 2020 1500">
     <span class='ocr_line' id='line_1_14' title="bbox 364 1426 2020 1500; baseline 0.009 -22"><span class='ocrx_word' id='word_1_83' title='bbox 364 1482 371 1487; x_wconf 56' lang='grc'><strong>,</strong></span> <span class='ocrx_word' id='word_1_84' title='bbox 421 1428 531 1479; x_wconf 71' lang='lat' dir='ltr'><strong>tur.</strong></span> <span class='ocrx_word' id='word_1_85' title='bbox 558 1426 723 1497; x_wconf 85' lang='lat' dir='ltr'><strong>Atqui</strong></span> <span class='ocrx_word' id='word_1_86' title='bbox 756 1436 815 1483; x_wconf 89' lang='lat' dir='ltr'><strong>ut</strong></span> <span class='ocrx_word' id='word_1_87' title='bbox 839 1430 904 1483; x_wconf 80' lang='lat' dir='ltr'><strong>ad</strong></span> <span class='ocrx_word' id='word_1_88' title='bbox 926 1431 1232 1500; x_wconf 85' lang='lat' dir='ltr'><strong>pactionem</strong></span> <span class='ocrx_word' id='word_1_89' title='bbox 1254 1431 1397 1488; x_wconf 89' lang='lat' dir='ltr'><strong>inter</strong></span> <span class='ocrx_word' id='word_1_90' title='bbox 1413 1447 1472 1489; x_wconf 89' lang='lat' dir='ltr'><strong>se</strong></span> <span class='ocrx_word' id='word_1_91' title='bbox 1490 1432 1760 1488; x_wconf 87' lang='lat' dir='ltr'><strong>elementa</strong></span> <span class='ocrx_word' id='word_1_92' title='bbox 1778 1429 2020 1493; x_wconf 73' lang='lat' dir='ltr'><strong>veniant.</strong></span> 
     </span>
    </p>
   </div>
   <div class='ocr_carea' id='block_1_15' title="bbox 417 1518 1999 1595">
    <p class='ocr_par' dir='ltr' id='par_1_15' title="bbox 417 1518 1999 1595">
     <span class='ocr_line' id='line_1_15' title="bbox 417 1518 1999 1595; baseline 0.004 -25"><span class='ocrx_word' id='word_1_93' title='bbox 417 1518 532 1571; x_wconf 82' lang='lat' dir='ltr'><strong>ﬁeri</strong></span> <span class='ocrx_word' id='word_1_94' title='bbox 548 1534 894 1590; x_wconf 84' lang='lat' dir='ltr'><strong>nequaquam</strong></span> <span class='ocrx_word' id='word_1_95' title='bbox 917 1532 1126 1592; x_wconf 86' lang='lat' dir='ltr'><strong>potest:</strong></span> <span class='ocrx_word' id='word_1_96' title='bbox 1145 1539 1322 1595; x_wconf 89' lang='lat' dir='ltr'><strong>neque</strong></span> <span class='ocrx_word' id='word_1_97' title='bbox 1340 1525 1484 1580; x_wconf 88' lang='lat' dir='ltr'><strong>enim</strong></span> <span class='ocrx_word' id='word_1_98' title='bbox 1510 1538 1664 1580; x_wconf 86' lang='lat' dir='ltr'><strong>suam</strong></span> <span class='ocrx_word' id='word_1_99' title='bbox 1696 1522 1813 1592; x_wconf 89' lang='lat' dir='ltr'><strong>ipsa</strong></span> <span class='ocrx_word' id='word_1_100' title='bbox 1836 1530 1999 1577; x_wconf 89' lang='lat' dir='ltr'><strong>natu-</strong></span> 
     </span>
    </p>
   </div>
   <div class='ocr_carea' id='block_1_16' title="bbox 416 1611 2025 1688">
    <p class='ocr_par' dir='ltr' id='par_1_16' title="bbox 416 1611 2025 1688">
     <span class='ocr_line' id='line_1_16' title="bbox 416 1611 2025 1688; baseline 0.002 -24"><span class='ocrx_word' id='word_1_101' title='bbox 416 1625 537 1665; x_wconf 81' lang='lat' dir='ltr'><strong>ram</strong></span> <span class='ocrx_word' id='word_1_102' title='bbox 576 1611 849 1683; x_wconf 76' lang='lat' dir='ltr'><strong>abnegare</strong></span> <span class='ocrx_word' id='word_1_103' title='bbox 886 1626 1136 1684; x_wconf 85' lang='lat' dir='ltr'><strong>possunt.</strong></span> <span class='ocrx_word' id='word_1_104' title='bbox 1152 1616 1325 1688; x_wconf 83' lang='lat' dir='ltr'><strong>Atque</strong></span> <span class='ocrx_word' id='word_1_105' title='bbox 1342 1618 1410 1672; x_wconf 90' lang='lat' dir='ltr'><strong>ab</strong></span> <span class='ocrx_word' id='word_1_106' title='bbox 1449 1615 1850 1687; x_wconf 86' lang='lat' dir='ltr'><strong>alteroquidem</strong></span> <span class='ocrx_word' id='word_1_107' title='bbox 1891 1614 2025 1671; x_wconf 79' lang='lat' dir='ltr'><strong>alte-</strong></span> 
     </span>
    </p>
   </div>
   <div class='ocr_carea' id='block_1_17' title="bbox 418 1705 2003 1766">
    <p class='ocr_par' dir='ltr' id='par_1_17' title="bbox 418 1705 2003 1766">
     <span class='ocr_line' id='line_1_17' title="bbox 418 1705 2003 1766; baseline 0.002 -10"><span class='ocrx_word' id='word_1_108' title='bbox 418 1719 542 1758; x_wconf 90' lang='lat' dir='ltr'><strong>rum</strong></span> <span class='ocrx_word' id='word_1_109' title='bbox 570 1705 715 1761; x_wconf 90' lang='lat' dir='ltr'><strong>vinci</strong></span> <span class='ocrx_word' id='word_1_110' title='bbox 743 1708 1115 1765; x_wconf 82' lang='lat' dir='ltr'><strong>necessarium</strong></span> <span class='ocrx_word' id='word_1_111' title='bbox 1151 1708 1292 1766; x_wconf 77' lang='lat' dir='ltr'><strong>foret</strong></span> <span class='ocrx_word' id='word_1_112' title='bbox 1323 1728 1338 1765; x_wconf 90' lang='lat'><strong>:</strong></span> <span class='ocrx_word' id='word_1_113' title='bbox 1374 1708 1518 1766; x_wconf 86' lang='lat' dir='ltr'><strong>Deus</strong></span> <span class='ocrx_word' id='word_1_114' title='bbox 1545 1718 1729 1764; x_wconf 86' lang='lat' dir='ltr'><strong>autem</strong></span> <span class='ocrx_word' id='word_1_115' title='bbox 1756 1707 1860 1762; x_wconf 92' lang='lat' dir='ltr'><strong>hoc</strong></span> <span class='ocrx_word' id='word_1_116' title='bbox 1883 1705 2003 1761; x_wconf 77' lang='lat' dir='ltr'><strong>ﬂeri</strong></span> 
     </span>
    </p>
   </div>
   <div class='ocr_carea' id='block_1_18' title="bbox 2129 687 3695 765">
    <p class='ocr_par' dir='ltr' id='par_1_18' title="bbox 2129 687 3695 765">
     <span class='ocr_line' id='line_1_18' title="bbox 2129 687 3695 765; baseline 0.008 -24"><span class='ocrx_word' id='word_1_117' title='bbox 2129 687 2547 760; x_wconf 52' lang='grc' dir='ltr'>ἀνω-ποταμῶν</span> <span class='ocrx_word' id='word_1_118' title='bbox 2580 692 2675 745; x_wconf 78' lang='grc' dir='ltr'><strong>ἐπὶ</strong></span> <span class='ocrx_word' id='word_1_119' title='bbox 2706 693 2920 759; x_wconf 80' lang='grc' dir='ltr'><strong>τούτοις</strong></span> <span class='ocrx_word' id='word_1_120' title='bbox 2958 695 3290 750; x_wconf 81' lang='grc' dir='ltr'>συστατικδν</span> <span class='ocrx_word' id='word_1_121' title='bbox 3324 697 3695 765; x_wconf 74' lang='grc' dir='ltr'><strong>ἀναφαίνεται.</strong></span> 
     </span>
    </p>
   </div>
   <div class='ocr_carea' id='block_1_19' title="bbox 2127 777 3702 857">
    <p class='ocr_par' dir='ltr' id='par_1_19' title="bbox 2127 777 3702 857">
     <span class='ocr_line' id='line_1_19' title="bbox 2127 777 3702 857; baseline 0.009 -29"><span class='ocrx_word' id='word_1_122' title='bbox 2127 777 2431 850; x_wconf 86' lang='grc' dir='ltr'>Σκοπῶμεν</span> <span class='ocrx_word' id='word_1_123' title='bbox 2461 779 2517 834; x_wconf 82' lang='grc' dir='ltr'>δὲ</span> <span class='ocrx_word' id='word_1_124' title='bbox 2538 820 2553 846; x_wconf 92' lang='grc'><strong>,</strong></span> <span class='ocrx_word' id='word_1_125' title='bbox 2585 782 2733 845; x_wconf 83' lang='grc' dir='ltr'>ὅπως</span> <span class='ocrx_word' id='word_1_126' title='bbox 2764 784 3005 856; x_wconf 80' lang='grc' dir='ltr'>πολέμου</span> <span class='ocrx_word' id='word_1_127' title='bbox 3038 785 3191 849; x_wconf 81' lang='grc' dir='ltr'><strong>τέλος</strong></span> <span class='ocrx_word' id='word_1_128' title='bbox 3224 785 3321 839; x_wconf 80' lang='grc' dir='ltr'>καὶ</span> <span class='ocrx_word' id='word_1_129' title='bbox 3353 786 3534 857; x_wconf 82' lang='grc' dir='ltr'>μάχης</span> <span class='ocrx_word' id='word_1_130' title='bbox 3563 787 3702 843; x_wconf 81' lang='grc' dir='ltr'>δυοῖν</span> 
     </span>
    </p>
   </div>
   <div class='ocr_carea' id='block_1_20' title="bbox 2123 868 3701 951">
    <p class='ocr_par' dir='ltr' id='par_1_20' title="bbox 2123 868 3701 951">
     <span class='ocr_line' id='line_1_20' title="bbox 2123 868 3701 951; baseline 0.007 -28"><span class='ocrx_word' id='word_1_131' title='bbox 2123 868 2379 943; x_wconf 86' lang='grc' dir='ltr'>θάτερον,</span> <span class='ocrx_word' id='word_1_132' title='bbox 2419 872 2453 944; x_wconf 75' lang='grc' dir='ltr'>ἢ</span> <span class='ocrx_word' id='word_1_133' title='bbox 2505 875 2836 930; x_wconf 81' lang='grc' dir='ltr'>σπείσασθαι</span> <span class='ocrx_word' id='word_1_134' title='bbox 2880 876 2917 947; x_wconf 74' lang='grc' dir='ltr'><strong>ἢ</strong></span> <span class='ocrx_word' id='word_1_135' title='bbox 2965 878 3289 946; x_wconf 80' lang='grc' dir='ltr'>κρατῆσαι·</span> <span class='ocrx_word' id='word_1_136' title='bbox 3338 877 3565 951; x_wconf 84' lang='grc' dir='ltr'>θάτερον</span> <span class='ocrx_word' id='word_1_137' title='bbox 3607 880 3701 950; x_wconf 79' lang='grc' dir='ltr'>μὲν</span> 
     </span>
    </p>
   </div>
   <div class='ocr_carea' id='block_1_21' title="bbox 2126 962 3701 1041">
    <p class='ocr_par' dir='ltr' id='par_1_21' title="bbox 2126 962 3701 1041">
     <span class='ocr_line' id='line_1_21' title="bbox 2126 962 3701 1041; baseline 0.008 -26"><span class='ocrx_word' id='word_1_138' title='bbox 2126 964 2429 1032; x_wconf 81' lang='grc' dir='ltr'>κρατῆσαι,</span> <span class='ocrx_word' id='word_1_139' title='bbox 2472 962 2706 1036; x_wconf 83' lang='grc' dir='ltr'>θάτερον</span> <span class='ocrx_word' id='word_1_140' title='bbox 2747 967 2807 1021; x_wconf 80' lang='grc' dir='ltr'>δὲ</span> <span class='ocrx_word' id='word_1_141' title='bbox 2846 968 3175 1041; x_wconf 62' lang='grc' dir='ltr'>ἡττηθῆναι.</span> <span class='ocrx_word' id='word_1_142' title='bbox 3218 970 3337 1024; x_wconf 69' lang='grc' dir='ltr'><strong>Καὶ</strong></span> <span class='ocrx_word' id='word_1_143' title='bbox 3380 970 3701 1027; x_wconf 82' lang='grc' dir='ltr'>σπείσασθαι</span> 
     </span>
    </p>
   </div>
   <div class='ocr_carea' id='block_1_22' title="bbox 2128 1054 3703 1143">
    <p class='ocr_par' dir='ltr' id='par_1_22' title="bbox 2128 1054 3703 1143">
     <span class='ocr_line' id='line_1_22' title="bbox 2128 1054 3703 1143; baseline 0.008 -37"><span class='ocrx_word' id='word_1_144' title='bbox 2128 1054 2228 1143; x_wconf 47' lang='grc' dir='ltr'>μὲν</span> <span class='ocrx_word' id='word_1_145' title='bbox 2260 1056 2330 1109; x_wconf 88' lang='grc' dir='ltr'><strong>τά</strong></span> <span class='ocrx_word' id='word_1_146' title='bbox 2360 1059 2607 1128; x_wconf 86' lang='grc' dir='ltr'>στοιχεῖα</span> <span class='ocrx_word' id='word_1_147' title='bbox 2638 1059 2893 1132; x_wconf 76' lang='grc' dir='ltr'>ἀλλήλοις</span> <span class='ocrx_word' id='word_1_148' title='bbox 2923 1063 3207 1128; x_wconf 77' lang='grc' dir='ltr'><strong>παντελῶς</strong></span> <span class='ocrx_word' id='word_1_149' title='bbox 3236 1064 3505 1119; x_wconf 81' lang='grc' dir='ltr'>ἀδύνατον</span> <span class='ocrx_word' id='word_1_150' title='bbox 3524 1079 3540 1095; x_wconf 86' lang='grc'><strong>·</strong></span> <span class='ocrx_word' id='word_1_151' title='bbox 3576 1066 3703 1136; x_wconf 77' lang='grc' dir='ltr'>μηδὲ</span> 
     </span>
    </p>
   </div>
   <div class='ocr_carea' id='block_1_23' title="bbox 2124 1145 3699 1226">
    <p class='ocr_par' dir='ltr' id='par_1_23' title="bbox 2124 1145 3699 1226">
     <span class='ocr_line' id='line_1_23' title="bbox 2124 1145 3699 1226; baseline 0.013 -33"><span class='ocrx_word' id='word_1_152' title='bbox 2124 1145 2235 1216; x_wconf 74' lang='grc' dir='ltr'><strong>γὰρ</strong></span> <span class='ocrx_word' id='word_1_153' title='bbox 2265 1146 2365 1217; x_wconf 81' lang='grc' dir='ltr'>τὴν</span> <span class='ocrx_word' id='word_1_154' title='bbox 2394 1148 2607 1204; x_wconf 80' lang='grc' dir='ltr'>ἑαυτῶν</span> <span class='ocrx_word' id='word_1_155' title='bbox 2637 1150 2801 1221; x_wconf 87' lang='grc' dir='ltr'>φύσιν</span> <span class='ocrx_word' id='word_1_156' title='bbox 2828 1153 3165 1224; x_wconf 81' lang='grc' dir='ltr'><strong>ἀρνήσασθαι</strong></span> <span class='ocrx_word' id='word_1_157' title='bbox 3197 1154 3452 1211; x_wconf 81' lang='grc' dir='ltr'>δυνατόν.</span> <span class='ocrx_word' id='word_1_158' title='bbox 3482 1155 3699 1226; x_wconf 62' lang='lat' dir='ltr'><strong>K911771-</strong></span> 
     </span>
    </p>
   </div>
   <div class='ocr_carea' id='block_1_24' title="bbox 2123 1240 3706 1316">
    <p class='ocr_par' dir='ltr' id='par_1_24' title="bbox 2123 1240 3706 1316">
     <span class='ocr_line' id='line_1_24' title="bbox 2123 1240 3706 1316; baseline 0.006 -25"><span class='ocrx_word' id='word_1_159' title='bbox 2123 1255 2213 1292; x_wconf 90' lang='grc' dir='ltr'><strong>σαι</strong></span> <span class='ocrx_word' id='word_1_160' title='bbox 2255 1240 2313 1293; x_wconf 86' lang='grc' dir='ltr'>δὲ</span> <span class='ocrx_word' id='word_1_161' title='bbox 2357 1242 2534 1313; x_wconf 84' lang='grc' dir='ltr'>πάντη</span> <span class='ocrx_word' id='word_1_162' title='bbox 2580 1242 2788 1315; x_wconf 82' lang='grc' dir='ltr'><strong>θάτερα</strong></span> <span class='ocrx_word' id='word_1_163' title='bbox 2858 1246 2968 1300; x_wconf 84' lang='grc' dir='ltr'><strong>τῶν</strong></span> <span class='ocrx_word' id='word_1_164' title='bbox 3028 1247 3235 1316; x_wconf 73' lang='grc' dir='ltr'>ἑτέρων</span> <span class='ocrx_word' id='word_1_165' title='bbox 3278 1248 3706 1315; x_wconf 77' lang='grc' dir='ltr'>ἀναγκαιότατον</span> 
     </span>
    </p>
   </div>
   <div class='ocr_carea' id='block_1_25' title="bbox 2131 1333 3708 1412">
    <p class='ocr_par' dir='ltr' id='par_1_25' title="bbox 2131 1333 3708 1412">
     <span class='ocr_line' id='line_1_25' title="bbox 2131 1333 3708 1412; baseline 0.008 -26"><span class='ocrx_word' id='word_1_166' title='bbox 2131 1333 2232 1403; x_wconf 78' lang='grc' dir='ltr'><strong>μέν</strong></span> <span class='ocrx_word' id='word_1_167' title='bbox 2257 1350 2272 1367; x_wconf 77' lang='lat'><strong><em>°</em></strong></span> <span class='ocrx_word' id='word_1_168' title='bbox 2302 1335 2437 1399; x_wconf 80' lang='grc' dir='ltr'>Θεὸς</span> <span class='ocrx_word' id='word_1_169' title='bbox 2470 1335 2527 1390; x_wconf 65' lang='grc' dir='ltr'>δὲ</span> <span class='ocrx_word' id='word_1_170' title='bbox 2561 1336 2740 1409; x_wconf 85' lang='grc' dir='ltr'>εῐργει</span> <span class='ocrx_word' id='word_1_171' title='bbox 2764 1339 2924 1393; x_wconf 82' lang='grc' dir='ltr'>τοῦτο</span> <span class='ocrx_word' id='word_1_172' title='bbox 2953 1339 3227 1409; x_wconf 86' lang='grc' dir='ltr'>γενέσθαι.</span> <span class='ocrx_word' id='word_1_173' title='bbox 3262 1338 3339 1394; x_wconf 84' lang='grc' dir='ltr'>Τὺ</span> <span class='ocrx_word' id='word_1_174' title='bbox 3369 1340 3480 1412; x_wconf 70' lang='grc' dir='ltr'><strong>γάρ</strong></span> <span class='ocrx_word' id='word_1_175' title='bbox 3513 1342 3708 1411; x_wconf 76' lang='grc' dir='ltr'>κρατῆ-</span> 
     </span>
    </p>
   </div>
   <div class='ocr_carea' id='block_1_26' title="bbox 2128 1426 3708 1505">
    <p class='ocr_par' dir='ltr' id='par_1_26' title="bbox 2128 1426 3708 1505">
     <span class='ocr_line' id='line_1_26' title="bbox 2128 1426 3708 1505; baseline 0.005 -28"><span class='ocrx_word' id='word_1_176' title='bbox 2128 1440 2228 1479; x_wconf 86' lang='grc' dir='ltr'>σαν</span> <span class='ocrx_word' id='word_1_177' title='bbox 2263 1426 2321 1479; x_wconf 72' lang='grc' dir='ltr'>ὲν</span> <span class='ocrx_word' id='word_1_178' title='bbox 2353 1427 2540 1491; x_wconf 82' lang='grc' dir='ltr'>αὐτοῖς</span> <span class='ocrx_word' id='word_1_179' title='bbox 2574 1429 2788 1501; x_wconf 81' lang='grc' dir='ltr'><strong>ἀνάγκη</strong></span> <span class='ocrx_word' id='word_1_180' title='bbox 2823 1429 3134 1499; x_wconf 78' lang='grc' dir='ltr'>διαφθεῖραι</span> <span class='ocrx_word' id='word_1_181' title='bbox 3165 1433 3231 1487; x_wconf 78' lang='grc' dir='ltr'>τὸ</span> <span class='ocrx_word' id='word_1_182' title='bbox 3265 1432 3584 1505; x_wconf 82' lang='grc' dir='ltr'>κρατηθὲν,</span> <span class='ocrx_word' id='word_1_183' title='bbox 3618 1431 3708 1486; x_wconf 81' lang='grc' dir='ltr'>καὶ</span> 
     </span>
    </p>
   </div>
   <div class='ocr_carea' id='block_1_27' title="bbox 2126 1516 3705 1595">
    <p class='ocr_par' dir='ltr' id='par_1_27' title="bbox 2126 1516 3705 1595">
     <span class='ocr_line' id='line_1_27' title="bbox 2126 1516 3705 1595; baseline 0.004 -26"><span class='ocrx_word' id='word_1_184' title='bbox 2126 1516 2306 1588; x_wconf 88' lang='grc' dir='ltr'>τούτῳ</span> <span class='ocrx_word' id='word_1_185' title='bbox 2342 1519 2737 1590; x_wconf 83' lang='grc' dir='ltr'>συμφθαρῆναι</span> <span class='ocrx_word' id='word_1_186' title='bbox 2772 1522 2834 1576; x_wconf 81' lang='grc' dir='ltr'><strong>τδ</strong></span> <span class='ocrx_word' id='word_1_187' title='bbox 2868 1523 3201 1589; x_wconf 67' lang='grc' dir='ltr'>ἀναλῶσανν</span> <span class='ocrx_word' id='word_1_188' title='bbox 3227 1523 3487 1595; x_wconf 84' lang='grc' dir='ltr'>καθάπερ</span> <span class='ocrx_word' id='word_1_189' title='bbox 3520 1523 3619 1595; x_wconf 76' lang='grc' dir='ltr'><strong>ὕλῃ</strong></span> <span class='ocrx_word' id='word_1_190' title='bbox 3649 1522 3705 1575; x_wconf 86' lang='grc' dir='ltr'><strong>τδ</strong></span> 
     </span>
    </p>
   </div>
   <div class='ocr_carea' id='block_1_28' title="bbox 2129 1609 3706 1686">
    <p class='ocr_par' dir='ltr' id='par_1_28' title="bbox 2129 1609 3706 1686">
     <span class='ocr_line' id='line_1_28' title="bbox 2129 1609 3706 1686; baseline 0.004 -25"><span class='ocrx_word' id='word_1_191' title='bbox 2129 1609 2242 1677; x_wconf 75' lang='grc' dir='ltr'>πῦρ</span> <span class='ocrx_word' id='word_1_192' title='bbox 2265 1625 2281 1642; x_wconf 79' lang='grc' dir='ltr'><strong><em>ο</em></strong></span> <span class='ocrx_word' id='word_1_193' title='bbox 2320 1609 2462 1664; x_wconf 82' lang='grc' dir='ltr'>ὥστε</span> <span class='ocrx_word' id='word_1_194' title='bbox 2495 1611 2566 1666; x_wconf 89' lang='grc' dir='ltr'><strong>τά</strong></span> <span class='ocrx_word' id='word_1_195' title='bbox 2607 1615 2850 1684; x_wconf 89' lang='grc' dir='ltr'>στοιχεῖα</span> <span class='ocrx_word' id='word_1_196' title='bbox 2893 1614 3032 1685; x_wconf 75' lang='grc' dir='ltr'>μόνα</span> <span class='ocrx_word' id='word_1_197' title='bbox 3065 1616 3145 1685; x_wconf 78' lang='grc'><strong>(1)</strong></span> <span class='ocrx_word' id='word_1_198' title='bbox 3178 1614 3260 1686; x_wconf 81' lang='grc' dir='ltr'><strong>τῷ</strong></span> <span class='ocrx_word' id='word_1_199' title='bbox 3303 1615 3565 1686; x_wconf 79' lang='grc' dir='ltr'>πολεμεῖν</span> <span class='ocrx_word' id='word_1_200' title='bbox 3595 1615 3706 1668; x_wconf 81' lang='grc' dir='ltr'>δια-</span> 
     </span>
    </p>
   </div>
   <div class='ocr_carea' id='block_1_29' title="bbox 2135 1702 3704 1780">
    <p class='ocr_par' dir='ltr' id='par_1_29' title="bbox 2135 1702 3704 1780">
     <span class='ocr_line' id='line_1_29' title="bbox 2135 1702 3704 1780; baseline 0.001 -24"><span class='ocrx_word' id='word_1_201' title='bbox 2135 1702 2287 1773; x_wconf 87' lang='grc' dir='ltr'>μένει</span> <span class='ocrx_word' id='word_1_202' title='bbox 2309 1743 2323 1767; x_wconf 89' lang='grc'><strong>,</strong></span> <span class='ocrx_word' id='word_1_203' title='bbox 2362 1706 2457 1759; x_wconf 76' lang='grc' dir='ltr'>καὶ</span> <span class='ocrx_word' id='word_1_204' title='bbox 2490 1705 2569 1778; x_wconf 88' lang='grc' dir='ltr'><strong>τῷ</strong></span> <span class='ocrx_word' id='word_1_205' title='bbox 2606 1705 2900 1780; x_wconf 80' lang='grc' dir='ltr'><strong>παραδόξῳ</strong></span> <span class='ocrx_word' id='word_1_206' title='bbox 2931 1708 3109 1778; x_wconf 78' lang='grc' dir='ltr'>τούτῳ</span> <span class='ocrx_word' id='word_1_207' title='bbox 3140 1707 3476 1772; x_wconf 79' lang='grc' dir='ltr'>διασώζεται</span> <span class='ocrx_word' id='word_1_208' title='bbox 3508 1706 3704 1777; x_wconf 83' lang='grc' dir='ltr'>τρόπῳ.</span> 
     </span>
    </p>
   </div>
   <div class='ocr_carea' id='block_1_30' title="bbox 421 1797 3707 1876">
    <p class='ocr_par' dir='ltr' id='par_1_30' title="bbox 421 1797 3707 1876">
     <span class='ocr_line' id='line_1_30' title="bbox 421 1797 3707 1876; baseline 0.002 -27"><span class='ocrx_word' id='word_1_209' title='bbox 421 1797 693 1865; x_wconf 83' lang='lat' dir='ltr'><strong>prohibet.</strong></span> <span class='ocrx_word' id='word_1_210' title='bbox 719 1800 853 1856; x_wconf 82' lang='lat' dir='ltr'><strong>Nam</strong></span> <span class='ocrx_word' id='word_1_211' title='bbox 920 1802 1278 1875; x_wconf 75' lang='lat' dir='ltr'><strong>elementum,</strong></span> <span class='ocrx_word' id='word_1_212' title='bbox 1301 1808 1449 1876; x_wconf 91' lang='lat' dir='ltr'><strong>quod</strong></span> <span class='ocrx_word' id='word_1_213' title='bbox 1496 1805 1550 1859; x_wconf 92' lang='lat' dir='ltr'><strong>in</strong></span> <span class='ocrx_word' id='word_1_214' title='bbox 1584 1804 1719 1873; x_wconf 82' lang='lat' dir='ltr'><strong>ipsis</strong></span> <span class='ocrx_word' id='word_1_215' title='bbox 1738 1799 1983 1857; x_wconf 68' lang='lat' dir='ltr'><strong>victoria:</strong></span> <span class='ocrx_word' id='word_1_216' title='bbox 2018 1812 2247 1868; x_wconf 86' lang='lat' dir='ltr'><strong>compos</strong></span> <span class='ocrx_word' id='word_1_217' title='bbox 2286 1798 2448 1867; x_wconf 82' lang='lat' dir='ltr'><strong>foret,</strong></span> <span class='ocrx_word' id='word_1_218' title='bbox 2479 1802 2532 1857; x_wconf 89' lang='lat' dir='ltr'><strong>id</strong></span> <span class='ocrx_word' id='word_1_219' title='bbox 2558 1809 2614 1857; x_wconf 89' lang='lat' dir='ltr'><strong>et</strong></span> <span class='ocrx_word' id='word_1_220' title='bbox 2648 1802 2850 1859; x_wconf 88' lang='lat' dir='ltr'><strong>victum</strong></span> <span class='ocrx_word' id='word_1_221' title='bbox 2879 1804 3215 1861; x_wconf 86' lang='lat' dir='ltr'><strong>elementum</strong></span> <span class='ocrx_word' id='word_1_222' title='bbox 3254 1803 3499 1867; x_wconf 87' lang='lat' dir='ltr'><strong>tolleret,</strong></span> <span class='ocrx_word' id='word_1_223' title='bbox 3529 1810 3584 1857; x_wconf 79' lang='lat' dir='ltr'><strong>rt</strong></span> <span class='ocrx_word' id='word_1_224' title='bbox 3609 1807 3707 1856; x_wconf 71' lang='lat' dir='ltr'><strong>una</strong></span> 
     </span>
    </p>
   </div>
   <div class='ocr_carea' id='block_1_31' title="bbox 417 1891 3705 1968">
    <p class='ocr_par' dir='ltr' id='par_1_31' title="bbox 417 1891 3705 1968">
     <span class='ocr_line' id='line_1_31' title="bbox 417 1891 3705 1968; baseline 0.001 -23"><span class='ocrx_word' id='word_1_225' title='bbox 417 1910 545 1946; x_wconf 90' lang='lat' dir='ltr'><strong>cum</strong></span> <span class='ocrx_word' id='word_1_226' title='bbox 575 1895 668 1948; x_wconf 89' lang='lat' dir='ltr'><strong>illo</strong></span> <span class='ocrx_word' id='word_1_227' title='bbox 693 1897 837 1966; x_wconf 87' lang='lat' dir='ltr'><strong>quod</strong></span> <span class='ocrx_word' id='word_1_228' title='bbox 868 1899 1332 1968; x_wconf 81' lang='lat' dir='ltr'><strong>consumpsisset,</strong></span> <span class='ocrx_word' id='word_1_229' title='bbox 1371 1901 1517 1955; x_wconf 90' lang='lat' dir='ltr'><strong>sicut</strong></span> <span class='ocrx_word' id='word_1_230' title='bbox 1539 1899 1760 1954; x_wconf 79' lang='lat' dir='ltr'><strong>ﬂamma</strong></span> <span class='ocrx_word' id='word_1_231' title='bbox 1785 1910 1912 1950; x_wconf 88' lang='lat' dir='ltr'><strong>cum</strong></span> <span class='ocrx_word' id='word_1_232' title='bbox 1937 1892 2185 1957; x_wconf 83' lang='lat' dir='ltr'><strong>materia.</strong></span> <span class='ocrx_word' id='word_1_233' title='bbox 2218 1893 2395 1962; x_wconf 86' lang='lat' dir='ltr'><strong>ipsum</strong></span> <span class='ocrx_word' id='word_1_234' title='bbox 2426 1896 2871 1968; x_wconf 80' lang='lat' dir='ltr'><strong>exstingueretur</strong></span> <span class='ocrx_word' id='word_1_235' title='bbox 2909 1916 2926 1954; x_wconf 85' lang='lat'><strong>:</strong></span> <span class='ocrx_word' id='word_1_236' title='bbox 2960 1899 3103 1956; x_wconf 88' lang='lat' dir='ltr'><strong>adeo</strong></span> <span class='ocrx_word' id='word_1_237' title='bbox 3143 1908 3208 1954; x_wconf 89' lang='lat' dir='ltr'><strong>ut</strong></span> <span class='ocrx_word' id='word_1_238' title='bbox 3254 1896 3389 1954; x_wconf 82' lang='lat' dir='ltr'><strong>belli</strong></span> <span class='ocrx_word' id='word_1_239' title='bbox 3453 1908 3558 1966; x_wconf 82' lang='lat' dir='ltr'><strong>ope</strong></span> <span class='ocrx_word' id='word_1_240' title='bbox 3599 1891 3705 1949; x_wconf 79' lang='lat' dir='ltr'><strong>sola</strong></span> 
     </span>
    </p>
   </div>
   <div class='ocr_carea' id='block_1_32' title="bbox 414 1985 2777 2065">
    <p class='ocr_par' dir='ltr' id='par_1_32' title="bbox 414 1985 2777 2065">
     <span class='ocr_line' id='line_1_32' title="bbox 414 1985 2777 2065; baseline 0.002 -24"><span class='ocrx_word' id='word_1_241' title='bbox 414 1987 689 2043; x_wconf 84' lang='lat' dir='ltr'><strong>eicmcnta</strong></span> <span class='ocrx_word' id='word_1_242' title='bbox 734 1992 1051 2062; x_wconf 85' lang='lat' dir='ltr'><strong>perdurent,</strong></span> <span class='ocrx_word' id='word_1_243' title='bbox 1095 1993 1526 2065; x_wconf 82' lang='lat' dir='ltr'><strong>hujusmodique</strong></span> <span class='ocrx_word' id='word_1_244' title='bbox 1561 1992 1747 2059; x_wconf 88' lang='lat' dir='ltr'><strong>modo,</strong></span> <span class='ocrx_word' id='word_1_245' title='bbox 1796 2003 1972 2060; x_wconf 88' lang='lat' dir='ltr'><strong>eoque</strong></span> <span class='ocrx_word' id='word_1_246' title='bbox 2010 1985 2320 2041; x_wconf 84' lang='lat' dir='ltr'><strong>admirabili</strong></span> <span class='ocrx_word' id='word_1_247' title='bbox 2360 2000 2777 2046; x_wconf 86' lang='lat' dir='ltr'><strong>conserventur.</strong></span> 
     </span>
    </p>
   </div>
   <div class='ocr_carea' id='block_1_33' title="bbox 489 2078 2017 2158">
    <p class='ocr_par' dir='ltr' id='par_1_33' title="bbox 489 2081 2003 2158">
     <span class='ocr_line' id='line_1_33' title="bbox 489 2081 2003 2158; baseline 0 -21"><span class='ocrx_word' id='word_1_248' title='bbox 489 2081 579 2137; x_wconf 79' lang='lat' dir='ltr'><strong>l6.</strong></span> <span class='ocrx_word' id='word_1_249' title='bbox 634 2081 787 2155; x_wconf 83' lang='lat' dir='ltr'><strong>Unde</strong></span> <span class='ocrx_word' id='word_1_250' title='bbox 834 2085 1037 2141; x_wconf 89' lang='lat' dir='ltr'><strong>mirum</strong></span> <span class='ocrx_word' id='word_1_251' title='bbox 1083 2101 1209 2143; x_wconf 89' lang='lat' dir='ltr'><strong>esse</strong></span> <span class='ocrx_word' id='word_1_252' title='bbox 1256 2087 1393 2153; x_wconf 80' lang='lat' dir='ltr'><strong>dixi,</strong></span> <span class='ocrx_word' id='word_1_253' title='bbox 1437 2087 1587 2158; x_wconf 86' lang='lat' dir='ltr'><strong>quod</strong></span> <span class='ocrx_word' id='word_1_254' title='bbox 1633 2101 1700 2142; x_wconf 80' lang='lat' dir='ltr'><strong>ex</strong></span> <span class='ocrx_word' id='word_1_255' title='bbox 1734 2081 2003 2156; x_wconf 87' lang='lat' dir='ltr'><strong>ejusmodi</strong></span> 
     </span>
    </p>
   </div>
   <div class='ocr_carea' id='block_1_34' title="bbox 2126 2078 3704 2158">
    <p class='ocr_par' dir='ltr' id='par_1_34' title="bbox 2194 2078 3704 2157">
     <span class='ocr_line' id='line_1_34' title="bbox 2194 2078 3704 2157; baseline 0 -20"><span class='ocrx_word' id='word_1_256' title='bbox 2194 2079 2291 2146; x_wconf 83' lang='grc' dir='ltr'>ις’.</span> <span class='ocrx_word' id='word_1_257' title='bbox 2326 2083 2435 2136; x_wconf 79' lang='grc' dir='ltr'><strong>Καὶ</strong></span> <span class='ocrx_word' id='word_1_258' title='bbox 2473 2084 2811 2155; x_wconf 82' lang='grc' dir='ltr'>θαυμαστὸν,</span> <span class='ocrx_word' id='word_1_259' title='bbox 2846 2085 2987 2157; x_wconf 83' lang='grc' dir='ltr'>ὅπερ</span> <span class='ocrx_word' id='word_1_260' title='bbox 3018 2078 3196 2151; x_wconf 75' lang='grc' dir='ltr'>εἷπον,</span> <span class='ocrx_word' id='word_1_261' title='bbox 3232 2083 3318 2139; x_wconf 75' lang='grc' dir='ltr'>ὅτι</span> <span class='ocrx_word' id='word_1_262' title='bbox 3353 2083 3451 2140; x_wconf 77' lang='grc' dir='ltr'>καὶ</span> <span class='ocrx_word' id='word_1_263' title='bbox 3486 2082 3704 2151; x_wconf 80' lang='grc' dir='ltr'>συνέστη</span> 
     </span>
    </p>
   </div>
   <div class='ocr_carea' id='block_1_35' title="bbox 417 2173 2017 2252">
    <p class='ocr_par' dir='ltr' id='par_1_35' title="bbox 417 2175 2017 2252">
     <span class='ocr_line' id='line_1_35' title="bbox 417 2175 2017 2252; baseline 0.003 -22"><span class='ocrx_word' id='word_1_264' title='bbox 417 2175 705 2247; x_wconf 80' lang='lat' dir='ltr'><strong>principiis</strong></span> <span class='ocrx_word' id='word_1_265' title='bbox 739 2179 808 2233; x_wconf 91' lang='lat' dir='ltr'><strong>ab</strong></span> <span class='ocrx_word' id='word_1_266' title='bbox 857 2179 1018 2234; x_wconf 90' lang='lat' dir='ltr'><strong>initio</strong></span> <span class='ocrx_word' id='word_1_267' title='bbox 1069 2193 1257 2237; x_wconf 86' lang='lat' dir='ltr'><strong>nostra</strong></span> <span class='ocrx_word' id='word_1_268' title='bbox 1298 2194 1529 2252; x_wconf 85' lang='lat' dir='ltr'><strong>corpora</strong></span> <span class='ocrx_word' id='word_1_269' title='bbox 1557 2179 1932 2244; x_wconf 83' lang='lat' dir='ltr'><strong>constiterint,</strong></span> <span class='ocrx_word' id='word_1_270' title='bbox 1967 2184 2017 2234; x_wconf 86' lang='lat' dir='ltr'><strong>et</strong></span> 
     </span>
    </p>
   </div>
   <div class='ocr_carea' id='block_1_36' title="bbox 2126 2173 3704 2252">
    <p class='ocr_par' dir='ltr' id='par_1_36' title="bbox 2126 2173 3704 2251">
     <span class='ocr_line' id='line_1_36' title="bbox 2126 2173 3704 2251; baseline 0 -24"><span class='ocrx_word' id='word_1_271' title='bbox 2126 2173 2221 2245; x_wconf 79' lang='grc' dir='ltr'>τὴν</span> <span class='ocrx_word' id='word_1_272' title='bbox 2253 2175 2428 2246; x_wconf 80' lang='grc' dir='ltr'>ἀρχὴν</span> <span class='ocrx_word' id='word_1_273' title='bbox 2458 2177 2528 2231; x_wconf 90' lang='grc' dir='ltr'><strong>τά</strong></span> <span class='ocrx_word' id='word_1_274' title='bbox 2562 2179 2795 2249; x_wconf 83' lang='grc' dir='ltr'>σώματα</span> <span class='ocrx_word' id='word_1_275' title='bbox 2826 2178 2960 2251; x_wconf 74' lang='grc' dir='ltr'><strong>⁴ίιμῖν</strong></span> <span class='ocrx_word' id='word_1_276' title='bbox 2991 2177 3104 2232; x_wconf 74' lang='grc' dir='ltr'>ἀπὸ</span> <span class='ocrx_word' id='word_1_277' title='bbox 3134 2177 3248 2233; x_wconf 84' lang='grc' dir='ltr'><strong>τῶν</strong></span> <span class='ocrx_word' id='word_1_278' title='bbox 3280 2176 3545 2231; x_wconf 85' lang='grc' dir='ltr'>τοιούτων</span> <span class='ocrx_word' id='word_1_279' title='bbox 3566 2215 3582 2241; x_wconf 93' lang='grc'><strong>,</strong></span> <span class='ocrx_word' id='word_1_280' title='bbox 3615 2175 3704 2229; x_wconf 83' lang='grc' dir='ltr'>καὶ</span> 
     </span>
    </p>
   </div>
   <div class='ocr_carea' id='block_1_37' title="bbox 415 2266 2017 2342">
    <p class='ocr_par' dir='ltr' id='par_1_37' title="bbox 415 2268 2016 2341">
     <span class='ocr_line' id='line_1_37' title="bbox 415 2268 2016 2341; baseline -0.001 -20"><span class='ocrx_word' id='word_1_281' title='bbox 415 2268 508 2322; x_wconf 72' lang='grc' dir='ltr'>τοι</span> <span class='ocrx_word' id='word_1_282' title='bbox 534 2268 682 2323; x_wconf 82' lang='lat' dir='ltr'><strong>brevi</strong></span> <span class='ocrx_word' id='word_1_283' title='bbox 714 2270 970 2339; x_wconf 83' lang='lat' dir='ltr'><strong>quopiam</strong></span> <span class='ocrx_word' id='word_1_284' title='bbox 1003 2278 1251 2341; x_wconf 85' lang='lat' dir='ltr'><strong>tempore</strong></span> <span class='ocrx_word' id='word_1_285' title='bbox 1281 2281 1659 2337; x_wconf 83' lang='lat' dir='ltr'><strong>permaneant.</strong></span> <span class='ocrx_word' id='word_1_286' title='bbox 1683 2268 2016 2341; x_wconf 76' lang='lat' dir='ltr'><strong>Angelorum</strong></span> 
     </span>
    </p>
   </div>
   <div class='ocr_carea' id='block_1_38' title="bbox 2126 2266 3706 2342">
    <p class='ocr_par' dir='ltr' id='par_1_38' title="bbox 2126 2266 3706 2342">
     <span class='ocr_line' id='line_1_38' title="bbox 2126 2266 3706 2342; baseline -0.001 -21"><span class='ocrx_word' id='word_1_287' title='bbox 2126 2267 2342 2339; x_wconf 81' lang='grc' dir='ltr'>διαρκεῖ</span> <span class='ocrx_word' id='word_1_288' title='bbox 2386 2269 2592 2340; x_wconf 86' lang='grc' dir='ltr'>βραχύν</span> <span class='ocrx_word' id='word_1_289' title='bbox 2628 2288 2752 2324; x_wconf 89' lang='grc' dir='ltr'>τινα</span> <span class='ocrx_word' id='word_1_290' title='bbox 2792 2272 3008 2342; x_wconf 82' lang='grc' dir='ltr'>χρόνον.</span> <span class='ocrx_word' id='word_1_291' title='bbox 3048 2272 3112 2324; x_wconf 79' lang='lat' dir='ltr'><strong>Oi</strong></span> <span class='ocrx_word' id='word_1_292' title='bbox 3167 2270 3229 2325; x_wconf 78' lang='grc' dir='ltr'>δὲ</span> <span class='ocrx_word' id='word_1_293' title='bbox 3269 2268 3497 2340; x_wconf 77' lang='grc' dir='ltr'>ἄγγελοι</span> <span class='ocrx_word' id='word_1_294' title='bbox 3552 2266 3706 2336; x_wconf 84' lang='grc' dir='ltr'>φύσις</span> 
     </span>
    </p>
   </div>
   <div class='ocr_carea' id='block_1_39' title="bbox 416 2357 2017 2435">
    <p class='ocr_par' dir='ltr' id='par_1_39' title="bbox 416 2360 2017 2431">
     <span class='ocr_line' id='line_1_39' title="bbox 416 2360 2017 2431; baseline 0 -19"><span class='ocrx_word' id='word_1_295' title='bbox 416 2374 552 2414; x_wconf 73' lang='lat' dir='ltr'><strong>vero</strong></span> <span class='ocrx_word' id='word_1_296' title='bbox 585 2369 781 2414; x_wconf 80' lang='lat' dir='ltr'><strong>natura</strong></span> <span class='ocrx_word' id='word_1_297' title='bbox 814 2360 1049 2431; x_wconf 81' lang='lat' dir='ltr'><strong>simplex</strong></span> <span class='ocrx_word' id='word_1_298' title='bbox 1073 2360 1479 2431; x_wconf 89' lang='lat' dir='ltr'><strong>elementisque</strong></span> <span class='ocrx_word' id='word_1_299' title='bbox 1514 2361 1893 2430; x_wconf 62' lang='lat' dir='ltr'><strong>praestantior,</strong></span> <span class='ocrx_word' id='word_1_300' title='bbox 1921 2372 2017 2412; x_wconf 85' lang='lat' dir='ltr'><strong>ne-</strong></span> 
     </span>
    </p>
   </div>
   <div class='ocr_carea' id='block_1_40' title="bbox 2126 2357 3704 2435">
    <p class='ocr_par' dir='ltr' id='par_1_40' title="bbox 2126 2357 3704 2435">
     <span class='ocr_line' id='line_1_40' title="bbox 2126 2357 3704 2435; baseline -0.004 -18"><span class='ocrx_word' id='word_1_301' title='bbox 2126 2361 2269 2434; x_wconf 71' lang='grc' dir='ltr'>ἁπλῆ</span> <span class='ocrx_word' id='word_1_302' title='bbox 2310 2365 2407 2416; x_wconf 78' lang='grc' dir='ltr'>καὶ</span> <span class='ocrx_word' id='word_1_303' title='bbox 2438 2362 2549 2417; x_wconf 84' lang='grc' dir='ltr'><strong>τῶν</strong></span> <span class='ocrx_word' id='word_1_304' title='bbox 2585 2363 2872 2435; x_wconf 81' lang='grc' dir='ltr'>στοιχείων</span> <span class='ocrx_word' id='word_1_305' title='bbox 2907 2363 3212 2433; x_wconf 83' lang='grc' dir='ltr'>κρείττων,</span> <span class='ocrx_word' id='word_1_306' title='bbox 3252 2362 3350 2416; x_wconf 76' lang='grc' dir='ltr'>καὶ</span> <span class='ocrx_word' id='word_1_307' title='bbox 3389 2360 3519 2415; x_wconf 74' lang='grc' dir='ltr'>οὔτε</span> <span class='ocrx_word' id='word_1_308' title='bbox 3560 2357 3704 2428; x_wconf 86' lang='grc' dir='ltr'><strong>παρά</strong></span> 
     </span>
    </p>
   </div>
   <div class='ocr_carea' id='block_1_41' title="bbox 377 2440 2017 2526">
    <p class='ocr_par' dir='ltr' id='par_1_41' title="bbox 377 2446 2017 2522">
     <span class='ocr_line' id='line_1_41' title="bbox 377 2446 2017 2522; baseline 0.001 -17"><span class='ocrx_word' id='word_1_309' title='bbox 377 2446 386 2456; x_wconf 86' lang='grc'><em>’</em></span> <span class='ocrx_word' id='word_1_310' title='bbox 416 2467 522 2522; x_wconf 61' lang='lat' dir='ltr'><strong>que</strong></span> <span class='ocrx_word' id='word_1_311' title='bbox 557 2452 626 2508; x_wconf 90' lang='lat' dir='ltr'><strong>ab</strong></span> <span class='ocrx_word' id='word_1_312' title='bbox 657 2453 746 2519; x_wconf 88' lang='lat' dir='ltr'><strong>iis,</strong></span> <span class='ocrx_word' id='word_1_313' title='bbox 777 2454 1066 2510; x_wconf 77' lang='lat' dir='ltr'><strong>eiementis</strong></span> <span class='ocrx_word' id='word_1_314' title='bbox 1095 2454 1239 2520; x_wconf 83' lang='lat' dir='ltr'><strong>dico,</strong></span> <span class='ocrx_word' id='word_1_315' title='bbox 1267 2454 1644 2509; x_wconf 81' lang='lat' dir='ltr'><strong>exsistentiam</strong></span> <span class='ocrx_word' id='word_1_316' title='bbox 1679 2453 1843 2508; x_wconf 87' lang='lat' dir='ltr'><strong>habet</strong></span> <span class='ocrx_word' id='word_1_317' title='bbox 1869 2451 2017 2522; x_wconf 88' lang='lat' dir='ltr'><strong>(quo</strong></span> 
     </span>
    </p>
   </div>
   <div class='ocr_carea' id='block_1_42' title="bbox 2126 2440 3703 2526">
    <p class='ocr_par' dir='ltr' id='par_1_42' title="bbox 2126 2440 3703 2526">
     <span class='ocr_line' id='line_1_42' title="bbox 2126 2440 3703 2526; baseline -0.003 -19"><span class='ocrx_word' id='word_1_318' title='bbox 2126 2440 2330 2509; x_wconf 85' lang='grc' dir='ltr'>τούτων</span> <span class='ocrx_word' id='word_1_319' title='bbox 2354 2454 2467 2526; x_wconf 75' lang='grc' dir='ltr'>ἔχει</span> <span class='ocrx_word' id='word_1_320' title='bbox 2489 2455 2589 2526; x_wconf 80' lang='grc' dir='ltr'><strong>τὴν</strong></span> <span class='ocrx_word' id='word_1_321' title='bbox 2614 2452 2854 2525; x_wconf 76' lang='grc' dir='ltr'>ὓπαρξιν</span> <span class='ocrx_word' id='word_1_322' title='bbox 2883 2454 3028 2526; x_wconf 86' lang='grc' dir='ltr'>(πῶς</span> <span class='ocrx_word' id='word_1_323' title='bbox 3051 2454 3161 2526; x_wconf 90' lang='grc' dir='ltr'><strong>γάρ</strong></span> <span class='ocrx_word' id='word_1_324' title='bbox 3187 2454 3490 2509; x_wconf 82' lang='grc' dir='ltr'>ἀκόλουθον</span> <span class='ocrx_word' id='word_1_325' title='bbox 3514 2453 3577 2506; x_wconf 76' lang='grc' dir='ltr'>ἐκ</span> <span class='ocrx_word' id='word_1_326' title='bbox 3601 2451 3703 2505; x_wconf 84' lang='grc' dir='ltr'><strong>τῶν</strong></span> 
     </span>
    </p>
   </div>
   <div class='ocr_carea' id='block_1_43' title="bbox 419 2532 2017 2620">
    <p class='ocr_par' dir='ltr' id='par_1_43' title="bbox 419 2532 2017 2617">
     <span class='ocr_line' id='line_1_43' title="bbox 419 2532 2017 2617; baseline 0.001 -21"><span class='ocrx_word' id='word_1_327' title='bbox 419 2546 879 2613; x_wconf 71' lang='lat' dir='ltr'><strong>onim,.obsecro,</strong></span> <span class='ocrx_word' id='word_1_328' title='bbox 905 2556 1068 2617; x_wconf 87' lang='lat' dir='ltr'><strong>pacto</strong></span> <span class='ocrx_word' id='word_1_329' title='bbox 1116 2558 1547 2603; x_wconf 86' lang='lat' dir='ltr'><strong>consentaneum</strong></span> <span class='ocrx_word' id='word_1_330' title='bbox 1588 2558 1758 2612; x_wconf 85' lang='lat' dir='ltr'><strong>esset,</strong></span> <span class='ocrx_word' id='word_1_331' title='bbox 1807 2560 1870 2601; x_wconf 82' lang='lat' dir='ltr'><strong>ex</strong></span> <span class='ocrx_word' id='word_1_332' title='bbox 1902 2532 2017 2615; x_wconf 81' lang='lat' dir='ltr'><strong>post</strong></span> 
     </span>
    </p>
   </div>
   <div class='ocr_carea' id='block_1_44' title="bbox 2126 2532 3702 2620">
    <p class='ocr_par' dir='ltr' id='par_1_44' title="bbox 2126 2542 3702 2620">
     <span class='ocr_line' id='line_1_44' title="bbox 2126 2542 3702 2620; baseline -0.003 -19"><span class='ocrx_word' id='word_1_333' title='bbox 2126 2548 2583 2620; x_wconf 82' lang='grc' dir='ltr'>ὑστερογενῶν;),</span> <span class='ocrx_word' id='word_1_334' title='bbox 2633 2547 2759 2602; x_wconf 77' lang='grc' dir='ltr'>οὔτε</span> <span class='ocrx_word' id='word_1_335' title='bbox 2802 2548 2949 2610; x_wconf 81' lang='grc' dir='ltr'>τινὸς</span> <span class='ocrx_word' id='word_1_336' title='bbox 2970 2548 3128 2611; x_wconf 81' lang='grc' dir='ltr'>αὖθις</span> <span class='ocrx_word' id='word_1_337' title='bbox 3175 2547 3379 2615; x_wconf 86' lang='grc' dir='ltr'>δεῖται,</span> <span class='ocrx_word' id='word_1_338' title='bbox 3426 2546 3569 2600; x_wconf 82' lang='grc' dir='ltr'>ὥστε</span> <span class='ocrx_word' id='word_1_339' title='bbox 3614 2542 3702 2598; x_wconf 66' lang='grc' dir='ltr'><strong>καὶ</strong></span> 
     </span>
    </p>
   </div>
   <div class='ocr_carea' id='block_1_45' title="bbox 419 2633 2017 2715">
    <p class='ocr_par' dir='ltr' id='par_1_45' title="bbox 419 2633 2017 2713">
     <span class='ocr_line' id='line_1_45' title="bbox 419 2633 2017 2713; baseline -0.001 -18"><span class='ocrx_word' id='word_1_340' title='bbox 419 2633 580 2698; x_wconf 69' lang='lat' dir='ltr'><strong>factis</strong></span> <span class='ocrx_word' id='word_1_341' title='bbox 625 2642 776 2712; x_wconf 76' lang='grc' dir='ltr'>ἱρεος</span> <span class='ocrx_word' id='word_1_342' title='bbox 813 2657 938 2697; x_wconf 86' lang='lat' dir='ltr'><strong>esse</strong></span> <span class='ocrx_word' id='word_1_343' title='bbox 987 2642 1275 2713; x_wconf 75' lang='lat' dir='ltr'><strong>factosi),</strong></span> <span class='ocrx_word' id='word_1_344' title='bbox 1302 2657 1482 2711; x_wconf 88' lang='lat' dir='ltr'><strong>neque</strong></span> <span class='ocrx_word' id='word_1_345' title='bbox 1513 2641 1620 2697; x_wconf 84' lang='lat' dir='ltr'><strong>alia</strong></span> <span class='ocrx_word' id='word_1_346' title='bbox 1656 2640 1914 2711; x_wconf 85' lang='lat' dir='ltr'><strong>quapiam</strong></span> <span class='ocrx_word' id='word_1_347' title='bbox 1964 2653 2017 2694; x_wconf 83' lang='lat' dir='ltr'><strong>re</strong></span> 
     </span>
    </p>
   </div>
   <div class='ocr_carea' id='block_1_46' title="bbox 2126 2633 3701 2715">
    <p class='ocr_par' dir='ltr' id='par_1_46' title="bbox 2126 2634 3701 2710">
     <span class='ocr_line' id='line_1_46' title="bbox 2126 2634 3701 2710; baseline -0.004 -16"><span class='ocrx_word' id='word_1_348' title='bbox 2126 2639 2480 2694; x_wconf 79' lang='grc' dir='ltr'>συνίστασθαι</span> <span class='ocrx_word' id='word_1_349' title='bbox 2510 2640 2543 2710; x_wconf 82' lang='grc' dir='ltr'>ἢ</span> <span class='ocrx_word' id='word_1_350' title='bbox 2581 2636 2641 2693; x_wconf 83' lang='grc' dir='ltr'>εὖ</span> <span class='ocrx_word' id='word_1_351' title='bbox 2675 2636 2837 2696; x_wconf 80' lang='grc' dir='ltr'>εῖναι.</span> <span class='ocrx_word' id='word_1_352' title='bbox 2870 2639 2986 2693; x_wconf 85' lang='grc' dir='ltr'>Οὐκ</span> <span class='ocrx_word' id='word_1_353' title='bbox 3016 2638 3104 2710; x_wconf 81' lang='grc' dir='ltr'><strong>ἀρ’</strong></span> <span class='ocrx_word' id='word_1_354' title='bbox 3128 2638 3189 2693; x_wconf 81' lang='grc' dir='ltr'>εὖ</span> <span class='ocrx_word' id='word_1_355' title='bbox 3222 2639 3343 2710; x_wconf 77' lang='grc' dir='ltr'>ἔχει</span> <span class='ocrx_word' id='word_1_356' title='bbox 3371 2639 3593 2700; x_wconf 85' lang='grc' dir='ltr'>τούτους</span> <span class='ocrx_word' id='word_1_357' title='bbox 3622 2634 3701 2688; x_wconf 89' lang='grc' dir='ltr'>δο-</span> 
     </span>
    </p>
   </div>
   <div class='ocr_carea' id='block_1_47' title="bbox 416 2732 2023 2805">
    <p class='ocr_par' dir='ltr' id='par_1_47' title="bbox 416 2732 2023 2805">
     <span class='ocr_line' id='line_1_47' title="bbox 416 2732 2023 2805; baseline -0.002 -16"><span class='ocrx_word' id='word_1_358' title='bbox 416 2734 652 2805; x_wconf 70' lang='lat' dir='ltr'><strong>iudiget,</strong></span> <span class='ocrx_word' id='word_1_359' title='bbox 709 2744 771 2788; x_wconf 88' lang='lat' dir='ltr'><strong>ut</strong></span> <span class='ocrx_word' id='word_1_360' title='bbox 829 2735 1099 2790; x_wconf 84' lang='lat' dir='ltr'><strong>consistat</strong></span> <span class='ocrx_word' id='word_1_361' title='bbox 1146 2733 1426 2791; x_wconf 76' lang='lat' dir='ltr'><strong>aut&#39;bene</strong></span> <span class='ocrx_word' id='word_1_362' title='bbox 1476 2749 1536 2790; x_wconf 84' lang='lat' dir='ltr'><strong>se</strong></span> <span class='ocrx_word' id='word_1_363' title='bbox 1583 2735 1804 2791; x_wconf 89' lang='lat' dir='ltr'><strong>habeat.</strong></span> <span class='ocrx_word' id='word_1_364' title='bbox 1852 2732 2023 2804; x_wconf 79' lang='lat' dir='ltr'><strong>Igitur</strong></span> 
     </span>
    </p>
   </div>
   <div class='ocr_carea' id='block_1_48' title="bbox 421 2826 2022 2897">
    <p class='ocr_par' dir='ltr' id='par_1_48' title="bbox 421 2826 2022 2897">
     <span class='ocr_line' id='line_1_48' title="bbox 421 2826 2022 2897; baseline -0.001 -17"><span class='ocrx_word' id='word_1_365' title='bbox 421 2826 564 2881; x_wconf 79' lang='lat' dir='ltr'><strong>haud</strong></span> <span class='ocrx_word' id='word_1_366' title='bbox 602 2836 747 2881; x_wconf 81' lang='lat' dir='ltr'><strong>recte</strong></span> <span class='ocrx_word' id='word_1_367' title='bbox 776 2826 1036 2896; x_wconf 83' lang='lat' dir='ltr'><strong>opinetur</strong></span> <span class='ocrx_word' id='word_1_368' title='bbox 1069 2828 1214 2897; x_wconf 87' lang='lat' dir='ltr'><strong>quis,</strong></span> <span class='ocrx_word' id='word_1_369' title='bbox 1256 2828 1479 2897; x_wconf 80' lang='lat' dir='ltr'><strong>angelos</strong></span> <span class='ocrx_word' id='word_1_370' title='bbox 1511 2826 1849 2897; x_wconf 90' lang='lat' dir='ltr'><strong>corruptioni</strong></span> <span class='ocrx_word' id='word_1_371' title='bbox 1885 2827 2022 2882; x_wconf 90' lang='lat' dir='ltr'><strong>sub-</strong></span> 
     </span>
    </p>
   </div>
   <div class='ocr_carea' id='block_1_49' title="bbox 414 2920 2018 2992">
    <p class='ocr_par' dir='ltr' id='par_1_49' title="bbox 414 2920 2018 2992">
     <span class='ocr_line' id='line_1_49' title="bbox 414 2920 2018 2992; baseline -0.001 -17"><span class='ocrx_word' id='word_1_372' title='bbox 414 2922 594 2986; x_wconf 78' lang='lat' dir='ltr'><strong>jectos</strong></span> <span class='ocrx_word' id='word_1_373' title='bbox 632 2934 756 2976; x_wconf 83' lang='lat' dir='ltr'><strong>esse</strong></span> <span class='ocrx_word' id='word_1_374' title='bbox 783 2920 965 2992; x_wconf 76' lang='lat' dir='ltr'><strong>posse.</strong></span> <span class='ocrx_word' id='word_1_375' title='bbox 992 2920 1048 2976; x_wconf 84' lang='lat' dir='ltr'><strong>Si</strong></span> <span class='ocrx_word' id='word_1_376' title='bbox 1078 2921 1224 2975; x_wconf 90' lang='lat' dir='ltr'><strong>enim</strong></span> <span class='ocrx_word' id='word_1_377' title='bbox 1260 2920 1589 2990; x_wconf 89' lang='lat' dir='ltr'><strong>composita,</strong></span> <span class='ocrx_word' id='word_1_378' title='bbox 1626 2935 1691 2976; x_wconf 89' lang='lat' dir='ltr'><strong>ec</strong></span> <span class='ocrx_word' id='word_1_379' title='bbox 1720 2921 1839 2991; x_wconf 88' lang='lat' dir='ltr'><strong>ipso</strong></span> <span class='ocrx_word' id='word_1_380' title='bbox 1872 2920 2018 2990; x_wconf 90' lang='lat' dir='ltr'><strong>quod</strong></span> 
     </span>
    </p>
   </div>
   <div class='ocr_carea' id='block_1_50' title="bbox 418 3014 2022 3085">
    <p class='ocr_par' dir='ltr' id='par_1_50' title="bbox 418 3014 2022 3085">
     <span class='ocr_line' id='line_1_50' title="bbox 418 3014 2022 3085; baseline 0 -16"><span class='ocrx_word' id='word_1_381' title='bbox 418 3015 725 3083; x_wconf 79' lang='lat' dir='ltr'><strong>composita</strong></span> <span class='ocrx_word' id='word_1_382' title='bbox 757 3026 915 3078; x_wconf 84' lang='lat' dir='ltr'><strong>sunt,</strong></span> <span class='ocrx_word' id='word_1_383' title='bbox 946 3023 1183 3070; x_wconf 89' lang='lat' dir='ltr'><strong>mortem</strong></span> <span class='ocrx_word' id='word_1_384' title='bbox 1227 3014 1449 3085; x_wconf 87' lang='lat' dir='ltr'><strong>quidem</strong></span> <span class='ocrx_word' id='word_1_385' title='bbox 1490 3015 1695 3069; x_wconf 88' lang='lat' dir='ltr'><strong>obeunt</strong></span> <span class='ocrx_word' id='word_1_386' title='bbox 1746 3016 2022 3083; x_wconf 80' lang='lat' dir='ltr'><strong>ﬁnemque</strong></span> 
     </span>
    </p>
   </div>
   <div class='ocr_carea' id='block_1_51' title="bbox 423 3105 2026 3178">
    <p class='ocr_par' dir='ltr' id='par_1_51' title="bbox 423 3105 2026 3178">
     <span class='ocr_line' id='line_1_51' title="bbox 423 3105 2026 3178; baseline 0 -19"><span class='ocrx_word' id='word_1_387' title='bbox 423 3106 663 3170; x_wconf 84' lang='lat' dir='ltr'><strong>habent,</strong></span> <span class='ocrx_word' id='word_1_388' title='bbox 698 3105 933 3175; x_wconf 87' lang='lat' dir='ltr'><strong>ideoque</strong></span> <span class='ocrx_word' id='word_1_389' title='bbox 987 3106 1110 3163; x_wconf 87' lang='lat' dir='ltr'><strong>aliis</strong></span> <span class='ocrx_word' id='word_1_390' title='bbox 1175 3106 1633 3178; x_wconf 89' lang='lat' dir='ltr'><strong>corruptibilibus</strong></span> <span class='ocrx_word' id='word_1_391' title='bbox 1701 3105 1771 3162; x_wconf 88' lang='lat' dir='ltr'><strong>ad</strong></span> <span class='ocrx_word' id='word_1_392' title='bbox 1837 3106 2026 3162; x_wconf 80' lang='lat' dir='ltr'><strong>consi-</strong></span> 
     </span>
    </p>
   </div>
   <div class='ocr_carea' id='block_1_52' title="bbox 419 3197 2022 3267">
    <p class='ocr_par' dir='ltr' id='par_1_52' title="bbox 419 3197 2022 3267">
     <span class='ocr_line' id='line_1_52' title="bbox 419 3197 2022 3267; baseline 0.001 -17"><span class='ocrx_word' id='word_1_393' title='bbox 419 3197 675 3251; x_wconf 77' lang='lat' dir='ltr'><strong>stendum</strong></span> <span class='ocrx_word' id='word_1_394' title='bbox 713 3197 979 3267; x_wconf 80' lang='lat' dir='ltr'><strong>indigent,</strong></span> <span class='ocrx_word' id='word_1_395' title='bbox 1017 3197 1197 3267; x_wconf 89' lang='lat' dir='ltr'><strong>palam</strong></span> <span class='ocrx_word' id='word_1_396' title='bbox 1259 3206 1342 3252; x_wconf 89' lang='lat' dir='ltr'><strong>est</strong></span> <span class='ocrx_word' id='word_1_397' title='bbox 1388 3197 1717 3253; x_wconf 88' lang='lat' dir='ltr'><strong>immortalia</strong></span> <span class='ocrx_word' id='word_1_398' title='bbox 1753 3212 1875 3253; x_wconf 88' lang='lat' dir='ltr'><strong>esse</strong></span> <span class='ocrx_word' id='word_1_399' title='bbox 1899 3212 2022 3265; x_wconf 68' lang='lat' dir='ltr'><strong>quae</strong></span> 
     </span>
    </p>
   </div>
   <div class='ocr_carea' id='block_1_53' title="bbox 420 3285 2023 3356">
    <p class='ocr_par' dir='ltr' id='par_1_53' title="bbox 420 3285 2023 3356">
     <span class='ocr_line' id='line_1_53' title="bbox 420 3285 2023 3356; baseline 0.001 -17"><span class='ocrx_word' id='word_1_400' title='bbox 420 3294 552 3339; x_wconf 87' lang='lat' dir='ltr'><strong>sunt</strong></span> <span class='ocrx_word' id='word_1_401' title='bbox 619 3285 770 3339; x_wconf 90' lang='lat' dir='ltr'><strong>hisce</strong></span> <span class='ocrx_word' id='word_1_402' title='bbox 833 3287 1134 3343; x_wconf 89' lang='lat' dir='ltr'><strong>contraria.</strong></span> <span class='ocrx_word' id='word_1_403' title='bbox 1163 3286 1249 3340; x_wconf 86' lang='lat' dir='ltr'><strong>Est</strong></span> <span class='ocrx_word' id='word_1_404' title='bbox 1275 3301 1408 3356; x_wconf 80' lang='lat' dir='ltr'><strong>ergo</strong></span> <span class='ocrx_word' id='word_1_405' title='bbox 1455 3287 1777 3356; x_wconf 77' lang='lat' dir='ltr'><strong>angelorum</strong></span> <span class='ocrx_word' id='word_1_406' title='bbox 1827 3295 2023 3341; x_wconf 84' lang='lat' dir='ltr'><strong>natura</strong></span> 
     </span>
    </p>
   </div>
   <div class='ocr_carea' id='block_1_54' title="bbox 418 3377 2093 3468">
    <p class='ocr_par' dir='ltr' id='par_1_54' title="bbox 418 3377 2093 3468">
     <span class='ocr_line' id='line_1_54' title="bbox 418 3377 2093 3468; baseline 0.003 -39"><span class='ocrx_word' id='word_1_407' title='bbox 418 3378 771 3433; x_wconf 71' lang='lat' dir='ltr'><strong>Immortalis.</strong></span> <span class='ocrx_word' id='word_1_408' title='bbox 825 3377 962 3432; x_wconf 88' lang='lat' dir='ltr'><strong>Nam</strong></span> <span class='ocrx_word' id='word_1_409' title='bbox 1009 3393 1038 3431; x_wconf 87' lang='lat' dir='ltr'><strong>a</strong></span> <span class='ocrx_word' id='word_1_410' title='bbox 1075 3379 1187 3433; x_wconf 90' lang='lat' dir='ltr'><strong>Deo</strong></span> <span class='ocrx_word' id='word_1_411' title='bbox 1262 3379 1643 3434; x_wconf 84' lang='lat' dir='ltr'><strong>exsistentiam</strong></span> <span class='ocrx_word' id='word_1_412' title='bbox 1701 3379 1927 3444; x_wconf 87' lang='lat' dir='ltr'><strong>habent,</strong></span> <span class='ocrx_word' id='word_1_413' title='bbox 1962 3386 2093 3468; x_wconf 72' lang='lat' dir='ltr'><strong>etc</strong></span> 
     </span>
    </p>
   </div>
   <div class='ocr_carea' id='block_1_55' title="bbox 420 3469 2018 3542">
    <p class='ocr_par' dir='ltr' id='par_1_55' title="bbox 420 3469 2018 3542">
     <span class='ocr_line' id='line_1_55' title="bbox 420 3469 2018 3542; baseline 0.002 -18"><span class='ocrx_word' id='word_1_414' title='bbox 420 3470 537 3524; x_wconf 80' lang='lat' dir='ltr'><strong>sola</strong></span> <span class='ocrx_word' id='word_1_415' title='bbox 576 3469 741 3540; x_wconf 88' lang='lat' dir='ltr'><strong>hujus</strong></span> <span class='ocrx_word' id='word_1_416' title='bbox 790 3471 1218 3542; x_wconf 85' lang='lat' dir='ltr'><strong>participatione</strong></span> <span class='ocrx_word' id='word_1_417' title='bbox 1261 3473 1475 3538; x_wconf 85' lang='lat' dir='ltr'><strong>vivunt,</strong></span> <span class='ocrx_word' id='word_1_418' title='bbox 1517 3480 1834 3538; x_wconf 85' lang='lat' dir='ltr'><strong>moventur,</strong></span> <span class='ocrx_word' id='word_1_419' title='bbox 1860 3481 2018 3528; x_wconf 85' lang='lat' dir='ltr'><strong>sunt.</strong></span> 
     </span>
    </p>
   </div>
   <div class='ocr_carea' id='block_1_56' title="bbox 418 3548 2008 3635">
    <p class='ocr_par' dir='ltr' id='par_1_56' title="bbox 418 3548 2008 3635">
     <span class='ocr_line' id='line_1_56' title="bbox 418 3548 2008 3635; baseline 0.001 -19"><span class='ocrx_word' id='word_1_420' title='bbox 418 3561 747 3635; x_wconf 71' lang='lat' dir='ltr'><strong>Huiusmodi</strong></span> <span class='ocrx_word' id='word_1_421' title='bbox 780 3548 996 3618; x_wconf 32' lang='lat' dir='ltr'><strong>‘autem</strong></span> <span class='ocrx_word' id='word_1_422' title='bbox 1059 3570 1253 3619; x_wconf 81' lang='lat' dir='ltr'><strong>natura</strong></span> <span class='ocrx_word' id='word_1_423' title='bbox 1330 3564 1608 3635; x_wconf 88' lang='lat' dir='ltr'><strong>quomodo</strong></span> <span class='ocrx_word' id='word_1_424' title='bbox 1677 3565 2008 3635; x_wconf 68' lang='lat' dir='ltr'><strong>aegrotabit?</strong></span> 
     </span>
    </p>
   </div>
   <div class='ocr_carea' id='block_1_57' title="bbox 419 3654 2023 3725">
    <p class='ocr_par' dir='ltr' id='par_1_57' title="bbox 419 3654 2023 3725">
     <span class='ocr_line' id='line_1_57' title="bbox 419 3654 2023 3725; baseline 0 -17"><span class='ocrx_word' id='word_1_425' title='bbox 419 3656 700 3725; x_wconf 84' lang='lat' dir='ltr'><strong>quomodo</strong></span> <span class='ocrx_word' id='word_1_426' title='bbox 772 3664 1031 3710; x_wconf 84' lang='lat' dir='ltr'><strong>seuescet</strong></span> <span class='ocrx_word' id='word_1_427' title='bbox 1061 3655 1091 3708; x_wconf 86' lang='lat'><strong>?</strong></span> <span class='ocrx_word' id='word_1_428' title='bbox 1133 3655 1411 3725; x_wconf 86' lang='lat' dir='ltr'><strong>quomodo</strong></span> <span class='ocrx_word' id='word_1_429' title='bbox 1471 3663 1779 3710; x_wconf 85' lang='lat' dir='ltr'><strong>vcterascet</strong></span> <span class='ocrx_word' id='word_1_430' title='bbox 1818 3654 1841 3707; x_wconf 84' lang='lat'><strong>?</strong></span> <span class='ocrx_word' id='word_1_431' title='bbox 1881 3669 2023 3724; x_wconf 89' lang='lat' dir='ltr'><strong>quo-</strong></span> 
     </span>
    </p>
   </div>
   <div class='ocr_carea' id='block_1_58' title="bbox 419 3745 2010 3817">
    <p class='ocr_par' dir='ltr' id='par_1_58' title="bbox 419 3745 2010 3817">
     <span class='ocr_line' id='line_1_58' title="bbox 419 3745 2010 3817; baseline 0 -16"><span class='ocrx_word' id='word_1_432' title='bbox 419 3748 594 3802; x_wconf 79' lang='lat' dir='ltr'><strong>modo.</strong></span> <span class='ocrx_word' id='word_1_433' title='bbox 635 3746 941 3802; x_wconf 81' lang='lat' dir='ltr'><strong>morietur?</strong></span> <span class='ocrx_word' id='word_1_434' title='bbox 990 3745 1191 3802; x_wconf 86' lang='lat' dir='ltr'><strong>Eadem</strong></span> <span class='ocrx_word' id='word_1_435' title='bbox 1251 3747 1464 3803; x_wconf 88' lang='lat' dir='ltr'><strong>ratione</strong></span> <span class='ocrx_word' id='word_1_436' title='bbox 1519 3745 1735 3801; x_wconf 90' lang='lat' dir='ltr'><strong>animas</strong></span> <span class='ocrx_word' id='word_1_437' title='bbox 1788 3760 2010 3817; x_wconf 89' lang='lat' dir='ltr'><strong>quoque</strong></span> 
     </span>
    </p>
   </div>
   <div class='ocr_carea' id='block_1_59' title="bbox 420 3836 2019 3895">
    <p class='ocr_par' dir='ltr' id='par_1_59' title="bbox 420 3836 2019 3895">
     <span class='ocr_line' id='line_1_59' title="bbox 420 3836 2019 3895; baseline -0.001 -2"><span class='ocrx_word' id='word_1_438' title='bbox 420 3836 765 3894; x_wconf 79' lang='lat' dir='ltr'><strong>immortales</strong></span> <span class='ocrx_word' id='word_1_439' title='bbox 818 3854 942 3895; x_wconf 85' lang='lat' dir='ltr'><strong>esse</strong></span> <span class='ocrx_word' id='word_1_440' title='bbox 993 3837 1430 3895; x_wconf 79' lang='lat' dir='ltr'><strong>existimandum</strong></span> <span class='ocrx_word' id='word_1_441' title='bbox 1494 3848 1599 3893; x_wconf 88' lang='lat' dir='ltr'><strong>est.</strong></span> <span class='ocrx_word' id='word_1_442' title='bbox 1639 3836 1848 3893; x_wconf 86' lang='lat' dir='ltr'><strong>Natura</strong></span> <span class='ocrx_word' id='word_1_443' title='bbox 1874 3838 2019 3895; x_wconf 71' lang='lat' dir='ltr'><strong>enim</strong></span> 
     </span>
    </p>
   </div>
   <div class='ocr_carea' id='block_1_60' title="bbox 421 3929 2020 4002">
    <p class='ocr_par' dir='ltr' id='par_1_60' title="bbox 421 3929 2020 4002">
     <span class='ocr_line' id='line_1_60' title="bbox 421 3929 2020 4002; baseline 0 -16"><span class='ocrx_word' id='word_1_444' title='bbox 421 3940 552 3986; x_wconf 85' lang='lat' dir='ltr'><strong>sunt</strong></span> <span class='ocrx_word' id='word_1_445' title='bbox 604 3931 884 4001; x_wconf 87' lang='lat' dir='ltr'><strong>simplices</strong></span> <span class='ocrx_word' id='word_1_446' title='bbox 912 3968 927 3993; x_wconf 85' lang='lat'><strong>.</strong></span> <span class='ocrx_word' id='word_1_447' title='bbox 972 3930 1318 4001; x_wconf 82' lang='lat' dir='ltr'><strong>rationisque</strong></span> <span class='ocrx_word' id='word_1_448' title='bbox 1400 3929 1699 4000; x_wconf 85' lang='lat' dir='ltr'><strong>participes</strong></span> <span class='ocrx_word' id='word_1_449' title='bbox 1726 3971 1741 3993; x_wconf 90' lang='lat'><strong>,</strong></span> <span class='ocrx_word' id='word_1_450' title='bbox 1788 3930 2020 4002; x_wconf 87' lang='lat' dir='ltr'><strong>soloque</strong></span> 
     </span>
    </p>
   </div>
   <div class='ocr_carea' id='block_1_61' title="bbox 420 4020 2019 4093">
    <p class='ocr_par' dir='ltr' id='par_1_61' title="bbox 420 4020 2019 4093">
     <span class='ocr_line' id='line_1_61' title="bbox 420 4020 2019 4093; baseline -0.001 -13"><span class='ocrx_word' id='word_1_451' title='bbox 420 4023 520 4080; x_wconf 84' lang='lat' dir='ltr'><strong>Dei</strong></span> <span class='ocrx_word' id='word_1_452' title='bbox 565 4023 882 4079; x_wconf 79' lang='lat' dir='ltr'><strong>interventu‘</strong></span> <span class='ocrx_word' id='word_1_453' title='bbox 919 4022 1008 4093; x_wconf 85' lang='lat' dir='ltr'><strong>(si</strong></span> <span class='ocrx_word' id='word_1_454' title='bbox 1059 4023 1140 4078; x_wconf 88' lang='lat' dir='ltr'><strong>sic</strong></span> <span class='ocrx_word' id='word_1_455' title='bbox 1190 4021 1333 4093; x_wconf 89' lang='lat' dir='ltr'><strong>quod</strong></span> <span class='ocrx_word' id='word_1_456' title='bbox 1385 4020 1559 4076; x_wconf 57' lang='lat' dir='ltr'><strong>Graeci</strong></span> <span class='ocrx_word' id='word_1_457' title='bbox 1579 4021 1804 4091; x_wconf 83' lang='grc' dir='ltr'>μέθεξιν</span> <span class='ocrx_word' id='word_1_458' title='bbox 1824 4030 2019 4078; x_wconf 81' lang='lat' dir='ltr'><strong>vocant</strong></span> 
     </span>
    </p>
   </div>
   <div class='ocr_carea' id='block_1_62' title="bbox 422 4113 2022 4189">
    <p class='ocr_par' dir='ltr' id='par_1_62' title="bbox 422 4113 2022 4189">
     <span class='ocr_line' id='line_1_62' title="bbox 422 4113 2022 4189; baseline -0.002 -16"><span class='ocrx_word' id='word_1_459' title='bbox 422 4118 690 4189; x_wconf 73' lang='lat' dir='ltr'><strong>appellari</strong></span> <span class='ocrx_word' id='word_1_460' title='bbox 727 4117 948 4189; x_wconf 76' lang='lat' dir='ltr'><strong>placet)</strong></span> <span class='ocrx_word' id='word_1_461' title='bbox 985 4116 1289 4173; x_wconf 82' lang='lat' dir='ltr'><strong>exsistunt.</strong></span> <span class='ocrx_word' id='word_1_462' title='bbox 1322 4113 1465 4181; x_wconf 84' lang='lat' dir='ltr'><strong>Quin</strong></span> <span class='ocrx_word' id='word_1_463' title='bbox 1488 4116 1652 4171; x_wconf 88' lang='lat' dir='ltr'><strong>etiam</strong></span> <span class='ocrx_word' id='word_1_464' title='bbox 1685 4116 2022 4188; x_wconf 89' lang='lat' dir='ltr'><strong>corruptibi-</strong></span> 
     </span>
    </p>
   </div>
   <div class='ocr_carea' id='block_1_63' title="bbox 421 4208 2020 4280">
    <p class='ocr_par' dir='ltr' id='par_1_63' title="bbox 421 4208 2020 4280">
     <span class='ocr_line' id='line_1_63' title="bbox 421 4208 2020 4280; baseline -0.002 -15"><span class='ocrx_word' id='word_1_465' title='bbox 421 4212 563 4266; x_wconf 29' lang='lat' dir='ltr'><strong>lium.</strong></span> <span class='ocrx_word' id='word_1_466' title='bbox 601 4210 1030 4280; x_wconf 84' lang='lat' dir='ltr'><strong>mortalinmque</strong></span> <span class='ocrx_word' id='word_1_467' title='bbox 1076 4222 1260 4263; x_wconf 88' lang='lat' dir='ltr'><strong>rerum</strong></span> <span class='ocrx_word' id='word_1_468' title='bbox 1314 4222 1661 4277; x_wconf 58' lang='lat' dir='ltr'><strong>quacunque</strong></span> <span class='ocrx_word' id='word_1_469' title='bbox 1712 4208 2020 4277; x_wconf 88' lang='lat' dir='ltr'><strong>corruptio-</strong></span> 
     </span>
    </p>
   </div>
   <div class='ocr_carea' id='block_1_64' title="bbox 421 4297 2018 4368">
    <p class='ocr_par' dir='ltr' id='par_1_64' title="bbox 421 4297 2018 4368">
     <span class='ocr_line' id='line_1_64' title="bbox 421 4297 2018 4368; baseline -0.003 -11"><span class='ocrx_word' id='word_1_470' title='bbox 421 4318 556 4358; x_wconf 87' lang='lat' dir='ltr'><strong>nem</strong></span> <span class='ocrx_word' id='word_1_471' title='bbox 576 4317 639 4357; x_wconf 88' lang='lat' dir='ltr'><strong>ac</strong></span> <span class='ocrx_word' id='word_1_472' title='bbox 673 4310 907 4356; x_wconf 88' lang='lat' dir='ltr'><strong>mortem</strong></span> <span class='ocrx_word' id='word_1_473' title='bbox 957 4299 1325 4368; x_wconf 86' lang='lat' dir='ltr'><strong>superabunt,</strong></span> <span class='ocrx_word' id='word_1_474' title='bbox 1361 4297 1502 4358; x_wconf 86' lang='lat' dir='ltr'><strong>hanc</strong></span> <span class='ocrx_word' id='word_1_475' title='bbox 1553 4299 2018 4354; x_wconf 86' lang='lat' dir='ltr'><strong>immortalitatem</strong></span> 
     </span>
    </p>
   </div>
   <div class='ocr_carea' id='block_1_65' title="bbox 334 4389 2017 4464">
    <p class='ocr_par' dir='ltr' id='par_1_65' title="bbox 334 4389 2017 4464">
     <span class='ocr_line' id='line_1_65' title="bbox 334 4389 2017 4464; baseline -0.004 -12"><span class='ocrx_word' id='word_1_476' title='bbox 334 4410 351 4429; x_wconf 58' lang='grc' dir='ltr'>δ</span> <span class='ocrx_word' id='word_1_477' title='bbox 420 4394 857 4464; x_wconf 80' lang='lat' dir='ltr'><strong>incorruptibil&#39;s</strong></span> <span class='ocrx_word' id='word_1_478' title='bbox 892 4402 1105 4448; x_wconf 78' lang='lat' dir='ltr'><strong>naturae</strong></span> <span class='ocrx_word' id='word_1_479' title='bbox 1141 4389 1560 4461; x_wconf 86' lang='lat' dir='ltr'><strong>participatione</strong></span> <span class='ocrx_word' id='word_1_480' title='bbox 1603 4391 2017 4461; x_wconf 87' lang='lat' dir='ltr'><strong>adipiscuntur.</strong></span> 
     </span>
    </p>
   </div>
   <div class='ocr_carea' id='block_1_66' title="bbox 420 4484 2021 4558">
    <p class='ocr_par' dir='ltr' id='par_1_66' title="bbox 420 4484 2021 4558">
     <span class='ocr_line' id='line_1_66' title="bbox 420 4484 2021 4558; baseline 0.001 -21"><span class='ocrx_word' id='word_1_481' title='bbox 420 4492 686 4554; x_wconf 65' lang='lat' dir='ltr'><strong>Qua&#39;nam</strong></span> <span class='ocrx_word' id='word_1_482' title='bbox 724 4489 889 4558; x_wconf 81' lang='lat' dir='ltr'><strong>igitur</strong></span> <span class='ocrx_word' id='word_1_483' title='bbox 918 4485 1058 4541; x_wconf 82' lang='lat' dir='ltr'><strong>ratio</strong></span> <span class='ocrx_word' id='word_1_484' title='bbox 1100 4499 1223 4539; x_wconf 87' lang='lat' dir='ltr'><strong>esse</strong></span> <span class='ocrx_word' id='word_1_485' title='bbox 1273 4492 1475 4553; x_wconf 86' lang='lat' dir='ltr'><strong>potest,</strong></span> <span class='ocrx_word' id='word_1_486' title='bbox 1532 4492 1594 4538; x_wconf 93' lang='lat' dir='ltr'><strong>ut</strong></span> <span class='ocrx_word' id='word_1_487' title='bbox 1638 4484 1869 4552; x_wconf 82' lang='lat' dir='ltr'><strong>angelis,</strong></span> <span class='ocrx_word' id='word_1_488' title='bbox 1925 4484 2021 4554; x_wconf 81' lang='lat' dir='ltr'><strong>qui</strong></span> 
     </span>
    </p>
   </div>
   <div class='ocr_carea' id='block_1_67' title="bbox 423 4576 2020 4645">
    <p class='ocr_par' dir='ltr' id='par_1_67' title="bbox 423 4576 2020 4645">
     <span class='ocr_line' id='line_1_67' title="bbox 423 4576 2020 4645; baseline -0.003 -12"><span class='ocrx_word' id='word_1_489' title='bbox 423 4579 764 4635; x_wconf 80' lang='lat' dir='ltr'><strong>substantiis</strong></span> <span class='ocrx_word' id='word_1_490' title='bbox 795 4578 1123 4634; x_wconf 80' lang='lat' dir='ltr'><strong>mortalibus</strong></span> <span class='ocrx_word' id='word_1_491' title='bbox 1157 4576 1569 4645; x_wconf 79' lang='lat' dir='ltr'><strong>praestantiorcs</strong></span> <span class='ocrx_word' id='word_1_492' title='bbox 1599 4582 1752 4637; x_wconf 89' lang='lat' dir='ltr'><strong>sunt,</strong></span> <span class='ocrx_word' id='word_1_493' title='bbox 1785 4584 2020 4629; x_wconf 89' lang='lat' dir='ltr'><strong>mortem</strong></span> 
     </span>
    </p>
   </div>
   <div class='ocr_carea' id='block_1_68' title="bbox 422 4665 2020 4735">
    <p class='ocr_par' dir='ltr' id='par_1_68' title="bbox 422 4665 2020 4735">
     <span class='ocr_line' id='line_1_68' title="bbox 422 4665 2020 4735; baseline -0.003 -9"><span class='ocrx_word' id='word_1_494' title='bbox 422 4672 836 4735; x_wconf 68' lang='lat' dir='ltr'><strong>attribuamus?</strong></span> <span class='ocrx_word' id='word_1_495' title='bbox 869 4669 964 4726; x_wconf 90' lang='lat' dir='ltr'><strong>Sin</strong></span> <span class='ocrx_word' id='word_1_496' title='bbox 998 4679 1187 4724; x_wconf 88' lang='lat' dir='ltr'><strong>autem</strong></span> <span class='ocrx_word' id='word_1_497' title='bbox 1220 4668 1700 4722; x_wconf 87' lang='lat' dir='ltr'><strong>horumnaturam</strong></span> <span class='ocrx_word' id='word_1_498' title='bbox 1734 4665 1788 4720; x_wconf 92' lang='lat' dir='ltr'><strong>in</strong></span> <span class='ocrx_word' id='word_1_499' title='bbox 1820 4667 2020 4722; x_wconf 83' lang='lat' dir='ltr'><strong>melius</strong></span> 
     </span>
    </p>
   </div>
   <div class='ocr_carea' id='block_1_69' title="bbox 2121 2725 3696 2803">
    <p class='ocr_par' dir='ltr' id='par_1_69' title="bbox 2121 2725 3696 2803">
     <span class='ocr_line' id='line_1_69' title="bbox 2121 2725 3696 2803; baseline -0.004 -17"><span class='ocrx_word' id='word_1_500' title='bbox 2121 2733 2306 2799; x_wconf 75' lang='grc' dir='ltr'>ξάζειν</span> <span class='ocrx_word' id='word_1_501' title='bbox 2359 2732 2506 2794; x_wconf 70' lang='grc' dir='ltr'>οἵους</span> <span class='ocrx_word' id='word_1_502' title='bbox 2540 2748 2601 2785; x_wconf 86' lang='grc' dir='ltr'><strong>τε</strong></span> <span class='ocrx_word' id='word_1_503' title='bbox 2644 2728 2784 2785; x_wconf 81' lang='grc' dir='ltr'>εῖναι</span> <span class='ocrx_word' id='word_1_504' title='bbox 2828 2730 3007 2803; x_wconf 84' lang='grc' dir='ltr'>φθορᾷ</span> <span class='ocrx_word' id='word_1_505' title='bbox 3038 2726 3353 2786; x_wconf 81' lang='grc' dir='ltr'>δουλεῦσαι.</span> <span class='ocrx_word' id='word_1_506' title='bbox 3392 2730 3457 2784; x_wconf 82' lang='lat' dir='ltr'><strong>Ei</strong></span> <span class='ocrx_word' id='word_1_507' title='bbox 3493 2726 3597 2799; x_wconf 82' lang='grc' dir='ltr'><strong>γάρ</strong></span> <span class='ocrx_word' id='word_1_508' title='bbox 3635 2725 3696 2779; x_wconf 84' lang='grc' dir='ltr'><strong>τά</strong></span> 
     </span>
    </p>
   </div>
   <div class='ocr_carea' id='block_1_70' title="bbox 2125 2816 3698 2893">
    <p class='ocr_par' dir='ltr' id='par_1_70' title="bbox 2125 2816 3698 2893">
     <span class='ocr_line' id='line_1_70' title="bbox 2125 2816 3698 2893; baseline -0.004 -16"><span class='ocrx_word' id='word_1_509' title='bbox 2125 2826 2357 2877; x_wconf 87' lang='grc' dir='ltr'>σύνθετα</span> <span class='ocrx_word' id='word_1_510' title='bbox 2397 2822 2569 2893; x_wconf 81' lang='grc' dir='ltr'>θνητά</span> <span class='ocrx_word' id='word_1_511' title='bbox 2611 2821 2706 2876; x_wconf 74' lang='grc' dir='ltr'>καὶ</span> <span class='ocrx_word' id='word_1_512' title='bbox 2743 2822 2899 2891; x_wconf 84' lang='grc' dir='ltr'>λῆξιν</span> <span class='ocrx_word' id='word_1_513' title='bbox 2934 2821 3304 2892; x_wconf 77' lang='grc' dir='ltr'>ὲκδεχόμενα,</span> <span class='ocrx_word' id='word_1_514' title='bbox 3344 2820 3522 2890; x_wconf 83' lang='grc' dir='ltr'>τούτῳ</span> <span class='ocrx_word' id='word_1_515' title='bbox 3558 2816 3698 2883; x_wconf 81' lang='grc' dir='ltr'>αὐτῷ</span> 
     </span>
    </p>
   </div>
   <div class='ocr_carea' id='block_1_71' title="bbox 2120 2908 3697 2987">
    <p class='ocr_par' dir='ltr' id='par_1_71' title="bbox 2120 2908 3697 2987">
     <span class='ocr_line' id='line_1_71' title="bbox 2120 2908 3697 2987; baseline -0.006 -16"><span class='ocrx_word' id='word_1_516' title='bbox 2120 2917 2199 2987; x_wconf 81' lang='grc' dir='ltr'>τῷ</span> <span class='ocrx_word' id='word_1_517' title='bbox 2247 2914 2479 2971; x_wconf 86' lang='grc' dir='ltr'>σύνθετα</span> <span class='ocrx_word' id='word_1_518' title='bbox 2523 2910 2687 2976; x_wconf 80' lang='grc' dir='ltr'>εἶναι,</span> <span class='ocrx_word' id='word_1_519' title='bbox 2730 2915 2824 2968; x_wconf 77' lang='grc' dir='ltr'>καὶ</span> <span class='ocrx_word' id='word_1_520' title='bbox 2867 2915 2955 2969; x_wconf 88' lang='grc' dir='ltr'><strong>διά</strong></span> <span class='ocrx_word' id='word_1_521' title='bbox 2990 2915 3151 2969; x_wconf 75' lang='grc' dir='ltr'>τοῦτο</span> <span class='ocrx_word' id='word_1_522' title='bbox 3193 2914 3409 2968; x_wconf 81' lang='grc' dir='ltr'>δέονται</span> <span class='ocrx_word' id='word_1_523' title='bbox 3452 2908 3697 2981; x_wconf 80' lang='grc' dir='ltr'>φθαρτῶν</span> 
     </span>
    </p>
   </div>
   <div class='ocr_carea' id='block_1_72' title="bbox 2121 2998 3695 3079">
    <p class='ocr_par' dir='ltr' id='par_1_72' title="bbox 2121 2998 3695 3079">
     <span class='ocr_line' id='line_1_72' title="bbox 2121 2998 3695 3079; baseline -0.001 -17"><span class='ocrx_word' id='word_1_524' title='bbox 2121 3009 2348 3079; x_wconf 80' lang='grc' dir='ltr'>ἐτέρων,</span> <span class='ocrx_word' id='word_1_525' title='bbox 2370 3007 2511 3064; x_wconf 82' lang='grc' dir='ltr'>ὥστε</span> <span class='ocrx_word' id='word_1_526' title='bbox 2541 3006 2922 3071; x_wconf 82' lang='grc' dir='ltr'>συνίστασθαι,</span> <span class='ocrx_word' id='word_1_527' title='bbox 2952 3007 3123 3075; x_wconf 81' lang='grc' dir='ltr'>σαφὲς</span> <span class='ocrx_word' id='word_1_528' title='bbox 3150 3005 3218 3060; x_wconf 82' lang='grc' dir='ltr'>ἂν</span> <span class='ocrx_word' id='word_1_529' title='bbox 3245 3005 3335 3076; x_wconf 83' lang='grc' dir='ltr'><strong>εῐη</strong></span> <span class='ocrx_word' id='word_1_530' title='bbox 3367 3005 3603 3066; x_wconf 82' lang='grc' dir='ltr'>πάντως,</span> <span class='ocrx_word' id='word_1_531' title='bbox 3626 2998 3695 3061; x_wconf 83' lang='grc' dir='ltr'><strong>ὡς</strong></span> 
     </span>
    </p>
   </div>
   <div class='ocr_carea' id='block_1_73' title="bbox 2120 3089 3699 3167">
    <p class='ocr_par' dir='ltr' id='par_1_73' title="bbox 2120 3089 3699 3167">
     <span class='ocr_line' id='line_1_73' title="bbox 2120 3089 3699 3167; baseline -0.009 -9"><span class='ocrx_word' id='word_1_532' title='bbox 2120 3102 2383 3158; x_wconf 88' lang='grc' dir='ltr'>τάναντία</span> <span class='ocrx_word' id='word_1_533' title='bbox 2411 3101 2622 3164; x_wconf 85' lang='grc' dir='ltr'>τούτοις</span> <span class='ocrx_word' id='word_1_534' title='bbox 2653 3099 2922 3155; x_wconf 87' lang='grc' dir='ltr'>ἀθάνατα.</span> <span class='ocrx_word' id='word_1_535' title='bbox 2957 3100 3025 3153; x_wconf 84' lang='grc' dir='ltr'>Ἡ</span> <span class='ocrx_word' id='word_1_536' title='bbox 3051 3098 3159 3153; x_wconf 84' lang='grc' dir='ltr'><strong>τῶν</strong></span> <span class='ocrx_word' id='word_1_537' title='bbox 3185 3098 3444 3167; x_wconf 86' lang='grc' dir='ltr'>ἀγγέλων</span> <span class='ocrx_word' id='word_1_538' title='bbox 3472 3096 3578 3166; x_wconf 86' lang='grc' dir='ltr'><strong>ἀρα</strong></span> <span class='ocrx_word' id='word_1_539' title='bbox 3605 3089 3699 3162; x_wconf 86' lang='grc' dir='ltr'>φύ-</span> 
     </span>
    </p>
   </div>
   <div class='ocr_carea' id='block_1_74' title="bbox 2127 3179 3698 3261">
    <p class='ocr_par' dir='ltr' id='par_1_74' title="bbox 2127 3179 3698 3261">
     <span class='ocr_line' id='line_1_74' title="bbox 2127 3179 3698 3261; baseline -0.01 -12"><span class='ocrx_word' id='word_1_540' title='bbox 2127 3212 2213 3259; x_wconf 89' lang='grc' dir='ltr'><strong>σις</strong></span> <span class='ocrx_word' id='word_1_541' title='bbox 2248 3179 2539 3255; x_wconf 67' lang='grc' dir='ltr'>ἀθάνατος.</span> <span class='ocrx_word' id='word_1_542' title='bbox 2575 3191 2778 3246; x_wconf 87' lang='grc' dir='ltr'>Θεόθεν</span> <span class='ocrx_word' id='word_1_543' title='bbox 2809 3192 2921 3261; x_wconf 84' lang='grc' dir='ltr'><strong>γὰρ</strong></span> <span class='ocrx_word' id='word_1_544' title='bbox 2954 3190 3053 3259; x_wconf 80' lang='grc' dir='ltr'>τὴν</span> <span class='ocrx_word' id='word_1_545' title='bbox 3084 3188 3329 3259; x_wconf 76' lang='grc' dir='ltr'>ὕπαρξιν</span> <span class='ocrx_word' id='word_1_546' title='bbox 3362 3188 3580 3259; x_wconf 70' lang='grc' dir='ltr'>ἔχουσι,</span> <span class='ocrx_word' id='word_1_547' title='bbox 3611 3181 3698 3236; x_wconf 83' lang='grc' dir='ltr'>καὶ</span> 
     </span>
    </p>
   </div>
   <div class='ocr_carea' id='block_1_75' title="bbox 2122 3266 3698 3360">
    <p class='ocr_par' dir='ltr' id='par_1_75' title="bbox 2122 3266 3698 3360">
     <span class='ocr_line' id='line_1_75' title="bbox 2122 3266 3698 3360; baseline -0.011 -18"><span class='ocrx_word' id='word_1_548' title='bbox 2122 3291 2188 3360; x_wconf 86' lang='grc' dir='ltr'><strong>τῇ</strong></span> <span class='ocrx_word' id='word_1_549' title='bbox 2221 3288 2416 3341; x_wconf 89' lang='grc' dir='ltr'>τούτου</span> <span class='ocrx_word' id='word_1_550' title='bbox 2449 3286 2590 3356; x_wconf 79' lang='grc' dir='ltr'>μόνῃ</span> <span class='ocrx_word' id='word_1_551' title='bbox 2617 3284 2839 3354; x_wconf 78' lang='grc' dir='ltr'>μεθέξει</span> <span class='ocrx_word' id='word_1_552' title='bbox 2868 3283 3005 3347; x_wconf 76' lang='grc' dir='ltr'>ζῶσι</span> <span class='ocrx_word' id='word_1_553' title='bbox 3033 3282 3133 3354; x_wconf 73' lang='grc'>(2),</span> <span class='ocrx_word' id='word_1_554' title='bbox 3160 3283 3259 3335; x_wconf 75' lang='grc' dir='ltr'>καὶ</span> <span class='ocrx_word' id='word_1_555' title='bbox 3289 3266 3585 3342; x_wconf 79' lang='grc' dir='ltr'>κινοῦνται,</span> <span class='ocrx_word' id='word_1_556' title='bbox 3610 3272 3698 3327; x_wconf 78' lang='grc' dir='ltr'>καὶ</span> 
     </span>
    </p>
   </div>
   <div class='ocr_carea' id='block_1_76' title="bbox 2127 3369 3693 3449">
    <p class='ocr_par' dir='ltr' id='par_1_76' title="bbox 2127 3369 3693 3449">
     <span class='ocr_line' id='line_1_76' title="bbox 2127 3369 3693 3449; baseline -0.003 -15"><span class='ocrx_word' id='word_1_557' title='bbox 2127 3381 2262 3435; x_wconf 85' lang='grc' dir='ltr'>είσίν</span> <span class='ocrx_word' id='word_1_558' title='bbox 2296 3380 2399 3449; x_wconf 75' lang='grc'><strong>(5).</strong></span> <span class='ocrx_word' id='word_1_559' title='bbox 2420 3378 2588 3433; x_wconf 83' lang='grc' dir='ltr'>Ὅθεν</span> <span class='ocrx_word' id='word_1_560' title='bbox 2621 3380 2655 3448; x_wconf 85' lang='grc' dir='ltr'><strong>ή</strong></span> <span class='ocrx_word' id='word_1_561' title='bbox 2686 3376 2913 3447; x_wconf 75' lang='grc' dir='ltr'>τοιαύτη</span> <span class='ocrx_word' id='word_1_562' title='bbox 2957 3375 3119 3447; x_wconf 86' lang='grc' dir='ltr'>φύσις</span> <span class='ocrx_word' id='word_1_563' title='bbox 3159 3375 3285 3439; x_wconf 84' lang='grc' dir='ltr'><strong>πῶς</strong></span> <span class='ocrx_word' id='word_1_564' title='bbox 3323 3374 3423 3445; x_wconf 78' lang='grc' dir='ltr'>μὲν</span> <span class='ocrx_word' id='word_1_565' title='bbox 3454 3369 3693 3439; x_wconf 77' lang='grc' dir='ltr'>νοσήσειῖ</span> 
     </span>
    </p>
   </div>
   <div class='ocr_carea' id='block_1_77' title="bbox 2112 3456 3698 3542">
    <p class='ocr_par' dir='ltr' id='par_1_77' title="bbox 2112 3456 3698 3542">
     <span class='ocr_line' id='line_1_77' title="bbox 2112 3456 3698 3542; baseline -0.005 -16"><span class='ocrx_word' id='word_1_566' title='bbox 2112 3473 2247 3538; x_wconf 71' lang='grc' dir='ltr'>,πῶς</span> <span class='ocrx_word' id='word_1_567' title='bbox 2284 3471 2343 3526; x_wconf 77' lang='grc' dir='ltr'>δὲ</span> <span class='ocrx_word' id='word_1_568' title='bbox 2384 3470 2621 3542; x_wconf 85' lang='grc' dir='ltr'>γηράσει</span> <span class='ocrx_word' id='word_1_569' title='bbox 2657 3469 2770 3541; x_wconf 76' lang='grc'><strong>(4);</strong></span> <span class='ocrx_word' id='word_1_570' title='bbox 2809 3468 2928 3532; x_wconf 81' lang='grc' dir='ltr'><strong>πῶς</strong></span> <span class='ocrx_word' id='word_1_571' title='bbox 2964 3468 3023 3523; x_wconf 82' lang='grc' dir='ltr'>δὲ</span> <span class='ocrx_word' id='word_1_572' title='bbox 3062 3466 3551 3535; x_wconf 82' lang='grc' dir='ltr'>παλαιωθήσεται;</span> <span class='ocrx_word' id='word_1_573' title='bbox 3589 3456 3698 3518; x_wconf 80' lang='grc' dir='ltr'>πῶς</span> 
     </span>
    </p>
   </div>
   <div class='ocr_carea' id='block_1_78' title="bbox 2123 3551 3697 3635">
    <p class='ocr_par' dir='ltr' id='par_1_78' title="bbox 2123 3551 3697 3635">
     <span class='ocr_line' id='line_1_78' title="bbox 2123 3551 3697 3635; baseline -0.007 -13"><span class='ocrx_word' id='word_1_574' title='bbox 2123 3569 2182 3622; x_wconf 83' lang='grc' dir='ltr'>δὲ</span> <span class='ocrx_word' id='word_1_575' title='bbox 2209 3565 2565 3635; x_wconf 78' lang='grc' dir='ltr'>τεθνήξεταις</span> <span class='ocrx_word' id='word_1_576' title='bbox 2598 3564 2802 3617; x_wconf 79' lang='grc' dir='ltr'>Τοῦτον</span> <span class='ocrx_word' id='word_1_577' title='bbox 2832 3562 2889 3616; x_wconf 81' lang='grc' dir='ltr'>δὲ</span> <span class='ocrx_word' id='word_1_578' title='bbox 2918 3562 3012 3616; x_wconf 80' lang='grc' dir='ltr'>τὸν</span> <span class='ocrx_word' id='word_1_579' title='bbox 3038 3562 3247 3633; x_wconf 84' lang='grc' dir='ltr'>τρόπον</span> <span class='ocrx_word' id='word_1_580' title='bbox 3277 3562 3373 3616; x_wconf 60' lang='grc' dir='ltr'><strong>καὶ⁸</strong></span> <span class='ocrx_word' id='word_1_581' title='bbox 3402 3557 3500 3619; x_wconf 79' lang='grc' dir='ltr'>τὰς</span> <span class='ocrx_word' id='word_1_582' title='bbox 3529 3551 3697 3625; x_wconf 77' lang='grc' dir='ltr'>ψυχὰς</span> 
     </span>
    </p>
   </div>
   <div class='ocr_carea' id='block_1_79' title="bbox 2124 3642 3696 3728">
    <p class='ocr_par' dir='ltr' id='par_1_79' title="bbox 2124 3642 3696 3728">
     <span class='ocr_line' id='line_1_79' title="bbox 2124 3642 3696 3728; baseline -0.003 -14"><span class='ocrx_word' id='word_1_583' title='bbox 2124 3659 2429 3722; x_wconf 78' lang='grc' dir='ltr'>ἀθανάτους</span> <span class='ocrx_word' id='word_1_584' title='bbox 2453 3658 2820 3728; x_wconf 81' lang='grc' dir='ltr'>ὑποληπτέον.</span> <span class='ocrx_word' id='word_1_585' title='bbox 2853 3655 3049 3710; x_wconf 82' lang='grc' dir='ltr'>Ἀπλαῖ</span> <span class='ocrx_word' id='word_1_586' title='bbox 3074 3654 3184 3726; x_wconf 91' lang='grc' dir='ltr'><strong>γάρ</strong></span> <span class='ocrx_word' id='word_1_587' title='bbox 3209 3654 3279 3725; x_wconf 81' lang='grc' dir='ltr'>δὴ</span> <span class='ocrx_word' id='word_1_588' title='bbox 3307 3652 3401 3706; x_wconf 76' lang='grc' dir='ltr'>καὶ</span> <span class='ocrx_word' id='word_1_589' title='bbox 3425 3642 3581 3706; x_wconf 73' lang='grc' dir='ltr'>αὗται</span> <span class='ocrx_word' id='word_1_590' title='bbox 3604 3642 3696 3710; x_wconf 71' lang='grc' dir='ltr'><strong>τὴν</strong></span> 
     </span>
    </p>
   </div>
   <div class='ocr_carea' id='block_1_80' title="bbox 2125 3735 3697 3823">
    <p class='ocr_par' dir='ltr' id='par_1_80' title="bbox 2125 3735 3697 3823">
     <span class='ocr_line' id='line_1_80' title="bbox 2125 3735 3697 3823; baseline -0.013 -15"><span class='ocrx_word' id='word_1_591' title='bbox 2125 3753 2322 3823; x_wconf 90' lang='grc' dir='ltr'>φύσιν,</span> <span class='ocrx_word' id='word_1_592' title='bbox 2357 3750 2455 3806; x_wconf 72' lang='grc' dir='ltr'><strong>καὶ</strong></span> <span class='ocrx_word' id='word_1_593' title='bbox 2487 3750 2741 3819; x_wconf 77' lang='grc' dir='ltr'>λογικαὶ,</span> <span class='ocrx_word' id='word_1_594' title='bbox 2775 3748 2874 3802; x_wconf 75' lang='grc' dir='ltr'>καὶ</span> <span class='ocrx_word' id='word_1_595' title='bbox 2901 3749 2968 3819; x_wconf 74' lang='grc' dir='ltr'>τῇ</span> <span class='ocrx_word' id='word_1_596' title='bbox 3006 3747 3102 3803; x_wconf 76' lang='grc' dir='ltr'>τοῦ</span> <span class='ocrx_word' id='word_1_597' title='bbox 3136 3745 3276 3799; x_wconf 78' lang='grc' dir='ltr'>Θεοῦ</span> <span class='ocrx_word' id='word_1_598' title='bbox 3313 3741 3529 3815; x_wconf 80' lang='grc' dir='ltr'>μεθέξει</span> <span class='ocrx_word' id='word_1_599' title='bbox 3567 3735 3697 3807; x_wconf 79' lang='grc' dir='ltr'>μόνῃ</span> 
     </span>
    </p>
   </div>
   <div class='ocr_carea' id='block_1_81' title="bbox 2126 3829 3694 3913">
    <p class='ocr_par' dir='ltr' id='par_1_81' title="bbox 2126 3829 3694 3913">
     <span class='ocr_line' id='line_1_81' title="bbox 2126 3829 3694 3913; baseline -0.01 -14"><span class='ocrx_word' id='word_1_600' title='bbox 2126 3845 2496 3899; x_wconf 84' lang='grc' dir='ltr'>συνίστανται.</span> <span class='ocrx_word' id='word_1_601' title='bbox 2525 3843 2636 3897; x_wconf 80' lang='grc' dir='ltr'>Καὶ</span> <span class='ocrx_word' id='word_1_602' title='bbox 2668 3842 2774 3913; x_wconf 83' lang='grc' dir='ltr'>μὴν</span> <span class='ocrx_word' id='word_1_603' title='bbox 2804 3840 2903 3895; x_wconf 77' lang='grc' dir='ltr'>καὶ</span> <span class='ocrx_word' id='word_1_604' title='bbox 2928 3839 3038 3895; x_wconf 72' lang='grc' dir='ltr'><strong>τῶν</strong></span> <span class='ocrx_word' id='word_1_605' title='bbox 3065 3838 3418 3911; x_wconf 25' lang='grc' dir='ltr'>φθαρτῶν-τε</span> <span class='ocrx_word' id='word_1_606' title='bbox 3447 3832 3542 3887; x_wconf 78' lang='grc' dir='ltr'>καὶ</span> <span class='ocrx_word' id='word_1_607' title='bbox 3571 3829 3694 3898; x_wconf 84' lang='grc' dir='ltr'>θνη-</span> 
     </span>
    </p>
   </div>
   <div class='ocr_carea' id='block_1_82' title="bbox 2123 3917 3693 4007">
    <p class='ocr_par' dir='ltr' id='par_1_82' title="bbox 2123 3917 3693 4007">
     <span class='ocr_line' id='line_1_82' title="bbox 2123 3917 3693 4007; baseline -0.01 -14"><span class='ocrx_word' id='word_1_608' title='bbox 2123 3938 2253 4005; x_wconf 83' lang='grc' dir='ltr'>τῶν,</span> <span class='ocrx_word' id='word_1_609' title='bbox 2279 3939 2385 3991; x_wconf 81' lang='grc' dir='ltr'>ὅσα</span> <span class='ocrx_word' id='word_1_610' title='bbox 2405 3935 2594 4007; x_wconf 78' lang='grc' dir='ltr'>μέλλει</span> <span class='ocrx_word' id='word_1_611' title='bbox 2623 3935 2841 3996; x_wconf 79' lang='grc' dir='ltr'>πάντως</span> <span class='ocrx_word' id='word_1_612' title='bbox 2869 3929 3203 4004; x_wconf 78' lang='grc' dir='ltr'>γενήσεσθαι</span> <span class='ocrx_word' id='word_1_613' title='bbox 3231 3929 3470 4001; x_wconf 84' lang='grc' dir='ltr'>κρείττω</span> <span class='ocrx_word' id='word_1_614' title='bbox 3497 3917 3693 3993; x_wconf 78' lang='grc' dir='ltr'>φθορᾶς</span> 
     </span>
    </p>
   </div>
   <div class='ocr_carea' id='block_1_83' title="bbox 2124 4009 3696 4099">
    <p class='ocr_par' dir='ltr' id='par_1_83' title="bbox 2124 4009 3696 4099">
     <span class='ocr_line' id='line_1_83' title="bbox 2124 4009 3696 4099; baseline -0.013 -14"><span class='ocrx_word' id='word_1_615' title='bbox 2124 4032 2220 4085; x_wconf 82' lang='grc' dir='ltr'>καὶ</span> <span class='ocrx_word' id='word_1_616' title='bbox 2253 4029 2506 4096; x_wconf 87' lang='grc' dir='ltr'>θανάτου,</span> <span class='ocrx_word' id='word_1_617' title='bbox 2541 4030 2607 4099; x_wconf 76' lang='grc' dir='ltr'><strong>τῇ</strong></span> <span class='ocrx_word' id='word_1_618' title='bbox 2638 4025 2734 4080; x_wconf 84' lang='grc' dir='ltr'>τοῦ</span> <span class='ocrx_word' id='word_1_619' title='bbox 2764 4026 3049 4096; x_wconf 84' lang='grc' dir='ltr'>ἀφθάρτου</span> <span class='ocrx_word' id='word_1_620' title='bbox 3083 4026 3289 4095; x_wconf 81' lang='grc' dir='ltr'>μετοχῇ</span> <span class='ocrx_word' id='word_1_621' title='bbox 3319 4020 3480 4075; x_wconf 79' lang='grc' dir='ltr'>τοῦτο</span> <span class='ocrx_word' id='word_1_622' title='bbox 3508 4016 3572 4070; x_wconf 82' lang='grc' dir='ltr'><strong>ἀν</strong></span> <span class='ocrx_word' id='word_1_623' title='bbox 3602 4009 3696 4065; x_wconf 85' lang='grc' dir='ltr'>πά-</span> 
     </span>
    </p>
   </div>
   <div class='ocr_carea' id='block_1_84' title="bbox 2124 4101 3696 4192">
    <p class='ocr_par' dir='ltr' id='par_1_84' title="bbox 2124 4101 3696 4192">
     <span class='ocr_line' id='line_1_84' title="bbox 2124 4101 3696 4192; baseline -0.013 -14"><span class='ocrx_word' id='word_1_624' title='bbox 2124 4124 2229 4182; x_wconf 77' lang='grc' dir='ltr'>θοι.</span> <span class='ocrx_word' id='word_1_625' title='bbox 2260 4125 2424 4178; x_wconf 82' lang='grc' dir='ltr'>Ὥστε</span> <span class='ocrx_word' id='word_1_626' title='bbox 2453 4120 2556 4176; x_wconf 86' lang='grc' dir='ltr'>τίν’</span> <span class='ocrx_word' id='word_1_627' title='bbox 2581 4120 2694 4192; x_wconf 75' lang='grc' dir='ltr'>ἔχει</span> <span class='ocrx_word' id='word_1_628' title='bbox 2724 4119 2884 4189; x_wconf 88' lang='grc' dir='ltr'>λόγον</span> <span class='ocrx_word' id='word_1_629' title='bbox 2903 4156 2919 4184; x_wconf 92' lang='grc'><strong>,</strong></span> <span class='ocrx_word' id='word_1_630' title='bbox 2952 4116 3188 4172; x_wconf 80' lang='grc' dir='ltr'>θάνατον</span> <span class='ocrx_word' id='word_1_631' title='bbox 3218 4114 3478 4186; x_wconf 73' lang='grc' dir='ltr'>ἀγγέλοις</span> <span class='ocrx_word' id='word_1_632' title='bbox 3508 4101 3696 4176; x_wconf 83' lang='grc' dir='ltr'>περιά-</span> 
     </span>
    </p>
   </div>
   <div class='ocr_carea' id='block_1_85' title="bbox 2124 4193 3692 4284">
    <p class='ocr_par' dir='ltr' id='par_1_85' title="bbox 2124 4193 3692 4284">
     <span class='ocr_line' id='line_1_85' title="bbox 2124 4193 3692 4284; baseline -0.013 -15"><span class='ocrx_word' id='word_1_633' title='bbox 2124 4233 2279 4269; x_wconf 83' lang='grc' dir='ltr'>πτειν</span> <span class='ocrx_word' id='word_1_634' title='bbox 2308 4213 2552 4284; x_wconf 86' lang='grc' dir='ltr'>ἀμείνοσι</span> <span class='ocrx_word' id='word_1_635' title='bbox 2581 4211 2688 4265; x_wconf 86' lang='grc' dir='ltr'><strong>τῶν</strong></span> <span class='ocrx_word' id='word_1_636' title='bbox 2714 4210 2926 4281; x_wconf 83' lang='grc' dir='ltr'>θνητῶν</span> <span class='ocrx_word' id='word_1_637' title='bbox 2954 4208 3037 4281; x_wconf 77' lang='lat'><strong>(5)</strong></span> <span class='ocrx_word' id='word_1_638' title='bbox 3063 4207 3440 4278; x_wconf 83' lang='grc' dir='ltr'>ὑπάρχουσιν;</span> <span class='ocrx_word' id='word_1_639' title='bbox 3470 4203 3531 4256; x_wconf 85' lang='grc' dir='ltr'><strong>Εἰ</strong></span> <span class='ocrx_word' id='word_1_640' title='bbox 3555 4197 3610 4251; x_wconf 78' lang='grc' dir='ltr'>δὲ</span> <span class='ocrx_word' id='word_1_641' title='bbox 3636 4193 3692 4261; x_wconf 81' lang='grc' dir='ltr'>δὴ</span> 
     </span>
    </p>
   </div>
   <div class='ocr_carea' id='block_1_86' title="bbox 2123 4291 3690 4378">
    <p class='ocr_par' dir='ltr' id='par_1_86' title="bbox 2123 4291 3690 4378">
     <span class='ocr_line' id='line_1_86' title="bbox 2123 4291 3690 4378; baseline -0.015 -17"><span class='ocrx_word' id='word_1_642' title='bbox 2123 4309 2224 4378; x_wconf 79' lang='grc' dir='ltr'>τὴν</span> <span class='ocrx_word' id='word_1_643' title='bbox 2251 4305 2460 4360; x_wconf 83' lang='grc' dir='ltr'>τούτων</span> <span class='ocrx_word' id='word_1_644' title='bbox 2489 4302 2650 4374; x_wconf 84' lang='grc' dir='ltr'>φύσιν</span> <span class='ocrx_word' id='word_1_645' title='bbox 2682 4303 2791 4375; x_wconf 79' lang='grc' dir='ltr'>φῂς</span> <span class='ocrx_word' id='word_1_646' title='bbox 2821 4300 3171 4356; x_wconf 75' lang='grc' dir='ltr'>ἀλλοιοῦσθαι</span> <span class='ocrx_word' id='word_1_647' title='bbox 3199 4299 3340 4370; x_wconf 72' lang='grc' dir='ltr'>πρὸς</span> <span class='ocrx_word' id='word_1_648' title='bbox 3368 4295 3429 4349; x_wconf 77' lang='grc' dir='ltr'>τὸ</span> <span class='ocrx_word' id='word_1_649' title='bbox 3461 4291 3690 4378; x_wconf 78' lang='grc' dir='ltr'>βέλτιον,</span> 
     </span>
    </p>
   </div>
   <div class='ocr_carea' id='block_1_87' title="bbox 2124 4377 3690 4468">
    <p class='ocr_par' dir='ltr' id='par_1_87' title="bbox 2124 4377 3690 4468">
     <span class='ocr_line' id='line_1_87' title="bbox 2124 4377 3690 4468; baseline -0.006 -13"><span class='ocrx_word' id='word_1_650' title='bbox 2124 4377 2222 4455; x_wconf 83' lang='grc' dir='ltr'><strong>καί</strong></span> <span class='ocrx_word' id='word_1_651' title='bbox 2250 4414 2333 4453; x_wconf 83' lang='grc' dir='ltr'><strong>σοι</strong></span> <span class='ocrx_word' id='word_1_652' title='bbox 2363 4397 2516 4468; x_wconf 80' lang='grc' dir='ltr'>φίλον</span> <span class='ocrx_word' id='word_1_653' title='bbox 2546 4396 2776 4451; x_wconf 85' lang='grc' dir='ltr'>θάνατον</span> <span class='ocrx_word' id='word_1_654' title='bbox 2804 4393 2964 4447; x_wconf 83' lang='grc' dir='ltr'>τοῦτο</span> <span class='ocrx_word' id='word_1_655' title='bbox 2995 4392 3202 4458; x_wconf 75' lang='grc' dir='ltr'>καλεῖν,</span> <span class='ocrx_word' id='word_1_656' title='bbox 3235 4391 3346 4446; x_wconf 83' lang='grc' dir='ltr'>ῐσθι</span> <span class='ocrx_word' id='word_1_657' title='bbox 3379 4387 3500 4460; x_wconf 82' lang='grc' dir='ltr'>μὲν,</span> <span class='ocrx_word' id='word_1_658' title='bbox 3531 4382 3604 4445; x_wconf 81' lang='grc' dir='ltr'>ὡς</span> <span class='ocrx_word' id='word_1_659' title='bbox 3632 4377 3690 4428; x_wconf 66' lang='grc' dir='ltr'><strong>οὗ</strong></span> 
     </span>
    </p>
   </div>
   <div class='ocr_carea' id='block_1_88' title="bbox 2124 4475 3689 4563">
    <p class='ocr_par' dir='ltr' id='par_1_88' title="bbox 2124 4475 3689 4563">
     <span class='ocr_line' id='line_1_88' title="bbox 2124 4475 3689 4563; baseline -0.013 -19"><span class='ocrx_word' id='word_1_660' title='bbox 2124 4491 2277 4563; x_wconf 79' lang='grc' dir='ltr'><strong>καλῷ</strong></span> <span class='ocrx_word' id='word_1_661' title='bbox 2324 4489 2612 4543; x_wconf 83' lang='grc' dir='ltr'>κάλλιστον</span> <span class='ocrx_word' id='word_1_662' title='bbox 2661 4487 2897 4557; x_wconf 77' lang='grc' dir='ltr'>πρᾶγμα</span> <span class='ocrx_word' id='word_1_663' title='bbox 2944 4482 3383 4555; x_wconf 84' lang='grc' dir='ltr'>προσαγορεύεις</span> <span class='ocrx_word' id='word_1_664' title='bbox 3430 4475 3648 4545; x_wconf 82' lang='grc' dir='ltr'>ὀνόματι</span> <span class='ocrx_word' id='word_1_665' title='bbox 3675 4480 3689 4496; x_wconf 82' lang='grc'>⁸</span> 
     </span>
    </p>
   </div>
   <div class='ocr_carea' id='block_1_89' title="bbox 2122 4574 3694 4655">
    <p class='ocr_par' dir='ltr' id='par_1_89' title="bbox 2122 4574 3694 4655">
     <span class='ocr_line' id='line_1_89' title="bbox 2122 4574 3694 4655; baseline -0.003 -20"><span class='ocrx_word' id='word_1_666' title='bbox 2122 4583 2224 4655; x_wconf 82' lang='grc' dir='ltr'>τὴν</span> <span class='ocrx_word' id='word_1_667' title='bbox 2258 4583 2367 4654; x_wconf 80' lang='grc' dir='ltr'>γὰρ</span> <span class='ocrx_word' id='word_1_668' title='bbox 2405 4581 2500 4634; x_wconf 71' lang='grc' dir='ltr'><strong>ἐπὶ</strong></span> <span class='ocrx_word' id='word_1_669' title='bbox 2534 4582 2594 4633; x_wconf 73' lang='grc' dir='ltr'><strong>τὸ</strong></span> <span class='ocrx_word' id='word_1_670' title='bbox 2631 4580 2880 4649; x_wconf 84' lang='grc' dir='ltr'>κρεῖττον</span> <span class='ocrx_word' id='word_1_671' title='bbox 2912 4577 3204 4647; x_wconf 83' lang='grc' dir='ltr'>ἀλλοίωσιν</span> <span class='ocrx_word' id='word_1_672' title='bbox 3238 4574 3388 4643; x_wconf 80' lang='grc' dir='ltr'>ζωῆς</span> <span class='ocrx_word' id='word_1_673' title='bbox 3431 4577 3694 4637; x_wconf 81' lang='grc' dir='ltr'><strong>προσηγο-</strong></span> 
     </span>
    </p>
   </div>
   <div class='ocr_carea' id='block_1_90' title="bbox 2129 4655 3692 4748">
    <p class='ocr_par' dir='ltr' id='par_1_90' title="bbox 2129 4655 3692 4748">
     <span class='ocr_line' id='line_1_90' title="bbox 2129 4655 3692 4748; baseline -0.01 -20"><span class='ocrx_word' id='word_1_674' title='bbox 2129 4677 2255 4748; x_wconf 85' lang='grc' dir='ltr'>ρίαν</span> <span class='ocrx_word' id='word_1_675' title='bbox 2291 4671 2545 4744; x_wconf 86' lang='grc' dir='ltr'>δέχεσθαι</span> <span class='ocrx_word' id='word_1_676' title='bbox 2589 4670 2789 4742; x_wconf 81' lang='grc' dir='ltr'>μᾶλλον</span> <span class='ocrx_word' id='word_1_677' title='bbox 2828 4670 2862 4741; x_wconf 83' lang='grc' dir='ltr'>ἢ</span> <span class='ocrx_word' id='word_1_678' title='bbox 2907 4669 3139 4723; x_wconf 87' lang='grc' dir='ltr'>θανάτου</span> <span class='ocrx_word' id='word_1_679' title='bbox 3183 4667 3455 4738; x_wconf 83' lang='grc' dir='ltr'>προσῆκε.</span> <span class='ocrx_word' id='word_1_680' title='bbox 3489 4655 3692 4720; x_wconf 82' lang='grc' dir='ltr'>Λέξεως</span> 
     </span>
    </p>
   </div>
   <div class='ocr_carea' id='block_1_91' title="bbox 424 4754 2017 4836">
    <p class='ocr_par' dir='ltr' id='par_1_91' title="bbox 424 4758 2013 4834">
     <span class='ocr_line' id='line_1_91' title="bbox 424 4758 2013 4834; baseline -0.002 -16"><span class='ocrx_word' id='word_1_681' title='bbox 424 4764 626 4820; x_wconf 85' lang='lat' dir='ltr'><strong>mutari</strong></span> <span class='ocrx_word' id='word_1_682' title='bbox 656 4765 826 4831; x_wconf 73' lang='lat' dir='ltr'><strong>dicis,</strong></span> <span class='ocrx_word' id='word_1_683' title='bbox 853 4774 1017 4834; x_wconf 89' lang='lat' dir='ltr'><strong>atque</strong></span> <span class='ocrx_word' id='word_1_684' title='bbox 1059 4762 1162 4817; x_wconf 94' lang='lat' dir='ltr'><strong>hoc</strong></span> <span class='ocrx_word' id='word_1_685' title='bbox 1192 4772 1422 4815; x_wconf 88' lang='lat' dir='ltr'><strong>mortem</strong></span> <span class='ocrx_word' id='word_1_686' title='bbox 1452 4774 1651 4815; x_wconf 76' lang='lat' dir='ltr'><strong>vocare</strong></span> <span class='ocrx_word' id='word_1_687' title='bbox 1697 4758 1792 4814; x_wconf 92' lang='lat' dir='ltr'><strong>tibi</strong></span> <span class='ocrx_word' id='word_1_688' title='bbox 1817 4760 2013 4829; x_wconf 90' lang='lat' dir='ltr'><strong>placet,</strong></span> 
     </span>
    </p>
   </div>
   <div class='ocr_carea' id='block_1_92' title="bbox 2126 4754 3691 4836">
    <p class='ocr_par' dir='ltr' id='par_1_92' title="bbox 2126 4754 3691 4836">
     <span class='ocr_line' id='line_1_92' title="bbox 2126 4754 3691 4836; baseline -0.014 -9"><span class='ocrx_word' id='word_1_689' title='bbox 2126 4772 2165 4827; x_wconf 86' lang='grc' dir='ltr'>δ’</span> <span class='ocrx_word' id='word_1_690' title='bbox 2191 4772 2380 4828; x_wconf 70' lang='grc' dir='ltr'>ἕνεκεν</span> <span class='ocrx_word' id='word_1_691' title='bbox 2422 4770 2486 4823; x_wconf 84' lang='grc' dir='ltr'>οὺ</span> <span class='ocrx_word' id='word_1_692' title='bbox 2529 4767 2805 4836; x_wconf 84' lang='grc' dir='ltr'>διοίσομαι</span> <span class='ocrx_word' id='word_1_693' title='bbox 2829 4781 2845 4797; x_wconf 80' lang='grc'><em>’</em></span> <span class='ocrx_word' id='word_1_694' title='bbox 2890 4765 3004 4819; x_wconf 85' lang='grc' dir='ltr'>ἀλλ’</span> <span class='ocrx_word' id='word_1_695' title='bbox 3028 4763 3150 4818; x_wconf 78' lang='grc' dir='ltr'>οὐδὲ</span> <span class='ocrx_word' id='word_1_696' title='bbox 3192 4762 3363 4816; x_wconf 88' lang='grc' dir='ltr'>πολύν</span> <span class='ocrx_word' id='word_1_697' title='bbox 3403 4754 3528 4811; x_wconf 86' lang='grc' dir='ltr'>τινά</span> <span class='ocrx_word' id='word_1_698' title='bbox 3570 4760 3691 4802; x_wconf 77' lang='grc' dir='ltr'>ποτε</span> 
     </span>
    </p>
   </div>
   <div class='ocr_carea' id='block_1_93' title="bbox 421 4854 2013 4928">
    <p class='ocr_par' dir='ltr' id='par_1_93' title="bbox 421 4854 2013 4928">
     <span class='ocr_line' id='line_1_93' title="bbox 421 4854 2013 4928; baseline -0.003 -14"><span class='ocrx_word' id='word_1_699' title='bbox 421 4859 650 4914; x_wconf 86' lang='lat' dir='ltr'><strong>nomine</strong></span> <span class='ocrx_word' id='word_1_700' title='bbox 686 4875 796 4913; x_wconf 86' lang='lat' dir='ltr'><strong>non</strong></span> <span class='ocrx_word' id='word_1_701' title='bbox 836 4858 1066 4928; x_wconf 88' lang='lat' dir='ltr'><strong>pulchro</strong></span> <span class='ocrx_word' id='word_1_702' title='bbox 1100 4854 1528 4925; x_wconf 84' lang='lat' dir='ltr'><strong>pulcherrimam</strong></span> <span class='ocrx_word' id='word_1_703' title='bbox 1570 4869 1685 4907; x_wconf 89' lang='lat' dir='ltr'><strong>rem</strong></span> <span class='ocrx_word' id='word_1_704' title='bbox 1718 4854 1816 4908; x_wconf 90' lang='lat' dir='ltr'><strong>abs</strong></span> <span class='ocrx_word' id='word_1_705' title='bbox 1845 4865 1893 4910; x_wconf 91' lang='lat' dir='ltr'><strong>te</strong></span> <span class='ocrx_word' id='word_1_706' title='bbox 1914 4871 2013 4927; x_wconf 81' lang='lat' dir='ltr'><strong>ap-</strong></span> 
     </span>
    </p>
   </div>
   <div class='ocr_carea' id='block_1_94' title="bbox 422 4944 2012 5018">
    <p class='ocr_par' dir='ltr' id='par_1_94' title="bbox 422 4944 2012 5018">
     <span class='ocr_line' id='line_1_94' title="bbox 422 4944 2012 5018; baseline -0.001 -15"><span class='ocrx_word' id='word_1_707' title='bbox 422 4949 615 5018; x_wconf 89' lang='lat' dir='ltr'><strong>pellari</strong></span> <span class='ocrx_word' id='word_1_708' title='bbox 671 4950 810 5005; x_wconf 85' lang='lat' dir='ltr'><strong>scito</strong></span> <span class='ocrx_word' id='word_1_709' title='bbox 847 4965 860 5002; x_wconf 90' lang='lat'><strong>:</strong></span> <span class='ocrx_word' id='word_1_710' title='bbox 899 4962 1023 5002; x_wconf 87' lang='lat' dir='ltr'><strong>nam</strong></span> <span class='ocrx_word' id='word_1_711' title='bbox 1056 4960 1178 5015; x_wconf 77' lang='lat' dir='ltr'><strong>qua:</strong></span> <span class='ocrx_word' id='word_1_712' title='bbox 1218 4944 1280 4999; x_wconf 87' lang='lat' dir='ltr'><strong>in</strong></span> <span class='ocrx_word' id='word_1_713' title='bbox 1316 4944 1514 5000; x_wconf 88' lang='lat' dir='ltr'><strong>melius</strong></span> <span class='ocrx_word' id='word_1_714' title='bbox 1551 4946 1629 5013; x_wconf 53' lang='lat' dir='ltr'><strong>Ilit</strong></span> <span class='ocrx_word' id='word_1_715' title='bbox 1682 4945 2012 5017; x_wconf 84' lang='lat' dir='ltr'><strong>immutatio,</strong></span> 
     </span>
    </p>
   </div>
   <div class='ocr_carea' id='block_1_95' title="bbox 2123 4839 3690 4932">
    <p class='ocr_par' dir='ltr' id='par_1_95' title="bbox 2123 4839 3690 4932">
     <span class='ocr_line' id='line_1_95' title="bbox 2123 4839 3690 4932; baseline -0.008 -16"><span class='ocrx_word' id='word_1_716' title='bbox 2123 4863 2429 4932; x_wconf 88' lang='grc' dir='ltr'>ποιήσομαι</span> <span class='ocrx_word' id='word_1_717' title='bbox 2458 4860 2616 4924; x_wconf 67' lang='grc' dir='ltr'>λόγον</span> <span class='ocrx_word' id='word_1_718' title='bbox 2636 4898 2652 4924; x_wconf 88' lang='grc'><strong>,</strong></span> <span class='ocrx_word' id='word_1_719' title='bbox 2684 4858 2815 4912; x_wconf 81' lang='grc' dir='ltr'>ὅταν</span> <span class='ocrx_word' id='word_1_720' title='bbox 2846 4873 2929 4910; x_wconf 91' lang='grc' dir='ltr'><strong>σοι</strong></span> <span class='ocrx_word' id='word_1_721' title='bbox 2958 4856 3061 4925; x_wconf 75' lang='grc' dir='ltr'>τῆς</span> <span class='ocrx_word' id='word_1_722' title='bbox 3090 4852 3329 4925; x_wconf 78' lang='grc' dir='ltr'>ἀληθοῦς</span> <span class='ocrx_word' id='word_1_723' title='bbox 3357 4852 3385 4904; x_wconf 95' lang='lat'><strong>6</strong></span> <span class='ocrx_word' id='word_1_724' title='bbox 3414 4844 3537 4908; x_wconf 78' lang='grc' dir='ltr'>νοῦς</span> <span class='ocrx_word' id='word_1_725' title='bbox 3568 4839 3690 4909; x_wconf 75' lang='grc' dir='ltr'><strong>ἔχη·</strong></span> 
     </span>
    </p>
   </div>
   <div class='ocr_carea' id='block_1_96' title="bbox 2119 4951 2423 5021">
    <p class='ocr_par' dir='ltr' id='par_1_96' title="bbox 2119 4951 2423 5021">
     <span class='ocr_line' id='line_1_96' title="bbox 2119 4951 2423 5021; baseline -0.007 -15"><span class='ocrx_word' id='word_1_726' title='bbox 2119 4969 2212 5006; x_wconf 83' lang='grc' dir='ltr'><strong>ται</strong></span> <span class='ocrx_word' id='word_1_727' title='bbox 2242 4951 2423 5021; x_wconf 77' lang='grc' dir='ltr'>δόξης.</span> 
     </span>
    </p>
   </div>
   <div class='ocr_carea' id='block_1_97' title="bbox 363 5026 3692 5119">
    <p class='ocr_par' dir='ltr' id='par_1_97' title="bbox 363 5026 3692 5119">
     <span class='ocr_line' id='line_1_97' title="bbox 363 5026 3692 5119; baseline -0.007 -17"><span class='ocrx_word' id='word_1_728' title='bbox 363 5074 373 5082; x_wconf 75' lang='grc' dir='ltr'><strong><em>ο</em></strong></span> <span class='ocrx_word' id='word_1_729' title='bbox 425 5063 489 5102; x_wconf 88' lang='lat' dir='ltr'><strong>ea</strong></span> <span class='ocrx_word' id='word_1_730' title='bbox 528 5046 653 5101; x_wconf 59' lang='lat' dir='ltr'><strong>vita</strong></span> <span class='ocrx_word' id='word_1_731' title='bbox 685 5044 872 5115; x_wconf 84' lang='lat' dir='ltr'><strong>potius</strong></span> <span class='ocrx_word' id='word_1_732' title='bbox 893 5057 1058 5113; x_wconf 82' lang='lat' dir='ltr'><strong>qnam</strong></span> <span class='ocrx_word' id='word_1_733' title='bbox 1095 5043 1299 5097; x_wconf 88' lang='lat' dir='ltr'><strong>mortis</strong></span> <span class='ocrx_word' id='word_1_734' title='bbox 1348 5041 1772 5113; x_wconf 76' lang='lat' dir='ltr'><strong>appellationem</strong></span> <span class='ocrx_word' id='word_1_735' title='bbox 1836 5049 2085 5119; x_wconf 87' lang='lat' dir='ltr'><strong>accipere</strong></span> <span class='ocrx_word' id='word_1_736' title='bbox 2126 5049 2371 5104; x_wconf 87' lang='lat' dir='ltr'><strong>deberet.</strong></span> <span class='ocrx_word' id='word_1_737' title='bbox 2417 5045 2525 5099; x_wconf 87' lang='lat' dir='ltr'><strong>Sed</strong></span> <span class='ocrx_word' id='word_1_738' title='bbox 2582 5043 2734 5101; x_wconf 87' lang='lat' dir='ltr'><strong>nulla</strong></span> <span class='ocrx_word' id='word_1_739' title='bbox 2795 5044 2902 5099; x_wconf 88' lang='lat' dir='ltr'><strong>erit</strong></span> <span class='ocrx_word' id='word_1_740' title='bbox 2933 5042 3102 5098; x_wconf 78' lang='lat' dir='ltr'><strong>.mihi</strong></span> <span class='ocrx_word' id='word_1_741' title='bbox 3176 5046 3359 5096; x_wconf 90' lang='lat' dir='ltr'><strong>tecum</strong></span> <span class='ocrx_word' id='word_1_742' title='bbox 3423 5037 3489 5091; x_wconf 88' lang='lat' dir='ltr'><strong>de</strong></span> <span class='ocrx_word' id='word_1_743' title='bbox 3534 5026 3692 5086; x_wconf 86' lang='lat' dir='ltr'><strong>verbo</strong></span> 
     </span>
    </p>
   </div>
   <div class='ocr_carea' id='block_1_98' title="bbox 426 5140 852 5197">
    <p class='ocr_par' dir='ltr' id='par_1_98' title="bbox 426 5140 852 5197">
     <span class='ocr_line' id='line_1_98' title="bbox 426 5140 852 5197; baseline -0.014 0"><span class='ocrx_word' id='word_1_744' title='bbox 426 5140 806 5197; x_wconf 81' lang='lat' dir='ltr'><strong>controversia</strong></span> <span class='ocrx_word' id='word_1_745' title='bbox 839 5154 852 5191; x_wconf 89' lang='lat'><strong>:</strong></span> 
     </span>
    </p>
   </div>
   <div class='ocr_carea' id='block_1_99' title="bbox 427 5233 1429 5306">
    <p class='ocr_par' dir='ltr' id='par_1_99' title="bbox 427 5233 1429 5306">
     <span class='ocr_line' id='line_1_99' title="bbox 427 5233 1429 5306; baseline -0.008 -10"><span class='ocrx_word' id='word_1_746' title='bbox 427 5237 814 5306; x_wconf 78' lang='lat' dir='ltr'><strong>sententiaque</strong></span> <span class='ocrx_word' id='word_1_747' title='bbox 846 5242 937 5288; x_wconf 85' lang='lat' dir='ltr'><strong>tua</strong></span> <span class='ocrx_word' id='word_1_748' title='bbox 974 5248 1083 5287; x_wconf 88' lang='lat' dir='ltr'><strong>non</strong></span> <span class='ocrx_word' id='word_1_749' title='bbox 1121 5233 1193 5288; x_wconf 89' lang='lat' dir='ltr'><strong>sit</strong></span> <span class='ocrx_word' id='word_1_750' title='bbox 1223 5233 1429 5288; x_wconf 85' lang='lat' dir='ltr'><strong>aliena.</strong></span> 
     </span>
    </p>
   </div>
   <div class='ocr_carea' id='block_1_100' title="bbox 499 5325 2015 5396">
    <p class='ocr_par' dir='ltr' id='par_1_100' title="bbox 499 5325 2015 5396">
     <span class='ocr_line' id='line_1_100' title="bbox 499 5325 2015 5396; baseline -0.001 -10"><span class='ocrx_word' id='word_1_751' title='bbox 499 5332 588 5386; x_wconf 80' lang='grc' dir='ltr'>Π.</span> <span class='ocrx_word' id='word_1_752' title='bbox 620 5328 719 5383; x_wconf 84' lang='lat' dir='ltr'><strong>Hic</strong></span> <span class='ocrx_word' id='word_1_753' title='bbox 759 5327 946 5393; x_wconf 83' lang='lat' dir='ltr'><strong>Persa,</strong></span> <span class='ocrx_word' id='word_1_754' title='bbox 982 5325 1216 5396; x_wconf 87' lang='lat' dir='ltr'><strong>Optime,</strong></span> <span class='ocrx_word' id='word_1_755' title='bbox 1253 5327 1452 5395; x_wconf 84' lang='lat' dir='ltr'><strong>inquit,</strong></span> <span class='ocrx_word' id='word_1_756' title='bbox 1488 5328 1733 5383; x_wconf 89' lang='lat' dir='ltr'><strong>omnium</strong></span> <span class='ocrx_word' id='word_1_757' title='bbox 1773 5337 1827 5383; x_wconf 91' lang='lat' dir='ltr'><strong>tu</strong></span> <span class='ocrx_word' id='word_1_758' title='bbox 1882 5330 2015 5385; x_wconf 85' lang='lat' dir='ltr'><strong>mihi</strong></span> 
     </span>
    </p>
   </div>
   <div class='ocr_carea' id='block_1_101' title="bbox 429 5420 2018 5492">
    <p class='ocr_par' dir='ltr' id='par_1_101' title="bbox 429 5420 2018 5492">
     <span class='ocr_line' id='line_1_101' title="bbox 429 5420 2018 5492; baseline -0.003 -10"><span class='ocrx_word' id='word_1_759' title='bbox 429 5426 530 5482; x_wconf 87' lang='lat' dir='ltr'><strong>abs</strong></span> <span class='ocrx_word' id='word_1_760' title='bbox 553 5435 605 5480; x_wconf 88' lang='lat' dir='ltr'><strong>te</strong></span> <span class='ocrx_word' id='word_1_761' title='bbox 629 5422 902 5479; x_wconf 87' lang='lat' dir='ltr'><strong>dictorum</strong></span> <span class='ocrx_word' id='word_1_762' title='bbox 931 5420 1173 5491; x_wconf 84' lang='lat' dir='ltr'><strong>probasti</strong></span> <span class='ocrx_word' id='word_1_763' title='bbox 1190 5422 1482 5486; x_wconf 85' lang='lat' dir='ltr'><strong>rationem,</strong></span> <span class='ocrx_word' id='word_1_764' title='bbox 1507 5425 1871 5492; x_wconf 85' lang='lat' dir='ltr'><strong>orationeque</strong></span> <span class='ocrx_word' id='word_1_765' title='bbox 1898 5434 2018 5489; x_wconf 86' lang='lat' dir='ltr'><strong>tua,</strong></span> 
     </span>
    </p>
   </div>
   <div class='ocr_carea' id='block_1_102' title="bbox 350 5515 2021 5591">
    <p class='ocr_par' dir='ltr' id='par_1_102' title="bbox 350 5515 2021 5591">
     <span class='ocr_line' id='line_1_102' title="bbox 350 5515 2021 5591; baseline -0.002 -17"><span class='ocrx_word' id='word_1_766' title='bbox 350 5566 355 5573; x_wconf 91' lang='lat'><strong>.</strong></span> <span class='ocrx_word' id='word_1_767' title='bbox 429 5533 555 5574; x_wconf 90' lang='lat' dir='ltr'><strong>cum</strong></span> <span class='ocrx_word' id='word_1_768' title='bbox 585 5517 831 5587; x_wconf 81' lang='lat' dir='ltr'><strong>angelos,</strong></span> <span class='ocrx_word' id='word_1_769' title='bbox 850 5525 965 5570; x_wconf 89' lang='lat' dir='ltr'><strong>tum</strong></span> <span class='ocrx_word' id='word_1_770' title='bbox 1010 5516 1245 5580; x_wconf 88' lang='lat' dir='ltr'><strong>animas,</strong></span> <span class='ocrx_word' id='word_1_771' title='bbox 1268 5515 1611 5591; x_wconf 79' lang='lat' dir='ltr'><strong>immortales</strong></span> <span class='ocrx_word' id='word_1_772' title='bbox 1643 5533 1764 5573; x_wconf 83' lang='lat' dir='ltr'><strong>esse</strong></span> <span class='ocrx_word' id='word_1_773' title='bbox 1794 5519 2021 5572; x_wconf 77' lang='lat' dir='ltr'><strong>drmon-</strong></span> 
     </span>
    </p>
   </div>
   <div class='ocr_carea' id='block_1_103' title="bbox 431 5610 2018 5668">
    <p class='ocr_par' dir='ltr' id='par_1_103' title="bbox 431 5610 2018 5668">
     <span class='ocr_line' id='line_1_103' title="bbox 431 5610 2018 5668; baseline -0.003 -1"><span class='ocrx_word' id='word_1_774' title='bbox 431 5613 645 5668; x_wconf 85' lang='lat' dir='ltr'><strong>strasti.</strong></span> <span class='ocrx_word' id='word_1_775' title='bbox 667 5612 969 5667; x_wconf 86' lang='lat' dir='ltr'><strong>Amborum</strong></span> <span class='ocrx_word' id='word_1_776' title='bbox 1000 5618 1179 5664; x_wconf 88' lang='lat' dir='ltr'><strong>tamen</strong></span> <span class='ocrx_word' id='word_1_777' title='bbox 1214 5617 1407 5664; x_wconf 87' lang='lat' dir='ltr'><strong>natura</strong></span> <span class='ocrx_word' id='word_1_778' title='bbox 1439 5626 1547 5665; x_wconf 88' lang='lat' dir='ltr'><strong>non</strong></span> <span class='ocrx_word' id='word_1_779' title='bbox 1583 5610 1763 5664; x_wconf 90' lang='lat' dir='ltr'><strong>omnis</strong></span> <span class='ocrx_word' id='word_1_780' title='bbox 1790 5612 2018 5665; x_wconf 86' lang='lat' dir='ltr'><strong>omnino</strong></span> 
     </span>
    </p>
   </div>
   <div class='ocr_carea' id='block_1_104' title="bbox 430 5700 2020 5774">
    <p class='ocr_par' dir='ltr' id='par_1_104' title="bbox 430 5700 2020 5774">
     <span class='ocr_line' id='line_1_104' title="bbox 430 5700 2020 5774; baseline -0.001 -17"><span class='ocrx_word' id='word_1_781' title='bbox 430 5704 706 5774; x_wconf 82' lang='lat' dir='ltr'><strong>passionis</strong></span> <span class='ocrx_word' id='word_1_782' title='bbox 735 5716 933 5774; x_wconf 76' lang='lat' dir='ltr'><strong>expers</strong></span> <span class='ocrx_word' id='word_1_783' title='bbox 960 5717 1081 5758; x_wconf 86' lang='lat' dir='ltr'><strong>esse</strong></span> <span class='ocrx_word' id='word_1_784' title='bbox 1112 5700 1247 5758; x_wconf 91' lang='lat' dir='ltr'><strong>mihi</strong></span> <span class='ocrx_word' id='word_1_785' title='bbox 1269 5702 1484 5756; x_wconf 71' lang='lat' dir='ltr'><strong>videtur</strong></span> <span class='ocrx_word' id='word_1_786' title='bbox 1516 5720 1533 5757; x_wconf 85' lang='lat'><strong>:</strong></span> <span class='ocrx_word' id='word_1_787' title='bbox 1572 5718 1672 5757; x_wconf 88' lang='lat' dir='ltr'><strong>nec</strong></span> <span class='ocrx_word' id='word_1_788' title='bbox 1697 5703 1842 5758; x_wconf 89' lang='lat' dir='ltr'><strong>enim</strong></span> <span class='ocrx_word' id='word_1_789' title='bbox 1876 5718 2020 5759; x_wconf 40' lang='lat' dir='ltr'><strong>sem,</strong></span> 
     </span>
    </p>
   </div>
   <div class='ocr_carea' id='block_1_105' title="bbox 504 5835 968 5907">
    <p class='ocr_par' dir='ltr' id='par_1_105' title="bbox 504 5835 968 5907">
     <span class='ocr_line' id='line_1_105' title="bbox 504 5835 968 5907; baseline -0.002 -6"><span class='ocrx_word' id='word_1_790' title='bbox 504 5844 524 5901; x_wconf 84' lang='grc' dir='ltr'><strong>ί</strong></span> <span class='ocrx_word' id='word_1_791' title='bbox 533 5835 595 5907; x_wconf 62' lang='grc' dir='ltr'><strong>ιδ’</strong></span> <span class='ocrx_word' id='word_1_792' title='bbox 608 5843 772 5901; x_wconf 84' lang='lat' dir='ltr'><strong>Forlc</strong></span> <span class='ocrx_word' id='word_1_793' title='bbox 798 5847 968 5907; x_wconf 80' lang='grc' dir='ltr'>μόνῳ.</span> 
     </span>
    </p>
   </div>
   <div class='ocr_carea' id='block_1_106' title="bbox 505 5863 1268 6000">
    <p class='ocr_par' dir='ltr' id='par_1_106' title="bbox 505 5863 1268 6000">
     <span class='ocr_line' id='line_1_106' title="bbox 505 5863 1268 6000; baseline 0 0"><span class='ocrx_word' id='word_1_794' title='bbox 505 5863 1123 6000; x_wconf 60' lang='grc' dir='ltr'><strong>ἓέἒῗιέῗῗξὲἴξῗζςιρο</strong></span> <span class='ocrx_word' id='word_1_795' title='bbox 1160 5990 1189 6000; x_wconf 87' lang='grc'><strong>..</strong></span> <span class='ocrx_word' id='word_1_796' title='bbox 1238 5988 1268 6000; x_wconf 91' lang='grc'><strong>..</strong></span> 
     </span>
    </p>
   </div>
   <div class='ocr_carea' id='block_1_107' title="bbox 509 5985 2008 6062">
    <p class='ocr_par' dir='ltr' id='par_1_107' title="bbox 509 5985 2008 6062">
     <span class='ocr_line' id='line_1_107' title="bbox 509 5985 2008 6062; baseline 0.001 -20"><span class='ocrx_word' id='word_1_797' title='bbox 509 5985 588 6059; x_wconf 63' lang='grc' dir='ltr'><strong>ιδ)</strong></span> <span class='ocrx_word' id='word_1_798' title='bbox 612 5988 821 6045; x_wconf 82' lang='lat' dir='ltr'><strong>Alludit</strong></span> <span class='ocrx_word' id='word_1_799' title='bbox 850 5990 916 6045; x_wconf 80' lang='lat' dir='ltr'><strong>ad</strong></span> <span class='ocrx_word' id='word_1_800' title='bbox 958 5989 1013 6045; x_wconf 89' lang='lat' dir='ltr'><strong>S.</strong></span> <span class='ocrx_word' id='word_1_801' title='bbox 1042 5988 1445 6057; x_wconf 62' lang='lat' dir='ltr'><strong>l‘auli&#39;diclum,</strong></span> <span class='ocrx_word' id='word_1_802' title='bbox 1478 5991 1592 6045; x_wconf 64' lang='lat' dir='ltr'><strong>Art.</strong></span> <span class='ocrx_word' id='word_1_803' title='bbox 1642 5990 1829 6062; x_wconf 68' lang='lat' dir='ltr'><strong>Ap&quot;si,</strong></span> <span class='ocrx_word' id='word_1_804' title='bbox 1872 6005 2008 6055; x_wconf 75' lang='lat' dir='ltr'><strong>xm,</strong></span> 
     </span>
    </p>
   </div>
   <div class='ocr_carea' id='block_1_108' title="bbox 935 5125 3690 5207">
    <p class='ocr_par' dir='ltr' id='par_1_108' title="bbox 935 5125 3690 5207">
     <span class='ocr_line' id='line_1_108' title="bbox 935 5125 3690 5207; baseline -0.002 -18"><span class='ocrx_word' id='word_1_805' title='bbox 935 5151 1036 5191; x_wconf 79' lang='lat' dir='ltr'><strong>nec</strong></span> <span class='ocrx_word' id='word_1_806' title='bbox 1075 5136 1300 5205; x_wconf 82' lang='lat' dir='ltr'><strong>longum</strong></span> <span class='ocrx_word' id='word_1_807' title='bbox 1335 5151 1436 5207; x_wconf 68' lang='lat' dir='ltr'><strong>ego</strong></span> <span class='ocrx_word' id='word_1_808' title='bbox 1463 5136 1530 5191; x_wconf 85' lang='lat' dir='ltr'><strong>de</strong></span> <span class='ocrx_word' id='word_1_809' title='bbox 1572 5137 1665 5192; x_wconf 85' lang='lat' dir='ltr'><strong>illa</strong></span> <span class='ocrx_word' id='word_1_810' title='bbox 1697 5154 1754 5194; x_wconf 91' lang='lat' dir='ltr'><strong>re</strong></span> <span class='ocrx_word' id='word_1_811' title='bbox 1786 5153 1906 5196; x_wconf 89' lang='lat' dir='ltr'><strong>sum</strong></span> <span class='ocrx_word' id='word_1_812' title='bbox 1938 5158 2248 5199; x_wconf 83' lang='lat' dir='ltr'><strong>sermonem</strong></span> <span class='ocrx_word' id='word_1_813' title='bbox 2297 5141 2566 5207; x_wconf 62' lang='lat' dir='ltr'><strong>(acturus,</strong></span> <span class='ocrx_word' id='word_1_814' title='bbox 2605 5140 2902 5196; x_wconf 87' lang='lat' dir='ltr'><strong>dummodo</strong></span> <span class='ocrx_word' id='word_1_815' title='bbox 2930 5155 2961 5193; x_wconf 89' lang='lat' dir='ltr'><strong>a</strong></span> <span class='ocrx_word' id='word_1_816' title='bbox 2992 5153 3123 5194; x_wconf 90' lang='lat' dir='ltr'><strong>vera</strong></span> <span class='ocrx_word' id='word_1_817' title='bbox 3155 5137 3432 5207; x_wconf 80' lang='lat' dir='ltr'><strong>&quot;Opinione</strong></span> <span class='ocrx_word' id='word_1_818' title='bbox 3475 5125 3690 5186; x_wconf 84' lang='lat' dir='ltr'><strong>intentio</strong></span> 
     </span>
    </p>
   </div>
   <div class='ocr_carea' id='block_1_109' title="bbox 2195 5317 3689 5404">
    <p class='ocr_par' dir='ltr' id='par_1_109' title="bbox 2195 5317 3689 5404">
     <span class='ocr_line' id='line_1_109' title="bbox 2195 5317 3689 5404; baseline -0.013 -16"><span class='ocrx_word' id='word_1_819' title='bbox 2195 5333 2278 5399; x_wconf 80' lang='grc' dir='ltr'>ιζ’.</span> <span class='ocrx_word' id='word_1_820' title='bbox 2322 5333 2540 5402; x_wconf 75' lang='grc' dir='ltr'>Σφόδρα</span> <span class='ocrx_word' id='word_1_821' title='bbox 2569 5333 2780 5397; x_wconf 82' lang='grc' dir='ltr'>πάντα,</span> <span class='ocrx_word' id='word_1_822' title='bbox 2811 5330 2919 5401; x_wconf 78' lang='grc' dir='ltr'><strong>ἔφη</strong></span> <span class='ocrx_word' id='word_1_823' title='bbox 2947 5333 2976 5384; x_wconf 91' lang='lat'><strong>6</strong></span> <span class='ocrx_word' id='word_1_824' title='bbox 3005 5331 3255 5404; x_wconf 77' lang='grc' dir='ltr'>Πέρσης,</span> <span class='ocrx_word' id='word_1_825' title='bbox 3288 5329 3471 5403; x_wconf 74' lang='grc' dir='ltr'>ἔχεταί</span> <span class='ocrx_word' id='word_1_826' title='bbox 3501 5339 3580 5378; x_wconf 88' lang='grc' dir='ltr'><strong>σοι</strong></span> <span class='ocrx_word' id='word_1_827' title='bbox 3608 5317 3689 5370; x_wconf 83' lang='grc' dir='ltr'>λό-</span> 
     </span>
    </p>
   </div>
   <div class='ocr_carea' id='block_1_110' title="bbox 2118 5406 3687 5496">
    <p class='ocr_par' dir='ltr' id='par_1_110' title="bbox 2118 5406 3687 5496">
     <span class='ocr_line' id='line_1_110' title="bbox 2118 5406 3687 5496; baseline -0.004 -18"><span class='ocrx_word' id='word_1_828' title='bbox 2118 5442 2218 5490; x_wconf 84' lang='grc' dir='ltr'><strong>γου</strong></span> <span class='ocrx_word' id='word_1_829' title='bbox 2260 5424 2328 5478; x_wconf 82' lang='grc' dir='ltr'>τὰ</span> <span class='ocrx_word' id='word_1_830' title='bbox 2368 5425 2670 5496; x_wconf 86' lang='grc' dir='ltr'>εἰρημένα,</span> <span class='ocrx_word' id='word_1_831' title='bbox 2716 5425 2810 5479; x_wconf 72' lang='grc' dir='ltr'>καὶ</span> <span class='ocrx_word' id='word_1_832' title='bbox 2838 5408 3160 5488; x_wconf 56' lang='grc' dir='ltr'>⁸ἀθανάτους</span> <span class='ocrx_word' id='word_1_833' title='bbox 3203 5425 3329 5485; x_wconf 83' lang='grc' dir='ltr'>τοὺς</span> <span class='ocrx_word' id='word_1_834' title='bbox 3369 5417 3625 5487; x_wconf 77' lang='grc' dir='ltr'>ἀγγέλους</span> <span class='ocrx_word' id='word_1_835' title='bbox 3661 5406 3687 5458; x_wconf 72' lang='grc'>6</span> 
     </span>
    </p>
   </div>
   <div class='ocr_carea' id='block_1_111' title="bbox 2119 5499 3687 5605">
    <p class='ocr_par' dir='ltr' id='par_1_111' title="bbox 2119 5499 3687 5605">
     <span class='ocr_line' id='line_1_111' title="bbox 2119 5499 3687 5605; baseline 0.001 -37"><span class='ocrx_word' id='word_1_836' title='bbox 2119 5515 2278 5583; x_wconf 80' lang='grc' dir='ltr'>λόγος</span> <span class='ocrx_word' id='word_1_837' title='bbox 2305 5516 2557 5588; x_wconf 84' lang='grc' dir='ltr'>ἀπέφηνε</span> <span class='ocrx_word' id='word_1_838' title='bbox 2572 5517 2710 5605; x_wconf 52' lang='grc' dir='ltr'>..καὶ</span> <span class='ocrx_word' id='word_1_839' title='bbox 2734 5515 2798 5586; x_wconf 85' lang='grc' dir='ltr'>δὴ</span> <span class='ocrx_word' id='word_1_840' title='bbox 2827 5516 2920 5569; x_wconf 73' lang='grc' dir='ltr'>καὶ</span> <span class='ocrx_word' id='word_1_841' title='bbox 2946 5516 3044 5579; x_wconf 84' lang='grc' dir='ltr'>τὰς</span> <span class='ocrx_word' id='word_1_842' title='bbox 3067 5515 3265 5586; x_wconf 76' lang='grc' dir='ltr'>ψυχάς.</span> <span class='ocrx_word' id='word_1_843' title='bbox 3296 5515 3363 5567; x_wconf 81' lang='grc' dir='ltr'><em>Ἣ</em></span> <span class='ocrx_word' id='word_1_844' title='bbox 3390 5509 3551 5605; x_wconf 33' lang='grc' dir='ltr'>φύσις.</span> <span class='ocrx_word' id='word_1_845' title='bbox 3571 5499 3687 5569; x_wconf 80' lang='grc' dir='ltr'>μέν·</span> 
     </span>
    </p>
   </div>
   <div class='ocr_carea' id='block_1_112' title="bbox 2122 5597 3730 5681">
    <p class='ocr_par' dir='ltr' id='par_1_112' title="bbox 2122 5597 3730 5681">
     <span class='ocr_line' id='line_1_112' title="bbox 2122 5597 3730 5681; baseline -0.001 -20"><span class='ocrx_word' id='word_1_846' title='bbox 2122 5626 2206 5662; x_wconf 91' lang='grc' dir='ltr'><strong>τοι</strong></span> <span class='ocrx_word' id='word_1_847' title='bbox 2252 5610 2350 5662; x_wconf 79' lang='grc' dir='ltr'>καὶ</span> <span class='ocrx_word' id='word_1_848' title='bbox 2391 5597 2611 5681; x_wconf 73' lang='grc' dir='ltr'>ἀμφοῑιῖ</span> <span class='ocrx_word' id='word_1_849' title='bbox 2643 5611 2743 5664; x_wconf 81' lang='grc' dir='ltr'>οὐκ</span> <span class='ocrx_word' id='word_1_850' title='bbox 2785 5609 3004 5677; x_wconf 78' lang='grc' dir='ltr'>ἀπαθὴς</span> <span class='ocrx_word' id='word_1_851' title='bbox 3046 5611 3393 5665; x_wconf 74' lang='grc' dir='ltr'>παντάπασιν</span> <span class='ocrx_word' id='word_1_852' title='bbox 3430 5597 3558 5655; x_wconf 82' lang='grc' dir='ltr'>οὖσά</span> <span class='ocrx_word' id='word_1_853' title='bbox 3599 5604 3681 5681; x_wconf 22' lang='grc' dir='ltr'><strong>μομι</strong></span> <span class='ocrx_word' id='word_1_854' title='bbox 3718 5612 3730 5623; x_wconf 72' lang='grc'>⁸</span> 
     </span>
    </p>
   </div>
   <div class='ocr_carea' id='block_1_113' title="bbox 2126 5678 3685 5774">
    <p class='ocr_par' dir='ltr' id='par_1_113' title="bbox 2126 5678 3685 5774">
     <span class='ocr_line' id='line_1_113' title="bbox 2126 5678 3685 5774; baseline -0.01 -20"><span class='ocrx_word' id='word_1_855' title='bbox 2126 5703 2380 5769; x_wconf 82' lang='grc' dir='ltr'>φαίνεται</span> <span class='ocrx_word' id='word_1_856' title='bbox 2403 5678 2571 5757; x_wconf 19' lang='grc' dir='ltr'>’νούδὲ</span> <span class='ocrx_word' id='word_1_857' title='bbox 2611 5705 2718 5774; x_wconf 87' lang='grc' dir='ltr'><strong>γὰρ</strong></span> <span class='ocrx_word' id='word_1_858' title='bbox 2753 5703 2839 5757; x_wconf 72' lang='grc' dir='ltr'>ἀεὶ</span> <span class='ocrx_word' id='word_1_859' title='bbox 2871 5703 3136 5767; x_wconf 81' lang='grc' dir='ltr'>ὡσαύτως</span> <span class='ocrx_word' id='word_1_860' title='bbox 3168 5703 3401 5774; x_wconf 70' lang='grc' dir='ltr'>ἔχουσα,</span> <span class='ocrx_word' id='word_1_861' title='bbox 3433 5692 3523 5748; x_wconf 77' lang='grc' dir='ltr'>καὶ</span> <span class='ocrx_word' id='word_1_862' title='bbox 3553 5678 3685 5740; x_wconf 79' lang='grc' dir='ltr'>κατᾶ</span> 
     </span>
    </p>
   </div>
   <div class='ocr_carea' id='block_1_114' title="bbox 2122 5844 3477 5915">
    <p class='ocr_par' dir='ltr' id='par_1_114' title="bbox 2122 5844 3477 5915">
     <span class='ocr_line' id='line_1_114' title="bbox 2122 5844 3477 5915; baseline -0.006 -16"><span class='ocrx_word' id='word_1_863' title='bbox 2122 5846 2211 5899; x_wconf 70' lang='grc'><strong>28.</strong></span> <span class='ocrx_word' id='word_1_864' title='bbox 2242 5844 2306 5898; x_wconf 81' lang='lat' dir='ltr'><strong>In</strong></span> <span class='ocrx_word' id='word_1_865' title='bbox 2329 5849 2441 5915; x_wconf 79' lang='lat' dir='ltr'><strong>ipso</strong></span> <span class='ocrx_word' id='word_1_866' title='bbox 2462 5849 2597 5900; x_wconf 75' lang='lat' dir='ltr'><strong>enim</strong></span> <span class='ocrx_word' id='word_1_867' title='bbox 2631 5848 2875 5913; x_wconf 79' lang='lat' dir='ltr'><strong>vivimus,</strong></span> <span class='ocrx_word' id='word_1_868' title='bbox 2906 5864 3174 5903; x_wconf 78' lang='lat' dir='ltr'><strong>moremur</strong></span> <span class='ocrx_word' id='word_1_869' title='bbox 3200 5858 3249 5903; x_wconf 83' lang='lat' dir='ltr'><strong>et</strong></span> <span class='ocrx_word' id='word_1_870' title='bbox 3279 5854 3477 5903; x_wconf 64' lang='lat' dir='ltr'><strong>manus.</strong></span> 
     </span>
    </p>
   </div>
   <div class='ocr_carea' id='block_1_115' title="bbox 2203 5917 3060 5989">
    <p class='ocr_par' dir='ltr' id='par_1_115' title="bbox 2203 5917 3060 5989">
     <span class='ocr_line' id='line_1_115' title="bbox 2203 5917 3060 5989; baseline 0.002 -20"><span class='ocrx_word' id='word_1_871' title='bbox 2203 5918 2279 5979; x_wconf 71' lang='grc'><strong>(4)</strong></span> <span class='ocrx_word' id='word_1_872' title='bbox 2304 5917 2441 5989; x_wconf 64' lang='lat' dir='ltr'><strong>Cod.</strong></span> <span class='ocrx_word' id='word_1_873' title='bbox 2469 5919 2640 5972; x_wconf 83' lang='lat' dir='ltr'><strong>Coisl.</strong></span> <span class='ocrx_word' id='word_1_874' title='bbox 2670 5936 2731 5987; x_wconf 89' lang='grc' dir='ltr'><strong>γε</strong></span> <span class='ocrx_word' id='word_1_875' title='bbox 2772 5921 3060 5989; x_wconf 78' lang='grc' dir='ltr'>κρατήσει.</span> 
     </span>
    </p>
   </div>
   <div class='ocr_carea' id='block_1_116' title="bbox 2198 5986 3494 6060">
    <p class='ocr_par' dir='ltr' id='par_1_116' title="bbox 2198 5986 3494 6060">
     <span class='ocr_line' id='line_1_116' title="bbox 2198 5986 3494 6060; baseline -0.01 -14"><span class='ocrx_word' id='word_1_876' title='bbox 2198 5989 2277 6053; x_wconf 62' lang='grc'><strong>(5)</strong></span> <span class='ocrx_word' id='word_1_877' title='bbox 2310 5986 2398 6045; x_wconf 80' lang='lat' dir='ltr'><strong>Sic</strong></span> <span class='ocrx_word' id='word_1_878' title='bbox 2430 5989 2643 6045; x_wconf 75' lang='lat' dir='ltr'><strong>correxi</strong></span> <span class='ocrx_word' id='word_1_879' title='bbox 2673 6008 2694 6041; x_wconf 92' lang='lat'><strong>-:</strong></span> <span class='ocrx_word' id='word_1_880' title='bbox 2723 5993 2772 6044; x_wconf 90' lang='lat' dir='ltr'><strong>in</strong></span> <span class='ocrx_word' id='word_1_881' title='bbox 2807 5986 3159 6060; x_wconf 73' lang='lat' dir='ltr'><strong>inss.lrgitur</strong></span> <span class='ocrx_word' id='word_1_882' title='bbox 3182 5987 3494 6044; x_wconf 65' lang='grc' dir='ltr'>τῶνόντων.</span> 
     </span>
    </p>
   </div>
  </div>
