3972 6518
367 450 472 519 ιιι
907 451 911 456 ’
1533 463 1934 527 MANUELIS
1975 448 2423 527 PALAECLOGI
3558 459 3663 524 152

352 570 571 637 plicem,
601 584 852 639 quaenam
893 572 965 628 sit
1014 573 1357 644 singulorum
1409 577 1804 636 elementorum
1847 598 1937 635 na-

2051 587 2273 653 μακράν
2310 582 2560 652 ἀλλήλων
2598 584 2663 653 τῇ
2712 582 2875 651 φύσει
2917 580 3269 653 διεστηκότα.
3319 580 3410 645 είς
3452 580 3663 635 ταυτὸν

353 661 520 715 tura?
557 664 838 733 quomodo
864 665 1002 730 haec,
1034 667 1248 721 etiamsi
1290 680 1531 738 pugnent
1554 670 1696 725 inter
1734 687 1813 736 se,
1844 688 1937 728 na~

2045 673 2369 745 συνέρχεται
2396 690 2534 737 πως,
2560 674 2655 727 καὶ
2681 673 3013 743 γειτνιάζει;
3041 675 3137 728 καὶ
3157 675 3230 728 τὰ
3262 673 3372 743 μὲν
3399 674 3661 743 ἀμέσως,

352 759 583 821 turaque
618 755 781 824 longe
807 755 1141 821 discrepent,
1178 757 1230 811 in
1251 759 1388 812 idem
1408 766 1588 814 tamen
1609 747 1941 816 conveniant

353 845 784 913 quodammodo,
831 848 1121 918 vicinaque
1160 850 1315 905 sint?
1362 852 1476 908 alia
1497 852 1720 922 quidem
1752 855 1941 908 immea

349 936 515 1000 diale,
550 946 607 989 ut
644 937 713 990 ita
751 939 950 1003 dicam,
985 940 1407 1012 quibuscunque
1438 944 1691 998 videlicet
1735 954 1941 1014 cogna-

354 1026 430 1078 tiu
456 1027 705 1096 quadam
741 1038 795 1084 et
830 1033 1042 1085 occulta
1077 1033 1335 1086 Mentitus
1368 1033 1551 1087 inest?
1578 1035 1684 1089 alia
1711 1037 1942 1091 mediam

351 1133 413 1171 ea
440 1119 584 1184 dico,
619 1136 743 1189 qum
777 1122 976 1176 divorsi
1009 1128 1235 1178 omnino
1262 1135 1391 1180 sunt
1422 1126 1665 1195 generis,
1701 1137 1754 1180 et
1783 1143 1942 1197 pror-

351 1225 447 1264 sus
479 1211 704 1266 aliena?
735 1228 856 1283 quae
890 1225 1067 1270 tamen
1102 1218 1364 1272 similium
1397 1219 1726 1283 qualitatum
1770 1221 1944 1274 inter-

350 1313 517 1356 ventu
554 1304 804 1371 latenter,
838 1317 896 1361 ut
919 1309 1188 1377 quispiam
1223 1310 1444 1379 dixerit,
1468 1322 1523 1365 et
1551 1313 1768 1367 occulte
1798 1312 1943 1368 inter

355 1410 417 1448 se
447 1397 871 1452 reconciliantur
902 1416 916 1452 :
947 1401 1089 1453 unde
1123 1400 1339 1471 singula
1376 1402 1625 1474 singulis,
1670 1404 1817 1474 quod
1858 1412 1943 1460 est

351 1486 497 1540 dictu
535 1488 803 1555 mirabile,
845 1494 1182 1548 contrariam
1238 1494 1373 1564 ipsis
1407 1505 1661 1551 naturam
1692 1510 1941 1552 commu-

353 1579 561 1645 nicant,
605 1584 1163 1656 commistionemque
1208 1595 1263 1642 et
1302 1578 1568 1642 unitatem
1619 1604 1744 1644 cum
1774 1589 1940 1646 dissi-

2043 767 2190 829 ὅσοις
2232 764 2477 835 δηλονότι
2520 764 2818 832 συγγένειά
2853 780 2938 828 τις
2981 765 3180 829 ἔνεστι,
3229 763 3333 817 καὶ
3376 763 3662 834 ταυτότης

2043 855 2511 927 ὲγκεκρυμμένη;
2547 856 2615 909 τὰ
2656 857 2703 910 δ’
2731 850 2797 911 αὖ
2836 857 3124 928 ὲμμέσως,
3160 856 3319 925 λέγω
3357 855 3420 910 δὲ
3457 856 3559 909 νῦν
3591 856 3662 911 τὰ

2044 949 2221 1017 πάντη
2264 947 2475 1017 ἔκφυλα
2517 962 2576 1001 τε
2622 947 2700 1018 (l)
2744 950 2842 1002 καὶ
2880 946 3169 1019 ἀλλότρια;
3215 946 3257 1003 ἃ.
3292 946 3413 1001 τῶν
3449 945 3664 1015 ὁμοίων

2045 1038 2451 1108 μεσιτεύουσῶν
2479 1040 2810 1109 ἀμφοτέροις
2843 1041 3172 1111 ποιοτήτων,
3204 1037 3559 1111 λεληθότως,
3586 1037 3664 1102 ὡς

2043 1131 2108 1185 ἄν
2136 1148 2222 1193 τις
2250 1132 2396 1185 εἴποι
2421 1172 2436 1196 ,
2470 1132 2567 1184 καὶ
2599 1131 2850 1202 κρυφίως
2876 1130 3325 1185 καταλλάττεται
3353 1146 3371 1163 ο
3404 1132 3508 1191 καὶ
3542 1147 3665 1183 κοι-

2042 1223 2205 1275 νωνεῖ
2238 1222 2473 1275 ἕκαστον
2508 1222 2727 1292 ἑκάστῳ
2780 1221 2884 1291 τῆς
2932 1221 3187 1285 ἐναντίας
3231 1219 3395 1290 αὐτῷ
3438 1218 3666 1288 φύσεως

2042 1310 2336 1383 θαυμασίῳ
2367 1313 2578 1384 τρόπῳ,
2611 1306 2709 1366 καὶ
2746 1313 3110 1384 μεταδίδωσιν
3139 1312 3342 1384 ἡρέμα
3378 1310 3487 1382 τῆς
3520 1311 3667 1381 πρὸς

2040 1404 2110 1458 τὰ
2138 1405 2369 1474 ἀνόμοια
2399 1404 2758 1475 συγκράσεὼς
2784 1422 2843 1459 τε
2871 1406 2967 1459 καὶ
2993 1405 3250 1469 ἑνὼσεως
3267 1447 3283 1472 ,
3312 1403 3344 1458 δ
3372 1403 3442 1476 δὴ
3473 1404 3664 1458 πᾶσαν

2040 1494 2323 1565 θαύματος
2353 1495 2663 1565 ὑπερϐολὴν
2693 1496 2826 1550 εἴσω
2855 1496 3167 1551 πίπτουσαν
3199 1494 3524 1568 ἀποφαίνει
3543 1535 3558 1559 ,
3593 1496 3661 1565 τῇ

2044 1585 2278 1658 δοκούσῃ
2308 1570 2588 1656 ἀνισδτητι
2619 1586 2816 1659 εῠηχὸν
2849 1606 2972 1642 τινα
3002 1587 3283 1659 ἁρμονίαν
3317 1585 3660 1651 ἀποτελοῦν,

329 1670 573 1746 _milibus
627 1674 855 1743 iaciunt,
899 1680 1044 1747 quod
1099 1695 1319 1734 onmem
1368 1681 1550 1736 hercle
1594 1681 1940 1737 admirabili-

350 1765 804 1823 tatis‘excessum
854 1780 1078 1841 superat
1116 1789 1130 1825 :
1175 1773 1447 1843 siquidem
1486 1773 1540 1828 id
1589 1775 1938 1830 dissimilitu-

353 1857 503 1913 (linis
543 1861 730 1930 specie
781 1863 998 1918 dulcem
1042 1862 1348 1932 quemdam
1377 1877 1702 1923 concentum
1754 1867 1937 1935 cilicii,

2043 1677 2140 1730 καὶ
2171 1678 2273 1731 οὐκ
2305 1678 2474 1745 ἀξίως
2506 1679 2814 1750 δυναμένην
2847 1679 3256 1747 θαυμάζεσθαι.
3292 1677 3533 1733 Τούτων
3562 1676 3659 1731 οὖν

2042 1768 2136 1822 τὸν
2168 1769 2331 1837 λόγον
2363 1770 2458 1824 νῦν
2491 1772 2784 1836 aiuntsic;
2819 1771 2852 1842 ἢ
2896 1773 3140 1835 ἐκεῖνον,
3179 1769 3318 1825 καθ’
3345 1770 3410 1825 δν
3443 1769 3476 1823 δ
3516 1770 3658 1825 πάν-

2041 1877 2151 1912 των
2179 1859 2513 1931 δημιουργὸς
2546 1865 2610 1915 ἐκ
2639 1862 2736 1916 τοῦ
2772 1861 2847 1934 μὴ
2879 1861 3034 1926 ὄντος
3059 1860 3237 1916 ταῦτα
3275 1861 3657 1934 παρήγαγεν;

350 1962 513 2012 quem
550 1965 715 2004 nemo
748 1967 849 2021 pro
890 1956 969 2008 rei
1003 1956 1269 2027 dignitate
1296 1958 1430 2013 satis
1457 1959 1632 2029 possit
1656 1958 1937 2014 admirari.

2045 1952 2078 2023 ἢ
2106 1953 2199 2006 τὸν
2229 1953 2548 2025 ἱστοροῦντα
2577 1955 2786 2010 τούτων
2815 1957 2916 2025 τὴν
2952 1955 3193 2026 ποίησιν,
3225 1955 3329 2009 καὶ
3363 1954 3528 2008 ποῖον
3558 1952 3658 2023 μὲν

347 2038 490 2094 Νιιιιι
524 2040 692 2112 igitur
738 2044 934 2101 borum
973 2048 1090 2113 tibi,
1117 2047 1339 2119 hospes,
1371 2052 1641 2106 rationem
1665 2052 1930 2122 explicari

2045 2045 2281 2116 πρῶτον,
2321 2049 2475 2100 ποῖον
2517 2047 2575 2100 δὲ
2621 2048 2809 2116 μέσον,
2856 2050 3012 2101 ποῖον
3056 2047 3102 2100 δ’
3130 2046 3378 2101 ὕστατον
3425 2046 3654 2114 γέγονες

349 2147 497 2189 nunc
528 2138 773 2205 postulas
799 2139 822 2192 ?
851 2140 933 2194 vel
962 2157 1102 2206 eam,
1130 2158 1242 2213 qua
1290 2145 1504 2199 ratione
1543 2145 1727 2214 opifex
1758 2145 1932 2199 aedil‘h

2045 2138 2156 2191 Καὶ
2180 2136 2263 2202 ὃς,
2291 2139 2396 2192 Τὸν
2423 2140 2603 2209 τρίτον
2621 2138 2805 2208 οἶμαι,
2832 2142 2959 2212 ἔφη,
2984 2143 3076 2195 τὸν
3102 2141 3330 2211 πατέρα
3364 2140 3651 2195 ἀπαιτεῖν.

346 2233 615 2296 calorque
640 2229 888 2282 omnium
928 2229 1066 2285 Dens
1099 2244 1163 2285 ex
1207 2232 1379 2286 nihilo
1412 2232 1529 2288 haec
1558 2233 1876 2303 produxerit
1912 2232 1935 2285 ?

2045 2225 2119 2284 Ού
2154 2230 2487 2300 συνθεμένου
2520 2232 2598 2303 τῷ
2632 2233 2822 2301 παιδὶ,
2856 2234 2954 2288 καὶ
2984 2234 3443 2305 ὁμολογήσαντος
3464 2273 3481 2299 ,
3515 2230 3654 2302 ἔφην

348 2318 429 2373 vel
461 2334 610 2383 eam,
646 2337 768 2391 qum
799 2325 992 2379 laurum
1027 2327 1274 2380 otunium
1313 2326 1647 2381 creationem
1689 2336 1931 2391 enarret,
2043 2323 2155 2392 ἐγώ
2178 2338 2192 2352 ·

344 2415 556 2486 etquid
604 2418 862 2487 primum,
905 2422 1038 2490 quid
1076 2423 1341 2489 medium,
1374 2423 1503 2492 quid
1538 2422 1792 2478 ultimum
1827 2421 2031 2477 factum
2065 2419 2267 2479 fuerit?
2295 2425 2447 2480 istuc
2471 2424 2697 2480 tertium
2766 2424 2985 2495 opinor,
3051 2422 3261 2493 inquit,
3314 2430 3487 2493 pater
3554 2431 3654 2474 ex-

343 2512 501 2580 petit.
533 2513 634 2580 Qui
672 2532 796 2570 cum
838 2517 932 2572 lilii
955 2518 1168 2574 dictum
1194 2534 1427 2575 assensu
1456 2535 1558 2575 suo
1582 2521 2020 2589 comprobasset,
2048 2531 2166 2601 tum
2197 2539 2327 2596 ergo
2364 2538 2557 2579 rursus
2590 2521 2665 2575 ita
2698 2536 2819 2575 sum
2855 2534 3090 2575 exorsus
3119 2519 3356 2574 dicere:

411 2608 469 2662 2.
519 2607 747 2664 [tectum
786 2612 1006 2680 quidem
1060 2628 1180 2668 mea
1234 2613 1531 2678 sententia,
1578 2615 1771 2683 optimi
1811 2614 1935 2679 viri,

2121 2616 2189 2687 β’.
2224 2616 2298 2672 Εὖ
2329 2634 2418 2687 μοι
2446 2613 2834 2685 βεϐουλεῦσθαι
2860 2614 3091 2679 δοκεῖτε,
3123 2612 3268 2682 πρὸς
3296 2611 3363 2664 τὸ
3396 2608 3475 2680 μὴ
3504 2602 3648 2661 πᾶνυ

340 2702 636 2758 consilium
668 2703 896 2770 iniistis,
940 2705 1088 2774 quod
1120 2704 1428 2762 inclinastis
1458 2705 1524 2759 ad
1557 2707 1631 2771 id,
1655 2705 1802 2775 quod
1829 2719 1936 2759 non

2045 2709 2283 2779 χαλεπὸν
2306 2709 2339 2780 ἢ
2371 2707 2634 2761 ἀδύνατον
2659 2708 2955 2769 νεύσαντες
2980 2719 2994 2733 ·
3025 2704 3135 2758 τῶν
3164 2704 3273 2773 μὲν
3300 2703 3416 2771 γὰρ
3446 2699 3647 2771 προτέ-

342 2794 667 2864 perdillicile
733 2805 840 2857 est,
878 2796 961 2850 vel
999 2796 1226 2851 omnino
1255 2808 1411 2852 extra
1466 2796 1784 2852 lacultatem
1834 2811 1936 2851 no-

2046 2819 2158 2871 ρων
2198 2801 2531 2872 ζητημάτων
2569 2801 2597 2852 ὀ
2639 2799 2798 2868 λόγος
2846 2796 3015 2861 πολὺς
3058 2794 3127 2850 ἂν
3164 2794 3284 2864 εἴη,
3328 2796 3429 2849 καὶ
3474 2792 3647 2847 πολλά

342 2898 516 2943 εει-ατη
542 2887 783 2955 positum
818 2890 1027 2943 :multo
1055 2889 1201 2944 enim
1232 2891 1416 2945 hercle
1441 2903 1695 2944 sermone
1722 2888 1935 2958 indige-

2045 2892 2303 2963 παρέχων
2334 2893 2466 2962 ήμῖν
2499 2891 2823 2962 πράγματα,
2843 2888 3173 2958 φιλοσόφων,
3215 2887 3320 2940 καὶ
3351 2885 3645 2955 γλώττης,

342 2987 430 3034 rct
504 2979 754 3049 priorum
806 2982 1171 3050 quaestionum
1212 2981 1529 3052 explicatio,
1586 2980 1936 3052 multumque

2045 2988 2136 3041 καί
2164 2988 2337 3055 ἀκοῆς
2366 2986 2641 3056 δεόμενος.
2672 2985 2847 3053 Λόγον
2876 2984 2937 3038 δὲ
2965 2982 3130 3036 πάλιν
3160 2980 3407 3044 ἐκεῖνον,
3440 2976 3565 3033 καθ’
3586 2976 3644 3031 δν

342 3069 504 3126 nobis
541 3070 842 3131 facesseret
874 3075 1099 3143 negotii,
1137 3073 1593 3145 philosophorum
1634 3072 1799 3149 etiam
1828 3072 1935 3127 lin-

2045 3079 2220 3132 πάντα
2252 3077 2581 3147 παρήγαγεν
2608 3079 2636 3130 ὁ
2661 3076 2816 3144 Θεὸς,
2845 3076 2939 3129 καὶ
2967 3064 3183 3143 σοφίαν,
3286 3073 3468 3127 ταῦτα
3495 3070 3645 3139 δεδη-

341 3179 450 3234 gua
477 3173 531 3220 et
560 3165 752 3221 auditu
798 3181 938 3236 opus
970 3169 1209 3223 haberet.
1250 3166 1395 3221 Illam
1427 3181 1593 3236 porro
1638 3167 1930 3230 rationem,

2045 3170 2411 3240 μιούργηκεν,
2450 3170 2617 3233 αὐτὸς
2671 3169 2740 3223 ἂν
2786 3168 2947 3238 μόνος
2992 3164 3162 3235 εἰδείη
3191 3183 3207 3198 ο
3252 3167 3393 3235 ήμϊν
3434 3162 3493 3215 δὲ
3535 3160 3642 3227 ἄρα

341 3274 451 3328 qua
486 3258 602 3313 hare
628 3260 813 3315 omnia
848 3262 1167 3330 produxerit
1198 3261 1361 3324 Deus.
1407 3262 1844 3332 sapientiamque
1874 3262 1937 3315 il-

2045 3262 2157 3316 τόδε
2189 3262 2388 3325 παντὸς
2424 3262 2624 3332 μᾶλλον
2654 3260 2944 3314 ἀδύνατον.
2978 3259 3052 3312 Οὐ
3085 3256 3191 3328 γὰρ
3223 3254 3375 3310 οἶδεν
3407 3257 3442 3327 ἡ
3469 3253 3638 3318 οίκία,

340 3350 474 3416 lam,
502 3366 610 3420 qua
632 3353 953 3408 universum
985 3355 1131 3409 hunc
1159 3355 1422 3409 mundum
1447 3354 1749 3417 aedilicarit,
1784 3354 1936 3408 stilus

2045 3356 2146 3409 οὐδ’
2172 3357 2206 3427 ὴ
2242 3355 2404 3419 ναῦς,
2440 3354 2539 3425 τὴν
2571 3353 2769 3423 τέχνην
2789 3391 2804 3416 ,
2907 3351 3100 3418 γέγονε
3128 3366 3142 3381 ο
3177 3348 3369 3403 καίτοι
3403 3348 3500 3400 καὶ
3529 3346 3645 3414 an-

339 3442 462 3513 ipse
489 3445 704 3499 noverit
738 3461 752 3498 :
791 3459 891 3500 nec
921 3448 1220 3516 quidquam
1254 3456 1338 3501 est
1369 3445 1639 3517 proiecto,
1674 3449 1835 3519 cujus
1880 3448 1934 3513 in

2045 3449 2247 3517 tpdrspat
2271 3448 2446 3502 ταῦτα
2493 3444 2654 3499 τοῦτο
2683 3446 2717 3515 ἢ
2748 3446 2926 3498 ἐκεῖνο
2956 3444 3015 3497 τὸ
3043 3437 3182 3504 εἶδος
3211 3443 3387 3510 μόνον
3419 3438 3502 3508 (οὐ
3535 3436 3639 3508 μὴν

343 3536 714 3605 cognitionem
752 3539 1010 3593 devenire
1040 3538 1222 3593 minus
1251 3538 1551 3609 possimus.
1586 3537 1729 3605 Quid
1761 3537 1936 3609 enim?

340 3628 568 3684 uovitne
589 3628 816 3697 domus,
845 3630 1074 3685 novitne
1104 3630 1262 3686 navis
1292 3637 1491 3696 artem,
1519 3644 1624 3700 qua
1658 3631 1801 3685 facta
1829 3630 1937 3686 est?

302 3766 311 3771 _
341 3721 409 3776 Et
442 3729 625 3775 tamen
647 3721 822 3778 amlm
842 3722 980 3777 nihil
1012 3730 1209 3791 praeter
1239 3723 1378 3777 hanc
1415 3723 1500 3778 vel
1530 3722 1675 3778 illam
1702 3722 1934 3778 formam

339 3813 478 3883 (non
505 3822 787 3883 acceptam
828 3813 985 3869 initio
1016 3813 1547 3880 exsisteutiam,non
1573 3823 1798 3880 statum,
1824 3828 1933 3869 non

341 3905 859 3976 conservationem)
902 3920 1067 3960 manu
1092 3905 1539 3978 cogitationequ
1566 3916 1754 3963 nostra
1781 3920 1939 3962 acce-

328 3991 562 4069 'perunt.
598 3998 743 4054 Deus
770 4006 983 4064 autem,
1017 3998 1159 4068 quod
1197 4002 1383 4055 omnia
1415 4014 1482 4057 ex
1530 4000 1703 4055 nihilo
1734 3999 1939 4071 produ-

341 4089 445 4153 xit,
477 4098 533 4145 et
565 4089 621 4144 iu
665 4103 849 4145 rerum
891 4098 1087 4143 natura
1139 4097 1456 4156 conservat,
1505 4103 1617 4146 non
1664 4090 1934 4144 minorem

340 4179 471 4236 inde
490 4179 915 4237 admirationem
942 4189 1144 4245 movet,
1162 4195 1325 4250 quam
1350 4180 1474 4250 quia
1497 4178 1792 4250 quamdam
1814 4178 1939 4233 sine

342 4274 455 4330 ulla
502 4273 712 4343 specie,
757 4283 928 4342 atque
971 4284 1255 4328 carentem
1306 4272 1572 4343 qualitate
1624 4269 1935 4337 materiam,

341 4374 494 4422 certa
519 4365 708 4436 aliqua
741 4364 920 4420 forma
950 4366 1232 4435 posterius
1263 4365 1569 4435 insignivit.
1598 4362 1687 4429 Et,
1733 4363 1781 4420 si
1837 4377 1938 4419 no-

342 4474 459 4517 stra
492 4475 604 4516 non
640 4459 1050 4532 cognoscimus,
1071 4461 1247 4517 aliena
1263 4460 1541 4529 quomodo
1572 4468 1721 4513 recte
1745 4472 1937 4513 nosce-

340 4554 567 4617 remus?
599 4551 707 4609 Sed
737 4561 922 4608 tamen
953 4552 1057 4609 hoc
1085 4563 1237 4610 certo
1275 4554 1506 4614 scimus,
1547 4550 1796 4606 divinum
1825 4548 1935 4603 Nu-

342 4660 469 4700 men
516 4643 587 4700 ob
607 4644 783 4701 solam
815 4643 1114 4700 bonitatem
1164 4658 1323 4700 suam
1366 4642 1593 4714 angelos
1636 4641 1932 4707 creavisse,

340 4751 675 4807 omnemque
705 4736 873 4791 alium
902 4737 1180 4801 ordinem,
1214 4736 1311 4806 qui
1333 4744 1531 4790 natura
1560 4733 1832 4789 sentiente
1856 4742 1937 4789 te-

2043 3543 2139 3596 καὶ
2163 3540 2225 3595 τὸ
2248 3540 2348 3612 τὴν
2379 3540 2554 3612 ἀρχὴν
2583 3539 2889 3605 ὑποστῆναι
2913 3579 2929 3604 ,
2956 3536 3053 3590 καὶ
3080 3532 3482 3605 συντηρὲῖσθαι
3499 3570 3516 3597 ,
3545 3528 3640 3582 καὶ

2042 3632 2432 3704 διασώζεσθαι)
2466 3632 2620 3704 παρὰ
2648 3631 2746 3702 τῆς
2774 3632 3056 3702 ἡμετέρας
3085 3628 3282 3699 χειρός
3308 3644 3372 3680 τε
3402 3625 3501 3680 καὶ
3527 3622 3642 3677 δια·

2045 3724 2196 3788 νοίας
2231 3725 2504 3794 ἀπείληφε
2527 3739 2543 3754 α
2576 3722 2709 3785 Θεὸς
2747 3721 2806 3774 δὲ
2842 3721 3025 3774 πάντα
3057 3714 3414 3787 παραγαγὼν
3447 3712 3505 3779 ἐξ
3537 3710 3633 3763 οὐκ

2042 3817 2235 3880 ὄντων,
2270 3815 2364 3870 καὶ
2405 3813 2691 3884 συντηρῶν
2724 3813 2785 3866 ὲν
2818 3811 2898 3882 τῷ
2934 3804 3098 3873 εἶναι,
3136 3807 3238 3877 οὐχ
3274 3799 3442 3878 ἧττόν
3476 3817 3540 3871 γε
3575 3802 3637 3854 ὲκ

2044 3907 2240 3961 τούτου
2283 3906 2665 3976 θαυμάζεται,
2700 3904 2733 3974 ἢ
2780 3902 2891 3957 ἀπὸ
2923 3900 3019 3955 τοῦ
3053 3899 3152 3971 ’τὴν
3187 3897 3436 3950 ἀνείδεον
3467 3893 3632 3961 ῦλην,

2043 4000 2113 4071 ἢν
2137 4000 2504 4070 ὑπεστήσατο,
2532 3996 2876 4067 είδοποιῆσαι
2905 3980 3400 4065 μεταγενέστερον.
3429 3984 3560 4051 Καὶ,
3588 3981 3637 4035 εἰ

2042 4090 2113 4145 τά
2151 4090 2450 4159 καθ’ήμᾶς
2491 4088 2552 4142 οῦ
2591 4084 2962 4156 γινώσκομεν,
3005 4083 3124 4146 πῶς
3163 4081 3229 4135 ἃν
3276 4079 3463 4142 καλῶς
3506 4071 3636 4145 περὶ

2043 4182 2155 4236 τῶν
2185 4182 2360 4238 ἄλλων
2387 4181 2553 4250 εἰδείη
2565 4197 2701 4249 μεν;
2736 4178 2887 4248 mm
2912 4193 2975 4247 γε
3001 4173 3164 4231 τοῦτο
3191 4173 3403 4236 παντὸς
3435 4168 3634 4242 μᾶλλον

2045 4278 2228 4347 ῐσμεν,
2282 4276 2357 4337 ὡς
2406 4273 2477 4327 δι’
2502 4273 2817 4342 ἀγαθότητα
2867 4270 3036 4342 μόνην
3077 4268 3209 4332 τούς
3251 4284 3317 4323 τε
3366 4262 3634 4334 ἀγγέλους

2044 4365 2539 4437 προϋπεστήσατο,
2570 4366 2667 4417 καὶ
2697 4363 2882 4415 πᾶσαν
2911 4361 3080 4430 ἀλλην
3107 4358 3480 4426 διακόσμησιν
3509 4365 3633 4419 νοη-

2041 4463 2184 4530 τήν·
2229 4453 2351 4512 εἶτα
2393 4457 2491 4512 καὶ
2527 4456 2687 4528 τήνδε
2729 4456 2829 4528 τὴν
2871 4453 3164 4526 ὁρωμένην
3205 4446 3507 4523 παρήγαγέ
3544 4457 3626 4507 τε»

2044 4551 2142 4606 καὶ
2175 4551 2514 4619 εἰδοποίησε,
2543 4551 2640 4602 καὶ
2670 4550 2922 4620 προνοεῖ,
2955 4548 3050 4602 καὶ
3084 4540 3307 4614 συνέχει
3335 4542 3518 4596 πάντα
3541 4535 3628 4590 δε·

2045 4645 2201 4715 σμοῖς
2241 4642 2425 4713 φιλίας
2462 4642 2728 4715 ἀρῥήτοις
2770 4640 2872 4712 (2),
2913 4641 3010 4693 καὶ
3049 4636 3324 4709 συμφυῖᾳ,
3361 4633 3520 4701 λόγον
3552 4642 3626 4681 νι-

2044 4736 2197 4807 κώσῃ
2223 4739 2316 4788 καὶ
2341 4732 2468 4788 νοῦν
2490 4732 2854 4804 ἀνθρώπειον.
2881 4732 3146 4787 Λείπεται
3166 4728 3350 4783 τοίνυν
3374 4721 3623 4795 φράζειν.

341 4840 539 4886 neatur
573 4846 587 4884 :
620 4828 819 4885 deinde
841 4830 1011 4897 hunc,
1033 4843 1198 4898 quem
1223 4828 1490 4893 videmus,
1514 4826 1776 4882 mundum
1806 4840 1934 4897 pro-

2045 4818 2183 4900 ᾗτινι
2235 4826 2408 4885 ταῦτα
2432 4823 2587 4888 τάξει
2613 4822 3101 4895 δεδημιούργηται.
3128 4818 3199 4875 “ll
3259 4816 3377 4880 πῶς
3408 4813 3621 4900 λέγετξς

342 4925 590 4991 duxisse,
623 4934 887 4996 certaque
912 4924 1098 4996 specie
1123 4938 1189 4979 ac
1213 4921 1388 4977 forma
1408 4921 1723 4986 decorasse,
1750 4921 1938 4992 provi-

341 5018 638 5088 dentiaque
659 5033 758 5075 sua
779 5018 959 5074 adhuc
980 5029 1313 5073 conservare
1334 5017 1670 5085 aeternisque
1695 5028 1936 5070 concor-

2055 4896 2220 4974 ίΑλλά
2250 4915 2430 4983 τοῦτο,
2463 4915 2673 4985 ἔφασαν
2701 4915 2836 4983 οἵδε,
2867 4915 3005 4978 τέως
3035 4913 3367 4980 ἀκούσωμεν
3391 4922 3409 4938 ⁸
3438 4902 3536 4973 τὴν
3567 4896 3621 4950 δὲ

2048 5013 2159 5068 τῶν
2174 5012 2334 5083 εύπὲρ
2362 5011 2511 5081 ἡμᾶς
2535 5008 2739 5077 γνῶσιν
2763 5009 2881 5078 Θεῷ
2906 5007 3319 5076 καταλίπωμεν.

341 5113 447 5170 dim
475 5114 733 5183 vinculis,
776 5113 1127 5184 naturalique
1146 5110 1556 5180 conjunctione,
1581 5103 1701 5182 qua:
1719 5126 1882 5182 supra
1899 5125 2118 5166 omnem
2145 5108 2429 5164 hominum
2451 5106 2720 5161 rationem
2744 5114 3080 5175 captumque
3104 5101 3343 5172 putanda
3365 5105 3469 5158 est.
3490 5104 3623 5147 cnn-

341 5219 427 5264 rta
450 5212 752 5265 continere.
771 5208 1063 5277 Reliquum
1086 5215 1171 5260 est
1188 5205 1375 5275 igitur,
1398 5214 1461 5261 ut
1486 5220 1595 5275 quo
1617 5205 1731 5259 ltwc
1755 5206 1948 5260 ordine
1972 5204 2235 5260 fabricata
2262 5201 2488 5265 l'uertnt,
2531 5199 2880 5270 eloquamur.
2904 5202 2984 5252 An
3026 5212 3132 5251 non
3164 5197 3317 5252 vobis
3357 5194 3432 5251 ita
3477 5184 3620 5287 vide-3-

343 5304 474 5361 tur?
499 5302 673 5361 Nobis
699 5300 921 5374 quidem
950 5300 1187 5364 videtur,
1213 5297 1733 5369 inquiebantjdque
1774 5298 1992 5353 interim
2020 5297 2311 5352 audiamus
2342 5312 2357 5347 :
2393 5307 2517 5363 qua
2549 5307 2679 5348 vero
2709 5306 2875 5362 supra
2904 5305 3004 5373 nos
3034 5298 3182 5354 sunt,
3209 5302 3395 5344 eorum
3437 5292 3619 5351 cognt'

344 5407 546 5461 tionem
583 5401 692 5457 Deo
720 5399 1118 5467 relinquamus.
1514 5468 1524 5479 '

416 5500 471 5553 5.
503 5496 708 5553 Verum
751 5495 820 5549 de
854 5492 986 5559 illis,
1023 5493 1273 5561 inquam,
1336 5491 1475 5548 nihil
1526 5501 1778 5547 nostrum
1831 5504 1931 5545 au-

343 5592 483 5647 dies.
530 5587 666 5643 Nam
691 5600 814 5657 qum
865 5584 1012 5642 Deus
1042 5583 1214 5657 Moysi
1279 5585 1568 5640 scribenda
1626 5583 1928 5647 mandaxit,

347 5682 465 5737 lucc
488 5676 714 5749 egotibi
753 5677 1014 5732 narrabo.
1041 5676 1291 5745 Quorum
1326 5675 1373 5731 si
1429 5675 1560 5746 quid
1609 5666 1766 5729 aliter
1813 5686 1937 5726 ores

230 5760 234 5765 ’
345 5772 514 5839 datis,
534 5771 710 5826 dicas.
734 5768 921 5840 Neque
946 5782 1128 5826 tamen
1163 5769 1297 5827 illud
1321 5770 1419 5825 abs
1440 5779 1493 5826 te
1520 5766 1761 5842 ignorari
1785 5766 1931 5830 volo,

419 5976 498 6050 (l)
530 5974 601 6029 Τε
626 5973 780 6030 deest
812 5973 864 6028 in
901 5972 1033 6045 Reg.

2111 5484 2183 5555 γ’.
2224 5484 2366 5539 Ἀλλ’
2393 5483 2547 5538 οὐδὲν
2564 5480 2777 5552 ἀκούσῃ
2802 5480 2934 5551 περὶ
2958 5488 3187 5545 τουτων,
3226 5474 3383 5547 ἔφην,
3418 5466 3613 5555 ημέτετ

2044 5550 2135 5650 90‘;
2157 5594 2170 5609 ’
2209 5576 2245 5632 δ’
2279 5579 2386 5647 γὰρ
2422 5576 2632 5644 Μωῦσῇ
2664 5550 2799 5636 Θεῦς
2837 5550 3142 5642 προσέταξε
3184 5565 3413 5638 γράψαι,
3444 5550 3612 5611 ταῦτά

2044 5691 2127 5727 σοι
2162 5671 2521 5742 διηγήσομαι.
2555 5668 2620 5720 El’
2649 5685 2702 5719 τι
2733 5665 2866 5736 γοῦν
2907 5665 3116 5717 τούτων
3156 5664 3284 5733 ὑμῖν
3320 5655 3489 5742 ἄλλως
3521 5662 3611 5742 ﬁt:

2045 5732 2326 5828 στεύεται,
2358 5732 2588 5831 (ppidum
2626 5732 2775 5828 Πλὴν
2820 5773 2879 5811 σε
2913 5732 3205 5826 γινώσκειν
3246 5747 3432 5811 ἐθέλω,
3460 5740 3532 5800 ὡς
3562 5732 3608 5786 οι

2116 5964 2192 6036 (Ξ)
2213 5963 2307 6019 Sic
2337 5962 2532 6027 ambo;
2573 5958 2713 6015 forte
2748 5956 3067 6027 ὰῤῥήκτυιςο

3888 2874 3894 2893 ι

3884 3404 3895 3449 ὲ

3884 3512 3895 3545 ι

3884 3604 3892 3635 ι

3887 3700 3894 3732 ι
