3972 6448
568 338 677 408 155

1763 360 2167 423 MANUELIS
2207 364 2665 462 PAL/EO-LQGI
2961 364 2966 368 ’
3037 371 3040 374 ’
3699 388 3784 454 156

548 461 621 513 mi
655 459 844 517 frater.
881 463 1062 521 Facile
1098 467 1242 524 enim
1279 469 1384 526 hoc
1424 471 1558 528 mihi
1584 479 1916 546 persuadeo,
1968 478 2131 548 Deus,

2245 459 2649 556 προαφὴρπασε
2698 488 2808 542 τῶν
2855 488 3048 546 δεινῶν
3075 505 3088 525 ⁸
3128 494 3178 547 εί
3221 494 3278 550 δέ
3316 513 3392 568 τῳ
3438 499 3602 569 φίλον,
3630 505 3788 573 λέγειν

551 567 676 605 cum
713 569 1036 623 przescntem
1069 558 1235 626 hanc,
1270 563 1385 617 sive
1436 565 1598 630 iram,
1653 568 1768 623 sive
1823 572 2136 641 castigatio-

2249 577 2428 629 έκεῖνο
2457 577 2533 646 (1)
2565 579 2702 649 (ἐρεῖ
2726 579 2782 633 δὲ
2821 581 2929 651 ἄρα
2951 584 3058 647 πᾶς
3092 601 3197 652 τις,
3225 588 3283 650 ὃς
3311 558 3376 657 γε
3405 558 3789 654 καλῶς’ὲκείνου

547 659 696 710 nem,
729 647 885 702 nobis
918 649 1078 704 vellet
1124 653 1446 720 immittere,
1480 658 1736 729 dilectum
1795 662 1897 716 sibi
1939 665 2144 732 princi-

549 751 671 805 pem
699 748 806 792 tam
837 743 1100 810 gravibus
1137 749 1354 804 emalis
1421 751 1572 818 prius
1631 753 1872 823 eripuit:
1926 756 2034 810 nisi
2095 757 2142 812 si

548 829 676 898 quis
706 832 838 886 illud
879 835 1068 890 dicere
1105 840 1256 893 malit
1291 841 1458 908 (dicet
1487 853 1666 898 autem
1702 847 1958 915 quisquis
2012 863 2140 904 eum

551 934 695 978 recte
724 927 892 997 norit)
932 945 945 982 :
987 927 1042 983 Si
1075 943 1355 1000 superstes
1392 935 1584 991 fuisset
1617 955 1848 1008 magnus
1906 942 2144 1012 impera-

549 1026 655 1079 tor,
695 1034 721 1070 a
756 1021 1027 1090 principio
1049 1024 1284 1080 fortasse
1322 1044 1430 1082 non
1463 1029 1683 1100 longius
1714 1033 2007 1103 serpsisset
2049 1052 2143 1090 ca-

433 1124 446 1132 -
551 1108 815 1166 lamitas:
856 1113 936 1166 vel
970 1116 1186 1171 etiamsi
1248 1120 1734 1179 vehementissimo
1793 1142 1894 1182 nos
1937 1127 2142 1198 impetu

551 1203 866 1270 invasisset,
903 1211 1051 1276 quis,
1088 1212 1160 1264 dii
1200 1213 1353 1275 boni,
1387 1215 1481 1270 illo
1508 1217 1724 1286 imperii
1792 1221 2010 1276 clavum
2064 1232 2144 1278 te-

550 1305 733 1360 nente,
769 1306 1143 1368 tempeszatem
1218 1304 1460 1372 aliquam
1510 1307 1886 1380 ﬂuctuumque
1929 1323 1981 1367 et
2017 1329 2146 1368 ven-

549 1395 731 1442 turum
761 1391 901 1448 alios
927 1410 1092 1460 super
1127 1396 1265 1452 alios
1293 1399 1532 1469 impetus
1563 1403 1886 1460 timuisset?
1935 1405 2138 1462 Verum

550 1481 700 1534 illius
733 1485 1048 1556 quicunque
1082 1490 1416 1544 mentiouern
1439 1493 1649 1560 fecerit,
1683 1496 1729 1551 is
1761 1505 1822 1552 ut
1877 1500 2036 1567 quasi
2087 1499 2142 1554 in

555 1587 707 1628 mare
738 1576 1066 1632 iunnensum
1097 1580 1319 1635 laudum
1358 1584 1566 1638 incidat
1595 1602 1817 1644 necesse
1848 1599 1932 1644 est
1955 1607 1968 1643 :
1989 1605 2144 1645 cum-

2249 668 2606 741 πεπείραται)
2635 686 2648 700 ·
2675 673 2724 725 εἰ
2758 675 2958 745 περιῆν
2989 677 3017 729 6
3039 676 3216 746 μέγας
3244 679 3512 750 βασιλεὺς,
3545 684 3665 749 ἴσως
3687 689 3790 741 οὐδὲ

2248 759 2348 830 τὴν
2395 760 2571 831 ἀρχὴν
2607 763 2674 816 ἂν
2709 767 3009 835 παρεισέδυ
3060 769 3132 822 τά
3177 770 3328 826 δεινά
3355 787 3368 801 ⁸
3396 774 3442 826 εί
3483 775 3536 828 δὲ
3564 777 3652 830 καὶ
3675 780 3793 848 μετά

2252 851 2454 922 πολλῆς
2486 853 2712 909 ἐπέθετο
2751 858 2850 928 τῆς
2882 859 3268 932 σφοδρότητος,
3302 863 3387 928 τίς
3413 865 3477 919 ἃν
3505 867 3663 922 ἔδεισέ
3685 888 3793 925 τινα

2252 943 2423 1014 ζάλην
2447 947 2542 1000 καὶ
2560 948 2827 1017 κυμάτων
2847 950 2944 1004 καὶ
2970 955 3297 1023 πνευμάτων
3319 957 3406 1011 ἐπ’
3429 957 3677 1030 ἀλλήλους
3695 962 3797 1015 επι-

2251 1037 2448 1106 φοράς,
2475 1039 2688 1094 ἐκείνου
2737 1059 2802 1110 γε
2847 1045 2972 1108 τοὺς
3004 1046 3199 1112 οἴακας
3252 1049 3466 1119 ἔχοντος
3503 1053 3559 1105 ὲν
3600 1057 3793 1123 χεροῖνς

2253 1125 2399 1180 Ἀλλ’
2423 1129 2638 1183 ἐκείνου
2675 1125 2776 1200 μέν
2810 1151 2897 1198 τις
2927 1137 3209 1208 μνησθεὶς,
3241 1140 3404 1204 εὐθὺς
3433 1143 3509 1204 είς
3537 1143 3796 1212 ἐγκωμίων

2252 1219 2549 1290 ἐμπίπτειν
2576 1224 2950 1293 ἀναγκάζεται
2996 1230 3234 1300 πέλαγος
3261 1249 3274 1263 ο
3315 1235 3452 1304 μήτε
3497 1235 3551 1287 δὲ
3577 1235 3798 1304 γλώττης

2253 1310 2420 1381 ούσης
2447 1314 2555 1368 τῶν
2583 1317 2796 1371 ἐκείνου
2819 1321 3003 1374 καλῶν
3021 1323 3200 1391 ἀξίας,
3226 1325 3320 1386 καὶ
3343 1326 3434 1380 τοῦ
3467 1329 3795 1399 προκειμένου

2252 1406 2457 1460 σκοποῦ
2490 1408 2628 1478 πρὸς
2657 1410 2794 1464 ἄλλα
2824 1413 3207 1484 μεθέλκοντος,
3245 1417 3340 1471 τοῦ
3375 1419 3633 1490 προτέρου
3658 1421 3798 1474 πάλιν

2252 1498 2521 1568 ἁψώμεθα
2548 1503 2736 1571 λόγου,
2765 1505 2825 1570 ὃς
2854 1507 2986 1577 ἡδύς
3015 1527 3075 1562 τε
3098 1511 3192 1564 κα)⁵
3211 1511 3428 1576 ἀστεῖος
3463 1515 3624 1566 πᾶσιν
3643 1513 3796 1579 ἔδοξεν

2252 1589 2416 1657 εἶναι,
2473 1596 2570 1648 καὶ
2627 1597 2879 1670 λαμπρὸν
2928 1602 3038 1656 τῶν
3090 1603 3306 1657 ἀσεϐῶν
3363 1605 3548 1675 ῥηθεὶς
3599 1606 3797 1674 κατέχεε

550 1680 658 1731 que
691 1668 836 1720 nulla
871 1670 1056 1740 lingua
1115 1673 1278 1740 digna
1337 1676 1574 1732 inveniri
1626 1681 1803 1749 possit
1851 1683 2146 1738 virtutibus
2255 1686 2489 1753 γέλωτα.

549 1757 690 1826 ejus,
719 1762 1008 1830 Operisque
1067 1767 1332 1834 propositi
1390 1784 1590 1840 scapus
1653 1773 1759 1828 alio
1806 1789 1906 1830 nos
1965 1776 2168 1839 trahat,
2222 1778 2291 1833 ad
2355 1779 2546 1847 istum,
2602 1785 2790 1854 frater,
2837 1790 3196 1844 revertamur
3235 1804 3561 1858 sermonem,
3617 1792 3702 1862 qui
3756 1797 3798 1844 et

544 1849 824 1917 jucundus
853 1857 1204 1937 urbanusque
1231 1861 1487 1918 omnibus
1517 1865 1669 1921 visus
1693 1876 1795 1934 est,
1824 1875 1876 1922 et
1909 1882 2136 1938 magnos
2166 1877 2283 1924 tum
2316 1872 2465 1930 risus
2494 1878 2790 1936 concitavit
2821 1880 2888 1936 de
2917 1880 3195 1939 Barbaris.

622 1968 676 2022 5.
721 1970 1039 2037 Meministi,
1079 1977 1297 2045 opinor,
1333 1980 1406 2032 mi
1457 1982 1663 2050 optime
1700 1983 1890 2048 frater,
1929 1985 2131 2042 fontem

2311 1988 2373 2043 ε’.
2411 1987 2578 2061 Οἶμαί
2629 2011 2688 2048 σε
2735 1997 3053 2067 μεμνῆσθαι
3105 1999 3207 2070 τῆς
3249 2002 3464 2074 κρήνης
3496 2002 3570 2074 (2)
3603 2004 3796 2072 καὶτῆς

553 2063 703 2115 illum
739 2073 791 2116 et
819 2081 1107 2134 quercum,
1135 2070 1238 2124 sub
1287 2086 1393 2140 qua
1446 2076 1773 2131 consederat
1807 2079 2014 2134 aestatis
2045 2095 2136 2135 ar-

550 2157 682 2212 dore
703 2157 920 2213 divinus
947 2160 1415 2232 princeps,eibum
1444 2179 1707 2236 capturus
1729 2186 1796 2225 ex
1825 2173 2134 2239 venatione,

550 2248 616 2300 al
655 2264 822 2316 quam
855 2251 1031 2318 ipsum
1061 2265 1352 2310 vocaverat
1378 2267 1626 2328 satrapes
1675 2261 1787 2326 ille,
1821 2263 1915 2332 qui
1954 2268 2140 2334 genuit

553 2336 699 2389 istud
735 2338 788 2390 in
851 2341 1198 2397 Christianos
1244 2361 1394 2399 nunc
1455 2349 1719 2405 emissum
1782 2352 2012 2419 fulmen,
2075 2371 2140 2409 ex

551 2430 818 2483 malorum
870 2435 1173 2491 acerbitate
1222 2438 1302 2491 sic
1372 2441 1740 2498 nominatum.
1780 2444 1934 2500 Tunc
1973 2447 2140 2516 igitur

556 2521 668 2585 ille,
703 2525 910 2586 utscis,
941 2528 1158 2596 longum
1180 2543 1488 2586 sermonem
1547 2533 1758 2602 habuit,
1794 2539 1942 2606 quod
1996 2537 2141 2594 Eno-

550 2615 718 2668 clium
755 2627 807 2669 ct
838 2617 1009 2670 Eliam
1041 2620 1427 2676 demonstrare
1459 2626 1621 2680 vellet
1649 2626 1701 2680 in
1759 2629 1962 2684 caelum
2016 2645 2140 2688 esse

550 2719 757 2776 raptos,
790 2711 1156 2780 omnibusque
1188 2712 1262 2767 ibi
1325 2717 1649 2774 vestimenta
1677 2735 1837 2774 suere
1866 2739 1879 2774 :
1929 2737 2038 2792 qua
2069 2723 2137 2778 de

549 2814 717 2852 causa
801 2801 1085 2869 splendide
1128 2819 1222 2859 eos
1273 2808 1590 2872 extollebat,
1614 2811 1968 2882 delatumque
2004 2814 2140 2883 ipsis

551 2890 814 2943 honorem
882 2894 1281 2952 admirabatur.
1343 2899 1442 2954 Cui
1499 2903 1803 2969 imperator
1847 2905 2141 2961 subridens

549 2979 727 3033 dixit:
770 2980 915 3036 ltane
943 2999 1073 3039 vero
1107 2997 1159 3040 tu
1210 2987 1263 3042 id
1297 2988 1522 3044 honoris
1579 2991 1859 3061 divinique
1891 2994 2140 3048 muneris

548 3070 670 3125 loco
697 3074 872 3136 ducis,
906 3075 1278 3148 sudorumque
1301 3089 1354 3134 et
1378 3081 1631 3137 laborum
1681 3097 1782 3153 pro
1820 3085 2020 3138 virtute
2047 3101 2141 3140 su-

547 3175 862 3235 sceptorum
905 3172 1187 3236 praemium
1210 3173 1480 3228 arbitrare
1502 3176 1684 3238 ?unde
1732 3177 1854 3243 hoc,
1875 3178 2141 3233 obsecro?

546 3261 747 3328 quippe
789 3261 840 3316 id
898 3264 1211 3320 hominibus
1271 3268 1324 3320 in
1363 3267 1453 3322 Dei
1489 3267 1844 3324 offensionem
1891 3271 2134 3341 graviter

547 3353 716 3420 lapsis
772 3369 870 3422 pro
894 3353 998 3408 alia
1031 3358 1289 3426 quapiam
1325 3359 1532 3415 ultione
1561 3375 1624 3414 ac
1653 3375 1818 3430 paena
1851 3363 1990 3416 satis
2015 3377 2136 3419 esse

546 3446 748 3513 possit.
785 3445 934 3501 Pone
963 3449 1059 3502 tibi
1085 3459 1213 3505 ante
1249 3453 1440 3508 oculos
1473 3469 1918 3525 unumquemque
1944 3468 2128 3512 sarto-

547 3553 669 3592 rnm
705 3556 718 3591 :
755 3539 937 3595 nullus
984 3542 1232 3612 profecto
1261 3553 1366 3611 est,
1419 3546 1639 3615 opinor,
1659 3548 1753 3616 qui
1783 3563 1815 3603 a
1845 3547 1956 3604 Deo
2004 3551 2134 3606 data

545 3629 650 3684 sibi
682 3632 925 3699 optione,
956 3643 1136 3689 utrum
1181 3651 1250 3690 ex
1287 3636 1390 3692 hoc
1423 3639 1630 3694 mundo
1654 3640 1770 3710 rapi
1824 3642 2006 3708 vellet,
2032 3644 2135 3698 ali-

546 3722 783 3790 cubique
819 3725 1018 3789 vivere,
1045 3735 1266 3794 tamque
1290 3727 1449 3782 vilem
1483 3737 1656 3785 artem
1687 3731 1949 3787 continuo
1968 3732 2125 3789 labo-

546 3827 607 3867 re
664 3822 919 3881 tractare,
977 3824 1069 3870 aut
1119 3817 1290 3872 semel
1347 3819 1510 3891 mori,
1570 3820 1770 3878 deinde
1821 3837 2132 3894 resurgere,

545 3907 1187 3977 vestimentisqueindui,
1222 3926 1344 3980 quae
1361 3913 1598 3981 paradisi
1621 3914 2044 3988 futurarumque
2077 3917 2133 3972 in

542 4015 611 4055 eo
632 4000 950 4056 deliciarum
984 4001 1187 4071 pignus
1206 4002 1390 4060 forent
1415 4021 1433 4064 :
1465 4007 1594 4077 quin
1617 4007 1848 4065 alterum
1875 4009 1983 4066 hoc
2016 4026 2137 4066 rna-

544 4088 750 4145 nifesto
781 4089 945 4158 eligat
973 4106 990 4144 :
1031 4091 1167 4161 quin
1198 4106 1361 4148 acum
1393 4094 1544 4150 illico
1569 4093 1811 4167 abjiciat,
1841 4105 2128 4169 artemque

545 4196 658 4235 non
709 4180 850 4236 bene
879 4181 1024 4237 scire
1082 4197 1144 4239 se
1176 4183 1346 4252 juret,
1395 4187 1655 4257 illamque
1712 4189 2131 4246 translationem

543 4285 804 4342 tanquam
837 4275 1116 4346 opprobrii
1145 4285 1202 4332 et
1265 4277 1544 4344 laborum,
1574 4295 1686 4334 non
1714 4290 1897 4337 autem
1932 4283 2136 4352 quietis

543 4381 726 4434 neque
779 4366 1011 4420 honoris
1041 4367 1388 4423 occasionem
1412 4367 1762 4425 vehementer
1789 4382 2132 4440 aspernetur.

613 4481 668 4535 6.
695 4480 827 4546 Quae
853 4497 979 4536 cum
1033 4483 1284 4540 audisset
1332 4485 1523 4554 arrisit
1579 4499 1771 4552 senex,
1795 4494 1850 4542 et
1903 4487 1973 4543 ad
2005 4504 2136 4547 suos

542 4573 868 4642 respiciens,
902 4573 1004 4630 Per
1026 4576 1195 4631 Deum
1239 4577 1630 4642 immortalem,
1696 4578 1908 4648 inquit,
1935 4581 2010 4636 ita
2052 4591 2130 4636 ta-

2240 2081 2420 2152 δρυὸς,
2455 2085 2544 2152 ὑφ’
2583 2087 2650 2158 ἦν
2683 2089 2800 2142 ποτ’
2830 2090 3087 2144 ἐκάθισεν
3115 2093 3144 2144 6
3173 2096 3542 2164 παντάριστος
3575 2095 3794 2165 βασιλεὺς

2243 2174 2436 2244 θέρους
2467 2174 2610 2249 ὥρᾳ,
2643 2180 2856 2251 τροφῆς
2894 2182 3352 2252 μεταληψόμενος
3381 2185 3489 2240 ἀπὸ
3522 2185 3703 2256 θήρας,
3734 2187 3795 2246 εἰς

2241 2267 2308 2338 ἢν
2355 2270 2517 2323 αὐτὸν
2549 2271 2836 2342 κεκληκὼς
2877 2269 2946 2344 ἦν
2986 2275 3014 2327 6
3051 2275 3348 2347 σατράπης
3385 2279 3591 2341 ἐκεῖνος
3633 2277 3723 2347 (5),
3751 2277 3796 2338 ὃς

2240 2359 2334 2412 τὸν
2384 2359 2486 2414 νῦν
2508 2363 2859 2431 Χριστιανοτς
2908 2366 3262 2437 ἐπικείμενον
3293 2369 3462 2438 ἔφυσε
3500 2369 3572 2441 (4)
3603 2368 3689 2421 τόν
3718 2384 3794 2420 κει

2246 2451 2445 2519 ραυνδν
2477 2453 2816 2524 καλούμενον
2853 2455 2932 2526 (5)
2959 2458 3024 2511 ὲκ
3045 2458 3150 2528 τῆς
3175 2459 3444 2530 ὀξύτητος
3475 2462 3584 2514 τῶν
3617 2459 3788 2514 κακῶν.

2242 2543 2377 2596 Τότε
2408 2545 2588 2599 τοίνυν
2633 2549 2864 2614 ἐκεῖνος,
2895 2550 2969 2614 ὡς
2993 2545 3172 2616 οἶσθα,
3203 2550 3367 2622 λόγον
3393 2555 3680 2623 ἐποιήσατο
3715 2568 3794 2621 μα-

2244 2635 2401 2705 κρὸν,
2453 2634 2544 2689 τὸν
2583 2637 2758 2710 Ἑνὼχ
2803 2627 2900 2694 κοῖὶ
2927 2642 3020 2694 τὸν
3058 2643 3245 2698 Ἠλίαν
3282 2647 3674 2717 μετατεθέντας
3707 2644 3793 2696 δει-

2243 2726 2432 2780 κνύναι
2455 2727 2780 2798 βουλόμενος
2807 2732 2886 2794 είς
2910 2731 3004 2794 τὸν
3025 2734 3280 2806 οὐρανὸν,
3318 2739 3455 2794 πᾶσι
3473 2738 3528 2790 δὲ
3549 2737 3615 2790 τὰ
3636 2737 3794 2806 ἱμάτια

2246 2818 2574 2889 βάπτοντας,
2606 2819 2702 2874 καὶ
2727 2821 2960 2893 ἐξαίρων
2997 2825 3083 2878 διά
3112 2825 3329 2882 τούτων
3362 2829 3510 2899 μάλα
3536 2825 3793 2896 λαμπρῶς,

2243 2910 2338 2964 καὶ
2387 2909 2685 2980 θαυμάζων
2713 2931 2776 2982 γε
2821 2917 3021 2981 αὐτοὺς
3054 2919 3152 2986 τῆς
3201 2921 3396 2990 τιμῆς.
3425 2917 3498 2992 Ὦ
3545 2917 3796 2989 μειδιάσας

2242 3000 2344 3069 ἔφη
2377 3004 2405 3054 ὁ
2441 3002 2697 3071 βασιλεύς
2723 3019 2736 3034 ⁸
2766 3000 2904 3060 Εἶτα
2939 3009 3005 3062 σὺ
3025 3009 3186 3064 τοῦτο
3215 3013 3390 3083 τιμὴν
3424 3011 3681 3082 νομίζεις,
3718 3007 3797 3060 καὶ

2241 3094 2420 3163 δῶρον
2449 3095 2616 3163 θεῖον,
2659 3098 2755 3151 καὶ
2793 3099 3030 3170 ἀμοιϐὴν
3064 3101 3314 3172 ἱδρώτων
3350 3105 3588 3176 άρετῆς;
3619 3101 3796 3159 πόθεν;

2241 3188 2270 3241 ὂ
2295 3187 2390 3241 καὶ
2421 3191 2536 3253 τοῖς
2568 3193 3083 3262 προσκεκρουκόσιν
3135 3195 3407 3261 επιεικῶς
3437 3197 3516 3267 τῷ
3543 3195 3657 3264 Θεῷ
3700 3191 3798 3246 ἀντ’

2243 3277 2408 3347 ἄλλης
2426 3277 2490 3346 γέ
2507 3295 2653 3342 τινος
2684 3279 3028 3350 εἰσπράξεως
3059 3284 3151 3336 καὶ
3176 3284 3342 3356 δίκης
3365 3287 3597 3359 ἤρκεσεν
3620 3285 3699 3340 ἄν.
3723 3277 3801 3336 Oi-

2242 3387 2341 3438 μαι
2371 3369 2504 3440 γάρ,
2538 3371 2615 3432 ὡς
2641 3371 2749 3435 πᾶς
2773 3373 3032 3441 ἀκεστὴς,
3063 3375 3339 3446 αἱρέσεως
3366 3379 3515 3448 αὐτῷ
3550 3374 3802 3449 προτεθεί-

2240 3471 2342 3524 σης
2371 3457 2523 3526 παρά
2553 3456 2714 3522 Θεοῦ,
2765 3462 3134 3531 μετατεθῆναι
3167 3464 3274 3535 μὲν
3306 3468 3417 3521 τῶν
3459 3469 3605 3539 τῇδε,
3631 3467 3721 3538 ζῇν
3743 3464 3803 3517 ’δὲ

2239 3563 2367 3611 που,
2407 3546 2506 3600 καὶ
2551 3549 2774 3618 μοχθεῖν
2804 3551 3094 3621 ἀνέχεσθαι
3129 3554 3425 3626 διηνεκῶς,
3465 3560 3556 3613 καὶ
3596 3556 3800 3628 χυδαίαν

2237 3635 2382 3690 οὕτω
2422 3637 2621 3709 τέχνην
2658 3645 3066 3713 μεταχειρίξειν
3087 3661 3102 3677 ·
3135 3645 3167 3716 ἢ
3201 3646 3356 3714 ἅπαξ
3384 3651 3691 3714 ἀποθανεῖν,
3714 3643 3801 3700 εἶτ’

2237 3729 2564 3800 ἀναστῆναι,
2599 3731 2694 3783 καὶ
2728 3731 2919 3801 ἱμάτια
2945 3736 3360 3806 ἀμφιάσασθαι,
3392 3743 3684 3814 ἀρραϐῶνα
3712 3755 3800 3793 πα-

2241 3821 2492 3893 ραδείσου
2549 3823 2644 3878 καὶ
2696 3825 2798 3896 τῆς
2828 3827 3106 3898 ὲνιὲκείνῳ
3143 3837 3404 3904 τρυφῆς·
3439 3835 3622 3902 σαφῶς
3670 3833 3730 3886 ἂν
3754 3829 3804 3882 τὺ

2237 3911 2490 3984 δεύτερον
2519 3913 2696 3968 ἕλοιτο
2721 3929 2734 3944 ·
2762 3914 2921 3987 ῥίψαι
2946 3917 3057 3987 γὰρ
3086 3920 3154 3973 ἂν
3178 3921 3349 3986 εὐθὺς
3375 3925 3542 3979 αὑτὸν
3567 3925 3664 3993 τὴν
3691 3919 3806 3976 ἀκέ-

2241 4021 2434 4076 στραν,
2455 4007 2553 4061 καὶ
2573 4003 2807 4074 ὀμνύναι
2827 4006 2905 4078 μὴ
2928 4007 3109 4072 καλῶς
3131 4010 3335 4066 εἰδέναι
3357 4013 3458 4085 τὴν
3486 4015 3700 4082 τέχνην,
3721 4008 3804 4061 καὶ

2238 4097 2564 4150 ἀπώσασθαι
2615 4097 2824 4168 σπουδῇ
2880 4097 2982 4170 τὴν
3041 4102 3376 4171 μετάθεσιν,
3439 4106 3515 4168 ὡς
3572 4101 3804 4172 ἀφορμὴν

2240 4190 2506 4260 αἰσχύνης
2547 4189 2643 4243 καὶ
2691 4190 2893 4258 πόνων,
2944 4191 3049 4246 οὐκ
3093 4192 3424 4268 ἀναπαύλης
3469 4196 3651 4263 οὖσαν,
3700 4191 3806 4246 οὐδὲ

2238 4283 2424 4352 τιμῆς.

2313 4487 2389 4555 ς’·
2422 4487 2644 4543 Τούτων
2672 4489 2855 4543 τοίνυν
2887 4489 3134 4555 ἀκούσας
3163 4489 3275 4545 τῶν
3306 4491 3486 4560 λόγων
3509 4489 3731 4561 ἐγέλασέ
3757 4502 3806 4538 τε

2239 4583 2268 4636 6
2313 4583 2515 4651 γέρων,
2549 4581 2668 4648 καὶ,
2720 4581 2805 4650 Νὴ
2861 4581 2953 4634 τὸν
2983 4583 3138 4646 Θεὸν,
3165 4583 3295 4654 ἔφη,
3334 4585 3538 4655 βλέψας
3577 4586 3654 4646 είς
3698 4580 3808 4640 τοὺς

543 4683 668 4722 men
693 4668 894 4722 alicubi
927 4670 1129 4740 scripta
1162 4677 1250 4725 est
1298 4670 1415 4724 haec
1439 4683 1549 4734 res,
1591 4670 1861 4741 nobisque
1883 4675 2130 4744 antiqui-

2245 4675 2403 4749 αὐτοῦ
2421 4716 2436 4740 ,
2465 4672 2608 4726 οὕτω
2637 4672 2737 4742 μὲν
2768 4674 2795 4726 6
2833 4673 2991 4742 λόγος
3018 4669 3173 4738 οὗτος
3219 4678 3316 4729 καὶ
3347 4675 3668 4746 γέγραπταί
3695 4687 3805 4731 που,

544 4773 633 4816 tus
693 4762 942 4816 tradita:
1007 4777 1156 4816 nunc
1216 4771 1402 4816 autem
1459 4763 1592 4817 mihi
1653 4764 1824 4820 nimio
1849 4775 2123 4835 quantum

543 4856 782 4910 absurda
811 4856 1046 4910 videtur.
1079 4854 1218 4910 Tum
1250 4853 1347 4908 filii
1377 4870 1392 4908 :
1431 4855 1537 4910 Sed
1587 4857 1796 4911 credin’
1839 4873 1964 4912 vere
1993 4858 2130 4913 fuis-

545 4967 603 5007 se
635 4947 842 5007 dictam
869 4964 899 5002 a
937 4947 1234 5019 majoribus
1257 4948 1461 5003 nostris
1488 4947 1511 5000 ?
1541 4963 1666 5002 nam
1703 4949 1794 5018 qui
1820 4951 2129 5012 sartoribus

545 5047 813 5117 indigeret
843 5044 985 5097 Deus
1019 5048 1216 5095 cuncta
1256 5050 1392 5096 nutu
1420 5056 1523 5096 suo
1555 5042 1778 5097 trahens
1800 5042 1823 5096 ?
1848 5043 1952 5097 nisi
1988 5043 2132 5097 forte

546 5139 658 5192 lino
681 5137 846 5191 etiam
873 5144 929 5188 et
964 5133 1268 5188 textoribus
1293 5133 1527 5187 amicula
1574 5135 1734 5189 nobis
1757 5135 2123 5189 contexturis:

547 5245 645 5285 nec
674 5229 819 5282 enim
864 5227 983 5280 auri
1024 5226 1290 5280 ramentis
1357 5226 1640 5296 indigebit,
1682 5227 2121 5297 negotiandoque

546 5320 745 5375 lucrari
796 5297 1289 5388 aliquidcogetur,
1354 5329 1467 5372 uta
1510 5319 1910 5372 mercatoribus
1954 5326 2123 5382 emat,

543 5429 666 5483 qua:
698 5413 1051 5469 conficiendis
1116 5411 1355 5467 veSIibus
1427 5412 1752 5468 inserviunt.
1788 5408 1894 5463 Sed
1947 5409 2132 5463 nullus
2179 5484 2188 5490 _

619 5616 697 5682 (l)
720 5615 854 5670 Cod.
887 5615 1054 5670 Coisl.
1086 5616 1296 5669 ἐκεῖνον
1321 5630 1335 5648 ο
1370 5614 1549 5684 suppl.
1580 5611 1762 5679 ἔξεστι
1797 5627 1843 5669 s.
1871 5611 1971 5665 ἔνι.

619 5689 694 5753 (‘2)
722 5687 856 5741 Cod.
902 5687 1036 5744 Reg.
1067 5686 1283 5754 κρὶνης.

625 5759 701 5824 (5)
733 5757 922 5810 Sultau
955 5753 1337 5823 Mura’t-Chan,
1362 5771 1456 5811 seu
1488 5756 1815 5810 Amurathcs
1841 5753 1884 5820 Ι,
1946 5769 2125 5810 rerum

549 5831 754 5885 Dotilss
788 5844 816 5880 ο
849 5827 981 5881 1560
1016 5827 1170 5880 1589.

2233 4767 2328 4819 καὶ
2373 4765 2622 4818 κάτεισιν
2653 4763 2860 4818 ἀνωθεν
2889 4766 2970 4827 είς
2999 4766 3149 4834 ἡμᾶς
3176 4783 3190 4797 ο
3223 4765 3376 4818 δοκεῖ
3407 4766 3467 4820 δὲ
3519 4765 3621 4818 νῦν
3639 4764 3808 4828 ἀτόπῳ

2232 4859 2354 4911 λίαν
2405 4857 2620 4919 ἐοικώς.
2658 4859 2768 4911 Καὶ
2817 4857 2867 4908 οἱ
2899 4858 3090 4920 παῖδες
3114 4873 3128 4887 ⁸
3158 4852 3234 4911 Ἦ
3271 4859 3429 4912 δοκεῖ
3471 4877 3574 4912 που
3607 4853 3807 4926 άληθῶς

2231 4951 2409 5012 ἄλλως
2435 4949 2692 5020 εἰρῆσθαι
2720 4952 2833 5014 τοῖς
2861 4950 3111 5020 ἀρχαίοις
3131 4943 3288 5014 οὗτος
3309 4952 3338 5003 6
3355 4950 3548 5020 λόγοςς
3579 4950 3692 5011 πῶς
3711 4945 3807 5012 γάρ

2234 5042 2302 5095 ἂν
2328 5043 2426 5097 καὶ
2460 5043 2708 5095 άκεστῶν
2736 5043 2954 5112 δεήσειε
2995 5043 3072 5111 τῷ
3103 5043 3244 5112 Θεῷ,
3280 5042 3338 5106 ὃς
3368 5045 3497 5111 ἄγει
3534 5043 3708 5095 πάντα
3737 5033 3805 5103 τῷ

2234 5131 2501 5201 νεύματιὶ;
2528 5132 2576 5183 εἰ
2611 5131 2685 5202 μὴ
2719 5134 2816 5184 καὶ
2844 5131 2992 5184 λίνου
3023 5133 3279 5200 ὑφαντῶν
3307 5133 3592 5202 δεήσεται,
3625 5131 3803 5186 οἵτινες

2234 5224 2334 5284 τὰς
2385 5223 2704 5293 ἀμπεχόνας
2755 5222 3050 5291 semon
3089 5225 3256 5292 ἡμῖν’
3305 5225 3371 5276 οὐ
3420 5226 3531 5294 γὰρ
3569 5215 3804 5291 δεήσεταί

2239 5333 2342 5369 που
2375 5315 2470 5368 καὶ
2493 5315 2696 5385 χρυσοῦ
2730 5315 3056 5384 ᾧηγμάτων,
3083 5319 3180 5370 καὶ
3199 5317 3276 5378 εἰς
3303 5316 3556 5386 ἀνάγκην
3578 5316 3694 5385 ἥξει
3721 5324 3802 5360 του

2238 5408 2696 5479 χρηματίζεσθαι,
2732 5405 2794 5459 ἔν’
2835 5406 2942 5458 ἀπὸ
2982 5407 3094 5460 τῶν
3125 5407 3552 5478 πιπρασκόντων
3587 5407 3653 5460 τὰ
3682 5400 3806 5472 πρὸς

2255 5607 2261 5613 ’
2315 5611 2388 5675 (4)
2441 5610 2576 5665 Cod.
2631 5609 2859 5663 C-iislin.
2903 5611 3117 5680 ἔφησε,
3179 5609 3342 5679 (forte
3397 5606 3616 5677 ἐφῆκε).
3678 5602 3798 5669 Reg.

2239 5679 2430 5748 ἔφυσε,
2463 5679 2605 5747 quod
2644 5681 2711 5764 in.
2738 5679 2952 5734 textum
2976 5681 3176 5764 regem.
3417 5749 3454 5764 η
3532 5750 3542 5759 ,
3597 5742 3678 5764 η’,

2309 5752 2386 5818 (5)
2423 5744 2625 5804 Alludit
2649 5748 2712 5801 ad
2743 5766 2938 5803 nomen
2991 5744 3543 5818 1Ιιιίιῖζηι-ίῖιιωι-(ὶίιεὶ
3593 5744 3805 5813 Β²ί³ῖθ⁸

2241 5815 2329 5887 tis,
2370 5815 2552 5878 rerum
2581 5820 2735 5890 potiti
2765 5837 2813 5876 ο.
2852 5816 3167 5878 15894402,
