3972 6460
248 414 395 509 ιη’

1248 440 1640 504 DIALOGUS
1677 439 1742 503 II
1787 439 1949 503 CUM
1974 438 2532 504 ΜΟΠΑΜΕΤΑΝΟ·

243 562 347 628 τὴν
382 555 734 632 κατασκευὴν
763 556 872 611 τῶν
913 554 1145 626 ίματίων
1198 554 1500 626 ὼνήσηται.
1548 553 1687 609 Ἀλλ’
1717 553 1827 608 οὐδ’

1944 553 2101 610 homo
2133 553 2241 609 tale
2279 553 2558 622 quidpiam
2585 549 2782 606 dixerit
2821 566 2837 603 :
2890 558 3034 607 esset
3060 549 3206 606 enim
3238 564 3268 606 a
3302 550 3515 604 ratione

248 651 313 705 ἂν
348 644 435 715 εἷς
470 648 780 719 ἀνθρώπων
811 647 1107 717 φθέγξαιτό
1133 664 1187 699 τι
1229 645 1472 699 τοιοῦτον
1496 661 1510 676 ο
1551 645 1672 699 οὐδὲ
1713 644 1824 716 γὰρ

248 742 702 813 σωφρονούντων.
732 742 794 795 Ei
822 740 870 794 δ’
894 740 1035 808 ὑπὲρ
1053 737 1213 807 λόγον
1243 738 1276 807 ἡ
1307 736 1504 806 κτῆσις
1535 735 1645 789 τῶν
1675 735 1827 789 ἐνδυ-ο

251 838 442 908 μάτων
469 836 566 889 καὶ⁵
599 837 635 906 ή
654 832 886 905 διαμονὴ
913 829 1255 901 (διαμένουσι
1283 828 1415 900 γὰρ,
1444 827 1508 882 τὸ
1531 827 1828 897 παραδοξό-

247 947 436 993 τατον,
472 927 751 997 ἄφθαρτα,
785 940 819 999 ῃ
847 922 929 996 [ιι
959 920 1336 991 πιστεύομεν),
1360 919 1478 983 πῶς
1492 919 1593 972 οὐκ
1616 917 1831 972 ἀτοπώ-

247 1038 413 1077 τατον
462 1021 683 1075 πάντων
735 1019 812 1090 μὴ
845 1018 905 1070 τδ
941 1017 1049 1071 πᾶν
1103 1014 1314 1086 ἰσχύειν
1355 1013 1539 1082 λέγειν
1589 1013 1830 1083 περᾶναι

248 1114 340 1167 sint
369 1096 765 1182 ἀριστοτέχνην
789 1110 942 1176 Θεδν,
973 1106 1111 1162 ἀλλὰ
1137 1106 1229 1160 καὶ
1255 1106 1500 1175 ἀκεστὴν
1525 1102 1828 1174 ἐπιζητεῖν,

252 1208 308 1269 δς
353 1206 689 1277 εἰδοποιήσει
740 1203 818 1275 (Ξ)
859 1203 965 1273 τὴν
1013 1200 1184 1272 mnu;
1217 1199 1408 1266 ὥσπερ
1458 1198 1558 1251 οὐκ
1587 1198 1705 1251 ὲνδν
1737 1196 1833 1252 καὶ

256 1299 369 1353 τόδε
407 1299 547 1370 πρὸς
574 1298 687 1362 τοῖς
715 1295 898 1361 ἄλλοις
921 1293 1141 1348 τελέσαι
1169 1292 1316 1364 μόνῳ
1333 1290 1663 1362 βουλήματι.

323 1564 397 1629 ζ’.
445 1564 557 1620 Καὶ
581 1565 611 1619 ὁ
654 1562 872 1635 Πέρσης
895 1560 1038 1633 ἥσθη
1069 1577 1132 1614 τε
1179 1557 1551 1628 διαφερόντως
1581 1558 1696 1622 τοῖς
1726 1557 1835 1611 τῶν

257 1660 417 1713 υἱέων
462 1658 666 1726 λόγοις,
719 1657 835 1722 καὶ,
885 1652 1083 1715 Καλῶς
1134 1668 1226 1723 μοι
1259 1650 1532 1713 δοκοῦσιν,
1563 1644 1742 1711 εἶπεν,
1784 1649 1836 1702 οἱ

252 1756 367 1807 νέοι
403 1728 794 1822 βεϐοηθηκέναι
827 1748 939 1811 τοῖς
989 1746 1095 1799 ὑπὸ
1134 1744 1231 1798 σοῦ
1260 1742 1597 1813 λεγομένοις,
1627 1739 1686 1794 εὖ
1740 1741 1838 1794 καὶ

253 1847 442 1900 δίκαια
470 1842 797 1914 πράξαντες,
822 1841 921 1910 τῆς
948 1840 1084 1909 πρὸς
1110 1837 1307 1900 αὐτούς
1332 1853 1423 1906 μοι
1456 1835 1835 1906 παραινέσεως

1929 658 1983 702 et
2007 647 2275 715 sapientia
2302 643 2759 700 remotissimum.
2796 643 2950 709 Quod
2976 643 3022 698 si
3061 643 3363 697 humanum
3418 657 3517 698 ca-

1927 751 2082 808 ptam
2111 746 2335 809 superat
2382 736 2834 793 vestimentorum
2860 734 2973 789 haec
3007 735 3182 804 gestio
3211 745 3266 790 et
3294 749 3517 790 conser-

1928 831 2076 886 vatio
2105 832 2450 904 (permanent
2477 830 2646 892 enim,
2682 828 2829 899 quod
2862 828 2944 884 vel
2998 829 3247 883 omnium
3278 829 3517 893 maxime

1930 920 2634 992 mirandum,‘incorrupta,
2670 931 2729 977 ut
2760 937 2861 977 nos
2907 922 3130 991 quidem
3165 904 3513 990 credimus

1930 1018 2238 1089 quomodo,
2265 1033 2476 1088 quaeso,
2515 1033 2624 1072 non
2662 1017 2817 1071 valde
2841 1016 3119 1070 absurdus
3147 1024 3293 1069 esset
3324 1013 3394 1077 is,
3422 1012 3540 1080 qui.

1931 1117 2318 1177 prtepoteutem
2379 1109 2758 1178 optimumque
2811 1107 3063 1176 opiﬁcem
3094 1104 3512 1159 aedificatorem-

1931 1213 2040 1267 que
2086 1199 2274 1253 mundi
2310 1199 2477 1253 Deum
2521 1215 2630 1254 non
2678 1197 2863 1253 omnia
2923 1195 3185 1267 perﬁcere
3216 1210 3375 1264 posse
3427 1195 3511 1249 di-

1936 1299 2107 1356 ceret,
2142 1290 2238 1346 sed
2273 1300 2542 1346 sartorem
2575 1292 2739 1345 etiam
2770 1290 3072 1360 requirere,
3103 1288 3194 1358 qui
3222 1288 3507 1358 materiam

1933 1382 2112 1438 forma
2141 1383 2444 1453 insigniat?
2496 1386 2652 1454 quasi
2699 1399 2807 1438 non
2850 1392 3054 1453 posset,
3093 1391 3151 1437 ut
3182 1393 3403 1448 etetera,
3437 1382 3520 1453 sic

1934 1476 2040 1530 hoc
2067 1491 2286 1546 quoque
2326 1477 2603 1531 voluntate
2633 1476 2749 1530 sola
2795 1491 2894 1532 sua
2923 1476 3160 1532 eﬂicere.

2006 1566 2059 1620 7.
2092 1563 2226 1632 Quae
2252 1581 2377 1620 cum
2413 1566 2708 1632 dixissent,
2742 1584 3013 1625 summam
3054 1568 3186 1624 mihi
3216 1584 3245 1623 e
3279 1568 3515 1623 filiorum

1936 1657 2283 1713 sermonibus
2334 1658 2664 1729 voluptatem
2698 1674 2894 1729 capere
2927 1661 3081 1715 visus
3101 1670 3186 1717 est
3215 1660 3402 1723 Persa,
3441 1668 3517 1720 et.

1938 1747 2031 1804 Nae
2061 1750 2275 1804 medius
2308 1749 2489 1817 ﬁdius,
2521 1751 2720 1822 inquit,
2780 1752 3006 1822 pulchre
3032 1752 3140 1808 tuis
3186 1752 3350 1807 dictis
3387 1751 3523 1806 ado-

1939 1837 2211 1895 lescentes
2236 1839 2324 1895 isti
2364 1851 2496 1894 sunt
2548 1841 2896 1908 patrocinati,
2942 1842 3107 1913 idque
3139 1855 3285 1899 recte
3306 1860 3371 1898 ac
3399 1842 3525 1912 iure

258 1935 716 2009 μνημονεύοντες.
750 1933 995 2002 Ἥδομαι
1025 1929 1157 2001 γὰρ,
1190 1929 1308 1993 πῶς
1340 1924 1464 1993 οἴει,
1497 1930 1582 1983 ὅτι
1611 1926 1706 1980 καὶ⁵
1734 1926 1829 1980 τοῦ

1944 1933 2159 1999 merito,
2181 1933 2324 2001 quod
2369 1947 2548 1987 meam
2585 1933 2651 1987 ad
2688 1934 2837 2003 ipsos
2859 1935 3296 1991 adhortationem
3330 1936 3525 1989 memi-

257 2030 534 2099 φύσαντος
556 2026 689 2095 ἐμοῦ
706 2025 938 2095 τάληθὲς
962 2021 1297 2093 προτιμῶσι.
1314 2021 1423 2074 Ναὶ
1447 2022 1641 2086 δντως,
1667 2019 1826 2090 ἔφην,

261 2119 305 2179 ῶ
350 2122 627 2193 βέλτιστεο
674 2114 822 2173 οὗτοί
857 2133 916 2170 τε
959 2116 1070 2186 γάρ
1124 2131 1226 2185 μου
1263 2114 1344 2182 τῷ
1376 2112 1522 2185 λόγῳ
1554 2111 1832 2183 λαμπρῶς

270 2218 512 2268 συνεῖπον
537 2228 552 2242 °
590 2211 656 2264 σύ
686 2227 749 2264 τε
794 2209 1005 2271 δίκαιος
1033 2207 1280 2278 ἥδεσθαι,
1319 2201 1400 2270 οἷς
1443 2207 1494 2258 οἱ
1523 2207 1712 2268 παῖδές
1749 2221 1832 2258 σοι

277 2307 366 2374 τῆς
408 2304 669 2376 ἀληθείας
697 2302 921 2371 ἄγουσιν
967 2301 1119 2355 οὐδὲν
1170 2299 1519 2371 τιμιώτερον.
1556 2297 1706 2366 Πλήν
1742 2313 1833 2366 μοι

274 2399 357 2452 τὸν
379 2397 711 2468 παράδεισον
748 2395 947 2464 φράξε,
974 2393 1070 2447 καὶ
1097 2393 1195 2463 τὴν
1216 2390 1380 2448 αὐτοῦ
1409 2389 1714 2459 διατριϐὴν,
1741 2388 1836 2442 καὶ

263 2488 357 2559 τὴν
386 2488 690 2541 ἀπόλαυσιν
716 2487 916 2549 πᾶσαν,
946 2485 1040 2540 καὶ
1072 2483 1209 2554 πρός
1224 2499 1288 2550 γε
1324 2481 1405 2535 ἔτι
1429 2481 1526 2549 τὴν
1555 2480 1737 2545 δόξαν,
1767 2472 1836 2551 ἦς

268 2579 584 2649 μεθέξουσιν
603 2580 864 2645 ἅπαντες,
892 2578 1007 2649 ὅσοι
1035 2576 1099 2647 δὴ
1118 2576 1187 2630 τὰ
1216 2574 1408 2644 ίμάτια
1442 2572 1833 2643 ἀμφιέσονταιο

261 2667 343 2734 οἷς
385 2672 483 2725 καὶ
525 2669 711 2741 θαῦμα
762 2670 1047 2741 μέμικται,
1100 2667 1260 2739 ειπερ
1305 2667 1505 2737 ἀληθές
1552 2667 1722 2730 ἐστιν,
1761 2664 1838 2729 ὡς

264 2762 374 2831 ἄρα
406 2763 643 2833 κρείττω
664 2761 838 2816 ταῦτά
866 2779 931 2832 γε
960 2762 1277 2831 διαμενοῦσι
1310 2759 1515 2828 φθορᾶς
1539 2772 1555 2788 °
1582 2756 1716 2810 πολύ
1746 2774 1838 2828 μοι

265 2856 396 2924 γάρ,
433 2849 493 2908 εὖ
531 2853 662 2915 ῐσθι,
699 2852 875 2907 ταῦτα
904 2853 1140 2924 παρέχει
1171 2852 1498 2904 διαπιστεῖν.
1531 2849 1752 2913 Δίδαξον
1781 2849 1838 2901 δέ

275 2963 342 3016 με
378 2947 517 3017 πρὸς
566 2947 677 3009 τοῖς
707 2945 885 3009 ἀλλοις
916 2944 1011 3000 καὶ
1042 2945 1161 2999 τόδε
1180 2959 1195 2974 °
1223 2943 1427 3006 πάντες
1477 2942 1840 3012 ἀμφιέσονται

270 3039 466 3105 ταῦτα,
492 3040 607 3092 ὅσοι
633 3037 698 3109 δὴ
729 3038 827 3107 τῆς
852 3036 1124 3108 ὑμετέρας
1152 3034 1455 3107 θρησκείας
1479 3051 1495 3100 ;
1528 3034 1560 3105 ἢ
1588 3033 1720 3086 ἔνιοι
1743 3033 1840 3101 μὲν

268 3131 476 3196 αὐτῶν,
501 3129 631 3184 ἔνιοι
658 3129 714 3184 δὲ
735 3129 797 3183 ού
820 3146 835 3196 ;
870 3131 964 3182 καὶ
993 3129 1043 3181 εί
1072 3127 1217 3181 ἐστιν
1244 3124 1549 3180 ἀπολαῦσαι
1579 3123 1841 3191 μειζόνων

271 3218 492 3287 ἀγαθῶν
546 3219 809 3293 φανέντας
839 3218 1057 3312 ἄνδρας·⁵
1086 3217 1329 3287 ἀγαθοὺς
1380 3218 1476 3271 καὶ
1505 3217 1840 3285 βεϐιωκότας

1933 2017 2317 2083 ηειυηι.Νεήι
2353 2026 2499 2095 quod
2526 2027 2728 2083 veritas
2756 2026 2827 2082 ab
2888 2028 2993 2082 illis
3053 2030 3137 2082 vel
3198 2028 3332 2083 mihi
3383 2032 3523 2098 patri

1932 2118 2260 2184 antefertur,
2291 2116 2645 2173 vehementer
2677 2118 2853 2173 laetor.
2888 2118 2964 2172 Ita
2999 2128 3107 2184 est,
3141 2120 3388 2190 inquam,
3423 2136 3524 2190 op-

1936 2213 2067 2266 timc
2096 2210 2176 2264 vir
2210 2229 2226 2265 :
2260 2209 2349 2265 isti
2404 2208 2712 2265 luculenter
2738 2225 2872 2265 meae
2902 2211 3184 2279 suﬁragati
3236 2222 3365 2266 sunt
3392 2228 3524 2268 ora-

1934 2301 2069 2358 tioni
2107 2318 2123 2356 :
2160 2302 2410 2371 ﬁliosque
2447 2309 2574 2357 tuos
2600 2300 2831 2357 veritate
2886 2302 3022 2357 nihil
3069 2303 3352 2374 antiquius
3419 2305 3524 2359 du-

1935 2409 2061 2450 cere
2096 2393 2295 2449 merito
2351 2392 2559 2447 laetare.
2623 2390 2732 2447 Sed
2793 2394 2939 2448 enim
2981 2410 3129 2450 nunc
3161 2396 3228 2451 de
3263 2398 3527 2466 paradiso

1936 2487 2069 2541 mihi
2111 2499 2302 2551 narra,
2334 2494 2387 2539 et
2419 2484 2486 2538 de
2524 2484 2812 2541 beatorum
2851 2486 2906 2540 in
2937 2501 3005 2541 eo
3031 2495 3198 2552 statu,
3233 2496 3287 2541 et
3333 2487 3401 2542 de
3430 2503 3526 2543 vo-

1939 2578 2242 2649 luptatibus
2267 2592 2406 2648 quas
2437 2578 2749 2648 percipiunt
2781 2577 2952 2633 :item
2988 2578 3053 2634 de
3075 2580 3398 2659 muneribus
3429 2599 3526 2634 cn-

1939 2671 2203 2739 ronisque
2248 2684 2440 2724 eorum
2498 2669 2592 2740 qui
2639 2668 2888 2725 vestibus
2953 2668 3083 2730 illis.
3118 2686 3257 2741 quas
3312 2670 3522 2733 dixisti,

1939 2758 2238 2815 induentur
2260 2760 2494 2830 :quibus
2516 2759 2700 2815 tamen
2724 2761 2969 2817 vestibus
2992 2761 3196 2830 aliquid
3222 2762 3520 2817 admistum

1940 2866 2063 2906 esse
2090 2860 2306 2921 oportet
2346 2852 2621 2918 miraculi,
2655 2853 2699 2908 si
2751 2854 2977 2925 quidem
3033 2868 3220 2908 verum
3258 2864 3362 2919 est,
3401 2871 3528 2909 cor-

1942 2943 2214 3012 ruptionis
2240 2954 2495 3015 expertes
2517 2960 2612 3001 eas
2648 2960 2770 3000 esse
2797 2960 3191 3015 permansuras
3224 2965 3237 3003 :
3262 2946 3531 3016 quocirca

1885 3104 1892 3110 _
1941 3034 2009 3090 de
2056 3044 2167 3092 tota
2205 3053 2287 3101 re,
2363 3037 2501 3092 mihi
2564 3038 2748 3103 crede,
2809 3038 3132 3094 addubitare
3190 3037 3362 3092 nimio
3405 3037 3531 3107 plus

1945 3129 2172 3198 incipio.
2201 3127 2339 3185 Illud
2370 3137 2553 3184 autem
2587 3144 2674 3184 me
2705 3137 2900 3199 praeter
2926 3139 3121 3186 caetera
3165 3131 3395 3185 edoceas
3425 3130 3529 3185 ob-

1945 3236 2149 3278 secro:
2205 3237 2273 3277 an
2315 3221 2635 3293 huiusmodi
2691 3223 2941 3279 vestibus
2992 3222 3287 3278 induentnr
3329 3236 3526 3276 omnes

240 3313 387 3383 “βίον
415 3311 567 3382 φίλον
588 3311 726 3383 Θεῷ,
768 3310 802 3381 ἥ
828 3312 994 3382 μέχρι
1010 3293 1117 3364 ’καὶ
1140 3309 1234 3364 τοῦ
1278 3309 1614 3379 παραδείσου
1650 3309 1840 3379 στήσε-

1946 3317 2257 3385 quicunque
2328 3315 2641 3385 religionem
2681 3313 2947 3372 ‘vestram
3013 3315 3385 3386 profitentur?
3439 3315 3527 3369 vel

270 3420 362 3457 ται
394 3403 600 3466 τούτοις
625 3405 658 3474 ἠ
683 3403 795 3456 εἴτε
814 3403 974 3473 χάρις
1000 3400 1097 3455 εἴτ’
1115 3400 1335 3477 ἀμοιϐὴ.
1351 3403 1450 3469 τῆς
1487 3401 1595 3454 τῶν
1625 3400 1842 3471 τρόπων

274 3495 510 3563 ἀρετῆς;
543 3495 635 3549 καὶ
665 3494 753 3551 διά
782 3495 851 3548 τά
892 3492 1028 3565 ἔργα
1066 3492 1303 3560 τούτοις,
1348 3493 1383 3563 ἢ
1409 3492 1499 3547 διά
1527 3493 1625 3566 τὴν
1657 3492 1843 3547 πίστιν

276 3585 428 3639 ἕσται
484 3586 641 3640 ταυτὶ
660 3584 872 3655 τάγαθά
893 3601 911 3652 ;
1516 3611 1520 3615 ’

1950 3412 2148 3481 partim
2188 3410 2406 3479 quidem
2437 3409 2760 3479 inducetur,
2793 3409 2993 3480 partim
3042 3424 3173 3465 vero
3199 3424 3308 3463 non
3347 3410 3478 3464 item
3503 3409 3532 3463 ἲ

1950 3515 2018 3555 an
2054 3501 2356 3572 majoribus
2402 3502 2728 3573 quibusdam
2756 3503 2914 3559 bouis
2961 3501 3072 3557 frui
3138 3510 3391 3571 possunt,
3431 3500 3529 3569 qui

1839 3628 1856 3642 .
1949 3593 2098 3647 viros
2144 3594 2347 3663 probos
2404 3606 2478 3661 se,
2520 3592 2994 3657 demonstrarunt,
3065 3602 3385 3661 gratamque
3423 3590 3533 3644 Deo

282 3679 452 3733 vitam
482 3678 755 3745 vixerunt,
783 3681 871 3734 vel
898 3678 1021 3748 ipso
1072 3676 1330 3751 paradiso
1358 3678 1843 3736 circumscribetur
1875 3682 1965 3739 illa
1994 3695 2092 3740 aut
2120 3687 2293 3755 gratia
2322 3695 2419 3742 aut
2446 3685 2709 3742 virtutum
2739 3686 3154 3743 remuneratio?
3179 3686 3437 3756 denique,
3460 3700 3532 3741 an

276 3783 497 3846 propter
519 3789 701 3843 opera,
739 3773 823 3830 vel
864 3782 1086 3844 propter
1134 3774 1321 3842 ﬁdem,
1376 3774 1494 3831 haec
1542 3775 1627 3832 eis
1662 3775 1948 3847 obtingant
1977 3780 2164 3836 bona?

346 3868 415 3940 η’.
458 3869 617 3924 Ἀλλά
654 3887 735 3924 σοι
788 3869 968 3923 πάντα
1020 3869 1385 3941 πειράσομαι,
1440 3871 1599 3940 φησὶ,
1649 3871 1846 3943 διηγή-

277 3963 500 4028 σασθαι,
528 3962 594 4035 ἢν
628 3966 657 4018 ό
685 3962 877 4034 καιρρς
927 3961 1222 4035 ἐπιτρέψῃ.
1255 3963 1371 4017 Καὶ
1420 3964 1532 4034 γὰρ
1567 3964 1632 4016 τὸ
1662 3963 1844 4032 λέγειν

275 4060 520 4125 τοιαῦτα,
552 4059 584 4131 ἦ
628 4058 846 4113 ἀκούειν
873 4057 1033 4114 ἄλλου
1059 4056 1171 4112 τοῦ-
1214 4057 1489 4127 λέγοντος,
1518 4057 1712 4129 ἔμοιγε
1751 4061 1846 4112 καὶ

279 4153 495 4218 μέλιτος
522 4151 692 4221 Ιιἰδιον.
745 4148 968 4219 Ῥητέον
1005 4148 1051 4202 δ’
1080 4150 1147 4204 ἂν
1196 4146 1285 4221 εἴη
1316 4148 1536 4219 πρῶτον
1565 4150 1697 4220 περὶ
1747 4148 1845 4203 τοῦ

276 4246 515 4313 πρῶτον.
560 4241 695 4296 Ἵσθι
726 4241 926 4308 τοίνυν,
957 4241 1036 4306 ὡς
1059 4241 1232 4310 ὀλίγοι
1258 4241 1462 4310 κομιδῆ
1494 4244 1748 4314 μετεῖχον
1778 4241 1846 4297 ἀν

275 4335 376 4404 τῆς
410 4336 685 4406 μακαρίας
718 4335 862 4406 ζωῆς
895 4335 990 4391 καὶ
1037 4333 1147 4390 τῶν
1193 4335 1252 4390 ἐν
1283 4335 1602 4407 παραδείσῳ
1643 4335 1848 4401 καλῶν,

278 4428 434 4498 εἴπερ
477 4429 504 4481 ὁ
537 4427 766 4494 Χριστὸς
806 4425 1053 4498 ἀκριϐῶς
1092 4426 1202 4481 τῶν
1227 4427 1381 4498 ,ἡμῖν
1434 4427 1848 4501 πεπραγμένων

274 4520 376 4583 τὰς
408 4520 638 4584 εὐθύνας
679 4519 898 4590 ἀπῄτει.
933 4518 1107 4582 Αὐτὸς
1138 4518 1248 4590 γὰρ
1280 4518 1595 4575 καθεδεῖται
1624 4520 1850 4575 πάντων

276 4612 471 4683 κριτὴς
492 4611 830 4674 δικαιότατος
852 4625 867 4641 '
903 4611 1063 4676 ίσμεν
1087 4608 1249 4664 τοῦτο
1288 4609 1430 4664 πάνυ
1456 4608 1640 4674 καλῶς
1659 4626 1674 4643 ο
1705 4610 1844 4680 πνοή

2021 3874 2076 3932 8.
2109 3875 2382 3943 Conabor,
2423 3874 2623 3947 inquit,
2655 3875 2701 3931 si
2723 3877 2942 3947 quidem
2968 3885 3068 3943 per
3097 3882 3316 3943 tempus
3355 3873 3532 3930 licue-

1948 3967 2042 4033 rit,
2075 3981 2335 4025 enarrare
2363 3966 2458 4022 tibi
2487 3966 2602 4022 haec
2632 3967 2840 4021 omnia.
2875 3963 3089 4019 Etenim
3124 3963 3189 4019 de
3214 3963 3531 4033 huiusmodi

1950 4060 2116 4115 rebus
2142 4058 2228 4113 vel
2260 4059 2464 4119 dicere.
2497 4059 2580 4113 vel
2614 4058 2850 4126 aliquem
2875 4056 3151 4112 dicentem
3200 4057 3415 4117 audire.
3450 4057 3533 4112 vel

1950 4151 2113 4207 melle
2143 4151 2276 4206 mihi
2301 4160 2386 4207 est
2414 4150 2669 4216 dulcius,
2703 4149 2945 4205 Primum
2996 4153 3180 4204 autem
3232 4148 3304 4204 de
3331 4149 3530 4219 primo.

1954 4245 2108 4303 Scire
2137 4244 2303 4316 igitur
2335 4252 2390 4300 to
2420 4245 2568 4310 velo,
2592 4244 2771 4301 felicis
2820 4243 2968 4298 illius
3049 4245 3196 4307 vitaz,
3227 4242 3536 4297 hortorum-

1950 4352 2058 4408 que
2091 4352 2213 4407 quae
2251 4338 2307 4392 in
2344 4335 3039 4417 paradiso‘percipientur,
3071 4333 3369 4405 participes
3415 4332 3536 4389 fore

1950 4417 2508 4505 admodum'paucos,
2544 4427 2589 4483 si
2618 4427 2876 4505 Christus
2907 4435 3221 4482 accuratam
3251 4424 3531 4480 actionum

1948 4530 2263 4576 nostrarum
2297 4520 2563 4575 rationem
2611 4534 2642 4573 a
2697 4520 2858 4575 nobis
2903 4519 3168 4590 exigeret.
3208 4518 3331 4588 Ipse
3380 4521 3526 4575 enim
3588 4536 3593 4543 ‘

1951 4614 2164 4670 sedebit
2190 4602 2437 4669 omnium
2470 4613 2814 4686 iustissimus
2833 4614 3001 4683 index
3031 4629 3047 4667 :
3076 4614 3304 4683 pulchre
3330 4614 3382 4668 id
3433 4614 3539 4669 sci-

275 4722 334 4756 τε
358 4704 470 4774 γάρ
498 4706 631 4770 ἐστι,
650 4704 744 4757 καὶ
776 4702 947 4776 ψυχὴ,
973 4704 1069 4758 καὶ
1098 4704 1274 4772 Λόγος
1311 4703 1517 4769 ζῶντος
1546 4701 1709 4770 Θεοῦ,
1750 4703 1840 4757 καὶ

1952 4721 2119 4761 mus:
2174 4704 2403 4774 spiritus
2460 4707 2607 4760 enim
2656 4713 2761 4766 est,
2799 4712 2857 4760 et
2916 4706 3123 4768 anima,
3174 4713 3228 4759 ct
3291 4702 3535 4759 Verbum

275 4799 344 4879 ἐξ
367 4797 645 4867 Παρθένου
673 4795 910 4868 τεχθεὶς,
942 4796 1191 4866 φυλάξας
1218 4798 1426 4868 ταύτην
1454 4798 1550 4855 καὶ
1585 4795 1727 4867 μετά
1753 4797 1846 4850 τό-

207 4956 211 4963 δ
274 4906 394 4955 κον,
437 4888 511 4952 ὡς
552 4890 616 4960 δὴ
651 4892 747 4944 καὶ
795 4891 1063 4961 πρότερον
1107 4884 1176 4960 ἧν
1200 4905 1215 4921 ⁸
1272 4889 1410 4944 ἀλλά
1448 4879 1551 4944 τὸν
1586 4887 1840 4959 Μωάμεθ

276 4983 506 5035 πλεῖστα
534 4983 727 5053 φιλῶν,
771 4983 914 5054 ὑπὲρ
952 4983 1062 5036 τῶν
1097 4983 1440 5037 ἐπταικότων
1470 4981 1848 5053 παραιτούμε-

273 5092 382 5137 νον,
409 5076 854 5147 αἰσχυνθήσεται,
883 5076 976 5143 καὶ
1007 5076 1107 5130 οὐκ
1134 5075 1454 5147 ἀποπέμψει
1480 5073 1670 5129 τοῦτον
1693 5074 1849 5127 κενὸν

275 5167 505 5221 ἐλπίδων
532 5183 546 5196 ·
597 5169 720 5221 ὅθεν
751 5171 799 5222 οἱ
830 5158 1032 5232 πάντες
1077 5169 1265 5240 σχεδὸν
1300 5168 1660 5238 σωθήσονται,
1703 5167 1849 5234 λέγω

275 5258 339 5326 δὴ
364 5261 491 5321 τιὺς
527 5260 845 5329 ἡμετέρουᾳ
890 5259 949 5312 '0
983 5259 1042 5313 δὲ
1089 5259 1153 5329 δὴ
1194 5260 1398 5329 τρόπος
1427 5262 1529 5328 τῆς
1571 5256 1849 5327 σωτηρίας

278 5350 370 5403 καὶ
396 5351 426 5402 ὁ
457 5351 783 5421 παράδεισος
813 5351 985 5415 οὕτως
1015 5354 1152 5422 ἔχει.
1176 5353 1398 5422 Τάφρος
1425 5351 1589 5404 αὐτὸν
1612 5350 1705 5404 τὸν
1746 5367 1855 5402 πα-

280 5445 526 5514 ράδεισον
565 5444 977 5515 περικυκλοῦσα
1012 5445 1226 5515 βαθεῖα,
1255 5444 1379 5515 ἥτις
1440 5461 1504 5513 γε
1544 5443 1854 5512 αὐτόματος

277 5537 463 5605 γέγονε
488 5577 503 5600 ,
568 5540 685 5602 τοῖς
742 5540 877 5593 πᾶσι
928 5537 1117 5592 τοῦτον
1168 5537 1370 5592 ἄϐατον
1427 5535 1806 5606 ἀπεργάζεται
1836 5548 1851 5562 '

279 5629 369 5682 καὶ
414 5629 524 5701 γάρ
573 5647 656 5684 τοι
707 5630 901 5701 πίττης
951 5631 1167 5701 πλήρης
1217 5629 1396 5693 ἐστὶν,
1442 5630 1564 5698 ἥτις
1610 5627 1675 5697 δὴ
1720 5626 1856 5696 ’τωρὶ

277 5721 521 5794 ἀσϐέστῳ
562 5723 949 5794 ἑκπυρουμὲνη
972 5724 1069 5780 τὸν
1110 5725 1290 5778 πάντα
1321 5721 1513 5795 χρόνον
1551 5721 1756 5796 σφόδρα
1793 5736 1853 5775 τε

344 5907 391 5978 (ι
401 5911 421 5980 ›
446 5906 589 5965 Cod.
621 5905 789 5966 Coisl.
816 5903 880 5982 ἦ.

1954 4796 2190 4854 viventis
2218 4797 2338 4863 Dei,
2370 4805 2530 4852 natus
2572 4812 2639 4852 ex
2686 4794 2930 4864 Virgine,
2964 4810 3128 4865 quam
3157 4804 3279 4864 post
3316 4806 3535 4864 partum

1957 4892 2146 4957 etiam,
2179 4900 2241 4947 ut
2278 4900 2395 4948 erat
2429 4900 2580 4955 ante,
2642 4890 3024 4947 conservavit:
3082 4890 3176 4944 sed
3206 4888 3536 4955 Moamethi,

1957 5001 2120 5056 quem
2147 4985 2350 5040 eximie
2375 4985 2572 5057 diligit,
2601 4999 2703 5055 pro
2733 4982 2902 5053 lapsis
2931 4982 3320 5037 intercedentis
3348 4968 3540 5053 depre;

1959 5078 2250 5149 cantisque
2302 5077 2572 5134 rationem
2619 5074 2860 5140 habebit,
2924 5089 3099 5142 neque
3137 5089 3259 5129 cum
3313 5091 3410 5131 sua
3441 5089 3540 5146 spe

1918 5232 1922 5236 ,
1954 5171 2276 5227 frustratum
2305 5171 2541 5225 dimittet
2571 5169 2959 5224 :undeomncs
2992 5167 3125 5229 fere,
3152 5178 3374 5224 nostros
3391 5169 3541 5230 dico,

1955 5265 2345 5320 servabuntur.
2379 5262 2584 5318 Salutis
2616 5272 2798 5315 autem
2833 5261 2977 5316 ratio
3006 5270 3064 5317 et
3092 5262 3384 5331 paradisus
3411 5272 3539 5318 sunt

1956 5356 2298 5426 huiusmodi.
2338 5355 2656 5413 Paradisum
2710 5352 2860 5409 fossa
2906 5355 3212 5409 circumdat
3245 5356 3539 5423 profunda,

1960 5446 2166 5508 nativa,
2198 5443 2350 5498 aditu
2374 5458 2566 5498 omnes
2590 5457 2786 5499 arcens
2821 5459 2834 5496 :
2872 5457 2934 5497 ea
2975 5440 3122 5497 fossa
3179 5443 3298 5512 pice
3330 5443 3535 5512 repleta

1962 5546 2070 5603 est,
2098 5550 2219 5606 quae
2250 5534 2682 5605 inexstinguihili
2733 5532 2969 5604 ﬂagrans
3026 5532 3241 5588 ﬂamma
3272 5545 3535 5603 perpetuo

1962 5628 2144 5692 bullit,
2178 5628 2442 5696 omnique
2477 5636 2723 5696 tempore
2749 5626 3084 5682 circumﬂuit
3139 5626 3191 5680 in
3251 5626 3422 5687 fossa,
3448 5623 3539 5677 in‘

1960 5719 2301 5789 faudumque
2328 5718 2551 5774 exhibet
2586 5718 2817 5777 auribus
2873 5719 3165 5786 fragorem,
3191 5726 3247 5773 et
3273 5714 3547 5772 horribile

2041 5908 2118 5982 (‘2)
2151 5905 2338 5976 Forte,
2373 5906 2709 5978 είδοποιήσῃ.

3414 437 3521 501 Ῑῗε
3609 496 3615 502 .
