3972 6488
473 391 574 468 159
1677 399 2070 464 MANUELIS
2127 399 2575 461 PALEOLOGI
3089 416 3099 425 -
3638 399 3736 464 ιω

467 514 741 581 quoddam
774 514 1144 585 spectaculum
1177 516 1373 571 oculis.
1435 516 1529 572 Est
1582 531 1749 586 porro
1789 516 2034 586 paradisi

2162 512 2242 576 ζεῖ,
2274 515 2365 564 καὶ
2402 513 2658 583 περιρρεῖ
2687 511 2746 564 ἐν
2773 511 2836 580 τῇ
2872 510 3064 580 τάφρῳ
3094 509 3400 580 διηνεκῶς,
3427 511 3527 564 καὶ
3547 512 3742 568 δοῦπον

468 614 626 674 porta
663 621 792 668 una,
819 622 955 674 pons
988 623 1130 662 unus
1161 626 1173 661 :
1217 607 1262 662 is
1323 623 1458 678 pons
1489 609 1703 674 gladius
1733 618 1816 663 est
1840 610 2040 662 mirum

2162 604 2435 673 ὶποφρόιδα
2478 603 2710 674 παρέχει
2747 605 2867 665 ταῖς
2898 604 3109 668 ἀκοαῖς,
3167 607 3269 660 καὶ
3322 607 3572 676 φρικτήν
3626 625 3746 659 τινα

466 706 730 764 quantum
762 707 976 760 acutus,
1001 715 1167 769 super
1206 717 1366 768 quem
1398 701 1562 756 nudis
1596 701 1824 769 pedibus
1865 709 2046 752 trans-

2162 690 2273 744 θέαν
2296 692 2408 754 τοῖς
2430 690 2748 762 ὀφθαλμοῖς.
2775 692 2892 744 Μία
2918 691 2972 745 δέ
3003 708 3088 754 τις
3115 693 3264 764 θύρα.
3287 691 3371 762 τῷ
3399 693 3742 762 παραδείσῳ,

470 790 549 842 ire
601 801 840 858 oportet,
893 793 1102 861 utqnis
1151 794 1388 860 paradisi
1439 795 1531 848 liat
1581 793 2033 864 particeps:alio

2162 781 2237 836 ιαὶ
2267 783 2480 852 γέφυρα
2513 783 2641 852 μία·
2673 783 2757 854 ἧδ’
2785 783 2902 836 ἐστὶ
2928 783 3080 852 ξίφος
3103 784 3441 855 τομώτατον
3470 785 3593 848 πῶς
3625 786 3746 851 οίει,

477 878 639 934 modn
679 897 744 936 eo
798 885 1083 951 pervenire
1115 901 1219 938 non
1290 886 1435 941 licet.
1487 885 1913 951 Quibuscunque
1945 884 2046 953 igi-

2162 873 2277 927 ldei
2303 877 2532 946 γυμνοῖν
2561 877 2674 928 τοῖν
2706 875 2889 928 ποδοῖν
2919 875 3235 940 διελθόντας
3268 878 3370 930 τοῦ
3407 879 3748 950 παραδείσου

469 978 560 1021 tur
590 971 704 1024 leve
730 987 928 1042 corpus
962 975 1084 1038 erit,
1118 985 1172 1028 et
1215 976 1500 1045 aligerum.
1537 985 1594 1030 ut
1623 976 1696 1030 ita
1728 977 1927 1040 dicam,
1968 975 2022 1028 hi

2162 967 2437 1037 ιετέχειν’
2481 969 2658 1032 ἄλλως
2709 969 2756 1022 δ’
2807 971 2908 1023 οὑκ
2967 970 3181 1024 ἔνεστιν
3244 971 3474 1025 ἐκείνου
3536 975 3746 1044 τυχεῖν.

469 1062 616 1115 nulla
653 1079 708 1117 re
739 1064 850 1118 laesi
881 1067 1211 1131 transibunt,
1243 1069 1308 1122 ad
1341 1069 1740 1136 bcatorumque
1767 1069 2044 1136 regionem

470 1157 790 1224 pervenient
822 1177 834 1210 :
863 1158 1181 1228 quicunque
1230 1169 1411 1215 autem
1453 1173 1801 1231 peccatorum
1829 1161 2040 1231 pondus

467 1259 653 1299 secum
683 1247 1077 1302 circumferunt
1102 1252 1251 1319 (sunt
1287 1261 1470 1305 autem
1497 1253 1530 1304 ii
1559 1267 1789 1305 nurnero
1817 1251 2042 1322 plure~),

469 1337 586 1389 acie
623 1337 672 1389 hi
705 1338 818 1392 laesi
855 1339 1108 1394 deorsum
1145 1344 1648 1412 praecipitabuntur.
1690 1343 1795 1397 Sed
1838 1360 1934 1409 pro
1967 1345 2033 1399 iis

2145 1060 2338 1124 Ὅσοις
2388 1062 2570 1114 τοίνυν
2604 1062 2662 1114 τὸ
2689 1060 2851 1132 σῶμα
2879 1062 3129 1132 κοῦφον,
3163 1066 3268 1118 καὶ
3301 1064 3650 1136 ὑπόπτερον,
3675 1067 3751 1130 ὡς

2145 1149 2213 1202 ἂν
2253 1149 2400 1203 εἴποι
2427 1169 2532 1216 τις,
2581 1149 2749 1220 μηδὲν
2772 1151 3221 1220 παραϐλαϐέντες
3243 1153 3637 1222 διαϐήσονται,
3661 1158 3751 1208 καὶ

2143 1241 2428 1306 τεύξονται
2468 1260 2531 1310 γε
2582 1243 2677 1296 τοῦ
2722 1243 2903 1314 χώρου
2965 1244 3074 1297 τῶν
3129 1245 3478 1314 μακαρίωνο
3524 1247 3643 1299 ὅσοι
3703 1247 3748 1300 δ’

2142 1333 2306 1402 ἄχθος
2335 1333 2620 1404 ἁμαρτιῶν
2647 1336 3040 1406 περιφέρουσιν
3068 1335 3200 1405 (εἰσὶ
3217 1335 3267 1388 δ’
3293 1337 3389 1405 ἄρ’
3407 1337 3458 1388 οἱ
3486 1337 3745 1402 πλείους),
3799 1393 3811 1403 υ

471 1436 670 1491 tamen,
700 1430 910 1493 utdixi,
945 1431 1204 1500 propheta
1253 1441 1436 1487 noster
1466 1442 1738 1486 amantem
1767 1434 1849 1488 sni
1882 1433 2036 1502 judi-

471 1532 586 1570 cem
616 1519 1020 1586 deprecabitur,
1044 1522 1420 1594 obtinebitque
1446 1540 1568 1594 quae
1600 1525 1744 1580 volet
1775 1544 1788 1580 :
1820 1526 1877 1580 id
1908 1541 2046 1596 quo-

470 1610 632 1665 modo
661 1611 772 1678 lict,
805 1613 912 1681 jam
949 1628 1097 1668 nunc
1128 1614 1331 1670 dicam.

538 1795 592 1850 9.
627 1797 923 1866 Postquam
973 1805 1142 1852 totum
1173 1798 1482 1854 confectum
1514 1799 1676 1854 fuerit
1709 1799 1903 1869 iudicii
1939 1814 2038 1854 ne-

471 1889 699 1956 gotium,
741 1887 904 1943 Jesus
937 1888 1270 1956 Moametbo,
1292 1908 1452 1960 quem
1478 1893 1825 1964 singulariter
1852 1891 2045 1962 diligit,

473 1979 613 2034 hanc
644 1981 918 2049 optionem
951 1982 1103 2036 dabit
1141 2001 1154 2036 :
1196 1990 1378 2037 utrum
1416 1987 1568 2039 malit
1596 2001 1691 2039 eos
1735 1985 1827 2054 qui
1855 1986 2043 2039 eadem

475 2072 578 2124 lide
615 2071 841 2133 fuerint.
874 2072 1090 2126 etiamsi
1130 2088 1195 2127 ex
1225 2076 1333 2128 alio
1355 2090 1572 2143 genere,
1595 2077 1918 2145 diversaque
1955 2092 2052 2130 su-

475 2161 800 2230 perstitione
835 2161 900 2215 ad
955 2177 1056 2216 nos
1109 2166 1466 2233 accesserint,
1527 2183 1592 2220 ex
1653 2166 1800 2222 lossa
1832 2170 2050 2238 eripere

476 2251 830 2320 fruemlisque
861 2253 1101 2320 paradisi
1145 2254 1356 2310 deliciis
1412 2256 1620 2311 donare
1656 2274 1670 2310 :
1710 2273 1779 2313 an
1828 2275 1924 2314 eos
1953 2259 2046 2330 qui

472 2358 670 2413 genere
704 2345 878 2410 ipsum
915 2345 1204 2414 attingant,
1240 2348 1495 2413 quamvis
1543 2364 1650 2402 non
1679 2349 1925 2418 ejusdem
1961 2367 2049 2405 re-

474 2435 962 2503 ligioniscultores
994 2451 1117 2491 esse
1174 2438 1676 2506 deprehendantur.
1730 2441 1867 2495 Tum
1901 2441 2049 2495 Moa-

473 2525 689 2579 methus
723 2525 1022 2592 discipulos
1048 2527 1229 2595 potius
1273 2529 1438 2599 eliget
1467 2545 1626 2597 quam
1659 2533 1997 2600 propinquos
2029 2549 2043 2586 :

472 2615 787 2686 Christique
826 2617 1158 2672 auctoritate
1192 2616 1366 2672 fretus
1393 2621 1459 2673 ad
1494 2619 1697 2675 fossam
1727 2622 1839 2676 cito
1881 2624 2050 2678 devo-

477 2709 635 2770 labit,
669 2719 720 2761 et
750 2718 904 2763 stans
937 2709 990 2762 in
1051 2709 1338 2778 crepidine
1396 2710 1658 2766 inclinato
1687 2712 1863 2780 capite
1891 2728 2047 2768 suam

475 2801 592 2867 ipse
623 2813 836 2852 comam
871 2797 1131 2863 prehendi
1163 2799 1328 2864 sinet,
1358 2809 1410 2858 et
1440 2816 1546 2854 uno
1576 2817 1796 2872 quoque
1822 2803 2050 2872 capillo-

477 2906 596 2944 rum
625 2891 757 2958 (nun
787 2889 974 2941 dubito
999 2888 1133 2958 quin
1167 2889 1368 2945 mirere
1390 2893 1532 2958 quod
1562 2893 1774 2963 audies)
1812 2893 2049 2949 incredi-

478 2983 637 3036 bilem
666 2980 1064 3048 discipulorum
1091 2995 1404 3047 numerum,
1426 2982 1517 3051 qui
1536 2982 1838 3037 facinorum
1860 2999 2049 3053 pcenas

476 3076 737 3144 pendunt,
766 3089 796 3128 e
823 3073 962 3127 fossa
996 3073 1168 3128 tollet.
1198 3077 1373 3144 Atque
1400 3077 1472 3129 ita
1503 3077 1579 3142 ﬁt,
1599 3077 1820 3144 hospes,
1848 3086 1905 3131 ut
1935 3093 2050 3133 ser-

2141 1428 2219 1497 τῷ
2254 1429 2457 1498 σιδήρῳ
2487 1429 2814 1498 τεμνόμενοι
2848 1429 3381 1500 κατενεχθήσονται.
3421 1430 3592 1485 Ἀλλὰ
3620 1432 3748 1502 περὶ

2142 1521 2368 1586 τούτων,
2387 1521 2460 1583 ὼς
2483 1521 2640 1593 ἔφην,
2667 1522 2696 1573 ὁ
2718 1521 2987 1592 ἡμέτερος
3013 1522 3315 1593 προφήτης
3345 1522 3448 1575 τὸν
3475 1523 3736 1590 φιλοῦντα

2143 1614 2336 1683 κριτὴν
2357 1613 2781 1684 παραιτήσεται,
2801 1614 3012 1682 καὶτῆς
3039 1615 3317 1685 αἰτήσεως
3344 1613 3701 1682 ὲπιτεύξεται
3719 1629 3733 1646 ⁸

2143 1703 2203 1755 τὸ
2231 1703 2275 1756 δ’
2313 1703 2483 1771 ὅπως,
2515 1702 2750 1774 ἔρχομαι
2785 1702 2974 1766 λέξων.

2218 1797 2283 1850 θ’.
2336 1797 2490 1850 Μετὰ
2528 1796 2588 1849 τὸ
2629 1796 2782 1860 τέλος
2817 1798 2996 1851 πάντα
3033 1797 3185 1865 σχεῖν
3218 1794 3295 1849 τὰ
3339 1795 3448 1864 τῆς
3482 1795 3736 1866 κρίσεως,

2149 1889 2523 1959 προθήσειτῷ
2562 1881 2812 1957 Μωάμεθ
2855 1889 2884 1940 ὁ
2915 1889 3291 1959 διαφερόντως
3345 1888 3518 1942 αὑτὸν
3575 1887 3740 1957 φιλῶν

2162 1982 2369 2052 Ἰησοῦς
2401 1981 2614 2051 αἰρεσιν
2645 1979 2804 2050 τήνδε
2835 1995 2850 2010 ο
2883 1983 2914 2050 ἢ
2949 1981 3075 2042 τοὺς
3103 1979 3462 2049 όμοπίστους
3492 1980 3666 2048 αὐτῷ,
3692 1979 3740 2032 εί

2149 2072 2213 2142 δὴ
2249 2073 2343 2126 καὶ
2363 2071 2421 2136 ἐξ
2454 2073 2615 2125 ἄλλου
2645 2071 2836 2138 γένους
2861 2071 2953 2123 καὶ
2984 2071 3292 2144 θρησκείας
3338 2069 3740 2142 προσεληλύθεο

2153 2183 2272 2230 σαν,
2328 2163 2609 2230 ἐξελέσθαι
2656 2165 2875 2233 ἐκείνης
2906 2165 3007 2234 τῆς
3051 2165 3296 2232 τάφρου,
3329 2165 3432 2216 καὶ
3459 2165 3562 2234 τῆς
3586 2163 3644 2215 ἑν
3670 2161 3740 2230 τῷ

2159 2257 2477 2328 παραδείσῳ
2507 2256 2691 2309 δοῦναι
2736 2257 2952 2326 τρυφῆς
2983 2255 3289 2309 ἀπολαύειν
3315 2272 3332 2288 ·
3377 2256 3413 2324 ἦ
3446 2256 3577 2320 τοὺς
3603 2251 3740 2322 αὐτῷ

2151 2350 2531 2420 προσήκοντας
2583 2349 2727 2401 κατὰ
2764 2348 2944 2415 γένος,
2975 2349 3023 2400 εί
3073 2349 3168 2401 καὶ
3225 2348 3333 2418 τῆς
3369 2348 3548 2418 αὐτῆς
3596 2345 3736 2416 αὑτῷ

2151 2439 2451 2510 θρησκείας
2483 2440 2580 2509 οὐχ
2613 2439 2900 2510 εὕρηνται.
2949 2440 3009 2492 '0
3036 2438 3093 2492 δὲ
3126 2438 3260 2504 τοὺς
3294 2439 3574 2509 φοιτητὰς
3606 2440 3737 2510 μᾶλ-

2150 2535 2244 2586 λον
2283 2533 2316 2604 ἢ
2350 2535 2476 2596 τοὺς
2517 2534 2581 2586 ἐκ
2609 2533 2802 2600 γένους
2834 2533 3121 2603 αἱρήσεται
3148 2548 3162 2563 ·
3187 2535 3289 2586 καὶ
3318 2533 3511 2588 λαϐὼν
3537 2530 3736 2586 τούνδό-

2152 2643 2315 2696 σιμον
2346 2626 2483 2696 ταχὺ
2544 2627 2838 2694 δραμεῖται
2871 2625 3022 2696 παρὰ
3047 2624 3146 2696 τὴν
3191 2627 3436 2696 τάφρον,
3469 2629 3569 2681 καὶ
3607 2624 3734 2695 πρὸς

2149 2724 2268 2785 ταῖς
2295 2720 2498 2788 ταύτης
2529 2719 2716 2790 ὄχθαις
2746 2719 2898 2784 στὰς,
2923 2718 3114 2781 κλίνας
3141 2718 3299 2773 κάτω
3328 2720 3436 2792 τὴν
3467 2720 3724 2789 κεφαλὴν,

2149 2811 2311 2864 δώσει
2344 2811 2444 2879 τῆς
2477 2811 2653 2880 κόμης
2692 2809 2985 2876 λαϐέσθαι,
3027 2811 3123 2865 καὶ
3154 2811 3371 2884 ἑκάστῃ
3401 2813 3515 2866 τῶν
3544 2811 3732 2882 τριχῶν

2153 2902 2479 2972 (θαυμάσεις
2513 2901 2570 2954 εὖ
2620 2897 2717 2979 οἶδέ
2746 2904 2827 2955 ὅτι
2868 2903 3131 2973 ἀκούσας)
3157 2905 3445 2976 μυριάδας
3473 2905 3732 2960 ἀνελεῖται

2149 2995 2259 3049 τῶν
2295 2993 2483 3061 αὑτοῦ,
2516 2995 2773 3047 τινόντων
2802 2995 2962 3067 δίκην
2989 2995 3098 3049 τῶν
3129 2998 3578 3069 πεπραγμένων.
3604 2994 3732 3047 Τοῦτ

2150 3101 2244 3139 τον
2292 3085 2472 3138 τοίνυν
2511 3086 2778 3156 ἀμηγέπη
2805 3086 2899 3140 τὸν
2922 3087 3124 3157 τρόπον
3153 3089 3267 3152 πᾶς
3299 3091 3328 3142 ὁ
3362 3088 3623 3160 καθαρῶς
3649 3085 3732 3138 ἐλ-

477 3179 636 3222 vatns
664 3167 825 3222 fuerit
855 3169 1170 3236 quicunque
1197 3168 1250 3220 in
1285 3166 1650 3223 Moamrthum
1685 3171 1905 3224 sincere
1933 3186 2048 3238 spc-

2162 3179 2324 3240 πίσας
2349 3180 2431 3242 είς
2458 3178 2548 3231 τὸν
2577 3179 2824 3248 Μωάμεθ
2852 3179 3183 3249 σωθήσεται,
3207 3183 3496 3253 μακάριος
3523 3181 3620 3252 μὲν
3643 3179 3734 3247 τῆς

477 3262 632 3328 rarit,
659 3266 846 3316 beatus
869 3261 960 3316 ille
982 3263 1050 3315 ab
1073 3261 1487 3334 immortalitate
1513 3272 1568 3316 et
1599 3264 1832 3329 honore,
1863 3263 2058 3318 beatus

480 3371 508 3408 a
547 3355 757 3408 deliciis
793 3353 995 3422 quibus
1049 3353 1365 3422 perfruetur
1392 3353 1445 3407 in
1469 3354 1747 3422 paradiso,
1778 3370 1916 3424 quas
1942 3354 2056 3424 jam

479 3462 626 3501 nunc
643 3454 854 3514 tempus
880 3454 966 3500 est
983 3443 1285 3501 utdicendo
1309 3460 1624 3515 persequar.
1643 3446 1770 3513 Sed,
1791 3446 1867 3500 dii
1899 3447 2051 3512 boni,

479 3538 740 3608 quidnam
761 3552 826 3591 ex
846 3535 953 3590 illis
976 3535 1138 3590 rebus
1152 3537 1388 3606 primum
1413 3537 1914 3593 enarrabo?omnia
1931 3548 2063 3593 sunt

480 3628 663 3682 divine
721 3626 948 3696 pulchra
977 3641 994 3680 :
1028 3626 1246 3697 singula
1293 3626 1546 3692 suadent,
1574 3638 1653 3693 ut,
1683 3627 2061 3698 cujuscunque
2120 3627 2133 3637 '

481 3721 634 3792 prius
659 3718 994 3783 memineris,
1015 3719 1068 3774 id
1088 3720 1325 3786 primum
1347 3720 1584 3774 humana
1601 3720 1836 3776 celebret
1853 3721 2060 3790 lingua.

554 3815 641 3870 lO.
679 3812 899 3868 Florum
921 3811 1067 3868 enim
1097 3813 1353 3878 varietas,
1395 3812 1672 3868 fructuum
1699 3813 2056 3879 abundantia,

485 3907 671 3963 omnis
706 3904 924 3976 generis
953 3904 1171 3976 frugum
1206 3905 1487 3973 nobilitas,
1507 3905 1818 3975 plantarum
1840 3920 2059 3976 semper

483 3998 777 4052 virentium
807 3997 1006 4067 gratia,
1037 4011 1234 4067 cespes
1285 3997 1440 4052 nullo
1467 4011 1706 4064 unquam
1728 3995 1890 4050 modo
1939 4011 2060 4051 are-

485 4105 670 4152 scens,
712 4103 978 4157 aquarum
1008 4088 1520 4162 limpidissimarum
1565 4087 1762 4143 eﬁ'usio
1805 4099 1859 4143 et
1915 4104 2063 4142 mur-

489 4198 631 4245 mur,
673 4181 899 4236 suavius
924 4195 1088 4252 quam
1119 4180 1377 4235 Sirenum
1409 4175 1606 4235 cantus
1631 4195 1792 4235 aures
1825 4182 2063 4250 permul-

488 4291 640 4341 cens,
675 4273 856 4330 omnia
905 4273 1142 4343 denlque
1170 4287 1292 4345 qua:
1318 4270 1583 4328 olfactum
1607 4275 1847 4328 aliumve
1875 4288 2064 4342 quem-

490 4368 573 4424 vis
605 4381 825 4421 sensum
854 4365 1130 4422 oblectare
1157 4375 1411 4437 possunt,
1438 4365 1492 4420 in
1531 4379 1768 4428 summa,
1796 4364 2062 4436 quidquid

489 4469 800 4525 venustum,
823 4458 1086 4529 quidquid
1120 4473 1402 4529 magnum,
1423 4456 1690 4527 quidquid
1714 4457 2062 4527 splendidum

2161 3269 2461 3330 ἀθανασίας
2514 3267 2608 3320 καὶ
2662 3267 2762 3334 τῆς
2801 3267 2992 3338 τιμῆς,
3029 3268 3306 3338 μακάριος
3353 3271 3412 3324 δὲ
3445 3269 3546 3339 τῆς
3577 3269 3631 3322 ὲν
3661 3264 3733 3335 τῷ

2160 3359 2475 3429 παραδείσῳ
2511 3359 2747 3428 τρυφῆς,
2780 3358 2848 3428 ἢν
2884 3360 2952 3432 δὴ
2991 3359 3183 3432 καιρὸς
3212 3361 3285 3416 ἂν
3333 3361 3423 3433 εἴη
3465 3359 3731 3427 διεξιέναι.

2161 3452 2228 3504 Τί
2250 3451 2306 3504 δὲ
2326 3451 2548 3522 πρῶτον
2577 3452 2688 3506 τῶν
2704 3453 2821 3504 ἐκεῖ
2848 3451 3218 3522 διηγήσομαι;
3252 3454 3440 3510 πάντα
3469 3453 3579 3524 γὰρ
3604 3447 3734 3504 καλὰ

2159 3540 2281 3594 λίαν
2308 3557 2322 3572 ·
2362 3543 2454 3595 καὶ
2485 3543 2581 3612 τὴν
2608 3542 2856 3611 γλῶτταν
2877 3543 3128 3597 -ἓκαστον
3161 3545 3372 3610 πείθει,
3404 3546 3526 3599 ὅτου
3565 3559 3645 3607 τις
3672 3540 3732 3594 ἂν

2161 3632 2383 3688 πρώτου
2413 3634 2650 3705 μνησθῇ,
2687 3636 2817 3706 περὶ
2850 3634 3016 3689 αὑτοῦ
3045 3620 3112 3704 ¹γε
3145 3637 3372 3708 πρῶτον
3397 3637 3594 3692 εἰπεῖν.

2235 3822 2287 3872 ι’.
2315 3816 2523 3870 Αὐτίκα
2541 3815 2725 3868 τοίνυν
2755 3815 2967 3871 ἀνθέων
2996 3833 3053 3870 τε
3084 3817 3359 3884 ποικιλία,
3391 3820 3486 3874 καὶ
3515 3815 3729 3888 καρπῶν

2161 3906 2417 3978 ἀφθονία,
2447 3908 2540 3960 καὶ
2565 3907 2928 3962 παντοδαπῶν
2953 3908 3176 3980 ὡραίων
3201 3911 3483 3981 εὐγένεια,
3517 3911 3609 3966 καὶ
3638 3925 3728 3978 φυ-

2162 3999 2272 4052 τῶν
2327 3997 2594 4052 ὰειθαλῶν
2642 3999 2827 4071 χάρις,
2858 3999 2954 4052 καὶ
3007 4000 3116 4054 πόα
3153 4002 3427 4073 μηδαμῶς
3479 3994 3730 4071 μηδέποθ’

2164 4090 2509 4161 ὑπομένουσα
2531 4090 2737 4159 φθίσιν,
2765 4090 2858 4144 καὶ
2885 4090 3267 4146 διειδεστάτων
3299 4093 3507 4146 ὑδάτων
3525 4089 3620 4162 ῥοὴ
3642 4088 3730 4139 σὺν

2163 4183 2281 4252 ἤχῳ
2316 4182 2422 4235 τῶν
2463 4182 2736 4252 Σειρήνων
2788 4184 3017 4250 ἄμεινον
3062 4184 3159 4253 τὴν
3199 4187 3374 4255 ἀκοὴν
3407 4183 3728 4254 γοητεύοντι,

2165 4274 2260 4328 καὶ
2295 4273 2452 4328 πάνθ’
2497 4272 2534 4327 ἃ
2563 4273 2660 4344 τὴν
2693 4273 2965 4343 ὄσφρησιν
2990 4275 3068 4344 (1)
3095 4275 3278 4344 Θέλγει
3306 4274 3400 4331 ἰαὶ
3429 4276 3528 4346 τὴν
3577 4271 3731 4338 ἄλλην

2165 4365 2424 4435 αἴσθησιν
2459 4366 2665 4428 πᾶσαν,
2706 4365 2801 4417 καὶ
2831 4365 2990 4429 ὅλως,
3024 4367 3076 4421 ετ
3121 4384 3173 4420 τι
3203 4367 3422 4439 χαρίεν,
3453 4365 3546 4421 καὶ
3575 4363 3728 4434 μέγα,

2167 4455 2262 4509 καὶ
2293 4454 2570 4525 λαμπρὸν,
2605 4453 2701 4508 ἅτε
2741 4454 2809 4523 δὴ
2843 4455 2989 4526 χειρὶ
3033 4453 3170 4508 Θεοῦ
3206 4449 3728 4521 κατεσκευασμένον,

392 4545 403 4555 ’
491 4569 521 4616 a
554 4553 645 4607 Dei
678 4553 1008 4608 immortalis
1041 4565 1204 4606 manu
1228 4559 1604 4606 constructum
1652 4559 1757 4614 est,
1792 4549 1843 4603 id
1876 4563 2055 4615 omne,

2169 4547 2248 4619 τῷ
2284 4537 2602 4618 παραδείσῳ
2632 4547 2880 4615 γίγνεται
2915 4548 3150 4619 κόσμος⁹
3183 4548 3276 4602 καὶ
3298 4547 3527 4618 ὡραῖζει
3554 4541 3731 4596 τοῦτον

494 4647 721 4716 hospes,
761 4645 817 4700 in
854 4653 1236 4699 ornamentum
1283 4643 1428 4697 cedit
1471 4641 1730 4711 paradiso
1763 4658 1776 4694 :
1816 4641 1866 4695 id
1901 4655 2064 4694 omne

491 4751 615 4790 cum
649 4735 969 4789 mirabiliter
999 4743 1226 4790 exornat
1257 4750 1273 4788 :
1304 4733 1356 4787 id
1378 4747 1541 4787 omne
1561 4732 1740 4786 locum
1774 4729 1904 4786 facit
1927 4745 2064 4800 qua-

493 4829 624 4889 libet
657 4828 878 4882 tristitia
909 4827 1269 4895 superiorem.
1298 4825 1416 4879 Duo
1456 4839 1621 4894 porro
1661 4837 1848 4878 amnes
1873 4838 2066 4893 peren-

491 4919 874 4984 nes,maximi,
903 4923 1070 4972 latera
1092 4916 1210 4985 ejus
1239 4917 1670 4982 alluentes,eum
1694 4915 2067 4983 complectun-

495 5027 608 5076 tur,
626 5023 680 5068 et
703 5013 983 5068 caelestem
1007 5052 1022 5076 ,
1051 5017 1112 5063 ut
1141 5010 1216 5064 ita
1248 5008 1452 5074 dicam,
1484 5017 1812 5064 concentum
1847 5007 2015 5061 edunt
2047 5023 2062 5060 :

495 5107 921 5175 paradisumque
955 5101 1272 5156 scindentes
1325 5099 1587 5165 medium,
1624 5108 1812 5168 postea
1843 5097 1947 5167 ipsi
1973 5097 2061 5151 di-

495 5197 667 5253 visiin
697 5197 899 5250 multas
928 5201 1113 5262 partes
1139 5191 1480 5255 dilabuntur,
1502 5193 1790 5259 denuoquc
1815 5193 1869 5244 in
1900 5203 2068 5244 unum

493 5287 802 5352 conﬂuunt,
828 5286 1070 5353 inseque
1094 5283 1456 5353 prmcipitant,
1497 5283 1652 5352 quasi
1686 5283 1914 5336 animati
1945 5295 2072 5351 per-

497 5393 712 5446 petuam
781 5379 1020 5444 aliquam
1063 5374 1405 5429 saltationem
1430 5382 1768 5434 exercerent,
1803 5380 2075 5443 spectato-

497 5470 757 5536 ribusque
819 5465 1161 5521 exhiberem.
1207 5463 1316 5517 Nec
1335 5477 1524 5517 eorum
1575 5462 1837 5516 alteruter
1867 5475 2065 5530 aquam

499 5561 678 5615 habet:
713 5559 895 5622 ambo,
921 5567 977 5611 ut
1003 5573 1127 5612 cum
1155 5556 1457 5624 inspexeris
1484 5564 1538 5610 et
1562 5554 1825 5618 audieris,
1846 5555 1916 5607 ita
1941 5569 2066 5609 cum

499 5651 754 5716 gustaris,
783 5647 1088 5702 incredibili
1123 5657 1174 5701 te
1207 5647 1479 5716 voluptate
1504 5645 1882 5715 permulcent:
1913 5640 2068 5693 melle

493 5741 658 5805 alter,
689 5741 830 5793 lacte
869 5739 1004 5793 alter
1029 5747 1214 5793 manat
1248 5756 1262 5794 :
1303 5735 1871 5803 remunerationisquc
1904 5734 2066 5785 ambo

573 5849 651 5920 (l)
677 5826 811 5905 Cod.
843 5866 953 5921 reg.
981 5850 1213 5923 ὅσφησιν

2171 4640 2291 4703 πῶς
2325 4641 2465 4694 οῐει⁶
2512 4641 2610 4692 καὶ
2664 4641 2809 4690 ποιεῖ
2852 4639 3052 4708 χωρίον
3089 4638 3268 4710 λύπης
3311 4637 3600 4706 ἀνώτερον.
3632 4629 3730 4684 Καὶ

2169 4731 2305 4800 δῆτα
2327 4729 2563 4798 ποταμοί
2593 4743 2737 4790 τινες
2765 4727 2878 4793 δύο,
2908 4727 3123 4782 ἀένναοί
3149 4745 3206 4780 τε
3224 4727 3321 4781 καὶ
3340 4744 3457 4795 παμ
3467 4742 3531 4793 με
3543 4720 3727 4791 γέθειςς

2172 4821 2434 4877 κυκλοῢσί
2469 4837 2528 4872 τε
2568 4819 2732 4873 αὑτὸν
2761 4820 3170 4890 περιρρέοντες,
3203 4821 3298 4875 καὶ
3328 4817 3526 4887 κομιδῆ
3553 4807 3729 4879 δαιμό·

2172 4935 2284 4970 νιον
2307 4917 2495 4986 ῶσπερ
2514 4913 3088 4984 ἁναπέμπουσιμέλος
3113 4929 3128 4944 ⁸
3156 4908 3277 4967 εἶτα
3301 4913 3492 4967 τοῦτον
3521 4907 3728 4977 τέμνον-

2168 5028 2260 5074 τες
2297 5011 2482 5081 μέσον,
2515 5009 2610 5062 ml.
2644 5008 2711 5062 αὖ
2743 5009 2853 5063 οἵδε
2887 5008 3214 5078 τεμνόμενοί
3244 5025 3302 5060 τε
3337 5007 3432 5062 καὶ
3463 5005 3542 5067 είς
3570 4994 3726 5054 πολλὰ

2169 5102 2566 5172 διαιρούμενοι,
2601 5101 2695 5153 καὶ
2724 5101 2887 5154 πάλιν
2913 5101 2993 5164 είς
3010 5101 3176 5155 ταυτὺ
3204 5098 3603 5170 συνερχόμενοι,
3638 5085 3724 5142 καὶ

2171 5197 2252 5257 εἰς
2271 5194 2536 5264 ἀλλήλους
2564 5193 2920 5263 ἐμϐαλόντες,
2945 5191 3198 5262 καθάπερ
3223 5188 3456 5262 ἐμψυχοί
3477 5199 3621 5243 τινες
3643 5194 3723 5248 χο·

2178 5285 2328 5356 ρείαν
2352 5283 2642 5350 ἐξελίττειν
2670 5283 2893 5352 διηνεκῆ
2923 5282 3132 5348 δόξαιεν
3150 5277 3215 5336 ἂν
3252 5284 3359 5346 τοῖς
3391 5279 3574 5350 ὁρῶσι.
3602 5265 3725 5324 T015-

2173 5390 2288 5424 τοιν
2320 5372 2600 5442 οὐδέτερος
2628 5370 2800 5442 ὕδωρ·
2837 5372 3097 5442 ἑκάτερος
3130 5373 3198 5438 δ’,
3233 5373 3420 5442 ὥσπερ
3446 5365 3612 5440 τρυφή
3643 5372 3720 5416 τις

2175 5464 2322 5532 ἄκρα
2350 5463 2625 5532 θεώμενός
2661 5479 2721 5515 τε
2756 5463 2853 5516 καὶ
2881 5463 3234 5532 ἁκουόμενος,
3261 5463 3353 5515 τὸν
3395 5462 3504 5514 ἴσον
3536 5451 3718 5522 τρόπον

2177 5557 2268 5608 καὶ
2298 5555 2848 5626 μεταλαμϐανόμενες
2868 5573 2882 5588 ο
2915 5557 3037 5625 μέλι
3064 5560 3160 5628 μὲν
3181 5559 3289 5628 γὰρ
3313 5558 3342 5609 ὁ
3370 5555 3567 5621 ἔτερος,
3594 5539 3718 5628 γάλα

2175 5647 2221 5698 δ’
2253 5648 2280 5698 ὁ
2302 5625 2496 5710 λοιπὸς
2526 5647 2602 5700 ὢν
2631 5625 2923 5718 τυγχάνει·
2957 5649 3005 5702 οἳ
3041 5625 3105 5720 δὴ
3137 5625 3325 5720 μισθός
3360 5650 3508 5698 ἐστον
3535 5636 3606 5708 (ἓ)

2176 5739 2447 5802 ἀντίδοσις
2494 5742 2606 5800 τοῖς
2654 5739 2892 5793 ἐνταῦθα
2926 5741 3328 5812 καθαρεύουειν
3374 5737 3532 5790 οἴνου.
3569 5717 3718 5778 Βαδαὶ

2249 5850 2323 5920 (9)
2351 5851 2483 5906 Cod.
2516 5851 2688 5907 Cois].
2723 5852 2863 5904 ἐστι.
