3972 6438
156 348 232 416 llil
821 317 825 330 ’
1099 341 1480 404 DIALOGUS
1512 340 1571 400 Il
1613 300 1773 399 CUM
1810 333 2365 395 MOHAMETANO.

3320 333 3424 398 1(ὶὲ

150 466 230 533 τῆς
267 457 629 530 εὐεργεσίαςί
663 452 748 520 οἷς
805 453 1148 528 πρόσκαιρον
1181 456 1482 510 ἀκόλαστον
1517 452 1709 525 ἡδονὴν

1837 463 1937 502 oco
1973 457 2137 501 erunt
2169 446 2236 501 iis
2267 445 2363 516 qui
2397 445 2455 499 in
2496 444 2597 501 hac
2639 445 2754 502 vita
2787 448 2914 502 vino
2945 460 3004 502 se
3026 445 3414 503 abstinuerint.

151 539 572 624 ἀσεκρούσαιῗτο,
604 548 826 604 αἰωνίου
862 547 1138 619 σώφρονος
1170 547 1598 602 ἀπολαύσουσιν.

209 801 296 857 ια’.
343 799 413 854 Τί
446 800 556 871 χρὴ
587 772 910 868 καταλέγειν
942 797 1040 860 τὰς
1100 797 1232 867 ἡμῖν
1292 795 1717 867 ἐπηγγελμένας

150 899 288 972 θείας
305 893 522 964 τρυφάς
547 910 563 959 ;
591 894 693 946 'Av
719 909 778 944 τε
806 891 916 964 γάρ
945 908 1030 956 τις
1061 890 1329 960 φίλιππος
1356 885 1412 964 ᾖ,
1448 890 1546 943 καὶ
1576 891 1718 961 θήρᾳ

151 989 366 1061 χαίρων,
395 987 494 1040 καὶ
517 984 718 1050 τόξοις,
744 985 837 1038 καὶ
863 983 1126 1048 κυσὶ,καὶ
1151 981 1468 1053 χειροήθεσι
1493 985 1718 1053 πτηνοῖς

154 1079 398 1154 (τουτοισί
423 1095 566 1150 φημι
596 1079 706 1140 τοῖς
734 1077 1100 1146 θηρευτικοῖς,
1130 1070 1211 1138 οἷς
1242 1075 1311 1128 τὰ.
1342 1073 1580 1143 ἐδώδιμα
1608 1091 1718 1143 χει-

152 1175 424 1246 ρούμεθα),
449 1173 517 1228 ἄν
539 1171 732 1242 τε-τὴν
766 1170 972 1239 ἐσθῆτα
1003 1169 1310 1238 φιλότιμοξ,
1357 1169 1452 1221 καὶ
1479 1167 1559 1237 τῷ
1591 1185 1720 1220 συν-

151 1272 276 1323 εῖναι
329 1266 527 1336 κόραις
588 1262 910 1334 ἐντρυφῶν,
952 1263 1049 1314 καὶ
1103 1262 1296 1327 πᾶσιν,
1333 1261 1424 1314 ίνα
1487 1259 1719 1325 σννέλω,

153 1364 284 1430 ᾰπερ
327 1360 407 1421 είς
441 1355 639 1427 ἡδονὴν
666 1358 694 1409 ὁ
720 1353 845 1417 νοῦς
869 1355 1005 1422 ἡμῖν
1031 1353 1325 1424 δυνήσεται
1355 1351 1582 1415 πλάσαι,
1616 1351 1722 1402 πά-

153 1468 325 1523 ρεστιν
351 1449 520 1513 εὐθὺς
544 1446 885 1518 βουληθεῖσιν
903 1461 915 1475 ⁸
934 1447 997 1499 οὗ
1021 1447 1132 1515 γάρ
1157 1446 1306 1498 ἐστιν
1325 1438 1386 1498 οὗ
1417 1443 1723 1513 δεηθέντων

149 1547 316 1600 ἐκεῖνο
372 1543 448 1613 μὴ
501 1540 700 1612 φθάσοι
734 1540 835 1609 τὴν
870 1538 1081 1608 ἔφεσιν,
1115 1537 1299 1608 πολλῷ
1348 1537 1428 1608 τῷ
1472 1539 1721 1607 περιόντι

147 1639 343 1706 ταύτην
373 1635 561 1690 νικῶν.
599 1633 883 1704 Τοσαύτην
915 1649 978 1701 γε
1013 1633 1114 1704 τὴν
1144 1632 1384 1702 ἀμοιϐὴν
1413 1631 1725 1702 ἀπολήψον-

150 1747 228 1784 ται
271 1729 432 1798 παρὰ
463 1726 559 1780 τοῦ
593 1725 809 1780 δικαίου
868 1724 1141 1782 Δεσπότου
1196 1725 1291 1777 καὶ
1339 1721 1572 1791 ἀγαθοῦ,
1606 1723 1723 1775 ὅσοι

147 1819 411 1892 δήπουθεν
437 1819 618 1880 καλῶς
649 1818 719 1872 τὰ
744 1817 1147 1886 διατεταγμένα
1202 1816 1567 1886 τηρήσουσιν.
1587 1813 1729 1867 Ἀλλ’

146 1915 178 1985 ἡ
233 1913 346 1966 τῶν
407 1909 765 1980 προσκαίρων
833 1907 1020 1978 ἀπάτη
1083 1905 1259 1960 πείθει
1310 1908 1439 1970 τοὺς
1497 1906 1730 1968 πολλοὺς

147 2005 539 2074 ωτολιγωρεῖν
571 2003 670 2072 τῆς
700 2002 1016 2074 ἀπορρήτου
1045 2001 1205 2072 δόξης
1245 2001 1465 2071 ἐκείνης
1496 2000 1593 2053 καὶ
1630 1999 1729 2069 τῆς

150 2100 372 2170 τρυφῆς,
394 2097 493 2151 καὶ
542 2095 875 2166 πρόσκαιρον
915 2095 1011 2147 καὶ
1049 2093 1253 2164 μικρὰν
1281 2093 1474 2163 ἡδονὴν
1515 2091 1615 2160 τῆς
1655 2091 1731 2153 ὡς

159 2191 359 2261 ἀληθῶς
392 2189 660 2261 μεγίστης
694 2208 756 2243 τε
802 2189 896 2242 καὶ
936 2188 1112 2242 ἀϊδίου
1143 2186 1602 2241 ἁνταλλάττεσθαι
1622 2202 1638 2218 σ
1664 2179 1726 2239 οῦ

164 2285 213 2336 τί
245 2284 424 2352 γίνοιτ’
457 2285 529 2336 ἂν
555 2282 913 2354 εὐηθέστερον
935 2298 997 2334 τε
1029 2282 1123 2335 καὶ
1149 2281 1543 2352 σχετλιώτερον
1564 2299 1577 2345 ;
1596 2279 1728 2333 Ἰδού

167 2395 241 2430 σοι
265 2379 399 2431 κατὰ
429 2377 636 2431 σκοπὸν
660 2377 755 2448 (ὼς
784 2375 928 2431 δοκῶ
961 2373 1099 2447 μοι),
1137 2374 1236 2446 τὴν
1268 2373 1564 2440 ἀπόκρισιν
1594 2372 1730 2426 ἀποο

151 2469 368 2536 δέδωκα,
404 2469 538 2541 περὶ
582 2462 656 2523 ὧν
683 2468 845 2532 αὐτὸς
880 2469 1187 2523 ὲπυνθάνου
1209 2484 1222 2498 ·
1261 2469 1311 2520 εί
1340 2467 1395 2520 δέ
1425 2485 1478 2521 τι
1505 2468 1599 2520 καὶ
1636 2469 1729 2520 ἐπὶ

148 2559 306 2613 πλέον
349 2561 576 2614 ἀκούειν
627 2561 857 2628 ἐθέλεις,
894 2561 1041 2625 εἰπὲ,
1075 2561 1173 2613 καὶ
1203 2561 1264 2612 ἐν
1307 2560 1492 2629 χεροῖν
1525 2558 1584 2612 τὸ
1629 2575 1728 2610 πο-

151 2652 434 2722 θούμενον.
473 2653 618 2724 Ἤδη
678 2653 789 2724 γὰρ
847 2653 1082 2725 πάρειμί
1119 2669 1206 2706 σοι
1263 2651 1583 2722 πρόθυμος,
1616 2653 1728 2706 πᾶν

150 2750 281 2820 ὅπερ
308 2751 377 2806 ἂν
409 2749 726 2814 κελεύσειας
757 2750 835 2821 (1)
870 2749 1192 2804 ἐκτελέσω-λ,

219 3024 310 3097 ιβ’.
353 3024 492 3080 Ἀλλ’
555 3023 692 3091 ἃλις,
744 3023 900 3094 ἔφην,
953 3024 1232 3096 διεξῆλθες
1280 3024 1350 3079 τὰ
1383 3026 1486 3095 τῆς
1529 3025 1721 3096 Ἐδέμ·

1827 541 2131 607 Quantum,
2182 541 2327 594 bone
2361 537 2526 602 Deus,
2561 537 2927 595 beneﬁcium!
2974 540 3050 594 illi
3081 539 3228 609 quod
3289 538 3420 592 hrr-

1827 647 1948 686 vem
1980 641 2035 685 et
2066 633 2524 699 intemperantem
2561 629 2902 700 voluptatem
2938 633 3274 701 reiecerunt,
3296 631 3422 686 ideo

1825 724 2160 790 sempiterna
2234 723 2678 793 temperantique
2719 724 3091 793 perfruentur.

1898 814 1938 866 ll
1959 853 1972 866 .
2005 813 2144 879 Quid
2170 829 2309 884 opus
2331 822 2416 868 est
2438 815 2674 883 amplius
2700 816 2999 884 promissas
3023 818 3179 874 nobis
3201 822 3419 876 divinae

1828 910 2054 966 delicias
2085 910 2415 964 recensere?
2441 909 2500 964 Si
2527 911 2652 980 quis
2684 910 2845 981 equis
2880 913 3083 977 studet,
3117 915 3233 971 sive
3256 933 3423 971 vena-

1832 1005 1982 1058 tione
2046 1003 2269 1075 gaudet,
2333 1018 2598 1072 arcuque,
2648 1004 2974 1067 canibusve.
3041 989 3138 1062 aut
3199 1009 3428 1063 alitibus

1758 1163 1761 1165 _
1812 1099 2131 1153 .mansnetis
2153 1081 2252 1161 \(de
2277 1099 2574 1154 venatoriis
2603 1098 2711 1154 illis
2748 1099 2967 1168 loqunr,
2987 1100 3186 1170 quibus
3218 1103 3429 1155 bestias

1830 1193 2031 1246 victum
2058 1191 2215 1245 nobis
2248 1193 2656 1260 suppeditantes
2697 1194 3012 1264 capimus),
3041 1195 3158 1248 sive
3187 1197 3427 1249 vestium

1831 1284 2172 1353 Splendorem
2199 1283 2895 1355 aliectat,.puellarumque
2956 1303 3256 1356 eorigressn
3285 1288 3436 1340 delc-

1836 1359 2038 1441 czatur,
2063 1379 2247 1432 omnia
2283 1378 2542 1445 denique,
2571 1363 2636 1434 ut
2665 1379 2904 1433 breviter
2943 1379 3146 1443 dicam,
3172 1394 3429 1448 Quatenu-

1832 1487 1940 1541 que
2000 1469 2056 1524 in
2095 1470 2373 1539 voluptate
2420 1486 2573 1524 mens
2611 1470 2866 1540 eﬁingere
2913 1471 3076 1526 nobis
3119 1479 3319 1540 potest,
3363 1485 3432 1525 ea

1833 1563 2139 1617 volentibus
2172 1563 2355 1617 statim
2405 1562 2635 1619 adsunt:
2699 1576 2802 1618 nec
2863 1564 3008 1618 enim
3073 1565 3238 1618 ullam
3312 1579 3427 1617 rem

1833 1656 2166 1720 desiderant,
2191 1671 2315 1725 qua:
2349 1671 2456 1710 non
2494 1657 2734 1726 ipsorum
2766 1656 2928 1710 etiam
2973 1656 3242 1711 desideria
3297 1671 3436 1724 prte-

1834 1755 2028 1812 vertat,
2107 1747 2688 1819 abundantissimequ
2754 1758 3000 1817 superet.
3077 1747 3428 1817 Huiusmodi,

1767 1824 1806 1876 Β
1839 1841 2060 1908 hospe-<,
2091 1840 2594 1896 remunerationem
2626 1840 2696 1894 ah
2737 1841 3052 1911 iustissimo
3108 1840 3430 1911 optimoque

1835 1934 1946 1989 Deo
1979 1935 2224 1988 omnium
2275 1951 2454 1988 rerum
2512 1935 2744 1991 Domino
2806 1937 3101 2006 accipient,
3160 1937 3253 2006 qui
3309 1937 3432 2006 eius

1833 2037 2100 2096 prazcepIa
2127 2039 2272 2081 recte
2290 2028 2580 2085 servarint.
2603 2027 2676 2081 At
2697 2028 2843 2081 enim
2873 2043 3056 2082 rerum
3085 2029 3430 2084 terrestrium

1831 2128 1986 2173 error
2015 2119 2292 2189 plerisque
2322 2120 2638 2188 persuadet,
2674 2128 2734 2174 ut
2762 2120 3063 2175 ineti‘ahiles
3121 2121 3245 2175 illas
3295 2120 3434 2175 deli-

1832 2209 1944 2266 cias
1975 2212 2316 2280 gloriamque
2369 2213 2670 2283 negligant,
2730 2213 3061 2283 brevemque
3091 2229 3156 2269 ac
3207 2229 3432 2282 parvam

1834 2286 2169 2372 voluptatem
2205 2320 2332 2359 vere
2355 2305 2594 2359 maxima
2624 2312 2678 2359 et
2712 2305 3049 2375 sempiterna
3090 2307 3179 2360 illa
3215 2306 3433 2361 chario-

1831 2411 1944 2450 rem
1973 2395 2250 2451 habeant:
2286 2411 2394 2465 quo
2424 2397 2554 2468 quid
2588 2398 2842 2452 stolidius
2894 2400 3032 2461 ﬁeri,
3090 2399 3220 2467 quid
3265 2399 3437 2454 mise-

1831 2488 2061 2542 rabilins
2079 2487 2443 2558 possit.’H:ec
2474 2489 2605 2543 mihi
2628 2489 2740 2544 fere
2766 2490 2819 2544 in
2851 2498 3091 2544 mentem
3117 2491 3431 2552 veniebant,

1829 2580 2033 2651 quibus
2066 2596 2371 2650 congruum
2402 2580 2486 2652 (ut
2517 2582 2736 2651 Opinor)
2773 2582 3038 2636 voluntati
3076 2591 3182 2636 tuze
3206 2597 3434 2660 ιε-ςροιιτ

1829 2689 1950 2728 sum
1979 2673 2260 2727 redderem
2297 2674 2364 2728 de
2409 2675 2515 2730 illis
2548 2675 2732 2741 rebus,
2764 2673 2832 2730 de
2862 2673 3066 2743 quibus
3132 2676 3406 2743 interroga

1831 2765 1928 2820 bas
1952 2781 1967 2818 :
1991 2765 2137 2834 quod
2175 2765 2218 2820 si
2262 2767 2393 2833 quid
2423 2765 2667 2836 amplius
2724 2767 2919 2820 audire
2949 2767 3104 2831 velis,
3167 2767 3317 2820 dicas
3343 2781 3441 2835 per

1831 2872 1916 2912 me
1939 2858 2086 2923 licet,
2118 2868 2172 2912 et
2201 2860 2344 2929 quod
2395 2869 2552 2930 optas
2589 2861 2642 2914 in
2678 2875 2842 2914 manu
2872 2859 2998 2914 erit.
3035 2857 3241 2913 Adsum
3291 2859 3434 2913 enim

1829 2949 1947 3012 tibi,
1978 2951 2197 3019 hospes.
2223 2951 2288 3005 ad
2321 2952 2690 3021 quodcunque
2716 2951 2951 3018 iusseris
2991 2950 3438 3021 exsequendum.

1902 3043 2001 3097 12.
2034 3041 2181 3098 Satis
2221 3054 2279 3096 tu
2332 3045 2490 3108 mihi,
2520 3043 2772 3111 inquam,
2812 3059 2934 3112 quae
2963 3043 3028 3098 ad
3085 3043 3230 3098 Eden
3262 3044 3438 3113 perti-

156 3118 299 3180 ὅπως
324 3117 370 3169 δ’
400 3117 631 3186 ἀμυνεῖς
663 3117 930 3184 γενναίως
960 3120 1070 3182 τοῖς
1105 3119 1441 3188 εἰρημένοις,
1473 3120 1603 3190 περὶ
1649 3114 1725 3173 ὦν

1836 3143 1982 3200 nent,
2028 3133 2260 3188 dicendo
2315 3135 2671 3203 percnrristi:
2703 3135 2798 3191 sed
2831 3136 2952 3190 vide
2975 3137 3075 3200 sis,
3120 3136 3341 3204 hospes,
3377 3143 3441 3190 ut:

157 3209 214 3263 ἂν
235 3211 417 3280 ἔχοιμι
469 3210 565 3265 νῦν
611 3211 912 3281 προφέρειν
936 3229 953 3244 ·
981 3212 1103 3265 οὐδὲ
1131 3214 1240 3283 γὰρ
1277 3213 1445 3266 πάντ’·
1481 3214 1730 3284 ἐλέγχειν

158 3300 491 3370 βουλήσομαι
546 3301 615 3353 τὰ
672 3302 1050 3372 προειρημένα
1103 3319 1228 3368 σοι,
1272 3304 1382 3355 οὐδ’
1431 3304 1618 3358 ἐκεῖνά
1665 3320 1731 3374 γε

157 3393 388 3456 πάντως,
424 3392 503 3446 ὄσ’
554 3393 619 3445 ἐκ
677 3392 886 3447 τούτων
939 3410 1028 3462 μοι
1067 3393 1317 3448 δοκοῦσιν
1377 3397 1620 3468 ἀνίσχειν
1663 3398 1732 3451 τὰ

156 3483 479 3552 ἀτοπήματα
503 3498 516 3512 ⁸
547 3480 614 3552 ἦν
640 3483 746 3554 γὰρ
776 3483 863 3546 ἂν,
897 3487 1059 3536 ταυτὶ
1089 3483 1398 3554 βουληθεὶς,
1425 3469 1523 3550 ἐίς
1554 3487 1732 3554 λόγων

155 3575 386 3641 πέλαγος
415 3576 671 3646 ἐμπεσών
694 3595 707 3606 ·
739 3575 882 3631 οὕτω
927 3594 1020 3645 μοι
1052 3579 1225 3632 πολλὰ
1253 3580 1529 3648 φαίνεται.
1559 3580 1730 3634 Ταυτὶ

160 3667 254 3734 μὲν
285 3666 378 3721 οῦν
412 3671 764 3739 σιωπήσομαι
786 3683 802 3698 ⁸
846 3670 1184 3741 πειράσομαι
1213 3672 1267 3726 δέ
1305 3690 1388 3726 σοι
1423 3672 1619 3737 δεῖξαι,
1657 3672 1731 3736 ὡς

157 3756 218 3809 ἆν
241 3753 358 3822 οἷός
393 3776 453 3813 τε
489 3753 556 3822 ὧ,
585 3760 820 3827 σαθροὺς
850 3762 977 3825 τοὺς
1008 3762 1292 3832 θεμελίους
1342 3764 1452 3817 τῶν
1505 3765 1735 3834 εἰρημέ-

159 3867 260 3903 νων
298 3868 378 3904 σοι
401 3868 416 3881 ·
446 3851 550 3904 κᾶν
581 3851 738 3906 τοῦτο
764 3854 1013 3924 γένηται,
1038 3855 1215 3918 οὐδείς
1246 3873 1328 3910 σοι
1375 3858 1596 3920 πάντως
1621 3860 1730 3912 τῶν

156 3941 356 3996 λοιπῶν
381 3945 534 3998 ἔσται
560 3945 738 4014 λόγος.
777 3947 910 3999 Οὐδὲ
934 3947 1043 4018 γὰρ
1068 3947 1292 4019 μελήσει
1337 3967 1420 4003 σοι
1458 3950 1557 4019 τῆς
1583 3954 1730 4005 οἰκο-

157 4036 343 4104 δομῆς,
375 4037 869 4109 ἀνατετραμμένης
922 4041 1022 4109 τῆς
1080 4041 1422 4113 ὑποδάθρας.
1471 4044 1728 4115 Ἕφησθα

157 4129 354 4194 τοίνυν,
399 4131 474 4193 ὡς
522 4133 551 4183 ό
602 4132 836 4197 Χριστος
894 4133 1206 4188 καθεδεῖται
1259 4136 1483 4191 πάντων
1533 4139 1729 4210 κριτὴς

156 4220 495 4283 δικαιότατος
519 4221 652 4290 μετὰ
667 4221 767 4292 τὴν
783 4223 990 4276 τούτων
1017 4224 1338 4283 ἀνάστασιν.
1367 4223 1502 4283 Εἶτα
1524 4228 1725 4298 λέγεις,

151 4311 316 4362 αὑτὸν
345 4310 800 4380 αίσχυνθήσεσθαι
848 4313 943 4366 τὸν
970 4315 1216 4385 Μωάμεθ
1259 4318 1728 4388 παραιτούμενον,

151 4404 226 4457 ὡς
279 4404 412 4458 ὖντα
469 4404 588 4456 λίαν
642 4406 816 4476 τούτῳ
865 4407 1278 4477 πεφιλημένον·
1316 4413 1410 4464 καὶ
1453 4412 1553 4483 τὴν
1584 4414 1728 4481 ὑπὲρ

1835 3225 1983 3278 dicta
2011 3233 2100 3278 tua
2125 3223 2339 3280 fortiter
2366 3225 2627 3282 defendas
2657 3227 2926 3284 adversus
2959 3245 3022 3285 ea
3068 3229 3281 3296 saltem,
3313 3246 3436 3301 quae

1837 3333 1980 3371 nunc
2010 3318 2104 3372 tibi
2141 3318 2342 3387 possim
2378 3318 2657 3385 obiicere:
2696 3337 2799 3375 nec
2825 3322 2969 3376 enim
3027 3324 3209 3378 omnia
3244 3325 3342 3380 abs
3385 3335 3438 3380 te

1834 3407 1978 3462 dicta
2021 3409 2144 3463 volo
2181 3409 2530 3479 redarguere,
2552 3427 2656 3466 nec
2679 3415 2730 3466 in
2765 3412 3084 3468 universum
3112 3414 3202 3469 illa
3240 3417 3435 3469 subin-

1833 3501 2004 3564 sulsa,
2037 3517 2159 3571 quae
2207 3505 2362 3574 sequi
2401 3503 2655 3560 videntur
2688 3519 2756 3560 ex
2788 3506 3072 3576 principiis
3112 3509 3222 3562 tuis
3257 3527 3269 3563 :
3307 3525 3433 3563 nam

1834 3593 1878 3646 si
1913 3594 2124 3660 vellem,
2160 3595 2212 3648 in
2244 3595 2519 3666 quoddam
2545 3599 2703 3666 quasi
2736 3600 3029 3654 verborum
3093 3602 3317 3676 pelagus
3345 3604 3433 3657 in-

1835 3687 2072 3741 ciderem
2104 3705 2116 3740 :
2151 3687 2288 3742 adeo
2319 3690 2485 3742 multa
2514 3690 2649 3744 mihi
2689 3690 2961 3746 ridentur.
3012 3692 3104 3748 Illa
3159 3696 3326 3765 igitur
3359 3697 3442 3750 si-

1834 3780 2000 3834 lentio
2028 3781 2474 3849 praetermittam:
2499 3781 2598 3834 tibi
2627 3796 2781 3847 vero,
2811 3791 3077 3851 quantum
3107 3785 3160 3839 in
3188 3801 3272 3839 me
3293 3786 3430 3851 erit,

1833 3873 2126 3928 ostendere
2193 3873 2455 3935 conabor,
2512 3888 2678 3942 quam
2736 3874 2978 3940 inﬁrma,
3030 3877 3250 3947 hospes,
3301 3881 3448 3934 mihi

1832 3964 2130 4020 videantur
2158 3965 2426 4020 dictorum
2485 3974 2706 4020 tuorum
2771 3966 3158 4022 fundamenta:
3209 3970 3356 4037 quod
3388 3971 3444 4025 si-

1833 4059 2034 4112 faetum
2069 4055 2254 4124 fuerit,
2297 4066 2622 4113 caeterorum
2656 4059 2862 4113 nullam
2899 4061 3127 4116 omnino
3159 4061 3434 4118 rationem

1833 4152 2032 4205 hatere
2061 4151 2285 4220 poteris.
2313 4150 2447 4204 Nam
2480 4166 2670 4207 eversa
2693 4152 2833 4218 basi,
2879 4155 2944 4207 de
2965 4154 3214 4218 azdilicio,
3247 4157 3436 4224 credo,

1831 4262 1939 4299 non
1970 4245 2212 4300 curabis.
2242 4243 2433 4300 Dixisti
2467 4245 2653 4313 igitur,
2684 4245 2965 4302 Christum
2997 4259 3120 4317 post
3149 4249 3447 4305 hominum-

1833 4339 2287 4391 resurrectionem
2326 4337 2693 4406 iustissimum
2727 4339 2970 4394 omnium
3037 4342 3276 4410 iudicem
3319 4358 3438 4399 esse

1830 4445 2136 4485 sessurum.
2179 4429 2383 4484 Deinde
2416 4431 2554 4487 dicis
2584 4431 2725 4497 fore,
2765 4442 2826 4486 ut
2887 4433 3208 4503 Moamethi,
3273 4451 3446 4506 quem

149 4495 258 4546 τῶν
318 4496 532 4548 ἐκείνου
585 4496 846 4566 μαθητῶν
896 4515 956 4550 τε
1002 4500 1100 4552 καὶ
1128 4501 1346 4556 ὀπαδῶν
1375 4502 1557 4572 ψῆφον
1593 4505 1728 4574 πρὸς

1838 4522 2039 4576 eximie
2079 4523 2277 4592 diligit,
2309 4538 2407 4593 pro
2441 4525 2761 4580 hominibus
2790 4525 3134 4596 deprecantis
3165 4528 3434 4582 rationem

152 4587 311 4653 χάριν
375 4586 547 4640 οἴσειν
592 4587 925 4660 διισχυρίζῃ.
954 4591 1026 4643 Τὸ
1067 4592 1123 4646 δὲ
1170 4594 1308 4663 πρὸς
1339 4595 1502 4666 χάριν
1559 4597 1619 4650 οὐ
1654 4599 1738 4650 δί-

154 4695 311 4732 καιον
336 4696 350 4708 ·
387 4680 478 4731 ὅτε
513 4679 606 4732 καὶ
652 4681 713 4736 τὸ
745 4681 954 4736 δίκαιον
1001 4685 1100 4738 οὐκ
1157 4687 1223 4739 ἄν
1276 4704 1402 4740 ποτε
1429 4688 1516 4758 εἴη
1553 4689 1738 4758 χάρις.

154 4769 321 4823 Ὅθεν
377 4770 623 4840 οὐδαμῶς
687 4774 981 4842 συμϐαίνει
1013 4777 1080 4830 τὰ

149 4863 521 4934 διαφερόντως
550 4865 802 4936 ἀλλήλοις
831 4868 1180 4940 διαφέρεται.
1218 4873 1293 4926 Τὸ
1317 4873 1424 4942 γὰρ
1462 4873 1591 4942 ίσην
1620 4873 1741 4927 δοῦ-

152 4974 238 5009 ναι
298 4957 462 5027 δίκην
509 4959 634 5021 τοὺς
677 4963 735 5013 ὲν
785 4961 977 5033 τάφρῳ
1003 4980 1062 5016 τε
1089 4965 1183 5017 καὶ
1211 4966 1279 5035 τῇ
1307 4967 1515 5036 πίττῃ,
1536 4967 1611 5028 ὡς
1637 4967 1730 5019 ῖσα

156 5045 422 5114 δήπουθεν
457 5049 988 5121 πεπλημμεληκότας
1009 5069 1025 5087 ο
1060 5049 1200 5120 εἷτα,
1260 5057 1386 5121 τοὺς
1420 5057 1519 5128 μὲν
1548 5059 1730 5111 αὐτῶν

157 5135 278 5207 ἄχρι
301 5137 396 5190 τοῦ
419 5139 619 5204 παντὸς
641 5141 800 5194 ἐᾶσαι
819 5143 1171 5211 κολάζεσθαι,
1190 5148 1266 5212 ὡς
1292 5149 1369 5219 μή
1404 5150 1735 5220 δυνηθέντας

157 5225 416 5282 λαϐέσθαι
447 5231 557 5284 τῶν
585 5234 679 5284 τοῦ
705 5235 954 5304 Μωάμεθ
981 5240 1190 5308 τριχῶν
1219 5281 1233 5304 ,
1264 5246 1377 5305 τοῖς
1407 5243 1464 5295 δὲ
1505 5246 1732 5314 τυχοῦσι

156 5320 378 5384 τούτων,
422 5323 521 5374 καὶ
576 5324 883 5392 ἀνελθοῦσι,
919 5329 1014 5381 καὶ
1053 5331 1218 5384 αὑτὸν
1258 5333 1324 5404 δὴ
1347 5336 1440 5388 τὸν
1469 5337 1735 5405 παράδει-

164 5427 248 5498 σον
295 5412 477 5467 δοῦναι
521 5415 933 5493 κληρονομῆσαι
972 5421 1051 5494 (ὃς
1079 5426 1191 5488 τοῖς
1219 5427 1508 5496 ἀριστεῦσι
1549 5430 1733 5498 μόνοις

161 5497 314 5562 ἆθλόν
337 5524 399 5560 τε
438 5510 533 5562 καὶ
585 5509 758 5580 γέρας
788 5511 1151 5584 ἀφώρισται),
1185 5519 1290 5570 ποῦ
1319 5519 1383 5590 δὴ
1422 5497 1575 5574 ταῦτ’
1611 5523 1731 5574 ἐστὶ

160 5599 219 5649 τὰ
240 5597 420 5654 δίκαια
460 5601 732 5672 τιμῶντος
773 5604 1004 5675 ἀνδρός;
1041 5610 1206 5679 μήτοι
1236 5626 1300 5677 γε
1330 5610 1520 5681 κριτοῦ
1553 5611 1728 5666 τοιού-

155 5708 258 5761 του,
283 5697 379 5792 x1}
418 5695 602 5766 ψυχῆς
632 5713 692 5749 τε
732 5697 826 5750 καὶ
859 5698 1026 5770 πνοῆς
1051 5701 1146 5755 καὶ
1176 5703 1350 5773 Λόγου
1383 5704 1542 5771 Θεοῦ,
1567 5705 1729 5760 τοῦτο

214 5813 284 5883 ιι)
312 5814 452 5871 Cod.
488 5813 658 5869 Coisl.
691 5813 966 5871 κελευσει.

1844 4611 2064 4676 habeat,
2085 4608 2321 4680 eumque
2347 4628 2377 4665 a
2423 4616 2597 4684 gratia
2617 4613 2816 4670 ﬂexum
2843 4617 2911 4670 de
2961 4617 3108 4671 illius
3155 4617 3448 4688 discipulis:

1842 4704 2314 4773 sectatoribusque
2344 4705 2676 4759 sententiam
2728 4705 2966 4760 laturum
2997 4723 3121 4763 esse
3171 4708 3442 4764 amrmas.

1127 4779 1422 4847 εἰρημένα,
1456 4781 1594 4834 ἀλλὰ
1644 4796 1728 4838 και

1844 4797 1957 4852 Hoc
1980 4807 2188 4861 autem.
2221 4816 2250 4853 a
2281 4803 2452 4870 gratia
2485 4802 2706 4867 ﬂexum,
2732 4803 2942 4872 iustum
2971 4819 3078 4857 non
3111 4816 3196 4858 est
3225 4821 3238 4858 :
3271 4809 3437 4874 quia,

1847 4892 1990 4960 quod
2015 4892 2221 4959 iustum
2246 4906 2350 4958 est,
2376 4896 2548 4966 gratia
2575 4911 2698 4951 esse
2747 4896 2959 4965 nequit.
2990 4894 3144 4950 Unde
3173 4911 3293 4965 quae
3345 4899 3436 4950 di-

1845 4981 1971 5037 xisti
1994 4999 2343 5062 nequaquam
2404 4995 2737 5054 congruunt,
2763 4989 2856 5042 sed
2885 4987 3234 5041 vehementer
3265 4989 3443 5042 etiam

1839 5073 1980 5129 inter
2002 5089 2060 5128 se
2084 5087 2346 5147 pugnant.
2375 5078 2511 5132 Nam
2537 5080 2775 5148 primum
2809 5079 2953 5146 quod
2995 5079 3058 5144 ii,
3088 5081 3178 5149 qui
3207 5080 3258 5134 in
3289 5079 3444 5137 fosso

1839 5175 1893 5221 ct
1917 5167 2035 5237 pice
2053 5168 2389 5232 detinentur.
2410 5173 2646 5242 aequales
2667 5185 2859 5242 pmnas
2878 5174 3219 5240 persolvunt,
3246 5184 3445 5245 utpote

1838 5261 1934 5329 qui
1955 5262 2241 5330 mqualiter
2259 5265 2608 5332 peccaverint
2630 5279 2649 5318 :
2682 5273 2820 5328 tum,
2847 5279 3038 5318 eorum
3073 5269 3340 5336 quosdam
3363 5272 3430 5322 all

1839 5364 2104 5408 atternum
2131 5355 2458 5424 supplicium
2484 5356 2794 5419 detrudere,
2820 5360 2964 5428 quod
2981 5360 3279 5414 Moamethi
3338 5377 3440 5415 οσον

1837 5445 2000 5514 pillos
2042 5447 2378 5515 prehendere
2419 5465 2530 5503 non
2568 5451 2849 5519 potuerint
2895 5469 2909 5506 :
2949 5453 3168 5520 deinde,
3193 5454 3440 5519 caeteris,

1837 5533 1936 5602 qui
1968 5549 2064 5588 eos
2089 5535 2481 5605 prehenderint
2503 5545 2556 5592 et
2582 5541 2960 5606 ascenderint,
2991 5541 3326 5597 haeretmatis
3352 5543 3432 5593 lo—

1839 5637 1904 5674 co
1927 5624 2239 5692 paradisum
2260 5625 2393 5680 dare
2413 5625 2928 5697 (quipraestanlibus
2959 5641 3171 5685 tantum
3206 5630 3339 5684 viris
3370 5639 3434 5682 ιη

1842 5714 2126 5782 praemium
2159 5725 2212 5772 et
2239 5731 2441 5774 corona
2472 5730 2781 5776 reservatus
2801 5721 2942 5792 est):
2973 5731 3172 5778 suntne
3194 5722 3309 5776 haec
3330 5718 3440 5774 viri
