3972 6458
527 308 634 372 163
720 369 726 376 .

1745 303 1904 365 MAN
1917 299 2154 363 UELlS
2193 299 2645 365 PALEOLOGI

3663 310 3778 380 16i-

513 429 606 497 jus
637 435 691 482 et
722 442 938 496 aequum
963 427 1328 483 :estimantis?
1357 426 1554 481 nedum
1583 424 1899 494 hujusmoili
1919 420 2108 492 judicia

2224 418 2286 489 δὴ
2316 420 2376 472 τὸ
2407 421 2514 490 πρὸ
2548 421 2747 492 μικροῦ
2773 422 2861 492 ὑφ’
2892 422 3046 493 ὑμῶν
3069 423 3358 494 εἰρημένον
3382 465 3397 491 ,
3423 424 3530 477 Καὶ
3553 426 3650 495 μὴν
3677 432 3760 483 ειό

519 521 614 588 qui
637 522 797 589 paulo
817 531 942 574 ante
971 522 1063 577 Dei
1087 521 1292 585 anima,
1311 520 1538 588 spiritus
1558 529 1611 572 et
1634 517 1873 571 Verbum
1900 533 1928 568 a
1953 515 2108 569 vobis

520 613 949 666 nominabatur?
978 613 1143 682 Atqui
1200 613 1248 667 si
1295 612 1638 666 Moamethus
1669 619 1928 676 cegnatos
1981 621 2110 662 suos

517 702 699 768 potius
727 719 889 772 quam
917 703 1212 771 discipulos
1237 703 1395 756 malis
1419 702 1628 770 eripere
1653 699 1938 762 voluisset,
1959 706 2112 752 certe

519 795 810 851 iua:ternis
851 797 1135 865 suppliciis
1183 797 1434 866 discipuli
1485 796 1880 848 remansissent
1929 807 2112 848 :nnnc

517 904 668 951 vero,
697 891 1021 959 propinquis
1045 891 1312 952 dimissis.
1347 905 1468 943 cum
1498 889 1591 958 qui
1621 889 1810 940 eadem
1845 886 2112 956 religione

517 993 778 1037 essentex
810 976 1149 1039 tenebricosa
1182 983 1272 1037 illa
1300 983 1516 1036 ﬂamma
1569 981 1801 1034 voluerit
1852 979 2108 1046 educere,

519 1087 587 1125 ne
614 1074 714 1127 hoc
738 1075 956 1142 quidem
988 1075 1234 1144 perfecit.

591 1168 677 1222 15.
710 1166 840 1218 Nam
885 1168 1067 1220 habito
1097 1168 1316 1236 quidem
1353 1167 1419 1220 ad
1451 1166 1716 1235 quosdam
1759 1173 2011 1233 respectu
2045 1180 2108 1218 ex

517 1257 684 1309 animi
721 1259 987 1312 sententia
1027 1274 1135 1312 rem
1162 1259 1400 1313 confecit
1427 1257 1644 1312 :cmteri
1678 1267 1859 1310 autem
1889 1256 1940 1308 in
1983 1273 2104 1326 gur-

518 1354 622 1414 u'te
662 1351 906 1403 derelieti
934 1359 1080 1412 sunt,
1110 1351 1326 1404 etiamsi
1369 1366 1561 1404 omnes
1599 1350 1688 1403 ille
1719 1364 1786 1403 ex
1840 1348 1990 1403 fossa
2019 1364 2115 1403 ex-

518 1443 735 1496 trahere
769 1443 1026 1497 voluerit.
1061 1443 1167 1497 Sed
1194 1442 1300 1507 fac,
1328 1443 1632 1497 secundum
1691 1443 2034 1510 propositum
2059 1452 2114 1495 et

518 1537 855 1588 Voluntatem
899 1534 1194 1588 Moamethi
1224 1536 1327 1588 hoc
1349 1534 1617 1588 accidisse
1649 1548 1930 1602 ,quonam,
1951 1535 2111 1588 obse-

520 1641 642 1689 cro,
665 1627 1041 1696 justojudicio
1062 1625 1176 1680 ﬁeri
1237 1627 1413 1695 potuit
1442 1628 1462 1680 Ἰ
1491 1624 1695 1680 Omnes
1723 1627 1865 1680 enim
1921 1627 2108 1680 eadem

519 1717 786 1784 religione
847 1727 1026 1782 erant,
1066 1717 1401 1786 nimiamque
1452 1717 1690 1786 aliquam
1751 1727 2105 1785 peccatorum

2213 513 2461 581 Μωὰμεθ
2514 515 2692 568 εἵλετο
2755 517 2884 579 τοὺς
2947 519 3233 584 συγγενεῖς
3287 518 3319 587 ἢ
3371 517 3493 580 τοὺς
3527 519 3760 588 φοιτητὰς

2214 606 2383 659 αὑτοῦ
2416 607 2524 660 τῶν
2547 608 2743 669 δεινῶν,
2767 609 3074 674 ἐξελέσθαι,
3103 609 3328 680 ἔμειναν
3364 610 3428 663 ἂν
3454 612 3505 662 οἱ
3533 614 3762 680 φοιτητα“ι

2213 695 2498 765 ἀπέραντα
2529 699 2924 769 κολαζόμενον
2958 700 3054 753 νῦν
3095 700 3424 803 δὲἈχαίρειν
3466 701 3623 760 ἐάσας
3653 702 3763 763 τοὺς

2214 788 2363 857 αὐτῷ
2412 792 2832 859 προσήκοντας,
2861 793 2987 856 τοὺς
3029 792 3086 848 δὲ
3132 788 3233 861 τῆς
3279 791 3446 860 αὐτῆς
3495 792 3765 860 θρησκείας

2213 881 2362 950 αὐτῷ
2396 883 2494 951 τῆς
2521 885 2808 954 σκοτεινῆς
2836 884 3036 953 φλογὸς
3062 884 3278 954 ἐκείνης
3311 882 3563 951 ἐθελήσας
3594 885 3766 963 ἐξαγα-

2213 977 2353 1042 γεῖν,
2387 975 2510 1028 οὐδὲ
2537 975 2671 1044 γοῦν
2693 976 2854 1031 τοῦτο
2882 978 3252 1047 κατέπραξεν.

2284 1159 2376 1229 ιγ’.
2413 1160 2559 1228 Πρὸς
2612 1163 2711 1231 μὲν
2763 1161 2872 1232 γὰρ
2923 1161 3049 1225 τοὺς
3094 1162 3254 1227 ἐξέϐη
3317 1164 3490 1230 τούτῳ
3522 1161 3580 1213 τὸ
3617 1160 3769 1230 πέρας

2214 1260 2355 1310 κατά
2388 1257 2484 1326 τὴν
2519 1257 2782 1327 πρόθεσιν
2810 1272 2824 1287 °
2862 1257 2910 1309 οί
2936 1255 2981 1308 δ’
3011 1255 3484 1324 ἐναπελείφθησαν
3524 1255 3600 1325 τῷ
3625 1256 3771 1326 βαρά-

2216 1351 2329 1420 θρῳ
2352 1388 2367 1412 ,
2409 1351 2600 1402 τούτου
2634 1351 2846 1412 πάντας
2873 1348 3230 1418 βουληθέντος
3265 1345 3540 1411 ἐξελέσθαι
3571 1347 3661 1414 τῆς
3689 1347 3772 1400 τά·

2216 1457 2375 1508 φρου.
2411 1440 2471 1492 Εί
2505 1440 2562 1490 δὲ
2593 1439 2732 1492 κατὰ
2759 1438 2989 1507 γνώμην
3017 1436 3210 1491 τούτου
3247 1439 3436 1506 γέγονε
3467 1436 3654 1500 ταῦτα,
3681 1436 3769 1488 τίνι

2213 1535 2400 1604 δικαίᾳ
2458 1533 2653 1602 γέγονε
2713 1533 2924 1602 ψήφῳς
2977 1531 3187 1592 Πάντες
3229 1529 3468 1599 γὰρ-καὶ
3489 1529 3584 1597 τῆς
3619 1528 3768 1594 αὐτῆς

2215 1627 2514 1698 θρησκείας
2549 1613 2704 1688 ὄντες
2734 1624 3058 1694 ἐτύγχανον,
3085 1624 3180 1677 καὶ
3211 1623 3272 1676 ού
3311 1621 3543 1692 φορητόν
3571 1637 3622 1672 τι
3652 1618 3771 1686 πλῆ-

2215 1721 2305 1782 θος
2334 1721 2625 1791 ἁμαρτιῶν
2671 1720 2951 1788 φέροντες.
2990 1717 3059 1770 Ἦ
3094 1716 3226 1785 γοῦν
3256 1716 3382 1778 τοὺς
3427 1714 3631 1774 πάντας
3668 1712 3769 1762 ἁνε-

525 1807 932 1862 rnultitudinem
983 1807 1249 1862 ferebant.
1276 1806 1512 1862 Proinde
1544 1807 1628 1862 vel
1655 1821 1842 1861 omnes
1884 1817 2107 1876 prepter

2213 1779 2403 1866 λέςὲοαί
2434 1779 2600 1882 ἐχρῆν
2633 1779 2722 1864 erat
2746 1779 2851 1880 τὴν
2899 1779 3162 1878 πίστιν,’ἢ
3193 1807 3322 1871 τοὺς
3353 1806 3593 1868 ἅπαντας
3633 1804 3768 1856 ἐᾶσαι

533 1900 690 1953 ﬁdem
725 1897 958 1951 liberare
985 1897 1289 1966 oportebat,
1325 1895 1407 1950 vel
1438 1911 1630 1950 omnes
1689 1909 1862 1964 prensa
1891 1894 2109 1948 tradere

523 2003 746 2062 propter
807 1997 1154 2059 peccatorum
1225 1988 1678 2059 magnitudinem.
1736 1985 1892 2042 Nunc
1953 2003 2106 2053 vero,

518 2083 649 2151 quia
703 2079 1029 2134 criminibus
1086 2078 1360 2133 similibus
1399 2079 1706 2134 obstrictos
1764 2094 1872 2132 non
1915 2069 2106 2134 eodem

521 2177 682 2228 inodo
707 2180 1042 2236 remunerat,
1060 2183 1209 2226 certe
1237 2181 1332 2224 aut
1357 2171 1443 2226 his
1479 2171 1837 2242 gratiﬁcatur,
1867 2180 1961 2226 aut
1985 2172 2108 2227 illos

519 2264 718 2334 injuria
739 2263 922 2327 allicit,
948 2272 1041 2316 aut
1063 2261 1233 2333 (quod
1259 2263 1478 2317 tertium
1505 2264 1777 2334 supereSt)
1803 2279 1909 2316 non
1935 2265 2111 2332 potuit

520 2359 779 2426 perlicere
807 2356 858 2410 id
877 2356 1023 2424 quod
1051 2354 1297 2408 volebat:
1319 2371 1634 2424 quanquam
1660 2356 1761 2409 hac
1783 2371 2001 2425 quoque
2024 2358 2108 2410 via

521 2463 714 2502 omnes
760 2463 790 2500 e
823 2446 983 2500 malis
1013 2445 1229 2501 liberari
1267 2461 1494 2501 necesse
1551 2457 1687 2500 erat.
1723 2444 1928 2514 Nempe
1961 2448 2105 2514 Alin,

534 2551 596 2605 ut
619 2537 944 2607 prophetam
970 2545 1025 2590 et
1049 2536 1143 2589 Dei
1186 2520 1450 2602 amicum,
1508 2538 1780 2606 plurimos
1835 2539 2108 2608 supplicio

525 2629 735 2697 eripere
759 2632 1036 2696 beataeque
1063 2629 1186 2682 vitae
1233 2629 1538 2698 participes
1595 2630 1806 2685 elliccre
1857 2632 2106 2697 decebat,

533 2721 786 2786 idemque
811 2717 988 2772 facere
1012 2716 1265 2781 Fatmen,
1313 2719 1391 2771 tui
1437 2719 1712 2787 prOphetaa
1752 2719 1938 2785 filiam,
1986 2736 2108 2791 quae

533 2811 873 2877 multosipsa
904 2809 1119 2877 conjugi
1155 2823 1257 2861 suo
1280 2808 1364 2861 Ali
1417 2809 1710 2877 prOphetas
1753 2813 1981 2878 peperit.
2029 2815 2108 2865 ita

523 2902 894 2970 unuSquisque
912 2917 1100 2954 eorum
1136 2910 1397 2970 quantum
1422 2900 1489 2955 ab
1510 2901 1690 2970 judice
1707 2903 1970 2971 diligitur,
1990 2913 2108 2958 tan-

529 3005 640 3046 tum
677 2995 875 3064 poterit
904 2994 1048 3061 apud
1076 2995 1253 3061 ipsum
1281 3011 1295 3048 :
1321 2995 1458 3047 adeo
1488 3003 1546 3047 ut
1568 2994 1711 3048 alius
1736 2995 1957 3062 quidem
1982 3000 2102 3066 plu-

2211 1904 2539 1969 κολάζεσθαι
2599 1903 2689 1957 διὰ
2737 1903 2799 1956 τὸ
2825 1902 2936 1956 τῶν
2965 1901 3258 1972 ἁμαρτιῶν
3302 1899 3550 1970 μέγεθος.
3585 1896 3687 1950 Νῦν
3721 1894 3768 1948 δέ

2210 2001 2322 2061 τοῖς
2361 1999 2497 2060 ῖσοις
2527 1997 2884 2065 ἐνεχομένους
2915 1995 2975 2047 ού
2999 1996 3114 2057 τοῖς
3133 1995 3318 2056 αὐτοῖς
3342 1991 3710 2061 ἀμειϐόμενος,
3737 1986 3764 2056 ἢ

2209 2089 2450 2142 τουτοισὶ
2479 2089 2867 2159 χαριζόμενος,
2893 2087 2926 2157 ἢ
2955 2086 3204 2150 ἐκείνους
3236 2086 3439 2141 ἀδικῶν
3465 2077 3764 2153 φαίνεται,ἢ

2212 2182 2294 2250 (τό
2331 2198 2398 2250 γε
2428 2179 2632 2249 τρίτον)
2673 2179 2748 2250 μὴ
2781 2179 3057 2250 δυνηθεὶς,
3079 2178 3218 2250 ὅπερ
3258 2177 3533 2240 ἐϐούλετο,
3567 2172 3763 2244 πρᾶξαι.

2210 2274 2406 2329 Καίτοι
2435 2291 2499 2340 γε
2528 2276 2626 2326 καὶ
2654 2273 2785 2344 τῇδε
2827 2273 3041 2332 πάντας
3091 2271 3266 2340 ἐχρῆν
3300 2271 3410 2324 τῶν
3433 2268 3615 2324 κακῶν
3637 2265 3766 2320 ἐλευ-

2211 2365 2546 2436 θερωθῆναι.
2577 2366 2683 2418 Τδν
2712 2366 2821 2435 γὰρ
2864 2364 3048 2435 ’Δλῆν,
3097 2364 3394 2434 προφήτην
3421 2379 3480 2415 τε
3517 2361 3606 2414 καὶ
3634 2358 3765 2428 φίλον

2209 2458 2341 2511 ὄντα
2375 2458 2538 2522 Θεοῦ,
2592 2457 2884 2520 πλείστους
2935 2457 3046 2511 τῶν
3095 2458 3293 2512 δεινῶν
3346 2455 3663 2527 ἅφαρπάσαι
3701 2449 3761 2524 (ί)

2211 2551 2308 2604 καὶ
2351 2551 2451 2615 τῆς
2502 2549 2780 2621 μακαρίας
2813 2547 2985 2614 δεῖξαι
3020 2549 3283 2619 μετόχους
3319 2547 3486 2618 ζωῆς,
3533 2547 3620 2598 καὶ
3652 2540 3764 2612 πρός

2210 2660 2273 2711 γε
2307 2642 2387 2695 ἔτι
2427 2642 2527 2711 τήν
2573 2642 2870 2710 Φατουμᾶν
2906 2640 2983 2711 (2)
3010 2639 3174 2693 τοῦτο
3219 2641 3461 2710 δρᾶσαι,
3514 2633 3764 2703 θυγατέρα

2213 2733 2311 2802 μὲν
2341 2732 2510 2786 οὖσαν
2542 2733 2636 2784 τοῦ
2670 2731 2766 2785 σοῦ
2789 2733 3101 2802 προφήτου,
3125 2731 3361 2794 πολλοὺς
3387 2731 3443 2784 δὲ
3473 2729 3630 2784 πάλιν
3657 2742 3766 2798 προ-

2210 2827 2386 2896 φήτας
2418 2825 2670 2893 φύσασαν
2700 2826 2764 2877 ἐκ
2806 2823 2901 2891 τοῦ
2937 2824 3176 2892 συζύγου
3212 2824 3422 2895 ταύτης
3445 2823 3592 2891 Ἀλῆ.
3619 2821 3764 2873 Ἕκα-

2211 2933 2335 2978 στος
2383 2918 2489 2987 γὰρ
2521 2915 2647 2968 καθ’
2682 2916 2806 2968 ὅσον
2831 2915 3156 2986 φιλούμενός
3189 2917 3313 2969 ἐστι
3343 2918 3420 2986 τῷ
3445 2916 3624 2984 κριτῇ,
3649 2911 3767 2963 κατὰ

2210 3008 2463 3061 τοσοῦτον
2489 3008 2783 3079 δυνήσεται
2822 3009 2950 3078 παρ’
2985 3008 3135 3078 αύτῷ
3159 3025 3174 3041 ο
3211 3007 3348 3062 ὥσθ’
3375 3011 3404 3062 ό
3433 3009 3528 3078 μὲν
3551 3006 3763 3066 πλείους,

522 3104 630 3150 res,
660 3089 795 3140 alius
832 3089 1140 3155 pauciores,
1177 3087 1404 3155 quilibet
1429 3098 1610 3142 tamen
1659 3103 1690 3141 a
1719 3088 1829 3143 Deo
1874 3088 2105 3145 dilectus

2213 3101 2236 3152 ὁ
2281 3101 2338 3153 δὲ
2393 3101 2671 3165 ἐλάττους,
2709 3103 2820 3163 πᾶς
2866 3117 2949 3163 τις
2980 3100 3037 3153 δὲ
3071 3101 3223 3171 ὅμως
3262 3101 3556 3176 δυνήσεται
3580 3097 3677 3152 τῶν
3705 3093 3767 3164 τῷ

519 3184 732 3252 aliquos
763 3181 1065 3236 esontibus
1114 3181 1352 3234 liberare
1406 3182 1601 3250 possit,
1652 3189 1808 3236 tanto
1871 3183 2106 3253 quisque

520 3274 758 3346 (opinor)
794 3290 1046 3337 numero,
1069 3284 1336 3342 quantum
1385 3273 1616 3328 dilectus
1646 3284 1748 3328 est.
1777 3273 1889 3329 lloc
1921 3278 2106 3346 sequi-

520 3377 610 3421 tur
632 3383 697 3421 ex
725 3367 792 3420 iis
810 3381 931 3435 quae
953 3365 1160 3420 dixisti.
1189 3365 1323 3418 Nam
1341 3365 1388 3418 si
1405 3375 1528 3419 tuus
1554 3368 1820 3436 propheta
1843 3383 1930 3431 eo,
1958 3368 2105 3438 quod

519 3476 552 3515 a
586 3462 693 3514 Deo
725 3458 875 3511 ralJe
899 3458 1162 3530 diligitur,
1186 3459 1464 3511 inﬁnitum
1490 3471 1682 3511 eorum
1726 3459 1817 3527 qui
1863 3461 2106 3528 puniun-

522 3565 611 3607 tur
630 3566 917 3605 numerum
952 3550 1214 3614 servabit,
1242 3551 1422 3604 cwteri
1448 3566 1665 3620 quoque
1692 3553 1972 3620 propheta:
1990 3569 2115 3608 om-

518 3661 620 3702 nes
646 3645 786 3699 idem
823 3643 1002 3698 facere
1057 3654 1320 3712 possunt;
1357 3643 1541 3697 nullus
1574 3643 1721 3696 enim
1766 3659 1959 3699 eorum
2009 3657 2116 3714 est,

517 3756 680 3810 quem
708 3754 818 3793 non
840 3736 1147 3808 ipsejudici
1177 3739 1424 3792 omnium
1451 3737 1734 3791 hominum
1762 3741 2002 3796 amicum
2023 3755 2115 3799 es-

517 3848 577 3888 se
607 3831 863 3886 alIirmes.

590 3925 659 3980 M
693 3963 708 3978 .
743 3925 930 3994 igitur,
963 3923 1010 3978 si
1038 3937 1163 3990 vera
1203 3923 1299 3976 tibi
1339 3922 1597 3992 iustaque
1658 3922 1843 3980 dicere
1896 3927 2104 3998 videor,

517 4035 641 4084 nec,
675 4025 733 4072 ut
765 4026 908 4072 certe
931 4015 1067 4082 scio,
1111 4017 1249 4070 meis
1289 4016 1450 4070 dictis
1493 4015 1760 4073 infensius
1793 4019 2107 4080 adversaris

519 4116 653 4183 (non
693 4112 836 4166 enim
870 4127 1082 4166 meeum
1121 4119 1317 4179 prmter
1352 4124 1463 4162 rem
1515 4113 1844 4168 contendere
1901 4117 2055 4172 voles
2088 4131 2103 4170 :

520 4204 574 4258 id
603 4220 667 4258 ex
703 4203 886 4258 multis
919 4203 1025 4257 tuis
1061 4211 1110 4256 et
1132 4201 1410 4270 praeclaris
1467 4201 1762 4258 virtutibus
1801 4206 2104 4277 conjicio):

517 4296 648 4364 quid
679 4295 856 4349 facere
885 4309 992 4348 non
1031 4301 1222 4362 posset
1255 4291 1470 4344 inﬁnita
1518 4292 1607 4345 illa
1634 4303 1947 4349 vestrorum
1978 4313 2106 4365 pro-

521 4391 808 4458 phetarum
838 4387 1155 4450 multitudo,
1188 4401 1287 4455 pro
1313 4385 1378 4439 iis
1413 4385 1504 4454 qui
1541 4386 1842 4454 puniuntur
1871 4390 2108 4444 amicum

2213 3192 2333 3262 Θεῷ
2361 3192 2705 3263 φιλουμένων
2731 3193 2888 3252 τινὰς
2928 3194 3038 3248 τῶν
3085 3193 3367 3250 ὑποδίκων
3406 3192 3764 3262 ἐλευθερῶσαι,

2215 3287 2314 3341 καὶ
2343 3287 2633 3350 τοσούτους
2655 3287 2890 3350 ἕκαστος
2913 3285 3066 3359 (οίμα.
3076 3287 3139 3358 ι),
3164 3289 3402 3344 καθόσον
3421 3290 3535 3344 ἐστὶ
3553 3287 3766 3358 φιλητός.

2215 3381 2388 3436 Τοῦτο
2425 3382 2483 3435 δὲ
2511 3382 2621 3434 ἀπὸ
2643 3381 2739 3436 τοῦ
2777 3382 2871 3434 σοῦ
2906 3382 3352 3453 συμπεραίνεται
3380 3385 3559 3454 λόγου.
3584 3383 3642 3435 El
3676 3378 3768 3448 γάρ

2218 3475 2296 3545 τῷ
2353 3474 2629 3545 φιλεῖσθαι
2675 3475 2940 3539 ἐπιεικῶς
2997 3476 3232 3546 ἀριθμὸν
3295 3476 3571 3548 ἀμύθητον
3626 3471 3767 3526 σώσει

2222 3566 2613 3635 κολαζομένων
2650 3568 2678 3620 ὁ
2712 3566 2804 3630 σδς
2841 3566 3155 3636 προφήτης,
3187 3567 3390 3620 ταυτὸν
3435 3565 3501 3619 ἂν
3539 3562 3769 3632 δράσαιεν

2219 3660 2308 3713 καὶ
2340 3660 2389 3712 oi
2422 3657 2573 3712 ἄλλοι
2610 3658 2816 3722 πάντες
2846 3658 3128 3728 προφῆται
3148 3672 3163 3688 ο
3198 3657 3378 3718 οὐδεὶς
3402 3657 3509 3726 γὰρ
3530 3651 3769 3726 δήπουθεν

2216 3751 2446 3816 τούτων,
2471 3751 2530 3804 ὃν
2557 3753 2660 3806 οὐκ
2685 3750 2752 3805 ἂν
2784 3751 2947 3813 αὐτὸς
2977 3750 3182 3820 φήσαις
3214 3751 3374 3819 φίλον
3405 3747 3544 3803 εἶναι
3573 3746 3645 3816 τῷ
3670 3758 3768 3812 κρι-

2213 3847 2283 3918 τῇ
2337 3845 2446 3898 τῶν
2487 3846 2704 3899 πάντων
2742 3841 3071 3913 ἀνθρώπων.

2289 3939 2374 3993 ιδ’.
2439 3939 2506 3992 Ει
2557 3938 2736 3991 τοίνυν
2795 3936 2879 3988 att
2928 3933 3195 4006 δοκοῦμεν
3251 3936 3430 4007 ἀληθῆ
3479 3936 3570 3990 καὶ
3608 3933 3769 3987 δίκαια

2213 4031 2418 4098 λέγειν,
2458 4030 2554 4082 καὶ
2586 4029 2687 4080 οὐκ
2719 4026 3064 4088 ἀντιτείνεις,
3096 4023 3158 4078 εὖ
3184 4020 3306 4081 οἶδα
3334 4027 3475 4098 (οὐδὲ
3505 4026 3609 4094 γὰρ
3635 4021 3771 4076 ἀκαί-

2216 4139 2327 4194 ρως
2374 4120 2648 4192 καταδέξῃ
2719 4119 3088 4188 φιλονεικεῖνο
3164 4119 3389 4183 πολλοῖς
3465 4123 3576 4182 σοῖς
3631 4115 3768 4170 τοῦτο

2211 4209 2610 4282 τεκμαίρομαι)
2638 4226 2652 4242 ⁸
2680 4211 2732 4263 τί
2764 4212 2866 4264 οὐκ
2897 4211 2963 4264 ἂν
3000 4212 3286 4281 ίσχύσαιεν
3342 4210 3545 4283 πρᾶξαι
3579 4211 3630 4263 αί
3671 4206 3765 4258 τῶν

2217 4305 2504 4373 ὑμετέρων
2536 4302 2828 4372 προφητῶν
2861 4305 3120 4373 μυριάδες
3147 4304 3249 4374 (5),
3279 4304 3420 4376 ὑπὲρ
3445 4305 3551 4358 τῶν
3570 4301 3769 4362 κολαζο-

2221 4397 2400 4462 μένων
2443 4395 2536 4448 τὸν
2587 4395 2742 4463 φίλον
2805 4398 3002 4468 κριτὴν
3059 4401 3533 4468 παραιτούμενοι;
3573 4397 3629 4449 ού
3681 4393 3770 4461 μὴν

511 4483 753 4550 judicem
818 4479 1170 4550 deprecans?
1214 4479 1346 4550 quid
1407 4495 1534 4543 non,
1597 4479 1911 4548 quicunque
1965 4482 2108 4536 anti-

2215 4487 2353 4540 ἀλλὰ
2405 4491 2502 4543 καὶ
2545 4489 2748 4551 πάντες
2786 4456 2924 4541 ο2ιέν
2949 4456 3030 4558 τῷ
3057 4456 3205 4558 νόμῳ
3238 4456 3598 4562 σωθήσονται,
3630 4486 3768 4553 εἴπερ

519 4591 627 4644 qua
659 4575 779 4642 lege
815 4574 1202 4630 servabuntur.
1258 4571 1304 4624 si
1341 4585 1466 4623 vera
1505 4579 1612 4634 est,
1671 4585 1764 4623 nec
1793 4572 2106 4640 subinanis,

519 4678 612 4722 tua
640 4665 866 4736 opinio?
907 4665 1074 4727 Cedo,
1103 4677 1311 4732 quaeso,
1367 4661 1460 4716 ubi
1526 4662 1818 4717 collocabis
1865 4664 2106 4734 Moysen,

521 4767 733 4812 tantum
787 4755 1007 4810 virum?
1057 4753 1147 4807 ubi
1201 4752 1370 4806 David
1430 4752 1650 4821 regem?
1694 4753 1786 4807 ubi
1831 4771 1953 4808 cum
2015 4757 2108 4811 illo

521 4852 786 4918 reliquam
822 4862 1038 4901 omnem
1071 4847 1267 4901 seriem
1293 4844 1536 4911 generis,
1569 4860 1634 4899 ex
1660 4862 1766 4912 qua
1798 4850 2100 4903 secundum

520 4958 739 4998 carnem
774 4941 1028 4996 Christus
1080 4946 1162 4990 est
1194 4936 1391 4990 natus?
1418 4935 1558 4989 Num
1595 4937 1745 4992 Solus
1774 4937 2114 4996 Moametbus

521 5039 710 5092 dolore
745 5037 951 5089 fractus
991 5047 1090 5102 pro
1143 5032 1211 5086 iis
1266 5031 1360 5099 qui
1406 5033 1708 5102 puniuntur
1771 5036 2114 5094 intercedet?

525 5133 574 5183 hi
616 5144 744 5184 vero
774 5128 971 5196 lapidei
1006 5126 1420 5195 quodammodo
1473 5137 1658 5188 erunt,
1717 5129 2112 5200 suppliciisque

522 5223 746 5275 allectos
796 5219 1049 5270 homines
1073 5217 1281 5283 absque
1322 5215 1434 5268 ullo
1483 5216 1687 5272 doloris
1741 5233 1904 5273 sensu
1965 5221 2114 5289 aspi-

522 5314 718 5367 cient?
761 5325 940 5364 nonne
1000 5307 1425 5378 pulcberrimum
1493 5309 1640 5364 illius
1701 5310 1926 5376 factum,
1960 5316 2106 5382 quod

524 5409 665 5462 bene
687 5405 1134 5471 successerit,.ad
1178 5405 1584 5459 miserationem
1621 5419 1715 5460 eos
1762 5407 1926 5460 etiam
1959 5423 2109 5462 corn-

525 5497 799 5553 movebit?
847 5513 953 5552 non
990 5497 1361 5567 persuadebit,
1398 5507 1458 5552 ut
1485 5499 1531 5554 si
1560 5499 1690 5568 quid
1743 5499 1976 5558 orat-int.
2022 5500 2098 5554 rei

600 5634 677 5701 (il
699 5634 924 5707 Supple,
958 5637 1152 5707 ἐχρῆν.

601 5707 680 5771 (2)
708 5706 844 5762 Cod.
873 5706 1041 5764 Cuisl.
1073 5708 1379 5761 Φατουσᾶν.

601 5713 658 5771 (‘2
708 5713 844 5762 Cod.
873 5713 1041 5764 Cuisl.
1073 5713 1379 5761 Φατουσᾶν.

601 5713 800 5847 (ὄζίίίε
831 5780 886 5834 iu
917 5778 1082 5837 codd.
1121 5778 1364 5832 miniatis
1419 5776 1617 5833 litteris
1691 5777 1957 5847 scriptum
2019 5788 2104 5834 est

2215 4580 2248 4648 ἡ
2279 4579 2406 4644 δόξα
2438 4595 2532 4632 σου
2567 4578 2776 4650 ἀληθὴς
2844 4580 2939 4630 καὶ
2994 4579 3056 4631 οὐ
3091 4580 3301 4651 ψευδής
3347 4599 3450 4646 τις,
3481 4577 3610 4634 οὖσα
3655 4591 3770 4642 τυγο

2213 4673 2410 4740 χάνει;
2446 4672 2558 4751 Ποῦ
2586 4673 2693 4742 γὰρ
2724 4672 2934 4741 θήσεις,
2966 4672 3088 4751 ε’ίπὲ
3126 4690 3238 4742 μοι,
3290 4676 3384 4728 καὶ
3420 4673 3655 4741 Μωῦσῆν
3692 4670 3770 4720 τὸν

2211 4763 2504 4827 τοσοῦτονς
2539 4749 2634 4817 καὶ
2661 4764 2826 4816 Δα6”ιδ
2855 4766 2944 4816 τδν
2974 4749 3204 4834 βασιλέα
3227 4781 3242 4830 ;
3269 4765 3365 4818 καί
3399 4767 3497 4819 σὺν
3521 4763 3661 4832 αὑτῷ
3683 4759 3767 4826 τὴν

2210 4856 2378 4928 ἄλλην
2430 4858 2612 4910 πᾶσαν
2669 4857 2859 4927 σειρὰν
2913 4857 3010 4910 τοῦ
3058 4857 3275 4924 γένους,
3307 4858 3367 4922 ἐξ
3422 4853 3488 4928 ἦς
3541 4856 3601 4908 τὸ
3647 4850 3770 4907 κατὰ

2211 4949 2393 5018 σάρκα
2428 4950 2663 5018 Χριστός
2683 4966 2697 5010 ;
2721 4945 2796 5002 Ἦ
2817 4953 2845 5001 ό
2868 4949 2966 5020 μὲν
2993 4950 3238 5020 Μωάμεθ
3269 4951 3412 5019 ὑπὲρ
3436 4951 3543 5004 τῶν
3570 4945 3771 5006 κολαζο-

2215 5039 2394 5108 μένων
2451 5037 2724 5108 καμφθεὶς
2782 5041 3229 5109 παραιτήσεται,
3297 5039 3444 5093 οὗτοι
3493 5039 3548 5090 δὲ
3597 5033 3770 5088 λίθινοί

2208 5148 2356 5193 τινες
2412 5131 2649 5196 ἔσονται,
2697 5133 2965 5201 ἁναλγητλ⁵
3015 5136 3143 5196 τοὺς
3197 5135 3255 5187 ἐν
3301 5138 3366 5201 τῇ
3401 5131 3617 5184 κολάσει
3649 5126 3768 5180 θεώ·

2213 5240 2397 5292 μενοι;
2438 5227 2533 5278 καὶ
2605 5227 2729 5280 οὐδὲ
2773 5231 2834 5281 τὸ
2885 5231 3100 5283 ἐκείνου
3159 5233 3492 5305 κατόρθωμα
3550 5228 3764 5302 ἐρεθίσει

2215 5316 2406 5368 τούσδε
2447 5318 2576 5385 πρὸς
2606 5319 2794 5382 ἔλεονν
2831 5323 2952 5374 ούδέ
2988 5325 3170 5378 πείσει
3213 5328 3434 5391 πάντως
3463 5325 3674 5396 θαρρεῖν
3705 5318 3767 5377 ὡς

2216 5409 2314 5479 οὐχ
2350 5409 2736 5480 ἁμαρτήσουσι
2779 5413 3100 5483 δεησόμενοι
3130 5434 3143 5482 ;
3194 5418 3332 5472 Ἀλλ’
3366 5421 3467 5471 ούκ
3495 5419 3559 5468 ἂν
3593 5415 3766 5468 εἴποις.

2211 5500 2339 5552 ὅταν
2361 5517 2424 5568 γε
2478 5503 2585 5570 μὴν
2635 5503 2771 5574 πρὸς
2805 5506 2919 5568 τοῖς
2960 5505 3145 5571 ἄλλοις
3199 5509 3373 5562 ἅπασι
3429 5499 3768 5578 πρεσὸευταῖς

2217 5638 2294 5716 ad
2319 5655 2469 5694 oram
2505 5641 2904 5716 :_Eqps£w51t'
2941 5648 2990 5698 οἱ
3042 5647 3279 5716 Τοῦρκοι
3336 5648 3584 5714 λέγουσιν
3606 5636 3766 5716 --είναι

2193 5712 2342 5784 ,τφὺς
2377 5713 2665 5780 προφήτας
2699 5716 2880 5766 αὐτῶν
2925 5717 3064 5784 ρμδ’.
3111 5712 3166 5772 id
3194 5731 3314 5771 est:
3349 5712 3493 5769 Νοια
3529 5732 3548 5770 :
3604 5712 3767 5766 Turre:

2214 5783 2424 5849 dicunt,
2456 5799 2576 5834 suos
2611 5788 2896 5854 prop/telas
2925 5783 3145 5844 numero
3173 5805 3284 5842 esse
3312 5785 3558 5842 CXLIV.
