  <div class='ocr_page' id='page_1' title='image "/cluster/home/n/w/nwhite01/storage/ocr_20150623/156/coo.31924054870617/090.png"; bbox 0 0 3972 6442; ppageno 0'>
   <div class='ocr_carea' id='block_1_1' title="bbox 181 345 3459 438">
    <p class='ocr_par' dir='ltr' id='par_1_1' title="bbox 181 345 3459 438">
     <span class='ocr_line' id='line_1_1' title="bbox 181 345 3459 438; baseline -0.009 0"><span class='ocrx_word' id='word_1_1' title='bbox 181 375 266 438; x_wconf 83' lang='grc'><strong>165</strong></span> <span class='ocrx_word' id='word_1_2' title='bbox 1136 361 1529 426; x_wconf 71' lang='lat' dir='ltr'><strong>DIALOG‘US</strong></span> <span class='ocrx_word' id='word_1_3' title='bbox 1567 360 1626 421; x_wconf 87' lang='grc' dir='ltr'><strong>ΙΙ</strong></span> <span class='ocrx_word' id='word_1_4' title='bbox 1664 357 1832 420; x_wconf 87' lang='lat' dir='ltr'><strong>CUM</strong></span> <span class='ocrx_word' id='word_1_5' title='bbox 1863 347 2437 415; x_wconf 83' lang='lat' dir='ltr'><strong>MOHAMETANO.</strong></span> <span class='ocrx_word' id='word_1_6' title='bbox 3085 389 3106 398; x_wconf 61' lang='grc' dir='ltr'><strong>ρ·</strong></span> <span class='ocrx_word' id='word_1_7' title='bbox 3357 345 3459 411; x_wconf 80' lang='lat'><strong>16&#39;5</strong></span> 
     </span>
    </p>
   </div>
   <div class='ocr_carea' id='block_1_2' title="bbox 182 458 1810 555">
    <p class='ocr_par' dir='ltr' id='par_1_2' title="bbox 182 465 1810 555">
     <span class='ocr_line' id='line_1_2' title="bbox 182 465 1810 555; baseline -0.008 -15"><span class='ocrx_word' id='word_1_8' title='bbox 182 488 304 550; x_wconf 79' lang='grc' dir='ltr'>(τοῖς</span> <span class='ocrx_word' id='word_1_9' title='bbox 337 483 637 555; x_wconf 76' lang='grc' dir='ltr'><strong>ἡμετέροις</strong></span> <span class='ocrx_word' id='word_1_10' title='bbox 670 465 971 552; x_wconf 66' lang='grc' dir='ltr'>λέγω),καὶ</span> <span class='ocrx_word' id='word_1_11' title='bbox 995 475 1092 550; x_wconf 75' lang='grc' dir='ltr'>τὴν</span> <span class='ocrx_word' id='word_1_12' title='bbox 1116 477 1211 533; x_wconf 89' lang='grc' dir='ltr'><strong>τοῦ</strong></span> <span class='ocrx_word' id='word_1_13' title='bbox 1239 479 1497 550; x_wconf 79' lang='grc' dir='ltr'><strong>Σωτῆρος</strong></span> <span class='ocrx_word' id='word_1_14' title='bbox 1537 477 1756 547; x_wconf 80' lang='grc' dir='ltr'>μητέρα</span> <span class='ocrx_word' id='word_1_15' title='bbox 1787 492 1810 548; x_wconf 57' lang='grc' dir='ltr'><em>Α</em></span> 
     </span>
    </p>
   </div>
   <div class='ocr_carea' id='block_1_3' title="bbox 1917 458 3460 555">
    <p class='ocr_par' dir='ltr' id='par_1_3' title="bbox 1917 458 3460 534">
     <span class='ocr_line' id='line_1_3' title="bbox 1917 458 3460 534; baseline -0.001 -15"><span class='ocrx_word' id='word_1_16' title='bbox 1917 471 2146 534; x_wconf 79' lang='lat' dir='ltr'><strong>nnpotes</strong></span> <span class='ocrx_word' id='word_1_17' title='bbox 2180 463 2298 517; x_wconf 80' lang='lat' dir='ltr'><strong>fore</strong></span> <span class='ocrx_word' id='word_1_18' title='bbox 2321 477 2381 516; x_wconf 89' lang='lat' dir='ltr'><strong>se</strong></span> <span class='ocrx_word' id='word_1_19' title='bbox 2433 471 2652 530; x_wconf 88' lang='lat' dir='ltr'><strong>quoque</strong></span> <span class='ocrx_word' id='word_1_20' title='bbox 2711 459 3031 515; x_wconf 73' lang='lat' dir='ltr'><strong>conﬁdant?</strong></span> <span class='ocrx_word' id='word_1_21' title='bbox 3081 458 3187 515; x_wconf 86' lang='lat' dir='ltr'><strong>Sed</strong></span> <span class='ocrx_word' id='word_1_22' title='bbox 3226 459 3329 517; x_wconf 90' lang='lat' dir='ltr'><strong>hoc</strong></span> <span class='ocrx_word' id='word_1_23' title='bbox 3363 477 3460 517; x_wconf 90' lang='lat' dir='ltr'><strong>ne-</strong></span> 
     </span>
    </p>
   </div>
   <div class='ocr_carea' id='block_1_4' title="bbox 183 551 1810 648">
    <p class='ocr_par' dir='ltr' id='par_1_4' title="bbox 183 551 1758 648">
     <span class='ocr_line' id='line_1_4' title="bbox 183 551 1758 648; baseline -0.007 -18"><span class='ocrx_word' id='word_1_24' title='bbox 183 551 535 648; x_wconf 48' lang='lat' dir='ltr'><strong>paupriem,</strong></span> <span class='ocrx_word' id='word_1_25' title='bbox 563 572 902 643; x_wconf 83' lang='grc' dir='ltr'><strong>συγγνώμην</strong></span> <span class='ocrx_word' id='word_1_26' title='bbox 937 589 1001 642; x_wconf 92' lang='grc' dir='ltr'><strong>γε</strong></span> <span class='ocrx_word' id='word_1_27' title='bbox 1037 569 1440 640; x_wconf 78' lang='grc' dir='ltr'><strong>ἐξαιτουμένην</strong></span> <span class='ocrx_word' id='word_1_28' title='bbox 1473 569 1617 639; x_wconf 80' lang='grc' dir='ltr'>ὑπὲρ</span> <span class='ocrx_word' id='word_1_29' title='bbox 1646 568 1758 620; x_wconf 85' lang='grc' dir='ltr'><strong>τῶν</strong></span> 
     </span>
    </p>
   </div>
   <div class='ocr_carea' id='block_1_5' title="bbox 1917 551 3463 648">
    <p class='ocr_par' dir='ltr' id='par_1_5' title="bbox 1917 551 3463 627">
     <span class='ocr_line' id='line_1_5' title="bbox 1917 551 3463 627; baseline -0.003 -15"><span class='ocrx_word' id='word_1_30' title='bbox 1917 572 2143 627; x_wconf 77' lang='lat' dir='ltr'><strong>mquam</strong></span> <span class='ocrx_word' id='word_1_31' title='bbox 2183 553 2413 618; x_wconf 75' lang='lat' dir='ltr'><strong>dixeris,</strong></span> <span class='ocrx_word' id='word_1_32' title='bbox 2450 551 2750 606; x_wconf 85' lang='lat' dir='ltr'><strong>dummodo</strong></span> <span class='ocrx_word' id='word_1_33' title='bbox 2819 563 3020 619; x_wconf 61' lang='lat' dir='ltr'><strong>prater</strong></span> <span class='ocrx_word' id='word_1_34' title='bbox 3063 567 3256 609; x_wconf 90' lang='lat' dir='ltr'><strong>omnes</strong></span> <span class='ocrx_word' id='word_1_35' title='bbox 3302 565 3463 609; x_wconf 69' lang='lat' dir='ltr'><strong>caete-</strong></span> 
     </span>
    </p>
   </div>
   <div class='ocr_carea' id='block_1_6' title="bbox 183 643 1810 738">
    <p class='ocr_par' dir='ltr' id='par_1_6' title="bbox 183 643 1757 738">
     <span class='ocr_line' id='line_1_6' title="bbox 183 643 1757 738; baseline -0.008 -14"><span class='ocrx_word' id='word_1_36' title='bbox 183 674 254 734; x_wconf 78' lang='grc' dir='ltr'><strong>εἰς</strong></span> <span class='ocrx_word' id='word_1_37' title='bbox 297 643 528 738; x_wconf 67' lang='grc' dir='ltr'>γέενναν</span> <span class='ocrx_word' id='word_1_38' title='bbox 561 667 979 738; x_wconf 74' lang='grc' dir='ltr'>ἐμϐληθέντωνο</span> <span class='ocrx_word' id='word_1_39' title='bbox 1021 665 1146 736; x_wconf 75' lang='grc' dir='ltr'>ἣτις</span> <span class='ocrx_word' id='word_1_40' title='bbox 1195 663 1259 733; x_wconf 80' lang='grc' dir='ltr'>δὴ</span> <span class='ocrx_word' id='word_1_41' title='bbox 1302 663 1488 733; x_wconf 85' lang='grc' dir='ltr'><strong>μήτηρ</strong></span> <span class='ocrx_word' id='word_1_42' title='bbox 1539 659 1757 728; x_wconf 82' lang='grc' dir='ltr'><strong>ἀπόχρη</strong></span> 
     </span>
    </p>
   </div>
   <div class='ocr_carea' id='block_1_7' title="bbox 1917 643 3461 738">
    <p class='ocr_par' dir='ltr' id='par_1_7' title="bbox 1917 643 3461 718">
     <span class='ocr_line' id='line_1_7' title="bbox 1917 643 3461 718; baseline -0.001 -15"><span class='ocrx_word' id='word_1_43' title='bbox 1917 667 1958 707; x_wconf 74' lang='lat' dir='ltr'><strong>IS</strong></span> <span class='ocrx_word' id='word_1_44' title='bbox 2020 650 2410 718; x_wconf 89' lang='lat' dir='ltr'><strong>deprecatores</strong></span> <span class='ocrx_word' id='word_1_45' title='bbox 2475 646 2719 713; x_wconf 76' lang='lat' dir='ltr'><strong>(nostros</strong></span> <span class='ocrx_word' id='word_1_46' title='bbox 2747 643 2892 715; x_wconf 89' lang='lat' dir='ltr'><strong>dico)</strong></span> <span class='ocrx_word' id='word_1_47' title='bbox 2951 645 3003 700; x_wconf 91' lang='lat' dir='ltr'><strong>in</strong></span> <span class='ocrx_word' id='word_1_48' title='bbox 3076 655 3312 702; x_wconf 91' lang='lat' dir='ltr'><strong>mentem</strong></span> <span class='ocrx_word' id='word_1_49' title='bbox 3365 647 3461 702; x_wconf 89' lang='lat' dir='ltr'><strong>tibi</strong></span> 
     </span>
    </p>
   </div>
   <div class='ocr_carea' id='block_1_8' title="bbox 183 740 1810 833">
    <p class='ocr_par' dir='ltr' id='par_1_8' title="bbox 183 748 1761 833">
     <span class='ocr_line' id='line_1_8' title="bbox 183 748 1761 833; baseline -0.008 -17"><span class='ocrx_word' id='word_1_50' title='bbox 183 765 268 816; x_wconf 72' lang='grc' dir='ltr'>καὶ</span> <span class='ocrx_word' id='word_1_51' title='bbox 300 762 439 833; x_wconf 85' lang='grc' dir='ltr'>μόνη</span> <span class='ocrx_word' id='word_1_52' title='bbox 478 761 540 814; x_wconf 87' lang='grc' dir='ltr'><strong>τδ</strong></span> <span class='ocrx_word' id='word_1_53' title='bbox 573 761 684 814; x_wconf 81' lang='grc' dir='ltr'><strong>πᾶν</strong></span> <span class='ocrx_word' id='word_1_54' title='bbox 722 756 1091 830; x_wconf 76' lang='grc' dir='ltr'>ἐργάσασθαι,</span> <span class='ocrx_word' id='word_1_55' title='bbox 1131 749 1292 826; x_wconf 84' lang='grc' dir='ltr'>εῐπερ</span> <span class='ocrx_word' id='word_1_56' title='bbox 1319 755 1468 817; x_wconf 74' lang='grc' dir='ltr'>εἰκὸς</span> <span class='ocrx_word' id='word_1_57' title='bbox 1498 748 1566 826; x_wconf 84' lang='grc' dir='ltr'>ἦν</span> <span class='ocrx_word' id='word_1_58' title='bbox 1599 751 1761 804; x_wconf 87' lang='grc' dir='ltr'>τοῦτο</span> 
     </span>
    </p>
   </div>
   <div class='ocr_carea' id='block_1_9' title="bbox 1917 740 3460 833">
    <p class='ocr_par' dir='ltr' id='par_1_9' title="bbox 1917 740 3460 812">
     <span class='ocr_line' id='line_1_9' title="bbox 1917 740 3460 812; baseline -0.005 -12"><span class='ocrx_word' id='word_1_59' title='bbox 1917 747 2051 801; x_wconf 75' lang='lat' dir='ltr'><strong>:niat</strong></span> <span class='ocrx_word' id='word_1_60' title='bbox 2075 743 2388 799; x_wconf 90' lang='lat' dir='ltr'><strong>Servatoris</strong></span> <span class='ocrx_word' id='word_1_61' title='bbox 2409 741 2586 811; x_wconf 88' lang='lat' dir='ltr'><strong>ipsius</strong></span> <span class='ocrx_word' id='word_1_62' title='bbox 2607 749 2800 806; x_wconf 88' lang='lat' dir='ltr'><strong>mater,</strong></span> <span class='ocrx_word' id='word_1_63' title='bbox 2816 756 2915 810; x_wconf 88' lang='lat' dir='ltr'><strong>pro</strong></span> <span class='ocrx_word' id='word_1_64' title='bbox 2931 740 3158 810; x_wconf 88' lang='lat' dir='ltr'><strong>dejectis</strong></span> <span class='ocrx_word' id='word_1_65' title='bbox 3185 742 3234 795; x_wconf 95' lang='lat' dir='ltr'><strong>in</strong></span> <span class='ocrx_word' id='word_1_66' title='bbox 3256 743 3460 812; x_wconf 80' lang='lat' dir='ltr'><strong>gehen-</strong></span> 
     </span>
    </p>
   </div>
   <div class='ocr_carea' id='block_1_10' title="bbox 183 834 1810 923">
    <p class='ocr_par' dir='ltr' id='par_1_10' title="bbox 183 841 1760 923">
     <span class='ocr_line' id='line_1_10' title="bbox 183 841 1760 923; baseline -0.008 -16"><span class='ocrx_word' id='word_1_67' title='bbox 183 855 453 923; x_wconf 84' lang='grc' dir='ltr'>γενέσθαι.</span> <span class='ocrx_word' id='word_1_68' title='bbox 476 853 540 908; x_wconf 85' lang='grc' dir='ltr'><strong>Τί</strong></span> <span class='ocrx_word' id='word_1_69' title='bbox 564 853 632 906; x_wconf 83' lang='grc' dir='ltr'><strong>ἂν</strong></span> <span class='ocrx_word' id='word_1_70' title='bbox 651 853 846 918; x_wconf 82' lang='grc' dir='ltr'>είποις;</span> <span class='ocrx_word' id='word_1_71' title='bbox 879 847 915 922; x_wconf 80' lang='grc' dir='ltr'>ἦ</span> <span class='ocrx_word' id='word_1_72' title='bbox 942 850 1127 919; x_wconf 78' lang='grc' dir='ltr'>δῆλον,</span> <span class='ocrx_word' id='word_1_73' title='bbox 1159 848 1234 911; x_wconf 85' lang='grc' dir='ltr'>ὡς</span> <span class='ocrx_word' id='word_1_74' title='bbox 1272 846 1453 908; x_wconf 73' lang='grc' dir='ltr'>οὐδεὶς</span> <span class='ocrx_word' id='word_1_75' title='bbox 1476 845 1587 898; x_wconf 87' lang='grc' dir='ltr'><strong>τῶν</strong></span> <span class='ocrx_word' id='word_1_76' title='bbox 1617 841 1760 913; x_wconf 80' lang='grc' dir='ltr'>φαύ·</span> 
     </span>
    </p>
   </div>
   <div class='ocr_carea' id='block_1_11' title="bbox 1917 834 3464 923">
    <p class='ocr_par' dir='ltr' id='par_1_11' title="bbox 1917 834 3464 909">
     <span class='ocr_line' id='line_1_11' title="bbox 1917 834 3464 909; baseline -0.003 -15"><span class='ocrx_word' id='word_1_77' title='bbox 1917 856 1994 894; x_wconf 78' lang='lat' dir='ltr'><strong>am</strong></span> <span class='ocrx_word' id='word_1_78' title='bbox 2030 838 2350 909; x_wconf 84' lang='lat' dir='ltr'><strong>supplicans</strong></span> <span class='ocrx_word' id='word_1_79' title='bbox 2379 853 2392 890; x_wconf 88' lang='lat'><strong>:</strong></span> <span class='ocrx_word' id='word_1_80' title='bbox 2429 847 2551 905; x_wconf 75' lang='lat' dir='ltr'><strong>qua:</strong></span> <span class='ocrx_word' id='word_1_81' title='bbox 2591 834 2818 904; x_wconf 90' lang='lat' dir='ltr'><strong>quidem</strong></span> <span class='ocrx_word' id='word_1_82' title='bbox 2850 842 3021 888; x_wconf 82' lang='lat' dir='ltr'><strong>mater</strong></span> <span class='ocrx_word' id='word_1_83' title='bbox 3058 835 3171 888; x_wconf 88' lang='lat' dir='ltr'><strong>sola</strong></span> <span class='ocrx_word' id='word_1_84' title='bbox 3206 836 3329 888; x_wconf 84' lang='lat' dir='ltr'><strong>huic</strong></span> <span class='ocrx_word' id='word_1_85' title='bbox 3364 835 3464 889; x_wconf 88' lang='lat' dir='ltr'><strong>toti</strong></span> 
     </span>
    </p>
   </div>
   <div class='ocr_carea' id='block_1_12' title="bbox 184 927 1810 1015">
    <p class='ocr_par' dir='ltr' id='par_1_12' title="bbox 184 935 1763 1015">
     <span class='ocr_line' id='line_1_12' title="bbox 184 935 1763 1015; baseline -0.005 -19"><span class='ocrx_word' id='word_1_86' title='bbox 184 949 280 999; x_wconf 74' lang='grc' dir='ltr'><strong>λων</strong></span> <span class='ocrx_word' id='word_1_87' title='bbox 313 942 626 1015; x_wconf 78' lang='grc' dir='ltr'>ἀνθρώπων</span> <span class='ocrx_word' id='word_1_88' title='bbox 676 943 834 1012; x_wconf 83' lang='grc' dir='ltr'>δίκην</span> <span class='ocrx_word' id='word_1_89' title='bbox 881 940 1087 994; x_wconf 79' lang='grc' dir='ltr'><strong>τίσειεν</strong></span> <span class='ocrx_word' id='word_1_90' title='bbox 1117 939 1207 1007; x_wconf 82' lang='grc' dir='ltr'>ἂν,</span> <span class='ocrx_word' id='word_1_91' title='bbox 1238 937 1356 992; x_wconf 85' lang='grc' dir='ltr'>ἀλλ’</span> <span class='ocrx_word' id='word_1_92' title='bbox 1387 936 1630 999; x_wconf 74' lang='grc' dir='ltr'>ἅπαντες</span> <span class='ocrx_word' id='word_1_93' title='bbox 1662 935 1763 1006; x_wconf 80' lang='grc' dir='ltr'><strong>μὲν</strong></span> 
     </span>
    </p>
   </div>
   <div class='ocr_carea' id='block_1_13' title="bbox 1917 927 3464 1015">
    <p class='ocr_par' dir='ltr' id='par_1_13' title="bbox 1917 927 3464 1005">
     <span class='ocr_line' id='line_1_13' title="bbox 1917 927 3464 1005; baseline -0.005 -17"><span class='ocrx_word' id='word_1_94' title='bbox 1917 933 2088 1005; x_wconf 61' lang='lat' dir='ltr'><strong>egotio</strong></span> <span class='ocrx_word' id='word_1_95' title='bbox 2131 931 2497 996; x_wconf 78' lang='lat' dir='ltr'><strong>conﬁciendo,</strong></span> <span class='ocrx_word' id='word_1_96' title='bbox 2532 929 2577 984; x_wconf 88' lang='lat' dir='ltr'><strong>si</strong></span> <span class='ocrx_word' id='word_1_97' title='bbox 2633 927 2854 998; x_wconf 81' lang='lat' dir='ltr'><strong>quidem</strong></span> <span class='ocrx_word' id='word_1_98' title='bbox 2892 927 3002 981; x_wconf 92' lang='lat' dir='ltr'><strong>ullo</strong></span> <span class='ocrx_word' id='word_1_99' title='bbox 3031 930 3258 982; x_wconf 82' lang='lat' dir='ltr'><strong>omnino</strong></span> <span class='ocrx_word' id='word_1_100' title='bbox 3299 929 3464 982; x_wconf 89' lang='lat' dir='ltr'><strong>modo</strong></span> 
     </span>
    </p>
   </div>
   <div class='ocr_carea' id='block_1_14' title="bbox 187 1018 1810 1110">
    <p class='ocr_par' dir='ltr' id='par_1_14' title="bbox 187 1019 1764 1110">
     <span class='ocr_line' id='line_1_14' title="bbox 187 1019 1764 1110; baseline -0.005 -18"><span class='ocrx_word' id='word_1_101' title='bbox 187 1037 503 1110; x_wconf 80' lang='grc' dir='ltr'><strong>ἀνδροφόνοι</strong></span> <span class='ocrx_word' id='word_1_102' title='bbox 547 1037 646 1090; x_wconf 80' lang='grc' dir='ltr'>καὶ</span> <span class='ocrx_word' id='word_1_103' title='bbox 691 1035 936 1104; x_wconf 80' lang='grc' dir='ltr'><strong>μέθυσοι,</strong></span> <span class='ocrx_word' id='word_1_104' title='bbox 970 1033 1212 1096; x_wconf 74' lang='grc' dir='ltr'>ἅπαντες</span> <span class='ocrx_word' id='word_1_105' title='bbox 1266 1032 1312 1085; x_wconf 77' lang='grc' dir='ltr'>δ’</span> <span class='ocrx_word' id='word_1_106' title='bbox 1339 1019 1634 1102; x_wconf 64' lang='grc' dir='ltr'>διρπαγες,</span> <span class='ocrx_word' id='word_1_107' title='bbox 1667 1031 1764 1084; x_wconf 77' lang='grc' dir='ltr'>καὶ</span> 
     </span>
    </p>
   </div>
   <div class='ocr_carea' id='block_1_15' title="bbox 1917 1018 3470 1110">
    <p class='ocr_par' dir='ltr' id='par_1_15' title="bbox 1917 1018 3470 1096">
     <span class='ocr_line' id='line_1_15' title="bbox 1917 1018 3470 1096; baseline -0.005 -14"><span class='ocrx_word' id='word_1_108' title='bbox 1917 1027 1985 1082; x_wconf 80' lang='lat' dir='ltr'><strong>eri</strong></span> <span class='ocrx_word' id='word_1_109' title='bbox 2017 1032 2223 1096; x_wconf 89' lang='lat' dir='ltr'><strong>posset,</strong></span> <span class='ocrx_word' id='word_1_110' title='bbox 2255 1038 2484 1094; x_wconf 89' lang='lat' dir='ltr'><strong>prorsus</strong></span> <span class='ocrx_word' id='word_1_111' title='bbox 2516 1020 2811 1077; x_wconf 76' lang='lat' dir='ltr'><strong>sufficeret.</strong></span> <span class='ocrx_word' id='word_1_112' title='bbox 2835 1018 2951 1074; x_wconf 80' lang='lat' dir='ltr'><strong>Jam</strong></span> <span class='ocrx_word' id='word_1_113' title='bbox 2979 1035 3108 1074; x_wconf 82' lang='lat' dir='ltr'><strong>vero</strong></span> <span class='ocrx_word' id='word_1_114' title='bbox 3132 1020 3261 1089; x_wconf 90' lang='lat' dir='ltr'><strong>quid</strong></span> <span class='ocrx_word' id='word_1_115' title='bbox 3297 1021 3470 1075; x_wconf 81' lang='lat' dir='ltr'><strong>dicis?</strong></span> 
     </span>
    </p>
   </div>
   <div class='ocr_carea' id='block_1_16' title="bbox 187 1113 1810 1199">
    <p class='ocr_par' dir='ltr' id='par_1_16' title="bbox 187 1124 1764 1199">
     <span class='ocr_line' id='line_1_16' title="bbox 187 1124 1764 1199; baseline -0.007 -12"><span class='ocrx_word' id='word_1_116' title='bbox 187 1132 494 1194; x_wconf 74' lang='grc' dir='ltr'><strong>ἀκόλαστοι,</strong></span> <span class='ocrx_word' id='word_1_117' title='bbox 526 1132 626 1184; x_wconf 79' lang='grc' dir='ltr'>καὶ</span> <span class='ocrx_word' id='word_1_118' title='bbox 658 1127 988 1195; x_wconf 84' lang='grc' dir='ltr'>λωποδύται,</span> <span class='ocrx_word' id='word_1_119' title='bbox 1011 1128 1106 1182; x_wconf 72' lang='grc' dir='ltr'>καὶ</span> <span class='ocrx_word' id='word_1_120' title='bbox 1138 1125 1435 1199; x_wconf 79' lang='grc' dir='ltr'>ἱερόσυλοι,</span> <span class='ocrx_word' id='word_1_121' title='bbox 1475 1127 1572 1180; x_wconf 77' lang='grc' dir='ltr'>καὶ</span> <span class='ocrx_word' id='word_1_122' title='bbox 1608 1127 1635 1178; x_wconf 98' lang='lat'><strong>6</strong></span> <span class='ocrx_word' id='word_1_123' title='bbox 1656 1124 1764 1177; x_wconf 85' lang='grc' dir='ltr'><strong>τῶν</strong></span> 
     </span>
    </p>
   </div>
   <div class='ocr_carea' id='block_1_17' title="bbox 1917 1113 3471 1199">
    <p class='ocr_par' dir='ltr' id='par_1_17' title="bbox 1917 1113 3471 1185">
     <span class='ocr_line' id='line_1_17' title="bbox 1917 1113 3471 1185; baseline -0.004 -13"><span class='ocrx_word' id='word_1_124' title='bbox 1917 1134 2056 1174; x_wconf 84' lang='lat' dir='ltr'><strong>onne</strong></span> <span class='ocrx_word' id='word_1_125' title='bbox 2105 1117 2282 1185; x_wconf 82' lang='lat' dir='ltr'><strong>palam</strong></span> <span class='ocrx_word' id='word_1_126' title='bbox 2337 1123 2442 1182; x_wconf 84' lang='lat' dir='ltr'><strong>est,</strong></span> <span class='ocrx_word' id='word_1_127' title='bbox 2497 1115 2874 1181; x_wconf 90' lang='lat' dir='ltr'><strong>improborum</strong></span> <span class='ocrx_word' id='word_1_128' title='bbox 2914 1113 3196 1167; x_wconf 82' lang='lat' dir='ltr'><strong>hominum</strong></span> <span class='ocrx_word' id='word_1_129' title='bbox 3236 1113 3315 1167; x_wconf 92' lang='lat' dir='ltr'><strong>sic</strong></span> <span class='ocrx_word' id='word_1_130' title='bbox 3374 1127 3471 1167; x_wconf 86' lang='lat' dir='ltr'><strong>ne-</strong></span> 
     </span>
    </p>
   </div>
   <div class='ocr_carea' id='block_1_18' title="bbox 186 1203 1810 1295">
    <p class='ocr_par' dir='ltr' id='par_1_18' title="bbox 186 1220 1764 1295">
     <span class='ocr_line' id='line_1_18' title="bbox 186 1220 1764 1295; baseline -0.004 -17"><span class='ocrx_word' id='word_1_131' title='bbox 186 1227 440 1280; x_wconf 79' lang='grc' dir='ltr'>τοιούτων</span> <span class='ocrx_word' id='word_1_132' title='bbox 469 1225 644 1295; x_wconf 75' lang='grc' dir='ltr'>ἐσμὸς</span> <span class='ocrx_word' id='word_1_133' title='bbox 667 1224 774 1277; x_wconf 90' lang='grc' dir='ltr'><strong>τῶν</strong></span> <span class='ocrx_word' id='word_1_134' title='bbox 820 1223 1060 1276; x_wconf 77' lang='grc' dir='ltr'><strong>αἰωνίων</strong></span> <span class='ocrx_word' id='word_1_135' title='bbox 1097 1221 1324 1290; x_wconf 83' lang='grc' dir='ltr'><strong>ἀγαθῶν</strong></span> <span class='ocrx_word' id='word_1_136' title='bbox 1358 1220 1764 1285; x_wconf 76' lang='grc' dir='ltr'>ἀπολαύσουσι;</span> 
     </span>
    </p>
   </div>
   <div class='ocr_carea' id='block_1_19' title="bbox 1917 1203 3469 1295">
    <p class='ocr_par' dir='ltr' id='par_1_19' title="bbox 1917 1203 3469 1273">
     <span class='ocr_line' id='line_1_19' title="bbox 1917 1203 3469 1273; baseline -0.005 -11"><span class='ocrx_word' id='word_1_137' title='bbox 1917 1211 2075 1264; x_wconf 67' lang='lat' dir='ltr'><strong>tinem</strong></span> <span class='ocrx_word' id='word_1_138' title='bbox 2099 1221 2222 1262; x_wconf 90' lang='lat' dir='ltr'><strong>esse</strong></span> <span class='ocrx_word' id='word_1_139' title='bbox 2255 1219 2444 1273; x_wconf 69' lang='lat' dir='ltr'><strong>poenas</strong></span> <span class='ocrx_word' id='word_1_140' title='bbox 2478 1207 2754 1270; x_wconf 89' lang='lat' dir='ltr'><strong>daturum,</strong></span> <span class='ocrx_word' id='word_1_141' title='bbox 2785 1203 2880 1258; x_wconf 89' lang='lat' dir='ltr'><strong>sed</strong></span> <span class='ocrx_word' id='word_1_142' title='bbox 2913 1203 3220 1258; x_wconf 83' lang='lat' dir='ltr'><strong>homicidas</strong></span> <span class='ocrx_word' id='word_1_143' title='bbox 3257 1217 3469 1266; x_wconf 90' lang='lat' dir='ltr'><strong>omnes,</strong></span> 
     </span>
    </p>
   </div>
   <div class='ocr_carea' id='block_1_20' title="bbox 186 1294 1810 1388">
    <p class='ocr_par' dir='ltr' id='par_1_20' title="bbox 186 1294 1766 1388">
     <span class='ocr_line' id='line_1_20' title="bbox 186 1294 1766 1388; baseline -0.006 -16"><span class='ocrx_word' id='word_1_144' title='bbox 186 1319 253 1372; x_wconf 86' lang='grc' dir='ltr'>Τδ</span> <span class='ocrx_word' id='word_1_145' title='bbox 285 1317 398 1388; x_wconf 72' lang='grc' dir='ltr'><strong>γὰρ</strong></span> <span class='ocrx_word' id='word_1_146' title='bbox 433 1294 636 1386; x_wconf 80' lang='grc' dir='ltr'>ἑτέρως</span> <span class='ocrx_word' id='word_1_147' title='bbox 663 1317 883 1386; x_wconf 83' lang='grc' dir='ltr'>φρονεῖν</span> <span class='ocrx_word' id='word_1_148' title='bbox 916 1313 1181 1377; x_wconf 82' lang='grc' dir='ltr'>ἐπιεικῶς</span> <span class='ocrx_word' id='word_1_149' title='bbox 1210 1311 1582 1382; x_wconf 84' lang='grc' dir='ltr'>ἀνάρμοστον.</span> <span class='ocrx_word' id='word_1_150' title='bbox 1607 1312 1766 1363; x_wconf 86' lang='grc' dir='ltr'>Δυοῖν</span> 
     </span>
    </p>
   </div>
   <div class='ocr_carea' id='block_1_21' title="bbox 1917 1294 3474 1388">
    <p class='ocr_par' dir='ltr' id='par_1_21' title="bbox 1917 1294 3474 1368">
     <span class='ocr_line' id='line_1_21' title="bbox 1917 1294 3474 1368; baseline -0.007 -10"><span class='ocrx_word' id='word_1_151' title='bbox 1917 1302 2149 1364; x_wconf 89' lang='lat' dir='ltr'><strong>briosos,</strong></span> <span class='ocrx_word' id='word_1_152' title='bbox 2181 1309 2452 1368; x_wconf 85' lang='lat' dir='ltr'><strong>raptores,</strong></span> <span class='ocrx_word' id='word_1_153' title='bbox 2484 1296 2827 1359; x_wconf 86' lang='lat' dir='ltr'><strong>libidinosos,</strong></span> <span class='ocrx_word' id='word_1_154' title='bbox 2880 1306 3245 1364; x_wconf 76' lang='lat' dir='ltr'><strong>grassatores,</strong></span> <span class='ocrx_word' id='word_1_155' title='bbox 3298 1294 3474 1349; x_wconf 88' lang='lat' dir='ltr'><strong>sacri-</strong></span> 
     </span>
    </p>
   </div>
   <div class='ocr_carea' id='block_1_22' title="bbox 185 1385 1810 1479">
    <p class='ocr_par' dir='ltr' id='par_1_22' title="bbox 185 1385 1768 1479">
     <span class='ocr_line' id='line_1_22' title="bbox 185 1385 1768 1479; baseline -0.006 -15"><span class='ocrx_word' id='word_1_156' title='bbox 185 1413 236 1465; x_wconf 80' lang='grc' dir='ltr'>δὲ</span> <span class='ocrx_word' id='word_1_157' title='bbox 288 1385 542 1479; x_wconf 70' lang='grc' dir='ltr'>θάτερον,</span> <span class='ocrx_word' id='word_1_158' title='bbox 598 1385 719 1476; x_wconf 52' lang='grc' dir='ltr'>φίλί</span> <span class='ocrx_word' id='word_1_159' title='bbox 763 1408 984 1475; x_wconf 78' lang='grc' dir='ltr'><strong>ἑταῖρε,</strong></span> <span class='ocrx_word' id='word_1_160' title='bbox 1035 1405 1218 1474; x_wconf 88' lang='grc' dir='ltr'>λέγειν</span> <span class='ocrx_word' id='word_1_161' title='bbox 1289 1405 1545 1474; x_wconf 77' lang='grc' dir='ltr'>ἀνάγκηο</span> <span class='ocrx_word' id='word_1_162' title='bbox 1607 1401 1641 1474; x_wconf 81' lang='grc' dir='ltr'>ἢ</span> <span class='ocrx_word' id='word_1_163' title='bbox 1698 1403 1768 1456; x_wconf 87' lang='grc' dir='ltr'><strong>τὰ</strong></span> 
     </span>
    </p>
   </div>
   <div class='ocr_carea' id='block_1_23' title="bbox 1917 1385 3531 1479">
    <p class='ocr_par' dir='ltr' id='par_1_23' title="bbox 1917 1385 3531 1462">
     <span class='ocr_line' id='line_1_23' title="bbox 1917 1385 3531 1462; baseline -0.003 -18"><span class='ocrx_word' id='word_1_164' title='bbox 1917 1407 2046 1462; x_wconf 77' lang='lat' dir='ltr'><strong>:gos,</strong></span> <span class='ocrx_word' id='word_1_165' title='bbox 2109 1397 2399 1456; x_wconf 82' lang='lat' dir='ltr'><strong>totumque.</strong></span> <span class='ocrx_word' id='word_1_166' title='bbox 2460 1385 2774 1456; x_wconf 88' lang='lat' dir='ltr'><strong>hujusmodi</strong></span> <span class='ocrx_word' id='word_1_167' title='bbox 2825 1399 3043 1454; x_wconf 81' lang='lat' dir='ltr'><strong>gregem</strong></span> <span class='ocrx_word' id='word_1_168' title='bbox 3122 1385 3473 1455; x_wconf 84' lang='lat' dir='ltr'><strong>sempiternis</strong></span> <span class='ocrx_word' id='word_1_169' title='bbox 3529 1427 3531 1429; x_wconf 76' lang='lat'><strong>.</strong></span> 
     </span>
    </p>
   </div>
   <div class='ocr_carea' id='block_1_24' title="bbox 184 1477 1810 1570">
    <p class='ocr_par' dir='ltr' id='par_1_24' title="bbox 184 1477 1770 1570">
     <span class='ocr_line' id='line_1_24' title="bbox 184 1477 1770 1570; baseline -0.005 -15"><span class='ocrx_word' id='word_1_170' title='bbox 184 1503 364 1567; x_wconf 73' lang='grc' dir='ltr'>δίκαια</span> <span class='ocrx_word' id='word_1_171' title='bbox 397 1477 698 1570; x_wconf 74' lang='grc' dir='ltr'>τηροῦντος</span> <span class='ocrx_word' id='word_1_172' title='bbox 723 1497 819 1552; x_wconf 83' lang='grc' dir='ltr'><strong>τοῦ</strong></span> <span class='ocrx_word' id='word_1_173' title='bbox 847 1497 1062 1568; x_wconf 78' lang='grc' dir='ltr'>κριτοῦ,</span> <span class='ocrx_word' id='word_1_174' title='bbox 1086 1496 1289 1568; x_wconf 81' lang='grc' dir='ltr'><strong>μηδένα</strong></span> <span class='ocrx_word' id='word_1_175' title='bbox 1311 1496 1422 1548; x_wconf 85' lang='grc' dir='ltr'><strong>τῶν</strong></span> <span class='ocrx_word' id='word_1_176' title='bbox 1445 1496 1525 1559; x_wconf 83' lang='grc' dir='ltr'><strong>είς</strong></span> <span class='ocrx_word' id='word_1_177' title='bbox 1548 1494 1770 1548; x_wconf 84' lang='grc' dir='ltr'><strong>κόλασιν</strong></span> 
     </span>
    </p>
   </div>
   <div class='ocr_carea' id='block_1_25' title="bbox 1917 1477 3472 1570">
    <p class='ocr_par' dir='ltr' id='par_1_25' title="bbox 1917 1477 3472 1548">
     <span class='ocr_line' id='line_1_25' title="bbox 1917 1477 3472 1548; baseline -0.004 -9"><span class='ocrx_word' id='word_1_178' title='bbox 1917 1485 2038 1540; x_wconf 90' lang='lat' dir='ltr'><strong>onis</strong></span> <span class='ocrx_word' id='word_1_179' title='bbox 2064 1496 2187 1538; x_wconf 91' lang='lat' dir='ltr'><strong>esse</strong></span> <span class='ocrx_word' id='word_1_180' title='bbox 2225 1479 2535 1535; x_wconf 82' lang='lat' dir='ltr'><strong>fruituros?</strong></span> <span class='ocrx_word' id='word_1_181' title='bbox 2583 1477 2866 1548; x_wconf 86' lang='lat' dir='ltr'><strong>Siquidem</strong></span> <span class='ocrx_word' id='word_1_182' title='bbox 2913 1478 3073 1532; x_wconf 84' lang='lat' dir='ltr'><strong>aliter</strong></span> <span class='ocrx_word' id='word_1_183' title='bbox 3108 1480 3312 1534; x_wconf 83' lang='lat' dir='ltr'><strong>sentire</strong></span> <span class='ocrx_word' id='word_1_184' title='bbox 3362 1495 3472 1533; x_wconf 90' lang='lat' dir='ltr'><strong>nou</strong></span> 
     </span>
    </p>
   </div>
   <div class='ocr_carea' id='block_1_26' title="bbox 183 1571 1810 1665">
    <p class='ocr_par' dir='ltr' id='par_1_26' title="bbox 183 1575 1772 1665">
     <span class='ocr_line' id='line_1_26' title="bbox 183 1575 1772 1665; baseline -0.005 -17"><span class='ocrx_word' id='word_1_185' title='bbox 183 1593 571 1665; x_wconf 79' lang='grc' dir='ltr'>ἐμϐληθέντων</span> <span class='ocrx_word' id='word_1_186' title='bbox 600 1575 814 1645; x_wconf 75' lang='grc' dir='ltr'>ἐκεῖθεν</span> <span class='ocrx_word' id='word_1_187' title='bbox 846 1590 1089 1658; x_wconf 75' lang='grc' dir='ltr'><strong>ἐξελθεῖν</strong></span> <span class='ocrx_word' id='word_1_188' title='bbox 1121 1592 1186 1662; x_wconf 86' lang='grc' dir='ltr'>τῇ</span> <span class='ocrx_word' id='word_1_189' title='bbox 1217 1589 1313 1643; x_wconf 88' lang='grc' dir='ltr'><strong>τοῦ</strong></span> <span class='ocrx_word' id='word_1_190' title='bbox 1337 1589 1588 1659; x_wconf 85' lang='grc' dir='ltr'>Μωὰμεθ</span> <span class='ocrx_word' id='word_1_191' title='bbox 1618 1587 1772 1659; x_wconf 77' lang='grc' dir='ltr'>φιλίᾳ</span> 
     </span>
    </p>
   </div>
   <div class='ocr_carea' id='block_1_27' title="bbox 1917 1571 3475 1665">
    <p class='ocr_par' dir='ltr' id='par_1_27' title="bbox 1917 1571 3475 1637">
     <span class='ocr_line' id='line_1_27' title="bbox 1917 1571 3475 1637; baseline -0.006 -5"><span class='ocrx_word' id='word_1_192' title='bbox 1917 1587 2049 1632; x_wconf 89' lang='lat' dir='ltr'><strong>otes.</strong></span> <span class='ocrx_word' id='word_1_193' title='bbox 2087 1575 2326 1631; x_wconf 88' lang='lat' dir='ltr'><strong>Necesse</strong></span> <span class='ocrx_word' id='word_1_194' title='bbox 2357 1583 2441 1629; x_wconf 91' lang='lat' dir='ltr'><strong>est</strong></span> <span class='ocrx_word' id='word_1_195' title='bbox 2467 1572 2639 1636; x_wconf 91' lang='lat' dir='ltr'><strong>enim,</strong></span> <span class='ocrx_word' id='word_1_196' title='bbox 2666 1571 2985 1626; x_wconf 88' lang='lat' dir='ltr'><strong>dulcissime</strong></span> <span class='ocrx_word' id='word_1_197' title='bbox 3013 1571 3210 1637; x_wconf 84' lang='lat' dir='ltr'><strong>amice,</strong></span> <span class='ocrx_word' id='word_1_198' title='bbox 3244 1580 3301 1624; x_wconf 89' lang='lat' dir='ltr'><strong>ut</strong></span> <span class='ocrx_word' id='word_1_199' title='bbox 3332 1571 3475 1624; x_wconf 87' lang='lat' dir='ltr'><strong>alte-</strong></span> 
     </span>
    </p>
   </div>
   <div class='ocr_carea' id='block_1_28' title="bbox 185 1655 1810 1757">
    <p class='ocr_par' dir='ltr' id='par_1_28' title="bbox 185 1655 1772 1757">
     <span class='ocr_line' id='line_1_28' title="bbox 185 1655 1772 1757; baseline -0.005 -17"><span class='ocrx_word' id='word_1_200' title='bbox 185 1655 260 1756; x_wconf 71' lang='grc' dir='ltr'>(τὸ</span> <span class='ocrx_word' id='word_1_201' title='bbox 287 1655 402 1757; x_wconf 54' lang='grc' dir='ltr'><strong>γάρ</strong></span> <span class='ocrx_word' id='word_1_202' title='bbox 433 1685 708 1756; x_wconf 75' lang='grc' dir='ltr'>ὑμέτερον</span> <span class='ocrx_word' id='word_1_203' title='bbox 729 1655 1108 1754; x_wconf 31' lang='grc' dir='ltr'>λέγω-δόγμα)</span> <span class='ocrx_word' id='word_1_204' title='bbox 1264 1682 1357 1736; x_wconf 76' lang='grc' dir='ltr'>καὶ</span> <span class='ocrx_word' id='word_1_205' title='bbox 1392 1655 1532 1750; x_wconf 64' lang='grc' dir='ltr'>προς</span> <span class='ocrx_word' id='word_1_206' title='bbox 1563 1655 1772 1743; x_wconf 71' lang='grc' dir='ltr'>πάντας</span> 
     </span>
    </p>
   </div>
   <div class='ocr_carea' id='block_1_29' title="bbox 1917 1655 3479 1757">
    <p class='ocr_par' dir='ltr' id='par_1_29' title="bbox 1917 1655 3479 1732">
     <span class='ocr_line' id='line_1_29' title="bbox 1917 1655 3479 1732; baseline -0.005 -9"><span class='ocrx_word' id='word_1_207' title='bbox 1917 1684 1998 1724; x_wconf 84' lang='lat' dir='ltr'><strong>um</strong></span> <span class='ocrx_word' id='word_1_208' title='bbox 2029 1655 2271 1722; x_wconf 29' lang='lat' dir='ltr'><strong>dicas-de</strong></span> <span class='ocrx_word' id='word_1_209' title='bbox 2293 1664 2548 1719; x_wconf 84' lang='lat' dir='ltr'><strong>duobus:</strong></span> <span class='ocrx_word' id='word_1_210' title='bbox 2597 1671 2714 1727; x_wconf 86' lang='lat' dir='ltr'><strong>aut,</strong></span> <span class='ocrx_word' id='word_1_211' title='bbox 2758 1662 2944 1730; x_wconf 87' lang='lat' dir='ltr'><strong>judice</strong></span> <span class='ocrx_word' id='word_1_212' title='bbox 2987 1663 3302 1732; x_wconf 67' lang='lat' dir='ltr'><strong>mquitatem</strong></span> <span class='ocrx_word' id='word_1_213' title='bbox 3359 1677 3479 1716; x_wconf 90' lang='lat' dir='ltr'><strong>scr-</strong></span> 
     </span>
    </p>
   </div>
   <div class='ocr_carea' id='block_1_30' title="bbox 183 1756 1810 1845">
    <p class='ocr_par' dir='ltr' id='par_1_30' title="bbox 183 1756 1768 1845">
     <span class='ocr_line' id='line_1_30' title="bbox 183 1756 1768 1845; baseline -0.006 -10"><span class='ocrx_word' id='word_1_214' title='bbox 183 1756 308 1843; x_wconf 70' lang='grc' dir='ltr'>τοῦς</span> <span class='ocrx_word' id='word_1_215' title='bbox 334 1782 458 1833; x_wconf 76' lang='grc' dir='ltr'>ἐκεῖ</span> <span class='ocrx_word' id='word_1_216' title='bbox 485 1779 617 1842; x_wconf 83' lang='grc' dir='ltr'>ίσως</span> <span class='ocrx_word' id='word_1_217' title='bbox 643 1779 855 1832; x_wconf 74' lang='grc' dir='ltr'>ἐκεῖνον</span> <span class='ocrx_word' id='word_1_218' title='bbox 884 1774 1223 1845; x_wconf 80' lang='grc' dir='ltr'><strong>διατεθῆναι,</strong></span> <span class='ocrx_word' id='word_1_219' title='bbox 1261 1775 1358 1827; x_wconf 76' lang='grc' dir='ltr'>καὶ</span> <span class='ocrx_word' id='word_1_220' title='bbox 1406 1770 1768 1844; x_wconf 87' lang='grc' dir='ltr'>μηδοντινοῦν</span> 
     </span>
    </p>
   </div>
   <div class='ocr_carea' id='block_1_31' title="bbox 1917 1756 3476 1845">
    <p class='ocr_par' dir='ltr' id='par_1_31' title="bbox 1917 1756 3476 1828">
     <span class='ocr_line' id='line_1_31' title="bbox 1917 1756 3476 1828; baseline -0.007 -9"><span class='ocrx_word' id='word_1_221' title='bbox 1917 1774 2062 1828; x_wconf 91' lang='lat' dir='ltr'><strong>ante,</strong></span> <span class='ocrx_word' id='word_1_222' title='bbox 2112 1760 2392 1815; x_wconf 90' lang='lat' dir='ltr'><strong>neminem</strong></span> <span class='ocrx_word' id='word_1_223' title='bbox 2427 1773 2494 1812; x_wconf 83' lang='lat' dir='ltr'><strong>ex</strong></span> <span class='ocrx_word' id='word_1_224' title='bbox 2545 1756 2681 1821; x_wconf 90' lang='lat' dir='ltr'><strong>illis,</strong></span> <span class='ocrx_word' id='word_1_225' title='bbox 2711 1758 2803 1827; x_wconf 91' lang='lat' dir='ltr'><strong>qui</strong></span> <span class='ocrx_word' id='word_1_226' title='bbox 2864 1758 2916 1811; x_wconf 90' lang='lat' dir='ltr'><strong>in</strong></span> <span class='ocrx_word' id='word_1_227' title='bbox 2962 1757 3142 1826; x_wconf 73' lang='lat' dir='ltr'><strong>pomis</strong></span> <span class='ocrx_word' id='word_1_228' title='bbox 3194 1756 3476 1818; x_wconf 67' lang='lat' dir='ltr'><strong>haeserint,</strong></span> 
     </span>
    </p>
   </div>
   <div class='ocr_carea' id='block_1_32' title="bbox 185 1849 1810 1945">
    <p class='ocr_par' dir='ltr' id='par_1_32' title="bbox 185 1858 1810 1945">
     <span class='ocr_line' id='line_1_32' title="bbox 185 1858 1810 1945; baseline -0.007 -18"><span class='ocrx_word' id='word_1_229' title='bbox 185 1873 540 1945; x_wconf 68' lang='grc' dir='ltr'>κολασθῆναι.</span> <span class='ocrx_word' id='word_1_230' title='bbox 560 1869 747 1943; x_wconf 80' lang='grc' dir='ltr'><strong>Ταύτῃ</strong></span> <span class='ocrx_word' id='word_1_231' title='bbox 763 1871 874 1942; x_wconf 81' lang='grc' dir='ltr'>γὰρ</span> <span class='ocrx_word' id='word_1_232' title='bbox 888 1869 954 1924; x_wconf 82' lang='grc' dir='ltr'><strong>ἂν</strong></span> <span class='ocrx_word' id='word_1_233' title='bbox 966 1865 1035 1940; x_wconf 80' lang='grc' dir='ltr'>ἦν</span> <span class='ocrx_word' id='word_1_234' title='bbox 1053 1868 1378 1939; x_wconf 78' lang='grc' dir='ltr'>περισὼζων</span> <span class='ocrx_word' id='word_1_235' title='bbox 1395 1867 1490 1921; x_wconf 79' lang='grc' dir='ltr'>καὶ</span> <span class='ocrx_word' id='word_1_236' title='bbox 1508 1866 1570 1919; x_wconf 75' lang='grc' dir='ltr'>τὸ</span> <span class='ocrx_word' id='word_1_237' title='bbox 1588 1866 1779 1936; x_wconf 74' lang='grc' dir='ltr'>φιλᾶν-ο</span> <span class='ocrx_word' id='word_1_238' title='bbox 1807 1858 1810 1916; x_wconf 61' lang='grc' dir='ltr'>ἶ</span> 
     </span>
    </p>
   </div>
   <div class='ocr_carea' id='block_1_33' title="bbox 1917 1849 3543 1945">
    <p class='ocr_par' dir='ltr' id='par_1_33' title="bbox 1924 1849 3543 1927">
     <span class='ocr_line' id='line_1_33' title="bbox 1924 1849 3543 1927; baseline -0.006 -16"><span class='ocrx_word' id='word_1_239' title='bbox 1924 1865 2112 1927; x_wconf 89' lang='lat' dir='ltr'><strong>ropter</strong></span> <span class='ocrx_word' id='word_1_240' title='bbox 2153 1851 2449 1908; x_wconf 82' lang='lat' dir='ltr'><strong>Moamethi</strong></span> <span class='ocrx_word' id='word_1_241' title='bbox 2471 1850 2771 1920; x_wconf 82' lang='lat' dir='ltr'><strong>amicitiam</strong></span> <span class='ocrx_word' id='word_1_242' title='bbox 2803 1849 2931 1906; x_wconf 90' lang='lat' dir='ltr'><strong>inde</strong></span> <span class='ocrx_word' id='word_1_243' title='bbox 2949 1849 3170 1905; x_wconf 89' lang='lat' dir='ltr'><strong>liberari</strong></span> <span class='ocrx_word' id='word_1_244' title='bbox 3206 1851 3475 1919; x_wconf 86' lang='lat' dir='ltr'><strong>(vestrum</strong></span> <span class='ocrx_word' id='word_1_245' title='bbox 3537 1915 3543 1920; x_wconf 92' lang='lat'><strong><em>_</em></strong></span> 
     </span>
    </p>
   </div>
   <div class='ocr_carea' id='block_1_34' title="bbox 187 1941 1810 2038">
    <p class='ocr_par' dir='ltr' id='par_1_34' title="bbox 187 1941 1775 2038">
     <span class='ocr_line' id='line_1_34' title="bbox 187 1941 1775 2038; baseline -0.006 -17"><span class='ocrx_word' id='word_1_246' title='bbox 187 1941 609 2038; x_wconf 74' lang='grc' dir='ltr'>θρωποναῠτοῦ,</span> <span class='ocrx_word' id='word_1_247' title='bbox 627 1941 798 2016; x_wconf 32' lang='grc' dir='ltr'><strong>καὶ-τὸ</strong></span> <span class='ocrx_word' id='word_1_248' title='bbox 809 1941 945 2033; x_wconf 78' lang='grc' dir='ltr'>πρὸς</span> <span class='ocrx_word' id='word_1_249' title='bbox 963 1963 1062 2033; x_wconf 83' lang='grc' dir='ltr'>τὴν</span> <span class='ocrx_word' id='word_1_250' title='bbox 1079 1959 1277 2015; x_wconf 80' lang='grc' dir='ltr'>ἑαυτοῦ</span> <span class='ocrx_word' id='word_1_251' title='bbox 1300 1960 1515 2032; x_wconf 80' lang='grc' dir='ltr'>μητέρα</span> <span class='ocrx_word' id='word_1_252' title='bbox 1529 1960 1624 2013; x_wconf 74' lang='grc' dir='ltr'><strong>καὶ</strong></span> <span class='ocrx_word' id='word_1_253' title='bbox 1643 1959 1775 2014; x_wconf 85' lang='grc' dir='ltr'>πάν-</span> 
     </span>
    </p>
   </div>
   <div class='ocr_carea' id='block_1_35' title="bbox 1917 1941 3476 2038">
    <p class='ocr_par' dir='ltr' id='par_1_35' title="bbox 1921 1941 3476 2021">
     <span class='ocr_line' id='line_1_35' title="bbox 1921 1941 3476 2021; baseline -0.005 -17"><span class='ocrx_word' id='word_1_254' title='bbox 1921 1963 2077 2021; x_wconf 77' lang='lat' dir='ltr'><strong>ogma</strong></span> <span class='ocrx_word' id='word_1_255' title='bbox 2106 1945 2311 2016; x_wconf 79' lang='lat' dir='ltr'><strong>refero)</strong></span> <span class='ocrx_word' id='word_1_256' title='bbox 2345 1962 2360 2001; x_wconf 89' lang='lat'><strong>:</strong></span> <span class='ocrx_word' id='word_1_257' title='bbox 2392 1955 2488 2000; x_wconf 89' lang='lat' dir='ltr'><strong>aut</strong></span> <span class='ocrx_word' id='word_1_258' title='bbox 2539 1959 2668 2015; x_wconf 83' lang='lat' dir='ltr'><strong>erga</strong></span> <span class='ocrx_word' id='word_1_259' title='bbox 2701 1958 2914 2008; x_wconf 89' lang='lat' dir='ltr'><strong>omnes,</strong></span> <span class='ocrx_word' id='word_1_260' title='bbox 2987 1943 3080 2013; x_wconf 85' lang='lat' dir='ltr'><strong>qui</strong></span> <span class='ocrx_word' id='word_1_261' title='bbox 3115 1942 3189 1996; x_wconf 88' lang='lat' dir='ltr'><strong>ibi</strong></span> <span class='ocrx_word' id='word_1_262' title='bbox 3252 1941 3476 2006; x_wconf 74' lang='lat' dir='ltr'><strong>fuerint,</strong></span> 
     </span>
    </p>
   </div>
   <div class='ocr_carea' id='block_1_36' title="bbox 187 2036 1810 2123">
    <p class='ocr_par' dir='ltr' id='par_1_36' title="bbox 187 2045 1776 2123">
     <span class='ocr_line' id='line_1_36' title="bbox 187 2045 1776 2123; baseline -0.006 -11"><span class='ocrx_word' id='word_1_263' title='bbox 187 2077 280 2120; x_wconf 85' lang='grc' dir='ltr'><strong>τας</strong></span> <span class='ocrx_word' id='word_1_264' title='bbox 307 2057 522 2110; x_wconf 82' lang='grc' dir='ltr'>δίκαιον</span> <span class='ocrx_word' id='word_1_265' title='bbox 537 2054 734 2118; x_wconf 79' lang='grc' dir='ltr'>’ἄλλως</span> <span class='ocrx_word' id='word_1_266' title='bbox 757 2054 802 2106; x_wconf 81' lang='grc' dir='ltr'>δ’</span> <span class='ocrx_word' id='word_1_267' title='bbox 823 2052 889 2108; x_wconf 79' lang='grc' dir='ltr'>ἂν</span> <span class='ocrx_word' id='word_1_268' title='bbox 918 2058 1140 2116; x_wconf 73' lang='grc' dir='ltr'>πάντως</span> <span class='ocrx_word' id='word_1_269' title='bbox 1170 2051 1409 2123; x_wconf 78' lang='grc' dir='ltr'>χωλεῦον</span> <span class='ocrx_word' id='word_1_270' title='bbox 1424 2045 1492 2121; x_wconf 79' lang='grc' dir='ltr'>ἦν</span> <span class='ocrx_word' id='word_1_271' title='bbox 1509 2067 1613 2103; x_wconf 83' lang='grc' dir='ltr'><strong>που</strong></span> <span class='ocrx_word' id='word_1_272' title='bbox 1633 2049 1776 2103; x_wconf 86' lang='grc' dir='ltr'>κατᾶ</span> 
     </span>
    </p>
   </div>
   <div class='ocr_carea' id='block_1_37' title="bbox 1917 2036 3478 2123">
    <p class='ocr_par' dir='ltr' id='par_1_37' title="bbox 1917 2036 3478 2112">
     <span class='ocr_line' id='line_1_37' title="bbox 1917 2036 3478 2112; baseline -0.004 -15"><span class='ocrx_word' id='word_1_273' title='bbox 1917 2043 2163 2112; x_wconf 74' lang='lat' dir='ltr'><strong>:qualiter</strong></span> <span class='ocrx_word' id='word_1_274' title='bbox 2192 2054 2316 2095; x_wconf 90' lang='lat' dir='ltr'><strong>eum</strong></span> <span class='ocrx_word' id='word_1_275' title='bbox 2348 2037 2606 2094; x_wconf 80' lang='lat' dir='ltr'><strong>aﬂ&#39;ectum</strong></span> <span class='ocrx_word' id='word_1_276' title='bbox 2665 2052 2808 2104; x_wconf 80' lang='lat' dir='ltr'><strong>esse,</strong></span> <span class='ocrx_word' id='word_1_277' title='bbox 2881 2052 2982 2092; x_wconf 92' lang='lat' dir='ltr'><strong>nec</strong></span> <span class='ocrx_word' id='word_1_278' title='bbox 3029 2036 3198 2091; x_wconf 86' lang='lat' dir='ltr'><strong>ullum</strong></span> <span class='ocrx_word' id='word_1_279' title='bbox 3251 2038 3478 2091; x_wconf 91' lang='lat' dir='ltr'><strong>omnino</strong></span> 
     </span>
    </p>
   </div>
   <div class='ocr_carea' id='block_1_38' title="bbox 195 2131 1810 2220">
    <p class='ocr_par' dir='ltr' id='par_1_38' title="bbox 195 2141 1775 2220">
     <span class='ocr_line' id='line_1_38' title="bbox 195 2141 1775 2220; baseline -0.006 -16"><span class='ocrx_word' id='word_1_280' title='bbox 195 2171 242 2204; x_wconf 83' lang='grc' dir='ltr'><strong>τι</strong></span> <span class='ocrx_word' id='word_1_281' title='bbox 267 2151 299 2220; x_wconf 74' lang='grc' dir='ltr'><strong>ἦ</strong></span> <span class='ocrx_word' id='word_1_282' title='bbox 334 2150 399 2204; x_wconf 82' lang='grc' dir='ltr'>τὸ</span> <span class='ocrx_word' id='word_1_283' title='bbox 419 2147 807 2219; x_wconf 82' lang='grc' dir='ltr'>φιλάνθρωπον</span> <span class='ocrx_word' id='word_1_284' title='bbox 825 2145 1013 2212; x_wconf 81' lang='grc' dir='ltr'>αὐτοῦ,</span> <span class='ocrx_word' id='word_1_285' title='bbox 1036 2145 1069 2217; x_wconf 77' lang='grc' dir='ltr'>ἢ</span> <span class='ocrx_word' id='word_1_286' title='bbox 1095 2146 1154 2199; x_wconf 71' lang='grc' dir='ltr'>τὸ</span> <span class='ocrx_word' id='word_1_287' title='bbox 1181 2145 1413 2209; x_wconf 85' lang='grc' dir='ltr'>δίκαιον,</span> <span class='ocrx_word' id='word_1_288' title='bbox 1436 2142 1468 2214; x_wconf 77' lang='grc' dir='ltr'>ἢ</span> <span class='ocrx_word' id='word_1_289' title='bbox 1494 2143 1588 2197; x_wconf 76' lang='grc' dir='ltr'><strong>καὶ</strong></span> <span class='ocrx_word' id='word_1_290' title='bbox 1615 2141 1775 2197; x_wconf 80' lang='grc' dir='ltr'>πάνθ’</span> 
     </span>
    </p>
   </div>
   <div class='ocr_carea' id='block_1_39' title="bbox 1917 2131 3480 2220">
    <p class='ocr_par' dir='ltr' id='par_1_39' title="bbox 1923 2131 3480 2202">
     <span class='ocr_line' id='line_1_39' title="bbox 1923 2131 3480 2202; baseline -0.004 -10"><span class='ocrx_word' id='word_1_291' title='bbox 1923 2151 2078 2192; x_wconf 69' lang='lat' dir='ltr'><strong>muas</strong></span> <span class='ocrx_word' id='word_1_292' title='bbox 2095 2137 2248 2191; x_wconf 88' lang='lat' dir='ltr'><strong>dare.</strong></span> <span class='ocrx_word' id='word_1_293' title='bbox 2271 2135 2387 2200; x_wconf 82' lang='lat' dir='ltr'><strong>Qua</strong></span> <span class='ocrx_word' id='word_1_294' title='bbox 2409 2149 2467 2188; x_wconf 91' lang='lat' dir='ltr'><strong>re</strong></span> <span class='ocrx_word' id='word_1_295' title='bbox 2482 2140 2536 2187; x_wconf 93' lang='lat' dir='ltr'><strong>et</strong></span> <span class='ocrx_word' id='word_1_296' title='bbox 2559 2147 2715 2187; x_wconf 88' lang='lat' dir='ltr'><strong>suam</strong></span> <span class='ocrx_word' id='word_1_297' title='bbox 2738 2131 2903 2202; x_wconf 81' lang='lat' dir='ltr'><strong>judex</strong></span> <span class='ocrx_word' id='word_1_298' title='bbox 2921 2146 3049 2202; x_wconf 81' lang='lat' dir='ltr'><strong>erga</strong></span> <span class='ocrx_word' id='word_1_299' title='bbox 3073 2131 3324 2185; x_wconf 88' lang='lat' dir='ltr'><strong>homines</strong></span> <span class='ocrx_word' id='word_1_300' title='bbox 3337 2132 3480 2186; x_wconf 87' lang='lat' dir='ltr'><strong>ami-</strong></span> 
     </span>
    </p>
   </div>
   <div class='ocr_carea' id='block_1_40' title="bbox 202 2225 1810 2314">
    <p class='ocr_par' dir='ltr' id='par_1_40' title="bbox 202 2236 1776 2314">
     <span class='ocr_line' id='line_1_40' title="bbox 202 2236 1776 2314; baseline -0.006 -17"><span class='ocrx_word' id='word_1_301' title='bbox 202 2244 347 2312; x_wconf 74' lang='grc' dir='ltr'>ὁμοῦ,</span> <span class='ocrx_word' id='word_1_302' title='bbox 382 2242 544 2314; x_wconf 70' lang='grc' dir='ltr'>φασὶ,</span> <span class='ocrx_word' id='word_1_303' title='bbox 577 2243 868 2312; x_wconf 79' lang='grc' dir='ltr'>χρήματα’</span> <span class='ocrx_word' id='word_1_304' title='bbox 920 2239 1228 2310; x_wconf 71' lang='grc' dir='ltr'>καθαπερεὶ</span> <span class='ocrx_word' id='word_1_305' title='bbox 1273 2237 1383 2310; x_wconf 84' lang='grc' dir='ltr'>γὰρ</span> <span class='ocrx_word' id='word_1_306' title='bbox 1416 2236 1652 2308; x_wconf 85' lang='grc' dir='ltr'>φύρεται</span> <span class='ocrx_word' id='word_1_307' title='bbox 1679 2236 1776 2289; x_wconf 75' lang='grc' dir='ltr'>καὶ</span> 
     </span>
    </p>
   </div>
   <div class='ocr_carea' id='block_1_41' title="bbox 1917 2225 3474 2314">
    <p class='ocr_par' dir='ltr' id='par_1_41' title="bbox 1919 2225 3474 2299">
     <span class='ocr_line' id='line_1_41' title="bbox 1919 2225 3474 2299; baseline -0.005 -16"><span class='ocrx_word' id='word_1_308' title='bbox 1919 2229 2094 2294; x_wconf 86' lang='lat' dir='ltr'><strong>itiam,</strong></span> <span class='ocrx_word' id='word_1_309' title='bbox 2115 2237 2168 2283; x_wconf 94' lang='lat' dir='ltr'><strong>et</strong></span> <span class='ocrx_word' id='word_1_310' title='bbox 2203 2243 2328 2299; x_wconf 83' lang='lat' dir='ltr'><strong>erga</strong></span> <span class='ocrx_word' id='word_1_311' title='bbox 2361 2225 2639 2296; x_wconf 91' lang='lat' dir='ltr'><strong>propriam</strong></span> <span class='ocrx_word' id='word_1_312' title='bbox 2676 2234 2903 2280; x_wconf 88' lang='lat' dir='ltr'><strong>matrem</strong></span> <span class='ocrx_word' id='word_1_313' title='bbox 2933 2236 3278 2294; x_wconf 87' lang='lat' dir='ltr'><strong>cunctosque</strong></span> <span class='ocrx_word' id='word_1_314' title='bbox 3305 2225 3474 2292; x_wconf 84' lang='lat' dir='ltr'><strong>justi—</strong></span> 
     </span>
    </p>
   </div>
   <div class='ocr_carea' id='block_1_42' title="bbox 211 2319 1810 2404">
    <p class='ocr_par' dir='ltr' id='par_1_42' title="bbox 211 2330 1780 2404">
     <span class='ocr_line' id='line_1_42' title="bbox 211 2330 1780 2404; baseline -0.004 -15"><span class='ocrx_word' id='word_1_315' title='bbox 211 2338 472 2404; x_wconf 68' lang='grc' dir='ltr'>συγχείτω</span> <span class='ocrx_word' id='word_1_316' title='bbox 527 2334 596 2389; x_wconf 80' lang='grc' dir='ltr'>τὰ</span> <span class='ocrx_word' id='word_1_317' title='bbox 633 2332 727 2387; x_wconf 90' lang='grc' dir='ltr'><strong>τοῦ</strong></span> <span class='ocrx_word' id='word_1_318' title='bbox 765 2331 903 2386; x_wconf 86' lang='grc' dir='ltr'>Θεοῦ</span> <span class='ocrx_word' id='word_1_319' title='bbox 935 2331 1247 2401; x_wconf 84' lang='grc' dir='ltr'>πράγματα</span> <span class='ocrx_word' id='word_1_320' title='bbox 1276 2332 1355 2401; x_wconf 84' lang='grc' dir='ltr'>τῷ</span> <span class='ocrx_word' id='word_1_321' title='bbox 1377 2330 1780 2400; x_wconf 80' lang='grc' dir='ltr'><strong>’προειρημένῳ</strong></span> 
     </span>
    </p>
   </div>
   <div class='ocr_carea' id='block_1_43' title="bbox 1917 2319 3482 2404">
    <p class='ocr_par' dir='ltr' id='par_1_43' title="bbox 1917 2319 3482 2390">
     <span class='ocr_line' id='line_1_43' title="bbox 1917 2319 3482 2390; baseline -0.003 -14"><span class='ocrx_word' id='word_1_322' title='bbox 1917 2325 2016 2378; x_wconf 87' lang='lat' dir='ltr'><strong>iam</strong></span> <span class='ocrx_word' id='word_1_323' title='bbox 2057 2329 2348 2378; x_wconf 84' lang='lat' dir='ltr'><strong>tueretur:</strong></span> <span class='ocrx_word' id='word_1_324' title='bbox 2411 2320 2656 2390; x_wconf 90' lang='lat' dir='ltr'><strong>alioquin</strong></span> <span class='ocrx_word' id='word_1_325' title='bbox 2717 2319 2803 2373; x_wconf 91' lang='lat' dir='ltr'><strong>vel</strong></span> <span class='ocrx_word' id='word_1_326' title='bbox 2855 2319 3170 2375; x_wconf 86' lang='lat' dir='ltr'><strong>humanitas</strong></span> <span class='ocrx_word' id='word_1_327' title='bbox 3231 2319 3352 2388; x_wconf 87' lang='lat' dir='ltr'><strong>ejus</strong></span> <span class='ocrx_word' id='word_1_328' title='bbox 3398 2320 3482 2372; x_wconf 88' lang='lat' dir='ltr'><strong>vel</strong></span> 
     </span>
    </p>
   </div>
   <div class='ocr_carea' id='block_1_44' title="bbox 203 2412 1810 2496">
    <p class='ocr_par' dir='ltr' id='par_1_44' title="bbox 203 2412 1780 2496">
     <span class='ocr_line' id='line_1_44' title="bbox 203 2412 1780 2496; baseline -0.006 -16"><span class='ocrx_word' id='word_1_329' title='bbox 203 2445 278 2480; x_wconf 85' lang='grc' dir='ltr'><strong>σοι</strong></span> <span class='ocrx_word' id='word_1_330' title='bbox 307 2427 470 2496; x_wconf 81' lang='grc' dir='ltr'>λόγῳ.</span> <span class='ocrx_word' id='word_1_331' title='bbox 502 2425 566 2479; x_wconf 71' lang='lat' dir='ltr'><strong>Et</strong></span> <span class='ocrx_word' id='word_1_332' title='bbox 597 2412 708 2493; x_wconf 61' lang='grc' dir='ltr'>γᾶρ</span> <span class='ocrx_word' id='word_1_333' title='bbox 753 2421 906 2476; x_wconf 84' lang='grc' dir='ltr'>οὐδὲν</span> <span class='ocrx_word' id='word_1_334' title='bbox 946 2422 1056 2474; x_wconf 87' lang='grc' dir='ltr'><strong>τῶν</strong></span> <span class='ocrx_word' id='word_1_335' title='bbox 1086 2419 1311 2488; x_wconf 84' lang='grc' dir='ltr'><strong>ἀγαθῶν</strong></span> <span class='ocrx_word' id='word_1_336' title='bbox 1345 2421 1394 2473; x_wconf 78' lang='grc' dir='ltr'>οἱ</span> <span class='ocrx_word' id='word_1_337' title='bbox 1435 2419 1630 2488; x_wconf 80' lang='grc' dir='ltr'>φαῦλοι</span> <span class='ocrx_word' id='word_1_338' title='bbox 1668 2418 1780 2488; x_wconf 86' lang='grc' dir='ltr'>χεί-</span> 
     </span>
    </p>
   </div>
   <div class='ocr_carea' id='block_1_45' title="bbox 1917 2412 3486 2496">
    <p class='ocr_par' dir='ltr' id='par_1_45' title="bbox 1917 2413 3486 2485">
     <span class='ocr_line' id='line_1_45' title="bbox 1917 2413 3486 2485; baseline -0.004 -14"><span class='ocrx_word' id='word_1_339' title='bbox 1917 2415 2097 2471; x_wconf 86' lang='lat' dir='ltr'><strong>ustitia</strong></span> <span class='ocrx_word' id='word_1_340' title='bbox 2129 2430 2196 2470; x_wconf 83' lang='lat' dir='ltr'><strong>ex</strong></span> <span class='ocrx_word' id='word_1_341' title='bbox 2228 2415 2411 2485; x_wconf 88' lang='lat' dir='ltr'><strong>aliqua</strong></span> <span class='ocrx_word' id='word_1_342' title='bbox 2456 2421 2610 2484; x_wconf 89' lang='lat' dir='ltr'><strong>parte</strong></span> <span class='ocrx_word' id='word_1_343' title='bbox 2639 2413 2994 2477; x_wconf 88' lang='lat' dir='ltr'><strong>claudicaret,</strong></span> <span class='ocrx_word' id='word_1_344' title='bbox 3052 2415 3138 2467; x_wconf 87' lang='lat' dir='ltr'><strong>vel</strong></span> <span class='ocrx_word' id='word_1_345' title='bbox 3193 2413 3376 2466; x_wconf 85' lang='lat' dir='ltr'><strong>omnia</strong></span> <span class='ocrx_word' id='word_1_346' title='bbox 3410 2413 3486 2466; x_wconf 91' lang='lat' dir='ltr'><strong>si-</strong></span> 
     </span>
    </p>
   </div>
   <div class='ocr_carea' id='block_1_46' title="bbox 197 2492 1810 2587">
    <p class='ocr_par' dir='ltr' id='par_1_46' title="bbox 197 2492 1779 2587">
     <span class='ocr_line' id='line_1_46' title="bbox 197 2492 1779 2587; baseline -0.006 -18"><span class='ocrx_word' id='word_1_347' title='bbox 197 2536 315 2587; x_wconf 80' lang='grc' dir='ltr'>ρους</span> <span class='ocrx_word' id='word_1_348' title='bbox 340 2492 648 2586; x_wconf 60' lang='grc' dir='ltr'>ὲῲαίνοντο,</span> <span class='ocrx_word' id='word_1_349' title='bbox 680 2492 910 2584; x_wconf 73' lang='grc' dir='ltr'>μάταιον</span> <span class='ocrx_word' id='word_1_350' title='bbox 945 2513 1045 2583; x_wconf 82' lang='grc' dir='ltr'><strong>μὲν</strong></span> <span class='ocrx_word' id='word_1_351' title='bbox 1078 2513 1139 2564; x_wconf 83' lang='grc' dir='ltr'>τὸ</span> <span class='ocrx_word' id='word_1_352' title='bbox 1169 2510 1398 2582; x_wconf 85' lang='grc' dir='ltr'>φεύγειν</span> <span class='ocrx_word' id='word_1_353' title='bbox 1423 2511 1576 2580; x_wconf 78' lang='grc' dir='ltr'>ἦττω</span> <span class='ocrx_word' id='word_1_354' title='bbox 1602 2509 1779 2579; x_wconf 82' lang='grc' dir='ltr'>φανῆ-</span> 
     </span>
    </p>
   </div>
   <div class='ocr_carea' id='block_1_47' title="bbox 1917 2492 3488 2587">
    <p class='ocr_par' dir='ltr' id='par_1_47' title="bbox 1917 2492 3488 2576">
     <span class='ocr_line' id='line_1_47' title="bbox 1917 2492 3488 2576; baseline -0.003 -14"><span class='ocrx_word' id='word_1_355' title='bbox 1917 2509 2028 2574; x_wconf 91' lang='lat' dir='ltr'><strong>nnl,</strong></span> <span class='ocrx_word' id='word_1_356' title='bbox 2066 2517 2124 2566; x_wconf 89' lang='lat' dir='ltr'><strong>ut</strong></span> <span class='ocrx_word' id='word_1_357' title='bbox 2165 2509 2321 2563; x_wconf 87' lang='lat' dir='ltr'><strong>aiunt</strong></span> <span class='ocrx_word' id='word_1_358' title='bbox 2349 2518 2523 2562; x_wconf 83' lang='lat' dir='ltr'><strong>:‘nam</strong></span> <span class='ocrx_word' id='word_1_359' title='bbox 2553 2507 2643 2572; x_wconf 91' lang='lat' dir='ltr'><strong>iis,</strong></span> <span class='ocrx_word' id='word_1_360' title='bbox 2671 2522 2792 2576; x_wconf 67' lang='lat' dir='ltr'><strong>qua:</strong></span> <span class='ocrx_word' id='word_1_361' title='bbox 2822 2507 2986 2561; x_wconf 89' lang='lat' dir='ltr'><strong>modo</strong></span> <span class='ocrx_word' id='word_1_362' title='bbox 3023 2505 3230 2569; x_wconf 81' lang='lat' dir='ltr'><strong>dixisti,</strong></span> <span class='ocrx_word' id='word_1_363' title='bbox 3254 2492 3488 2559; x_wconf 53' lang='lat' dir='ltr'><strong>conl&#39;u&#39;n-</strong></span> 
     </span>
    </p>
   </div>
   <div class='ocr_carea' id='block_1_48' title="bbox 194 2598 1810 2680">
    <p class='ocr_par' dir='ltr' id='par_1_48' title="bbox 194 2604 1783 2680">
     <span class='ocr_line' id='line_1_48' title="bbox 194 2604 1783 2680; baseline -0.005 -16"><span class='ocrx_word' id='word_1_364' title='bbox 194 2629 278 2664; x_wconf 82' lang='grc' dir='ltr'><strong>ναι</strong></span> <span class='ocrx_word' id='word_1_365' title='bbox 299 2612 411 2665; x_wconf 87' lang='grc' dir='ltr'><strong>τῶν</strong></span> <span class='ocrx_word' id='word_1_366' title='bbox 441 2610 671 2680; x_wconf 79' lang='grc' dir='ltr'>ἡδονῶν,</span> <span class='ocrx_word' id='word_1_367' title='bbox 702 2609 931 2680; x_wconf 82' lang='grc' dir='ltr'>μάταιον</span> <span class='ocrx_word' id='word_1_368' title='bbox 959 2607 1016 2662; x_wconf 83' lang='grc' dir='ltr'>δὲ</span> <span class='ocrx_word' id='word_1_369' title='bbox 1040 2606 1101 2660; x_wconf 70' lang='grc' dir='ltr'><strong>τὸ</strong></span> <span class='ocrx_word' id='word_1_370' title='bbox 1128 2605 1258 2676; x_wconf 75' lang='grc' dir='ltr'>περὶ</span> <span class='ocrx_word' id='word_1_371' title='bbox 1304 2604 1559 2657; x_wconf 79' lang='grc' dir='ltr'>πλείστου</span> <span class='ocrx_word' id='word_1_372' title='bbox 1606 2605 1783 2656; x_wconf 81' lang='grc' dir='ltr'>ποιεῖ-</span> 
     </span>
    </p>
   </div>
   <div class='ocr_carea' id='block_1_49' title="bbox 1917 2598 3487 2680">
    <p class='ocr_par' dir='ltr' id='par_1_49' title="bbox 1917 2598 3487 2672">
     <span class='ocr_line' id='line_1_49' title="bbox 1917 2598 3487 2672; baseline 0 -18"><span class='ocrx_word' id='word_1_373' title='bbox 1917 2603 2036 2656; x_wconf 87' lang='lat' dir='ltr'><strong>litnr</strong></span> <span class='ocrx_word' id='word_1_374' title='bbox 2064 2602 2222 2672; x_wconf 88' lang='lat' dir='ltr'><strong>quasi</strong></span> <span class='ocrx_word' id='word_1_375' title='bbox 2252 2613 2304 2656; x_wconf 93' lang='lat' dir='ltr'><strong>et</strong></span> <span class='ocrx_word' id='word_1_376' title='bbox 2332 2600 2686 2670; x_wconf 88' lang='lat' dir='ltr'><strong>perturbatur</strong></span> <span class='ocrx_word' id='word_1_377' title='bbox 2719 2610 2830 2656; x_wconf 88' lang='lat' dir='ltr'><strong>tota</strong></span> <span class='ocrx_word' id='word_1_378' title='bbox 2884 2601 2951 2654; x_wconf 91' lang='lat' dir='ltr'><strong>de</strong></span> <span class='ocrx_word' id='word_1_379' title='bbox 3006 2598 3116 2654; x_wconf 88' lang='lat' dir='ltr'><strong>Deo</strong></span> <span class='ocrx_word' id='word_1_380' title='bbox 3167 2600 3487 2668; x_wconf 85' lang='lat' dir='ltr'><strong>disputatio.</strong></span> 
     </span>
    </p>
   </div>
   <div class='ocr_carea' id='block_1_50' title="bbox 197 2692 1810 2770">
    <p class='ocr_par' dir='ltr' id='par_1_50' title="bbox 197 2695 1782 2770">
     <span class='ocr_line' id='line_1_50' title="bbox 197 2695 1782 2770; baseline -0.005 -14"><span class='ocrx_word' id='word_1_381' title='bbox 197 2703 318 2756; x_wconf 84' lang='grc' dir='ltr'>σθαι</span> <span class='ocrx_word' id='word_1_382' title='bbox 364 2704 607 2769; x_wconf 77' lang='grc' dir='ltr'>κρείττω</span> <span class='ocrx_word' id='word_1_383' title='bbox 648 2701 905 2770; x_wconf 85' lang='grc' dir='ltr'>γενέσθαι</span> <span class='ocrx_word' id='word_1_384' title='bbox 953 2698 1150 2770; x_wconf 89' lang='grc' dir='ltr'>θυμοῦ,</span> <span class='ocrx_word' id='word_1_385' title='bbox 1183 2695 1342 2750; x_wconf 74' lang='grc' dir='ltr'>κενὸν</span> <span class='ocrx_word' id='word_1_386' title='bbox 1369 2697 1426 2748; x_wconf 82' lang='grc' dir='ltr'>δὲ</span> <span class='ocrx_word' id='word_1_387' title='bbox 1458 2696 1566 2765; x_wconf 84' lang='grc' dir='ltr'>ἄρα</span> <span class='ocrx_word' id='word_1_388' title='bbox 1597 2698 1691 2748; x_wconf 76' lang='grc' dir='ltr'>καὶ</span> <span class='ocrx_word' id='word_1_389' title='bbox 1721 2695 1782 2748; x_wconf 80' lang='grc' dir='ltr'>τὸ</span> 
     </span>
    </p>
   </div>
   <div class='ocr_carea' id='block_1_51' title="bbox 1917 2692 3491 2770">
    <p class='ocr_par' dir='ltr' id='par_1_51' title="bbox 1917 2692 3491 2765">
     <span class='ocr_line' id='line_1_51' title="bbox 1917 2692 3491 2765; baseline -0.003 -17"><span class='ocrx_word' id='word_1_390' title='bbox 1917 2695 2106 2749; x_wconf 69' lang='lat' dir='ltr'><strong>Etenim</strong></span> <span class='ocrx_word' id='word_1_391' title='bbox 2139 2695 2184 2751; x_wconf 90' lang='lat' dir='ltr'><strong>si</strong></span> <span class='ocrx_word' id='word_1_392' title='bbox 2241 2694 2620 2765; x_wconf 89' lang='lat' dir='ltr'><strong>improborum</strong></span> <span class='ocrx_word' id='word_1_393' title='bbox 2665 2695 2813 2748; x_wconf 88' lang='lat' dir='ltr'><strong>nulla</strong></span> <span class='ocrx_word' id='word_1_394' title='bbox 2839 2709 2901 2747; x_wconf 90' lang='lat' dir='ltr'><strong>re</strong></span> <span class='ocrx_word' id='word_1_395' title='bbox 2959 2693 3202 2748; x_wconf 86' lang='lat' dir='ltr'><strong>de:erior</strong></span> <span class='ocrx_word' id='word_1_396' title='bbox 3263 2708 3385 2748; x_wconf 83' lang='lat' dir='ltr'><strong>esse</strong></span> <span class='ocrx_word' id='word_1_397' title='bbox 3413 2692 3491 2745; x_wconf 89' lang='lat' dir='ltr'><strong>vi-</strong></span> 
     </span>
    </p>
   </div>
   <div class='ocr_carea' id='block_1_52' title="bbox 196 2785 1810 2865">
    <p class='ocr_par' dir='ltr' id='par_1_52' title="bbox 196 2789 1783 2865">
     <span class='ocr_line' id='line_1_52' title="bbox 196 2789 1783 2865; baseline -0.003 -18"><span class='ocrx_word' id='word_1_398' title='bbox 196 2799 302 2849; x_wconf 86' lang='grc' dir='ltr'><strong>τῶν</strong></span> <span class='ocrx_word' id='word_1_399' title='bbox 336 2795 640 2865; x_wconf 78' lang='grc' dir='ltr'>ἀλλοτρίων</span> <span class='ocrx_word' id='word_1_400' title='bbox 663 2792 993 2864; x_wconf 78' lang='grc' dir='ltr'>ἀπέχεσθαιτ</span> <span class='ocrx_word' id='word_1_401' title='bbox 1024 2791 1244 2846; x_wconf 71' lang='grc' dir='ltr'>Τούτων</span> <span class='ocrx_word' id='word_1_402' title='bbox 1267 2793 1323 2844; x_wconf 81' lang='grc' dir='ltr'>δὲ</span> <span class='ocrx_word' id='word_1_403' title='bbox 1359 2789 1533 2848; x_wconf 76' lang='grc' dir='ltr'>οὕτως</span> <span class='ocrx_word' id='word_1_404' title='bbox 1548 2790 1783 2859; x_wconf 73' lang='grc' dir='ltr'>ἐχόντων</span> 
     </span>
    </p>
   </div>
   <div class='ocr_carea' id='block_1_53' title="bbox 1917 2785 3488 2865">
    <p class='ocr_par' dir='ltr' id='par_1_53' title="bbox 1917 2785 3488 2865">
     <span class='ocr_line' id='line_1_53' title="bbox 1917 2785 3488 2865; baseline -0.002 -23"><span class='ocrx_word' id='word_1_405' title='bbox 1917 2788 2113 2842; x_wconf 90' lang='lat' dir='ltr'><strong>leretur</strong></span> <span class='ocrx_word' id='word_1_406' title='bbox 2151 2802 2318 2865; x_wconf 87' lang='lat' dir='ltr'><strong>quam</strong></span> <span class='ocrx_word' id='word_1_407' title='bbox 2350 2787 2652 2856; x_wconf 90' lang='lat' dir='ltr'><strong>proborum</strong></span> <span class='ocrx_word' id='word_1_408' title='bbox 2677 2785 2941 2852; x_wconf 91' lang='lat' dir='ltr'><strong>couditio,</strong></span> <span class='ocrx_word' id='word_1_409' title='bbox 2970 2785 3149 2854; x_wconf 86' lang='lat' dir='ltr'><strong>inepte</strong></span> <span class='ocrx_word' id='word_1_410' title='bbox 3174 2801 3307 2840; x_wconf 88' lang='lat' dir='ltr'><strong>sane</strong></span> <span class='ocrx_word' id='word_1_411' title='bbox 3337 2785 3488 2840; x_wconf 79' lang='lat' dir='ltr'><strong>{aee—</strong></span> 
     </span>
    </p>
   </div>
   <div class='ocr_carea' id='block_1_54' title="bbox 199 2862 1810 2961">
    <p class='ocr_par' dir='ltr' id='par_1_54' title="bbox 199 2862 1782 2961">
     <span class='ocr_line' id='line_1_54' title="bbox 199 2862 1782 2961; baseline -0.005 -21"><span class='ocrx_word' id='word_1_412' title='bbox 199 2889 476 2961; x_wconf 80' lang='grc' dir='ltr'>παρὲλκον</span> <span class='ocrx_word' id='word_1_413' title='bbox 507 2862 572 2942; x_wconf 55' lang='grc' dir='ltr'>ἂν</span> <span class='ocrx_word' id='word_1_414' title='bbox 600 2862 814 2956; x_wconf 83' lang='grc' dir='ltr'>γένοιτο</span> <span class='ocrx_word' id='word_1_415' title='bbox 835 2889 928 2942; x_wconf 69' lang='grc' dir='ltr'><strong>καὶ</strong></span> <span class='ocrx_word' id='word_1_416' title='bbox 950 2887 1011 2940; x_wconf 82' lang='grc' dir='ltr'>τὸ</span> <span class='ocrx_word' id='word_1_417' title='bbox 1028 2887 1121 2940; x_wconf 82' lang='grc' dir='ltr'><strong>τὸν</strong></span> <span class='ocrx_word' id='word_1_418' title='bbox 1143 2885 1380 2955; x_wconf 79' lang='grc' dir='ltr'>Χριστὸν</span> <span class='ocrx_word' id='word_1_419' title='bbox 1407 2884 1688 2936; x_wconf 79' lang='grc' dir='ltr'>κατελθεῖν</span> <span class='ocrx_word' id='word_1_420' title='bbox 1719 2883 1782 2932; x_wconf 81' lang='grc' dir='ltr'>ὲκ</span> 
     </span>
    </p>
   </div>
   <div class='ocr_carea' id='block_1_55' title="bbox 1917 2862 3485 2961">
    <p class='ocr_par' dir='ltr' id='par_1_55' title="bbox 1917 2862 3485 2950">
     <span class='ocr_line' id='line_1_55' title="bbox 1917 2862 3485 2950; baseline -0.004 -15"><span class='ocrx_word' id='word_1_421' title='bbox 1917 2891 1997 2948; x_wconf 79' lang='lat' dir='ltr'><strong>et,</strong></span> <span class='ocrx_word' id='word_1_422' title='bbox 2026 2881 2119 2949; x_wconf 90' lang='lat' dir='ltr'><strong>qui</strong></span> <span class='ocrx_word' id='word_1_423' title='bbox 2150 2862 2360 2950; x_wconf 74' lang='lat' dir='ltr'><strong>fugeret</strong></span> <span class='ocrx_word' id='word_1_424' title='bbox 2388 2879 2684 2948; x_wconf 86' lang='lat' dir='ltr'><strong>voluptatis</strong></span> <span class='ocrx_word' id='word_1_425' title='bbox 2723 2877 3054 2932; x_wconf 82' lang='lat' dir='ltr'><strong>invidiosum</strong></span> <span class='ocrx_word' id='word_1_426' title='bbox 3097 2893 3319 2941; x_wconf 89' lang='lat' dir='ltr'><strong>nomen,</strong></span> <span class='ocrx_word' id='word_1_427' title='bbox 3366 2877 3485 2930; x_wconf 85' lang='lat' dir='ltr'><strong>ine-</strong></span> 
     </span>
    </p>
   </div>
   <div class='ocr_carea' id='block_1_56' title="bbox 199 2969 1810 3052">
    <p class='ocr_par' dir='ltr' id='par_1_56' title="bbox 199 2974 1785 3052">
     <span class='ocr_line' id='line_1_56' title="bbox 199 2974 1785 3052; baseline -0.004 -18"><span class='ocrx_word' id='word_1_428' title='bbox 199 2983 308 3034; x_wconf 82' lang='grc' dir='ltr'><strong>τῶν</strong></span> <span class='ocrx_word' id='word_1_429' title='bbox 340 2981 612 3052; x_wconf 71' lang='grc' dir='ltr'>οὐρανῶν,</span> <span class='ocrx_word' id='word_1_430' title='bbox 638 2982 824 3051; x_wconf 85' lang='grc' dir='ltr'>κρῖναι</span> <span class='ocrx_word' id='word_1_431' title='bbox 855 2981 1040 3034; x_wconf 82' lang='grc' dir='ltr'>πᾶσαν</span> <span class='ocrx_word' id='word_1_432' title='bbox 1078 2979 1178 3050; x_wconf 83' lang='grc' dir='ltr'><strong>τὴν</strong></span> <span class='ocrx_word' id='word_1_433' title='bbox 1209 2977 1338 3048; x_wconf 82' lang='grc' dir='ltr'>γῆν,</span> <span class='ocrx_word' id='word_1_434' title='bbox 1375 2977 1524 3037; x_wconf 84' lang='grc' dir='ltr'>ὅπως</span> <span class='ocrx_word' id='word_1_435' title='bbox 1569 2974 1785 3028; x_wconf 69' lang='grc' dir='ltr'>δικαίαν</span> 
     </span>
    </p>
   </div>
   <div class='ocr_carea' id='block_1_57' title="bbox 1917 2969 3495 3052">
    <p class='ocr_par' dir='ltr' id='par_1_57' title="bbox 1917 2969 3495 3044">
     <span class='ocr_line' id='line_1_57' title="bbox 1917 2969 3495 3044; baseline -0.002 -18"><span class='ocrx_word' id='word_1_436' title='bbox 1917 2984 1982 3029; x_wconf 72' lang='grc' dir='ltr'>»ιο</span> <span class='ocrx_word' id='word_1_437' title='bbox 2009 2973 2102 3044; x_wconf 90' lang='lat' dir='ltr'><strong>qui</strong></span> <span class='ocrx_word' id='word_1_438' title='bbox 2136 2971 2317 3041; x_wconf 75' lang='lat' dir='ltr'><strong>magni</strong></span> <span class='ocrx_word' id='word_1_439' title='bbox 2350 2970 2557 3025; x_wconf 79' lang='lat' dir='ltr'><strong>faceret</strong></span> <span class='ocrx_word' id='word_1_440' title='bbox 2597 2971 2937 3025; x_wconf 85' lang='lat' dir='ltr'><strong>iracundiam</strong></span> <span class='ocrx_word' id='word_1_441' title='bbox 2960 2969 3238 3032; x_wconf 89' lang='lat' dir='ltr'><strong>cohibere,</strong></span> <span class='ocrx_word' id='word_1_442' title='bbox 3259 2969 3495 3023; x_wconf 81' lang='lat' dir='ltr'><strong>ridicule</strong></span> 
     </span>
    </p>
   </div>
   <div class='ocr_carea' id='block_1_58' title="bbox 201 3061 1810 3147">
    <p class='ocr_par' dir='ltr' id='par_1_58' title="bbox 201 3068 1787 3147">
     <span class='ocr_line' id='line_1_58' title="bbox 201 3068 1787 3147; baseline -0.004 -20"><span class='ocrx_word' id='word_1_443' title='bbox 201 3074 440 3147; x_wconf 77' lang='grc' dir='ltr'>ἀμοιϐὴν</span> <span class='ocrx_word' id='word_1_444' title='bbox 469 3075 579 3128; x_wconf 84' lang='grc' dir='ltr'><strong>τῶν</strong></span> <span class='ocrx_word' id='word_1_445' title='bbox 608 3075 1016 3145; x_wconf 78' lang='grc' dir='ltr'>πεπραγμένων</span> <span class='ocrx_word' id='word_1_446' title='bbox 1042 3073 1276 3135; x_wconf 72' lang='grc' dir='ltr'>ἕκαστος</span> <span class='ocrx_word' id='word_1_447' title='bbox 1307 3071 1488 3124; x_wconf 86' lang='grc' dir='ltr'>λάϐοι.</span> <span class='ocrx_word' id='word_1_448' title='bbox 1518 3068 1690 3124; x_wconf 75' lang='grc' dir='ltr'>Πόθεν</span> <span class='ocrx_word' id='word_1_449' title='bbox 1719 3068 1787 3122; x_wconf 83' lang='grc' dir='ltr'>ἂν</span> 
     </span>
    </p>
   </div>
   <div class='ocr_carea' id='block_1_59' title="bbox 1917 3061 3497 3147">
    <p class='ocr_par' dir='ltr' id='par_1_59' title="bbox 1917 3061 3497 3136">
     <span class='ocr_line' id='line_1_59' title="bbox 1917 3061 3497 3136; baseline -0.004 -17"><span class='ocrx_word' id='word_1_450' title='bbox 1917 3067 1987 3136; x_wconf 75' lang='lat' dir='ltr'><strong>[ui</strong></span> <span class='ocrx_word' id='word_1_451' title='bbox 2022 3065 2216 3119; x_wconf 88' lang='lat' dir='ltr'><strong>alienis</strong></span> <span class='ocrx_word' id='word_1_452' title='bbox 2244 3065 2564 3119; x_wconf 87' lang='lat' dir='ltr'><strong>abstineret.</strong></span> <span class='ocrx_word' id='word_1_453' title='bbox 2589 3061 2735 3129; x_wconf 85' lang='lat' dir='ltr'><strong>Quin</strong></span> <span class='ocrx_word' id='word_1_454' title='bbox 2767 3062 2812 3116; x_wconf 91' lang='lat' dir='ltr'><strong>si</strong></span> <span class='ocrx_word' id='word_1_455' title='bbox 2845 3062 2959 3132; x_wconf 75' lang='lat' dir='ltr'><strong>[nec</strong></span> <span class='ocrx_word' id='word_1_456' title='bbox 3003 3061 3077 3114; x_wconf 89' lang='lat' dir='ltr'><strong>ita</strong></span> <span class='ocrx_word' id='word_1_457' title='bbox 3141 3072 3348 3126; x_wconf 73' lang='lat' dir='ltr'><strong>essent,</strong></span> <span class='ocrx_word' id='word_1_458' title='bbox 3401 3076 3497 3114; x_wconf 86' lang='lat' dir='ltr'><strong>su-</strong></span> 
     </span>
    </p>
   </div>
   <div class='ocr_carea' id='block_1_60' title="bbox 201 3154 1810 3238">
    <p class='ocr_par' dir='ltr' id='par_1_60' title="bbox 201 3163 1786 3238">
     <span class='ocr_line' id='line_1_60' title="bbox 201 3163 1786 3238; baseline -0.004 -17"><span class='ocrx_word' id='word_1_459' title='bbox 201 3169 296 3221; x_wconf 78' lang='grc' dir='ltr'><strong>οῦν</strong></span> <span class='ocrx_word' id='word_1_460' title='bbox 349 3169 580 3235; x_wconf 77' lang='grc' dir='ltr'>δίκαιον,</span> <span class='ocrx_word' id='word_1_461' title='bbox 607 3163 652 3224; x_wconf 78' lang='grc' dir='ltr'><strong>ὦ</strong></span> <span class='ocrx_word' id='word_1_462' title='bbox 712 3168 906 3238; x_wconf 81' lang='grc' dir='ltr'>ἀγαθὲ,</span> <span class='ocrx_word' id='word_1_463' title='bbox 953 3166 1079 3222; x_wconf 83' lang='grc' dir='ltr'>νοῦν</span> <span class='ocrx_word' id='word_1_464' title='bbox 1113 3165 1288 3237; x_wconf 76' lang='grc' dir='ltr'>ἔχοντ’</span> <span class='ocrx_word' id='word_1_465' title='bbox 1329 3165 1497 3234; x_wconf 81' lang='grc' dir='ltr'>ἄνδρα</span> <span class='ocrx_word' id='word_1_466' title='bbox 1557 3163 1786 3217; x_wconf 87' lang='grc' dir='ltr'>τοιαῦτα</span> 
     </span>
    </p>
   </div>
   <div class='ocr_carea' id='block_1_61' title="bbox 1917 3154 3495 3238">
    <p class='ocr_par' dir='ltr' id='par_1_61' title="bbox 1917 3154 3495 3217">
     <span class='ocr_line' id='line_1_61' title="bbox 1917 3154 3495 3217; baseline -0.007 -3"><span class='ocrx_word' id='word_1_467' title='bbox 1917 3173 2233 3215; x_wconf 72' lang='lat' dir='ltr'><strong>iervacanea</strong></span> <span class='ocrx_word' id='word_1_468' title='bbox 2261 3157 2452 3212; x_wconf 88' lang='lat' dir='ltr'><strong>hercle</strong></span> <span class='ocrx_word' id='word_1_469' title='bbox 2482 3156 2624 3211; x_wconf 80' lang='lat' dir='ltr'><strong>foret</strong></span> <span class='ocrx_word' id='word_1_470' title='bbox 2666 3155 2870 3210; x_wconf 88' lang='lat' dir='ltr'><strong>Christi</strong></span> <span class='ocrx_word' id='word_1_471' title='bbox 2901 3170 2931 3209; x_wconf 93' lang='lat' dir='ltr'><strong>e</strong></span> <span class='ocrx_word' id='word_1_472' title='bbox 2975 3154 3130 3209; x_wconf 58' lang='lat' dir='ltr'><strong>caelis</strong></span> <span class='ocrx_word' id='word_1_473' title='bbox 3178 3154 3495 3217; x_wconf 89' lang='lat' dir='ltr'><strong>descensio,</strong></span> 
     </span>
    </p>
   </div>
   <div class='ocr_carea' id='block_1_62' title="bbox 202 3228 3497 3330">
    <p class='ocr_par' dir='ltr' id='par_1_62' title="bbox 202 3228 3497 3330">
     <span class='ocr_line' id='line_1_62' title="bbox 202 3228 3497 3330; baseline -0.005 -16"><span class='ocrx_word' id='word_1_474' title='bbox 202 3262 421 3330; x_wconf 75' lang='grc' dir='ltr'>λέγειν;</span> <span class='ocrx_word' id='word_1_475' title='bbox 1819 3228 1862 3284; x_wconf 77' lang='lat' dir='ltr'><strong><em>C</em></strong></span> <span class='ocrx_word' id='word_1_476' title='bbox 1898 3262 1956 3307; x_wconf 93' lang='lat' dir='ltr'><strong>ut</strong></span> <span class='ocrx_word' id='word_1_477' title='bbox 1991 3266 2208 3306; x_wconf 85' lang='lat' dir='ltr'><strong>omnem</strong></span> <span class='ocrx_word' id='word_1_478' title='bbox 2239 3261 2440 3305; x_wconf 91' lang='lat' dir='ltr'><strong>terram</strong></span> <span class='ocrx_word' id='word_1_479' title='bbox 2477 3248 2707 3319; x_wconf 86' lang='lat' dir='ltr'><strong>judicet,</strong></span> <span class='ocrx_word' id='word_1_480' title='bbox 2768 3247 3086 3317; x_wconf 77' lang='lat' dir='ltr'><strong>singulique</strong></span> <span class='ocrx_word' id='word_1_481' title='bbox 3145 3261 3372 3300; x_wconf 89' lang='lat' dir='ltr'><strong>suorum</strong></span> <span class='ocrx_word' id='word_1_482' title='bbox 3415 3245 3497 3298; x_wconf 81' lang='lat' dir='ltr'><strong>la-</strong></span> 
     </span>
    </p>
   </div>
   <div class='ocr_carea' id='block_1_63' title="bbox 212 3344 3497 3428">
    <p class='ocr_par' dir='ltr' id='par_1_63' title="bbox 212 3344 3497 3428">
     <span class='ocr_line' id='line_1_63' title="bbox 212 3344 3497 3428; baseline -0.005 -14"><span class='ocrx_word' id='word_1_483' title='bbox 212 3373 426 3415; x_wconf 88' lang='lat' dir='ltr'><strong>etorum</strong></span> <span class='ocrx_word' id='word_1_484' title='bbox 487 3357 1325 3428; x_wconf 77' lang='lat' dir='ltr'><strong>remunerationem’accipiant.</strong></span> <span class='ocrx_word' id='word_1_485' title='bbox 1391 3355 1598 3424; x_wconf 91' lang='lat' dir='ltr'><strong>Itaque,</strong></span> <span class='ocrx_word' id='word_1_486' title='bbox 1650 3355 1727 3409; x_wconf 88' lang='lat' dir='ltr'><strong>mi</strong></span> <span class='ocrx_word' id='word_1_487' title='bbox 1759 3351 2180 3424; x_wconf 65' lang='lat' dir='ltr'><strong>;humanissime</strong></span> <span class='ocrx_word' id='word_1_488' title='bbox 2222 3349 2446 3419; x_wconf 88' lang='lat' dir='ltr'><strong>hospes,</strong></span> <span class='ocrx_word' id='word_1_489' title='bbox 2504 3363 2755 3418; x_wconf 71' lang='lat' dir='ltr'><strong>quaenam</strong></span> <span class='ocrx_word' id='word_1_490' title='bbox 2803 3354 2983 3418; x_wconf 84' lang='lat' dir='ltr'><strong>potest</strong></span> <span class='ocrx_word' id='word_1_491' title='bbox 3030 3344 3257 3400; x_wconf 84' lang='lat' dir='ltr'><strong>subesse</strong></span> <span class='ocrx_word' id='word_1_492' title='bbox 3310 3359 3497 3412; x_wconf 86' lang='lat' dir='ltr'><strong>causa,</strong></span> 
     </span>
    </p>
   </div>
   <div class='ocr_carea' id='block_1_64' title="bbox 207 3447 1622 3529">
    <p class='ocr_par' dir='ltr' id='par_1_64' title="bbox 207 3447 1622 3529">
     <span class='ocr_line' id='line_1_64' title="bbox 207 3447 1622 3529; baseline -0.004 -16"><span class='ocrx_word' id='word_1_493' title='bbox 207 3469 268 3513; x_wconf 90' lang='lat' dir='ltr'><strong>ut</strong></span> <span class='ocrx_word' id='word_1_494' title='bbox 303 3459 406 3525; x_wconf 84' lang='lat' dir='ltr'><strong>vir,</strong></span> <span class='ocrx_word' id='word_1_495' title='bbox 433 3459 486 3513; x_wconf 91' lang='lat' dir='ltr'><strong>in</strong></span> <span class='ocrx_word' id='word_1_496' title='bbox 515 3473 622 3529; x_wconf 89' lang='lat' dir='ltr'><strong>quo</strong></span> <span class='ocrx_word' id='word_1_497' title='bbox 651 3467 736 3513; x_wconf 89' lang='lat' dir='ltr'><strong>est</strong></span> <span class='ocrx_word' id='word_1_498' title='bbox 766 3470 979 3514; x_wconf 85' lang='lat' dir='ltr'><strong>summa</strong></span> <span class='ocrx_word' id='word_1_499' title='bbox 1009 3458 1174 3522; x_wconf 89' lang='lat' dir='ltr'><strong>ratio,</strong></span> <span class='ocrx_word' id='word_1_500' title='bbox 1208 3455 1288 3511; x_wconf 89' lang='lat' dir='ltr'><strong>sic</strong></span> <span class='ocrx_word' id='word_1_501' title='bbox 1317 3447 1622 3523; x_wconf 84' lang='lat' dir='ltr'><strong>loquatur?</strong></span> 
     </span>
    </p>
   </div>
   <div class='ocr_carea' id='block_1_65' title="bbox 280 3547 1790 3621">
    <p class='ocr_par' dir='ltr' id='par_1_65' title="bbox 280 3547 1790 3621">
     <span class='ocr_line' id='line_1_65' title="bbox 280 3547 1790 3621; baseline -0.003 -14"><span class='ocrx_word' id='word_1_502' title='bbox 280 3555 365 3608; x_wconf 86' lang='grc' dir='ltr'>ιε’.</span> <span class='ocrx_word' id='word_1_503' title='bbox 399 3551 670 3621; x_wconf 82' lang='grc' dir='ltr'>Βούλομαι</span> <span class='ocrx_word' id='word_1_504' title='bbox 698 3551 752 3605; x_wconf 81' lang='grc' dir='ltr'><strong>δέ</strong></span> <span class='ocrx_word' id='word_1_505' title='bbox 777 3568 830 3604; x_wconf 90' lang='grc' dir='ltr'><strong>τι</strong></span> <span class='ocrx_word' id='word_1_506' title='bbox 865 3551 963 3604; x_wconf 91' lang='grc' dir='ltr'><strong>νῦν</strong></span> <span class='ocrx_word' id='word_1_507' title='bbox 988 3551 1164 3603; x_wconf 77' lang='grc' dir='ltr'>εἰπεῖν</span> <span class='ocrx_word' id='word_1_508' title='bbox 1199 3550 1296 3603; x_wconf 72' lang='grc' dir='ltr'>καὶ</span> <span class='ocrx_word' id='word_1_509' title='bbox 1325 3549 1454 3619; x_wconf 77' lang='grc' dir='ltr'>περὶ</span> <span class='ocrx_word' id='word_1_510' title='bbox 1493 3550 1594 3620; x_wconf 82' lang='grc' dir='ltr'>τῆς</span> <span class='ocrx_word' id='word_1_511' title='bbox 1621 3548 1681 3601; x_wconf 80' lang='grc' dir='ltr'>ὲν</span> <span class='ocrx_word' id='word_1_512' title='bbox 1711 3547 1790 3619; x_wconf 83' lang='grc' dir='ltr'><strong>τῷ</strong></span> 
     </span>
    </p>
   </div>
   <div class='ocr_carea' id='block_1_66' title="bbox 213 3641 1790 3716">
    <p class='ocr_par' dir='ltr' id='par_1_66' title="bbox 213 3641 1790 3716">
     <span class='ocr_line' id='line_1_66' title="bbox 213 3641 1790 3716; baseline -0.002 -19"><span class='ocrx_word' id='word_1_513' title='bbox 213 3647 531 3715; x_wconf 76' lang='grc' dir='ltr'>παραδείσῳ</span> <span class='ocrx_word' id='word_1_514' title='bbox 586 3645 818 3716; x_wconf 81' lang='grc' dir='ltr'>τρυφῆς,</span> <span class='ocrx_word' id='word_1_515' title='bbox 849 3644 944 3697; x_wconf 75' lang='grc' dir='ltr'>καὶ</span> <span class='ocrx_word' id='word_1_516' title='bbox 996 3645 1096 3714; x_wconf 82' lang='grc' dir='ltr'>τῆς</span> <span class='ocrx_word' id='word_1_517' title='bbox 1143 3643 1201 3695; x_wconf 85' lang='grc' dir='ltr'>ὲν</span> <span class='ocrx_word' id='word_1_518' title='bbox 1241 3642 1436 3713; x_wconf 80' lang='grc' dir='ltr'>ἐκείνῳ</span> <span class='ocrx_word' id='word_1_519' title='bbox 1481 3641 1693 3712; x_wconf 82' lang='grc' dir='ltr'>διαίτης</span> <span class='ocrx_word' id='word_1_520' title='bbox 1732 3657 1790 3694; x_wconf 87' lang='grc' dir='ltr'><strong>τε</strong></span> 
     </span>
    </p>
   </div>
   <div class='ocr_carea' id='block_1_67' title="bbox 215 3729 1794 3811">
    <p class='ocr_par' dir='ltr' id='par_1_67' title="bbox 215 3729 1794 3811">
     <span class='ocr_line' id='line_1_67' title="bbox 215 3729 1794 3811; baseline -0.003 -19"><span class='ocrx_word' id='word_1_521' title='bbox 215 3742 314 3792; x_wconf 78' lang='grc' dir='ltr'>καὶ</span> <span class='ocrx_word' id='word_1_522' title='bbox 370 3739 552 3804; x_wconf 78' lang='grc' dir='ltr'>ζωῆς·</span> <span class='ocrx_word' id='word_1_523' title='bbox 606 3741 672 3811; x_wconf 78' lang='grc' dir='ltr'>ἣν</span> <span class='ocrx_word' id='word_1_524' title='bbox 727 3738 793 3809; x_wconf 75' lang='grc' dir='ltr'>δὴ</span> <span class='ocrx_word' id='word_1_525' title='bbox 839 3738 994 3792; x_wconf 89' lang='grc' dir='ltr'>θείαν</span> <span class='ocrx_word' id='word_1_526' title='bbox 1049 3736 1147 3806; x_wconf 85' lang='grc' dir='ltr'><strong>μὲν</strong></span> <span class='ocrx_word' id='word_1_527' title='bbox 1192 3737 1286 3789; x_wconf 76' lang='grc' dir='ltr'>καὶ</span> <span class='ocrx_word' id='word_1_528' title='bbox 1329 3735 1610 3808; x_wconf 80' lang='grc' dir='ltr'>μακαρίαν</span> <span class='ocrx_word' id='word_1_529' title='bbox 1653 3729 1794 3788; x_wconf 82' lang='grc' dir='ltr'><strong>εἶναί</strong></span> 
     </span>
    </p>
   </div>
   <div class='ocr_carea' id='block_1_68' title="bbox 212 3829 1794 3904">
    <p class='ocr_par' dir='ltr' id='par_1_68' title="bbox 212 3829 1794 3904">
     <span class='ocr_line' id='line_1_68' title="bbox 212 3829 1794 3904; baseline -0.004 -16"><span class='ocrx_word' id='word_1_530' title='bbox 212 3852 376 3902; x_wconf 74' lang='grc' dir='ltr'>φατε,</span> <span class='ocrx_word' id='word_1_531' title='bbox 421 3829 501 3896; x_wconf 75' lang='grc' dir='ltr'>οἷς</span> <span class='ocrx_word' id='word_1_532' title='bbox 551 3835 606 3888; x_wconf 82' lang='grc' dir='ltr'>δὲ</span> <span class='ocrx_word' id='word_1_533' title='bbox 652 3830 809 3897; x_wconf 77' lang='grc' dir='ltr'>αὖθις</span> <span class='ocrx_word' id='word_1_534' title='bbox 853 3831 1066 3901; x_wconf 84' lang='grc' dir='ltr'>λέγετε,</span> <span class='ocrx_word' id='word_1_535' title='bbox 1116 3832 1308 3904; x_wconf 75' lang='grc' dir='ltr'>πόρῤω</span> <span class='ocrx_word' id='word_1_536' title='bbox 1362 3847 1466 3884; x_wconf 88' lang='grc' dir='ltr'><strong>που</strong></span> <span class='ocrx_word' id='word_1_537' title='bbox 1517 3831 1794 3900; x_wconf 75' lang='grc' dir='ltr'>θειότητος</span> 
     </span>
    </p>
   </div>
   <div class='ocr_carea' id='block_1_69' title="bbox 213 3923 1794 3999">
    <p class='ocr_par' dir='ltr' id='par_1_69' title="bbox 213 3923 1794 3999">
     <span class='ocr_line' id='line_1_69' title="bbox 213 3923 1794 3999; baseline -0.003 -19"><span class='ocrx_word' id='word_1_538' title='bbox 213 3929 418 3999; x_wconf 80' lang='grc' dir='ltr'>ταύτην</span> <span class='ocrx_word' id='word_1_539' title='bbox 471 3929 564 3982; x_wconf 77' lang='grc' dir='ltr'>καὶ</span> <span class='ocrx_word' id='word_1_540' title='bbox 619 3928 1445 3999; x_wconf 69' lang='grc' dir='ltr'>μακαριότητος“ἀποφαίνετε.</span> <span class='ocrx_word' id='word_1_541' title='bbox 1504 3926 1568 3979; x_wconf 75' lang='lat' dir='ltr'><strong>El</strong></span> <span class='ocrx_word' id='word_1_542' title='bbox 1617 3924 1684 3978; x_wconf 76' lang='grc' dir='ltr'>σὺ</span> <span class='ocrx_word' id='word_1_543' title='bbox 1738 3923 1794 3976; x_wconf 83' lang='grc' dir='ltr'>δὲ</span> 
     </span>
    </p>
   </div>
   <div class='ocr_carea' id='block_1_70' title="bbox 214 4012 1797 4093">
    <p class='ocr_par' dir='ltr' id='par_1_70' title="bbox 214 4012 1797 4093">
     <span class='ocr_line' id='line_1_70' title="bbox 214 4012 1797 4093; baseline -0.004 -17"><span class='ocrx_word' id='word_1_544' title='bbox 214 4021 434 4091; x_wconf 81' lang='grc' dir='ltr'>βούλοιο</span> <span class='ocrx_word' id='word_1_545' title='bbox 482 4023 698 4093; x_wconf 87' lang='grc' dir='ltr'>πρῶτον</span> <span class='ocrx_word' id='word_1_546' title='bbox 742 4019 1217 4091; x_wconf 81' lang='grc' dir='ltr'>ἀπολογήσασθαι,</span> <span class='ocrx_word' id='word_1_547' title='bbox 1256 4021 1383 4089; x_wconf 79' lang='grc' dir='ltr'>περὶ</span> <span class='ocrx_word' id='word_1_548' title='bbox 1423 4012 1498 4073; x_wconf 82' lang='grc' dir='ltr'>ὧν</span> <span class='ocrx_word' id='word_1_549' title='bbox 1533 4035 1626 4071; x_wconf 91' lang='grc' dir='ltr'><strong>σου</strong></span> <span class='ocrx_word' id='word_1_550' title='bbox 1663 4034 1797 4070; x_wconf 87' lang='grc' dir='ltr'>ταυ-</span> 
     </span>
    </p>
   </div>
   <div class='ocr_carea' id='block_1_71' title="bbox 216 4112 1800 4186">
    <p class='ocr_par' dir='ltr' id='par_1_71' title="bbox 216 4112 1800 4186">
     <span class='ocr_line' id='line_1_71' title="bbox 216 4112 1800 4186; baseline -0.003 -18"><span class='ocrx_word' id='word_1_551' title='bbox 216 4117 346 4186; x_wconf 68' lang='grc' dir='ltr'>τηνὶ</span> <span class='ocrx_word' id='word_1_552' title='bbox 375 4116 476 4186; x_wconf 80' lang='grc' dir='ltr'><strong>τὴν</strong></span> <span class='ocrx_word' id='word_1_553' title='bbox 506 4115 664 4180; x_wconf 80' lang='grc' dir='ltr'>δόξαν</span> <span class='ocrx_word' id='word_1_554' title='bbox 693 4114 1090 4186; x_wconf 84' lang='grc' dir='ltr'>διεϐεϐλήκειν,</span> <span class='ocrx_word' id='word_1_555' title='bbox 1123 4113 1355 4182; x_wconf 82' lang='grc' dir='ltr'>ἄσμενοί</span> <span class='ocrx_word' id='word_1_556' title='bbox 1399 4130 1495 4166; x_wconf 88' lang='grc' dir='ltr'><strong>σου</strong></span> <span class='ocrx_word' id='word_1_557' title='bbox 1545 4112 1800 4180; x_wconf 85' lang='grc' dir='ltr'>λέγοντος</span> 
     </span>
    </p>
   </div>
   <div class='ocr_carea' id='block_1_72' title="bbox 214 4205 1802 4280">
    <p class='ocr_par' dir='ltr' id='par_1_72' title="bbox 214 4205 1802 4280">
     <span class='ocr_line' id='line_1_72' title="bbox 214 4205 1802 4280; baseline -0.004 -18"><span class='ocrx_word' id='word_1_558' title='bbox 214 4209 592 4280; x_wconf 78' lang='grc' dir='ltr'>ἀκουσόμεθα.</span> <span class='ocrx_word' id='word_1_559' title='bbox 623 4209 736 4262; x_wconf 75' lang='grc' dir='ltr'><strong>Καὶ</strong></span> <span class='ocrx_word' id='word_1_560' title='bbox 789 4207 850 4273; x_wconf 85' lang='grc' dir='ltr'>ὃς</span> <span class='ocrx_word' id='word_1_561' title='bbox 889 4208 993 4278; x_wconf 79' lang='grc' dir='ltr'>ἔφη</span> <span class='ocrx_word' id='word_1_562' title='bbox 1021 4224 1036 4238; x_wconf 73' lang='grc' dir='ltr'><strong>ο</strong></span> <span class='ocrx_word' id='word_1_563' title='bbox 1086 4207 1227 4260; x_wconf 87' lang='grc' dir='ltr'>Ἀλλ’</span> <span class='ocrx_word' id='word_1_564' title='bbox 1285 4209 1388 4260; x_wconf 80' lang='grc' dir='ltr'>οὐκ</span> <span class='ocrx_word' id='word_1_565' title='bbox 1444 4205 1691 4275; x_wconf 82' lang='grc' dir='ltr'>εὐχερῶς</span> <span class='ocrx_word' id='word_1_566' title='bbox 1736 4205 1802 4258; x_wconf 89' lang='grc' dir='ltr'><strong>ἂν</strong></span> 
     </span>
    </p>
   </div>
   <div class='ocr_carea' id='block_1_73' title="bbox 216 4296 1804 4374">
    <p class='ocr_par' dir='ltr' id='par_1_73' title="bbox 216 4296 1804 4374">
     <span class='ocr_line' id='line_1_73' title="bbox 216 4296 1804 4374; baseline -0.004 -19"><span class='ocrx_word' id='word_1_567' title='bbox 216 4301 398 4374; x_wconf 77' lang='grc' dir='ltr'>ἔχοιμι</span> <span class='ocrx_word' id='word_1_568' title='bbox 421 4301 540 4365; x_wconf 85' lang='grc' dir='ltr'>νῦν,</span> <span class='ocrx_word' id='word_1_569' title='bbox 570 4302 676 4355; x_wconf 70' lang='grc' dir='ltr'>οὐδ’</span> <span class='ocrx_word' id='word_1_570' title='bbox 701 4301 764 4355; x_wconf 83' lang='grc' dir='ltr'>ὲκ</span> <span class='ocrx_word' id='word_1_571' title='bbox 798 4300 894 4354; x_wconf 89' lang='grc' dir='ltr'><strong>τοῦ</strong></span> <span class='ocrx_word' id='word_1_572' title='bbox 925 4300 1224 4371; x_wconf 84' lang='grc' dir='ltr'>προχείρου</span> <span class='ocrx_word' id='word_1_573' title='bbox 1257 4317 1340 4352; x_wconf 91' lang='grc' dir='ltr'><strong>σοι</strong></span> <span class='ocrx_word' id='word_1_574' title='bbox 1373 4298 1472 4370; x_wconf 83' lang='grc' dir='ltr'>τὴν</span> <span class='ocrx_word' id='word_1_575' title='bbox 1501 4296 1804 4365; x_wconf 84' lang='grc' dir='ltr'>ἀπολογίαν</span> 
     </span>
    </p>
   </div>
   <div class='ocr_carea' id='block_1_74' title="bbox 217 4389 1802 4465">
    <p class='ocr_par' dir='ltr' id='par_1_74' title="bbox 217 4389 1802 4465">
     <span class='ocr_line' id='line_1_74' title="bbox 217 4389 1802 4465; baseline -0.004 -17"><span class='ocrx_word' id='word_1_576' title='bbox 217 4396 444 4451; x_wconf 74' lang='grc' dir='ltr'>διδόναι.</span> <span class='ocrx_word' id='word_1_577' title='bbox 475 4395 622 4465; x_wconf 76' lang='grc' dir='ltr'>Πλὴν</span> <span class='ocrx_word' id='word_1_578' title='bbox 656 4394 800 4448; x_wconf 85' lang='grc' dir='ltr'>οῦτω</span> <span class='ocrx_word' id='word_1_579' title='bbox 840 4393 1266 4465; x_wconf 80' lang='grc' dir='ltr'>παρειλήφαμέν</span> <span class='ocrx_word' id='word_1_580' title='bbox 1313 4409 1374 4444; x_wconf 86' lang='grc' dir='ltr'>τε</span> <span class='ocrx_word' id='word_1_581' title='bbox 1424 4394 1518 4444; x_wconf 71' lang='grc' dir='ltr'>καὶ</span> <span class='ocrx_word' id='word_1_582' title='bbox 1552 4389 1802 4454; x_wconf 74' lang='grc' dir='ltr'><strong>ἐδοξάζο-</strong></span> 
     </span>
    </p>
   </div>
   <div class='ocr_carea' id='block_1_75' title="bbox 223 4484 1801 4565">
    <p class='ocr_par' dir='ltr' id='par_1_75' title="bbox 223 4484 1801 4565">
     <span class='ocr_line' id='line_1_75' title="bbox 223 4484 1801 4565; baseline -0.004 -25"><span class='ocrx_word' id='word_1_583' title='bbox 223 4506 325 4556; x_wconf 88' lang='grc' dir='ltr'>μεν</span> <span class='ocrx_word' id='word_1_584' title='bbox 350 4505 364 4518; x_wconf 86' lang='grc'><strong>·</strong></span> <span class='ocrx_word' id='word_1_585' title='bbox 391 4489 461 4542; x_wconf 84' lang='grc' dir='ltr'><strong>τά</strong></span> <span class='ocrx_word' id='word_1_586' title='bbox 488 4505 569 4542; x_wconf 88' lang='grc' dir='ltr'><strong>σοι</strong></span> <span class='ocrx_word' id='word_1_587' title='bbox 596 4486 651 4540; x_wconf 82' lang='grc' dir='ltr'>δὲ</span> <span class='ocrx_word' id='word_1_588' title='bbox 677 4487 771 4540; x_wconf 89' lang='grc' dir='ltr'><strong>νῦν</strong></span> <span class='ocrx_word' id='word_1_589' title='bbox 795 4487 1066 4565; x_wconf 74' lang='grc' dir='ltr'>εἰρημένα</span> <span class='ocrx_word' id='word_1_590' title='bbox 1087 4485 1234 4556; x_wconf 77' lang='grc' dir='ltr'>(οὐδὲ</span> <span class='ocrx_word' id='word_1_591' title='bbox 1262 4484 1372 4554; x_wconf 79' lang='grc' dir='ltr'><strong>γὰρ</strong></span> <span class='ocrx_word' id='word_1_592' title='bbox 1404 4484 1686 4554; x_wconf 73' lang='grc' dir='ltr'>ψεύσομαί</span> <span class='ocrx_word' id='word_1_593' title='bbox 1713 4488 1801 4552; x_wconf 84' lang='grc' dir='ltr'><strong>γε)</strong></span> 
     </span>
    </p>
   </div>
   <div class='ocr_carea' id='block_1_76' title="bbox 1971 3533 3500 3607">
    <p class='ocr_par' dir='ltr' id='par_1_76' title="bbox 1971 3533 3500 3607">
     <span class='ocr_line' id='line_1_76' title="bbox 1971 3533 3500 3607; baseline -0.005 -11"><span class='ocrx_word' id='word_1_594' title='bbox 1971 3542 2058 3597; x_wconf 75' lang='grc'><strong>15.</strong></span> <span class='ocrx_word' id='word_1_595' title='bbox 2104 3540 2295 3594; x_wconf 89' lang='lat' dir='ltr'><strong>Dicam</strong></span> <span class='ocrx_word' id='word_1_596' title='bbox 2325 3553 2470 3594; x_wconf 91' lang='lat' dir='ltr'><strong>nunc</strong></span> <span class='ocrx_word' id='word_1_597' title='bbox 2499 3537 2565 3592; x_wconf 94' lang='lat' dir='ltr'><strong>de</strong></span> <span class='ocrx_word' id='word_1_598' title='bbox 2593 3535 2831 3607; x_wconf 87' lang='lat' dir='ltr'><strong>paradisi</strong></span> <span class='ocrx_word' id='word_1_599' title='bbox 2875 3533 3108 3603; x_wconf 90' lang='lat' dir='ltr'><strong>deliciis,</strong></span> <span class='ocrx_word' id='word_1_600' title='bbox 3132 3544 3186 3590; x_wconf 91' lang='lat' dir='ltr'><strong>et</strong></span> <span class='ocrx_word' id='word_1_601' title='bbox 3211 3537 3277 3591; x_wconf 88' lang='lat' dir='ltr'><strong>de</strong></span> <span class='ocrx_word' id='word_1_602' title='bbox 3311 3537 3500 3590; x_wconf 87' lang='lat' dir='ltr'><strong>tradu-</strong></span> 
     </span>
    </p>
   </div>
   <div class='ocr_carea' id='block_1_77' title="bbox 1899 3627 3499 3700">
    <p class='ocr_par' dir='ltr' id='par_1_77' title="bbox 1899 3627 3499 3700">
     <span class='ocr_line' id='line_1_77' title="bbox 1899 3627 3499 3700; baseline -0.005 -10"><span class='ocrx_word' id='word_1_603' title='bbox 1899 3635 2069 3690; x_wconf 88' lang='lat' dir='ltr'><strong>cenda</strong></span> <span class='ocrx_word' id='word_1_604' title='bbox 2107 3632 2178 3686; x_wconf 90' lang='lat' dir='ltr'><strong>ibi</strong></span> <span class='ocrx_word' id='word_1_605' title='bbox 2230 3631 2372 3686; x_wconf 89' lang='lat' dir='ltr'><strong>vita:</strong></span> <span class='ocrx_word' id='word_1_606' title='bbox 2426 3644 2588 3700; x_wconf 88' lang='lat' dir='ltr'><strong>quam</strong></span> <span class='ocrx_word' id='word_1_607' title='bbox 2645 3627 2888 3682; x_wconf 86' lang='lat' dir='ltr'><strong>divinam</strong></span> <span class='ocrx_word' id='word_1_608' title='bbox 2940 3628 3234 3698; x_wconf 88' lang='lat' dir='ltr'><strong>quidemet</strong></span> <span class='ocrx_word' id='word_1_609' title='bbox 3286 3628 3499 3682; x_wconf 84' lang='lat' dir='ltr'><strong>beatam</strong></span> 
     </span>
    </p>
   </div>
   <div class='ocr_carea' id='block_1_78' title="bbox 1898 3720 3504 3791">
    <p class='ocr_par' dir='ltr' id='par_1_78' title="bbox 1898 3720 3504 3791">
     <span class='ocr_line' id='line_1_78' title="bbox 1898 3720 3504 3791; baseline -0.007 -8"><span class='ocrx_word' id='word_1_610' title='bbox 1898 3743 2021 3782; x_wconf 85' lang='lat' dir='ltr'><strong>esse</strong></span> <span class='ocrx_word' id='word_1_611' title='bbox 2049 3725 2259 3787; x_wconf 90' lang='lat' dir='ltr'><strong>dicitis,</strong></span> <span class='ocrx_word' id='word_1_612' title='bbox 2300 3725 2392 3778; x_wconf 91' lang='lat' dir='ltr'><strong>sed</strong></span> <span class='ocrx_word' id='word_1_613' title='bbox 2459 3721 2778 3791; x_wconf 86' lang='lat' dir='ltr'><strong>vestrisipsi</strong></span> <span class='ocrx_word' id='word_1_614' title='bbox 2829 3721 3182 3776; x_wconf 89' lang='lat' dir='ltr'><strong>sermonibus</strong></span> <span class='ocrx_word' id='word_1_615' title='bbox 3210 3735 3240 3774; x_wconf 90' lang='lat' dir='ltr'><strong>a</strong></span> <span class='ocrx_word' id='word_1_616' title='bbox 3297 3720 3504 3774; x_wconf 89' lang='lat' dir='ltr'><strong>divini-</strong></span> 
     </span>
    </p>
   </div>
   <div class='ocr_carea' id='block_1_79' title="bbox 1903 3811 3500 3883">
    <p class='ocr_par' dir='ltr' id='par_1_79' title="bbox 1903 3811 3500 3883">
     <span class='ocr_line' id='line_1_79' title="bbox 1903 3811 3500 3883; baseline -0.008 -7"><span class='ocrx_word' id='word_1_617' title='bbox 1903 3830 2010 3876; x_wconf 83' lang='lat' dir='ltr'><strong>tate</strong></span> <span class='ocrx_word' id='word_1_618' title='bbox 2044 3826 2098 3875; x_wconf 91' lang='lat' dir='ltr'><strong>et</strong></span> <span class='ocrx_word' id='word_1_619' title='bbox 2158 3817 2420 3872; x_wconf 81' lang='lat' dir='ltr'><strong>felicitate</strong></span> <span class='ocrx_word' id='word_1_620' title='bbox 2455 3814 2663 3883; x_wconf 43' lang='lat' dir='ltr'><strong>,procul</strong></span> <span class='ocrx_word' id='word_1_621' title='bbox 2719 3813 2913 3867; x_wconf 86' lang='lat' dir='ltr'><strong>abesse</strong></span> <span class='ocrx_word' id='word_1_622' title='bbox 2967 3811 3380 3866; x_wconf 78' lang='lat' dir='ltr'><strong>demonstratis.</strong></span> <span class='ocrx_word' id='word_1_623' title='bbox 3439 3811 3500 3866; x_wconf 88' lang='lat' dir='ltr'><strong>Si</strong></span> 
     </span>
    </p>
   </div>
   <div class='ocr_carea' id='block_1_80' title="bbox 1905 3901 3505 3975">
    <p class='ocr_par' dir='ltr' id='par_1_80' title="bbox 1905 3901 3505 3975">
     <span class='ocr_line' id='line_1_80' title="bbox 1905 3901 3505 3975; baseline -0.007 -9"><span class='ocrx_word' id='word_1_624' title='bbox 1905 3921 2084 3966; x_wconf 91' lang='lat' dir='ltr'><strong>tamen</strong></span> <span class='ocrx_word' id='word_1_625' title='bbox 2113 3911 2259 3964; x_wconf 83' lang='lat' dir='ltr'><strong>illam</strong></span> <span class='ocrx_word' id='word_1_626' title='bbox 2294 3919 2441 3963; x_wconf 90' lang='lat' dir='ltr'><strong>tuam</strong></span> <span class='ocrx_word' id='word_1_627' title='bbox 2501 3906 2815 3975; x_wconf 91' lang='lat' dir='ltr'><strong>opinionem</strong></span> <span class='ocrx_word' id='word_1_628' title='bbox 2849 3910 2976 3957; x_wconf 89' lang='lat' dir='ltr'><strong>ante</strong></span> <span class='ocrx_word' id='word_1_629' title='bbox 3029 3902 3326 3957; x_wconf 78' lang='lat' dir='ltr'><strong>defendere</strong></span> <span class='ocrx_word' id='word_1_630' title='bbox 3347 3901 3505 3956; x_wconf 88' lang='lat' dir='ltr'><strong>volu-</strong></span> 
     </span>
    </p>
   </div>
   <div class='ocr_carea' id='block_1_81' title="bbox 1903 3995 3502 4075">
    <p class='ocr_par' dir='ltr' id='par_1_81' title="bbox 1903 3995 3502 4075">
     <span class='ocr_line' id='line_1_81' title="bbox 1903 3995 3502 4075; baseline -0.009 -15"><span class='ocrx_word' id='word_1_631' title='bbox 1903 4006 2035 4068; x_wconf 88' lang='lat' dir='ltr'><strong>eris,</strong></span> <span class='ocrx_word' id='word_1_632' title='bbox 2055 4015 2109 4059; x_wconf 90' lang='lat' dir='ltr'><strong>et</strong></span> <span class='ocrx_word' id='word_1_633' title='bbox 2133 4019 2268 4075; x_wconf 86' lang='lat' dir='ltr'><strong>quas</strong></span> <span class='ocrx_word' id='word_1_634' title='bbox 2301 4013 2490 4059; x_wconf 85' lang='lat' dir='ltr'><strong>contra</strong></span> <span class='ocrx_word' id='word_1_635' title='bbox 2515 3999 2688 4069; x_wconf 89' lang='lat' dir='ltr'><strong>objcci</strong></span> <span class='ocrx_word' id='word_1_636' title='bbox 2719 3996 3175 4067; x_wconf 89' lang='lat' dir='ltr'><strong>reprehensiones</strong></span> <span class='ocrx_word' id='word_1_637' title='bbox 3195 3995 3502 4058; x_wconf 80' lang='lat' dir='ltr'><strong>inﬁrmare,</strong></span> 
     </span>
    </p>
   </div>
   <div class='ocr_carea' id='block_1_82' title="bbox 1903 4073 3501 4167">
    <p class='ocr_par' dir='ltr' id='par_1_82' title="bbox 1903 4073 3501 4167">
     <span class='ocr_line' id='line_1_82' title="bbox 1903 4073 3501 4167; baseline -0.011 -11"><span class='ocrx_word' id='word_1_638' title='bbox 1903 4101 2061 4156; x_wconf 89' lang='lat' dir='ltr'><strong>valde</strong></span> <span class='ocrx_word' id='word_1_639' title='bbox 2083 4117 2203 4156; x_wconf 88' lang='lat' dir='ltr'><strong>sum</strong></span> <span class='ocrx_word' id='word_1_640' title='bbox 2226 4097 2457 4167; x_wconf 87' lang='lat' dir='ltr'><strong>cupidus</strong></span> <span class='ocrx_word' id='word_1_641' title='bbox 2478 4105 2530 4150; x_wconf 91' lang='lat' dir='ltr'><strong>te</strong></span> <span class='ocrx_word' id='word_1_642' title='bbox 2559 4095 2614 4148; x_wconf 90' lang='lat' dir='ltr'><strong>in</strong></span> <span class='ocrx_word' id='word_1_643' title='bbox 2644 4091 2920 4162; x_wconf 86' lang='lat' dir='ltr'><strong>ejusmodi</strong></span> <span class='ocrx_word' id='word_1_644' title='bbox 2948 4089 3201 4144; x_wconf 88' lang='lat' dir='ltr'><strong>oratione</strong></span> <span class='ocrx_word' id='word_1_645' title='bbox 3222 4073 3501 4142; x_wconf 84' lang='lat' dir='ltr'><strong>audiendi.</strong></span> 
     </span>
    </p>
   </div>
   <div class='ocr_carea' id='block_1_83' title="bbox 1907 4186 3503 4261">
    <p class='ocr_par' dir='ltr' id='par_1_83' title="bbox 1907 4186 3503 4261">
     <span class='ocr_line' id='line_1_83' title="bbox 1907 4186 3503 4261; baseline -0.008 -12"><span class='ocrx_word' id='word_1_646' title='bbox 1907 4196 1975 4249; x_wconf 84' lang='lat' dir='ltr'><strong>At</strong></span> <span class='ocrx_word' id='word_1_647' title='bbox 2003 4195 2175 4257; x_wconf 91' lang='lat' dir='ltr'><strong>enim,</strong></span> <span class='ocrx_word' id='word_1_648' title='bbox 2225 4189 2524 4261; x_wconf 87' lang='lat' dir='ltr'><strong>respondit,</strong></span> <span class='ocrx_word' id='word_1_649' title='bbox 2583 4203 2716 4243; x_wconf 68' lang='lat' dir='ltr'><strong>mete</strong></span> <span class='ocrx_word' id='word_1_650' title='bbox 2767 4186 3044 4256; x_wconf 81' lang='lat' dir='ltr'><strong>Opinionis</strong></span> <span class='ocrx_word' id='word_1_651' title='bbox 3108 4198 3253 4239; x_wconf 89' lang='lat' dir='ltr'><strong>nunc</strong></span> <span class='ocrx_word' id='word_1_652' title='bbox 3323 4198 3503 4252; x_wconf 87' lang='lat' dir='ltr'><strong>neque</strong></span> 
     </span>
    </p>
   </div>
   <div class='ocr_carea' id='block_1_84' title="bbox 1911 4277 3508 4356">
    <p class='ocr_par' dir='ltr' id='par_1_84' title="bbox 1911 4277 3508 4356">
     <span class='ocr_line' id='line_1_84' title="bbox 1911 4277 3508 4356; baseline -0.006 -16"><span class='ocrx_word' id='word_1_653' title='bbox 1911 4284 2188 4356; x_wconf 82' lang='lat' dir='ltr'><strong>perfacilis</strong></span> <span class='ocrx_word' id='word_1_654' title='bbox 2221 4292 2330 4348; x_wconf 90' lang='lat' dir='ltr'><strong>est,</strong></span> <span class='ocrx_word' id='word_1_655' title='bbox 2370 4297 2551 4350; x_wconf 89' lang='lat' dir='ltr'><strong>neque</strong></span> <span class='ocrx_word' id='word_1_656' title='bbox 2607 4282 2728 4335; x_wconf 92' lang='lat' dir='ltr'><strong>sine</strong></span> <span class='ocrx_word' id='word_1_657' title='bbox 2791 4279 3256 4334; x_wconf 86' lang='lat' dir='ltr'><strong>commentatione</strong></span> <span class='ocrx_word' id='word_1_658' title='bbox 3302 4277 3508 4346; x_wconf 89' lang='lat' dir='ltr'><strong>suscipi</strong></span> 
     </span>
    </p>
   </div>
   <div class='ocr_carea' id='block_1_85' title="bbox 1913 4370 3511 4450">
    <p class='ocr_par' dir='ltr' id='par_1_85' title="bbox 1913 4370 3511 4450">
     <span class='ocr_line' id='line_1_85' title="bbox 1913 4370 3511 4450; baseline -0.006 -16"><span class='ocrx_word' id='word_1_659' title='bbox 1913 4376 2370 4450; x_wconf 83' lang='lat' dir='ltr'><strong>potestdefensio.</strong></span> <span class='ocrx_word' id='word_1_660' title='bbox 2425 4373 2536 4428; x_wconf 78' lang='lat' dir='ltr'><strong>Nos</strong></span> <span class='ocrx_word' id='word_1_661' title='bbox 2559 4373 2639 4428; x_wconf 88' lang='lat' dir='ltr'><strong>sic</strong></span> <span class='ocrx_word' id='word_1_662' title='bbox 2661 4388 2691 4427; x_wconf 90' lang='lat' dir='ltr'><strong>a</strong></span> <span class='ocrx_word' id='word_1_663' title='bbox 2742 4372 3041 4442; x_wconf 85' lang='lat' dir='ltr'><strong>majoribus</strong></span> <span class='ocrx_word' id='word_1_664' title='bbox 3066 4370 3396 4440; x_wconf 86' lang='lat' dir='ltr'><strong>accepimus,</strong></span> <span class='ocrx_word' id='word_1_665' title='bbox 3431 4371 3511 4425; x_wconf 78' lang='lat' dir='ltr'><strong>sic</strong></span> 
     </span>
    </p>
   </div>
   <div class='ocr_carea' id='block_1_86' title="bbox 1914 4463 3513 4536">
    <p class='ocr_par' dir='ltr' id='par_1_86' title="bbox 1914 4463 3513 4536">
     <span class='ocr_line' id='line_1_86' title="bbox 1914 4463 3513 4536; baseline -0.005 -11"><span class='ocrx_word' id='word_1_666' title='bbox 1914 4469 2435 4536; x_wconf 73' lang='lat' dir='ltr'><strong>credidimuszqua:</strong></span> <span class='ocrx_word' id='word_1_667' title='bbox 2472 4478 2653 4520; x_wconf 84' lang='lat' dir='ltr'><strong>tamen</strong></span> <span class='ocrx_word' id='word_1_668' title='bbox 2678 4474 2732 4518; x_wconf 91' lang='lat' dir='ltr'><strong>tu</strong></span> <span class='ocrx_word' id='word_1_669' title='bbox 2763 4465 2973 4529; x_wconf 84' lang='lat' dir='ltr'><strong>dixisti,</strong></span> <span class='ocrx_word' id='word_1_670' title='bbox 3019 4476 3182 4520; x_wconf 81' lang='lat' dir='ltr'><strong>reetae</strong></span> <span class='ocrx_word' id='word_1_671' title='bbox 3248 4479 3311 4519; x_wconf 87' lang='lat' dir='ltr'><strong>ea</strong></span> <span class='ocrx_word' id='word_1_672' title='bbox 3375 4463 3513 4518; x_wconf 83' lang='lat' dir='ltr'><strong>rati-</strong></span> 
     </span>
    </p>
   </div>
   <div class='ocr_carea' id='block_1_87' title="bbox 221 4555 1810 4649">
    <p class='ocr_par' dir='ltr' id='par_1_87' title="bbox 221 4555 1805 4649">
     <span class='ocr_line' id='line_1_87' title="bbox 221 4555 1805 4649; baseline -0.002 -19"><span class='ocrx_word' id='word_1_673' title='bbox 221 4555 322 4631; x_wconf 82' lang='grc' dir='ltr'><strong>τοῦ</strong></span> <span class='ocrx_word' id='word_1_674' title='bbox 353 4576 515 4649; x_wconf 73' lang='grc' dir='ltr'>ὀρθοῦ</span> <span class='ocrx_word' id='word_1_675' title='bbox 561 4595 646 4647; x_wconf 89' lang='grc' dir='ltr'><strong>μοι</strong></span> <span class='ocrx_word' id='word_1_676' title='bbox 681 4555 1154 4648; x_wconf 23' lang='grc' dir='ltr'>μᾶλλοννέχόμενα</span> <span class='ocrx_word' id='word_1_677' title='bbox 1195 4575 1358 4644; x_wconf 84' lang='grc' dir='ltr'>λόγου</span> <span class='ocrx_word' id='word_1_678' title='bbox 1399 4575 1540 4645; x_wconf 80' lang='grc' dir='ltr'>ἥπερ</span> <span class='ocrx_word' id='word_1_679' title='bbox 1573 4575 1642 4627; x_wconf 78' lang='grc' dir='ltr'><strong>τὰ</strong></span> <span class='ocrx_word' id='word_1_680' title='bbox 1671 4572 1805 4645; x_wconf 77' lang='grc' dir='ltr'><strong>ὴμέ-</strong></span> 
     </span>
    </p>
   </div>
   <div class='ocr_carea' id='block_1_88' title="bbox 1917 4555 3512 4649">
    <p class='ocr_par' dir='ltr' id='par_1_88' title="bbox 1917 4555 3512 4628">
     <span class='ocr_line' id='line_1_88' title="bbox 1917 4555 3512 4628; baseline -0.004 -14"><span class='ocrx_word' id='word_1_681' title='bbox 1917 4560 2006 4614; x_wconf 93' lang='lat' dir='ltr'><strong>oni</strong></span> <span class='ocrx_word' id='word_1_682' title='bbox 2048 4561 2224 4628; x_wconf 81' lang='lat' dir='ltr'><strong>magis</strong></span> <span class='ocrx_word' id='word_1_683' title='bbox 2254 4565 2620 4612; x_wconf 83' lang='lat' dir='ltr'><strong>consentanea</strong></span> <span class='ocrx_word' id='word_1_684' title='bbox 2641 4555 2900 4610; x_wconf 90' lang='lat' dir='ltr'><strong>videntur</strong></span> <span class='ocrx_word' id='word_1_685' title='bbox 2929 4556 3081 4626; x_wconf 86' lang='lat' dir='ltr'><strong>(vere</strong></span> <span class='ocrx_word' id='word_1_686' title='bbox 3099 4566 3274 4610; x_wconf 88' lang='lat' dir='ltr'><strong>tecum</strong></span> <span class='ocrx_word' id='word_1_687' title='bbox 3305 4556 3512 4624; x_wconf 82' lang='lat' dir='ltr'><strong>agam),</strong></span> 
     </span>
    </p>
   </div>
   <div class='ocr_carea' id='block_1_89' title="bbox 224 4665 1808 4742">
    <p class='ocr_par' dir='ltr' id='par_1_89' title="bbox 224 4665 1808 4742">
     <span class='ocr_line' id='line_1_89' title="bbox 224 4665 1808 4742; baseline -0.003 -20"><span class='ocrx_word' id='word_1_688' title='bbox 224 4687 365 4742; x_wconf 83' lang='grc' dir='ltr'>τερα</span> <span class='ocrx_word' id='word_1_689' title='bbox 391 4670 664 4740; x_wconf 79' lang='grc' dir='ltr'>φαίνεται.</span> <span class='ocrx_word' id='word_1_690' title='bbox 705 4671 914 4741; x_wconf 83' lang='grc' dir='ltr'>Καιρός</span> <span class='ocrx_word' id='word_1_691' title='bbox 963 4687 1044 4723; x_wconf 89' lang='grc' dir='ltr'><strong>σοι</strong></span> <span class='ocrx_word' id='word_1_692' title='bbox 1099 4669 1281 4723; x_wconf 87' lang='grc' dir='ltr'>τοίνυν</span> <span class='ocrx_word' id='word_1_693' title='bbox 1326 4667 1509 4737; x_wconf 85' lang='grc' dir='ltr'>λέγειν</span> <span class='ocrx_word' id='word_1_694' title='bbox 1553 4668 1622 4721; x_wconf 82' lang='grc' dir='ltr'>τὰ</span> <span class='ocrx_word' id='word_1_695' title='bbox 1665 4665 1808 4720; x_wconf 84' lang='grc' dir='ltr'>κατὰ</span> 
     </span>
    </p>
   </div>
   <div class='ocr_carea' id='block_1_90' title="bbox 223 4757 1811 4832">
    <p class='ocr_par' dir='ltr' id='par_1_90' title="bbox 223 4757 1811 4832">
     <span class='ocr_line' id='line_1_90' title="bbox 223 4757 1811 4832; baseline -0.003 -20"><span class='ocrx_word' id='word_1_696' title='bbox 223 4761 360 4814; x_wconf 78' lang='grc' dir='ltr'>νοῦν</span> <span class='ocrx_word' id='word_1_697' title='bbox 386 4764 514 4831; x_wconf 72' lang='grc' dir='ltr'>περὶ</span> <span class='ocrx_word' id='word_1_698' title='bbox 552 4763 651 4832; x_wconf 79' lang='grc' dir='ltr'>τῆς</span> <span class='ocrx_word' id='word_1_699' title='bbox 686 4763 870 4832; x_wconf 83' lang='grc' dir='ltr'>Ἐδέμ.</span> <span class='ocrx_word' id='word_1_700' title='bbox 901 4763 1010 4815; x_wconf 77' lang='grc' dir='ltr'><strong>Καὶ</strong></span> <span class='ocrx_word' id='word_1_701' title='bbox 1043 4762 1071 4814; x_wconf 89' lang='lat'><strong>6</strong></span> <span class='ocrx_word' id='word_1_702' title='bbox 1115 4761 1268 4826; x_wconf 84' lang='grc' dir='ltr'>παῖς,</span> <span class='ocrx_word' id='word_1_703' title='bbox 1300 4759 1487 4812; x_wconf 86' lang='grc' dir='ltr'>λαϐὼν</span> <span class='ocrx_word' id='word_1_704' title='bbox 1534 4757 1811 4811; x_wconf 81' lang='grc' dir='ltr'>τοῦνδὸσι-</span> 
     </span>
    </p>
   </div>
   <div class='ocr_carea' id='block_1_91' title="bbox 232 4847 1812 4923">
    <p class='ocr_par' dir='ltr' id='par_1_91' title="bbox 232 4847 1812 4923">
     <span class='ocr_line' id='line_1_91' title="bbox 232 4847 1812 4923; baseline -0.004 -18"><span class='ocrx_word' id='word_1_705' title='bbox 232 4870 338 4921; x_wconf 83' lang='grc' dir='ltr'><strong>μον</strong></span> <span class='ocrx_word' id='word_1_706' title='bbox 368 4853 517 4923; x_wconf 78' lang='grc' dir='ltr'>παρὰ</span> <span class='ocrx_word' id='word_1_707' title='bbox 564 4852 654 4906; x_wconf 88' lang='grc' dir='ltr'><strong>τοῦ</strong></span> <span class='ocrx_word' id='word_1_708' title='bbox 707 4853 934 4922; x_wconf 63' lang='grc' dir='ltr'>πατρὶς,</span> <span class='ocrx_word' id='word_1_709' title='bbox 965 4851 1168 4922; x_wconf 79' lang='grc' dir='ltr'>βοήσας</span> <span class='ocrx_word' id='word_1_710' title='bbox 1215 4867 1269 4904; x_wconf 88' lang='grc' dir='ltr'><strong>τι</strong></span> <span class='ocrx_word' id='word_1_711' title='bbox 1325 4847 1812 4922; x_wconf 83' lang='grc' dir='ltr'>βαρϐαρικώτερον</span> 
     </span>
    </p>
   </div>
   <div class='ocr_carea' id='block_1_92' title="bbox 231 4940 1815 5017">
    <p class='ocr_par' dir='ltr' id='par_1_92' title="bbox 231 4940 1815 5017">
     <span class='ocr_line' id='line_1_92' title="bbox 231 4940 1815 5017; baseline -0.003 -19"><span class='ocrx_word' id='word_1_712' title='bbox 231 4947 330 4998; x_wconf 77' lang='grc' dir='ltr'>καὶ</span> <span class='ocrx_word' id='word_1_713' title='bbox 383 4945 732 5017; x_wconf 82' lang='grc' dir='ltr'>θρασύτερον,</span> <span class='ocrx_word' id='word_1_714' title='bbox 775 4944 917 5014; x_wconf 78' lang='grc' dir='ltr'>ἔφη·</span> <span class='ocrx_word' id='word_1_715' title='bbox 959 4945 1033 4998; x_wconf 87' lang='grc' dir='ltr'>Ού</span> <span class='ocrx_word' id='word_1_716' title='bbox 1088 4943 1152 4997; x_wconf 90' lang='grc' dir='ltr'><strong>σύ</strong></span> <span class='ocrx_word' id='word_1_717' title='bbox 1207 4960 1270 5011; x_wconf 91' lang='grc' dir='ltr'>γε</span> <span class='ocrx_word' id='word_1_718' title='bbox 1319 4942 1535 5013; x_wconf 75' lang='grc' dir='ltr'>φθάσας</span> <span class='ocrx_word' id='word_1_719' title='bbox 1579 4940 1815 5012; x_wconf 79' lang='grc' dir='ltr'>εἴρηκας</span> 
     </span>
    </p>
   </div>
   <div class='ocr_carea' id='block_1_93' title="bbox 235 5033 1856 5112">
    <p class='ocr_par' dir='ltr' id='par_1_93' title="bbox 235 5033 1856 5112">
     <span class='ocr_line' id='line_1_93' title="bbox 235 5033 1856 5112; baseline -0.023 -5"><span class='ocrx_word' id='word_1_720' title='bbox 235 5040 377 5112; x_wconf 63' lang='grc' dir='ltr'>πρδς</span> <span class='ocrx_word' id='word_1_721' title='bbox 431 5033 603 5109; x_wconf 73' lang='grc' dir='ltr'>ἡμᾶς,</span> <span class='ocrx_word' id='word_1_722' title='bbox 643 5039 731 5092; x_wconf 83' lang='grc' dir='ltr'>τὸν</span> <span class='ocrx_word' id='word_1_723' title='bbox 781 5038 917 5090; x_wconf 74' lang='grc' dir='ltr'>Θεὸν</span> <span class='ocrx_word' id='word_1_724' title='bbox 966 5035 1035 5090; x_wconf 60' lang='grc' dir='ltr'>δελ</span> <span class='ocrx_word' id='word_1_725' title='bbox 1081 5034 1402 5106; x_wconf 84' lang='grc' dir='ltr'>ἀγαθότητα</span> <span class='ocrx_word' id='word_1_726' title='bbox 1451 5033 1624 5105; x_wconf 83' lang='grc' dir='ltr'>μόνην</span> <span class='ocrx_word' id='word_1_727' title='bbox 1663 5033 1856 5100; x_wconf 85' lang='grc' dir='ltr'><strong>δεδη-.</strong></span> 
     </span>
    </p>
   </div>
   <div class='ocr_carea' id='block_1_94' title="bbox 241 5123 1816 5205">
    <p class='ocr_par' dir='ltr' id='par_1_94' title="bbox 241 5123 1816 5205">
     <span class='ocr_line' id='line_1_94' title="bbox 241 5123 1816 5205; baseline -0.008 -15"><span class='ocrx_word' id='word_1_728' title='bbox 241 5135 639 5205; x_wconf 77' lang='grc' dir='ltr'>μιουργηκέναι</span> <span class='ocrx_word' id='word_1_729' title='bbox 686 5133 753 5186; x_wconf 82' lang='grc' dir='ltr'>τὰ</span> <span class='ocrx_word' id='word_1_730' title='bbox 797 5132 1129 5202; x_wconf 76' lang='grc' dir='ltr'>σύμπαντας</span> <span class='ocrx_word' id='word_1_731' title='bbox 1169 5129 1286 5185; x_wconf 87' lang='grc' dir='ltr'>Νῦν</span> <span class='ocrx_word' id='word_1_732' title='bbox 1326 5129 1370 5183; x_wconf 88' lang='grc' dir='ltr'>δ’</span> <span class='ocrx_word' id='word_1_733' title='bbox 1419 5125 1606 5200; x_wconf 87' lang='grc' dir='ltr'>ὑμνῶν</span> <span class='ocrx_word' id='word_1_734' title='bbox 1649 5123 1816 5182; x_wconf 82' lang='grc' dir='ltr'>αὑτοῦ</span> 
     </span>
    </p>
   </div>
   <div class='ocr_carea' id='block_1_95' title="bbox 237 5219 1818 5301">
    <p class='ocr_par' dir='ltr' id='par_1_95' title="bbox 237 5219 1818 5301">
     <span class='ocr_line' id='line_1_95' title="bbox 237 5219 1818 5301; baseline -0.006 -20"><span class='ocrx_word' id='word_1_735' title='bbox 237 5231 342 5301; x_wconf 82' lang='grc' dir='ltr'><strong>τήν</strong></span> <span class='ocrx_word' id='word_1_736' title='bbox 389 5227 760 5295; x_wconf 80' lang='grc' dir='ltr'>δικαιοσύνην,</span> <span class='ocrx_word' id='word_1_737' title='bbox 782 5224 879 5294; x_wconf 84' lang='grc' dir='ltr'><strong>τὴν</strong></span> <span class='ocrx_word' id='word_1_738' title='bbox 914 5224 1233 5293; x_wconf 73' lang='grc' dir='ltr'>ἀγαθύτητα</span> <span class='ocrx_word' id='word_1_739' title='bbox 1283 5220 1645 5288; x_wconf 84' lang='grc' dir='ltr'>σεσιώπηκας</span> <span class='ocrx_word' id='word_1_740' title='bbox 1673 5236 1685 5249; x_wconf 90' lang='grc'><strong>·</strong></span> <span class='ocrx_word' id='word_1_741' title='bbox 1722 5221 1750 5271; x_wconf 91' lang='lat'><strong>6</strong></span> <span class='ocrx_word' id='word_1_742' title='bbox 1775 5219 1818 5271; x_wconf 86' lang='grc' dir='ltr'>δ’</span> 
     </span>
    </p>
   </div>
   <div class='ocr_carea' id='block_1_96' title="bbox 239 5309 1820 5392">
    <p class='ocr_par' dir='ltr' id='par_1_96' title="bbox 239 5309 1820 5392">
     <span class='ocr_line' id='line_1_96' title="bbox 239 5309 1820 5392; baseline -0.009 -17"><span class='ocrx_word' id='word_1_743' title='bbox 239 5325 338 5392; x_wconf 72' lang='grc' dir='ltr'>οὐχ</span> <span class='ocrx_word' id='word_1_744' title='bbox 380 5319 546 5392; x_wconf 82' lang='grc' dir='ltr'>ἦττον</span> <span class='ocrx_word' id='word_1_745' title='bbox 591 5319 792 5386; x_wconf 81' lang='grc' dir='ltr'>ἀγαθός</span> <span class='ocrx_word' id='word_1_746' title='bbox 833 5319 983 5370; x_wconf 78' lang='grc' dir='ltr'>ἐστιν</span> <span class='ocrx_word' id='word_1_747' title='bbox 1034 5316 1180 5387; x_wconf 71' lang='grc' dir='ltr'>ἥπερ</span> <span class='ocrx_word' id='word_1_748' title='bbox 1230 5310 1461 5377; x_wconf 75' lang='grc' dir='ltr'>δεκαιος.</span> <span class='ocrx_word' id='word_1_749' title='bbox 1504 5311 1566 5364; x_wconf 82' lang='lat' dir='ltr'><strong>El</strong></span> <span class='ocrx_word' id='word_1_750' title='bbox 1615 5309 1710 5364; x_wconf 81' lang='grc' dir='ltr'><strong>οῦν</strong></span> <span class='ocrx_word' id='word_1_751' title='bbox 1755 5309 1820 5382; x_wconf 82' lang='grc' dir='ltr'>δὴ</span> 
     </span>
    </p>
   </div>
   <div class='ocr_carea' id='block_1_97' title="bbox 241 5402 1818 5482">
    <p class='ocr_par' dir='ltr' id='par_1_97' title="bbox 241 5402 1818 5482">
     <span class='ocr_line' id='line_1_97' title="bbox 241 5402 1818 5482; baseline -0.008 -15"><span class='ocrx_word' id='word_1_752' title='bbox 241 5417 408 5469; x_wconf 81' lang='grc' dir='ltr'>σῶσαι</span> <span class='ocrx_word' id='word_1_753' title='bbox 441 5415 648 5476; x_wconf 81' lang='grc' dir='ltr'>πάντας</span> <span class='ocrx_word' id='word_1_754' title='bbox 683 5411 901 5482; x_wconf 80' lang='grc' dir='ltr'>θελήσει</span> <span class='ocrx_word' id='word_1_755' title='bbox 932 5409 1000 5462; x_wconf 81' lang='grc' dir='ltr'>δι’</span> <span class='ocrx_word' id='word_1_756' title='bbox 1033 5408 1100 5480; x_wconf 80' lang='grc' dir='ltr'>ἦν</span> <span class='ocrx_word' id='word_1_757' title='bbox 1127 5409 1222 5462; x_wconf 70' lang='grc' dir='ltr'><strong>καὶ</strong></span> <span class='ocrx_word' id='word_1_758' title='bbox 1249 5407 1460 5468; x_wconf 81' lang='grc' dir='ltr'>πάντας</span> <span class='ocrx_word' id='word_1_759' title='bbox 1487 5402 1818 5474; x_wconf 86' lang='grc' dir='ltr'>δεδημιούρ-</span> 
     </span>
    </p>
   </div>
   <div class='ocr_carea' id='block_1_98' title="bbox 240 5495 1824 5578">
    <p class='ocr_par' dir='ltr' id='par_1_98' title="bbox 240 5495 1824 5578">
     <span class='ocr_line' id='line_1_98' title="bbox 240 5495 1824 5578; baseline -0.009 -17"><span class='ocrx_word' id='word_1_760' title='bbox 240 5526 409 5578; x_wconf 83' lang='grc' dir='ltr'>γηκεν</span> <span class='ocrx_word' id='word_1_761' title='bbox 436 5505 773 5574; x_wconf 74' lang='grc' dir='ltr'>ἁγαθότητα,</span> <span class='ocrx_word' id='word_1_762' title='bbox 814 5501 1120 5563; x_wconf 75' lang='grc' dir='ltr'>ὑπεύθυνος</span> <span class='ocrx_word' id='word_1_763' title='bbox 1160 5500 1293 5569; x_wconf 87' lang='grc' dir='ltr'>ἡμῖν</span> <span class='ocrx_word' id='word_1_764' title='bbox 1337 5497 1492 5550; x_wconf 77' lang='grc' dir='ltr'>ἔσται</span> <span class='ocrx_word' id='word_1_765' title='bbox 1532 5496 1640 5550; x_wconf 87' lang='grc' dir='ltr'><strong>τῶν</strong></span> <span class='ocrx_word' id='word_1_766' title='bbox 1672 5495 1824 5566; x_wconf 83' lang='grc' dir='ltr'><strong>αὐτῷ</strong></span> 
     </span>
    </p>
   </div>
   <div class='ocr_carea' id='block_1_99' title="bbox 241 5584 1824 5672">
    <p class='ocr_par' dir='ltr' id='par_1_99' title="bbox 241 5584 1824 5672">
     <span class='ocr_line' id='line_1_99' title="bbox 241 5584 1824 5672; baseline -0.008 -20"><span class='ocrx_word' id='word_1_767' title='bbox 241 5599 687 5672; x_wconf 73' lang='grc' dir='ltr'>πεπραγμένωνς</span> <span class='ocrx_word' id='word_1_768' title='bbox 723 5595 850 5648; x_wconf 83' lang='grc' dir='ltr'>Οὐδ’</span> <span class='ocrx_word' id='word_1_769' title='bbox 898 5591 1235 5655; x_wconf 79' lang='grc' dir='ltr'>οὑτινοσοῦν,</span> <span class='ocrx_word' id='word_1_770' title='bbox 1269 5584 1314 5643; x_wconf 81' lang='grc' dir='ltr'><strong>ὦ</strong></span> <span class='ocrx_word' id='word_1_771' title='bbox 1351 5591 1473 5654; x_wconf 72' lang='grc' dir='ltr'>τᾶν,</span> <span class='ocrx_word' id='word_1_772' title='bbox 1509 5589 1669 5656; x_wconf 77' lang='grc' dir='ltr'>ἔφην,</span> <span class='ocrx_word' id='word_1_773' title='bbox 1713 5588 1824 5640; x_wconf 84' lang='grc' dir='ltr'><strong>τῶν</strong></span> 
     </span>
    </p>
   </div>
   <div class='ocr_carea' id='block_1_100' title="bbox 237 5679 1825 5762">
    <p class='ocr_par' dir='ltr' id='par_1_100' title="bbox 237 5679 1825 5762">
     <span class='ocr_line' id='line_1_100' title="bbox 237 5679 1825 5762; baseline -0.009 -18"><span class='ocrx_word' id='word_1_774' title='bbox 237 5693 378 5762; x_wconf 47' lang='lat' dir='ltr'><strong>ab.ch</strong></span> <span class='ocrx_word' id='word_1_775' title='bbox 437 5686 847 5758; x_wconf 80' lang='grc' dir='ltr'>πεπραγμένων</span> <span class='ocrx_word' id='word_1_776' title='bbox 903 5683 1206 5745; x_wconf 84' lang='grc' dir='ltr'>ὑπεύθυνος</span> <span class='ocrx_word' id='word_1_777' title='bbox 1253 5681 1320 5735; x_wconf 87' lang='grc' dir='ltr'>ἂν</span> <span class='ocrx_word' id='word_1_778' title='bbox 1373 5681 1460 5750; x_wconf 74' lang='grc' dir='ltr'>εἴη</span> <span class='ocrx_word' id='word_1_779' title='bbox 1508 5679 1679 5742; x_wconf 86' lang='grc' dir='ltr'>Θεός·</span> <span class='ocrx_word' id='word_1_780' title='bbox 1715 5679 1825 5731; x_wconf 82' lang='grc' dir='ltr'>τίνι</span> 
     </span>
    </p>
   </div>
   <div class='ocr_carea' id='block_1_101' title="bbox 234 5770 1828 5855">
    <p class='ocr_par' dir='ltr' id='par_1_101' title="bbox 234 5770 1828 5855">
     <span class='ocr_line' id='line_1_101' title="bbox 234 5770 1828 5855; baseline -0.011 -18"><span class='ocrx_word' id='word_1_781' title='bbox 234 5784 339 5855; x_wconf 68' lang='grc' dir='ltr'>γὰρ</span> <span class='ocrx_word' id='word_1_782' title='bbox 385 5781 456 5836; x_wconf 80' lang='grc' dir='ltr'><strong>ἂν</strong></span> <span class='ocrx_word' id='word_1_783' title='bbox 502 5777 700 5833; x_wconf 79' lang='grc' dir='ltr'>ἑαυτοῦ</span> <span class='ocrx_word' id='word_1_784' title='bbox 750 5774 958 5844; x_wconf 81' lang='grc' dir='ltr'>μείζονι</span> <span class='ocrx_word' id='word_1_785' title='bbox 1009 5773 1288 5827; x_wconf 82' lang='grc' dir='ltr'>ἁποτίσειε</span> <span class='ocrx_word' id='word_1_786' title='bbox 1323 5771 1519 5836; x_wconf 85' lang='grc' dir='ltr'>λόγον;</span> <span class='ocrx_word' id='word_1_787' title='bbox 1564 5770 1828 5838; x_wconf 75' lang='grc' dir='ltr'>λαμπρᾶς</span> 
     </span>
    </p>
   </div>
   <div class='ocr_carea' id='block_1_102' title="bbox 231 5859 1828 5946">
    <p class='ocr_par' dir='ltr' id='par_1_102' title="bbox 231 5859 1828 5946">
     <span class='ocr_line' id='line_1_102' title="bbox 231 5859 1828 5946; baseline -0.01 -16"><span class='ocrx_word' id='word_1_788' title='bbox 231 5874 428 5946; x_wconf 79' lang='grc' dir='ltr'>μανίας</span> <span class='ocrx_word' id='word_1_789' title='bbox 455 5869 656 5942; x_wconf 71' lang='grc' dir='ltr'>ήδόξαο</span> <span class='ocrx_word' id='word_1_790' title='bbox 688 5865 890 5930; x_wconf 78' lang='grc' dir='ltr'>ἀσεϐὲς</span> <span class='ocrx_word' id='word_1_791' title='bbox 915 5864 974 5919; x_wconf 81' lang='grc' dir='ltr'><strong>τὸ</strong></span> <span class='ocrx_word' id='word_1_792' title='bbox 1002 5862 1314 5934; x_wconf 78' lang='grc' dir='ltr'>ἐνθύμημα.</span> <span class='ocrx_word' id='word_1_793' title='bbox 1337 5863 1417 5915; x_wconf 84' lang='grc' dir='ltr'><strong>Τὰ</strong></span> <span class='ocrx_word' id='word_1_794' title='bbox 1446 5862 1553 5932; x_wconf 75' lang='grc' dir='ltr'><strong>γὰρ</strong></span> <span class='ocrx_word' id='word_1_795' title='bbox 1584 5861 1647 5915; x_wconf 74' lang='grc' dir='ltr'>δὴ</span> <span class='ocrx_word' id='word_1_796' title='bbox 1676 5859 1828 5929; x_wconf 68' lang='grc' dir='ltr'>παρὰ</span> 
     </span>
    </p>
   </div>
   <div class='ocr_carea' id='block_1_103' title="bbox 1912 4645 3515 4724">
    <p class='ocr_par' dir='ltr' id='par_1_103' title="bbox 1912 4645 3515 4724">
     <span class='ocr_line' id='line_1_103' title="bbox 1912 4645 3515 4724; baseline -0.004 -18"><span class='ocrx_word' id='word_1_797' title='bbox 1912 4669 2076 4724; x_wconf 89' lang='lat' dir='ltr'><strong>quam</strong></span> <span class='ocrx_word' id='word_1_798' title='bbox 2118 4667 2238 4722; x_wconf 67' lang='lat' dir='ltr'><strong>quae</strong></span> <span class='ocrx_word' id='word_1_799' title='bbox 2294 4665 2398 4704; x_wconf 92' lang='lat' dir='ltr'><strong>nos</strong></span> <span class='ocrx_word' id='word_1_800' title='bbox 2464 4649 2722 4704; x_wconf 89' lang='lat' dir='ltr'><strong>dicimus.</strong></span> <span class='ocrx_word' id='word_1_801' title='bbox 2769 4648 3131 4722; x_wconf 62' lang='lat' dir='ltr'><strong>Quapropter,</strong></span> <span class='ocrx_word' id='word_1_802' title='bbox 3172 4645 3216 4700; x_wconf 90' lang='lat' dir='ltr'><strong>si</strong></span> <span class='ocrx_word' id='word_1_803' title='bbox 3267 4646 3398 4714; x_wconf 88' lang='lat' dir='ltr'><strong>quid</strong></span> <span class='ocrx_word' id='word_1_804' title='bbox 3458 4646 3515 4700; x_wconf 88' lang='lat' dir='ltr'><strong>in</strong></span> 
     </span>
    </p>
   </div>
   <div class='ocr_carea' id='block_1_104' title="bbox 1915 4732 3512 4803">
    <p class='ocr_par' dir='ltr' id='par_1_104' title="bbox 1915 4732 3512 4803">
     <span class='ocr_line' id='line_1_104' title="bbox 1915 4732 3512 4803; baseline -0.007 -5"><span class='ocrx_word' id='word_1_805' title='bbox 1915 4745 2100 4798; x_wconf 90' lang='lat' dir='ltr'><strong>animo</strong></span> <span class='ocrx_word' id='word_1_806' title='bbox 2138 4741 2310 4796; x_wconf 88' lang='lat' dir='ltr'><strong>habes</strong></span> <span class='ocrx_word' id='word_1_807' title='bbox 2342 4740 2409 4794; x_wconf 92' lang='lat' dir='ltr'><strong>de</strong></span> <span class='ocrx_word' id='word_1_808' title='bbox 2459 4737 2613 4793; x_wconf 87' lang='lat' dir='ltr'><strong>Eden</strong></span> <span class='ocrx_word' id='word_1_809' title='bbox 2660 4736 2868 4800; x_wconf 91' lang='lat' dir='ltr'><strong>dicere,</strong></span> <span class='ocrx_word' id='word_1_810' title='bbox 2897 4734 3009 4803; x_wconf 88' lang='lat' dir='ltr'><strong>jam</strong></span> <span class='ocrx_word' id='word_1_811' title='bbox 3070 4748 3216 4786; x_wconf 88' lang='lat' dir='ltr'><strong>nunc</strong></span> <span class='ocrx_word' id='word_1_812' title='bbox 3273 4732 3512 4799; x_wconf 81' lang='lat' dir='ltr'><strong>explica.</strong></span> 
     </span>
    </p>
   </div>
   <div class='ocr_carea' id='block_1_105' title="bbox 1915 4819 3517 4905">
    <p class='ocr_par' dir='ltr' id='par_1_105' title="bbox 1915 4819 3517 4905">
     <span class='ocr_line' id='line_1_105' title="bbox 1915 4819 3517 4905; baseline -0.009 -13"><span class='ocrx_word' id='word_1_813' title='bbox 1915 4837 2048 4905; x_wconf 73' lang='lat' dir='ltr'><strong>Quae</strong></span> <span class='ocrx_word' id='word_1_814' title='bbox 2074 4849 2199 4890; x_wconf 90' lang='lat' dir='ltr'><strong>cum</strong></span> <span class='ocrx_word' id='word_1_815' title='bbox 2241 4833 2408 4888; x_wconf 87' lang='lat' dir='ltr'><strong>Persa</strong></span> <span class='ocrx_word' id='word_1_816' title='bbox 2437 4819 2688 4896; x_wconf 84' lang='lat' dir='ltr'><strong>dixisset,</strong></span> <span class='ocrx_word' id='word_1_817' title='bbox 2730 4828 2875 4882; x_wconf 87' lang='lat' dir='ltr'><strong>ﬁlius</strong></span> <span class='ocrx_word' id='word_1_818' title='bbox 2905 4825 3048 4896; x_wconf 89' lang='lat' dir='ltr'><strong>ejus,</strong></span> <span class='ocrx_word' id='word_1_819' title='bbox 3110 4840 3140 4878; x_wconf 72' lang='grc' dir='ltr'><strong>ει</strong></span> <span class='ocrx_word' id='word_1_820' title='bbox 3199 4838 3354 4894; x_wconf 84' lang='lat' dir='ltr'><strong>patre</strong></span> <span class='ocrx_word' id='word_1_821' title='bbox 3418 4840 3517 4878; x_wconf 88' lang='lat' dir='ltr'><strong>ac-</strong></span> 
     </span>
    </p>
   </div>
   <div class='ocr_carea' id='block_1_106' title="bbox 1919 4917 3518 5001">
    <p class='ocr_par' dir='ltr' id='par_1_106' title="bbox 1919 4917 3518 5001">
     <span class='ocr_line' id='line_1_106' title="bbox 1919 4917 3518 5001; baseline -0.011 -14"><span class='ocrx_word' id='word_1_822' title='bbox 1919 4939 2077 5001; x_wconf 85' lang='lat' dir='ltr'><strong>cepta</strong></span> <span class='ocrx_word' id='word_1_823' title='bbox 2107 4927 2371 4998; x_wconf 91' lang='lat' dir='ltr'><strong>loquendi</strong></span> <span class='ocrx_word' id='word_1_824' title='bbox 2406 4925 2692 4986; x_wconf 75' lang='lat' dir='ltr'><strong>facultate,</strong></span> <span class='ocrx_word' id='word_1_825' title='bbox 2729 4919 3027 4976; x_wconf 84' lang='lat' dir='ltr'><strong>barbarum</strong></span> <span class='ocrx_word' id='word_1_826' title='bbox 3094 4917 3224 4986; x_wconf 86' lang='lat' dir='ltr'><strong>quid</strong></span> <span class='ocrx_word' id='word_1_827' title='bbox 3256 4927 3310 4971; x_wconf 92' lang='lat' dir='ltr'><strong>et</strong></span> <span class='ocrx_word' id='word_1_828' title='bbox 3342 4917 3518 4970; x_wconf 88' lang='lat' dir='ltr'><strong>auda-</strong></span> 
     </span>
    </p>
   </div>
   <div class='ocr_carea' id='block_1_107' title="bbox 1920 5010 3522 5086">
    <p class='ocr_par' dir='ltr' id='par_1_107' title="bbox 1920 5010 3522 5086">
     <span class='ocr_line' id='line_1_107' title="bbox 1920 5010 3522 5086; baseline -0.011 -7"><span class='ocrx_word' id='word_1_829' title='bbox 1920 5025 2039 5080; x_wconf 88' lang='lat' dir='ltr'><strong>cius</strong></span> <span class='ocrx_word' id='word_1_830' title='bbox 2075 5023 2340 5086; x_wconf 87' lang='lat' dir='ltr'><strong>clamans,</strong></span> <span class='ocrx_word' id='word_1_831' title='bbox 2373 5019 2567 5074; x_wconf 88' lang='lat' dir='ltr'><strong>Nonne</strong></span> <span class='ocrx_word' id='word_1_832' title='bbox 2592 5027 2676 5081; x_wconf 88' lang='lat' dir='ltr'><strong>tu,</strong></span> <span class='ocrx_word' id='word_1_833' title='bbox 2711 5014 2910 5083; x_wconf 88' lang='lat' dir='ltr'><strong>inquit,</strong></span> <span class='ocrx_word' id='word_1_834' title='bbox 2972 5010 3131 5065; x_wconf 91' lang='lat' dir='ltr'><strong>nobis</strong></span> <span class='ocrx_word' id='word_1_835' title='bbox 3170 5019 3329 5066; x_wconf 89' lang='lat' dir='ltr'><strong>antea</strong></span> <span class='ocrx_word' id='word_1_836' title='bbox 3376 5011 3522 5064; x_wconf 75' lang='lat' dir='ltr'><strong>dixi-</strong></span> 
     </span>
    </p>
   </div>
   <div class='ocr_carea' id='block_1_108' title="bbox 1922 5092 3583 5181">
    <p class='ocr_par' dir='ltr' id='par_1_108' title="bbox 1922 5092 3583 5181">
     <span class='ocr_line' id='line_1_108' title="bbox 1922 5092 3583 5181; baseline -0.01 -9"><span class='ocrx_word' id='word_1_837' title='bbox 1922 5117 2013 5181; x_wconf 90' lang='lat' dir='ltr'><strong>sti,</strong></span> <span class='ocrx_word' id='word_1_838' title='bbox 2054 5116 2125 5170; x_wconf 91' lang='lat' dir='ltr'><strong>ob</strong></span> <span class='ocrx_word' id='word_1_839' title='bbox 2174 5115 2348 5170; x_wconf 89' lang='lat' dir='ltr'><strong>solam</strong></span> <span class='ocrx_word' id='word_1_840' title='bbox 2407 5113 2710 5167; x_wconf 90' lang='lat' dir='ltr'><strong>bonitatem</strong></span> <span class='ocrx_word' id='word_1_841' title='bbox 2764 5107 2933 5158; x_wconf 91' lang='lat' dir='ltr'><strong>Deum</strong></span> <span class='ocrx_word' id='word_1_842' title='bbox 2989 5103 3173 5157; x_wconf 91' lang='lat' dir='ltr'><strong>omnia</strong></span> <span class='ocrx_word' id='word_1_843' title='bbox 3238 5103 3523 5157; x_wconf 73' lang='lat' dir='ltr'><strong>creasse?</strong></span> <span class='ocrx_word' id='word_1_844' title='bbox 3578 5092 3583 5097; x_wconf 37' lang='grc'>⁴</span> 
     </span>
    </p>
   </div>
   <div class='ocr_carea' id='block_1_109' title="bbox 1921 5197 3524 5267">
    <p class='ocr_par' dir='ltr' id='par_1_109' title="bbox 1921 5197 3524 5267">
     <span class='ocr_line' id='line_1_109' title="bbox 1921 5197 3524 5267; baseline -0.009 -3"><span class='ocrx_word' id='word_1_845' title='bbox 1921 5207 2080 5263; x_wconf 82' lang='lat' dir='ltr'><strong>Nunc</strong></span> <span class='ocrx_word' id='word_1_846' title='bbox 2109 5223 2239 5263; x_wconf 86' lang='lat' dir='ltr'><strong>vero</strong></span> <span class='ocrx_word' id='word_1_847' title='bbox 2270 5205 2542 5261; x_wconf 85' lang='lat' dir='ltr'><strong>celebrata</strong></span> <span class='ocrx_word' id='word_1_848' title='bbox 2570 5202 2716 5255; x_wconf 90' lang='lat' dir='ltr'><strong>illius</strong></span> <span class='ocrx_word' id='word_1_849' title='bbox 2737 5199 2951 5267; x_wconf 79' lang='lat' dir='ltr'><strong>iustitia</strong></span> <span class='ocrx_word' id='word_1_850' title='bbox 2982 5198 3048 5252; x_wconf 91' lang='lat' dir='ltr'><strong>de</strong></span> <span class='ocrx_word' id='word_1_851' title='bbox 3097 5197 3524 5252; x_wconf 65' lang='lat' dir='ltr'><strong>bonitalesilni-</strong></span> 
     </span>
    </p>
   </div>
   <div class='ocr_carea' id='block_1_110' title="bbox 1924 5289 3522 5360">
    <p class='ocr_par' dir='ltr' id='par_1_110' title="bbox 1924 5289 3522 5360">
     <span class='ocr_line' id='line_1_110' title="bbox 1924 5289 3522 5360; baseline -0.01 -3"><span class='ocrx_word' id='word_1_852' title='bbox 1924 5301 2038 5357; x_wconf 90' lang='lat' dir='ltr'><strong>sti:</strong></span> <span class='ocrx_word' id='word_1_853' title='bbox 2071 5300 2167 5354; x_wconf 86' lang='lat' dir='ltr'><strong>sed</strong></span> <span class='ocrx_word' id='word_1_854' title='bbox 2224 5297 2316 5352; x_wconf 85' lang='lat' dir='ltr'><strong>hic</strong></span> <span class='ocrx_word' id='word_1_855' title='bbox 2347 5311 2458 5350; x_wconf 88' lang='lat' dir='ltr'><strong>non</strong></span> <span class='ocrx_word' id='word_1_856' title='bbox 2505 5294 2686 5348; x_wconf 89' lang='lat' dir='ltr'><strong>minus</strong></span> <span class='ocrx_word' id='word_1_857' title='bbox 2728 5292 2910 5346; x_wconf 87' lang='lat' dir='ltr'><strong>bonus</strong></span> <span class='ocrx_word' id='word_1_858' title='bbox 2968 5298 3054 5345; x_wconf 90' lang='lat' dir='ltr'><strong>est</strong></span> <span class='ocrx_word' id='word_1_859' title='bbox 3092 5305 3258 5360; x_wconf 88' lang='lat' dir='ltr'><strong>quam</strong></span> <span class='ocrx_word' id='word_1_860' title='bbox 3314 5289 3522 5359; x_wconf 86' lang='lat' dir='ltr'><strong>justus.</strong></span> 
     </span>
    </p>
   </div>
   <div class='ocr_carea' id='block_1_111' title="bbox 1925 5383 3527 5461">
    <p class='ocr_par' dir='ltr' id='par_1_111' title="bbox 1925 5383 3527 5461">
     <span class='ocr_line' id='line_1_111' title="bbox 1925 5383 3527 5461; baseline -0.009 -14"><span class='ocrx_word' id='word_1_861' title='bbox 1925 5395 2107 5461; x_wconf 85' lang='lat' dir='ltr'><strong>Quare</strong></span> <span class='ocrx_word' id='word_1_862' title='bbox 2155 5390 2200 5446; x_wconf 90' lang='lat' dir='ltr'><strong>si</strong></span> <span class='ocrx_word' id='word_1_863' title='bbox 2265 5389 2338 5443; x_wconf 89' lang='lat' dir='ltr'><strong>ob</strong></span> <span class='ocrx_word' id='word_1_864' title='bbox 2395 5403 2537 5451; x_wconf 87' lang='lat' dir='ltr'><strong>eam,</strong></span> <span class='ocrx_word' id='word_1_865' title='bbox 2582 5400 2870 5456; x_wconf 85' lang='lat' dir='ltr'><strong>perquam</strong></span> <span class='ocrx_word' id='word_1_866' title='bbox 2932 5397 3126 5438; x_wconf 91' lang='lat' dir='ltr'><strong>omnes</strong></span> <span class='ocrx_word' id='word_1_867' title='bbox 3174 5383 3401 5442; x_wconf 74' lang='lat' dir='ltr'><strong>crearit,</strong></span> <span class='ocrx_word' id='word_1_868' title='bbox 3431 5383 3527 5434; x_wconf 85' lang='lat' dir='ltr'><strong>bn-</strong></span> 
     </span>
    </p>
   </div>
   <div class='ocr_carea' id='block_1_112' title="bbox 1927 5471 3524 5549">
    <p class='ocr_par' dir='ltr' id='par_1_112' title="bbox 1927 5471 3524 5549">
     <span class='ocr_line' id='line_1_112' title="bbox 1927 5471 3524 5549; baseline -0.012 -9"><span class='ocrx_word' id='word_1_869' title='bbox 1927 5486 2154 5540; x_wconf 85' lang='lat' dir='ltr'><strong>nitatem</strong></span> <span class='ocrx_word' id='word_1_870' title='bbox 2192 5526 2206 5549; x_wconf 94' lang='lat'><strong>,</strong></span> <span class='ocrx_word' id='word_1_871' title='bbox 2236 5494 2428 5536; x_wconf 88' lang='lat' dir='ltr'><strong>omnes</strong></span> <span class='ocrx_word' id='word_1_872' title='bbox 2454 5480 2618 5532; x_wconf 89' lang='lat' dir='ltr'><strong>etiam</strong></span> <span class='ocrx_word' id='word_1_873' title='bbox 2652 5491 2874 5531; x_wconf 88' lang='lat' dir='ltr'><strong>servare</strong></span> <span class='ocrx_word' id='word_1_874' title='bbox 2915 5473 3170 5536; x_wconf 86' lang='lat' dir='ltr'><strong>voluerit,</strong></span> <span class='ocrx_word' id='word_1_875' title='bbox 3194 5488 3260 5526; x_wconf 90' lang='lat' dir='ltr'><strong>an</strong></span> <span class='ocrx_word' id='word_1_876' title='bbox 3321 5471 3524 5524; x_wconf 84' lang='lat' dir='ltr'><strong>idcirco</strong></span> 
     </span>
    </p>
   </div>
   <div class='ocr_carea' id='block_1_113' title="bbox 1929 5563 3529 5632">
    <p class='ocr_par' dir='ltr' id='par_1_113' title="bbox 1929 5563 3529 5632">
     <span class='ocr_line' id='line_1_113' title="bbox 1929 5563 3529 5632; baseline -0.012 0"><span class='ocrx_word' id='word_1_877' title='bbox 1929 5576 2223 5632; x_wconf 87' lang='lat' dir='ltr'><strong>reddendis</strong></span> <span class='ocrx_word' id='word_1_878' title='bbox 2253 5575 2519 5627; x_wconf 82' lang='lat' dir='ltr'><strong>factorum</strong></span> <span class='ocrx_word' id='word_1_879' title='bbox 2575 5584 2802 5625; x_wconf 88' lang='lat' dir='ltr'><strong>suorum</strong></span> <span class='ocrx_word' id='word_1_880' title='bbox 2857 5565 3163 5621; x_wconf 88' lang='lat' dir='ltr'><strong>rationibus</strong></span> <span class='ocrx_word' id='word_1_881' title='bbox 3211 5564 3316 5618; x_wconf 85' lang='lat' dir='ltr'><strong>erit</strong></span> <span class='ocrx_word' id='word_1_882' title='bbox 3357 5563 3529 5615; x_wconf 82' lang='lat' dir='ltr'><strong>obno-</strong></span> 
     </span>
    </p>
   </div>
   <div class='ocr_carea' id='block_1_114' title="bbox 1929 5654 3530 5734">
    <p class='ocr_par' dir='ltr' id='par_1_114' title="bbox 1929 5654 3530 5734">
     <span class='ocr_line' id='line_1_114' title="bbox 1929 5654 3530 5734; baseline -0.013 -8"><span class='ocrx_word' id='word_1_883' title='bbox 1929 5670 2094 5726; x_wconf 75' lang='lat' dir='ltr'><strong>xius?</strong></span> <span class='ocrx_word' id='word_1_884' title='bbox 2131 5668 2214 5722; x_wconf 77' lang='lat' dir='ltr'><strong>Dii</strong></span> <span class='ocrx_word' id='word_1_885' title='bbox 2260 5667 2509 5730; x_wconf 86' lang='lat' dir='ltr'><strong>meliora,</strong></span> <span class='ocrx_word' id='word_1_886' title='bbox 2542 5665 2791 5734; x_wconf 85' lang='lat' dir='ltr'><strong>inquam,</strong></span> <span class='ocrx_word' id='word_1_887' title='bbox 2848 5660 3165 5715; x_wconf 86' lang='lat' dir='ltr'><strong>adolescens</strong></span> <span class='ocrx_word' id='word_1_888' title='bbox 3194 5675 3209 5710; x_wconf 91' lang='lat'><strong>:</strong></span> <span class='ocrx_word' id='word_1_889' title='bbox 3239 5654 3373 5709; x_wconf 88' lang='lat' dir='ltr'><strong>nulli</strong></span> <span class='ocrx_word' id='word_1_890' title='bbox 3407 5668 3530 5707; x_wconf 82' lang='lat' dir='ltr'><strong>om-</strong></span> 
     </span>
    </p>
   </div>
   <div class='ocr_carea' id='block_1_115' title="bbox 1933 5735 3530 5819">
    <p class='ocr_par' dir='ltr' id='par_1_115' title="bbox 1933 5735 3530 5819">
     <span class='ocr_line' id='line_1_115' title="bbox 1933 5735 3530 5819; baseline -0.015 0"><span class='ocrx_word' id='word_1_891' title='bbox 1933 5767 2064 5819; x_wconf 89' lang='lat' dir='ltr'><strong>nino</strong></span> <span class='ocrx_word' id='word_1_892' title='bbox 2106 5765 2158 5816; x_wconf 92' lang='lat' dir='ltr'><strong>in</strong></span> <span class='ocrx_word' id='word_1_893' title='bbox 2198 5763 2467 5816; x_wconf 81' lang='lat' dir='ltr'><strong>factorum</strong></span> <span class='ocrx_word' id='word_1_894' title='bbox 2498 5772 2724 5813; x_wconf 90' lang='lat' dir='ltr'><strong>suorum</strong></span> <span class='ocrx_word' id='word_1_895' title='bbox 2781 5752 3092 5809; x_wconf 88' lang='lat' dir='ltr'><strong>rationibus</strong></span> <span class='ocrx_word' id='word_1_896' title='bbox 3114 5735 3409 5803; x_wconf 84' lang='lat' dir='ltr'><strong>reddendis</strong></span> <span class='ocrx_word' id='word_1_897' title='bbox 3433 5747 3530 5797; x_wconf 86' lang='lat' dir='ltr'><strong>oh-</strong></span> 
     </span>
    </p>
   </div>
   <div class='ocr_carea' id='block_1_116' title="bbox 1934 5837 3527 5926">
    <p class='ocr_par' dir='ltr' id='par_1_116' title="bbox 1934 5837 3527 5926">
     <span class='ocr_line' id='line_1_116' title="bbox 1934 5837 3527 5926; baseline -0.015 -12"><span class='ocrx_word' id='word_1_898' title='bbox 1934 5857 2134 5914; x_wconf 79' lang='lat' dir='ltr'><strong>noxius</strong></span> <span class='ocrx_word' id='word_1_899' title='bbox 2165 5871 2287 5914; x_wconf 86' lang='lat' dir='ltr'><strong>esse</strong></span> <span class='ocrx_word' id='word_1_900' title='bbox 2327 5852 2669 5926; x_wconf 80' lang='lat' dir='ltr'><strong>potestDeus</strong></span> <span class='ocrx_word' id='word_1_901' title='bbox 2704 5868 2719 5905; x_wconf 87' lang='lat'>:</span> <span class='ocrx_word' id='word_1_902' title='bbox 2755 5848 2974 5904; x_wconf 88' lang='lat' dir='ltr'><strong>cuinam</strong></span> <span class='ocrx_word' id='word_1_903' title='bbox 3044 5844 3190 5898; x_wconf 88' lang='lat' dir='ltr'><strong>enim</strong></span> <span class='ocrx_word' id='word_1_904' title='bbox 3225 5858 3284 5898; x_wconf 83' lang='lat' dir='ltr'><strong>se</strong></span> <span class='ocrx_word' id='word_1_905' title='bbox 3331 5837 3527 5910; x_wconf 83' lang='lat' dir='ltr'><strong>majori</strong></span> 
     </span>
    </p>
   </div>
  </div>
