3950 6476
421 373 524 440 187

1631 343 1686 418 Μ
1701 355 2034 418 ΑΝΗΕῙᾸΞ
2059 349 2517 416 PAL/EOLOGI

3637 338 3741 404 168

420 491 694 546 rationem
759 477 1060 538 redderet?
1127 475 1328 531 lnsaua
1389 472 1703 542 lmjusmodi
1775 470 2002 540 opinio:

2143 466 2249 522 lenii
2281 465 2426 522 καλά
2453 481 2513 518 τε
2548 463 2725 517 πάντα
2755 461 2850 516 καὶ
2881 455 3083 528 ἀγαθά.
3121 454 3527 526 Πειρωμένοις
3555 455 3740 523 μέντοι

421 581 593 652 impia
628 576 905 648 cogitatio.
951 572 1086 626 Nam
1148 583 1268 640 quae
1351 583 1379 621 a
1427 566 1540 621 Deo
1563 563 2008 634 proﬁciscuntur,

421 674 650 745 pulchra
675 680 808 726 sunt
842 667 1027 720 omnia
1051 675 1102 718 et
1127 664 1288 732 bona.
1310 660 1410 727 Qui
1447 674 1628 714 amem
1655 655 2012 711 nihilominus

423 767 493 820 de
525 766 710 835 aliquo
741 779 804 819 ex
861 759 1036 831 ipsius
1063 756 1223 811 factis
1285 766 1554 822 qua'rere,
1601 751 1926 820 investigare
1959 757 2018 799 et

422 859 608 912 dicere
631 863 926 915 conantur,
961 851 1064 904 hoc
1095 849 1246 916 justa
1300 845 1508 900 ratione
1540 855 1599 898 ut
1620 844 1822 898 faciant
1854 857 2016 911 opor-

425 958 524 1012 tet,
561 962 663 1002 nec
693 947 744 1000 id
788 945 861 998 illi
899 942 1223 1000 attribuere,
1266 937 1409 1006 quod
1443 952 1510 990 ne
1538 935 1746 990 homini
1791 935 2012 1003 quidem

428 1042 606 1109 probo
635 1038 982 1092 conveniret.
1017 1035 1284 1098 Quoniam
1347 1031 1509 1100 igitur
1533 1029 1588 1083 id
1619 1029 1768 1099 quod
1804 1028 2017 1082 dixistis

432 1135 527 1188 Dei
592 1133 822 1203 justitim
891 1142 1196 1198 repugnare
1269 1125 1703 1180 demonstratum
1758 1131 1863 1189 est,
1909 1139 2015 1178 non

434 1239 599 1294 recte,
629 1226 845 1296 opinor,
886 1222 1184 1284 diceretur,
1243 1216 1436 1281 Deum,
1495 1225 1682 1285 utpote
1723 1214 2017 1284 benignum

434 1334 563 1387 erga
615 1316 884 1378 homines,
938 1310 1205 1379 ejusmodi
1246 1325 1330 1364 res
1389 1309 1570 1362 facere
1608 1307 1829 1361 debere.
1862 1305 2018 1360 Nulla

435 1427 500 1464 ex
545 1419 699 1480 parte
729 1407 871 1461 enim
901 1405 1128 1473 justitiz:
1151 1403 1476 1456 adversatur
1506 1400 1627 1470 ejus
1691 1400 2019 1469 benignitas.

436 1501 550 1556 Hoc
582 1499 676 1554 tibi
711 1497 875 1553 simul
925 1510 991 1551 ac
1018 1495 1158 1565 patri
1215 1508 1534 1566 persuasum
1570 1506 1693 1546 esse
1733 1490 2021 1560 opinabar,

435 1595 503 1650 ad
540 1595 758 1662 aliaque
789 1603 1015 1661 pergere
1063 1586 1361 1642 volebam:
1415 1596 1469 1639 tu
1529 1594 1711 1639 autem
1761 1583 2021 1653 quoniam

435 1695 627 1742 contra
660 1699 744 1738 me
775 1680 1085 1747 surrexisti,
1149 1677 1354 1747 aliquid
1377 1691 1543 1747 supra
1595 1677 1758 1732 dictis
1813 1674 2024 1730 adden-

435 1777 567 1832 dum
621 1792 745 1832 esse
778 1774 1040 1839 arbitror,
1089 1771 1713 1840 demonstrandumque,
1741 1784 1837 1824 eos
1861 1771 2026 1824 etiam

436 1872 530 1941 qui
571 1871 622 1922 in
654 1869 879 1922 meliore
924 1865 1194 1934 religione
1235 1861 1590 1917 deﬂexissent
1619 1861 1688 1914 de
1745 1861 1884 1931 legis
1917 1860 2026 1924 via,

437 1961 692 2032 punitum
725 1958 788 2012 iri
823 1975 838 2013 :
869 1957 963 2024 qui
993 1964 1178 2008 utrum
1234 1953 1389 2007 multi
1426 1967 1493 2006 an
1525 1952 1684 2020 pauci
1713 1951 1848 2014 sint,
1897 1951 2031 2005 nihil

438 2053 504 2107 ad
548 2066 684 2105 rem.
712 2047 829 2103 Hoc
847 2049 991 2102 enim
1025 2045 1194 2102 semel
1250 2045 1652 2108 demonstrato,
1693 2041 1902 2096 inutilis
1929 2043 2034 2095 erit

437 2141 762 2211 capillorum
841 2138 1018 2192 virtus
1089 2134 1385 2192 Moamethi
1444 2147 1633 2189 sancte
1706 2133 2032 2188 venerandi.

509 2233 595 2288 16.
633 2231 911 2302 Sapientia
972 2239 1202 2301 praestas
1235 2238 1314 2295 tu,
1377 2242 1707 2299 eorumque,
1765 2227 1858 2297 qui
1891 2226 2033 2298 juris

435 2323 654 2378 dicendi
706 2329 980 2391 potestate
1032 2321 1274 2376 decorati
1328 2328 1484 2385 sunt»,
1539 2319 1747 2375 nemini
1802 2319 2035 2374 fortasse

436 2416 644 2486 primas
666 2415 925 2469 concedis
959 2431 972 2468 :
1012 2414 1064 2466 id
1089 2429 1118 2468 a
1149 2423 1305 2484 patre
1336 2413 1670 2467 audivimus.
1691 2411 1750 2468 Si
1779 2414 1905 2483 quis
1935 2412 2035 2480 igi-

438 2516 532 2562 tur
550 2506 760 2576 peccati
785 2506 1067 2561 convictus
1101 2504 1287 2569 fuerit,
1318 2504 1427 2568 dic,
1448 2519 1660 2573 quaeso,
1690 2520 1820 2558 num
1840 2518 2033 2574 pinnas

438 2597 642 2666 repetis
677 2597 747 2650 ab
775 2597 870 2651 illo
891 2596 926 2654 ?,
966 2595 1081 2667 Ego
1141 2610 1272 2650 vero
1316 2606 1527 2666 repeto,
1589 2597 1788 2666 inquit.
1823 2594 1887 2648 Et
1926 2576 2033 2650 Deo

437 2698 676 2757 gratum,
705 2697 1002 2757 sancteque
1028 2702 1149 2741 esse
1189 2686 1389 2740 factum
1424 2674 1603 2757 putas,
1649 2687 1868 2742 necne?
1901 2689 2030 2754 Qui,

441 2795 656 2851 qumso,
716 2779 976 2844 iacerem,
1034 2779 1337 2847 respondit,
1380 2780 1486 2834 nisi
1543 2779 1902 2850 intelligerem
1958 2781 2032 2836 ita

439 2875 602 2929 esse?
636 2870 983 2939 Rectissime,
1024 2871 1244 2940 inquam
1277 2890 1290 2926 :
1323 2884 1375 2926 et
1399 2873 1577 2942 ipsum
1603 2873 1824 2943 quidem
1862 2873 2032 2928 Deum

439 2967 551 3037 jam
587 2966 642 3020 in
667 2964 771 3018 hac
802 2969 911 3018 vita
961 2964 1270 3034 complures
1323 2964 1570 3020 videmus
1629 2966 1826 3035 punire
1858 2983 1923 3021 ex
1965 2967 2033 3022 iis

444 3057 537 3127 qui
576 3057 627 3110 in
661 3059 839 3126 ipsum
868 3056 1193 3117 credunt,si
1232 3057 1413 3110 minus
1443 3056 1509 3110 ad
1546 3057 1668 3126 ejus
1692 3057 2027 3112 voluntatem

441 3149 703 3204 vixerint.
733 3149 814 3202 An
844 3148 1044 3204 nonita
1103 3149 1231 3205 est?
1267 3147 1367 3206 Est
1416 3164 1566 3214 vero,
1613 3150 1814 3220 inquit.
1857 3150 2029 3216 Adeo,
2063 3183 2107 3243 ε

445 3242 698 3313 inquam,
733 3252 789 3295 ut.
843 3241 924 3295 vel
960 3243 1047 3310 pie
1074 3251 1128 3296 et
1177 3252 1366 3296 sancte
1387 3249 1437 3296 te
1485 3256 1670 3312 geras,
1718 3252 2038 3312 peccatores

447 3336 681 3406 puniens
709 3333 732 3388 ?
763 3333 856 3388 Ille
877 3371 892 3399 ,
927 3333 1083 3399 Quis,
1108 3348 1317 3404 quaeso,
1369 3335 1483 3389 haec
1529 3351 1638 3390 non
1699 3338 1801 3390 scit
1832 3336 1855 3388 ?
1883 3335 2042 3400 Quae-

447 3445 573 3484 nam
606 3437 690 3482 est
719 3427 908 3497 igitur,
962 3427 1209 3496 inquam,
1271 3435 1363 3481 tua
1426 3428 1770 3483 consuetudo
1796 3429 1816 3483 ἲ
1846 3428 2038 3485 Utrum

448 3522 496 3575 si
536 3521 628 3590 qui
659 3527 1026 3589 peccaverunt
1049 3519 1189 3574 alios
1229 3520 1442 3586 plectis,
1490 3521 1636 3575 etab
1679 3519 1802 3576 aliis
1855 3536 2044 3590 poenas

449 3629 558 3669 non
612 3611 834 3668 sumis?
890 3627 958 3666 an
1017 3627 1207 3667 omnes
1258 3612 1460 3680 injuria
1503 3613 1728 3670 aﬂ‘eetos
1779 3615 2043 3680 vindicas,

448 3713 503 3758 et
538 3705 742 3773 injuste
777 3701 1064 3771 agentibus
1103 3717 1408 3772 congruum
1452 3702 1782 3772 supplicium
1833 3701 2044 3758 infers?

449 3796 748 3864 Atjustani
775 3793 1187 3864 legitimamque
1217 3793 1284 3847 de
1309 3794 1569 3849 omnibus
1625 3794 1852 3848 omnino
1921 3810 2045 3850 sen-

451 3890 675 3942 tentiam
723 3886 868 3940 ferre
900 3894 950 3941 te
998 3902 1325 3956 semperque
1381 3883 1620 3941 laturum
1680 3901 1804 3942 esse
1863 3889 2043 3958 palam

451 3990 555 4044 est,
582 3978 692 4034 nisi
730 3978 868 4033 forte
891 3978 1106 4032 velisut
1139 3994 1500 4048 personarum
1551 3992 1804 4050 acceptor
1855 3984 1907 4037 in
1955 3985 2046 4050 jus

452 4072 663 4126 vocari.
690 4070 871 4137 Quare
913 4070 1190 4138 quomodo
1216 4070 1403 4138 justus
1433 4071 1538 4124 erit
1596 4073 1761 4136 Deus,
1790 4073 1834 4128 si
1906 4075 2046 4130 alios

453 4163 753 4230 quidemin
791 4163 891 4215 hac
932 4161 1039 4216 vita
1095 4163 1275 4231 punit,
1299 4161 1368 4216 de
1421 4163 1546 4217 aliis
1610 4178 1789 4231 neque
1852 4165 1906 4220 in
1943 4167 2049 4222 hoc

457 4269 634 4323 neque
662 4253 714 4307 in
770 4253 864 4307 illo
917 4255 1118 4308 saeculo
1171 4257 1360 4324 poenas
1427 4256 1640 4309 sumit?
1695 4259 1859 4327 idque
1920 4275 2046 4314 cum

453 4345 724 4414 aequalem
761 4352 818 4398 tu
854 4346 1039 4414 teipse
1065 4347 1320 4401 omnibus
1365 4348 1629 4403 exhibeas
1659 4365 1673 4401 ι
1733 4351 1886 4416 item,
1922 4367 2046 4406 cum

453 4443 749 4503 constet,a
791 4438 1138 4526 multisJus,
1189 4449 1245 4492 et
1310 4438 1506 4507 legem,
1549 4449 1603 4494 et
1662 4441 1777 4510 ipsa
1837 4453 2049 4497 natura:

2116 562 2321 629 λέγειν,
2371 560 2466 613 καὶ
2519 557 2724 626 ζητεῖν,
2778 554 2875 608 καὶ⁸
2931 552 3166 624 ἐρευνᾷν
3227 547 3368 620 περί
3419 560 3579 607 τινος
3632 549 3742 602 τῶν

2118 655 2268 725 αὐτῷ
2288 652 2716 724 πεπραγμένων,
2735 648 2814 720 τῷ
2841 646 3156 717 γιγνομένῳ
3179 643 3264 717 (Ι)
3290 643 3382 697 δεῖ
3403 641 3578 696 τοῦτο
3598 641 3744 714 λόγῳ

2120 749 2318 808 ποιεῖν,
2359 745 2456 798 καὶ
2503 744 2579 815 μὴ
2631 742 2961 810 περιάπτειν
3001 738 3228 809 ἐκείνῳ,
3291 727 3332 789 ἃ.
3378 735 3514 805 μηδ’
3545 735 3616 788 ἂν
3652 736 3746 789 ἀν-

2121 838 2328 908 θρώπῳ
2369 835 2592 906 χρηστῷ
2623 832 2925 905 προσῆκεν.
2955 831 3086 884 Ὅτε
3126 828 3330 882 τοίνυν
3361 825 3651 880 δέδεικται
3689 828 3749 879 τὸ

2123 929 2215 997 ὑφ’
2246 927 2403 998 ὑμῶν
2432 928 2725 998 εἰρημένον
2776 927 2844 994 τῇ
2876 922 2974 976 τοῦ
3009 922 3148 976 Θεοῦ
3182 919 3540 991 δικαιοσύνῃ
3581 919 3751 987 μαχό·

2127 1039 2312 1093 μενον,
2347 1022 2448 1074 οὐκ
2497 1019 2742 1087 εὔλογον,
2788 1014 2971 1088 οἶμαι,
3026 1017 3234 1078 εἰπεῖν,
3289 1013 3376 1076 ὡς
3426 1013 3544 1066 ἔδει
3593 1011 3753 1066 τοῦτο

2127 1116 2333 1187 πρᾶξαι
2359 1114 2452 1168 τὸν
2489 1113 2646 1178 Θεὸν,
2674 1109 2770 1166 ἅτε
2801 1113 2866 1181 δὴ
2907 1109 3316 1181 φιλάνθρωπον
3344 1106 3508 1158 ὄντα.
3532 1105 3614 1174 Τῇ
3648 1105 3754 1172 γὰρ

2127 1209 2340 1262 ἐκείνου
2371 1204 2695 1278 δικαιοσύνῃ
2729 1201 3030 1272 οὐδαμόθεν
3059 1197 3408 1254 ἀντιπίπτει
3453 1195 3520 1250 τὸ
3564 1195 3757 1264 φιλάν-

2125 1303 2350 1372 θρωπον
2385 1299 2481 1371 (2).
2533 1297 2677 1367 Ἐγὼ
2713 1297 2810 1366 μὲν
2843 1295 2937 1349 οὖν
2971 1293 3136 1365 ᾤμην
3165 1289 3500 1346 πεπεῖσθαί
3544 1306 3606 1341 σε
3638 1289 3754 1356 ἅμα

2127 1393 2206 1464 τῷ
2250 1394 2444 1462 πατρὶ,
2477 1391 2574 1445 καὶ
2605 1389 2909 1460 ἐϐουλόμην
2949 1385 3151 1457 χωρεῖν
3196 1386 3297 1436 ἐπ’
3327 1381 3519 1437 ἄλλαο
3575 1381 3672 1434 σοῦ
3711 1381 3754 1434 δ’

2131 1488 2574 1558 ἐπιπηδήσαντκ
2623 1485 2738 1547 τοῖς
2786 1483 2964 1552 ἐμοῖς,
3000 1480 3117 1534 δεῖν
3165 1476 3378 1549 ᾠήθην
3427 1475 3756 1546 προσθεῖναι

2133 1584 2249 1644 τοῖς
2281 1579 2624 1652 εἰρημένοις,
2658 1577 2755 1630 καὶ
2788 1575 2959 1650 δεῖξαι
3007 1568 3485 1643 κολασθήσεσθαι
3524 1568 3754 1636 μέλλον-

2133 1688 2234 1735 τας
2262 1671 2362 1724 καὶ
2400 1670 2530 1732 τοὺς
2567 1670 2626 1724 ἐν
2667 1670 2734 1739 τῇ
2769 1665 3041 1738 κρείττονι
3086 1663 3284 1716 πίστει
3326 1663 3440 1730 τῆς
3486 1659 3617 1713 ὁδοῦ
3665 1659 3753 1712 τοῦ

2137 1765 2307 1833 νόμου.
2339 1760 2836 1833 παρατραπέντας’
2870 1755 3104 1818 πολλοὺς
3133 1753 3197 1808 δέ
3231 1752 3267 1822 ἢ
3305 1751 3570 1822 ὀλίγους,
3601 1750 3754 1804 οὐδὲν

2134 1860 2273 1930 πρὸς
2324 1857 2386 1910 τδ
2430 1854 2768 1927 ζητούμενον
2817 1849 3094 1921 διαφέρει.
3131 1846 3359 1902 Τούτου
3413 1841 3754 1915 γὰρ.οἷμαι,

2133 1952 2468 2024 δειχθέντος,
2498 1949 2730 2021 μάταιος
2760 1947 2796 2019 ἡ
2822 1947 2934 2000 τῶν
2959 1941 3168 2014 τριχῶν
3213 1939 3404 2012 ἀρετὴ
3432 1939 3532 1994 τοῦ
3561 1955 3751 2010 σεμνο-

2134 2045 2299 2099 τάτου
2330 2039 2602 2112 Μωάμεθ.

2209 2222 2306 2288 ις’.
2334 2222 2504 2293 Σοφδς
2552 2215 2605 2274 εἴ
2638 2220 2736 2287 σὺ,
2769 2219 2866 2274 καὶ
2928 2218 3037 2272 τῶν
3083 2217 3178 2271 ἐπὶ
3225 2217 3293 2271 τὸ
3343 2216 3605 2280 δικάζειν
3667 2231 3751 2267 σε·

2143 2316 2500 2386 μνυνομένων
2541 2313 2718 2368 οὐδενί
2764 2329 2870 2366 που
2915 2311 3026 2365 τῶν
3059 2311 3367 2382 πρωτείων
3403 2309 3545 2371 ἴσως
3579 2324 3748 2375 παρα-

2136 2408 2330 2480 χωρῶν
2351 2424 2366 2440 ·
2397 2406 2559 2461 τοῦτο
2592 2405 2748 2477 παρὰ
2795 2405 2890 2458 τοῦ
2936 2404 3143 2474 πατρὸς
3202 2403 3579 2471 ἀκηκόαμεν.
3606 2402 3748 2468 Λαμ-

2138 2503 2321 2566 6άνεις
2353 2498 2447 2555 οὖν
2476 2501 2656 2569 δίκην,
2680 2500 2747 2570 ἢν
2771 2499 3106 2570 ἁμαρτάνων
3155 2515 3243 2560 τις
3290 2495 3577 2567 ἐλεγχθῇς
3609 2495 3746 2548 Πάνυ

2136 2605 2223 2665 γε.
2253 2595 2406 2666 φησί.
2449 2595 2564 2648 Καὶ
2608 2591 2856 2662 θεοφιλὲς
2890 2587 3034 2644 εἶναι
3077 2590 3339 2656 νομίζεις
3386 2590 3488 2643 καὶ
3524 2585 3744 2654 ὅσιον,ἢ

2135 2687 2229 2753 οὓς
2283 2687 2408 2751 Πῶς
2459 2687 2571 2756 γὰρ
2621 2685 2689 2740 ἂν
2727 2684 2875 2738 τουτὶ
2924 2682 3350 2753 κατέπραττον,
3385 2681 3523 2752 ἔφη.
3575 2681 3623 2734 εί
3675 2676 3743 2748 μὴ

2135 2779 2381 2834 τοιοῦτον
2407 2777 2712 2846 ἐγίνωσκον
2738 2794 2753 2844 ;
2792 2774 2999 2845 Ὀρθῶς
3025 2775 3234 2842 λέγεις,
3272 2769 3439 2828 εἷπον
3465 2790 3480 2805 ·
3520 2773 3616 2827 καὶ
3643 2771 3744 2839 γὰρ

2137 2874 2234 2928 καὶ
2263 2875 2290 2926 ὁ
2322 2872 2455 2935 Θεὸς
2490 2871 2654 2933 αὐτὸς
2690 2869 2923 2933 πολλοὺς
2975 2868 3222 2922 ἐνταῦθα
3275 2869 3546 2938 φαίνεται
3582 2883 3742 2932 τιμω-

2139 2965 2408 3037 ρούμενος
2452 2964 2562 3018 τῶν
2598 2965 2679 3021 είς
2727 2963 2895 3016 αὑτὸν
2937 2961 3343 3027 πιστευόντων,
3391 2961 3470 3031 μὴ
3511 2959 3651 3013 κατὰ
3688 2956 3743 3007 τὸ

2138 3058 2288 3130 αὐτῷ
2318 3056 2510 3112 δοκοῦν
2547 3055 3071 3126 πεπολιτευμένους.
3098 3055 3168 3108 Ἢ
3207 3056 3315 3124 οὔχ
3355 3053 3576 3118 οὓτωςς
3611 3048 3740 3103 Ἀλλ’

2140 3151 2495 3220 οὖτως,ἐνη.
2534 3150 2686 3204 ”Ωσθ’
2733 3149 2881 3203 ὅσιόν
2934 3166 2990 3202 τι
3044 3147 3344 3219 πράττεις,
3406 3145 3566 3202 εἶπον
3618 3143 3738 3211 ἐγὼ,

2141 3243 2561 3316 τιμωρούμενος
2606 3245 2735 3299 τοὺς
2779 3241 3313 3311 ὲξαμαρτάνονταςς
3361 3243 3463 3304 Τίς
3510 3241 3610 3293 οὐκ
3641 3236 3738 3290 οἶδε

2142 3336 2344 3401 mina;
2377 3335 2531 3404 φησί.
2568 3334 2632 3386 Τί
2659 3333 2736 3397 δὲ,
2765 3333 2925 3405 ἔφην,
2946 3335 3212 3405 πράττων
3243 3331 3560 3398 διατελεῖςς
3589 3332 3740 3391 ἐνίοις

2145 3431 2248 3502 μὲν
2299 3429 2570 3500 ἐπεξέρχῃ
2622 3427 2733 3481 τῶν
2796 3428 3150 3493 ἀδικούντων,
3209 3430 3373 3500 παρὰ
3430 3428 3490 3481 δὲ
3539 3425 3646 3479 τῶν
3684 3423 3736 3475 οὐ

2144 3523 2444 3593 λαμϐάνεις
2505 3523 2692 3593 δίκην;
2739 3521 2770 3590 ἢ
2825 3525 2964 3582 τοῖς·
2997 3523 3097 3591 μὲν
3153 3522 3525 3593 ἠδικημένοις
3584 3518 3740 3571 πᾶσιν

2146 3617 2397 3689 ἀμύνεις,
2422 3620 2535 3682 τοῖς
2569 3617 2623 3669 δὲ
2660 3617 2846 3688 ἀδικίᾳ
2889 3616 3097 3680 συζῶσι
3127 3617 3484 3687 κατάλληλον
3520 3612 3740 3678 ἐπάγεις

2147 3711 2209 3763 τὸ
2249 3711 2509 3781 τίμημα;
2543 3711 2712 3778 Δῆλον
2764 3710 2844 3762 ὃτι
2894 3710 3060 3762 πᾶσιν
3089 3709 3222 3779 ἑξῆς
3261 3709 3366 3779 τὴν
3418 3704 3739 3776 γιγνομένην

2147 3803 2327 3873 ψῆφον
2378 3803 2653 3873 ἐκφέρεις,
2685 3803 2781 3856 καὶ
2829 3801 3063 3866 ἐξοίσεις
3107 3817 3169 3867 γε
3223 3803 3342 3866 ἀεὶ,
3381 3801 3500 3868 εἴγε
3533 3796 3739 3870 μέλλεις

2152 3896 2416 3967 μηδαμῶς
2446 3894 2923 3966 προσωπολήπτου
2966 3893 3187 3963 γραφὴν
3229 3895 3591 3948 ἀποίσεσθαι.
3626 3885 3738 3944 Πῶς

2149 3985 2242 4039 οὖν
2282 3987 2491 4050 δίκαιος
2545 3989 2572 4038 ό
2621 3985 2776 4050 Θεὸς,
2821 3985 2870 4037 εἰ
2918 3985 3043 4047 τοὺς
3099 3983 3195 4052 μὲν
3253 3983 3454 4037 ἐνθάδε
3504 3978 3736 4041 κολάζει,

2153 4080 2308 4146 παρὰ
2337 4078 2389 4130 δε
2419 4079 2527 4131 τῶν
2559 4077 2682 4146 μήτ’
2711 4075 2948 4130 ἐνταῦθα
2978 4076 3108 4147 μήτ’
3142 4079 3261 4130 ἐκεῖ
3286 4056 3448 4145 δίκην
3481 4073 3736 4143 λήψεταις

2152 4171 2247 4224 καὶ
2273 4169 2465 4232 ταῦτα,
2497 4170 2589 4222 σοῦ
2619 4186 2682 4236 γε
2716 4168 2912 4222 σαυτὸν
2949 4169 3288 4239 παρέχοντος
3325 4169 3538 4224 ἅπασιν
3590 4164 3698 4216 ἴσον
3723 4172 3735 4186 '

2151 4255 2298 4331 ἦπου
2328 4277 2389 4327 γε
2425 4259 2655 4321 πολλοὺς
2703 4261 2862 4330 ῐσμεν
2893 4258 2985 4311 ἐπὶ
3030 4258 3293 4333 τοσοῦτον
3343 4253 3734 4324 ὀλιγωροῦντας

2152 4352 2248 4404 τοῦ
2295 4353 2526 4417 δικαίου,
2575 4351 2671 4404 καὶ
2725 4352 2819 4404 τοῦ
2865 4352 3054 4421 νόμου,
3082 4351 3178 4404 καὶ
3219 4351 3332 4404 τῶν
3379 4345 3601 4416 θεσμῶν
3644 4340 3734 4408 τῆς

2157 4443 2398 4512 φύσεως.
2456 4442 2531 4505 ὡς
2583 4443 2674 4497 διὰ
2730 4442 3049 4507 πλεονεξίαν
3113 4442 3319 4512 πολλὴν
3387 4437 3592 4493 Μυσῶν
3644 4431 3734 4500 μὲν

456 4536 727 4598 ιιΓιΕεΘρῑὸ
757 4530 890 4582 adeo
916 4521 1215 4594 contemni,
1258 4539 1317 4585 ut
1348 4533 1420 4585 oh
1447 4532 1724 4586 ardentem
1756 4533 2034 4590 avaritiam

2153 4535 2305 4588 λείαν
2359 4533 2435 4606 (5)
2489 4537 2556 4588 τὰ
2622 4538 2998 4607 προστυχόντα
3054 4538 3354 4600 ποιεῖσθαι,
3423 4531 3627 4603 θηρίων
3683 4521 3732 4574 δὲ

455 4620 615 4674 obvia
651 4635 891 4704 quaeque
934 4621 1157 4691 impune
1188 4623 1468 4693 diripiant,
1497 4623 1842 4696 ierinamque
1886 4629 2043 4696 quasi

458 4722 681 4784 propter
717 4729 874 4768 suam
897 4730 1025 4785 erga
1060 4717 1358 4770 humanum
1393 4731 1564 4786 genus
1588 4716 2044 4775 inhumanitath

460 4807 623 4859 vitam
667 4805 872 4870 vivant,
907 4817 1074 4876 utque
1116 4808 1182 4860 ad
1210 4819 1550 4863 monstrosas
1593 4825 1767 4878 usque
1793 4812 2047 4868 libidines

459 4913 652 4950 eorum
703 4898 910 4950 malitia
966 4897 1316 4962 extendatur,
1366 4899 1627 4969 quoniam
1677 4899 2048 4971 voluptatibus

459 4991 848 5055 omnino_sunt
910 4989 1076 5044 dediti
1137 4999 1191 5044 et
1235 4991 1401 5044 veluti
1459 4991 1642 5046 aliixi:
1704 4997 1796 5066 qui
1865 5008 2046 5052 tamen

461 5083 640 5136 nullas
667 5091 832 5136 tanta:
869 5081 1245 5152 perversitatis
1278 5096 1468 5151 ρωπος
1501 5084 1773 5142 dederint.
1812 5089 1876 5142 Et
1903 5089 2046 5159 quod

461 5179 551 5232 hic
574 5188 736 5248 caput
763 5188 866 5240 est,
899 5177 972 5230 illi
1015 5177 1114 5245 ipsi
1155 5177 1404 5231 homines
1451 5180 1503 5231 in
1537 5178 1712 5236 beatis
1754 5181 1912 5250 vulgo
1955 5181 2054 5234 ha-

460 5269 582 5335 biti,
613 5282 854 5324 extrema
880 5267 1164 5324 seneCtute
1191 5270 1242 5322 in
1291 5285 1423 5338 pace
1462 5287 1786 5342 summoque
1841 5275 2052 5328 honore

459 5373 570 5416 v.ta
605 5371 983 5428 excesserunt,
1033 5361 1354 5432 alienasque
1402 5377 1600 5433 Operas
1655 5382 1899 5437 opesque
1936 5366 2052 5422 suis

533 5545 610 5614 (l)
652 5539 710 5614 l._
746 5558 798 5596 e.
852 5545 1027 5610 justa,
1060 5551 1228 5606 recta,
1299 5544 1650 5602 convenienti.
1695 5546 1792 5602 Est
1837 5548 2043 5602 locutio

460 5612 655 5671 ποειιο
689 5612 1000 5677 familiaris.
1028 5615 1168 5668 sicut
1199 5615 1313 5678 illa,
1354 5617 1472 5678 πῶς
1529 5616 1653 5684 οἴει,
1705 5628 1759 5673 et
1817 5620 2042 5674 verbum

461 5685 809 5782 αποραίνεινὶ
843 5684 965 5739 Vid.
995 5685 1159 5754 paulo
1193 5695 1315 5754 post
1346 5685 1444 5742 lin.
1478 5688 1570 5754 56,
1605 5691 1706 5760 τὴν
1746 5690 2049 5762 γινομένην

461 5771 641 5820 gr,ch
673 5769 736 5806 εκ
753 5773 949 5820 ρερεις.

459 5772 641 5826 quem
673 5772 736 5806 εκ
753 5772 949 5826 ρερεις.

539 5825 612 5896 (‘2)
647 5825 806 5882 Cotti.
841 5827 981 5882 inira
1023 5826 1128 5881 col.
1170 5825 1262 5882 ΠΙ
1307 5827 1370 5882 Α.

2159 4625 2272 4697 βίον
2310 4627 2407 4698 ζῇν
2447 4631 2511 4700 τῇ
2551 4629 2688 4698 πρὸς
2714 4627 2777 4681 τὸ
2812 4630 2970 4696 γένος
3003 4629 3396 4702 ἀπανθρωπίᾳ,
3435 4621 3732 4682 ἐπεκτείνε-

2155 4717 2282 4772 σθαι
2329 4719 2404 4788 (4)
2459 4719 2515 4774 δέ
2563 4736 2680 4780 πως
2724 4719 2940 4782 τούτοις
2988 4721 3058 4773 τὸ.
3092 4721 3194 4788 τῆς
3243 4719 3446 4780 κακίας
3489 4715 3616 4783 ἄχρι
3651 4705 3732 4760 κλὶ

2154 4810 2262 4863 τῶν
2291 4812 2600 4864 ἀλλοκότων
2631 4812 3055 4882 ἀσελγημὰτων,
3091 4812 3169 4883 τῷ
3199 4815 3319 4875 ταῖς
3351 4808 3568 4883 ἡδοναῖς
3601 4814 3727 4852 παν·

2152 4909 2359 4959 τὰπασι
2389 4903 2801 4975 προσηλῶσθαι,
2832 4905 2924 4957 καὶ
2952 4905 3228 4974 μηδεμίαν
3250 4901 3555 4958 δεδωκότας
3585 4894 3728 4958 δίκην

2121 5001 2256 5078 ,τῆς
2307 4998 2646 5069 τηλικαύτης
2698 5001 3090 5072 παρατροπῆς,
3131 4999 3245 5053 Καὶ
3289 4998 3350 5052 τδ
3404 4984 3728 5078 ὑπερϐάλλον

2153 5089 2419 5156 ἐνταῦθα,
2444 5091 2526 5143 ὅτι
2555 5091 2650 5144 καὶ
2692 5091 3132 5160 μακαριζόμενα
3169 5090 3322 5160 παρὰ
3356 5086 3468 5140 τῶν
3504 5073 3725 5133 πολλῶν,

2155 5186 2214 5237 ἐν
2240 5184 2389 5254 γήρᾳ
2422 5201 2482 5236 τε
2514 5185 2659 5238 πάνυ
2691 5183 2867 5254 βαθεῖ,
2905 5187 2999 5237 καὶ
3034 5185 3094 5236 ἐν
3126 5185 3342 5255 εἰρήνῃ,
3382 5179 3472 5232 καὶ
3503 5177 3560 5226 ἐν
3603 5161 3723 5255 τιμῇ

2157 5275 2250 5328 τοῦ
2286 5277 2414 5347 τῇδε
2461 5277 2578 5348 βίου
2637 5279 3004 5350 μετέστησαν,
3047 5254 3242 5338 πόνους
3278 5268 3590 5342 ἀλλοτρίους
3642 5254 3727 5350 “fi

2156 5367 2470 5439 (θησαυροὺς
2517 5373 2630 5432 τοῖς
2664 5369 2876 5422 ἑαυτῶν
2925 5369 3323 5433 καταλιπόντες
3367 5360 3522 5418 παισί
3549 5373 3564 5390 ο
3612 5346 3722 5404 τού·

2227 5549 2305 5620 (5)
2337 5547 2509 5604 Codd.
2549 5550 2712 5604 ambo
2771 5548 2913 5605 λίαν.
2946 5548 3081 5603 Cod.
3139 5548 3364 5620 Coislin.
3401 5530 3720 5620 μισεῖνῃξξξξ

2158 5612 2302 5683 λίαν,
2343 5633 2399 5672 ιιι
2427 5623 2499 5674 sit
2530 5635 2764 5675 sensus:
2800 5630 2858 5673 ut
2904 5621 3146 5689 vulgares
3187 5619 3369 5690 culpas
3403 5612 3717 5668 iconuniuere

2164 5691 2394 5743 oderint.

2255 5763 2333 5831 (at)
2371 5760 2509 5817 Cod.
2542 5761 2712 5817 Coisl.
2735 5761 3185 5817 ἀπεκτείνεσθαι.
