3950 6434
182 335 279 402 169

180 477 296 518 τους
330 473 397 523 γε
452 451 673 524 βιαίους
727 447 886 510 δντας
926 447 1027 496 ὸῠκ
1076 447 1444 510 εὐαρίθμητοι
1484 448 1633 533 cives.

180 552 266 605 ὕπ’
302 545 486 603 αὐτῶν
527 541 880 613 ἠδικημένων
922 534 992 589 τά
1041 532 1278 600 μέγιστα
1328 539 1770 596 προσκυνουντες

180 644 510 701 διετέλεσαν,
543 635 721 702 λύτρα
756 648 817 686 τε
847 624 1007 699 οἶμαι
1035 625 1136 679 καὶ
1167 628 1392 693 σῶστρα
1420 621 1517 686 τῆς
1555 615 1771 670 ἑαυτῶν

182 732 497 802 ἐλευθερίας
524 742 585 783 τε
617 725 714 781 καὶ
757 722 900 791 ζωῆς
928 718 1122 788 ὥσπερ
1163 712 1626 781 ἀντεισφέροντας
1669 709 1770 776 τὴν

182 826 346 896 τιμήν
372 839 388 855 ο
418 822 601 876 καίτοι
645 814 879 878 πολλοὺς
934 810 1002 865 ἂν
1052 810 1237 879 εὕροις
1287 807 1385 859 καὶ
1429 802 1539 896 τῶν
1573 802 1772 896 biitqu

188 892 364 989 μένων
401 912 557 985 παρὰ
611 909 913 975 κακίστων,
946 900 1277 962 σπουδαίους
1323 915 1386 953 τε
1434 895 1633 967 ἄνδρας
1675 892 1774 946 καὶ

183 1010 446 1078 ἀγαθοὺς,
482 1007 579 1061 καὶ
611 1000 887 1070 ἐπιεικείᾳ
918 997 1088 1067 πολλῇ
1118 992 1494 1063 συζήσαντας.

251 1100 337 1166 ιζ’.
382 1101 515 1153 Ὅτε
565 1095 748 1153 τοίνυν
783 1092 938 1146 ταῦθ’
995 1089 1173 1151 οὕτως
1220 1088 1359 1157 ἔχει,
1406 1085 1503 1138 καὶ
1556 1082 1620 1135 σὺ
1675 1082 1774 1151 μὲν

185 1197 351 1248 πᾶσιν
371 1192 676 1259 ἀπονέμεις
707 1186 777 1240 τά
799 1186 1010 1249 δίκαια,
1033 1182 1168 1243 Θεὸς
1195 1181 1242 1233 δ’
1271 1181 1335 1232 οὐ
1378 1176 1545 1231 τοῦτο
1581 1175 1773 1244 φαῖνε-

184 1304 268 1340 ται
295 1286 360 1337 τὸ
391 1285 636 1353 τήμερον
666 1279 946 1349 πράττων,
972 1278 1022 1329 εί
1052 1274 1163 1328 οὐδ’
1203 1274 1322 1325 ἐκεῖ
1371 1271 1531 1338 δίκην
1561 1269 1775 1321 τίσειαν

184 1381 231 1433 οί
254 1380 349 1431 τὸν
377 1377 513 1430 Θεὸν
536 1374 906 1443 ἀτιμάσαντες
936 1372 1004 1440 τῇ
1034 1367 1351 1439 παραϐάσει
1379 1365 1488 1416 τῶν
1515 1361 1771 1425 ἐντολῶν,

184 1470 245 1526 σύ
271 1487 341 1539 γε
370 1467 510 1521 Θεοῦ
553 1464 918 1535 δικαιότερος.
961 1462 1127 1532 Ὁρᾷς
1171 1460 1272 1528 τῆς
1312 1457 1546 1520 ἀτοπίας
1581 1456 1643 1509 τὸ
1673 1455 1773 1525 μέ-

146 1562 367 1630 κγεθος,
385 1562 487 1615 καὶ
511 1553 569 1612 οἷ
598 1558 673 1629 (ι)
708 1556 897 1610 κακῶν
932 1572 1027 1608 σου
1062 1551 1278 1625 προῦϐη
1309 1552 1369 1605 τὸ
1406 1551 1622 1620 δόγμας
1660 1548 1775 1618 Τὴν

184 1659 239 1711 δὲ
268 1655 463 1710 αἰτίαν
511 1653 564 1706 εἰ
603 1653 779 1714 θέλεις
828 1649 1043 1719 μαθεῖν⁴
1076 1648 1180 1718 ήδη
1222 1647 1479 1717 πάρεστι.
1517 1643 1642 1696 Τισὶ
1672 1641 1773 1713 μὲν

185 1754 293 1823 γὰρ
340 1750 739 1821 ἁμαρτήμασιν
768 1741 1329 1810 ἐνθάδ’ὲπάγεταιτὰ
1356 1738 1527 1797 δεινὰ,
1573 1735 1658 1788 ἵνα
1699 1733 1776 1804 μὴ

180 1850 242 1917 τῇ
290 1843 520 1899 κολάσει
573 1838 954 1906 διαπιστῶμεν
979 1851 993 1865 ·
1029 1831 1306 1902 ὃπου-γάρ
1359 1832 1453 1883 καὶ
1495 1827 1592 1899 νῦν
1633 1828 1775 1879 εἰσιν

180 1944 228 1995 οἱ
263 1940 343 2011 μὴ
375 1935 662 1991 πιστεύειν
693 1932 1038 2003 βουλόμενοι,
1068 1928 1117 1980 εί
1150 1926 1343 1997 μηδεὶς
1387 1924 1562 1977 ἐδίδου
1590 1922 1772 2011 ,δίκην

181 2025 439 2094 ἐνταῦθα,
474 2030 559 2093 τίς
586 2029 653 2083 ἂν
679 2026 941 2081 ἐπίστευε
974 2020 1171 2076 δώσειν
1213 2017 1641 2088 ἐξαμαρτήσας,
1676 2016 1774 2067 καὶ

187 2128 362 2189 ἀλλοις
408 2121 457 2176 δ’
506 2123 585 2184 είς
634 2119 696 2172 τὸ
752 2115 950 2186 μέλλον
1006 2112 1167 2166 ταυτὶ
1218 2107 1618 2179 ταμιεύεσθαι;
1664 2106 1776 2161 Καὶ

195 2217 343 2272 τοῦτο
390 2215 601 2276 πάντες
649 2208 1026 2265 πιστεύουσιν.
1076 2205 1173 2257 Ἐκ
1203 2203 1314 2273 γὰρ
1352 2202 1416 2270 δὴ
1448 2200 1543 2253 τοῦ
1586 2216 1777 2269 φαινοι

206 2310 353 2376 μένου
380 2306 481 2360 καὶ
509 2302 750 2372 nem;
774 2301 876 2352 οὐκ
903 2296 1233 2368 ἀμφίϐολον.
1266 2294 1466 2347 Ἔσται
1494 2291 1605 2362 ἄρα
1653 2292 1776 2363 κρί-

198 2420 276 2463 σις
310 2402 406 2454 καὶ
451 2400 670 2460 ἔκτισις
723 2392 1013 2463 ἁμαρτιῶν
1063 2388 1467 2458 ἀπαραίτητος,
1515 2384 1775 2455 καθάπερ

185 2494 247 2566 δὴ
274 2495 372 2548 καὶ
391 2490 622 2561 ἀμοιϐαὶ
649 2490 763 2551 τοῖς
785 2485 1016 2553 ἀγαθοῖς
1046 2481 1189 2553 μετὰ
1221 2482 1323 2550 τὴν
1358 2478 1571 2532 ἐνθένδε
1602 2477 1770 2549 ζωήν.

198 2588 337 2641 Ἀλλ’
375 2585 497 2652 ἐρεῖ
527 2599 611 2645 τις
641 2582 773 2641 ἴσως
804 2576 989 2648 ὑμῶν,
1017 2575 1092 2638 ὡς
1125 2576 1192 2652 ἂν
1233 2573 1335 2643 μὲν
1361 2573 1409 2627 oi
1440 2570 1636 2640 φαῦλοι
1670 2587 1776 2624 και

185 2681 319 2745 κῶν,
350 2647 491 2732 οῖ’δὲ
538 2673 819 2728 σπουδαῖοι
870 2669 1126 2743 χρηστῶν
1160 2647 1554 2729 ἶπολαύσωσι,
1589 2663 1650 2717 τὸ
1675 2665 1777 2734 μὲν

186 2772 397 2823 δίκαιον
439 2765 537 2822 τοῦ
594 2758 784 2834 κριτοῦ
842 2761 1116 2832 φανερὸν.
1168 2760 1231 2812 τὸ
1283 2758 1340 2811 δὲ
1382 2756 1778 2829 φιλάνθρωπον

188 2863 323 2926 ποῦς
356 2862 469 2914 Καὶ
496 2861 531 2929 ἡ
560 2860 834 2926 ἐρώτησις
862 2855 1003 2927 αὕτη
1038 2855 1141 2908 οὐκ
1184 2854 1288 2918 ἔξω
1316 2851 1477 2929 λόγου
1513 2852 1611 2907 τοῦ
1640 2850 1778 2923 πρέ-

191 2972 409 3015 ποντος.
443 2928 537 3005 Δεῖ
563 2952 674 3020 γὰρ
719 2948 886 3003 αὐτὸν
929 2947 1186 3018 ἐνεργείᾳ
1228 2928 1372 2999 εἶναι
1413 2947 1555 3015 ὅπερ
1600 2946 1774 3008 ἐστὶν,

191 3042 751 3112 αὖτοδικαιοσύνηλτε
798 3039 896 3094 καὶ
948 3037 1394 3107 αὖτοαγαθὸτης·
1432 3037 1554 3090 ἐπεὶ
1599 3035 1656 3090 δὲ
1696 3035 1780 3091 δεῖ

1189 314 1580 381 DIALOGUS
1618 313 1676 373 il
1711 310 1871 370 CUM
1900 303 2459 368 ΜΟΠΛΜΕΤΛΝΟ.

926 442 1027 496 οὐκ
1076 436 1444 510 εὐαρίθμητοι
1484 448 1630 495 τινες
1666 429 1773 485 τῶν

1886 423 2070 477 liberis
2103 422 2447 491 reliquerunt
2480 435 2494 472 :
2539 416 2749 485 hosque
2776 415 3050 470 violentos
3079 429 3190 469 non
3218 416 3378 482 pauci
3404 414 3473 469 de

3364 289 3470 358 ιτο

1878 518 1962 582 iis,
1993 530 2132 587 quos
2179 514 2438 569 maximis
2490 510 2708 578 injuriis
2763 508 3080 573 aﬂecerant,
3131 506 3474 579 perolhcidse

1875 623 2100 680 semper
2131 607 2447 670 coluerunt,
2491 606 2634 659 hunc
2660 602 2726 654 iis
2752 601 3045 661 honorem,
3091 600 3312 669 opinor.
3345 614 3478 653 con-

1876 711 2113 757 servatae
2135 700 2295 770 quasi
2323 698 2598 754 libertatis
2624 710 2679 751 et
2702 696 2827 750 vitae
2852 694 3138 765 praemium
3172 692 3474 763 rependen-

1876 807 1998 863 tcs;
2039 797 2191 867 atqui
2225 796 2428 849 multos
2458 809 2522 848 ex
2557 791 2685 851 illis.
2720 790 2919 858 quibus
2943 803 2972 842 a
3004 788 3257 859 pessimis
3299 786 3475 840 homi-

1884 873 2051 946 nibu‘s
2085 890 2249 947 illatae
2279 887 2495 959 injuria:
2517 896 2665 951 sunt,
2697 885 2960 939 honestos
2985 882 3298 966 probosque
3328 879 3479 958 viros

1877 998 2186 1053 magnaque
2215 982 2589 1051 aequabilitate
2617 979 2819 1034 vixisse
2856 975 3120 1045 reperias.
3176 988 3179 991 ‘
3459 1032 3467 1042 .

1949 1079 2037 1132 l7.
2066 1076 2200 1143 Quae
2226 1092 2353 1132 cum
2389 1077 2461 1130 ita
2492 1075 2625 1140 sint,
2659 1072 2924 1143 quoniam
2972 1080 3025 1124 ιιι
3053 1069 3272 1139 quidem
3314 1066 3477 1135 justi-

1879 1169 2010 1225 tiam
2043 1170 2289 1238 aliquam
2321 1167 2581 1223 omnibus
2621 1166 2841 1232 tribuis,
2876 1165 3018 1219 Deus
3050 1174 3237 1216 autem
3278 1175 3482 1215 secun-

1876 1259 2007 1314 dutn
2032 1275 2094 1314 ca
2117 1275 2241 1330 qua:
2271 1260 2431 1314 hodie
2472 1258 2616 1337 .ﬁunt
2646 1273 2834 1329 parum
2863 1255 3016 1327 juste
3058 1271 3223 1326 agere
3241 1255 3478 1318 videtur,

1877 1355 1922 1409 si
1958 1368 2136 1423 neque
2165 1353 2221 1407 in
2277 1352 2462 1407 futura
2523 1354 2633 1405 vita
2694 1365 2888 1421 pcenas
2945 1349 3136 1414 luunt,
3188 1347 3281 1419 qui
3353 1364 3476 1401 eun-

1878 1457 2280 1517 pra‘ceptorum
2305 1462 2533 1503 suorum
2574 1446 2871 1501 violatione
2908 1444 3188 1514 aspernati
3233 1453 3383 1507 sunt,
3416 1451 3475 1497 tn

1881 1539 2130 1609 profecto
2169 1555 2230 1596 es
2259 1539 2370 1594 Deo
2386 1538 2613 1608 justior.
2652 1537 2816 1592 Vides
2848 1553 2995 1591 nunc
3046 1546 3251 1605 quanta
3302 1549 3367 1588 ex
3394 1534 3480 1586 his

1879 1641 2143 1700 sequatur
2193 1633 2625 1695 abSttrditas,.et
2676 1646 2918 1700 quonam
2977 1629 3106 1683 mali
3150 1628 3482 1697 processerit

1879 1726 2067 1795 opinio
2098 1725 2430 1795 tua_?Cujus
2468 1726 2543 1778 rei
2597 1737 2821 1779 causam
2884 1722 3098 1777 discere
3125 1721 3172 1776 si
3230 1719 3389 1784 velis,
3424 1717 3476 1771 iu

1881 1829 2133 1890 promptu
2168 1829 2271 1874 est.
2295 1818 2634 1886 Quibusdam
2685 1817 2924 1886 peccatis
2961 1817 3071 1890 jam
3100 1814 3154 1868 in
3211 1813 3313 1866 hac
3370 1813 3477 1864 vita

1880 1912 2427 1983 pmnaeinﬂiguntur,
2482 1927 2677 1980 nempe
2703 1926 2774 1965 ne
2826 1888 3055 1964 omnino
3079 1909 3146 1963 de
3199 1907 3481 1977 punitione

1878 2007 2223 2061 diiildamus:
2257 2021 2381 2061 cum
2408 2005 2557 2060 enim
2583 2005 2664 2059 vel
2722 2020 2870 2059 nunc
2899 2004 3028 2066 sint,
3079 2003 3172 2073 qui
3224 2003 3357 2058 illud
3416 2006 3483 2054 de

1879 2099 2065 2167 futura
2101 2099 2336 2153 vindicta
2368 2099 2593 2154 credere
2628 2099 2826 2162 nolint,
2854 2098 2899 2152 si
2956 2112 3118 2151 nemo
3175 2097 3317 2151 ullas
3379 2096 3484 2147 hoc.

1878 2195 1932 2247 in
1962 2193 2166 2247 saeculo
2196 2192 2391 2255 lueret,
2422 2194 2569 2260 quis,
2592 2192 2846 2258 obsecro,
2871 2200 2927 2246 et
2958 2206 3017 2246 se
3052 2190 3334 2246 commissi
3356 2206 3482 2260 per-

1876 2285 2204 2354 catipaanas
2234 2300 2357 2340 esse
2411 2287 2693 2349 daturum,
2727 2292 2780 2338 ct
2814 2284 2936 2339 aliis
2986 2298 3082 2340 eas
3128 2284 3181 2336 in
3234 2283 3479 2338 futurum
3574 2296 3583 2302 '

1879 2385 2100 2448 tempus
2128 2377 2399 2435 reservari
2428 2378 2678 2431 crederet
2705 2376 2728 2430 ?
2760 2374 2881 2430 Jatu
2915 2391 3045 2429 vero
3094 2375 3223 2449 illud
3284 2390 3481 2429 omnes

1875 2466 1995 2531 fere
2041 2471 2291 2526 credunt.
2339 2467 2477 2523 Nam
2533 2468 2733 2523 intuitu
2760 2469 3078 2538 apparentis
3100 2470 3177 2523 rei
3208 2468 3482 2525 dubitatio

1877 2570 2094 2625 tollitur
2116 2567 2182 2622 de
2219 2580 2277 2619 re
2302 2579 2410 2618 non
2442 2571 2763 2632 apparente.
2815 2563 2931 2617 Erit
2977 2562 3144 2633 igitur
3179 2563 3481 2632 judicium,

1880 2665 2158 2734 nullisque
2205 2660 2463 2731 precibus
2513 2658 2854 2726 deprecanda
2912 2659 3178 2713 malorum
3244 2659 3482 2728 punitio,

1879 2764 2007 2818 item
2039 2769 2094 2810 ut
2123 2756 2313 2826 probis
2346 2754 2744 2816 remuneratio,
2776 2760 2899 2822 post
2929 2753 3069 2807 hanc
3116 2753 3302 2806 vitam.
3331 2752 3482 2806 Dicet
3510 2776 3519 2787 ι

1882 2848 2023 2907 forte
2048 2851 2251 2921 aliquis
2282 2852 2526 2906 veStrum
2550 2864 2569 2904 .'
2593 2848 2661 2903 At
2688 2848 2733 2902 si
2768 2846 3023 2903 scelerati
3056 2849 3217 2903 malis
3240 2847 3481 2902 aﬂicien-

1880 2956 1993 3008 tur,
2017 2944 2149 3001 boni
2199 2944 2382 3012 bonis,
2414 2943 2629 3012 justitia
2679 2942 2902 3012 quidem
2944 2940 3147 3010 judicis
3187 2941 3366 3010 palam
3400 2943 3483 3007 iit,

1880 3036 2173 3093 clementia
2204 3044 2388 3090 autem
2418 3034 2540 3102 ejus
2566 3048 2696 3105 erga
2734 3034 2986 3088 homines
3004 3034 3094 3087 ubi
3157 3033 3484 3103 apparebit?
3586 3070 3587 3073 η

191 3137 313 3189 κατ’
338 3138 510 3205 ἄμφω
559 3133 650 3186 τὸν
691 3129 826 3185 Θεὸν
872 3130 1100 3198 ἐνεργὸν
1157 3123 1323 3193 εἶναι,
1355 3125 1603 3197 ἐξεῦρεν,
1630 3127 1779 3190 ὅπως

1887 3129 1997 3185 Nec
2030 3146 2061 3185 a
2087 3130 2300 3185 ratione
2331 3130 2510 3183 aliena
2548 3137 2632 3182 est
2675 3127 2792 3184 haec
2842 3127 3222 3195 interrogatio.
3254 3126 3484 3195 Oportet

189 3231 250 3282 τὸ
275 3228 666 3300 φιλάνθρωπον
697 3223 885 3290 δείξας
934 3225 1031 3278 καὶ
1062 3223 1128 3275 τδ
1166 3221 1385 3275 δίκαιον
1419 3219 1779 3285 ἐπιδείξεται.

194 3320 287 3381 Et;
324 3320 426 3390 μὲν
456 3314 552 3371 οὖν
576 3316 727 3369 τόνδε
755 3314 848 3367 τὸν
883 3313 1090 3384 κόσμον
1123 3311 1376 3381 ἀφθόνως
1407 3328 1465 3364 τε
1500 3310 1597 3363 καὶ
1625 3309 1784 3381 δαψι-

190 3410 301 3472 λῶς
325 3411 423 3481 τὴν
452 3410 690 3482 ἇρῤητον
738 3406 824 3459 ῦει
872 3402 1292 3475 φιλανθρωπίαν
1343 3406 1515 3457 πᾶσιν
1566 3404 1781 3468 ἁπλῶς,

192 3503 265 3565 ὡς
294 3504 503 3569 ἔξεστιν
533 3504 596 3555 ἔκ
622 3500 731 3553 τῶν
762 3498 1113 3570 πραγμάτων
1155 3495 1322 3549 αὐτοῦ
1369 3498 1597 3550 σκοπεῖν
1621 3512 1639 3529 ο
1682 3496 1782 3567 τὴν

190 3593 546 3663 δικαιοσύνην
568 3592 625 3646 δὲ
647 3596 713 3663 τῇ
743 3590 1138 3659 παλιγγενεσία
1158 3589 1235 3661 (2)
1258 3589 1586 3659 τετήρηκεν.
1610 3587 1684 3640 ()6
1695 3606 1780 3642 πω

192 3686 364 3756 λέγω,
395 3686 471 3748 ὡς
517 3685 612 3738 καὶ
643 3685 676 3755 η
713 3683 940 3745 κόλασις
977 3681 1118 3752 αὐτὴ
1158 3681 1330 3750 πολλῇ
1384 3679 1778 3751 φιλανθρωπίᾳ

192 3793 250 3829 τε
309 3776 402 3828 καὶ
441 3775 772 3846 χρηστότητι
825 3773 923 3826 καὶ
970 3768 1444 3836 κατεσκεύασται,
1485 3773 1581 3825 καὶ¹
1621 3771 1783 3841 ὴπείο

192 3868 377 3940 ληται.

1887 3223 2033 3277 enim
2058 3220 2227 3274 Deum
2247 3229 2373 3276 actu
2398 3230 2450 3274 et
2479 3218 2677 3275 eﬂ'ectu
2705 3233 2827 3275 esse
2878 3218 2931 3273 id
2974 3220 3120 3289 quod
3178 3230 3284 3285 est,
3325 3235 3483 3274 surn-

1887 3330 2036 3369 mam
2062 3315 2349 3384 ipsamque
2380 3313 2651 3383 justitiam
2682 3322 2738 3368 et
2759 3312 3057 3369 bonitatem
3094 3331 3107 3366 :
3137 3322 3192 3369 et
3216 3315 3480 3384 quoniam

1888 3407 2409 3488 scentulum/ambas
2444 3407 2545 3462 bas
2588 3404 2825 3485 virtutes
2849 3421 3010 3476 agere
3066 3421 3190 3462 eum
3255 3412 3484 3463 necesse

1886 3509 1990 3567 est,
2032 3500 2191 3555 viam'
2212 3501 2439 3566 invenit,
2464 3516 2571 3571 qua
2605 3500 2690 3555 via
2711 3508 2766 3556 et
2796 3502 3098 3556 bonitatem
3141 3503 3479 3568 ostenderet,

1884 3602 1942 3649 et
1969 3594 2333 3651 nihilominus
2358 3595 2694 3667 patefaceret
2719 3595 3014 3665 justitiam.
3057 3596 3116 3652 ln
3151 3597 3297 3651 hunc
3323 3614 3483 3650 mun-
3546 3610 3559 3615 ‘

1886 3688 2017 3741 dum
2044 3688 2191 3742 enim
2210 3687 2320 3744 dici
2353 3704 2462 3742 non
2495 3697 2674 3759 potest
2699 3705 2868 3760 quam
2896 3689 3116 3744 abunde
3138 3699 3194 3743 et
3241 3689 3484 3744 liberali-

1884 3787 1966 3831 ter
1996 3793 2155 3832 suam
2181 3794 2311 3847 erga
2344 3779 2599 3834 homines
2629 3781 3022 3851 benignitatem
3067 3782 3326 3836 cronibus
3376 3783 3482 3835 im-

1886 3868 2002 3924 bris
2031 3871 2206 3925 instar
2231 3869 2537 3940 profundit,
2584 3880 2645 3928 ut
2673 3887 2741 3927 ex
2785 3874 2958 3942 ipsius
3007 3874 3266 3941 operibus
3320 3875 3481 3928 intel-

195 3966 287 4036 iigi
326 3965 825 4036 potest:jnstiti:un
854 3973 1157 4035 novaepost
1191 3976 1425 4040 mortem
1472 3963 1599 4019 vita:
1654 3966 1979 4019 reservavit.
2030 3965 2213 4037 Atque
2262 3982 2375 4022 non
2432 3983 2679 4025 memoro
2726 3984 2896 4035 nunc,
2960 3964 3169 4040 quanta
3237 3969 3484 4026 bonitate

191 4069 245 4113 et
273 4060 566 4113 clementia
595 4059 708 4128 ipsa
731 4061 940 4131 punitio
962 4070 1017 4115 et
1054 4060 1354 4117 constituta
1382 4038 1508 4126 'est,
1538 4072 1592 4118 et
1639 4064 2025 4134 praenuntiata.

269 4149 361 4221 ιη’.
392 4153 559 4205 Ταῦτ’
591 4149 732 4223 ἐμοῦ
760 4155 1073 4224 εἰρηκότος,
1106 4156 1443 4227 σιγήσαντος
1486 4157 1583 4211 τοῦ
1627 4157 1777 4231 πρώ-

192 4264 314 4309 του,
345 4245 548 4316 βλέψας
581 4249 609 4301 ὁ
644 4242 910 4320 νεώτερος
939 4249 1055 4312 υίὸς
1086 4251 1171 4313 εἰς
1220 4252 1316 4305 τὸν
1355 4252 1524 4307 αὑτοῦ
1559 4254 1779 4325 πατέρα

195 4335 320 4391 εἶπέ
349 4358 401 4392 τι
428 4341 566 4412 πρὸς
600 4341 762 4394 αὐτὸν
792 4343 861 4413 τῇ
904 4342 1016 4396 τῶν
1056 4342 1310 4413 ’Δράϐων
1356 4348 1508 4416 φωνῇ
1535 4361 1551 4376 ο
1594 4348 1692 4400 καὶ
1720 4345 1780 4410 ὃς

194 4430 619 4500 ἀποδεξάμενος,
648 4431 726 4496 ὡς
772 4432 941 4496 ἐοικε,
977 4433 1038 4487 τὸ
1082 4433 1275 4506 ῥηθὲν,
1307 4437 1448 4507 πρὸς
1493 4437 1645 4507 ἡμᾶς
1691 4438 1782 4490 διὰ

195 4523 296 4590 τῆς
326 4524 434 4576 τῶν
456 4523 712 4596 Τούρκων
738 4526 1038 4595 μετέδωκε,
1055 4524 1167 4589 τοῖς
1194 4528 1503 4598 ἑρμηνεῦσι
1532 4529 1805 4600 συνήθως-

196 4618 280 4679 ei;
309 4615 471 4669 τοῦτο
509 4617 880 4687 χρησάμενος.
911 4618 985 4671 Τὸ
1038 4617 1096 4672 δὲ
1138 4616 1434 4688 ἦνεέκεῖνο
1486 4622 1544 4674 τὸ
1594 4622 1785 4693 λεχθὲν
1825 4625 1829 4631 “

196 4707 335 4774 παρ’
357 4708 517 4777 ἐμοῦ,
546 4708 619 4769 ὡς
635 4702 773 4779 ἀρα
806 4710 1079 4786 παρέλκον
1115 4712 1181 4765 ἂν
1237 4716 1324 4781 εἴη
1371 4715 1469 4766 καὶ
1500 4717 1783 4785 περιττὸν,

195 4798 259 4849 τὸ
282 4798 376 4851 τὸν
406 4798 640 4867 Χριστὸν
664 4798 818 4871 ἥξειν
865 4801 1168 4869 κρινοῦντα
1211 4804 1399 4857 πᾶσαν
1434 4805 1534 4875 τὴν
1579 4806 1706 4875 γῆν,
1739 4809 1788 4861 εἰ

90 4886 99 4894 ’
200 4890 390 4958 μέλλοι
440 4892 644 4955 πάντας
677 4890 877 4947 σώσειν
907 4894 1034 4966 ἑξῆς
1055 4911 1069 4925 ⁸
1102 4898 1200 4950 καὶ
1229 4894 1312 4951 ὅτι
1361 4898 1455 4950 καὶ
1487 4899 1543 4951 τὸ
1576 4899 1787 4963 δίκαιος

196 4979 345 5035 εἶναι
387 4982 478 5036 τὸν
527 4985 724 5054 τρόπον
772 4983 961 5038 τοῦτον
1001 4987 1293 5042 ἀπόλλυσι.
1326 4988 1516 5042 Ταῦτα
1561 4992 1642 5054 δὲ,
1676 4990 1781 5062 ἔφη

200 5077 433 5149 ἐκεῖνος,
462 5078 559 5148 οὐχ
590 5077 791 5141 ἱκανῶς
822 5078 1231 5137 ἀποδέδεικται.
1269 5084 1468 5153 Κρινεῖ
1502 5085 1612 5155 γὰρ
1641 5086 1783 5154 ἀμέ-

198 5168 305 5232 λει,
323 5170 420 5221 καὶ
445 5166 759 5239 παραδώσει
789 5170 1051 5226 κολάσεσι
1079 5175 1202 5236 τοὺς
1230 5159 1784 5244 άντινομοθετοῦντας

202 5264 322 5325 ταῖς
365 5261 461 5316 τοῦ
497 5263 746 5335 Μωάμεθ
789 5265 1167 5335 παραδόσεσιν
1205 5267 1478 5330 ἅπαντας.
1516 5266 1661 5338 Πρὸς
1692 5268 1782 5319 ὃν·

208 5372 308 5425 περ
356 5356 493 5428 ἔφην
534 5356 739 5433 ,αὐτός’
784 5357 1046 5413 ’Ἦδιστόν
1099 5375 1193 5428 μοι
1245 5360 1413 5424 δοκεῖ,
1461 5361 1561 5413 καὶ
1612 5359 1784 5413 πολὺν

205 5449 741 5530 καρπδιιδυνάμενον
769 5451 1043 5519 ἐνεγκεῖν,
1076 5451 1139 5505 τὸ
1169 5451 1263 5506 τὸν
1311 5452 1786 5522 προσδιαλεγόμε-

204 5558 289 5594 νον
343 5543 523 5596 είπεῖν
578 5542 643 5596 τὸ
695 5544 1160 5615 παριστάμενον
1222 5543 1325 5597 κᾶν
1386 5544 1564 5609 ἄλλως
1624 5544 1786 5598 τοῦτο

264 5694 342 5764 (ι)
373 5690 515 5764 Cod.
542 5690 709 5746 Coisl.
739 5693 819 5764 εἰ.

262 5763 341 5833 (rt)
372 5763 788 5831 ιιαλιγγενεσία
831 5765 918 5834 hic
952 5778 1059 5818 non
1104 5765 1393 5834 baptisma,
1435 5763 1552 5824 ‘,scd
1610 5766 1789 5821 futura

195 5848 313 5908 post
340 5834 822 5891 resurrectionem
848 5833 979 5901 vita,
1002 5851 1067 5888 ex
1094 5833 1287 5891 Matth.
1328 5851 1442 5901 xix,
1471 5836 1565 5919 νβ,
1610 5838 1698 5892 Ἐν
1723 5841 1792 5910 τῇ

505 5929 790 5994 Partica.
832 5929 952 5993 Gn.
1002 5929 1183 5993 CLVI

1961 4160 2050 4217 18.
2083 4161 2216 4229 Qua
2244 4177 2371 4217 cum
2402 4177 2502 4233 ego
2531 4163 2838 4229 dixissem,
2868 4165 3124 4235 ﬁliusque
3145 4174 3276 4222 natu
3307 4167 3482 4238 major

1888 4253 2097 4321 sileret,
2130 4254 2313 4309 minor
2342 4255 2396 4309 in
2429 4268 2641 4326 patrem
2669 4258 2892 4313 intuens
2925 4260 3135 4330 aliquid
3167 4262 3216 4315 ei
3248 4261 3482 4317 Arabico
3516 4268 3525 4275 “

1886 4362 2142 4402 sermone
2166 4348 2340 4415 dixit;
2371 4350 2520 4420 quod
2539 4350 2651 4416 ille,
2670 4360 2729 4405 ut
2749 4351 3055 4418 videbatur,
3077 4353 3479 4424 comprobavit,
3506 4362 3510 4369 '

1889 4436 1957 4492 ad
1987 4454 2196 4509 nosque
2216 4438 2451 4495 Turciea
2486 4443 2672 4512 lingua
2729 4447 3057 4511 transmisit,
3091 4446 3483 4517 interpretibus

1886 4546 1953 4586 ex
1989 4548 2141 4612 more
2167 4534 2448 4589 adhibitis.
2479 4535 2539 4590 ld
2572 4547 2693 4591 erat
2718 4537 2846 4592 illud
2897 4540 3075 4608 ipsum
3129 4542 3276 4609 quod
3328 4541 3485 4597 dixe-

1884 4639 2025 4691 ram,
2063 4625 2315 4681 inutilem
2358 4644 2586 4697 prorsos
2642 4630 2847 4684 Christi
2904 4632 2971 4683 ad
3024 4646 3225 4686 omnen
3276 4642 3481 4688 terram

1878 4718 2237 4785 judicandam
2259 4730 2315 4775 et
2337 4738 2742 4792 supervacuum
2776 4738 2900 4778 esse
2922 4726 3239 4791 adventum,
3276 4726 3325 4780 si
3356 4727 3485 4797 qui-

1886 4811 2012 4865 dem
2043 4825 2240 4867 omnes
2269 4814 2495 4868 omnino
2521 4815 2611 4869 ille
2656 4817 2729 4871 sit
2751 4829 3070 4871 servaturos
3099 4835 3114 4884 ;
3156 4822 3483 4876 verendum-

1888 4917 1995 4970 que
2022 4917 2265 4969 che,ne
2293 4903 2432 4974 justi
2463 4924 2662 4963 nomen
2716 4909 2819 4964 hoc
2865 4912 3030 4963 modo
3081 4912 3316 4964 amittat.
3357 4912 3484 4966 llaec

1892 4992 2061 5057 enim,
2094 4996 2272 5063 inquit
2303 4999 2414 5063 ille,
2470 5017 2578 5054 non
2611 5002 2745 5055 satis
2795 4994 3170 5056 demonstrata
3209 5014 3356 5058 sunt.
3389 5004 3485 5060 Ju-

1894 5085 2102 5142 dicabit
2134 5099 2284 5144 certe
2302 5091 2573 5157 videlicet,
2609 5095 3003 5164 suppliciisque
3024 5110 3119 5150 eos
3142 5111 3337 5152 omnes
3370 5108 3485 5152 tra-

1893 5179 2005 5242 det,
2027 5180 2121 5251 qui
2148 5183 2489 5252 disciplinam
2521 5187 2813 5241 Moamethi
2848 5190 3129 5246 institutis
3146 5194 3480 5249 contrariam

1892 5272 2200 5328 docuerint.
2220 5276 2301 5330 Ad
2332 5292 2495 5345 quem
2516 5290 2646 5333 tunc
2667 5295 2770 5349 ego
2796 5296 2811 5334 :
2837 5280 2941 5337 l’er
2958 5286 3117 5351 mihi,
3139 5302 3233 5355 per
3256 5286 3482 5357 inquam

1894 5377 2110 5435 gratum
2145 5378 2252 5433 est,
2280 5386 2650 5441 magnumque
2676 5376 2932 5432 utilitatis
2979 5379 3220 5434 fructum
3267 5383 3487 5438 videtur

1892 5459 2158 5541 praebere,
2189 5463 2233 5515 si
2295 5480 2530 5530 quocum
2582 5468 2869 5537 colloquor
2895 5472 2943 5524 is
2997 5473 3266 5554 quidquid
3302 5474 3407 5528 sibi
3432 5475 3486 5528 itt

1895 5561 2133 5605 mentem
2166 5554 2315 5608 venit
2348 5555 2664 5625 eloquitur:
2699 5563 2844 5629 quod
2867 5563 2913 5616 si
2941 5563 3100 5618 aliter
3130 5566 3308 5619 facere
3332 5568 3487 5620 volu-

1895 5700 2335 5782 παλιγγενεσία.-
2390 5704 2520 5782 ὅταν
2555 5706 2758 5782 καθὲσῃ
2799 5709 2826 5760 ὁ
2870 5709 2997 5772 Υἱὸς
3039 5710 3134 5762 τοῦ
3196 5711 3487 5782 ἀνθρώπου

1900 5773 1994 5826 ἐπὶ
2021 5773 2218 5845 θρόνου
2242 5773 2404 5845 δόξης
2430 5779 2627 5832 αὐτοῦ.

3096 5938 3134 5996 ὓ
