3950 6436
409 320 508 388 171

1578 328 1981 393 MANUELIS
2022 333 2479 395 PAL/EOLOGI

3584 331 3696 399 172

405 446 535 509 erit,
571 455 682 497 non
705 441 932 505 videbit,
972 438 1362 509 disputationis
1410 439 1615 498 frustra
1643 461 1672 500 a
1703 461 1761 502 se
1792 448 1979 517 suseip

2109 454 2285 504 ποιεῖν
2340 451 2599 523 βουληθῇ,
2632 453 2789 523 λήσει
2836 453 2964 515 τοὺς
3020 451 3219 515 πόνους
3270 451 3559 515 ἀναλώσας
3594 453 3691 506 ἐπὶ

403 533 671 589 laborem.
707 532 846 587 Nam
876 530 1078 585 vulnus
1100 531 1244 600 quod
1263 530 1572 586 occultatur
1595 536 1660 588 ad
1704 536 1997 590 sanitatem

402 628 690 695 pervenire
716 625 927 696 nequit.
964 623 1088 678 Tibi
1117 633 1300 678 autem
1329 625 1399 679 de
1426 624 1699 693 ejusmodi
1725 627 1848 683 filiis
1879 644 2001 700 gra-

402 719 580 774 tulor:
610 718 810 774 etenim
844 715 1095 786 pulchre,
1130 732 1252 787 quae
1314 716 1403 773 hic
1439 717 1724 786 dicuntur,
1777 721 1998 790 assequi

402 810 624 863 videtur
647 808 973 863 adolescens
1004 822 1022 860 :
1056 807 1235 875 ipsum
1296 816 1477 861 tamen
1522 807 1665 862 scire
1708 810 1866 893 yol-0,
1898 810 1999 860 im-

398 902 515 955 pios
542 903 596 954 in
624 900 837 970 judicio
861 916 964 953 non
998 915 1107 953 esse
1137 912 1549 962 resurrecturus,
1603 909 1659 952 ut
1685 899 1758 953 ait
1806 899 1993 975 David.

400 1002 575 1063 Quem
612 998 658 1051 si
689 994 938 1051 admittis
972 1003 1192 1060 testem,
1228 1010 1401 1050 vanus
1423 996 1529 1049 erit
1567 996 1654 1048 hic
1674 1010 1878 1061 sermo,
1907 996 1995 1065 ju-

399 1102 545 1144 stum
575 1090 817 1160 iudicem
849 1088 1228 1158 iudicaturum
1257 1103 1381 1143 esse
1406 1103 1663 1157 paganos,
1689 1089 1998 1159 suppliciis-

397 1197 503 1251 que
557 1197 651 1237 eos
703 1196 824 1236 esse
873 1180 1200 1259 traditurum
1249 1199 1261 1235 :
1329 1190 1750 1236 atservaturum
1805 1197 1996 1239 omnes

399 1276 520 1329 sine
550 1274 897 1336 discrimine,
971 1273 1064 1343 qui
1131 1274 1271 1328 ruale
1315 1274 1552 1328 vixerint
1607 1276 1851 1343 quidem,
1900 1277 1994 1349 sed

398 1378 546 1422 recta
572 1378 752 1421 tamen
790 1367 844 1421 in
869 1365 976 1421 fide
999 1366 1221 1422 fuerint.
1258 1368 1415 1432 Quod
1441 1369 1484 1421 si
1507 1366 1728 1422 Davidis
1755 1370 1996 1423 auctori-

399 1471 569 1513 tatem
613 1459 824 1529 rejicis,
848 1459 997 1529 quod
1056 1459 1328 1526 reliquum
1367 1470 1449 1514 est
1479 1459 1771 1527 faciamus,
1794 1460 1995 1516 armis-

386 1569 506 1623 que
571 1553 775 1607 nostris
803 1553 1207 1621 (probabilibus
1227 1552 1501 1606 rationum
1537 1555 1832 1607 momentis
1848 1552 1992 1625 dico)

398 1661 500 1716 pro
535 1655 724 1701 nostra
755 1645 1034 1702 sententia
1069 1661 1502 1716 propugnemus.
1552 1645 1821 1711 Quocirca
1878 1648 1992 1715 ple-

397 1753 570 1808 raque
597 1737 785 1805 dicere
819 1736 1049 1792 omitto:
1090 1736 1224 1791 illud
1257 1753 1423 1791 unum
1451 1739 1595 1792 addo
1618 1754 1784 1809 supra
1808 1740 1990 1801 dictis,

2102 542 2266 613 κενῷ.
2298 545 2537 614 Τραῦμα
2584 546 2695 614 γὰρ
2726 545 3149 615 κεκαλυμμένον
3193 544 3388 613 ὑγείας
3418 545 3521 597 οὐκ
3564 545 3727 599 ἔπιτ’

2101 636 2374 702 τεύξεται.
2402 640 2493 692 Σοὶ
2525 639 2582 692 δὲ
2612 640 2895 710 συγχαίρω
2932 639 3210 703 τοιούτους
3240 638 3478 708 φύσαντι
3498 653 3511 666 ’
3545 639 3699 693 δοκεῖ

2105 746 2196 799 μοι
2222 730 2331 800 γὰρ
2361 723 2515 794 οὗτος
2541 735 2568 785 6
2602 733 2723 794 νέος
2771 733 2956 793 καλῶς
3000 751 3065 801 γε
3115 733 3433 787 ἐπιϐάλλειν
3461 734 3576 796 τοῖς
3604 733 3696 786 λε-

2099 824 2392 894 γομένοις·
2441 824 2585 897 πλὴν
2634 825 2929 893 γινώσκειν
2981 826 3150 879 αὐτὸν
3198 826 3400 888 ἐθέλω,
3450 825 3527 888 ὡς
3588 827 3695 879 οὐκ

2100 916 2504 986 ἀναστήσονται
2558 919 2779 983 ἀσεϐεῖς
2812 920 2871 971 ὲν
2904 921 3086 988 κρίσει
3138 919 3219 988 (1)
3241 936 3255 951 ·
3297 920 3326 970 6
3355 920 3525 972 Δαὸὶδ
3551 919 3697 972 οὕτω

2099 1007 2270 1077 λέγει.
2311 1012 2406 1064 Ὃν
2437 1013 2485 1064 εί
2542 1012 2799 1085 μάρτυρα
2841 1016 3150 1085 παραδέχῃ,
3185 1012 3418 1083 μάταιος
3464 1016 3491 1067 6
3533 1013 3691 1080 λόγος

2092 1102 2278 1168 οὗτος,
2333 1107 2415 1158 ὅτι
2467 1106 2596 1168 τοὺς
2647 1108 2913 1170 ἀπίστους
2967 1110 3171 1177 κρινεῖ,
3227 1109 3325 1161 καὶ
3371 1107 3694 1177 παραδώσει

2099 1195 2324 1260 τούτους
2365 1198 2663 1252 κολάσεσιν
2693 1201 2722 1252 6
2750 1198 2961 1262 δίκαιος
2993 1202 3191 1272 κριτής
3211 1216 3226 1230 ·
3262 1200 3427 1252 σώσει
3459 1200 3516 1252 δὲ
3551 1200 3693 1252 πάν-

2096 1305 2194 1351 τας
2236 1288 2363 1359 ἑξῆς
2393 1291 2524 1354 τοὺς
2549 1290 2771 1359 φαύλως
2813 1293 2890 1362 (2)
2929 1293 3031 1362 μὲν
3074 1293 3430 1364 βεϐιωκότας,
3467 1291 3605 1363 ὀρθῇ
3635 1291 3693 1343 δὲ

2100 1383 2282 1435 πίστει
2323 1383 2688 1454 συζήσαντας.
2722 1382 2787 1438 El
2827 1384 2885 1438 δὲ
2922 1388 3016 1439 τὸν
3060 1386 3226 1441 Δαϐὶδ
3265 1389 3634 1457 παραγρὰφῃ,
3665 1382 3697 1435 ὓ

2097 1473 2284 1529 λοιπόν
2315 1477 2431 1529 ἐστι
2465 1477 2737 1547 ποιῶμεν,
2773 1480 2870 1532 καὶ
2903 1479 2969 1532 ὲκ
2997 1480 3107 1531 τῶν
3135 1479 3262 1534 καθ’
3285 1481 3433 1548 ἡμᾶς
3463 1479 3696 1547 ετούτων

2098 1568 2244 1640 φημὶ
2277 1570 2343 1641 δὴ
2379 1571 2491 1623 τῶν
2523 1571 2774 1641 εἰκότων)
2832 1573 3221 1643 συμμαχῶμεν
3272 1573 3373 1643 ἤδη
3410 1572 3490 1642 τῷ
3517 1571 3692 1642 λόγῳ.

2098 1662 2303 1733 Παρεὶς
2349 1659 2444 1716 οὖν
2477 1663 2660 1731 λέγειν
2702 1666 2770 1717 τὰ
2800 1664 2996 1731 πλείω,
3041 1663 3222 1717 ἐκεῖνό
3272 1681 3338 1731 γε
3387 1661 3692 1734 προσθήσω

2098 1755 2210 1817 τοῖς
2253 1755 2591 1825 εἰρημένοις,
2616 1754 2645 1807 ὃ
2675 1756 2739 1825 δὴ
2767 1757 2861 1809 καὶ
2896 1755 3060 1825 μόνον
3090 1754 3256 1827 ῥηθὲν
3281 1753 3467 1809 ἱκανὸν
3498 1756 3691 1819 πεῖσαι

394 1829 543 1899 quod
575 1830 655 1883 vel
681 1830 879 1895 solum;
901 1828 1113 1882 homini
1144 1844 1263 1883 non
1308 1829 1468 1898 plane
1498 1830 1866 1885 contentionis
1889 1845 1983 1886 cu-

2094 1848 2186 1900 τὸν
2223 1819 2514 1918 μὴἰτάντη
2546 1819 2869 1917 φιλόνεικον.

390 1922 520 1992 pido
550 1923 879 1991 persuadere
909 1922 1105 1991 possit.

472 2015 560 2069 £9.
594 2013 704 2074 Fac
773 2015 1015 2085 aliquem
1077 2023 1417 2071 struetarum
1477 2016 1590 2085 regi
1664 2015 1986 2071 insidiarum

391 2121 545 2160 reum
580 2122 702 2162 esse
738 2125 752 2162 :
791 2107 836 2163 si
865 2121 954 2162 res
985 2107 1038 2160 iu
1060 2107 1229 2163 dubio
1252 2117 1524 2173 versetur,
1569 2107 1908 2165 defensionis
1938 2109 1987 2163 ei

388 2202 608 2255 dabitur
635 2200 790 2254 locus
824 2217 837 2253 :
874 2199 1052 2254 actori
1084 2209 1137 2254 et
1168 2215 1262 2254 reo
1289 2201 1542 2255 eumdem
1567 2202 1984 2272 clepsydrarum

392 2305 681 2345 numerum
711 2290 996 2354 concedet,
1029 2290 1302 2345 ambobus
1330 2305 1488 2360 aeque
1523 2306 1688 2346 aures
1718 2292 1983 2360 praebebit

385 2388 579 2457 iudex,
610 2401 712 2440 nec
747 2386 858 2439 ulla
891 2399 947 2438 re
973 2385 1225 2453 superior
1248 2386 1353 2439 erit
1372 2386 1419 2439 is
1437 2387 1530 2455 qui
1559 2401 1659 2455 pro
1676 2401 1804 2457 rege
1830 2386 1985 2443 dicit.

391 2479 487 2533 Szn
524 2489 709 2533 autem
761 2478 1276 2534 manifestissimum
1329 2479 1540 2534 crimen
1576 2487 1683 2542 est,
1742 2480 1879 2533 adeo
1930 2487 1987 2533 ut

392 2583 571 2639 neque
611 2571 953 2637 argumentis
983 2583 1164 2638 neque
1195 2568 1303 2622 ullo
1349 2570 1673 2623 testimonio
1721 2569 1985 2637 indigeat,

390 2665 598 2715 nullam
632 2661 862 2713 ontnino
901 2662 1353 2730 deprecationem
1402 2661 1636 2716 tentabit
1682 2676 1832 2728 reus,
1893 2663 1988 2717 sed

390 2765 583 2807 contra
617 2754 810 2822 seipse
847 2755 957 2806 lata
989 2754 1263 2809 sententia
1293 2755 1359 2809 ad
1403 2755 1666 2823 laqueum
1702 2755 1989 2811 festinabit

391 2846 715 2916 aliquando,
742 2854 1087 2916 mortemque
1117 2855 1336 2902 tantum
1368 2863 1477 2901 non
1510 2848 1789 2903 invocabit
1829 2848 1988 2902 :ideo

390 2940 540 3009 quod
595 2940 886 3008 pudorem,
949 2939 1419 3010 gravissimasque
1479 2942 1830 2997 conscientiae
1898 2956 1985 2994 re-

390 3030 786 3100 prehensiones
810 3039 865 3085 et
891 3029 1264 3086 intolerabiles
1286 3033 1540 3087 stimulos
1562 3034 1705 3087 terre
1726 3044 1981 3102 nequeat.

2165 2027 2252 2085 ιϐ’.
2295 2030 2395 2082 Ἢν
2443 2029 2537 2084 οὗ)
2584 2049 2669 2094 τις
2712 2031 2983 2101 βασιλέως
3019 2032 3319 2102 ἐπιϐουλῆς
3349 2032 3554 2103 φεύγῃ,
3589 2035 3688 2086 καὶ

2092 2119 2147 2196 ᾗ²
2175 2124 2234 2175 ἐξι
2281 2124 2514 2194 πρᾶγμα
2568 2125 2897 2195 ἀμφίϐολον,
2944 2126 3247 2194 ἀπολογίας
3298 2127 3468 2190 τόπος
3509 2127 3691 2195 τούτῳ

2090 2216 2420 2287 δοθήσεται·
2454 2219 2552 2271 καὶ
2610 2220 2729 2273 ἴσον
2775 2221 2980 2291 ἀμφοῖν
3014 2222 3170 2275 ἔσται
3215 2221 3277 2275 τὸ
3306 2220 3472 2291 ὕδωρ,
3508 2222 3601 2275 καὶ
3630 2224 3690 2274 τὸ

2092 2308 2355 2378 ὑποσχεῖν
2384 2310 2451 2362 τὰ
2481 2302 2597 2363 ὦτα
2627 2311 2719 2364 τὸν
2751 2312 3041 2384 δικαστὴν,
3075 2315 3154 2384 τῷ
3183 2314 3443 2382 φεύγοντί
3491 2331 3553 2367 τε
3594 2316 3690 2368 καὶ

2090 2400 2169 2469 τῷ
2202 2401 2499 2454 διώκοντι·
2546 2404 2940 2473 πλεονεκτήσει
2989 2405 3047 2479 δὲ
3095 2406 3348 2475 οὐδαμῶς
3386 2408 3414 2459 6
3453 2406 3547 2459 τοῦ
3585 2406 3688 2475 βα-

2092 2493 2287 2555 σιλέως
2315 2495 2677 2566 ὑπερμαχῶν.
2699 2498 2804 2550 Ἢν
2822 2493 2922 2570 δ’ᾖ
2959 2488 3304 2568 σαφέστατον
3333 2499 3615 2571 τοῦγκλημ
3628 2519 3684 2567 α,

2038 2607 2046 2614 ·
2087 2587 2163 2649 ὡς
2211 2589 2339 2659 μήτ’
2386 2588 2623 2659 ἐλέγχων
2653 2590 2861 2646 δεῖσθαι
2898 2594 3042 2664 μήτε
3082 2596 3392 2665 μαρτυρίας
3420 2599 3686 2666 ἡστινοσ-

2090 2679 2223 2743 οῦν,
2275 2680 2397 2734 οὐδὲ
2448 2682 2580 2750 γοῦν
2638 2684 2965 2755 πειράσεται
3010 2687 3112 2758 τὴν
3158 2690 3336 2761 ἀρχὴν
3404 2695 3684 2761 παραιτή-

2093 2774 2317 2837 σασθαι,
2348 2775 2485 2830 ἀλλά
2536 2775 2663 2829 καθ’
2697 2777 2865 2831 αὑτοῦ
2921 2778 3020 2848 τὴν
3063 2781 3249 2851 ψῆφον
3299 2783 3431 2849 ἴδοις
3477 2785 3545 2838 ἂν
3587 2789 3685 2841 τὸν

2090 2868 2332 2921 τοιοῦτον
2359 2868 2721 2936 ἐξενεγκόντα
2752 2869 2901 2924 ἔστιν
2932 2865 3015 2936 οὗ,
3048 2875 3143 2927 καὶ
3174 2877 3270 2930 ἐπὶ
3301 2875 3501 2948 βρόχον
3527 2879 3684 2935 ἐπει-

2090 2958 2357 3028 γόμενον,
2404 2961 2499 3013 καὶ
2561 2962 2787 3031 μονονοὺ
2845 2963 2945 3033 τὴν
2992 2964 3254 3038 τελευτὴν
3304 2969 3703 3044 ὲπικαλούμε-’

2088 3068 2177 3104 νον
2215 3051 2317 3123 (ὅ),
2347 3053 2426 3124 τῷ
2459 3055 2560 3125 τὴν
2609 3056 2874 3127 αἰσχύνην
2922 3060 2996 3129 μὴ
3050 3061 3269 3132 φέρειν,
3298 3064 3395 3118 καὶ
3430 3067 3683 3136 1506;51-

391 3125 737 3193 Quapropter
792 3137 954 3177 nemo
1007 3138 1252 3193 unquam
1286 3124 1340 3178 in
1412 3125 1673 3179 tribunali
1712 3126 1982 3192 eopsedit,

2094 3147 2206 3215 ρεῖς
2254 3146 2515 3217 ἐλέγχους
2563 3148 2656 3201 τοῦ
2706 3124 3030 3218 συνειδότος,
3063 3124 3165 3208 καὶ
3210 3156 3337 3220 τοὺς
3369 3124 3681 3227 ἀφορήτους

314 3228 317 3233 '
393 3228 453 3271 ut
508 3219 723 3272 hostem
748 3226 968 3289 captum
1026 3222 1396 3288 redargueret,
1459 3221 1762 3289 mortisque
1825 3235 1987 3290 pcena

390 3312 616 3381 dignum
639 3326 761 3366 esse
792 3311 1166 3366 convinceret.
1226 3311 1353 3367 llaec
1384 3315 1530 3367 enim
1587 3329 1744 3384 pmua
1780 3316 1986 3385 peccati

391 3411 646 3457 naturam
696 3405 971 3475 sequitur,
1006 3413 1061 3459 et
1085 3405 1203 3474 lege
1230 3420 1297 3461 ac
1327 3415 1573 3474 tempore
1604 3397 1981 3462 conlit’fnatur.

390 3494 659 3549 'l'ribunal
684 3505 890 3561 autem,
932 3496 1290 3566 etjudicium,
1314 3506 1732 3566 etargumeuta,
1760 3509 1813 3552 et
1832 3504 1983 3553 mul-

390 3574 444 3641 ta
476 3590 539 3640 de
570 3587 689 3655 ipsa
725 3602 782 3641 re
822 3587 1113 3657 inquisitio
1160 3603 1235 3647 eo,
1281 3590 1577 3658 pertinent,
1636 3606 1702 3643 ne
1746 3590 1984 3646 ferenda:

390 3680 675 3734 sententia:
703 3680 986 3746 dominus,
1009 3681 1173 3735 homo
1194 3697 1319 3736 cum
1337 3682 1428 3747 sit,
1453 3683 1779 3736 benevolum
1803 3684 1981 3737 virum

390 3789 490 3842 pro
520 3774 745 3829 inimico
799 3775 1124 3846 imprudens
1169 3775 1488 3831 interficiat.
1552 3782 1618 3831 At
1650 3781 1807 3832 enim
1854 3781 1976 3844 hoc,

389 3869 597 3938 optime
627 3869 976 3935 adolescens,
1004 3870 1180 3924 locum
1211 3885 1320 3925 non
1362 3870 1584 3925 babcbit
1642 3871 1783 3942 apud
1827 3872 1977 3925 illum

387 3963 650 4037 iudicem,
680 3962 773 4033 qui
841 3978 941 4033 pro
996 3963 1233 4051 testibus
1286 3965 1818 4035 probationibusque
1846 3967 1976 4020 nulli
2016 3982 2026 3989 ·

388 4055 696 4125 exceptioni
729 4055 987 4110 obnoxiis
1021 4055 1461 4126 uniuscujusque
1495 4059 1832 4112 conscientia
1869 4061 1978 4111 uti-

388 4158 501 4218 tur.
539 4147 733 4202 Omnia
766 4151 911 4200 nuda
945 4148 1000 4211 1,
1025 4146 1209 4202 omnia
1228 4159 1417 4218 aperta
1440 4160 1569 4203 sunt
1600 4152 1777 4220 octtlis
1807 4150 1975 4218 illius,

390 4240 488 4310 qui
513 4256 579 4295 eo
604 4241 657 4292 in
690 4239 955 4293 tribunali
986 4239 1198 4294 sedebit
1225 4258 1240 4294 :
1278 4240 1429 4294 illum
1469 4257 1629 4296 nemo
1662 4254 1794 4297 tunc
1832 4246 1979 4298 deci-

390 4348 523 4405 pere
553 4333 865 4388 conabitur.
891 4330 1160 4387 Omnibus
1177 4334 1346 4398 enim,
1376 4334 1577 4403 quibus
1592 4352 1737 4389 nunc
1762 4338 1978 4405 ignotus

390 4435 496 4493 est,
530 4423 857 4479 nranifestus
884 4424 1012 4478 erit.
1051 4425 1235 4495 Itaque
1271 4424 1517 4478 futurum
1545 4427 1811 4494 judicium
1865 4444 1975 4482 non

397 4518 812 4572 iucredulorum
845 4531 1016 4571 causa
1042 4518 1154 4571 lict.
1186 4515 1307 4591 Jam
1341 4531 1472 4572 vero
1495 4522 1540 4573 si
1569 4534 1689 4588 quae
1739 4520 1979 4574 diximus

2090 4531 2170 4599 οἷς
2224 4538 2319 4592 νῦν
2374 4540 2524 4592 ἐστιν
2576 4541 2960 4610 ἀγνοούμενοέ.

389 4606 485 4661 tibi
518 4606 873 4676 persuadent,
907 4621 1007 4662 nec
1032 4611 1645 4678 eaprorsusnugatoria
1669 4614 1975 4682 existimas,

387 4704 535 4768 quod
574 4708 824 4769 superest
854 4715 997 4754 nunc
1032 4699 1281 4755 dicamus
1315 4719 1327 4756 :
1362 4701 1448 4756 vel
1475 4703 1735 4757 nimirum
1756 4717 1976 4777 propter

385 4780 598 4856 fideles,
635 4792 839 4860 lapsos,
876 4788 964 4845 vel‘
999 4794 1227 4847 omnino
1269 4794 1479 4849 nullum
1534 4796 1652 4851 fore
1680 4798 1974 4868 judicium.

384 4887 551 4956 Atqui
580 4880 828 4939 futurum
869 4883 1286 4954 essejudicium
1310 4886 1383 4956 ὁὶιι
1414 4888 1673 4946 confesso
1705 4903 1793 4948 est
1827 4913 1840 4948 :
1875 4897 1977 4963 igi-

387 4988 476 5030 tur
506 4977 623 5031 ﬁeri
662 4991 768 5030 non
824 4985 1025 5045 potest,
1087 4987 1149 5031 ut
1194 4991 1389 5033 omnes
1441 4982 1537 5049 qui
1601 4984 1745 5052 piam
1811 4988 1971 5042 tidem

386 5073 579 5127 colunt
624 5082 912 5127 serventur
954 5090 968 5127 :
1021 5074 1263 5144 alioquin
1310 5078 1565 5135 Christus
1617 5097 1725 5137 non
1792 5096 1976 5151 posset

462 5169 477 5198 ¹
515 5168 683 5221 ilebr.
716 5181 791 5234 tv,
822 5168 911 5223 15.
951 5182 957 5189 '

358 5241 367 5248 ”
458 5260 536 5343 (1,)
556 5257 701 5343 Pslal‘.
726 5275 763 5323 ι,
787 5261 839 5314 5.
865 5260 955 5343 Sic
973 5261 1134 5343 ppulo
1155 5273 1300 5343 post,
1318 5280 1373 5334 p.
1391 5264 1516 5343 '5_80,
1537 5267 1634 5322 lin.
1654 5251 1725 5320 2'2
1746 5286 1760 5322 :
1778 5268 1842 5343 Ἡ
1862 5276 1977 5343 κρί.

386 5348 470 5394 σις
500 5332 533 5399 ἡ
555 5330 842 5409 ,μέλλουσα
874 5333 934 5384 οὐ
962 5330 1073 5409 τῶν
1098 5330 1575 5409 ’ἀπίστωνεῖνεκα
1602 5355 1616 5369 ν
1649 5341 1795 5409 quod
1825 5330 1961 5399 vide.

383 5410 477 5483 tur
500 5400 567 5481 ad
595 5399 725 5485 illud
760 5400 1036 5485 Evangelii
1061 5405 1337 5485 alludere:
1361 5406 1466 5485 Qui
1492 5410 1628 5485 enini
1661 5399 1763 5464 non
1781 5416 1968 5485 credit,

372 5471 791 5553 jam‘judicatus
823 5471 1106 5555 cst,’Joan.
1130 5491 1213 5541 ιιι,
1247 5476 1335 5530 l8.
1381 5480 1505 5555 .Ncc
1544 5481 1710 5547 enim,
1744 5471 1964 5555 opinor,

382 5550 678 5613 rmpiorum
740 5547 1198 5598 resurrectionem
1244 5547 1472 5603 omnino
1522 5563 1683 5619 negat
1726 5547 1963 5623 Maurici,

382 5620 476 5668 sed
504 5614 638 5667 illud
671 5614 803 5668 dicit
831 5632 842 5666 :
872 5614 954 5668 Ad
990 5614 1260 5671 integram
1306 5619 1716 5671 damnationem
1778 5642 1963 5671 rusum-

382 5631 476 5668 seu
504 5631 638 5667 iuuu
671 5631 803 5668 mett
831 5632 842 5666 :
872 5631 954 5668 tm
990 5631 1260 5685 integram
1306 5631 1717 5676 uatnnattonetn
1777 5642 1966 5682 resur-

376 5697 507 5767 gent
558 5685 778 5765 quidem
832 5684 1032 5767 impii:
1084 5688 1151 5738 ad
1203 5688 1689 5767 judiciumAautem
1742 5699 1961 5767 proprie

380 5763 605 5828 dictum,
649 5757 771 5828 ideo
811 5758 953 5824 quod
976 5757 1087 5822 jam
1119 5770 1248 5811 sunt
1273 5760 1523 5828 judicati,
1554 5777 1663 5816 non
1713 5757 1952 5824 venient.

453 5823 528 5892 (2)
553 5824 690 5878 Cod.
722 5822 858 5895 Reg.
894 5829 1161 5895 φαύλους.

2090 3236 2283 3290 τούτου
2321 3240 2586 3311 νυγμούς.
2617 3243 2719 3297 Διά
2757 3261 2841 3299 τοι
2873 3246 3033 3301 τοῦτο
3080 3245 3281 3303 οὔκουν
3311 3251 3402 3307 ἐπὶ
3434 3253 3681 3324 βήματος

2090 3331 2313 3386 πώποτέ
2361 3351 2446 3397 τις
2501 3334 2777 3402 ἐκάθισεν,
2807 3337 2950 3391 ὥστε
2999 3338 3092 3393 τὸν
3135 3342 3328 3412 ἐχθρὸν
3374 3338 3680 3413 ἐξελέγξαι,

2087 3423 2163 3488 ὡς
2222 3425 2338 3502 ἄρα.
2388 3426 2594 3489 δίκαιός
2653 3429 2769 3482 ἐστι
2831 3432 3065 3486 θανάτου
3119 3432 3379 3498 δέξασθαι
3433 3436 3681 3510 τίμημα.

2089 3517 2259 3570 Τοῦτο
2286 3518 2395 3586 γὰρ
2430 3522 2495 3589 τῇ
2536 3519 2697 3589 φύσει
2749 3520 2845 3574 τοῦ
2887 3524 3238 3594 πταίσματος
3271 3526 3490 3595 ἕπεται,
3523 3532 3678 3601 νόμῳ

2086 3629 2144 3663 τε
2178 3614 2271 3666 καὶ
2299 3615 2481 3685 χρόνῳ
2512 3616 2839 3686 βεϐαιωθέν.
2878 3617 3041 3689 Βῆμα
3073 3620 3149 3687 δὲ,
3193 3623 3290 3674 καὶ
3333 3624 3535 3694 κρίσις,
3575 3629 3674 3681 καὶ

2087 3706 2323 3777 ἔλεγχοι,
2353 3709 2447 3761 καὶ
2489 3710 2522 3778 ἡ
2569 3709 2741 3779 πολλὴ
2789 3710 2882 3764 τοῦ
2933 3713 3259 3783 πράγματος
3292 3716 3548 3787 βάσανος,
3585 3721 3672 3774 ἵνα

2088 3797 2163 3868 μὴ
2198 3801 2288 3851 τὸν
2321 3798 2514 3853 εὔνουν
2570 3800 2695 3854 ἀντὶ
2730 3800 2825 3854 τοῦ
2874 3802 3179 3871 δυσμενοῦς
3230 3805 3370 3879 λάθῃ
3401 3809 3676 3876 φονεύσας

2085 3890 2374 3962 ἄνθρωπος
2413 3890 2488 3945 ὢν
2518 3893 2546 3944 6
2578 3891 2679 3961 τῆς
2711 3893 2896 3965 ψήφου
2928 3893 3141 3964 κύριος.
3186 3895 3359 3950 Τοῦτο
3382 3899 3449 3965 δ’,
3471 3894 3516 3953 ὦ
3542 3903 3679 3957 καλὲ

2088 3989 2293 4049 νεανία,
2331 3985 2519 4055 χώραν
2562 3986 2661 4055 οὐχ
2709 3983 2821 4050 ἓξ-ι
2871 3988 3005 4057 παρ’
3049 3988 3248 4059 ἐκείνῳ
3277 3990 3358 4061 τῷ
3389 3997 3575 4064 κριτῇ,
3615 3996 3677 4059 δς

2084 4078 2206 4129 ἀντὶ
2263 4078 2561 4148 μαρτύρων
2612 4078 2723 4147 ἔχει
2779 4079 2875 4131 καὶ
2918 4080 3382 4152 ἀπαραγράπτων
3432 4086 3677 4158 ἐλέγχων

2083 4168 2317 4222 ἑκάστου
2364 4168 2426 4220 τὸ
2485 4169 2750 4232 συνειδός.
2792 4172 2977 4224 Πάντα
3015 4173 3127 4243 γὰρ
3174 4179 3359 4243 γυμνὰ
3407 4181 3502 4231 καὶ
3534 4183 3674 4248 διπλᾶ.

2080 4264 2193 4323 τοῖς
2228 4262 2529 4331 ὀφθαλμοῖς
2589 4263 2685 4316 τοῦ
2739 4266 2832 4319 ἐπὶ
2880 4267 2973 4319 τοῦ
3010 4267 3256 4338 βήματος
3307 4273 3518 4327 ἐκείνου
3576 4293 3680 4329 καιι

2084 4355 2320 4407 θιεῖσθαι
2361 4353 2649 4421 μέλλοντος
2675 4370 2689 4384 ⁸
2725 4355 2786 4409 ὃν
2831 4357 2942 4410 οὐδ’
2988 4359 3055 4412 ἂν
3097 4355 3178 4423 εἷς
3209 4363 3517 4431 τηνικαῦτα
3550 4384 3676 4418 πει-

2083 4445 2274 4514 ραθείη
2306 4444 2383 4515 (4)
2420 4447 2921 4515 παραλογίσασθαι.
2961 4451 3101 4505 [ἰᾶσι
3143 4454 3250 4523 γὰρ
3292 4453 3447 4509 ἔσται
3482 4457 3672 4529 δῆλος,

3031 4544 3093 4597 Ἡ
3158 4545 3341 4617 κρίσις
3386 4551 3580 4625 τοίνυν
3635 4557 3669 4625 ή

2092 4629 2366 4699 μέλλουσα
2426 4631 2487 4683 οὐ
2530 4631 2641 4685 τῶν
2694 4635 2943 4688 ἀπίστων
2993 4637 3202 4692 εἵνεκα.
3237 4639 3350 4694 Καὶ
3382 4622 3453 4695 ~si
3496 4660 3556 4696 σε
3601 4622 3676 4700 scit

2084 4721 2357 4792 λεγόμενα
2393 4723 2591 4789 πείθει,
2617 4727 2839 4791 πάντως
2876 4728 2934 4780 δὲ
2960 4730 3020 4781 οὐ
3053 4722 3221 4800 λῆρδν
3253 4734 3428 4786 ταῦτα
3461 4739 3675 4811 ἡγήσῃ,

2077 4812 2106 4864 ὃ
2133 4812 2320 4868 λοιπὸν
2354 4816 2457 4885 ἤδη
2515 4818 2799 4887 λέγωμεν·
2836 4822 2912 4884 ὡς
2946 4821 2978 4891 ἢ
3031 4821 3120 4875 διὰ
3165 4823 3291 4888 τοὺς
3341 4827 3674 4893 ὲπταικότας

2078 4908 2326 4971 πιστοὺς,
2382 4909 2414 4978 ἢ
2475 4909 2733 4976 οὐδαμῶς
2784 4912 2950 4966 ’ἔσται
3010 4915 3156 4984 δίκη.
3206 4917 3367 4972 ’Λλλά
3428 4921 3540 4992 μὴν
3592 4923 3673 4986 ὡς

2078 4997 2231 5051 ἔσται
2274 4999 2457 5070 κρίσις
2518 5005 3014 5077 προωμολὸγηταιο
3047 5010 3108 5061 τὸ
3157 5011 3369 5076 πάντας
3420 5015 3528 5085 ἄρα
3562 5033 3672 5070 σω-

2077 5092 2237 5163 θῆναι
2267 5095 2390 5158 τοὺς
2422 5096 2665 5161 εὐσεϐεῖς
2685 5099 2764 5169 (5)
2789 5102 2888 5154 οὐκ
2915 5102 3213 5173 ἐνδέχεταιθ
3250 5104 3287 5178 ἦ
3319 5109 3429 5178 γὰρ
3464 5110 3531 5164 ἂν
3563 5111 3665 5165 οὐκ

2254 5282 2388 5360 God.
2425 5287 3063 5360 ῐξρςηπροκαλούμενον,
3092 5298 3423 5360 provocabit.

2144 5353 2222 5420 (4)
2261 5357 2404 5427 tiod.
2432 5353 2601 5411 Coisl.
2636 5353 2938 5427 παραθεέὴ.

2106 5426 2221 5515 “(5)
2256 5425 2518 5515 ξςύσεόεῖς
2549 5444 2692 5515 saepe
2720 5425 3063 5500 appellantur
3093 5450 3121 5489 a
3181 5437 3462 5515 theologis
3509 5437 3662 5515 Grai-

2069 5508 2152 5576 ets
2180 5509 2399 5565 nonqur
2438 5508 2761 5576 innocenter
2787 5514 3059 5568 Vixerunt,
3098 5509 3191 5560 sed
3232 5524 3325 5576 qut
3362 5508 3543 5563 νει-ειη
3608 5513 3665 5561 li-

2065 5562 2189 5639 detn
2222 5562 2353 5618 sunt
2391 5568 2647 5636 professi,
2692 5576 2970 5639 perversis
3005 5562 3135 5631 licet
3168 5562 3414 5632 mo'ribus
3452 5562 3487 5633 τη
3527 5583 3662 5631 ἀσε-

2066 5634 2181 5718 tisi;
2210 5634 2406 5718 contra
2434 5634 2781 5718 haeretici—er
2820 5647 3038 5718 pagani,
3110 5650 3467 5718 qpantumvis
3521 5651 3661 5718 iusti

2072 5703 2207 5757 torte
2255 5715 2325 5776 et
2377 5709 2558 5776 probi.
2638 5703 3072 5771 ConffSiriceii
3126 5703 3393 5774 'Tltesaur.
3451 5703 3657 5773 certes.

2067 5782 2202 5828 tum.
2251 5775 2292 5841 I,
2325 5775 2392 5831 c.’
2416 5778 2544 5833 545.
