3950 6428
264 4676 271 4679 ’
375 4662 438 4708 ινδ.

331 360 433 427 173

1110 351 1911 423 Timonomnasrow
1945 346 2341 410 LAUDA’I‘IO
2398 344 2813 407 FUNEBRIS.
2914 296 2923 307 ’

323 473 392 545 ἦν
421 476 514 528 τὴν
564 474 807 543 Χριστὸν
846 472 1040 544 κριτὴν
1089 468 1255 537 εἶναι,
1305 476 1402 529 καὶ
1453 471 1674 543 άληθῶς
1718 466 1918 540 ὀνομά-

2047 459 2185 514 udex
2215 474 2360 521 esse,
2389 473 2626 526 vereque
2663 452 2952 525 appellari.
2975 452 3054 507 Ad
3086 449 3202 506 haec
3236 463 3361 519 cum
3383 445 3615 505 srlerent

326 568 536 634 ζεσθαι.
573 568 697 622 Τῶν
720 566 903 621 τοίνυν
926 567 1063 621 νέων
1094 567 1191 620 ἐπὶ
1230 565 1410 638 τούτῳ
1444 565 1606 635 σιγὴν
1636 564 1906 629 ἀγόντων,

326 662 432 733 ἔφη
465 662 493 715 ὁ
527 661 707 732 γέρων
721 677 735 690 ο

402 753 473 809 κ’.
522 752 930 823 Ἀποδεδεῖχθαί
989 771 1081 824 μοι
1138 753 1300 807 τοῦτο
1338 750 1524 806 δοκεῖ·
1556 750 1684 817 λέγε
1728 747 1913 802 τοίνυν

327 848 396 903 τὰ
429 846 513 900 σοὶ
551 847 815 902 δοκοῦντα
859 847 998 916 ’περί
1026 863 1086 901 τε
1135 845 1231 900 τοῦ
1283 845 1651 917 παραδείσου,
1682 843 1776 897 κα)⁸
1814 843 1912 912 τῆς

329 942 390 995 ἐν
440 939 589 1010 αὑτῷ
645 940 1033 1004 καταστάσεως
1079 939 1176 994 καὶ
1215 939 1452 1012 τρυφῆς.
1487 939 1710 1001 Πάντως
1745 935 1824 1003 δὲ,
1864 936 1914 988 εί

335 1036 434 1106 μὲν
466 1034 630 1106 ὀρθοῦ
664 1052 751 1090 σοι
781 1036 940 1104 λόγου
987 1037 1057 1090 τὰ
1086 1038 1334 1108 ἡμέτερα
1362 1038 1601 1108 ἐχόμενα
1631 1037 1911 1107 φαίνεται,

332 1131 431 1183 οὐκ
471 1131 536 1184 ἂν
573 1130 803 1200 μακρῶν
826 1132 968 1183 δέοιο
1002 1131 1176 1199 λόγων
1198 1148 1210 1163 ·
1250 1132 1432 1194 ἄλλως
1463 1132 1521 1183 δέ
1573 1148 1656 1184 σοι
1687 1128 1914 1183 δοκούν-

332 1241 461 1285 των,
501 1225 574 1294 μὴ
617 1223 802 1292 φείδου
834 1224 1119 1295 ῥημάτων,
1154 1224 1278 1295 μηδ’
1305 1223 1660 1292 ὑπολογίσαιο
1695 1222 1916 1287 πόνους,

335 1316 465 1369 ἔνθα
518 1316 884 1385 προσδόκιμός
930 1319 1046 1370 ἐστι
1103 1317 1316 1386 καρπὸς
1368 1315 1655 1386 ἀληθείας,
1691 1315 1751 1367 ὃν
1805 1311 1916 1367 οἵδε

336 1412 526 1481 φέρειν
569 1410 802 1476 διάλεξις
853 1412 1074 1483 καθαρά
1119 1411 1456 1480 φιλονεικίας
1492 1411 1733 1478 ἀπάσης.
1774 1410 1918 1462 Ἀλλ’

336 1506 501 1574 ἡμεῖς
559 1504 651 1558 σοι’
702 1503 864 1569 ξένοι,
918 1504 1015 1557 καὶ⁵
1071 1507 1225 1575 παρά
1265 1522 1349 1559 σοι
1395 1504 1569 1575 καλὴν
1618 1505 1919 1575 εὑρηκότες

336 1598 629 1666 ὑποδοχὴν,
666 1598 761 1651 καὶ
802 1598 1033 1667 γνώμην
1073 1600 1173 1670 τὴν
1210 1599 1407 1669 αὑτὴν,
1445 1600 1541 1651 καὶ
1590 1599 1758 1669 τιμὴν
1802 1597 1923 1669 (καὶ

226 1726 239 1735 -
336 1690 493 1743 οὐδὲν
518 1689 628 1743 οὐδ’
651 1691 710 1743 ἐν
743 1691 927 1757 λόγοις
956 1691 1071 1743 οὐδ’
1102 1694 1160 1746 ὲν
1189 1692 1374 1762 ἔργοις
1400 1690 1551 1762 ἡμᾶς
1595 1690 1922 1761 παρελύπη-

341 1783 489 1848 σας),
519 1783 600 1835 δεῖ
633 1777 729 1836 οὖν
770 1784 915 1853 ἡμᾶς
958 1786 1071 1846 τοῖς
1103 1784 1264 1849 ἴσοις,
1302 1783 1378 1848 ὡς
1422 1785 1625 1850 ἔνεστι,
1659 1785 1716 1836 σὲ
1749 1785 1917 1838 σπεὺο
1956 1822 1997 1876 Β

338 1876 452 1929 δειν
496 1874 842 1944 ἀμείϐεσθαι.
883 1876 1041 1945 Ἐμοὶ
1080 1876 1126 1928 δ’
1159 1879 1410 1932 ὑπονοεῖν
1440 1877 1673 1943 ἔπεισιν,
1701 1877 1778 1943 ὡς
1807 1880 1920 1951 ἄρα

344 1968 404 2021 σέ
455 1984 559 2020 που
610 1968 704 2021 καὶ
743 1968 1068 2022 ὰποκναίσει
1128 1969 1196 2023 τά
1254 1969 1387 2040 παρ’
1440 1971 1577 2040 ἐμοῦ
1622 1970 1922 2039 λεγόμενα.

354 2059 536 2122 ‘Avia;
580 2059 841 2130 πλησθεὶς
887 2060 1062 2131 ἐφάνη
1095 2063 1215 2124 τοῖς
1261 2064 1580 2133 εἰρημένοις
1604 2067 1645 2117 ’ὁ
1680 2067 1919 2135 Πέρσης,
1956 2064 1961 2068 ’

348 2151 446 2205 καὶ
475 2151 693 2221 μηνύων
726 2151 805 2222 τῷ
856 2152 1138 2223 προσώπῳ
1171 2156 1271 2224 τὴν
1317 2155 1420 2223 τῆς
1449 2154 1633 2225 ψυχῆς
1678 2157 1926 2211 διάθεσιν

354 2244 486 2313 ἔφη·
517 2244 592 2297 Οὑ
634 2244 746 2315 χρὴ
794 2245 1037 2327 τοιοῦτον
1082 2249 1333 2301 ὑπονοεῖν
1354 2266 1368 2281 ’
1402 2250 1497 2301 ἐπὶ
1526 2249 1784 2303 τοσοῦτον
1817 2253 1927 2320 γὰρ

360 2333 493 2403 αὑτῷ
528 2337 598 2388 τὰ
626 2336 726 2406 τῆς
766 2337 1108 2410 εὐφροσύνης
1157 2340 1526 2407 ἕκτείνεσθαι,
1556 2344 1642 2411 ἐφ’
1689 2343 1816 2396 ὅσον
1859 2363 1928 2414 με

357 2428 452 2497 τῆς
489 2428 746 2499 ἀληθείας
790 2432 1050 2502 ἐχόμενον
1094 2433 1309 2505 καθορᾷ
1334 2451 1348 2465 ·
1391 2434 1471 2487 δεῖ
1501 2435 1566 2504 δὴ
1601 2437 1770 2505 μηδὲν
1798 2439 1933 2490 ὑπο-

353 2519 703 2588 στειλάμενον
736 2521 941 2589 λέγειν.
978 2523 1089 2576 Καὶ
1132 2525 1241 2594 γάρ
1274 2526 1528 2589 κάκεῖνος
1555 2529 1723 2581 ταὺτὸ
1758 2530 1933 2580 ποιεῖν

352 2607 454 2662 καὶ
489 2610 660 2663 ποιῶν
687 2612 1019 2667 διατελέσειν
1049 2614 1460 2684 διαλεγόμενος,
1488 2618 1580 2671 ὅτε
1625 2618 1682 2671 δέ
1720 2637 1788 2687 με
1834 2621 1932 2672 καὶ

352 2700 824 2773 ἐπαγγειλάμενον
867 2706 1002 2776 ἔχει,
1032 2709 1124 2761 καὶ
1176 2711 1404 2763 ἀπαιτεῖ
1447 2708 1547 2782 τὴν
1584 2713 1931 2784 παρρησίαν,

352 2794 473 2846 ἀλλ’
512 2797 612 2849 οὑκ
666 2798 830 2883 αἰτεῖ,
858 2799 1071 2864 δίκαιος
1121 2799 1189 2854 ἂν
1241 2802 1362 2873 εἴην
1403 2802 1503 2873 (ι),
1549 2807 1646 2857 καὶ
1676 2806 1839 2869 αὐτὸς
1866 2808 1935 2860 τὰ

356 2888 712 2959 ὑπεσχημένα
752 2891 1064 2959 φυλάττειν,
1102 2894 1200 2947 καὶ
1253 2895 1330 2964 μὴ
1381 2896 1763 2966 δυσχεραίνειν
1797 2900 1936 2969 πρὸς

354 2980 457 3052 τὴν
512 2983 650 3050 μετὰ
695 2984 933 3054 θάῤῥους
978 2987 1310 3056 ἀπόκρισινο
1375 2988 1403 3040 ὅ
1459 2989 1524 3060 δὴ
1582 2992 1705 3044 κατ’
1759 2994 1938 3063 ἀρχὰς

356 3075 745 3142 ἐπαγγείλαντι
791 3077 986 3133 δώσειν
1025 3080 1188 3143 αὐτὸς
1231 3081 1576 3153 ὑπεσχόμην.
1610 3085 1825 3138 Οὔκοῦν
1869 3104 1937 3155 γε

2013 555 2267 626 juvenes,
2301 552 2394 607 illo
2424 551 2586 605 modo
2614 563 2779 604 senex
2805 546 3022 601 locutus
3047 554 3132 599 est
3163 560 3177 596 :

2091 729 2180 784 20.
2209 729 2657 784 Demonstratum
2681 723 2821 778 mihi
2849 724 3064 779 videtur
3089 733 3191 776 noc
3220 722 3440 791 quidem
3481 737 3497 774 :
3528 719 3619 775 dic

2020 839 2151 893 ergo
2186 821 2372 885 sodes,
2415 819 2546 889 quid
2585 829 2641 873 tu
2676 817 2744 871 de
2772 816 3028 887 paradiso
3068 815 3297 880 sentias,
3330 823 3385 867 et
3429 812 3497 866 de
3529 810 3618 864 fu-

2022 927 2145 978 tura
2170 915 2459 971 hominum
2493 913 2546 985 in
2585 912 2680 966 illo
2717 906 3120 966 conditione'ct
3164 908 3397 963 deliciis.
3455 906 3615 973 Quod

2020 1011 2066 1065 si
2103 1020 2264 1064 rectae
2293 1017 2664 1063 consentanea
2699 1005 2900 1059 rationi
2928 1012 3116 1057 nostra
3146 1003 3245 1055 tibi
3282 1001 3619 1056 videbuntur

2022 1106 2302 1174 dogmata,
2337 1119 2444 1156 non
2488 1102 2646 1168 longa
2684 1100 2868 1153 hercle
2904 1114 3044 1169 opus
3081 1097 3298 1151 tibierit
3331 1095 3617 1148 oratione:

2025 1205 2111 1259 sin
2136 1204 2203 1258 de
2236 1204 2320 1258 his
2363 1203 2525 1256 aliter
2561 1200 2657 1255 tibi
2698 1200 2971 1263 videatur,
3006 1198 3189 1251 verbis
3237 1211 3341 1248 non
3402 1204 3619 1263 parcas,

2025 1312 2129 1350 nec
2169 1296 2335 1350 ullam
2370 1295 2620 1348 laborum
2663 1293 2930 1346 rationem
2974 1290 3200 1354 habeas,
3249 1301 3446 1355 nempe
3464 1283 3625 1338 unde

2025 1406 2158 1459 spes
2213 1399 2300 1443 est
2361 1403 2490 1443 eum
2542 1386 2790 1442 veritatis
2837 1384 3080 1439 fructum
3144 1392 3466 1452 perceptum
3531 1378 3622 1438 iri,

2026 1500 2189 1554 quem
2240 1481 2585 1550 colloquium
2621 1495 2650 1533 a
2704 1479 2967 1548 pertinaci
3030 1475 3443 1531 concertatione
3494 1472 3627 1526 libe-

2027 1592 2146 1631 rum
2172 1575 2315 1630 ferre
2339 1582 2546 1645 potest.
2579 1571 2690 1626 Nos
2723 1586 2873 1636 vero,
2909 1571 3163 1640 inquam,
3221 1568 3469 1638 hospites
3520 1566 3621 1628 tui,

2025 1676 2255 1730 liberale
2285 1672 2428 1742 apud
2460 1681 2511 1725 te
2542 1669 2867 1738 hospitium,
2901 1682 3206 1737 paremque
3239 1664 3295 1718 in
3361 1676 3411 1718 te
3454 1663 3625 1717 animi
3694 1681 3708 1689 ι

2027 1773 2325 1823 candorem
2366 1775 2419 1820 et
2451 1763 2770 1834 dignitatem
2806 1761 2947 1815 nacti
2972 1761 3096 1830 (nec
3135 1758 3281 1813 enim
3312 1757 3497 1811 verbis
3526 1769 3629 1809 nec

2029 1859 2188 1915 factis
2234 1857 2685 1915 honorificentius
2711 1854 2952 1921 {tractari
3020 1846 3439 1921 potuissemus),
3490 1845 3625 1917 quid

2026 1964 2110 2009 est
2135 1955 2354 2019 hosnes,
2390 1964 2562 2019 quate
2593 1963 2700 2001 non
2735 1952 3005 2016 quantum
3034 1944 3315 2013 possimus
3346 1954 3444 2009 par
3506 1934 3626 2008 pati

2028 2050 2252 2104 reddere
2295 2059 2585 2100 conemur.
2621 2041 2729 2095 Sed
2763 2038 2912 2093 enim
2938 2036 3274 2092 submoleste
3315 2032 3456 2088 forte
3490 2031 3634 2084 latu-

2030 2157 2149 2195 rum
2185 2151 2237 2194 te
2263 2139 2518 2206 suspicor
2550 2147 2729 2187 meum
2780 2129 3194 2186 sermocinandi
3261 2118 3460 2197 genus.
3497 2123 3632 2188 Qua:

2029 2253 2155 2290 cum
2184 2250 2287 2304 ego
2322 2236 2611 2296 dixissem,
2647 2225 3086 2285 contristabatur
3132 2219 3323 2284 Persa,
3365 2217 3634 2287 vultuque

2032 2344 2257 2385 sensum
2296 2328 2466 2383 animi
2502 2326 2829 2397 indicante,
2885 2315 3037 2371 Nihil
3088 2310 3384 2380 ejusmodi,
3428 2309 3628 2378 inquit,

2043 2424 2224 2477 vereri
2252 2429 2505 2492 oportet:
2531 2429 2762 2473 eatenus
2804 2408 3252 2471 benevolentiam
3295 2420 3465 2474 ,suam
3501 2418 3633 2474 por-

2040 2518 2168 2588 rigi,
2220 2528 2500 2586 quatenus
2552 2528 2638 2569 me
2699 2502 2916 2567 veritati
2984 2511 3265 2565 adhaarere
3318 2509 3631 2560 cerneret:

2038 2613 2424 2675 quamobrem,
2461 2609 2660 2680 inquit,
2720 2605 2873 2676 loqui
2938 2605 3074 2659 nihil
3138 2618 3249 2672 pra:
3300 2596 3632 2655 verecundia

2041 2702 2346 2760 reticendo.
2380 2702 2501 2772 Ipse
2536 2702 2701 2755 etiam
2742 2699 2886 2755 idem
2902 2709 2972 2763 ,ει
3000 2698 3185 2753 facere
3217 2710 3277 2750 se
3314 2700 3370 2748 et
3402 2692 3459 2746 in
3491 2691 3636 2747 serie

2040 2798 2472 2870 disputationum
2508 2810 2725 2864 semper
2769 2794 3044 2848 factorum
3075 2788 3380 2844 afﬁrmabat
3412 2804 3425 2841 :
3475 2801 3638 2839 cum-

2045 2911 2150 2964 que
2191 2910 2335 2956 cam,
2371 2907 2537 2961 quam
2598 2890 2679 2945 illi
2733 2904 2888 2943 eram
2947 2885 3245 2956 pollicitus,
3311 2879 3639 2951 plenamlo-

2044 2988 2246 3059 queruli
2297 2987 2603 3042 libertatem
2650 2996 2758 3059 non
2798 2989 3007 3052 peteret
3061 2985 3303 3039 tantum,
3363 2983 3638 3045 quantum

2049 3082 2288 3138 vicissim
2354 3086 2648 3151 repeteret,
2672 3092 2892 3147 aequum
2925 3088 3050 3128 esse
3076 3071 3343 3137 intellexi,
3379 3085 3468 3123 me
3498 3083 3640 3138 quo-

354 3161 511 3218 εἷπον
554 3168 648 3220 καὶ
677 3168 840 3221 αὑτὸν
886 3168 1077 3240 πράως
1106 3152 1541 3228 ἀκούειν-λοιπόν
1563 3192 1578 3207 ο
1613 3176 1676 3229 οὑ
1712 3177 1822 3249 γάρ
1870 3152 1928 3233 ἐν

2044 3175 2724 3246 quepromissaserv’are,
2762 3183 2865 3223 nec
2918 3152 3147 3222 moleste
3201 3163 3347 3219 ferre
3401 3162 3637 3217 liberum

357 3255 622 3325 ἐξελέγξω
669 3260 749 3323 είς
783 3262 1004 3328 ἀγῶνας
1056 3266 1297 3333 ἐμαυτὸν
1331 3266 1554 3336 καθῆκα
1586 3267 1733 3339 ἄλλῳ
1771 3287 1943 3339 προσ-

355 3351 589 3419 ήκοντας
622 3355 885 3423 σχήματι,
905 3355 1018 3407 ἀλλ’
1047 3358 1195 3422 ὅπως
1226 3375 1309 3411 σοι
1337 3358 1541 3413 τελέσω
1572 3361 1632 3414 τὸ
1664 3361 1938 3433 βούλημα⁸

357 3440 442 3493 ὅτι
499 3442 594 3495 καί
652 3454 741 3507 τις
796 3445 1082 3501 ὑποσαίνει
1140 3450 1249 3504 τῶν
1308 3455 1693 3522 χρηστοτέρων
1760 3455 1938 3518 ἐλπίς.

362 3534 528 3587 Ὅθεν
581 3536 805 3591 πάντων
860 3539 1049 3596 εἵνεκα
1096 3543 1207 3597 οὐδ’
1256 3545 1572 3600 οὑτινοσοῦν
1614 3546 1679 3600 ἂν
1712 3549 1832 3619 εἴην
1863 3550 1943 3603 δί-

359 3644 514 3690 καιος
566 3630 883 3700 φείσασθαι,
913 3634 1125 3706 ὅσαπερ
1176 3637 1313 3708 πρὸς
1364 3636 1524 3692 τοῦτο
1566 3641 1757 3708 φέρειν
1804 3642 1942 3694 ὑπο-

358 3718 645 3790 λαμϐάνω.
677 3722 898 3786 Δίκαια,
937 3727 1139 3792 πάντες
1179 3729 1412 3798 ἔφασαν,
1454 3730 1635 3801 λέγεις
1661 3749 1676 3764 ο
1713 3735 1806 3787 καί
1844 3752 1941 3787 σου

357 3812 614 3883 δεόμεθα,
648 3818 905 3889 καθάπερ
938 3819 1363 3893 ἐφης,ποιῆσαι.
1411 3824 1680 3880 Ἐνταῦθα
1714 3827 1814 3897 μὲν
1845 3824 1942 3881 οὖν

362 3906 472 3976 πρὸ
514 3905 697 3979 δείλης
742 3909 885 3981 ἑῴας
909 3913 977 3967 τὰ
1009 3913 1113 3983 τῆς
1153 3915 1416 3987 δευτέρας
1466 3919 1603 3988 ἡμῖν
1650 3919 1944 3985 διαλέξεως

360 3998 734 4071 ἐτελεύτησεν.

364 4105 421 4149 tu
459 4097 677 4165 quidem
714 4101 885 4167 istud,
932 4105 1188 4175 inquiunt
1220 4123 1412 4180 onmes

2044 3284 2371 3339 responsum
2410 3286 2423 3320 :
2454 3264 2727 3335 quodjam
2754 3264 2806 3317 in
2840 3261 3278 3330 principio,cum
3296 3272 3357 3313 se
3375 3257 3636 3311 daturum

2043 3366 2274 3427 diceret,
2311 3360 2745 3432 spoponderam.
2776 3355 3045 3424 Deinceps
3063 3353 3255 3425 igitur,
3288 3351 3538 3420 inquam,
3564 3355 3640 3424 tu

2047 3467 2265 3526 quoque
2293 3453 2524 3519 benigne
2561 3464 2650 3502 me
2670 3447 2863 3503 audies
2891 3465 2906 3500 :
2942 3461 3044 3500 nec
3073 3446 3219 3500 enim
3254 3442 3644 3515 ut_redargue-

2044 3560 2162 3600 rem
2192 3555 2242 3598 te
2265 3542 2527 3599 descendi
2557 3541 2612 3596 in
2650 3541 2753 3595 hoc
2783 3547 3086 3604 certamen,
3120 3535 3462 3592 conveniens
3489 3533 3643 3587 alius

2048 3654 2293 3709 persona:
2324 3637 2487 3708 paulo
2529 3636 2770 3690 fortasse
2802 3633 2979 3702 magis
3013 3645 3176 3700 quam
3204 3629 3339 3683 mihi
3390 3644 3406 3682 :
3453 3636 3510 3680 at
3547 3624 3643 3678 de-

2047 3733 2236 3788 scendi
2269 3741 2558 3806 utmorem
2591 3729 2686 3784 tibi
2730 3742 2977 3799 gererem
3004 3744 3017 3781 :
3041 3733 3096 3780 et
3132 3731 3399 3794 praetcrea
3450 3721 3642 3777 nescio

2047 3840 2171 3897 quae
2205 3825 2539 3895 optimarum
2590 3836 2774 3876 rerum
2801 3836 2929 3892 spes
2964 3819 3098 3874 mihi
3133 3816 3401 3887 injicitur.
3429 3812 3643 3880 Quibus

2047 3911 2305 3976 omnibus
2348 3919 2414 3973 de
2457 3917 2645 3972 causis
2683 3930 2794 3969 non
2845 3913 3041 3971 attinet
3096 3911 3192 3967 ulli
3259 3910 3337 3964 rei
3375 3922 3640 3979 gparcere,

2055 4029 2222 4084 quam
2247 4013 2314 4067 ad
2339 4012 2443 4066 hoc
2472 4007 2728 4073 conferre
2778 4022 2946 4081 posse
2995 4007 3257 4084 arbitror.
3310 4002 3646 4059 Rectissime

1463 4127 1477 4164 :
1536 4110 1886 4183 petimusque
1918 4125 2051 4187 ate,
2111 4123 2172 4168 ut
2219 4110 2368 4183 quod
2391 4109 2701 4180 'pollicitus
2754 4078 2834 4173 es,
2885 4078 3265 4175 repraesentes.
3332 4102 3465 4168 Quae
3515 4114 3644 4154 cum

362 4198 550 4246 essent
576 4193 742 4257 dicta.
764 4208 891 4252 ante
922 4201 1253 4257 matutinum
1287 4204 1674 4274 crepusculum
1704 4210 1981 4264 secundus
2007 4207 2258 4277 dialogus
2286 4205 2368 4261 sic
2392 4204 2691 4260 conclusus
2718 4211 2822 4258 est.

365 4468 584 4527 debere.

439 4399 519 4480 _(I)
554 4398 781 4458 Videtur
806 4404 893 4458 hic
931 4403 1090 4474 ἔφην,
1139 4404 1260 4462 sive
1326 4406 1467 4477 πρὸς
1543 4409 1790 4480 ἐμαυτὸν
1864 4408 1928 4461 ἐλε

2037 4408 2229 4480 τάμην,
2287 4409 2405 4467 sive
2470 4408 2579 4464 tale
2628 4405 2859 4477 aliquid,
2921 4405 2991 4461 ab
3048 4372 3261 4460 lectore
3306 4399 3647 4472 subintelligi

452 4664 3636 4707 Μ

1669 4873 2347 5020 MONITUM

1970 5123 2055 5164 AD

612 5312 1023 5376 MANUELIS
1087 5311 1577 5377 PALJEOLOGI
1611 5312 1692 5372 ΙΝ
1725 5307 2124 5371 FRATREM
2177 5309 2393 5371 SUUM
2442 5309 2929 5372 ORATIONEM
2953 5259 3408 5372 FUNEBREM.

1541 5461 1835 5524 (COIIBBFIS.
1898 5461 2044 5511 Auct.
2113 5458 2241 5512 Bibl.
2311 5459 2466 5521 PP.)

432 5738 895 5799 Luculeutissima
924 5739 1198 5805 oratione,
1230 5754 1361 5794 cum
1398 5752 1552 5794 suam
1575 5737 1878 5809 fratrisque
1899 5739 2157 5810 pietatem
2189 5732 2410 5805 egregie
2425 5740 2700 5796 testatam,
2720 5722 2933 5789 meliori
2962 5749 3080 5797 aevo
3110 5750 3176 5790 ac
3197 5734 3417 5790 fortuna
3447 5733 3651 5805 dignus

362 5830 692 5899 imperator,
715 5822 868 5893 facit,
899 5825 1134 5896 ejusque
1158 5824 1297 5880 alias
1322 5824 1555 5879 virtutes
1573 5824 1842 5895 celebrat,
1869 5836 1986 5883 tum
2008 5824 2317 5882 occidentis
2350 5821 2645 5897 inOriente
2671 5819 2911 5879 Romani
2940 5822 3181 5893 imperii,
3197 5822 3552 5898 Orientisque
3576 5838 3642 5881 ac

3507 330 3612 393 174
3704 332 3707 333 ⁷
