  <div class='ocr_page' id='page_1' title='image "/cluster/home/n/w/nwhite01/storage/ocr_20150623/156/coo.31924054870617/095.png"; bbox 0 0 3950 6458; ppageno 0'>
   <div class='ocr_carea' id='block_1_1' title="bbox 439 320 3660 413">
    <p class='ocr_par' dir='ltr' id='par_1_1' title="bbox 439 320 3660 413">
     <span class='ocr_line' id='line_1_1' title="bbox 439 320 3660 413; baseline 0.006 -29"><span class='ocrx_word' id='word_1_1' title='bbox 439 329 543 393; x_wconf 77' lang='lat'><strong>175</strong></span> <span class='ocrx_word' id='word_1_2' title='bbox 1625 331 2016 393; x_wconf 83' lang='lat' dir='ltr'><strong>MANUELIS</strong></span> <span class='ocrx_word' id='word_1_3' title='bbox 2050 332 2521 405; x_wconf 63' lang='lat' dir='ltr'><strong>PAL/E‘OLOGI</strong></span> <span class='ocrx_word' id='word_1_4' title='bbox 3294 380 3334 413; x_wconf 53' lang='grc' dir='ltr'><strong>η</strong></span> <span class='ocrx_word' id='word_1_5' title='bbox 3566 344 3660 408; x_wconf 71' lang='lat' dir='ltr'><strong>ne</strong></span> 
     </span>
    </p>
   </div>
   <div class='ocr_carea' id='block_1_2' title="bbox 430 444 3660 519">
    <p class='ocr_par' dir='ltr' id='par_1_2' title="bbox 430 444 3660 519">
     <span class='ocr_line' id='line_1_2' title="bbox 430 444 3660 519; baseline 0.002 -21"><span class='ocrx_word' id='word_1_6' title='bbox 430 445 633 501; x_wconf 85' lang='lat' dir='ltr'><strong>mirum</strong></span> <span class='ocrx_word' id='word_1_7' title='bbox 673 452 943 515; x_wconf 88' lang='lat' dir='ltr'><strong>quantum</strong></span> <span class='ocrx_word' id='word_1_8' title='bbox 976 444 1351 516; x_wconf 79' lang='lat' dir='ltr'><strong>promoveatis</strong></span> <span class='ocrx_word' id='word_1_9' title='bbox 1386 444 1690 508; x_wconf 83' lang='lat' dir='ltr'><strong>Osmanici,</strong></span> <span class='ocrx_word' id='word_1_10' title='bbox 1722 445 1961 515; x_wconf 89' lang='lat' dir='ltr'><strong>speciem</strong></span> <span class='ocrx_word' id='word_1_11' title='bbox 1998 444 2277 514; x_wconf 75' lang='lat' dir='ltr'><strong>proponit.</strong></span> <span class='ocrx_word' id='word_1_12' title='bbox 2314 447 2480 501; x_wconf 88' lang='lat' dir='ltr'><strong>Plura</strong></span> <span class='ocrx_word' id='word_1_13' title='bbox 2531 448 2788 502; x_wconf 78' lang='lat' dir='ltr'><strong>edisserit</strong></span> <span class='ocrx_word' id='word_1_14' title='bbox 2816 462 2882 501; x_wconf 84' lang='lat' dir='ltr'><strong>ex</strong></span> <span class='ocrx_word' id='word_1_15' title='bbox 2912 445 3115 517; x_wconf 84' lang='lat' dir='ltr'><strong>quibus</strong></span> <span class='ocrx_word' id='word_1_16' title='bbox 3155 447 3414 517; x_wconf 81' lang='lat' dir='ltr'><strong>politicus</strong></span> <span class='ocrx_word' id='word_1_17' title='bbox 3438 448 3660 519; x_wconf 88' lang='lat' dir='ltr'><strong>imperio</strong></span> 
     </span>
    </p>
   </div>
   <div class='ocr_carea' id='block_1_3' title="bbox 432 528 3658 603">
    <p class='ocr_par' dir='ltr' id='par_1_3' title="bbox 432 528 3658 603">
     <span class='ocr_line' id='line_1_3' title="bbox 432 528 3658 603; baseline 0.003 -20"><span class='ocrx_word' id='word_1_18' title='bbox 432 545 709 599; x_wconf 79' lang='lat' dir='ltr'><strong>regnoque</strong></span> <span class='ocrx_word' id='word_1_19' title='bbox 744 532 918 600; x_wconf 87' lang='lat' dir='ltr'><strong>possit</strong></span> <span class='ocrx_word' id='word_1_20' title='bbox 942 532 1248 595; x_wconf 87' lang='lat' dir='ltr'><strong>consulere,</strong></span> <span class='ocrx_word' id='word_1_21' title='bbox 1274 529 1455 598; x_wconf 83' lang='lat' dir='ltr'><strong>eique,</strong></span> <span class='ocrx_word' id='word_1_22' title='bbox 1484 544 1514 583; x_wconf 89' lang='lat' dir='ltr'><strong>a</strong></span> <span class='ocrx_word' id='word_1_23' title='bbox 1539 528 1836 584; x_wconf 83' lang='lat' dir='ltr'><strong>Christiani</strong></span> <span class='ocrx_word' id='word_1_24' title='bbox 1871 530 2112 584; x_wconf 90' lang='lat' dir='ltr'><strong>nominis</strong></span> <span class='ocrx_word' id='word_1_25' title='bbox 2141 535 2419 588; x_wconf 87' lang='lat' dir='ltr'><strong>communi</strong></span> <span class='ocrx_word' id='word_1_26' title='bbox 2447 537 2637 589; x_wconf 86' lang='lat' dir='ltr'><strong>eodem</strong></span> <span class='ocrx_word' id='word_1_27' title='bbox 2673 536 2849 598; x_wconf 88' lang='lat' dir='ltr'><strong>hoste,</strong></span> <span class='ocrx_word' id='word_1_28' title='bbox 2900 548 3014 603; x_wconf 87' lang='lat' dir='ltr'><strong>quo</strong></span> <span class='ocrx_word' id='word_1_29' title='bbox 3048 535 3290 590; x_wconf 87' lang='lat' dir='ltr'><strong>deletum</strong></span> <span class='ocrx_word' id='word_1_30' title='bbox 3321 544 3404 592; x_wconf 88' lang='lat' dir='ltr'><strong>est</strong></span> <span class='ocrx_word' id='word_1_31' title='bbox 3462 535 3658 593; x_wconf 85' lang='lat' dir='ltr'><strong>Orien-</strong></span> 
     </span>
    </p>
   </div>
   <div class='ocr_carea' id='block_1_4' title="bbox 432 616 3660 685">
    <p class='ocr_par' dir='ltr' id='par_1_4' title="bbox 432 616 3660 685">
     <span class='ocr_line' id='line_1_4' title="bbox 432 616 3660 685; baseline 0.001 -17"><span class='ocrx_word' id='word_1_32' title='bbox 432 619 538 671; x_wconf 84' lang='lat' dir='ltr'><strong>tale</strong></span> <span class='ocrx_word' id='word_1_33' title='bbox 569 618 883 685; x_wconf 84' lang='lat' dir='ltr'><strong>imperium,</strong></span> <span class='ocrx_word' id='word_1_34' title='bbox 906 618 991 672; x_wconf 90' lang='lat' dir='ltr'><strong>vel</strong></span> <span class='ocrx_word' id='word_1_35' title='bbox 1022 618 1181 671; x_wconf 88' lang='lat' dir='ltr'><strong>modo</strong></span> <span class='ocrx_word' id='word_1_36' title='bbox 1215 631 1434 679; x_wconf 83' lang='lat' dir='ltr'><strong>cavere,</strong></span> <span class='ocrx_word' id='word_1_37' title='bbox 1467 632 1590 670; x_wconf 91' lang='lat' dir='ltr'><strong>cum</strong></span> <span class='ocrx_word' id='word_1_38' title='bbox 1618 618 1662 669; x_wconf 90' lang='lat' dir='ltr'><strong>is</strong></span> <span class='ocrx_word' id='word_1_39' title='bbox 1695 618 1898 670; x_wconf 90' lang='lat' dir='ltr'><strong>bellum</strong></span> <span class='ocrx_word' id='word_1_40' title='bbox 1926 618 1979 670; x_wconf 91' lang='lat' dir='ltr'><strong>in</strong></span> <span class='ocrx_word' id='word_1_41' title='bbox 2009 616 2356 670; x_wconf 74' lang='lat' dir='ltr'><strong>Christianos</strong></span> <span class='ocrx_word' id='word_1_42' title='bbox 2388 618 2778 680; x_wconf 87' lang='lat' dir='ltr'><strong>instauratum,</strong></span> <span class='ocrx_word' id='word_1_43' title='bbox 2812 619 2970 672; x_wconf 87' lang='lat' dir='ltr'><strong>novis</strong></span> <span class='ocrx_word' id='word_1_44' title='bbox 3007 618 3119 683; x_wconf 86' lang='lat' dir='ltr'><strong>jam</strong></span> <span class='ocrx_word' id='word_1_45' title='bbox 3153 619 3423 683; x_wconf 75' lang='lat' dir='ltr'><strong>victoriis,</strong></span> <span class='ocrx_word' id='word_1_46' title='bbox 3481 634 3545 672; x_wconf 90' lang='lat' dir='ltr'><strong>ac</strong></span> <span class='ocrx_word' id='word_1_47' title='bbox 3596 626 3660 672; x_wconf 81' lang='lat' dir='ltr'><strong>ab</strong></span> 
     </span>
    </p>
   </div>
   <div class='ocr_carea' id='block_1_5' title="bbox 427 697 3656 775">
    <p class='ocr_par' dir='ltr' id='par_1_5' title="bbox 427 697 3656 775">
     <span class='ocr_line' id='line_1_5' title="bbox 427 697 3656 775; baseline 0.002 -23"><span class='ocrx_word' id='word_1_48' title='bbox 427 716 572 754; x_wconf 86' lang='lat' dir='ltr'><strong>anno</strong></span> <span class='ocrx_word' id='word_1_49' title='bbox 606 701 799 765; x_wconf 88' lang='lat' dir='ltr'><strong>altero,</strong></span> <span class='ocrx_word' id='word_1_50' title='bbox 836 700 1121 753; x_wconf 83' lang='lat' dir='ltr'><strong>celebrare</strong></span> <span class='ocrx_word' id='word_1_51' title='bbox 1153 700 1338 767; x_wconf 74' lang='lat' dir='ltr'><strong>coepit.</strong></span> <span class='ocrx_word' id='word_1_52' title='bbox 1372 697 1592 764; x_wconf 81' lang='lat' dir='ltr'><strong>Fecere,</strong></span> <span class='ocrx_word' id='word_1_53' title='bbox 1622 714 1745 752; x_wconf 91' lang='lat' dir='ltr'><strong>cum</strong></span> <span class='ocrx_word' id='word_1_54' title='bbox 1780 698 2095 754; x_wconf 84' lang='lat' dir='ltr'><strong>Graecorum</strong></span> <span class='ocrx_word' id='word_1_55' title='bbox 2118 701 2408 757; x_wconf 68' lang='lat' dir='ltr'><strong>discordiae</strong></span> <span class='ocrx_word' id='word_1_56' title='bbox 2435 715 2656 767; x_wconf 66' lang='lat' dir='ltr'><strong>mntuaa,</strong></span> <span class='ocrx_word' id='word_1_57' title='bbox 2685 713 2961 772; x_wconf 58' lang='lat' dir='ltr'><strong>tantasque</strong></span> <span class='ocrx_word' id='word_1_58' title='bbox 2988 704 3181 770; x_wconf 52' lang='lat' dir='ltr'><strong>ill-style</strong></span> <span class='ocrx_word' id='word_1_59' title='bbox 3205 719 3417 758; x_wconf 84' lang='lat' dir='ltr'><strong>summa</strong></span> <span class='ocrx_word' id='word_1_60' title='bbox 3451 705 3656 775; x_wconf 84' lang='lat' dir='ltr'><strong>imperii</strong></span> 
     </span>
    </p>
   </div>
   <div class='ocr_carea' id='block_1_6' title="bbox 427 785 3658 855">
    <p class='ocr_par' dir='ltr' id='par_1_6' title="bbox 427 785 3658 855">
     <span class='ocr_line' id='line_1_6' title="bbox 427 785 3658 855; baseline 0.001 -17"><span class='ocrx_word' id='word_1_61' title='bbox 427 787 888 851; x_wconf 72' lang='lat' dir='ltr'><strong>i-oneertationcs,</strong></span> <span class='ocrx_word' id='word_1_62' title='bbox 931 797 1044 840; x_wconf 92' lang='lat' dir='ltr'><strong>tum</strong></span> <span class='ocrx_word' id='word_1_63' title='bbox 1078 786 1436 855; x_wconf 83' lang='lat' dir='ltr'><strong>dynastarum</strong></span> <span class='ocrx_word' id='word_1_64' title='bbox 1478 785 1741 850; x_wconf 87' lang='lat' dir='ltr'><strong>aliorum,</strong></span> <span class='ocrx_word' id='word_1_65' title='bbox 1779 785 1972 840; x_wconf 82' lang='lat' dir='ltr'><strong>iisdem</strong></span> <span class='ocrx_word' id='word_1_66' title='bbox 2014 800 2080 840; x_wconf 91' lang='lat' dir='ltr'><strong>ac</strong></span> <span class='ocrx_word' id='word_1_67' title='bbox 2108 787 2210 840; x_wconf 90' lang='lat' dir='ltr'><strong>sibi</strong></span> <span class='ocrx_word' id='word_1_68' title='bbox 2263 797 2452 841; x_wconf 83' lang='lat' dir='ltr'><strong>nnttuo</strong></span> <span class='ocrx_word' id='word_1_69' title='bbox 2489 787 2631 840; x_wconf 85' lang='lat' dir='ltr'><strong>haud</strong></span> <span class='ocrx_word' id='word_1_70' title='bbox 2659 788 2797 840; x_wconf 86' lang='lat' dir='ltr'><strong>satis</strong></span> <span class='ocrx_word' id='word_1_71' title='bbox 2825 787 3293 849; x_wconf 88' lang='lat' dir='ltr'><strong>convenientium,</strong></span> <span class='ocrx_word' id='word_1_72' title='bbox 3323 788 3459 840; x_wconf 84' lang='lat' dir='ltr'><strong>mala</strong></span> <span class='ocrx_word' id='word_1_73' title='bbox 3487 789 3658 842; x_wconf 84' lang='lat' dir='ltr'><strong>studia</strong></span> 
     </span>
    </p>
   </div>
   <div class='ocr_carea' id='block_1_7' title="bbox 428 866 3661 942">
    <p class='ocr_par' dir='ltr' id='par_1_7' title="bbox 428 866 3661 942">
     <span class='ocr_line' id='line_1_7' title="bbox 428 866 3661 942; baseline 0 -18"><span class='ocrx_word' id='word_1_74' title='bbox 428 880 487 924; x_wconf 92' lang='lat' dir='ltr'><strong>ut</strong></span> <span class='ocrx_word' id='word_1_75' title='bbox 516 887 581 924; x_wconf 90' lang='lat' dir='ltr'><strong>nc</strong></span> <span class='ocrx_word' id='word_1_76' title='bbox 620 870 851 923; x_wconf 69' lang='lat' dir='ltr'><strong>aliorum</strong></span> <span class='ocrx_word' id='word_1_77' title='bbox 883 868 1188 936; x_wconf 79' lang='lat' dir='ltr'><strong>neglectum</strong></span> <span class='ocrx_word' id='word_1_78' title='bbox 1221 866 1423 930; x_wconf 87' lang='lat' dir='ltr'><strong>dicam,</strong></span> <span class='ocrx_word' id='word_1_79' title='bbox 1462 868 1947 939; x_wconf 83' lang='lat' dir='ltr'><strong>haudpntantinm</strong></span> <span class='ocrx_word' id='word_1_80' title='bbox 1976 870 2226 939; x_wconf 88' lang='lat' dir='ltr'><strong>ipsorum</strong></span> <span class='ocrx_word' id='word_1_81' title='bbox 2253 888 2364 927; x_wconf 85' lang='lat' dir='ltr'><strong>rem</strong></span> <span class='ocrx_word' id='word_1_82' title='bbox 2400 874 2510 942; x_wconf 83' lang='lat' dir='ltr'><strong>agi,</strong></span> <span class='ocrx_word' id='word_1_83' title='bbox 2544 890 2670 929; x_wconf 89' lang='lat' dir='ltr'><strong>cum</strong></span> <span class='ocrx_word' id='word_1_84' title='bbox 2705 874 2925 927; x_wconf 85' lang='lat' dir='ltr'><strong>arderet</strong></span> <span class='ocrx_word' id='word_1_85' title='bbox 2953 872 3237 939; x_wconf 81' lang='lat' dir='ltr'><strong>proximus</strong></span> <span class='ocrx_word' id='word_1_86' title='bbox 3268 873 3465 939; x_wconf 86' lang='lat' dir='ltr'><strong>paries,</strong></span> <span class='ocrx_word' id='word_1_87' title='bbox 3496 884 3551 925; x_wconf 88' lang='lat' dir='ltr'><strong>ut</strong></span> <span class='ocrx_word' id='word_1_88' title='bbox 3586 876 3661 927; x_wconf 83' lang='lat' dir='ltr'><strong>sic</strong></span> 
     </span>
    </p>
   </div>
   <div class='ocr_carea' id='block_1_8' title="bbox 426 954 3662 1028">
    <p class='ocr_par' dir='ltr' id='par_1_8' title="bbox 426 954 3662 1028">
     <span class='ocr_line' id='line_1_8' title="bbox 426 954 3662 1028; baseline -0.002 -17"><span class='ocrx_word' id='word_1_89' title='bbox 426 960 628 1021; x_wconf 70' lang='lat' dir='ltr'><strong>nostris</strong></span> <span class='ocrx_word' id='word_1_90' title='bbox 648 958 842 1012; x_wconf 84' lang='lat' dir='ltr'><strong>accisis</strong></span> <span class='ocrx_word' id='word_1_91' title='bbox 868 957 1051 1019; x_wconf 86' lang='lat' dir='ltr'><strong>rebus,</strong></span> <span class='ocrx_word' id='word_1_92' title='bbox 1074 963 1371 1025; x_wconf 72' lang='lat' dir='ltr'><strong>coactoque</strong></span> <span class='ocrx_word' id='word_1_93' title='bbox 1402 957 1453 1008; x_wconf 91' lang='lat' dir='ltr'><strong>in</strong></span> <span class='ocrx_word' id='word_1_94' title='bbox 1477 968 1607 1011; x_wconf 81' lang='lat' dir='ltr'><strong>casa</strong></span> <span class='ocrx_word' id='word_1_95' title='bbox 1635 959 1878 1028; x_wconf 87' lang='lat' dir='ltr'><strong>ngustias</strong></span> <span class='ocrx_word' id='word_1_96' title='bbox 1900 958 2207 1013; x_wconf 88' lang='lat' dir='ltr'><strong>Christiana</strong></span> <span class='ocrx_word' id='word_1_97' title='bbox 2236 958 2533 1025; x_wconf 80' lang='lat' dir='ltr'><strong>republica,</strong></span> <span class='ocrx_word' id='word_1_98' title='bbox 2555 955 2903 1009; x_wconf 81' lang='lat' dir='ltr'><strong>formidabile</strong></span> <span class='ocrx_word' id='word_1_99' title='bbox 2926 954 3062 1008; x_wconf 87' lang='lat' dir='ltr'><strong>adeo</strong></span> <span class='ocrx_word' id='word_1_100' title='bbox 3094 955 3384 1024; x_wconf 89' lang='lat' dir='ltr'><strong>imperium</strong></span> <span class='ocrx_word' id='word_1_101' title='bbox 3414 956 3467 1008; x_wconf 89' lang='lat' dir='ltr'><strong>in</strong></span> <span class='ocrx_word' id='word_1_102' title='bbox 3487 955 3662 1008; x_wconf 84' lang='lat' dir='ltr'><strong>mundi</strong></span> 
     </span>
    </p>
   </div>
   <div class='ocr_carea' id='block_1_9' title="bbox 430 1039 3656 1117">
    <p class='ocr_par' dir='ltr' id='par_1_9' title="bbox 430 1039 3656 1117">
     <span class='ocr_line' id='line_1_9' title="bbox 430 1039 3656 1117; baseline -0 -22"><span class='ocrx_word' id='word_1_103' title='bbox 430 1054 614 1117; x_wconf 80' lang='lat' dir='ltr'><strong>partes</strong></span> <span class='ocrx_word' id='word_1_104' title='bbox 637 1055 831 1095; x_wconf 90' lang='lat' dir='ltr'><strong>omnes</strong></span> <span class='ocrx_word' id='word_1_105' title='bbox 861 1040 1032 1094; x_wconf 79' lang='lat' dir='ltr'><strong>bestia</strong></span> <span class='ocrx_word' id='word_1_106' title='bbox 1065 1041 1356 1107; x_wconf 66' lang='lat' dir='ltr'><strong>proferret,</strong></span> <span class='ocrx_word' id='word_1_107' title='bbox 1388 1053 1450 1093; x_wconf 82' lang='lat' dir='ltr'><strong>ac</strong></span> <span class='ocrx_word' id='word_1_108' title='bbox 1483 1051 1590 1094; x_wconf 89' lang='lat' dir='ltr'><strong>tam</strong></span> <span class='ocrx_word' id='word_1_109' title='bbox 1624 1042 1811 1095; x_wconf 84' lang='lat' dir='ltr'><strong>multis</strong></span> <span class='ocrx_word' id='word_1_110' title='bbox 1843 1044 2141 1111; x_wconf 84' lang='lat' dir='ltr'><strong>provinciis</strong></span> <span class='ocrx_word' id='word_1_111' title='bbox 2164 1046 2462 1101; x_wconf 79' lang='lat' dir='ltr'><strong>Christiani</strong></span> <span class='ocrx_word' id='word_1_112' title='bbox 2490 1043 2706 1111; x_wconf 87' lang='lat' dir='ltr'><strong>imperii</strong></span> <span class='ocrx_word' id='word_1_113' title='bbox 2737 1043 2923 1097; x_wconf 85' lang='lat' dir='ltr'><strong>lumen</strong></span> <span class='ocrx_word' id='word_1_114' title='bbox 2954 1042 3355 1111; x_wconf 79' lang='lat' dir='ltr'><strong>exstingueret.</strong></span> <span class='ocrx_word' id='word_1_115' title='bbox 3380 1039 3434 1114; x_wconf 23' lang='lat'><strong>0,</strong></span> <span class='ocrx_word' id='word_1_116' title='bbox 3455 1042 3656 1095; x_wconf 81' lang='lat' dir='ltr'><strong>utinam</strong></span> 
     </span>
    </p>
   </div>
   <div class='ocr_carea' id='block_1_10' title="bbox 428 1124 3664 1201">
    <p class='ocr_par' dir='ltr' id='par_1_10' title="bbox 428 1124 3664 1201">
     <span class='ocr_line' id='line_1_10' title="bbox 428 1124 3664 1201; baseline -0.002 -18"><span class='ocrx_word' id='word_1_117' title='bbox 428 1131 514 1185; x_wconf 82' lang='lat' dir='ltr'><strong>vel</strong></span> <span class='ocrx_word' id='word_1_118' title='bbox 545 1145 670 1185; x_wconf 88' lang='lat' dir='ltr'><strong>sero</strong></span> <span class='ocrx_word' id='word_1_119' title='bbox 707 1129 955 1192; x_wconf 78' lang='lat' dir='ltr'><strong>tandem,</strong></span> <span class='ocrx_word' id='word_1_120' title='bbox 979 1127 1190 1181; x_wconf 81' lang='lat' dir='ltr'><strong>funesta</strong></span> <span class='ocrx_word' id='word_1_121' title='bbox 1224 1128 1362 1181; x_wconf 74' lang='lat' dir='ltr'><strong>adeo</strong></span> <span class='ocrx_word' id='word_1_122' title='bbox 1396 1128 1599 1197; x_wconf 87' lang='lat' dir='ltr'><strong>imago,</strong></span> <span class='ocrx_word' id='word_1_123' title='bbox 1621 1136 1888 1184; x_wconf 85' lang='lat' dir='ltr'><strong>terrorem</strong></span> <span class='ocrx_word' id='word_1_124' title='bbox 1922 1148 2084 1201; x_wconf 87' lang='lat' dir='ltr'><strong>quem</strong></span> <span class='ocrx_word' id='word_1_125' title='bbox 2112 1139 2195 1184; x_wconf 88' lang='lat' dir='ltr'><strong>est</strong></span> <span class='ocrx_word' id='word_1_126' title='bbox 2225 1139 2376 1192; x_wconf 89' lang='lat' dir='ltr'><strong>nata,</strong></span> <span class='ocrx_word' id='word_1_127' title='bbox 2401 1128 2608 1182; x_wconf 86' lang='lat' dir='ltr'><strong>nostris</strong></span> <span class='ocrx_word' id='word_1_128' title='bbox 2658 1127 2959 1196; x_wconf 80' lang='lat' dir='ltr'><strong>imprimat,</strong></span> <span class='ocrx_word' id='word_1_129' title='bbox 3002 1126 3348 1194; x_wconf 80' lang='lat' dir='ltr'><strong>multamque</strong></span> <span class='ocrx_word' id='word_1_130' title='bbox 3377 1124 3546 1186; x_wconf 88' lang='lat' dir='ltr'><strong>illam,</strong></span> <span class='ocrx_word' id='word_1_131' title='bbox 3574 1124 3664 1177; x_wconf 87' lang='lat' dir='ltr'><strong>sed</strong></span> 
     </span>
    </p>
   </div>
   <div class='ocr_carea' id='block_1_11' title="bbox 431 1210 3663 1284">
    <p class='ocr_par' dir='ltr' id='par_1_11' title="bbox 431 1210 3663 1284">
     <span class='ocr_line' id='line_1_11' title="bbox 431 1210 3663 1284; baseline -0.002 -17"><span class='ocrx_word' id='word_1_132' title='bbox 431 1215 728 1283; x_wconf 84' lang='lat' dir='ltr'><strong>tardiorem</strong></span> <span class='ocrx_word' id='word_1_133' title='bbox 754 1213 808 1266; x_wconf 90' lang='lat' dir='ltr'><strong>in</strong></span> <span class='ocrx_word' id='word_1_134' title='bbox 843 1212 1053 1263; x_wconf 90' lang='lat' dir='ltr'><strong>hostem</strong></span> <span class='ocrx_word' id='word_1_135' title='bbox 1091 1211 1339 1263; x_wconf 86' lang='lat' dir='ltr'><strong>nonnihil</strong></span> <span class='ocrx_word' id='word_1_136' title='bbox 1368 1212 1637 1266; x_wconf 88' lang='lat' dir='ltr'><strong>hactenus</strong></span> <span class='ocrx_word' id='word_1_137' title='bbox 1670 1215 2051 1284; x_wconf 83' lang='lat' dir='ltr'><strong>remotiorem,</strong></span> <span class='ocrx_word' id='word_1_138' title='bbox 2084 1232 2275 1272; x_wconf 87' lang='lat' dir='ltr'><strong>eorum</strong></span> <span class='ocrx_word' id='word_1_139' title='bbox 2306 1218 2566 1270; x_wconf 83' lang='lat' dir='ltr'><strong>virtutem</strong></span> <span class='ocrx_word' id='word_1_140' title='bbox 2596 1214 2891 1284; x_wconf 87' lang='lat' dir='ltr'><strong>provocet!</strong></span> <span class='ocrx_word' id='word_1_141' title='bbox 2935 1212 3047 1267; x_wconf 87' lang='lat' dir='ltr'><strong>Hoc</strong></span> <span class='ocrx_word' id='word_1_142' title='bbox 3079 1212 3201 1275; x_wconf 88' lang='lat' dir='ltr'><strong>tibi,</strong></span> <span class='ocrx_word' id='word_1_143' title='bbox 3233 1211 3440 1275; x_wconf 85' lang='lat' dir='ltr'><strong>Gallia,</strong></span> <span class='ocrx_word' id='word_1_144' title='bbox 3490 1210 3663 1263; x_wconf 84' lang='lat' dir='ltr'><strong>Ludo-</strong></span> 
     </span>
    </p>
   </div>
   <div class='ocr_carea' id='block_1_12' title="bbox 427 1293 3665 1369">
    <p class='ocr_par' dir='ltr' id='par_1_12' title="bbox 427 1293 3665 1369">
     <span class='ocr_line' id='line_1_12' title="bbox 427 1293 3665 1369; baseline -0.002 -15"><span class='ocrx_word' id='word_1_145' title='bbox 427 1302 532 1355; x_wconf 80' lang='lat' dir='ltr'><strong>vici</strong></span> <span class='ocrx_word' id='word_1_146' title='bbox 570 1299 709 1354; x_wconf 85' lang='lat' dir='ltr'><strong>Justi</strong></span> <span class='ocrx_word' id='word_1_147' title='bbox 737 1314 802 1354; x_wconf 89' lang='lat' dir='ltr'><strong>ac</strong></span> <span class='ocrx_word' id='word_1_148' title='bbox 834 1296 1101 1352; x_wconf 84' lang='lat' dir='ltr'><strong>Adeodati</strong></span> <span class='ocrx_word' id='word_1_149' title='bbox 1137 1298 1214 1350; x_wconf 89' lang='lat' dir='ltr'><strong>tui</strong></span> <span class='ocrx_word' id='word_1_150' title='bbox 1246 1298 1534 1365; x_wconf 84' lang='lat' dir='ltr'><strong>auspiciis.</strong></span> <span class='ocrx_word' id='word_1_151' title='bbox 1565 1299 1755 1369; x_wconf 69' lang='lat' dir='ltr'><strong>gloriae</strong></span> <span class='ocrx_word' id='word_1_152' title='bbox 1787 1305 1956 1359; x_wconf 88' lang='lat' dir='ltr'><strong>tantis</strong></span> <span class='ocrx_word' id='word_1_153' title='bbox 1980 1305 2241 1363; x_wconf 89' lang='lat' dir='ltr'><strong>cumulis,</strong></span> <span class='ocrx_word' id='word_1_154' title='bbox 2277 1311 2548 1367; x_wconf 85' lang='lat' dir='ltr'><strong>tantaque</strong></span> <span class='ocrx_word' id='word_1_155' title='bbox 2578 1297 2794 1366; x_wconf 87' lang='lat' dir='ltr'><strong>imperii</strong></span> <span class='ocrx_word' id='word_1_156' title='bbox 2852 1298 3181 1364; x_wconf 83' lang='lat' dir='ltr'><strong>prolatione,</strong></span> <span class='ocrx_word' id='word_1_157' title='bbox 3244 1294 3435 1349; x_wconf 83' lang='lat' dir='ltr'><strong>divina</strong></span> <span class='ocrx_word' id='word_1_158' title='bbox 3489 1293 3665 1348; x_wconf 82' lang='lat' dir='ltr'><strong>virtus</strong></span> 
     </span>
    </p>
   </div>
   <div class='ocr_carea' id='block_1_13' title="bbox 426 1382 3664 1454">
    <p class='ocr_par' dir='ltr' id='par_1_13' title="bbox 426 1382 3664 1454">
     <span class='ocr_line' id='line_1_13' title="bbox 426 1382 3664 1454; baseline -0.001 -18"><span class='ocrx_word' id='word_1_159' title='bbox 426 1385 768 1454; x_wconf 78' lang='lat' dir='ltr'><strong>pugnaverit,</strong></span> <span class='ocrx_word' id='word_1_160' title='bbox 804 1390 1133 1451; x_wconf 81' lang='lat' dir='ltr'><strong>pugnetqne,</strong></span> <span class='ocrx_word' id='word_1_161' title='bbox 1166 1396 1276 1448; x_wconf 86' lang='lat' dir='ltr'><strong>quo</strong></span> <span class='ocrx_word' id='word_1_162' title='bbox 1301 1382 1416 1448; x_wconf 85' lang='lat' dir='ltr'><strong>ipsa</strong></span> <span class='ocrx_word' id='word_1_163' title='bbox 1450 1383 1670 1449; x_wconf 72' lang='lat' dir='ltr'><strong>iterum.</strong></span> <span class='ocrx_word' id='word_1_164' title='bbox 1699 1385 1753 1438; x_wconf 79' lang='lat' dir='ltr'><strong>in</strong></span> <span class='ocrx_word' id='word_1_165' title='bbox 1787 1387 2032 1453; x_wconf 86' lang='lat' dir='ltr'><strong>ejusdem</strong></span> <span class='ocrx_word' id='word_1_166' title='bbox 2069 1408 2133 1447; x_wconf 89' lang='lat' dir='ltr'><strong>ac</strong></span> <span class='ocrx_word' id='word_1_167' title='bbox 2183 1388 2487 1445; x_wconf 80' lang='lat' dir='ltr'><strong>Christiani</strong></span> <span class='ocrx_word' id='word_1_168' title='bbox 2516 1387 2751 1442; x_wconf 87' lang='lat' dir='ltr'><strong>nominis</strong></span> <span class='ocrx_word' id='word_1_169' title='bbox 2784 1387 2967 1439; x_wconf 79' lang='lat' dir='ltr'><strong>hostes</strong></span> <span class='ocrx_word' id='word_1_170' title='bbox 3002 1385 3146 1449; x_wconf 89' lang='lat' dir='ltr'><strong>illos,</strong></span> <span class='ocrx_word' id='word_1_171' title='bbox 3180 1393 3270 1437; x_wconf 90' lang='lat' dir='ltr'><strong>tua</strong></span> <span class='ocrx_word' id='word_1_172' title='bbox 3300 1382 3388 1435; x_wconf 87' lang='lat' dir='ltr'><strong>illa</strong></span> <span class='ocrx_word' id='word_1_173' title='bbox 3430 1382 3664 1435; x_wconf 81' lang='lat' dir='ltr'><strong>victricia</strong></span> 
     </span>
    </p>
   </div>
   <div class='ocr_carea' id='block_1_14' title="bbox 425 1465 3671 1548">
    <p class='ocr_par' dir='ltr' id='par_1_14' title="bbox 425 1465 3671 1548">
     <span class='ocr_line' id='line_1_14' title="bbox 425 1465 3671 1548; baseline -0.003 -22"><span class='ocrx_word' id='word_1_174' title='bbox 425 1475 613 1541; x_wconf 81' lang='lat' dir='ltr'><strong>signa,‘</strong></span> <span class='ocrx_word' id='word_1_175' title='bbox 633 1469 863 1525; x_wconf 89' lang='lat' dir='ltr'><strong>inferas.</strong></span> <span class='ocrx_word' id='word_1_176' title='bbox 899 1466 972 1523; x_wconf 91' lang='lat' dir='ltr'><strong>Ut</strong></span> <span class='ocrx_word' id='word_1_177' title='bbox 1004 1468 1406 1535; x_wconf 68' lang='lat' dir='ltr'><strong>subManuelc,</strong></span> <span class='ocrx_word' id='word_1_178' title='bbox 1444 1484 1510 1523; x_wconf 89' lang='lat' dir='ltr'><strong>ac</strong></span> <span class='ocrx_word' id='word_1_179' title='bbox 1543 1485 1609 1524; x_wconf 91' lang='lat' dir='ltr'><strong>eo</strong></span> <span class='ocrx_word' id='word_1_180' title='bbox 1634 1472 1735 1527; x_wconf 88' lang='lat' dir='ltr'><strong>abs</strong></span> <span class='ocrx_word' id='word_1_181' title='bbox 1761 1485 1815 1528; x_wconf 84' lang='lat' dir='ltr'><strong>te</strong></span> <span class='ocrx_word' id='word_1_182' title='bbox 1839 1487 2071 1548; x_wconf 82' lang='lat' dir='ltr'><strong>rogante</strong></span> <span class='ocrx_word' id='word_1_183' title='bbox 2119 1475 2410 1536; x_wconf 82' lang='lat' dir='ltr'><strong>auxilium,</strong></span> <span class='ocrx_word' id='word_1_184' title='bbox 2440 1474 2523 1528; x_wconf 88' lang='lat' dir='ltr'><strong>sic</strong></span> <span class='ocrx_word' id='word_1_185' title='bbox 2558 1471 2864 1534; x_wconf 86' lang='lat' dir='ltr'><strong>habuisses,</strong></span> <span class='ocrx_word' id='word_1_186' title='bbox 2898 1483 3105 1538; x_wconf 90' lang='lat' dir='ltr'><strong>parque</strong></span> <span class='ocrx_word' id='word_1_187' title='bbox 3139 1467 3273 1520; x_wconf 90' lang='lat' dir='ltr'><strong>illud</strong></span> <span class='ocrx_word' id='word_1_188' title='bbox 3309 1475 3459 1543; x_wconf 83' lang='lat' dir='ltr'><strong>tnnm</strong></span> <span class='ocrx_word' id='word_1_189' title='bbox 3488 1481 3516 1517; x_wconf 90' lang='lat' dir='ltr'><strong>a</strong></span> <span class='ocrx_word' id='word_1_190' title='bbox 3565 1465 3671 1518; x_wconf 85' lang='lat' dir='ltr'><strong>Deo</strong></span> 
     </span>
    </p>
   </div>
   <div class='ocr_carea' id='block_1_15' title="bbox 423 1552 3668 1631">
    <p class='ocr_par' dir='ltr' id='par_1_15' title="bbox 423 1552 3668 1631">
     <span class='ocr_line' id='line_1_15' title="bbox 423 1552 3668 1631; baseline -0.006 -4"><span class='ocrx_word' id='word_1_191' title='bbox 423 1560 675 1610; x_wconf 55' lang='lat' dir='ltr'><strong>datorum</strong></span> <span class='ocrx_word' id='word_1_192' title='bbox 699 1562 1235 1607; x_wconf 64' lang='grc' dir='ltr'><strong>θεόουεθννθιοτυῐη</strong></span> <span class='ocrx_word' id='word_1_193' title='bbox 1263 1552 1516 1619; x_wconf 57' lang='lat' dir='ltr'><strong>“auum.</strong></span> <span class='ocrx_word' id='word_1_194' title='bbox 1546 1553 1623 1607; x_wconf 86' lang='lat' dir='ltr'><strong>Uti</strong></span> <span class='ocrx_word' id='word_1_195' title='bbox 1650 1558 1811 1612; x_wconf 89' lang='lat' dir='ltr'><strong>modo</strong></span> <span class='ocrx_word' id='word_1_196' title='bbox 1832 1560 1928 1615; x_wconf 88' lang='lat' dir='ltr'><strong>tibi</strong></span> <span class='ocrx_word' id='word_1_197' title='bbox 1964 1565 2340 1631; x_wconf 76' lang='lat' dir='ltr'><strong>praefulsisset,</strong></span> <span class='ocrx_word' id='word_1_198' title='bbox 2377 1562 2601 1617; x_wconf 90' lang='lat' dir='ltr'><strong>haberet</strong></span> <span class='ocrx_word' id='word_1_199' title='bbox 2631 1561 2774 1615; x_wconf 89' lang='lat' dir='ltr'><strong>forte</strong></span> <span class='ocrx_word' id='word_1_200' title='bbox 2804 1574 2936 1614; x_wconf 90' lang='lat' dir='ltr'><strong>suos</strong></span> <span class='ocrx_word' id='word_1_201' title='bbox 2975 1559 3157 1611; x_wconf 86' lang='lat' dir='ltr'><strong>adhuc</strong></span> <span class='ocrx_word' id='word_1_202' title='bbox 3188 1555 3401 1611; x_wconf 84' lang='lat' dir='ltr'><strong>Graecia</strong></span> <span class='ocrx_word' id='word_1_203' title='bbox 3437 1555 3668 1623; x_wconf 86' lang='lat' dir='ltr'><strong>impera-</strong></span> 
     </span>
    </p>
   </div>
   <div class='ocr_carea' id='block_1_16' title="bbox 426 1638 3673 1715">
    <p class='ocr_par' dir='ltr' id='par_1_16' title="bbox 426 1638 3673 1715">
     <span class='ocr_line' id='line_1_16' title="bbox 426 1638 3673 1715; baseline -0.002 -17"><span class='ocrx_word' id='word_1_204' title='bbox 426 1655 593 1706; x_wconf 88' lang='lat' dir='ltr'><strong>tores,</strong></span> <span class='ocrx_word' id='word_1_205' title='bbox 629 1643 880 1707; x_wconf 74' lang='lat' dir='ltr'><strong>lunchue</strong></span> <span class='ocrx_word' id='word_1_206' title='bbox 909 1640 1000 1691; x_wconf 87' lang='lat' dir='ltr'><strong>illa</strong></span> <span class='ocrx_word' id='word_1_207' title='bbox 1031 1652 1264 1703; x_wconf 90' lang='lat' dir='ltr'><strong>cornua,</strong></span> <span class='ocrx_word' id='word_1_208' title='bbox 1303 1640 1490 1694; x_wconf 60' lang='lat' dir='ltr'><strong>bestiae</strong></span> <span class='ocrx_word' id='word_1_209' title='bbox 1518 1642 1778 1698; x_wconf 80' lang='lat' dir='ltr'><strong>domitrix</strong></span> <span class='ocrx_word' id='word_1_210' title='bbox 1803 1653 2191 1709; x_wconf 87' lang='lat' dir='ltr'><strong>eontrivisscs.</strong></span> <span class='ocrx_word' id='word_1_211' title='bbox 2237 1649 2399 1703; x_wconf 73' lang='lat' dir='ltr'><strong>Nunc</strong></span> <span class='ocrx_word' id='word_1_212' title='bbox 2428 1648 2615 1715; x_wconf 79' lang='lat' dir='ltr'><strong>itaque</strong></span> <span class='ocrx_word' id='word_1_213' title='bbox 2657 1643 2841 1697; x_wconf 86' lang='lat' dir='ltr'><strong>fauste</strong></span> <span class='ocrx_word' id='word_1_214' title='bbox 2891 1650 3167 1707; x_wconf 87' lang='lat' dir='ltr'><strong>conteras,</strong></span> <span class='ocrx_word' id='word_1_215' title='bbox 3198 1640 3509 1709; x_wconf 77' lang='lat' dir='ltr'><strong>maiorique</strong></span> <span class='ocrx_word' id='word_1_216' title='bbox 3561 1638 3673 1708; x_wconf 78' lang='lat' dir='ltr'><strong>glo-</strong></span> 
     </span>
    </p>
   </div>
   <div class='ocr_carea' id='block_1_17' title="bbox 429 1722 2455 1800">
    <p class='ocr_par' dir='ltr' id='par_1_17' title="bbox 429 1722 2455 1800">
     <span class='ocr_line' id='line_1_17' title="bbox 429 1722 2455 1800; baseline -0.004 -18"><span class='ocrx_word' id='word_1_217' title='bbox 429 1729 506 1782; x_wconf 85' lang='lat' dir='ltr'><strong>ria</strong></span> <span class='ocrx_word' id='word_1_218' title='bbox 541 1728 817 1780; x_wconf 85' lang='lat' dir='ltr'><strong>instaurcs</strong></span> <span class='ocrx_word' id='word_1_219' title='bbox 851 1722 1154 1791; x_wconf 87' lang='lat' dir='ltr'><strong>deperdita,</strong></span> <span class='ocrx_word' id='word_1_220' title='bbox 1186 1739 1351 1791; x_wconf 89' lang='lat' dir='ltr'><strong>quam</strong></span> <span class='ocrx_word' id='word_1_221' title='bbox 1385 1740 1511 1779; x_wconf 78' lang='lat' dir='ltr'><strong>eras</strong></span> <span class='ocrx_word' id='word_1_222' title='bbox 1538 1729 1878 1794; x_wconf 77' lang='lat' dir='ltr'><strong>sospiratura</strong></span> <span class='ocrx_word' id='word_1_223' title='bbox 1912 1734 2182 1791; x_wconf 59' lang='lat' dir='ltr'><strong>hactenus</strong></span> <span class='ocrx_word' id='word_1_224' title='bbox 2219 1734 2455 1800; x_wconf 59' lang='lat' dir='ltr'><strong>integra,</strong></span> 
     </span>
    </p>
   </div>
   <div class='ocr_carea' id='block_1_18' title="bbox 408 1798 3660 1879">
    <p class='ocr_par' dir='ltr' id='par_1_18' title="bbox 408 1798 3660 1879">
     <span class='ocr_line' id='line_1_18' title="bbox 408 1798 3660 1879; baseline -0.003 -13"><span class='ocrx_word' id='word_1_225' title='bbox 408 1807 424 1820; x_wconf 82' lang='grc'><strong><em>⁸</em></strong></span> <span class='ocrx_word' id='word_1_226' title='bbox 500 1810 673 1877; x_wconf 84' lang='lat' dir='ltr'><strong>llujus</strong></span> <span class='ocrx_word' id='word_1_227' title='bbox 700 1808 754 1861; x_wconf 93' lang='lat' dir='ltr'><strong>in</strong></span> <span class='ocrx_word' id='word_1_228' title='bbox 784 1804 1167 1875; x_wconf 86' lang='lat' dir='ltr'><strong>Peloponneso</strong></span> <span class='ocrx_word' id='word_1_229' title='bbox 1199 1822 1226 1858; x_wconf 84' lang='lat' dir='ltr'><strong>a</strong></span> <span class='ocrx_word' id='word_1_230' title='bbox 1258 1806 1504 1860; x_wconf 83' lang='lat' dir='ltr'><strong>Manuele</strong></span> <span class='ocrx_word' id='word_1_231' title='bbox 1534 1807 1732 1864; x_wconf 71' lang='lat' dir='ltr'><strong>habita:</strong></span> <span class='ocrx_word' id='word_1_232' title='bbox 1759 1811 2007 1870; x_wconf 80' lang='lat' dir='ltr'><strong>funebris</strong></span> <span class='ocrx_word' id='word_1_233' title='bbox 2034 1816 2325 1879; x_wconf 83' lang='lat' dir='ltr'><strong>orationis,</strong></span> <span class='ocrx_word' id='word_1_234' title='bbox 2346 1798 2445 1867; x_wconf 80' lang='lat' dir='ltr'><strong>ubi</strong></span> <span class='ocrx_word' id='word_1_235' title='bbox 2473 1810 2540 1865; x_wconf 87' lang='lat' dir='ltr'><strong>ad</strong></span> <span class='ocrx_word' id='word_1_236' title='bbox 2590 1807 3029 1865; x_wconf 86' lang='lat' dir='ltr'><strong>confirmandum</strong></span> <span class='ocrx_word' id='word_1_237' title='bbox 3099 1804 3394 1859; x_wconf 84' lang='lat' dir='ltr'><strong>Theodoro</strong></span> <span class='ocrx_word' id='word_1_238' title='bbox 3455 1798 3660 1868; x_wconf 72' lang='lat' dir='ltr'><strong>iuniori</strong></span> 
     </span>
    </p>
   </div>
   <div class='ocr_carea' id='block_1_19' title="bbox 426 1884 3669 1965">
    <p class='ocr_par' dir='ltr' id='par_1_19' title="bbox 426 1884 3669 1965">
     <span class='ocr_line' id='line_1_19' title="bbox 426 1884 3669 1965; baseline -0.005 -14"><span class='ocrx_word' id='word_1_239' title='bbox 426 1895 773 1965; x_wconf 80' lang='lat' dir='ltr'><strong>imperiuma</strong></span> <span class='ocrx_word' id='word_1_240' title='bbox 802 1891 1030 1944; x_wconf 86' lang='lat' dir='ltr'><strong>decessu</strong></span> <span class='ocrx_word' id='word_1_241' title='bbox 1075 1890 1253 1959; x_wconf 80' lang='lat' dir='ltr'><strong>patrui</strong></span> <span class='ocrx_word' id='word_1_242' title='bbox 1291 1905 1356 1944; x_wconf 90' lang='lat' dir='ltr'><strong>eo</strong></span> <span class='ocrx_word' id='word_1_243' title='bbox 1388 1896 1777 1957; x_wconf 86' lang='lat' dir='ltr'><strong>concessisset,</strong></span> <span class='ocrx_word' id='word_1_244' title='bbox 1808 1898 1862 1951; x_wconf 90' lang='lat' dir='ltr'><strong>in</strong></span> <span class='ocrx_word' id='word_1_245' title='bbox 1889 1887 2005 1954; x_wconf 59' lang='lat' dir='ltr'><strong>h&#39;azc</strong></span> <span class='ocrx_word' id='word_1_246' title='bbox 2038 1900 2204 1952; x_wconf 84' lang='lat' dir='ltr'><strong>verba</strong></span> <span class='ocrx_word' id='word_1_247' title='bbox 2235 1893 2487 1949; x_wconf 87' lang='lat' dir='ltr'><strong>meminit</strong></span> <span class='ocrx_word' id='word_1_248' title='bbox 2545 1891 2818 1945; x_wconf 86' lang='lat' dir='ltr'><strong>Laonicns</strong></span> <span class='ocrx_word' id='word_1_249' title='bbox 2844 1889 3102 1944; x_wconf 68' lang='lat' dir='ltr'><strong>Historia</strong></span> <span class='ocrx_word' id='word_1_250' title='bbox 3155 1886 3400 1940; x_wconf 69' lang='lat' dir='ltr'><strong>Turcicw</strong></span> <span class='ocrx_word' id='word_1_251' title='bbox 3450 1884 3549 1939; x_wconf 90' lang='lat' dir='ltr'><strong>lib.</strong></span> <span class='ocrx_word' id='word_1_252' title='bbox 3576 1898 3627 1937; x_wconf 86' lang='lat' dir='ltr'><strong>tv</strong></span> <span class='ocrx_word' id='word_1_253' title='bbox 3655 1901 3669 1936; x_wconf 91' lang='lat'><strong>:</strong></span> 
     </span>
    </p>
   </div>
   <div class='ocr_carea' id='block_1_20' title="bbox 436 1965 3673 2051">
    <p class='ocr_par' dir='ltr' id='par_1_20' title="bbox 436 1965 3673 2051">
     <span class='ocr_line' id='line_1_20' title="bbox 436 1965 3673 2051; baseline -0.009 -4"><span class='ocrx_word' id='word_1_254' title='bbox 436 1979 724 2044; x_wconf 72' lang='grc' dir='ltr'><strong>Ἐπάνειμι</strong></span> <span class='ocrx_word' id='word_1_255' title='bbox 755 1975 846 2025; x_wconf 49' lang='grc' dir='ltr'><strong>ἐπὶ</strong></span> <span class='ocrx_word' id='word_1_256' title='bbox 887 1973 1187 2041; x_wconf 66' lang='grc' dir='ltr'><strong>Θεόδωρον,</strong></span> <span class='ocrx_word' id='word_1_257' title='bbox 1223 1972 1317 2026; x_wconf 78' lang='grc' dir='ltr'>τδν</span> <span class='ocrx_word' id='word_1_258' title='bbox 1353 1973 1625 2041; x_wconf 75' lang='grc' dir='ltr'><strong>βασιλέως</strong></span> <span class='ocrx_word' id='word_1_259' title='bbox 1655 1978 1842 2042; x_wconf 79' lang='grc' dir='ltr'>παῖδα,</span> <span class='ocrx_word' id='word_1_260' title='bbox 1900 1982 2152 2051; x_wconf 78' lang='grc' dir='ltr'><strong>ἡγεμόνα</strong></span> <span class='ocrx_word' id='word_1_261' title='bbox 2176 1978 2436 2047; x_wconf 77' lang='grc' dir='ltr'><strong>Σπάρτης</strong></span> <span class='ocrx_word' id='word_1_262' title='bbox 2484 1990 2545 2026; x_wconf 82' lang='grc' dir='ltr'>τε</span> <span class='ocrx_word' id='word_1_263' title='bbox 2587 1974 2680 2026; x_wconf 74' lang='grc' dir='ltr'><strong>καὶ</strong></span> <span class='ocrx_word' id='word_1_264' title='bbox 2707 1974 2808 2041; x_wconf 78' lang='grc' dir='ltr'><strong>τῆς</strong></span> <span class='ocrx_word' id='word_1_265' title='bbox 2831 1972 3000 2040; x_wconf 77' lang='grc' dir='ltr'>ἄλλης</span> <span class='ocrx_word' id='word_1_266' title='bbox 3032 1970 3468 2038; x_wconf 80' lang='grc' dir='ltr'><strong>Πελοποννήσου,</strong></span> <span class='ocrx_word' id='word_1_267' title='bbox 3500 1966 3556 2029; x_wconf 80' lang='grc' dir='ltr'>ὃς</span> <span class='ocrx_word' id='word_1_268' title='bbox 3573 1965 3673 2051; x_wconf 53' lang='grc' dir='ltr'><strong>ὑπο</strong></span> 
     </span>
    </p>
   </div>
   <div class='ocr_carea' id='block_1_21' title="bbox 424 2044 3671 2131">
    <p class='ocr_par' dir='ltr' id='par_1_21' title="bbox 424 2044 3671 2131">
     <span class='ocr_line' id='line_1_21' title="bbox 424 2044 3671 2131; baseline -0.005 -15"><span class='ocrx_word' id='word_1_269' title='bbox 424 2059 705 2129; x_wconf 78' lang='grc' dir='ltr'><strong>Θεοδώρου</strong></span> <span class='ocrx_word' id='word_1_270' title='bbox 742 2057 837 2109; x_wconf 78' lang='grc' dir='ltr'>τοῦ</span> <span class='ocrx_word' id='word_1_271' title='bbox 868 2055 1123 2127; x_wconf 78' lang='grc' dir='ltr'>πατρώου</span> <span class='ocrx_word' id='word_1_272' title='bbox 1161 2058 1506 2128; x_wconf 78' lang='grc' dir='ltr'>ἑξετρέφετο,</span> <span class='ocrx_word' id='word_1_273' title='bbox 1534 2056 1651 2128; x_wconf 76' lang='grc' dir='ltr'>ἅμα</span> <span class='ocrx_word' id='word_1_274' title='bbox 1699 2061 1796 2113; x_wconf 76' lang='grc' dir='ltr'><strong>καὶ</strong></span> <span class='ocrx_word' id='word_1_275' title='bbox 1825 2044 2145 2131; x_wconf 60' lang='grc' dir='ltr'>ἐπαίδευον).</span> <span class='ocrx_word' id='word_1_276' title='bbox 2180 2044 2334 2114; x_wconf 74' lang='grc' dir='ltr'><strong>Μετᾶ</strong></span> <span class='ocrx_word' id='word_1_277' title='bbox 2350 2060 2407 2111; x_wconf 80' lang='grc' dir='ltr'>δὲ</span> <span class='ocrx_word' id='word_1_278' title='bbox 2430 2058 2626 2120; x_wconf 77' lang='grc' dir='ltr'>ταῦτα,</span> <span class='ocrx_word' id='word_1_279' title='bbox 2668 2054 3001 2123; x_wconf 77' lang='grc' dir='ltr'><strong>κατελείφθη</strong></span> <span class='ocrx_word' id='word_1_280' title='bbox 3036 2056 3091 2116; x_wconf 72' lang='grc' dir='ltr'>ἐς</span> <span class='ocrx_word' id='word_1_281' title='bbox 3118 2056 3220 2125; x_wconf 83' lang='grc' dir='ltr'>τὴν</span> <span class='ocrx_word' id='word_1_282' title='bbox 3278 2052 3456 2123; x_wconf 80' lang='grc' dir='ltr'>ἀρχὴν</span> <span class='ocrx_word' id='word_1_283' title='bbox 3515 2044 3671 2104; x_wconf 77' lang='grc' dir='ltr'>αὑτοῦ</span> 
     </span>
    </p>
   </div>
   <div class='ocr_carea' id='block_1_22' title="bbox 424 2133 3669 2217">
    <p class='ocr_par' dir='ltr' id='par_1_22' title="bbox 424 2133 3669 2217">
     <span class='ocr_line' id='line_1_22' title="bbox 424 2133 3669 2217; baseline -0.003 -21"><span class='ocrx_word' id='word_1_284' title='bbox 424 2143 667 2217; x_wconf 75' lang='grc' dir='ltr'>ἡγεμών.</span> <span class='ocrx_word' id='word_1_285' title='bbox 706 2142 791 2203; x_wconf 88' lang='grc' dir='ltr'><strong>Ἐς</strong></span> <span class='ocrx_word' id='word_1_286' title='bbox 818 2141 978 2193; x_wconf 62' lang='grc' dir='ltr'>τοῦτο</span> <span class='ocrx_word' id='word_1_287' title='bbox 1012 2140 1068 2193; x_wconf 67' lang='grc' dir='ltr'>δὲ</span> <span class='ocrx_word' id='word_1_288' title='bbox 1105 2142 1440 2209; x_wconf 79' lang='grc' dir='ltr'><strong>ἀφικόμενος</strong></span> <span class='ocrx_word' id='word_1_289' title='bbox 1462 2143 1489 2192; x_wconf 72' lang='grc' dir='ltr'>ὁ</span> <span class='ocrx_word' id='word_1_290' title='bbox 1524 2144 1711 2213; x_wconf 79' lang='grc' dir='ltr'>πατὴρ</span> <span class='ocrx_word' id='word_1_291' title='bbox 1744 2145 1907 2197; x_wconf 78' lang='grc' dir='ltr'>αὐτοῦ</span> <span class='ocrx_word' id='word_1_292' title='bbox 1958 2143 2311 2215; x_wconf 75' lang='grc' dir='ltr'>Ἐμμανουὴλ</span> <span class='ocrx_word' id='word_1_293' title='bbox 2336 2145 2364 2197; x_wconf 91' lang='grc' dir='ltr'>ὁ</span> <span class='ocrx_word' id='word_1_294' title='bbox 2403 2140 2701 2204; x_wconf 71' lang='grc' dir='ltr'><strong>Βυζαντίου</strong></span> <span class='ocrx_word' id='word_1_295' title='bbox 2745 2139 3024 2210; x_wconf 81' lang='grc' dir='ltr'>βασιλεὺς,</span> <span class='ocrx_word' id='word_1_296' title='bbox 3057 2140 3151 2192; x_wconf 81' lang='grc' dir='ltr'>τόν</span> <span class='ocrx_word' id='word_1_297' title='bbox 3188 2138 3463 2192; x_wconf 81' lang='grc' dir='ltr'>τε’παίδα</span> <span class='ocrx_word' id='word_1_298' title='bbox 3518 2133 3669 2217; x_wconf 50' lang='lat' dir='ltr'><strong>mill:-</strong></span> 
     </span>
    </p>
   </div>
   <div class='ocr_carea' id='block_1_23' title="bbox 426 2216 3673 2299">
    <p class='ocr_par' dir='ltr' id='par_1_23' title="bbox 426 2216 3673 2299">
     <span class='ocr_line' id='line_1_23' title="bbox 426 2216 3673 2299; baseline -0.004 -16"><span class='ocrx_word' id='word_1_299' title='bbox 426 2216 529 2299; x_wconf 61' lang='grc' dir='ltr'>ατη</span> <span class='ocrx_word' id='word_1_300' title='bbox 567 2230 621 2290; x_wconf 77' lang='grc' dir='ltr'>ἐς</span> <span class='ocrx_word' id='word_1_301' title='bbox 660 2226 757 2297; x_wconf 81' lang='grc' dir='ltr'>τὴν</span> <span class='ocrx_word' id='word_1_302' title='bbox 789 2225 986 2293; x_wconf 49' lang='grc' dir='ltr'>ἀρχὴν,</span> <span class='ocrx_word' id='word_1_303' title='bbox 1012 2225 1104 2277; x_wconf 71' lang='grc' dir='ltr'>καὶ</span> <span class='ocrx_word' id='word_1_304' title='bbox 1122 2224 1215 2276; x_wconf 79' lang='grc' dir='ltr'>ἐπὶ</span> <span class='ocrx_word' id='word_1_305' title='bbox 1251 2224 1326 2293; x_wconf 81' lang='grc' dir='ltr'>τῷ</span> <span class='ocrx_word' id='word_1_306' title='bbox 1348 2225 1565 2293; x_wconf 82' lang='grc' dir='ltr'>ἁδελφῷ</span> <span class='ocrx_word' id='word_1_307' title='bbox 1596 2227 1697 2294; x_wconf 72' lang='grc' dir='ltr'><strong>ἥδη</strong></span> <span class='ocrx_word' id='word_1_308' title='bbox 1719 2229 2131 2299; x_wconf 81' lang='grc' dir='ltr'>τετελευτηκότι</span> <span class='ocrx_word' id='word_1_309' title='bbox 2173 2231 2333 2296; x_wconf 85' lang='grc' dir='ltr'>λόγον</span> <span class='ocrx_word' id='word_1_310' title='bbox 2370 2227 2682 2294; x_wconf 77' lang='grc' dir='ltr'>ἐπιτήδειον</span> <span class='ocrx_word' id='word_1_311' title='bbox 2737 2222 3124 2291; x_wconf 77' lang='grc' dir='ltr'>ὲξετραγῴδει,</span> <span class='ocrx_word' id='word_1_312' title='bbox 3177 2220 3404 2286; x_wconf 84' lang='grc' dir='ltr'>διεξιὼν</span> <span class='ocrx_word' id='word_1_313' title='bbox 3457 2219 3553 2272; x_wconf 72' lang='grc' dir='ltr'>ἐπὶ</span> <span class='ocrx_word' id='word_1_314' title='bbox 3597 2216 3673 2286; x_wconf 82' lang='grc' dir='ltr'>τῷ</span> 
     </span>
    </p>
   </div>
   <div class='ocr_carea' id='block_1_24' title="bbox 421 2300 2003 2382">
    <p class='ocr_par' dir='ltr' id='par_1_24' title="bbox 421 2308 2003 2382">
     <span class='ocr_line' id='line_1_24' title="bbox 421 2308 2003 2382; baseline 0.004 -23"><span class='ocrx_word' id='word_1_315' title='bbox 421 2316 577 2382; x_wconf 71' lang='grc' dir='ltr'><strong>τάφῳ</strong></span> <span class='ocrx_word' id='word_1_316' title='bbox 605 2309 794 2376; x_wconf 81' lang='grc' dir='ltr'>αὑτοῦ,</span> <span class='ocrx_word' id='word_1_317' title='bbox 824 2308 1311 2379; x_wconf 76' lang='grc' dir='ltr'>ἁπολοιρυρόμενὸς</span> <span class='ocrx_word' id='word_1_318' title='bbox 1342 2326 1399 2360; x_wconf 87' lang='grc' dir='ltr'><strong>τε</strong></span> <span class='ocrx_word' id='word_1_319' title='bbox 1425 2308 1543 2377; x_wconf 76' lang='grc' dir='ltr'>ἅμα</span> <span class='ocrx_word' id='word_1_320' title='bbox 1569 2309 1661 2361; x_wconf 77' lang='grc' dir='ltr'><strong>τὸν</strong></span> <span class='ocrx_word' id='word_1_321' title='bbox 1709 2311 2003 2381; x_wconf 52' lang='grc' dir='ltr'>ἐπιτήδειοι</span> 
     </span>
    </p>
   </div>
   <div class='ocr_carea' id='block_1_25' title="bbox 2105 2300 3671 2382">
    <p class='ocr_par' dir='ltr' id='par_1_25' title="bbox 2109 2300 3671 2379">
     <span class='ocr_line' id='line_1_25' title="bbox 2109 2300 3671 2379; baseline -0.007 -16"><span class='ocrx_word' id='word_1_322' title='bbox 2109 2311 2272 2379; x_wconf 84' lang='grc' dir='ltr'>ελφόν</span> <span class='ocrx_word' id='word_1_323' title='bbox 2293 2324 2310 2339; x_wconf 70' lang='grc'>⁸</span> <span class='ocrx_word' id='word_1_324' title='bbox 2346 2308 2517 2362; x_wconf 86' lang='lat' dir='ltr'><strong>Porro</strong></span> <span class='ocrx_word' id='word_1_325' title='bbox 2552 2309 2708 2361; x_wconf 82' lang='lat' dir='ltr'><strong>redeo</strong></span> <span class='ocrx_word' id='word_1_326' title='bbox 2742 2308 2809 2359; x_wconf 89' lang='lat' dir='ltr'><strong>ad</strong></span> <span class='ocrx_word' id='word_1_327' title='bbox 2844 2305 3183 2359; x_wconf 81' lang='lat' dir='ltr'><strong>Theodorum</strong></span> <span class='ocrx_word' id='word_1_328' title='bbox 3214 2302 3557 2372; x_wconf 78' lang='lat' dir='ltr'><strong>imperatoris</strong></span> <span class='ocrx_word' id='word_1_329' title='bbox 3609 2300 3671 2366; x_wconf 78' lang='lat' dir='ltr'><strong>ﬁ-</strong></span> 
     </span>
    </p>
   </div>
   <div class='ocr_carea' id='block_1_26' title="bbox 374 2388 3675 2465">
    <p class='ocr_par' dir='ltr' id='par_1_26' title="bbox 374 2388 3675 2465">
     <span class='ocr_line' id='line_1_26' title="bbox 374 2388 3675 2465; baseline -0.004 -14"><span class='ocrx_word' id='word_1_330' title='bbox 374 2424 381 2432; x_wconf 89' lang='lat'><strong><em>-</em></strong></span> <span class='ocrx_word' id='word_1_331' title='bbox 425 2401 577 2464; x_wconf 81' lang='lat' dir='ltr'><strong>lium,</strong></span> <span class='ocrx_word' id='word_1_332' title='bbox 615 2398 825 2462; x_wconf 65' lang='lat' dir='ltr'><strong>Spartae</strong></span> <span class='ocrx_word' id='word_1_333' title='bbox 852 2410 911 2445; x_wconf 85' lang='lat' dir='ltr'><strong>ac</strong></span> <span class='ocrx_word' id='word_1_334' title='bbox 944 2394 1160 2461; x_wconf 74' lang='lat' dir='ltr'><strong>reliqua:</strong></span> <span class='ocrx_word' id='word_1_335' title='bbox 1210 2390 1559 2461; x_wconf 76' lang='lat' dir='ltr'><strong>Peloponnesi</strong></span> <span class='ocrx_word' id='word_1_336' title='bbox 1586 2394 1896 2461; x_wconf 80' lang='lat' dir='ltr'><strong>principem,</strong></span> <span class='ocrx_word' id='word_1_337' title='bbox 1952 2396 2041 2465; x_wconf 83' lang='lat' dir='ltr'><strong>qui</strong></span> <span class='ocrx_word' id='word_1_338' title='bbox 2073 2411 2104 2446; x_wconf 90' lang='lat' dir='ltr'><strong>a</strong></span> <span class='ocrx_word' id='word_1_339' title='bbox 2144 2393 2414 2447; x_wconf 84' lang='lat' dir='ltr'><strong>Theodoro</strong></span> <span class='ocrx_word' id='word_1_340' title='bbox 2443 2403 2635 2461; x_wconf 81' lang='lat' dir='ltr'><strong>patruo</strong></span> <span class='ocrx_word' id='word_1_341' title='bbox 2666 2391 2945 2454; x_wconf 84' lang='lat' dir='ltr'><strong>educatus,</strong></span> <span class='ocrx_word' id='word_1_342' title='bbox 2971 2407 3032 2443; x_wconf 87' lang='lat' dir='ltr'><strong>ac</strong></span> <span class='ocrx_word' id='word_1_343' title='bbox 3061 2391 3360 2456; x_wconf 76' lang='lat' dir='ltr'><strong>disciplinis</strong></span> <span class='ocrx_word' id='word_1_344' title='bbox 3385 2388 3675 2449; x_wconf 82' lang='lat' dir='ltr'><strong>institutus,</strong></span> 
     </span>
    </p>
   </div>
   <div class='ocr_carea' id='block_1_27' title="bbox 423 2473 3671 2549">
    <p class='ocr_par' dir='ltr' id='par_1_27' title="bbox 423 2473 3671 2549">
     <span class='ocr_line' id='line_1_27' title="bbox 423 2473 3671 2549; baseline -0.008 -3"><span class='ocrx_word' id='word_1_345' title='bbox 423 2484 533 2549; x_wconf 63' lang='lat' dir='ltr'><strong>eius</strong></span> <span class='ocrx_word' id='word_1_346' title='bbox 578 2490 759 2549; x_wconf 72' lang='grc' dir='ltr'><strong>Ροδίεα</strong></span> <span class='ocrx_word' id='word_1_347' title='bbox 816 2477 1082 2529; x_wconf 71' lang='grc' dir='ltr'><strong>άεηιονίῖιῖ</strong></span> <span class='ocrx_word' id='word_1_348' title='bbox 1103 2474 1468 2542; x_wconf 65' lang='lat' dir='ltr'><strong>principatum</strong></span> <span class='ocrx_word' id='word_1_349' title='bbox 1503 2477 1725 2541; x_wconf 76' lang='grc' dir='ltr'>αεεορίιι</span> <span class='ocrx_word' id='word_1_350' title='bbox 1758 2474 1875 2536; x_wconf 78' lang='lat' dir='ltr'><strong>Qua</strong></span> <span class='ocrx_word' id='word_1_351' title='bbox 1902 2477 1963 2528; x_wconf 86' lang='lat' dir='ltr'><strong>de</strong></span> <span class='ocrx_word' id='word_1_352' title='bbox 1987 2495 2040 2531; x_wconf 87' lang='lat' dir='ltr'><strong>re</strong></span> <span class='ocrx_word' id='word_1_353' title='bbox 2074 2476 2392 2530; x_wconf 79' lang='lat' dir='ltr'><strong>Emmanuel</strong></span> <span class='ocrx_word' id='word_1_354' title='bbox 2414 2486 2567 2544; x_wconf 72' lang='lat' dir='ltr'><strong>pater</strong></span> <span class='ocrx_word' id='word_1_355' title='bbox 2583 2475 2912 2545; x_wconf 77' lang='lat' dir='ltr'><strong>Byzantinus</strong></span> <span class='ocrx_word' id='word_1_356' title='bbox 2936 2479 3224 2543; x_wconf 80' lang='lat' dir='ltr'><strong>imperator</strong></span> <span class='ocrx_word' id='word_1_357' title='bbox 3252 2473 3671 2541; x_wconf 67' lang='lat' dir='ltr'><strong>Peloponnesum</strong></span> 
     </span>
    </p>
   </div>
   <div class='ocr_carea' id='block_1_28' title="bbox 421 2551 3675 2629">
    <p class='ocr_par' dir='ltr' id='par_1_28' title="bbox 421 2551 3675 2629">
     <span class='ocr_line' id='line_1_28' title="bbox 421 2551 3675 2629; baseline -0.005 -12"><span class='ocrx_word' id='word_1_358' title='bbox 421 2565 636 2617; x_wconf 80' lang='lat' dir='ltr'><strong>veniens</strong></span> <span class='ocrx_word' id='word_1_359' title='bbox 668 2577 785 2613; x_wconf 84' lang='lat' dir='ltr'><strong>cum</strong></span> <span class='ocrx_word' id='word_1_360' title='bbox 811 2560 986 2629; x_wconf 85' lang='lat' dir='ltr'><strong>ﬁlium</strong></span> <span class='ocrx_word' id='word_1_361' title='bbox 1019 2557 1256 2626; x_wconf 69' lang='lat' dir='ltr'><strong>pra’fecit</strong></span> <span class='ocrx_word' id='word_1_362' title='bbox 1282 2557 1585 2625; x_wconf 74' lang='lat' dir='ltr'><strong>provinciw,</strong></span> <span class='ocrx_word' id='word_1_363' title='bbox 1617 2559 1980 2626; x_wconf 75' lang='lat' dir='ltr'><strong>egregiamque</strong></span> <span class='ocrx_word' id='word_1_364' title='bbox 2000 2576 2155 2628; x_wconf 73' lang='lat' dir='ltr'><strong>super</strong></span> <span class='ocrx_word' id='word_1_365' title='bbox 2178 2560 2343 2627; x_wconf 78' lang='lat' dir='ltr'><strong>fratre</strong></span> <span class='ocrx_word' id='word_1_366' title='bbox 2367 2560 2482 2627; x_wconf 78' lang='lat' dir='ltr'><strong>iam</strong></span> <span class='ocrx_word' id='word_1_367' title='bbox 2510 2558 2758 2625; x_wconf 73' lang='lat' dir='ltr'><strong>defuncto</strong></span> <span class='ocrx_word' id='word_1_368' title='bbox 2789 2560 3077 2610; x_wconf 86' lang='lat' dir='ltr'><strong>orationem</strong></span> <span class='ocrx_word' id='word_1_369' title='bbox 3107 2554 3387 2626; x_wconf 73' lang='lat' dir='ltr'><strong>funebrem</strong></span> <span class='ocrx_word' id='word_1_370' title='bbox 3417 2551 3675 2607; x_wconf 81' lang='lat' dir='ltr'><strong>declama-</strong></span> 
     </span>
    </p>
   </div>
   <div class='ocr_carea' id='block_1_29' title="bbox 424 2630 3675 2711">
    <p class='ocr_par' dir='ltr' id='par_1_29' title="bbox 424 2630 3675 2711">
     <span class='ocr_line' id='line_1_29' title="bbox 424 2630 3675 2711; baseline -0.005 -13"><span class='ocrx_word' id='word_1_371' title='bbox 424 2648 516 2711; x_wconf 74' lang='lat' dir='ltr'><strong>vit,</strong></span> <span class='ocrx_word' id='word_1_372' title='bbox 570 2659 685 2697; x_wconf 85' lang='lat' dir='ltr'><strong>eam</strong></span> <span class='ocrx_word' id='word_1_373' title='bbox 719 2644 946 2696; x_wconf 84' lang='lat' dir='ltr'><strong>recitans</strong></span> <span class='ocrx_word' id='word_1_374' title='bbox 975 2642 1044 2694; x_wconf 84' lang='lat' dir='ltr'><strong>ad</strong></span> <span class='ocrx_word' id='word_1_375' title='bbox 1076 2642 1190 2709; x_wconf 84' lang='lat' dir='ltr'><strong>ejus</strong></span> <span class='ocrx_word' id='word_1_376' title='bbox 1215 2640 1537 2708; x_wconf 86' lang='lat' dir='ltr'><strong>sepulcrum,</strong></span> <span class='ocrx_word' id='word_1_377' title='bbox 1568 2640 1892 2706; x_wconf 76' lang='lat' dir='ltr'><strong>fratremque</strong></span> <span class='ocrx_word' id='word_1_378' title='bbox 1918 2656 1981 2692; x_wconf 86' lang='lat' dir='ltr'><strong>ac</strong></span> <span class='ocrx_word' id='word_1_379' title='bbox 2004 2643 2358 2694; x_wconf 81' lang='lat' dir='ltr'><strong>necessarium</strong></span> <span class='ocrx_word' id='word_1_380' title='bbox 2390 2641 2595 2711; x_wconf 83' lang='lat' dir='ltr'><strong>lugens.</strong></span> <span class='ocrx_word' id='word_1_381' title='bbox 2618 2640 2781 2693; x_wconf 81' lang='lat' dir='ltr'><strong>Plura</strong></span> <span class='ocrx_word' id='word_1_382' title='bbox 2812 2639 3041 2694; x_wconf 80' lang='lat' dir='ltr'><strong>subinde</strong></span> <span class='ocrx_word' id='word_1_383' title='bbox 3090 2641 3157 2692; x_wconf 85' lang='lat' dir='ltr'><strong>de</strong></span> <span class='ocrx_word' id='word_1_384' title='bbox 3182 2653 3373 2693; x_wconf 79' lang='lat' dir='ltr'><strong>nostro</strong></span> <span class='ocrx_word' id='word_1_385' title='bbox 3396 2652 3459 2691; x_wconf 79' lang='lat' dir='ltr'><strong>ac</strong></span> <span class='ocrx_word' id='word_1_386' title='bbox 3483 2630 3675 2689; x_wconf 79' lang='lat' dir='ltr'><strong>seniori</strong></span> 
     </span>
    </p>
   </div>
   <div class='ocr_carea' id='block_1_30' title="bbox 426 2719 3672 2791">
    <p class='ocr_par' dir='ltr' id='par_1_30' title="bbox 426 2719 3672 2791">
     <span class='ocr_line' id='line_1_30' title="bbox 426 2719 3672 2791; baseline -0.002 -13"><span class='ocrx_word' id='word_1_387' title='bbox 426 2725 730 2778; x_wconf 82' lang='lat' dir='ltr'><strong>Theodoro</strong></span> <span class='ocrx_word' id='word_1_388' title='bbox 763 2723 1209 2791; x_wconf 50' lang='lat' dir='ltr'><strong>perstringitmie</strong></span> <span class='ocrx_word' id='word_1_389' title='bbox 1242 2722 1369 2775; x_wconf 81' lang='lat' dir='ltr'><strong>vitia</strong></span> <span class='ocrx_word' id='word_1_390' title='bbox 1402 2722 1622 2790; x_wconf 87' lang='lat' dir='ltr'><strong>quidem</strong></span> <span class='ocrx_word' id='word_1_391' title='bbox 1653 2720 2030 2785; x_wconf 85' lang='lat' dir='ltr'><strong>dissimulans,</strong></span> <span class='ocrx_word' id='word_1_392' title='bbox 2065 2727 2261 2791; x_wconf 84' lang='lat' dir='ltr'><strong>quibus</strong></span> <span class='ocrx_word' id='word_1_393' title='bbox 2288 2726 2381 2779; x_wconf 89' lang='lat' dir='ltr'><strong>ille</strong></span> <span class='ocrx_word' id='word_1_394' title='bbox 2411 2741 2519 2779; x_wconf 92' lang='lat' dir='ltr'><strong>non</strong></span> <span class='ocrx_word' id='word_1_395' title='bbox 2558 2725 2783 2778; x_wconf 85' lang='lat' dir='ltr'><strong>omnino</strong></span> <span class='ocrx_word' id='word_1_396' title='bbox 2827 2727 3026 2778; x_wconf 88' lang='lat' dir='ltr'><strong>caruit.</strong></span> <span class='ocrx_word' id='word_1_397' title='bbox 3075 2723 3249 2777; x_wconf 84' lang='lat' dir='ltr'><strong>Habet</strong></span> <span class='ocrx_word' id='word_1_398' title='bbox 3295 2732 3538 2777; x_wconf 90' lang='lat' dir='ltr'><strong>creatum</strong></span> <span class='ocrx_word' id='word_1_399' title='bbox 3583 2719 3672 2772; x_wconf 89' lang='lat' dir='ltr'><strong>de-</strong></span> 
     </span>
    </p>
   </div>
   <div class='ocr_carea' id='block_1_31' title="bbox 427 2803 3674 2883">
    <p class='ocr_par' dir='ltr' id='par_1_31' title="bbox 427 2803 3674 2883">
     <span class='ocr_line' id='line_1_31' title="bbox 427 2803 3674 2883; baseline 0 -22"><span class='ocrx_word' id='word_1_400' title='bbox 427 2816 637 2876; x_wconf 79' lang='lat' dir='ltr'><strong>spotam</strong></span> <span class='ocrx_word' id='word_1_401' title='bbox 656 2820 719 2861; x_wconf 81' lang='lat' dir='ltr'><strong>ac</strong></span> <span class='ocrx_word' id='word_1_402' title='bbox 745 2808 937 2861; x_wconf 90' lang='lat' dir='ltr'><strong>ducem</strong></span> <span class='ocrx_word' id='word_1_403' title='bbox 963 2804 1348 2874; x_wconf 88' lang='lat' dir='ltr'><strong>Pel0ponnesi,</strong></span> <span class='ocrx_word' id='word_1_404' title='bbox 1376 2819 1500 2857; x_wconf 90' lang='lat' dir='ltr'><strong>cum</strong></span> <span class='ocrx_word' id='word_1_405' title='bbox 1520 2804 1631 2870; x_wconf 81' lang='lat' dir='ltr'><strong>jam</strong></span> <span class='ocrx_word' id='word_1_406' title='bbox 1658 2803 2131 2863; x_wconf 75' lang='lat' dir='ltr'><strong>tiliiCantaeuzeni</strong></span> <span class='ocrx_word' id='word_1_407' title='bbox 2158 2812 2423 2866; x_wconf 87' lang='lat' dir='ltr'><strong>obiissent</strong></span> <span class='ocrx_word' id='word_1_408' title='bbox 2444 2814 2500 2864; x_wconf 83' lang='grc' dir='ltr'>ὲν</span> <span class='ocrx_word' id='word_1_409' title='bbox 2533 2811 2786 2883; x_wconf 79' lang='grc' dir='ltr'><strong>Σπάρτῃ,</strong></span> <span class='ocrx_word' id='word_1_410' title='bbox 2808 2810 3016 2880; x_wconf 81' lang='lat' dir='ltr'><strong>Sparta:</strong></span> <span class='ocrx_word' id='word_1_411' title='bbox 3048 2828 3067 2866; x_wconf 89' lang='lat'><em>:</em></span> <span class='ocrx_word' id='word_1_412' title='bbox 3095 2813 3238 2880; x_wconf 87' lang='lat' dir='ltr'><strong>quod</strong></span> <span class='ocrx_word' id='word_1_413' title='bbox 3267 2811 3546 2878; x_wconf 83' lang='lat' dir='ltr'><strong>interpres</strong></span> <span class='ocrx_word' id='word_1_414' title='bbox 3572 2819 3674 2858; x_wconf 79' lang='lat' dir='ltr'><strong>uta-</strong></span> 
     </span>
    </p>
   </div>
   <div class='ocr_carea' id='block_1_32' title="bbox 429 2887 3672 2970">
    <p class='ocr_par' dir='ltr' id='par_1_32' title="bbox 429 2887 3672 2970">
     <span class='ocr_line' id='line_1_32' title="bbox 429 2887 3672 2970; baseline -0.001 -22"><span class='ocrx_word' id='word_1_415' title='bbox 429 2900 479 2951; x_wconf 90' lang='lat' dir='ltr'><strong>lc</strong></span> <span class='ocrx_word' id='word_1_416' title='bbox 505 2896 711 2953; x_wconf 84' lang='lat' dir='ltr'><strong>omisit.</strong></span> <span class='ocrx_word' id='word_1_417' title='bbox 738 2895 953 2949; x_wconf 85' lang='lat' dir='ltr'><strong>Manncl</strong></span> <span class='ocrx_word' id='word_1_418' title='bbox 992 2893 1225 2948; x_wconf 89' lang='lat' dir='ltr'><strong>alterum</strong></span> <span class='ocrx_word' id='word_1_419' title='bbox 1251 2903 1483 2955; x_wconf 87' lang='lat' dir='ltr'><strong>tantum,</strong></span> <span class='ocrx_word' id='word_1_420' title='bbox 1511 2906 1565 2946; x_wconf 85' lang='lat' dir='ltr'><strong>et</strong></span> <span class='ocrx_word' id='word_1_421' title='bbox 1587 2892 1680 2961; x_wconf 91' lang='lat' dir='ltr'><strong>qui</strong></span> <span class='ocrx_word' id='word_1_422' title='bbox 1712 2903 1860 2947; x_wconf 81' lang='lat' dir='ltr'><strong>esset</strong></span> <span class='ocrx_word' id='word_1_423' title='bbox 1902 2896 2202 2962; x_wconf 61' lang='lat' dir='ltr'><strong>praefectus</strong></span> <span class='ocrx_word' id='word_1_424' title='bbox 2232 2896 2627 2965; x_wconf 81' lang='lat' dir='ltr'><strong>Peloponneso,</strong></span> <span class='ocrx_word' id='word_1_425' title='bbox 2678 2897 2950 2970; x_wconf 53' lang='lat' dir='ltr'><strong>signiticet</strong></span> <span class='ocrx_word' id='word_1_426' title='bbox 2993 2910 3289 2950; x_wconf 78' lang='lat' dir='ltr'><strong>mortuum</strong></span> <span class='ocrx_word' id='word_1_427' title='bbox 3322 2898 3442 2951; x_wconf 79' lang='lat' dir='ltr'><strong>sine</strong></span> <span class='ocrx_word' id='word_1_428' title='bbox 3496 2887 3672 2945; x_wconf 86' lang='lat' dir='ltr'><strong>liberis</strong></span> 
     </span>
    </p>
   </div>
   <div class='ocr_carea' id='block_1_33' title="bbox 428 2975 3672 3050">
    <p class='ocr_par' dir='ltr' id='par_1_33' title="bbox 428 2975 3672 3050">
     <span class='ocr_line' id='line_1_33' title="bbox 428 2975 3672 3050; baseline -0.001 -20"><span class='ocrx_word' id='word_1_429' title='bbox 428 2980 537 3034; x_wconf 81' lang='lat' dir='ltr'><strong>alio</strong></span> <span class='ocrx_word' id='word_1_430' title='bbox 572 2980 892 3050; x_wconf 86' lang='lat' dir='ltr'><strong>superstite,</strong></span> <span class='ocrx_word' id='word_1_431' title='bbox 926 2977 1086 3048; x_wconf 85' lang='lat' dir='ltr'><strong>cujus</strong></span> <span class='ocrx_word' id='word_1_432' title='bbox 1107 2985 1293 3032; x_wconf 86' lang='lat' dir='ltr'><strong>essent</strong></span> <span class='ocrx_word' id='word_1_433' title='bbox 1316 2975 1530 3045; x_wconf 86' lang='lat' dir='ltr'><strong>probati</strong></span> <span class='ocrx_word' id='word_1_434' title='bbox 1559 2991 1759 3040; x_wconf 90' lang='lat' dir='ltr'><strong>mores,</strong></span> <span class='ocrx_word' id='word_1_435' title='bbox 1779 2976 1874 3030; x_wconf 85' lang='lat' dir='ltr'><strong>sed</strong></span> <span class='ocrx_word' id='word_1_436' title='bbox 1907 2993 2072 3045; x_wconf 91' lang='lat' dir='ltr'><strong>quem</strong></span> <span class='ocrx_word' id='word_1_437' title='bbox 2103 2977 2271 3040; x_wconf 84' lang='lat' dir='ltr'><strong>filius,</strong></span> <span class='ocrx_word' id='word_1_438' title='bbox 2300 2991 2364 3030; x_wconf 87' lang='lat' dir='ltr'><strong>ac</strong></span> <span class='ocrx_word' id='word_1_439' title='bbox 2392 2976 2764 3032; x_wconf 88' lang='lat' dir='ltr'><strong>consobrinus</strong></span> <span class='ocrx_word' id='word_1_440' title='bbox 2818 2977 3102 3032; x_wconf 87' lang='lat' dir='ltr'><strong>Theodori</strong></span> <span class='ocrx_word' id='word_1_441' title='bbox 3159 2990 3353 3034; x_wconf 87' lang='lat' dir='ltr'><strong>rerum</strong></span> <span class='ocrx_word' id='word_1_442' title='bbox 3410 2987 3672 3033; x_wconf 85' lang='lat' dir='ltr'><strong>summam</strong></span> 
     </span>
    </p>
   </div>
   <div class='ocr_carea' id='block_1_34' title="bbox 429 3060 3551 3134">
    <p class='ocr_par' dir='ltr' id='par_1_34' title="bbox 429 3060 3551 3134">
     <span class='ocr_line' id='line_1_34' title="bbox 429 3060 3551 3134; baseline 0 -20"><span class='ocrx_word' id='word_1_443' title='bbox 429 3073 549 3129; x_wconf 80' lang='lat' dir='ltr'><strong>post</strong></span> <span class='ocrx_word' id='word_1_444' title='bbox 581 3072 837 3134; x_wconf 87' lang='lat' dir='ltr'><strong>patruum</strong></span> <span class='ocrx_word' id='word_1_445' title='bbox 876 3062 929 3115; x_wconf 91' lang='lat' dir='ltr'><strong>in</strong></span> <span class='ocrx_word' id='word_1_446' title='bbox 958 3060 1340 3130; x_wconf 87' lang='lat' dir='ltr'><strong>Peloponneso</strong></span> <span class='ocrx_word' id='word_1_447' title='bbox 1365 3060 1640 3125; x_wconf 69' lang='lat' dir='ltr'><strong>anthiens,</strong></span> <span class='ocrx_word' id='word_1_448' title='bbox 1665 3074 1822 3115; x_wconf 88' lang='lat' dir='ltr'><strong>secus</strong></span> <span class='ocrx_word' id='word_1_449' title='bbox 1848 3070 2057 3131; x_wconf 81' lang='lat' dir='ltr'><strong>ageret.</strong></span> <span class='ocrx_word' id='word_1_450' title='bbox 3529 3060 3551 3082; x_wconf 84' lang='lat'><strong><em>&#39;</em></strong></span> 
     </span>
    </p>
   </div>
   <div class='ocr_carea' id='block_1_35' title="bbox 2970 288 3106 309">
    <p class='ocr_par' dir='ltr' id='par_1_35' title="bbox 2970 288 3106 309">
     <span class='ocr_line' id='line_1_35' title="bbox 2970 288 3106 309; baseline 0.007 -10"><span class='ocrx_word' id='word_1_451' title='bbox 2970 289 2977 299; x_wconf 72' lang='grc' dir='ltr'>ι</span> <span class='ocrx_word' id='word_1_452' title='bbox 3031 292 3044 306; x_wconf 27' lang='grc' dir='ltr'>ἢν</span> <span class='ocrx_word' id='word_1_453' title='bbox 3081 288 3106 309; x_wconf 73' lang='grc'><strong>.</strong></span> 
     </span>
    </p>
   </div>
   <div class='ocr_carea' id='block_1_36' title="bbox 2964 310 2971 317">
    <p class='ocr_par' dir='ltr' id='par_1_36' title="bbox 2964 310 2971 317">
     <span class='ocr_line' id='line_1_36' title="bbox 2964 310 2971 317; baseline 0 0"><span class='ocrx_word' id='word_1_454' title='bbox 2964 310 2971 317; x_wconf 70' lang='grc' dir='ltr'><strong>ι</strong></span> 
     </span>
    </p>
   </div>
   <div class='ocr_carea' id='block_1_37' title="bbox 2356 3270 3663 3301">
    <p class='ocr_par' dir='ltr' id='par_1_37' title="bbox 2356 3270 3663 3301">
     <span class='ocr_line' id='line_1_37' title="bbox 2356 3270 3663 3301; baseline -0.007 2"><span class='ocrx_word' id='word_1_455' title='bbox 2356 3270 3663 3301; x_wconf 59' lang='lat' dir='ltr'>W</span> 
     </span>
    </p>
   </div>
   <div class='ocr_carea' id='block_1_38' title="bbox 882 3437 3196 3543">
    <p class='ocr_par' dir='ltr' id='par_1_38' title="bbox 882 3437 3196 3543">
     <span class='ocr_line' id='line_1_38' title="bbox 882 3437 3196 3543; baseline -0.006 -2"><span class='ocrx_word' id='word_1_456' title='bbox 882 3452 1519 3543; x_wconf 83' lang='grc' dir='ltr'><strong>ΠΡΟΘΕΩΡΙΑ</strong></span> <span class='ocrx_word' id='word_1_457' title='bbox 1610 3450 1839 3538; x_wconf 87' lang='grc' dir='ltr'><strong>ΤΟΥ</strong></span> <span class='ocrx_word' id='word_1_458' title='bbox 1920 3449 2512 3538; x_wconf 85' lang='grc' dir='ltr'><strong>ΠΑΡΟΝΤΟΣ</strong></span> <span class='ocrx_word' id='word_1_459' title='bbox 2606 3446 2988 3533; x_wconf 89' lang='grc' dir='ltr'><strong>ΛΟΓΟΥ</strong></span> <span class='ocrx_word' id='word_1_460' title='bbox 3053 3437 3135 3516; x_wconf 62' lang='grc'><strong>(⁸)</strong></span> <span class='ocrx_word' id='word_1_461' title='bbox 3177 3506 3196 3528; x_wconf 93' lang='grc'><strong>.</strong></span> 
     </span>
    </p>
   </div>
   <div class='ocr_carea' id='block_1_39' title="bbox 2007 3644 2078 3660">
    <p class='ocr_par' dir='ltr' id='par_1_39' title="bbox 2007 3644 2078 3660">
     <span class='ocr_line' id='line_1_39' title="bbox 2007 3644 2078 3660; baseline 0 -4"><span class='ocrx_word' id='word_1_462' title='bbox 2007 3644 2078 3660; x_wconf 73' lang='lat'><em>_</em></span> 
     </span>
    </p>
   </div>
   <div class='ocr_carea' id='block_1_40' title="bbox 1220 3768 2887 3868">
    <p class='ocr_par' dir='ltr' id='par_1_40' title="bbox 1220 3768 2887 3868">
     <span class='ocr_line' id='line_1_40' title="bbox 1220 3768 2887 3868; baseline -0.008 0"><span class='ocrx_word' id='word_1_463' title='bbox 1220 3768 2055 3868; x_wconf 79' lang='lat' dir='ltr'><strong>ARGUMENTUM</strong></span> <span class='ocrx_word' id='word_1_464' title='bbox 2171 3769 2887 3863; x_wconf 80' lang='lat' dir='ltr'><strong>ORATIONIS.</strong></span> 
     </span>
    </p>
   </div>
   <div class='ocr_carea' id='block_1_41' title="bbox 493 4066 2003 4161">
    <p class='ocr_par' dir='ltr' id='par_1_41' title="bbox 493 4066 1997 4161">
     <span class='ocr_line' id='line_1_41' title="bbox 493 4066 1997 4161; baseline -0.006 -9"><span class='ocrx_word' id='word_1_465' title='bbox 493 4066 789 4153; x_wconf 80' lang='lat' dir='ltr'><strong>Exordium</strong></span> <span class='ocrx_word' id='word_1_466' title='bbox 814 4087 1045 4161; x_wconf 68' lang='lat' dir='ltr'><strong>“quidem</strong></span> <span class='ocrx_word' id='word_1_467' title='bbox 1075 4086 1451 4144; x_wconf 82' lang='lat' dir='ltr'><strong>vehementius</strong></span> <span class='ocrx_word' id='word_1_468' title='bbox 1491 4086 1826 4157; x_wconf 80' lang='lat' dir='ltr'><strong>lugubre,&#39;ac</strong></span> <span class='ocrx_word' id='word_1_469' title='bbox 1860 4102 1997 4160; x_wconf 87' lang='lat' dir='ltr'><strong>qua-</strong></span> 
     </span>
    </p>
   </div>
   <div class='ocr_carea' id='block_1_42' title="bbox 2105 4066 3699 4161">
    <p class='ocr_par' dir='ltr' id='par_1_42' title="bbox 2171 4078 3699 4160">
     <span class='ocr_line' id='line_1_42' title="bbox 2171 4078 3699 4160; baseline -0.009 -16"><span class='ocrx_word' id='word_1_470' title='bbox 2171 4088 2484 4160; x_wconf 73' lang='grc' dir='ltr'>Περιπαθὲς</span> <span class='ocrx_word' id='word_1_471' title='bbox 2514 4088 2613 4158; x_wconf 72' lang='grc' dir='ltr'><strong>μὲν</strong></span> <span class='ocrx_word' id='word_1_472' title='bbox 2657 4086 2719 4140; x_wconf 78' lang='grc' dir='ltr'><strong>τὸ</strong></span> <span class='ocrx_word' id='word_1_473' title='bbox 2750 4083 3058 4157; x_wconf 80' lang='grc' dir='ltr'>προοίμιον,</span> <span class='ocrx_word' id='word_1_474' title='bbox 3109 4087 3203 4142; x_wconf 74' lang='grc' dir='ltr'>καὶ</span> <span class='ocrx_word' id='word_1_475' title='bbox 3231 4081 3352 4143; x_wconf 74' lang='grc' dir='ltr'>οἷον</span> <span class='ocrx_word' id='word_1_476' title='bbox 3384 4080 3585 4156; x_wconf 72' lang='grc' dir='ltr'>γένοιτ’</span> <span class='ocrx_word' id='word_1_477' title='bbox 3612 4078 3699 4133; x_wconf 78' lang='grc' dir='ltr'>ἂν-</span> 
     </span>
    </p>
   </div>
   <div class='ocr_carea' id='block_1_43' title="bbox 422 4177 1995 4249">
    <p class='ocr_par' dir='ltr' id='par_1_43' title="bbox 422 4177 1995 4249">
     <span class='ocr_line' id='line_1_43' title="bbox 422 4177 1995 4249; baseline -0.008 -2"><span class='ocrx_word' id='word_1_478' title='bbox 422 4192 473 4247; x_wconf 86' lang='lat' dir='ltr'><strong>le</strong></span> <span class='ocrx_word' id='word_1_479' title='bbox 512 4189 748 4244; x_wconf 82' lang='lat' dir='ltr'><strong>maxime</strong></span> <span class='ocrx_word' id='word_1_480' title='bbox 777 4183 1030 4247; x_wconf 88' lang='lat' dir='ltr'><strong>fratrem,</strong></span> <span class='ocrx_word' id='word_1_481' title='bbox 1080 4193 1245 4249; x_wconf 81' lang='lat' dir='ltr'><strong>super</strong></span> <span class='ocrx_word' id='word_1_482' title='bbox 1281 4177 1465 4233; x_wconf 87' lang='lat' dir='ltr'><strong>fratris</strong></span> <span class='ocrx_word' id='word_1_483' title='bbox 1495 4177 1688 4233; x_wconf 85' lang='lat' dir='ltr'><strong>funere</strong></span> <span class='ocrx_word' id='word_1_484' title='bbox 1721 4190 1995 4246; x_wconf 89' lang='lat' dir='ltr'><strong>orantem,</strong></span> 
     </span>
    </p>
   </div>
   <div class='ocr_carea' id='block_1_44' title="bbox 423 4268 2002 4338">
    <p class='ocr_par' dir='ltr' id='par_1_44' title="bbox 423 4268 2002 4338">
     <span class='ocr_line' id='line_1_44' title="bbox 423 4268 2002 4338; baseline -0.008 0"><span class='ocrx_word' id='word_1_485' title='bbox 423 4285 634 4338; x_wconf 86' lang='lat' dir='ltr'><strong>deceat.</strong></span> <span class='ocrx_word' id='word_1_486' title='bbox 665 4275 771 4331; x_wconf 88' lang='lat' dir='ltr'><strong>Ubi</strong></span> <span class='ocrx_word' id='word_1_487' title='bbox 828 4280 1011 4327; x_wconf 90' lang='lat' dir='ltr'><strong>autem</strong></span> <span class='ocrx_word' id='word_1_488' title='bbox 1067 4279 1341 4324; x_wconf 88' lang='lat' dir='ltr'><strong>oratorem</strong></span> <span class='ocrx_word' id='word_1_489' title='bbox 1382 4284 1567 4335; x_wconf 84' lang='lat' dir='ltr'><strong>agens,</strong></span> <span class='ocrx_word' id='word_1_490' title='bbox 1627 4268 2002 4327; x_wconf 80' lang='lat' dir='ltr'><strong>divinissimus</strong></span> 
     </span>
    </p>
   </div>
   <div class='ocr_carea' id='block_1_45' title="bbox 424 4361 1997 4440">
    <p class='ocr_par' dir='ltr' id='par_1_45' title="bbox 424 4361 1997 4440">
     <span class='ocr_line' id='line_1_45' title="bbox 424 4361 1997 4440; baseline -0.009 -11"><span class='ocrx_word' id='word_1_491' title='bbox 424 4376 759 4440; x_wconf 88' lang='lat' dir='ltr'><strong>imperator,</strong></span> <span class='ocrx_word' id='word_1_492' title='bbox 814 4379 1005 4436; x_wconf 91' lang='lat' dir='ltr'><strong>parum</strong></span> <span class='ocrx_word' id='word_1_493' title='bbox 1071 4362 1198 4433; x_wconf 91' lang='lat' dir='ltr'><strong>quid</strong></span> <span class='ocrx_word' id='word_1_494' title='bbox 1258 4362 1423 4416; x_wconf 89' lang='lat' dir='ltr'><strong>etiam</strong></span> <span class='ocrx_word' id='word_1_495' title='bbox 1479 4361 1694 4427; x_wconf 76' lang='lat' dir='ltr'><strong>generis</strong></span> <span class='ocrx_word' id='word_1_496' title='bbox 1730 4362 1997 4427; x_wconf 88' lang='lat' dir='ltr'><strong>meminit,</strong></span> 
     </span>
    </p>
   </div>
   <div class='ocr_carea' id='block_1_46' title="bbox 425 4454 2004 4519">
    <p class='ocr_par' dir='ltr' id='par_1_46' title="bbox 425 4454 2004 4519">
     <span class='ocr_line' id='line_1_46' title="bbox 425 4454 2004 4519; baseline -0.008 0"><span class='ocrx_word' id='word_1_497' title='bbox 425 4463 569 4519; x_wconf 88' lang='lat' dir='ltr'><strong>haud</strong></span> <span class='ocrx_word' id='word_1_498' title='bbox 610 4462 662 4515; x_wconf 90' lang='lat' dir='ltr'><strong>in</strong></span> <span class='ocrx_word' id='word_1_499' title='bbox 693 4476 757 4514; x_wconf 91' lang='lat' dir='ltr'><strong>eo</strong></span> <span class='ocrx_word' id='word_1_500' title='bbox 785 4456 989 4512; x_wconf 87' lang='lat' dir='ltr'><strong>diutius</strong></span> <span class='ocrx_word' id='word_1_501' title='bbox 1020 4462 1282 4510; x_wconf 88' lang='lat' dir='ltr'><strong>moratur.</strong></span> <span class='ocrx_word' id='word_1_502' title='bbox 1301 4454 1477 4507; x_wconf 91' lang='lat' dir='ltr'><strong>Porro</strong></span> <span class='ocrx_word' id='word_1_503' title='bbox 1513 4454 1771 4507; x_wconf 81' lang='lat' dir='ltr'><strong>devectus</strong></span> <span class='ocrx_word' id='word_1_504' title='bbox 1802 4460 2004 4509; x_wconf 74' lang='lat' dir='ltr'><strong>sermo-</strong></span> 
     </span>
    </p>
   </div>
   <div class='ocr_carea' id='block_1_47' title="bbox 424 4543 2002 4616">
    <p class='ocr_par' dir='ltr' id='par_1_47' title="bbox 424 4543 2002 4616">
     <span class='ocr_line' id='line_1_47' title="bbox 424 4543 2002 4616; baseline -0.01 -4"><span class='ocrx_word' id='word_1_505' title='bbox 424 4572 493 4612; x_wconf 88' lang='lat' dir='ltr'><strong>ne</strong></span> <span class='ocrx_word' id='word_1_506' title='bbox 532 4556 599 4609; x_wconf 89' lang='lat' dir='ltr'><strong>ad</strong></span> <span class='ocrx_word' id='word_1_507' title='bbox 632 4553 732 4607; x_wconf 90' lang='lat' dir='ltr'><strong>viri</strong></span> <span class='ocrx_word' id='word_1_508' title='bbox 759 4559 899 4612; x_wconf 89' lang='lat' dir='ltr'><strong>acta,</strong></span> <span class='ocrx_word' id='word_1_509' title='bbox 935 4561 1034 4601; x_wconf 89' lang='lat' dir='ltr'><strong>nec</strong></span> <span class='ocrx_word' id='word_1_510' title='bbox 1095 4560 1266 4616; x_wconf 90' lang='lat' dir='ltr'><strong>pauca</strong></span> <span class='ocrx_word' id='word_1_511' title='bbox 1304 4545 1416 4611; x_wconf 90' lang='lat' dir='ltr'><strong>illa,</strong></span> <span class='ocrx_word' id='word_1_512' title='bbox 1458 4558 1559 4597; x_wconf 90' lang='lat' dir='ltr'><strong>nec</strong></span> <span class='ocrx_word' id='word_1_513' title='bbox 1585 4552 1640 4597; x_wconf 92' lang='lat' dir='ltr'><strong>ut</strong></span> <span class='ocrx_word' id='word_1_514' title='bbox 1679 4543 1828 4599; x_wconf 86' lang='lat' dir='ltr'><strong>brevi</strong></span> <span class='ocrx_word' id='word_1_515' title='bbox 1876 4559 2002 4598; x_wconf 83' lang='lat' dir='ltr'><strong>ora-</strong></span> 
     </span>
    </p>
   </div>
   <div class='ocr_carea' id='block_1_48' title="bbox 426 4636 1997 4713">
    <p class='ocr_par' dir='ltr' id='par_1_48' title="bbox 426 4636 1997 4713">
     <span class='ocr_line' id='line_1_48' title="bbox 426 4636 1997 4713; baseline -0.01 -11"><span class='ocrx_word' id='word_1_516' title='bbox 426 4649 574 4703; x_wconf 86' lang='lat' dir='ltr'><strong>tione</strong></span> <span class='ocrx_word' id='word_1_517' title='bbox 604 4642 926 4713; x_wconf 78' lang='lat' dir='ltr'><strong>explicanda</strong></span> <span class='ocrx_word' id='word_1_518' title='bbox 957 4639 1158 4704; x_wconf 78' lang='lat' dir='ltr'><strong>forent,</strong></span> <span class='ocrx_word' id='word_1_519' title='bbox 1213 4652 1503 4703; x_wconf 82' lang='lat' dir='ltr'><strong>excusans,</strong></span> <span class='ocrx_word' id='word_1_520' title='bbox 1538 4647 1594 4689; x_wconf 90' lang='lat' dir='ltr'><strong>nt</strong></span> <span class='ocrx_word' id='word_1_521' title='bbox 1645 4636 1775 4703; x_wconf 88' lang='lat' dir='ltr'><strong>quia</strong></span> <span class='ocrx_word' id='word_1_522' title='bbox 1808 4651 1997 4689; x_wconf 87' lang='lat' dir='ltr'><strong>eorum</strong></span> 
     </span>
    </p>
   </div>
   <div class='ocr_carea' id='block_1_49' title="bbox 427 4733 2002 4810">
    <p class='ocr_par' dir='ltr' id='par_1_49' title="bbox 427 4733 2002 4810">
     <span class='ocr_line' id='line_1_49' title="bbox 427 4733 2002 4810; baseline -0.011 -15"><span class='ocrx_word' id='word_1_523' title='bbox 427 4738 687 4810; x_wconf 86' lang='lat' dir='ltr'><strong>splendor</strong></span> <span class='ocrx_word' id='word_1_524' title='bbox 718 4733 975 4789; x_wconf 83' lang='lat' dir='ltr'><strong>omnibus</strong></span> <span class='ocrx_word' id='word_1_525' title='bbox 1010 4741 1213 4800; x_wconf 81' lang='lat' dir='ltr'><strong>pateat,</strong></span> <span class='ocrx_word' id='word_1_526' title='bbox 1253 4743 1353 4783; x_wconf 88' lang='lat' dir='ltr'><strong>nec</strong></span> <span class='ocrx_word' id='word_1_527' title='bbox 1380 4744 1411 4781; x_wconf 82' lang='lat' dir='ltr'><strong>a</strong></span> <span class='ocrx_word' id='word_1_528' title='bbox 1443 4742 1714 4795; x_wconf 83' lang='lat' dir='ltr'><strong>quoquam</strong></span> <span class='ocrx_word' id='word_1_529' title='bbox 1757 4736 2002 4795; x_wconf 83' lang='lat' dir='ltr'><strong>negetur,</strong></span> 
     </span>
    </p>
   </div>
   <div class='ocr_carea' id='block_1_50' title="bbox 426 4818 2000 4891">
    <p class='ocr_par' dir='ltr' id='par_1_50' title="bbox 426 4818 2000 4891">
     <span class='ocr_line' id='line_1_50' title="bbox 426 4818 2000 4891; baseline -0.01 -7"><span class='ocrx_word' id='word_1_530' title='bbox 426 4829 566 4885; x_wconf 85' lang='lat' dir='ltr'><strong>haud</strong></span> <span class='ocrx_word' id='word_1_531' title='bbox 601 4840 823 4881; x_wconf 81' lang='lat' dir='ltr'><strong>necesse</strong></span> <span class='ocrx_word' id='word_1_532' title='bbox 879 4825 950 4878; x_wconf 90' lang='lat' dir='ltr'><strong>sit</strong></span> <span class='ocrx_word' id='word_1_533' title='bbox 976 4822 1190 4891; x_wconf 82' lang='lat' dir='ltr'><strong>singula</strong></span> <span class='ocrx_word' id='word_1_534' title='bbox 1233 4834 1511 4883; x_wconf 83' lang='lat' dir='ltr'><strong>enarrare,</strong></span> <span class='ocrx_word' id='word_1_535' title='bbox 1567 4834 1632 4872; x_wconf 89' lang='lat' dir='ltr'><strong>eo</strong></span> <span class='ocrx_word' id='word_1_536' title='bbox 1668 4818 1784 4886; x_wconf 89' lang='lat' dir='ltr'><strong>ipso</strong></span> <span class='ocrx_word' id='word_1_537' title='bbox 1836 4818 2000 4875; x_wconf 84' lang='lat' dir='ltr'><strong>etiam</strong></span> 
     </span>
    </p>
   </div>
   <div class='ocr_carea' id='block_1_51' title="bbox 424 4910 2003 4979">
    <p class='ocr_par' dir='ltr' id='par_1_51' title="bbox 424 4910 2003 4979">
     <span class='ocr_line' id='line_1_51' title="bbox 424 4910 2003 4979; baseline -0.009 -5"><span class='ocrx_word' id='word_1_538' title='bbox 424 4923 581 4974; x_wconf 59' lang='lat' dir='ltr'><strong>valde</strong></span> <span class='ocrx_word' id='word_1_539' title='bbox 629 4924 898 4970; x_wconf 74' lang='lat' dir='ltr'><strong>exornat:</strong></span> <span class='ocrx_word' id='word_1_540' title='bbox 967 4912 1156 4979; x_wconf 89' lang='lat' dir='ltr'><strong>sicque</strong></span> <span class='ocrx_word' id='word_1_541' title='bbox 1219 4910 1474 4978; x_wconf 82' lang='lat' dir='ltr'><strong>deinceps</strong></span> <span class='ocrx_word' id='word_1_542' title='bbox 1533 4910 1652 4975; x_wconf 90' lang='lat' dir='ltr'><strong>ejus</strong></span> <span class='ocrx_word' id='word_1_543' title='bbox 1712 4923 2003 4977; x_wconf 83' lang='lat' dir='ltr'><strong>aggressus</strong></span> 
     </span>
    </p>
   </div>
   <div class='ocr_carea' id='block_1_52' title="bbox 426 4999 2004 5077">
    <p class='ocr_par' dir='ltr' id='par_1_52' title="bbox 426 4999 2004 5077">
     <span class='ocr_line' id='line_1_52' title="bbox 426 4999 2004 5077; baseline -0.008 -14"><span class='ocrx_word' id='word_1_544' title='bbox 426 5011 632 5071; x_wconf 79' lang='lat' dir='ltr'><strong>laudes,</strong></span> <span class='ocrx_word' id='word_1_545' title='bbox 666 5009 896 5077; x_wconf 82' lang='lat' dir='ltr'><strong>primum</strong></span> <span class='ocrx_word' id='word_1_546' title='bbox 928 5004 995 5057; x_wconf 91' lang='lat' dir='ltr'><strong>de</strong></span> <span class='ocrx_word' id='word_1_547' title='bbox 1019 5004 1137 5072; x_wconf 83' lang='lat' dir='ltr'><strong>ejus</strong></span> <span class='ocrx_word' id='word_1_548' title='bbox 1163 5001 1388 5071; x_wconf 85' lang='lat' dir='ltr'><strong>pueritia</strong></span> <span class='ocrx_word' id='word_1_549' title='bbox 1416 4999 1659 5062; x_wconf 80' lang='lat' dir='ltr'><strong>disserit,</strong></span> <span class='ocrx_word' id='word_1_550' title='bbox 1691 5009 1857 5069; x_wconf 87' lang='lat' dir='ltr'><strong>utque</strong></span> <span class='ocrx_word' id='word_1_551' title='bbox 1888 5014 2004 5052; x_wconf 79' lang='lat' dir='ltr'><strong>om~</strong></span> 
     </span>
    </p>
   </div>
   <div class='ocr_carea' id='block_1_53' title="bbox 425 5088 2051 5161">
    <p class='ocr_par' dir='ltr' id='par_1_53' title="bbox 425 5088 2051 5161">
     <span class='ocr_line' id='line_1_53' title="bbox 425 5088 2051 5161; baseline -0.007 -5"><span class='ocrx_word' id='word_1_552' title='bbox 425 5103 557 5156; x_wconf 85' lang='lat' dir='ltr'><strong>nino</strong></span> <span class='ocrx_word' id='word_1_553' title='bbox 596 5099 848 5152; x_wconf 82' lang='lat' dir='ltr'><strong>habuerit</strong></span> <span class='ocrx_word' id='word_1_554' title='bbox 877 5094 1140 5157; x_wconf 90' lang='lat' dir='ltr'><strong>moribus,</strong></span> <span class='ocrx_word' id='word_1_555' title='bbox 1191 5107 1254 5147; x_wconf 87' lang='lat' dir='ltr'><strong>ac</strong></span> <span class='ocrx_word' id='word_1_556' title='bbox 1284 5092 1464 5161; x_wconf 83' lang='lat' dir='ltr'><strong>qualis</strong></span> <span class='ocrx_word' id='word_1_557' title='bbox 1489 5094 1570 5145; x_wconf 89' lang='lat' dir='ltr'><strong>vir</strong></span> <span class='ocrx_word' id='word_1_558' title='bbox 1602 5094 1800 5153; x_wconf 67' lang='lat' dir='ltr'><strong>faitus,</strong></span> <span class='ocrx_word' id='word_1_559' title='bbox 1842 5092 2003 5145; x_wconf 78' lang='lat' dir='ltr'><strong>fuerit</strong></span> <span class='ocrx_word' id='word_1_560' title='bbox 2044 5088 2051 5093; x_wconf 79' lang='grc'><em>’</em></span> 
     </span>
    </p>
   </div>
   <div class='ocr_carea' id='block_1_54' title="bbox 429 5184 1998 5254">
    <p class='ocr_par' dir='ltr' id='par_1_54' title="bbox 429 5184 1998 5254">
     <span class='ocr_line' id='line_1_54' title="bbox 429 5184 1998 5254; baseline -0.006 -9"><span class='ocrx_word' id='word_1_561' title='bbox 429 5190 735 5245; x_wconf 71' lang='lat' dir='ltr'><strong>universis:</strong></span> <span class='ocrx_word' id='word_1_562' title='bbox 766 5201 878 5242; x_wconf 89' lang='lat' dir='ltr'><strong>tum</strong></span> <span class='ocrx_word' id='word_1_563' title='bbox 901 5200 1029 5239; x_wconf 87' lang='lat' dir='ltr'><strong>vero</strong></span> <span class='ocrx_word' id='word_1_564' title='bbox 1061 5186 1266 5239; x_wconf 84' lang='lat' dir='ltr'><strong>adacta</strong></span> <span class='ocrx_word' id='word_1_565' title='bbox 1305 5199 1368 5238; x_wconf 85' lang='lat' dir='ltr'><strong>ac</strong></span> <span class='ocrx_word' id='word_1_566' title='bbox 1397 5199 1485 5238; x_wconf 90' lang='lat' dir='ltr'><strong>res</strong></span> <span class='ocrx_word' id='word_1_567' title='bbox 1502 5193 1683 5254; x_wconf 79' lang='lat' dir='ltr'><strong>gestas</strong></span> <span class='ocrx_word' id='word_1_568' title='bbox 1715 5184 1957 5251; x_wconf 70' lang='lat' dir='ltr'><strong>procedit</strong></span> <span class='ocrx_word' id='word_1_569' title='bbox 1987 5202 1998 5235; x_wconf 89' lang='lat'>:</span> 
     </span>
    </p>
   </div>
   <div class='ocr_carea' id='block_1_55' title="bbox 429 5279 1999 5358">
    <p class='ocr_par' dir='ltr' id='par_1_55' title="bbox 429 5279 1999 5358">
     <span class='ocr_line' id='line_1_55' title="bbox 429 5279 1999 5358; baseline -0.005 -18"><span class='ocrx_word' id='word_1_570' title='bbox 429 5291 773 5358; x_wconf 86' lang='lat' dir='ltr'><strong>primumque</strong></span> <span class='ocrx_word' id='word_1_571' title='bbox 805 5298 995 5339; x_wconf 88' lang='lat' dir='ltr'><strong>eorum</strong></span> <span class='ocrx_word' id='word_1_572' title='bbox 1050 5282 1379 5336; x_wconf 86' lang='lat' dir='ltr'><strong>mentionem</strong></span> <span class='ocrx_word' id='word_1_573' title='bbox 1405 5279 1558 5345; x_wconf 82' lang='lat' dir='ltr'><strong>facit,</strong></span> <span class='ocrx_word' id='word_1_574' title='bbox 1582 5295 1703 5348; x_wconf 67' lang='lat' dir='ltr'><strong>qua:</strong></span> <span class='ocrx_word' id='word_1_575' title='bbox 1724 5280 1999 5347; x_wconf 79' lang='lat' dir='ltr'><strong>quondam</strong></span> 
     </span>
    </p>
   </div>
   <div class='ocr_carea' id='block_1_56' title="bbox 430 5371 2001 5447">
    <p class='ocr_par' dir='ltr' id='par_1_56' title="bbox 430 5371 2001 5447">
     <span class='ocr_line' id='line_1_56' title="bbox 430 5371 2001 5447; baseline -0.006 -14"><span class='ocrx_word' id='word_1_576' title='bbox 430 5381 482 5433; x_wconf 90' lang='lat' dir='ltr'><strong>in</strong></span> <span class='ocrx_word' id='word_1_577' title='bbox 517 5388 745 5447; x_wconf 87' lang='lat' dir='ltr'><strong>patrem,</strong></span> <span class='ocrx_word' id='word_1_578' title='bbox 774 5375 1137 5444; x_wconf 89' lang='lat' dir='ltr'><strong>eumdemque</strong></span> <span class='ocrx_word' id='word_1_579' title='bbox 1164 5375 1362 5440; x_wconf 86' lang='lat' dir='ltr'><strong>ipsum,</strong></span> <span class='ocrx_word' id='word_1_580' title='bbox 1387 5386 1449 5425; x_wconf 89' lang='lat' dir='ltr'><strong>ac</strong></span> <span class='ocrx_word' id='word_1_581' title='bbox 1480 5371 1812 5440; x_wconf 85' lang='lat' dir='ltr'><strong>propinquos</strong></span> <span class='ocrx_word' id='word_1_582' title='bbox 1846 5373 2001 5433; x_wconf 83' lang='lat' dir='ltr'><strong>alios,</strong></span> 
     </span>
    </p>
   </div>
   <div class='ocr_carea' id='block_1_57' title="bbox 2105 4173 3677 4252">
    <p class='ocr_par' dir='ltr' id='par_1_57' title="bbox 2105 4173 3677 4252">
     <span class='ocr_line' id='line_1_57' title="bbox 2105 4173 3677 4252; baseline -0.008 -16"><span class='ocrx_word' id='word_1_583' title='bbox 2105 4181 2320 4252; x_wconf 81' lang='grc' dir='ltr'>ἀδελφῷ</span> <span class='ocrx_word' id='word_1_584' title='bbox 2354 4181 2591 4249; x_wconf 84' lang='grc' dir='ltr'>μάλιστα</span> <span class='ocrx_word' id='word_1_585' title='bbox 2621 4180 2858 4250; x_wconf 76' lang='grc' dir='ltr'>πρέπον,</span> <span class='ocrx_word' id='word_1_586' title='bbox 2883 4180 3172 4249; x_wconf 76' lang='grc' dir='ltr'>ἐπιτάφιον</span> <span class='ocrx_word' id='word_1_587' title='bbox 3202 4179 3291 4234; x_wconf 76' lang='grc' dir='ltr'><strong>ἐπ’</strong></span> <span class='ocrx_word' id='word_1_588' title='bbox 3326 4175 3542 4246; x_wconf 76' lang='grc' dir='ltr'>ἀδελφῷ</span> <span class='ocrx_word' id='word_1_589' title='bbox 3574 4173 3677 4225; x_wconf 78' lang='grc' dir='ltr'>διε-</span> 
     </span>
    </p>
   </div>
   <div class='ocr_carea' id='block_1_58' title="bbox 2105 4263 3673 4343">
    <p class='ocr_par' dir='ltr' id='par_1_58' title="bbox 2105 4263 3673 4343">
     <span class='ocr_line' id='line_1_58' title="bbox 2105 4263 3673 4343; baseline -0.004 -14"><span class='ocrx_word' id='word_1_590' title='bbox 2105 4277 2308 4343; x_wconf 76' lang='grc' dir='ltr'>ξιόντιο</span> <span class='ocrx_word' id='word_1_591' title='bbox 2341 4272 2603 4342; x_wconf 80' lang='grc' dir='ltr'>πατρίδος</span> <span class='ocrx_word' id='word_1_592' title='bbox 2632 4270 2690 4325; x_wconf 84' lang='grc' dir='ltr'>δὲ</span> <span class='ocrx_word' id='word_1_593' title='bbox 2724 4271 2817 4323; x_wconf 78' lang='grc' dir='ltr'><strong>καὶ</strong></span> <span class='ocrx_word' id='word_1_594' title='bbox 2853 4273 3045 4338; x_wconf 83' lang='grc' dir='ltr'><strong>γένους</strong></span> <span class='ocrx_word' id='word_1_595' title='bbox 3098 4271 3272 4342; x_wconf 86' lang='grc' dir='ltr'>βραχύ</span> <span class='ocrx_word' id='word_1_596' title='bbox 3306 4282 3361 4325; x_wconf 71' lang='grc' dir='ltr'><strong>τι</strong></span> <span class='ocrx_word' id='word_1_597' title='bbox 3394 4263 3673 4340; x_wconf 67' lang='grc' dir='ltr'><strong>μνησθεὶς.</strong></span> 
     </span>
    </p>
   </div>
   <div class='ocr_carea' id='block_1_59' title="bbox 2104 4354 3673 4432">
    <p class='ocr_par' dir='ltr' id='par_1_59' title="bbox 2104 4354 3673 4432">
     <span class='ocr_line' id='line_1_59' title="bbox 2104 4354 3673 4432; baseline -0.009 -11"><span class='ocrx_word' id='word_1_598' title='bbox 2104 4370 2133 4421; x_wconf 86' lang='grc' dir='ltr'><strong>ὁ</strong></span> <span class='ocrx_word' id='word_1_599' title='bbox 2159 4365 2287 4419; x_wconf 77' lang='grc' dir='ltr'>τάδε</span> <span class='ocrx_word' id='word_1_600' title='bbox 2321 4364 2498 4430; x_wconf 71' lang='grc' dir='ltr'>λέγων</span> <span class='ocrx_word' id='word_1_601' title='bbox 2527 4362 2801 4421; x_wconf 80' lang='grc' dir='ltr'>θειότατος</span> <span class='ocrx_word' id='word_1_602' title='bbox 2839 4361 3112 4432; x_wconf 76' lang='grc' dir='ltr'>βασιλεὺς.</span> <span class='ocrx_word' id='word_1_603' title='bbox 3142 4363 3242 4417; x_wconf 81' lang='grc' dir='ltr'><strong>οὐκ</strong></span> <span class='ocrx_word' id='word_1_604' title='bbox 3274 4365 3371 4417; x_wconf 71' lang='grc' dir='ltr'>ἐπὶ</span> <span class='ocrx_word' id='word_1_605' title='bbox 3398 4359 3561 4413; x_wconf 79' lang='grc' dir='ltr'>πλέον</span> <span class='ocrx_word' id='word_1_606' title='bbox 3588 4354 3673 4404; x_wconf 74' lang='grc' dir='ltr'><strong>ἐν·</strong></span> 
     </span>
    </p>
   </div>
   <div class='ocr_carea' id='block_1_60' title="bbox 2105 4449 3673 4533">
    <p class='ocr_par' dir='ltr' id='par_1_60' title="bbox 2105 4449 3673 4533">
     <span class='ocr_line' id='line_1_60' title="bbox 2105 4449 3673 4533; baseline -0.006 -22"><span class='ocrx_word' id='word_1_607' title='bbox 2105 4455 2368 4533; x_wconf 61' lang='grc' dir='ltr'>διατρίϐει</span> <span class='ocrx_word' id='word_1_608' title='bbox 2401 4454 2481 4522; x_wconf 83' lang='grc' dir='ltr'>τῷ</span> <span class='ocrx_word' id='word_1_609' title='bbox 2542 4455 2668 4522; x_wconf 68' lang='grc' dir='ltr'>περὶ</span> <span class='ocrx_word' id='word_1_610' title='bbox 2722 4454 2930 4507; x_wconf 87' lang='grc' dir='ltr'>τούτων</span> <span class='ocrx_word' id='word_1_611' title='bbox 2991 4454 3200 4526; x_wconf 84' lang='grc' dir='ltr'><strong>χωρίῳ.</strong></span> <span class='ocrx_word' id='word_1_612' title='bbox 3252 4449 3673 4521; x_wconf 69' lang='grc' dir='ltr'>Ἐπιγενόμενος</span> 
     </span>
    </p>
   </div>
   <div class='ocr_carea' id='block_1_61' title="bbox 2107 4541 3673 4623">
    <p class='ocr_par' dir='ltr' id='par_1_61' title="bbox 2107 4541 3673 4623">
     <span class='ocr_line' id='line_1_61' title="bbox 2107 4541 3673 4623; baseline -0.007 -18"><span class='ocrx_word' id='word_1_613' title='bbox 2107 4553 2208 4623; x_wconf 81' lang='grc' dir='ltr'><strong>μὲν</strong></span> <span class='ocrx_word' id='word_1_614' title='bbox 2232 4554 2322 4604; x_wconf 74' lang='grc' dir='ltr'><strong>ἐπὶ</strong></span> <span class='ocrx_word' id='word_1_615' title='bbox 2349 4554 2445 4613; x_wconf 65' lang='grc' dir='ltr'><strong>τὰς</strong></span> <span class='ocrx_word' id='word_1_616' title='bbox 2478 4553 2572 4605; x_wconf 76' lang='grc' dir='ltr'>τοῦ</span> <span class='ocrx_word' id='word_1_617' title='bbox 2621 4552 3015 4620; x_wconf 70' lang='grc' dir='ltr'>ἐπαινουμένου</span> <span class='ocrx_word' id='word_1_618' title='bbox 3068 4551 3320 4621; x_wconf 72' lang='grc' dir='ltr'>πράξεις,</span> <span class='ocrx_word' id='word_1_619' title='bbox 3358 4550 3527 4608; x_wconf 78' lang='grc' dir='ltr'>οὔσας</span> <span class='ocrx_word' id='word_1_620' title='bbox 3575 4541 3673 4595; x_wconf 78' lang='grc' dir='ltr'><strong>οὐκ</strong></span> 
     </span>
    </p>
   </div>
   <div class='ocr_carea' id='block_1_62' title="bbox 2104 4633 3674 4713">
    <p class='ocr_par' dir='ltr' id='par_1_62' title="bbox 2104 4633 3674 4713">
     <span class='ocr_line' id='line_1_62' title="bbox 2104 4633 3674 4713; baseline -0.009 -17"><span class='ocrx_word' id='word_1_621' title='bbox 2104 4644 2314 4711; x_wconf 77' lang='grc' dir='ltr'><strong>ὀλίγας,</strong></span> <span class='ocrx_word' id='word_1_622' title='bbox 2350 4643 2468 4696; x_wconf 81' lang='grc' dir='ltr'>οὐδὲ</span> <span class='ocrx_word' id='word_1_623' title='bbox 2497 4643 2744 4713; x_wconf 78' lang='grc' dir='ltr'>βραχέων</span> <span class='ocrx_word' id='word_1_624' title='bbox 2790 4642 2896 4695; x_wconf 82' lang='grc' dir='ltr'>τῶν</span> <span class='ocrx_word' id='word_1_625' title='bbox 2931 4642 3104 4710; x_wconf 79' lang='grc' dir='ltr'>λόγων</span> <span class='ocrx_word' id='word_1_626' title='bbox 3132 4643 3402 4712; x_wconf 80' lang='grc' dir='ltr'><strong>δεομένας</strong></span> <span class='ocrx_word' id='word_1_627' title='bbox 3427 4656 3455 4711; x_wconf 20' lang='grc' dir='ltr'><strong>’ί</strong></span> <span class='ocrx_word' id='word_1_628' title='bbox 3475 4633 3674 4691; x_wconf 78' lang='grc' dir='ltr'>ἀπολο-</span> 
     </span>
    </p>
   </div>
   <div class='ocr_carea' id='block_1_63' title="bbox 2105 4733 3676 4804">
    <p class='ocr_par' dir='ltr' id='par_1_63' title="bbox 2105 4733 3676 4804">
     <span class='ocr_line' id='line_1_63' title="bbox 2105 4733 3676 4804; baseline 0.004 -20"><span class='ocrx_word' id='word_1_629' title='bbox 2105 4734 2231 4804; x_wconf 82' lang='grc' dir='ltr'>γίαν</span> <span class='ocrx_word' id='word_1_630' title='bbox 2255 4733 2310 4787; x_wconf 76' lang='grc' dir='ltr'>δὲ</span> <span class='ocrx_word' id='word_1_631' title='bbox 2332 4735 2727 4802; x_wconf 70' lang='grc' dir='ltr'>πορισάμενος,</span> <span class='ocrx_word' id='word_1_632' title='bbox 2766 4733 2841 4796; x_wconf 83' lang='grc' dir='ltr'><strong>ὡς</strong></span> <span class='ocrx_word' id='word_1_633' title='bbox 2889 4735 2978 4786; x_wconf 69' lang='grc' dir='ltr'><strong>διὰ</strong></span> <span class='ocrx_word' id='word_1_634' title='bbox 3005 4735 3066 4786; x_wconf 77' lang='grc' dir='ltr'>τὸ</span> <span class='ocrx_word' id='word_1_635' title='bbox 3110 4736 3244 4787; x_wconf 81' lang='grc' dir='ltr'>πᾶσι</span> <span class='ocrx_word' id='word_1_636' title='bbox 3274 4735 3481 4788; x_wconf 82' lang='grc' dir='ltr'>τούτων</span> <span class='ocrx_word' id='word_1_637' title='bbox 3523 4738 3676 4791; x_wconf 76' lang='grc' dir='ltr'>περι·</span> 
     </span>
    </p>
   </div>
   <div class='ocr_carea' id='block_1_64' title="bbox 2108 4813 3675 4896">
    <p class='ocr_par' dir='ltr' id='par_1_64' title="bbox 2108 4813 3675 4896">
     <span class='ocr_line' id='line_1_64' title="bbox 2108 4813 3675 4896; baseline -0.013 -17"><span class='ocrx_word' id='word_1_638' title='bbox 2108 4826 2296 4896; x_wconf 80' lang='grc' dir='ltr'>φανὲς,</span> <span class='ocrx_word' id='word_1_639' title='bbox 2324 4828 2419 4879; x_wconf 70' lang='grc' dir='ltr'><strong>καὶ</strong></span> <span class='ocrx_word' id='word_1_640' title='bbox 2455 4825 2576 4895; x_wconf 78' lang='grc' dir='ltr'>μηδ’</span> <span class='ocrx_word' id='word_1_641' title='bbox 2611 4825 2701 4893; x_wconf 79' lang='grc' dir='ltr'><strong>ὑφ’</strong></span> <span class='ocrx_word' id='word_1_642' title='bbox 2728 4825 2845 4886; x_wconf 56' lang='lat' dir='ltr'><strong>to;</strong></span> <span class='ocrx_word' id='word_1_643' title='bbox 2870 4825 3229 4895; x_wconf 81' lang='grc' dir='ltr'>ἀρνούμενον,</span> <span class='ocrx_word' id='word_1_644' title='bbox 3259 4826 3359 4879; x_wconf 81' lang='grc' dir='ltr'>οὐκ</span> <span class='ocrx_word' id='word_1_645' title='bbox 3381 4813 3675 4886; x_wconf 74' lang='grc' dir='ltr'>ἀναγκαῖον</span> 
     </span>
    </p>
   </div>
   <div class='ocr_carea' id='block_1_65' title="bbox 2105 4905 3674 4986">
    <p class='ocr_par' dir='ltr' id='par_1_65' title="bbox 2105 4905 3674 4986">
     <span class='ocr_line' id='line_1_65' title="bbox 2105 4905 3674 4986; baseline -0.01 -16"><span class='ocrx_word' id='word_1_646' title='bbox 2105 4919 2190 4986; x_wconf 77' lang='grc' dir='ltr'><strong>εἴη</strong></span> <span class='ocrx_word' id='word_1_647' title='bbox 2227 4916 2564 4969; x_wconf 75' lang='grc' dir='ltr'>καθέκαστον</span> <span class='ocrx_word' id='word_1_648' title='bbox 2604 4915 2856 4980; x_wconf 82' lang='grc' dir='ltr'>διεξιέναι</span> <span class='ocrx_word' id='word_1_649' title='bbox 2908 4918 3033 4984; x_wconf 74' lang='grc' dir='ltr'>περὶ</span> <span class='ocrx_word' id='word_1_650' title='bbox 3087 4917 3288 4980; x_wconf 81' lang='grc' dir='ltr'>αὐτῶν,</span> <span class='ocrx_word' id='word_1_651' title='bbox 3315 4913 3465 4984; x_wconf 72' lang='grc' dir='ltr'>αὐτῷ</span> <span class='ocrx_word' id='word_1_652' title='bbox 3502 4905 3674 4969; x_wconf 78' lang='grc' dir='ltr'>τούτῳ</span> 
     </span>
    </p>
   </div>
   <div class='ocr_carea' id='block_1_66' title="bbox 2106 4991 3673 5079">
    <p class='ocr_par' dir='ltr' id='par_1_66' title="bbox 2106 4991 3673 5079">
     <span class='ocr_line' id='line_1_66' title="bbox 2106 4991 3673 5079; baseline -0.013 -16"><span class='ocrx_word' id='word_1_653' title='bbox 2106 5012 2198 5063; x_wconf 73' lang='grc' dir='ltr'><strong>καὶ</strong></span> <span class='ocrx_word' id='word_1_654' title='bbox 2235 5010 2380 5079; x_wconf 79' lang='grc' dir='ltr'>μάλα</span> <span class='ocrx_word' id='word_1_655' title='bbox 2420 5008 2699 5077; x_wconf 82' lang='grc' dir='ltr'>σεμνύνει.</span> <span class='ocrx_word' id='word_1_656' title='bbox 2751 5007 2971 5059; x_wconf 79' lang='grc' dir='ltr'>Ἔπειθ’</span> <span class='ocrx_word' id='word_1_657' title='bbox 3004 5007 3147 5060; x_wconf 74' lang='grc' dir='ltr'>οὕτω</span> <span class='ocrx_word' id='word_1_658' title='bbox 3201 5009 3310 5061; x_wconf 84' lang='grc' dir='ltr'><strong>τῶν</strong></span> <span class='ocrx_word' id='word_1_659' title='bbox 3361 5001 3481 5060; x_wconf 77' lang='grc' dir='ltr'>κατ’</span> <span class='ocrx_word' id='word_1_660' title='bbox 3516 4991 3673 5079; x_wconf 66' lang='grc' dir='ltr'>αὐτὸν</span> 
     </span>
    </p>
   </div>
   <div class='ocr_carea' id='block_1_67' title="bbox 2105 5078 3674 5169">
    <p class='ocr_par' dir='ltr' id='par_1_67' title="bbox 2105 5078 3674 5169">
     <span class='ocr_line' id='line_1_67' title="bbox 2105 5078 3674 5169; baseline -0.01 -16"><span class='ocrx_word' id='word_1_661' title='bbox 2105 5104 2196 5153; x_wconf 66' lang='grc' dir='ltr'>τὸν</span> <span class='ocrx_word' id='word_1_662' title='bbox 2227 5097 2451 5152; x_wconf 78' lang='grc' dir='ltr'>ὲπαινού</span> <span class='ocrx_word' id='word_1_663' title='bbox 2462 5115 2622 5166; x_wconf 84' lang='grc' dir='ltr'>μενον</span> <span class='ocrx_word' id='word_1_664' title='bbox 2649 5098 2822 5165; x_wconf 75' lang='grc' dir='ltr'>λόγων</span> <span class='ocrx_word' id='word_1_665' title='bbox 2853 5098 3154 5166; x_wconf 67' lang='grc' dir='ltr'>ἁψάμενος,</span> <span class='ocrx_word' id='word_1_666' title='bbox 3180 5098 3399 5169; x_wconf 58' lang='grc' dir='ltr'>πρῶτον</span> <span class='ocrx_word' id='word_1_667' title='bbox 3428 5091 3527 5163; x_wconf 84' lang='grc' dir='ltr'><strong>μὲν</strong></span> <span class='ocrx_word' id='word_1_668' title='bbox 3550 5078 3674 5149; x_wconf 74' lang='grc' dir='ltr'>περὶ</span> 
     </span>
    </p>
   </div>
   <div class='ocr_carea' id='block_1_68' title="bbox 2105 5179 3670 5261">
    <p class='ocr_par' dir='ltr' id='par_1_68' title="bbox 2105 5179 3670 5261">
     <span class='ocr_line' id='line_1_68' title="bbox 2105 5179 3670 5261; baseline -0.01 -17"><span class='ocrx_word' id='word_1_669' title='bbox 2105 5194 2204 5260; x_wconf 68' lang='grc' dir='ltr'>τῆς</span> <span class='ocrx_word' id='word_1_670' title='bbox 2228 5194 2291 5243; x_wconf 82' lang='grc' dir='ltr'>ὲκ</span> <span class='ocrx_word' id='word_1_671' title='bbox 2324 5191 2511 5252; x_wconf 64' lang='grc' dir='ltr'>παιδὸς</span> <span class='ocrx_word' id='word_1_672' title='bbox 2546 5191 2774 5258; x_wconf 82' lang='grc' dir='ltr'>τροφῆς,</span> <span class='ocrx_word' id='word_1_673' title='bbox 2804 5191 2898 5241; x_wconf 78' lang='grc' dir='ltr'><strong>καὶ</strong></span> <span class='ocrx_word' id='word_1_674' title='bbox 2949 5189 3043 5242; x_wconf 77' lang='grc' dir='ltr'>τοῦ</span> <span class='ocrx_word' id='word_1_675' title='bbox 3072 5190 3198 5242; x_wconf 86' lang='grc' dir='ltr'>ὅλου</span> <span class='ocrx_word' id='word_1_676' title='bbox 3233 5191 3402 5261; x_wconf 71' lang='grc' dir='ltr'>ἤθους</span> <span class='ocrx_word' id='word_1_677' title='bbox 3429 5179 3670 5242; x_wconf 71' lang='grc' dir='ltr'>διέξεισιν</span> 
     </span>
    </p>
   </div>
   <div class='ocr_carea' id='block_1_69' title="bbox 2108 5264 3674 5349">
    <p class='ocr_par' dir='ltr' id='par_1_69' title="bbox 2108 5264 3674 5349">
     <span class='ocr_line' id='line_1_69' title="bbox 2108 5264 3674 5349; baseline -0.003 -15"><span class='ocrx_word' id='word_1_678' title='bbox 2108 5285 2203 5335; x_wconf 76' lang='grc' dir='ltr'><strong>καὶ</strong></span> <span class='ocrx_word' id='word_1_679' title='bbox 2227 5280 2336 5344; x_wconf 76' lang='grc' dir='ltr'>οἶος</span> <span class='ocrx_word' id='word_1_680' title='bbox 2358 5284 2467 5343; x_wconf 87' lang='grc' dir='ltr'>τοῖς</span> <span class='ocrx_word' id='word_1_681' title='bbox 2506 5280 2645 5343; x_wconf 82' lang='grc' dir='ltr'>ὅλοις</span> <span class='ocrx_word' id='word_1_682' title='bbox 2674 5276 2742 5349; x_wconf 81' lang='grc' dir='ltr'>ἦν</span> <span class='ocrx_word' id='word_1_683' title='bbox 2769 5282 2796 5331; x_wconf 82' lang='grc' dir='ltr'><strong>ὁ</strong></span> <span class='ocrx_word' id='word_1_684' title='bbox 2832 5281 2972 5349; x_wconf 82' lang='grc' dir='ltr'>ἁνήρ</span> <span class='ocrx_word' id='word_1_685' title='bbox 2993 5296 3005 5308; x_wconf 89' lang='grc'>·</span> <span class='ocrx_word' id='word_1_686' title='bbox 3039 5277 3139 5333; x_wconf 77' lang='grc' dir='ltr'>εἶτ’</span> <span class='ocrx_word' id='word_1_687' title='bbox 3168 5282 3262 5333; x_wconf 70' lang='grc' dir='ltr'><strong>ἐπὶ</strong></span> <span class='ocrx_word' id='word_1_688' title='bbox 3304 5280 3405 5339; x_wconf 74' lang='grc' dir='ltr'>τὰς</span> <span class='ocrx_word' id='word_1_689' title='bbox 3449 5264 3674 5339; x_wconf 74' lang='grc' dir='ltr'>πράξεις</span> 
     </span>
    </p>
   </div>
   <div class='ocr_carea' id='block_1_70' title="bbox 2105 5356 3769 5441">
    <p class='ocr_par' dir='ltr' id='par_1_70' title="bbox 2105 5356 3769 5441">
     <span class='ocr_line' id='line_1_70' title="bbox 2105 5356 3769 5441; baseline -0.016 -16"><span class='ocrx_word' id='word_1_690' title='bbox 2105 5391 2164 5425; x_wconf 85' lang='grc' dir='ltr'><strong>τε</strong></span> <span class='ocrx_word' id='word_1_691' title='bbox 2202 5375 2294 5425; x_wconf 73' lang='grc' dir='ltr'><strong>καὶ</strong></span> <span class='ocrx_word' id='word_1_692' title='bbox 2348 5376 2418 5425; x_wconf 71' lang='grc' dir='ltr'><strong>τὰ</strong></span> <span class='ocrx_word' id='word_1_693' title='bbox 2463 5371 2601 5440; x_wconf 79' lang='grc' dir='ltr'>ἔργα</span> <span class='ocrx_word' id='word_1_694' title='bbox 2656 5374 2842 5439; x_wconf 82' lang='grc' dir='ltr'>χωρεῖ.</span> <span class='ocrx_word' id='word_1_695' title='bbox 2893 5373 3001 5429; x_wconf 72' lang='grc' dir='ltr'><strong>Καὶ</strong></span> <span class='ocrx_word' id='word_1_696' title='bbox 3036 5374 3257 5440; x_wconf 83' lang='grc' dir='ltr'>πρῶτον</span> <span class='ocrx_word' id='word_1_697' title='bbox 3300 5370 3402 5441; x_wconf 83' lang='grc' dir='ltr'>μὲν</span> <span class='ocrx_word' id='word_1_698' title='bbox 3452 5356 3675 5413; x_wconf 80' lang='grc' dir='ltr'>ἐκείνων</span> <span class='ocrx_word' id='word_1_699' title='bbox 3768 5394 3769 5403; x_wconf 44' lang='grc' dir='ltr'><strong>η</strong></span> 
     </span>
    </p>
   </div>
   <div class='ocr_carea' id='block_1_71' title="bbox 426 5442 2003 5534">
    <p class='ocr_par' dir='ltr' id='par_1_71' title="bbox 426 5461 1993 5531">
     <span class='ocr_line' id='line_1_71' title="bbox 426 5461 1993 5531; baseline -0.007 -7"><span class='ocrx_word' id='word_1_700' title='bbox 426 5484 553 5524; x_wconf 91' lang='lat' dir='ltr'><strong>cum</strong></span> <span class='ocrx_word' id='word_1_701' title='bbox 587 5470 623 5522; x_wconf 83' lang='lat' dir='ltr'><strong>ii</strong></span> <span class='ocrx_word' id='word_1_702' title='bbox 660 5471 821 5524; x_wconf 88' lang='lat' dir='ltr'><strong>rebus</strong></span> <span class='ocrx_word' id='word_1_703' title='bbox 851 5466 1101 5521; x_wconf 84' lang='lat' dir='ltr'><strong>adversis</strong></span> <span class='ocrx_word' id='word_1_704' title='bbox 1150 5472 1452 5528; x_wconf 83' lang='lat' dir='ltr'><strong>uterentur,</strong></span> <span class='ocrx_word' id='word_1_705' title='bbox 1484 5461 1551 5514; x_wconf 89' lang='lat' dir='ltr'><strong>ab</strong></span> <span class='ocrx_word' id='word_1_706' title='bbox 1580 5477 1643 5516; x_wconf 90' lang='lat' dir='ltr'><strong>eo</strong></span> <span class='ocrx_word' id='word_1_707' title='bbox 1668 5473 1815 5531; x_wconf 81' lang='lat' dir='ltr'><strong>gesta</strong></span> <span class='ocrx_word' id='word_1_708' title='bbox 1848 5471 1993 5527; x_wconf 81' lang='lat' dir='ltr'><strong>Sunt,</strong></span> 
     </span>
    </p>
   </div>
   <div class='ocr_carea' id='block_1_72' title="bbox 2105 5442 3670 5534">
    <p class='ocr_par' dir='ltr' id='par_1_72' title="bbox 2109 5442 3670 5534">
     <span class='ocr_line' id='line_1_72' title="bbox 2109 5442 3670 5534; baseline -0.016 -17"><span class='ocrx_word' id='word_1_709' title='bbox 2109 5466 2406 5531; x_wconf 67' lang='grc' dir='ltr'>μέμνηται,</span> <span class='ocrx_word' id='word_1_710' title='bbox 2447 5464 2480 5514; x_wconf 78' lang='grc' dir='ltr'><strong>ἆ</strong></span> <span class='ocrx_word' id='word_1_711' title='bbox 2512 5479 2640 5514; x_wconf 85' lang='grc' dir='ltr'>ποτε</span> <span class='ocrx_word' id='word_1_712' title='bbox 2682 5462 2807 5530; x_wconf 78' lang='grc' dir='ltr'>περί</span> <span class='ocrx_word' id='word_1_713' title='bbox 2841 5480 2898 5514; x_wconf 84' lang='grc' dir='ltr'><strong>τε</strong></span> <span class='ocrx_word' id='word_1_714' title='bbox 2934 5464 3024 5516; x_wconf 85' lang='grc' dir='ltr'><strong>τὸν</strong></span> <span class='ocrx_word' id='word_1_715' title='bbox 3059 5465 3292 5534; x_wconf 80' lang='grc' dir='ltr'>πατέρα,</span> <span class='ocrx_word' id='word_1_716' title='bbox 3328 5459 3426 5517; x_wconf 70' lang='grc' dir='ltr'>καὶ</span> <span class='ocrx_word' id='word_1_717' title='bbox 3457 5442 3670 5506; x_wconf 68' lang='grc' dir='ltr'>ἐαυτδν,</span> 
     </span>
    </p>
   </div>
   <div class='ocr_carea' id='block_1_73' title="bbox 427 5552 1995 5628">
    <p class='ocr_par' dir='ltr' id='par_1_73' title="bbox 427 5552 1995 5628">
     <span class='ocr_line' id='line_1_73' title="bbox 427 5552 1995 5628; baseline -0.008 -13"><span class='ocrx_word' id='word_1_718' title='bbox 427 5569 721 5628; x_wconf 83' lang='lat' dir='ltr'><strong>narratqne</strong></span> <span class='ocrx_word' id='word_1_719' title='bbox 749 5566 806 5613; x_wconf 92' lang='lat' dir='ltr'><strong>ut</strong></span> <span class='ocrx_word' id='word_1_720' title='bbox 834 5557 923 5611; x_wconf 90' lang='lat' dir='ltr'><strong>ille</strong></span> <span class='ocrx_word' id='word_1_721' title='bbox 972 5554 1024 5609; x_wconf 91' lang='lat' dir='ltr'><strong>in</strong></span> <span class='ocrx_word' id='word_1_722' title='bbox 1082 5554 1245 5615; x_wconf 85' lang='lat' dir='ltr'><strong>rebus</strong></span> <span class='ocrx_word' id='word_1_723' title='bbox 1274 5552 1564 5607; x_wconf 88' lang='lat' dir='ltr'><strong>habuerit:</strong></span> <span class='ocrx_word' id='word_1_724' title='bbox 1625 5561 1736 5604; x_wconf 89' lang='lat' dir='ltr'><strong>tum</strong></span> <span class='ocrx_word' id='word_1_725' title='bbox 1772 5552 1995 5617; x_wconf 72' lang='lat' dir='ltr'><strong>gradum</strong></span> 
     </span>
    </p>
   </div>
   <div class='ocr_carea' id='block_1_74' title="bbox 2108 5537 3675 5625">
    <p class='ocr_par' dir='ltr' id='par_1_74' title="bbox 2108 5537 3675 5625">
     <span class='ocr_line' id='line_1_74' title="bbox 2108 5537 3675 5625; baseline -0.004 -19"><span class='ocrx_word' id='word_1_726' title='bbox 2108 5557 2202 5607; x_wconf 70' lang='grc' dir='ltr'>καὶ</span> <span class='ocrx_word' id='word_1_727' title='bbox 2235 5554 2343 5605; x_wconf 82' lang='grc' dir='ltr'><strong>τῶν</strong></span> <span class='ocrx_word' id='word_1_728' title='bbox 2393 5553 2567 5605; x_wconf 75' lang='grc' dir='ltr'>ἄλλων</span> <span class='ocrx_word' id='word_1_729' title='bbox 2599 5553 2812 5625; x_wconf 74' lang='grc' dir='ltr'>οἰκείων</span> <span class='ocrx_word' id='word_1_730' title='bbox 2864 5555 2989 5617; x_wconf 68' lang='grc' dir='ltr'>τοὺς</span> <span class='ocrx_word' id='word_1_731' title='bbox 3025 5554 3143 5607; x_wconf 82' lang='grc' dir='ltr'>τότε</span> <span class='ocrx_word' id='word_1_732' title='bbox 3189 5537 3675 5619; x_wconf 68' lang='grc' dir='ltr'>δεδυστυχηκόταίν</span> 
     </span>
    </p>
   </div>
   <div class='ocr_carea' id='block_1_75' title="bbox 488 5717 2209 5811">
    <p class='ocr_par' dir='ltr' id='par_1_75' title="bbox 488 5717 2209 5811">
     <span class='ocr_line' id='line_1_75' title="bbox 488 5717 2209 5811; baseline -0.008 -16"><span class='ocrx_word' id='word_1_733' title='bbox 488 5744 551 5811; x_wconf 85' lang='grc'><strong>(⁸)</strong></span> <span class='ocrx_word' id='word_1_734' title='bbox 576 5726 808 5803; x_wconf 71' lang='lat' dir='ltr'><strong>Auctore,</strong></span> <span class='ocrx_word' id='word_1_735' title='bbox 826 5743 964 5805; x_wconf 81' lang='lat' dir='ltr'><strong>juxta</strong></span> <span class='ocrx_word' id='word_1_736' title='bbox 985 5739 1092 5789; x_wconf 89' lang='lat' dir='ltr'><strong>cod.</strong></span> <span class='ocrx_word' id='word_1_737' title='bbox 1113 5738 1175 5787; x_wconf 83' lang='lat'><strong>88</strong></span> <span class='ocrx_word' id='word_1_738' title='bbox 1204 5717 1282 5799; x_wconf 82' lang='lat' dir='ltr'><strong>ap.</strong></span> <span class='ocrx_word' id='word_1_739' title='bbox 1307 5734 1642 5795; x_wconf 81' lang='lat' dir='ltr'><strong>Lambecium,</strong></span> <span class='ocrx_word' id='word_1_740' title='bbox 1679 5733 1921 5785; x_wconf 86' lang='lat' dir='ltr'><strong>Gemistio</strong></span> <span class='ocrx_word' id='word_1_741' title='bbox 1944 5734 2209 5788; x_wconf 80' lang='lat' dir='ltr'><strong>Plethonc.</strong></span> 
     </span>
    </p>
   </div>
  </div>
