3950 6432
268 398 369 461 177

1047 406 1857 479 ΤΗΕΟΟΟΒΙῘΒΕΞΡΟΤΑΞ
1908 416 2299 481 LAUDATIO
2336 424 2747 487 FUNEBRIS.

3463 437 3562 504 178

263 515 586 587 ἐπέπρακτο
609 518 777 591 αὐτῷ,
799 522 895 575 καὶ
912 521 988 587 ὡς
1010 524 1365 597 προσηνέχθη
1392 527 1505 591 τοῖς
1524 528 1646 585 τότε
1674 530 1846 599 πράγ-

1958 527 2164 588 faciens
2195 535 2261 587 ad
2299 534 2790 607 Peloponnesiaca,
2850 545 3088 614 primum
3132 548 3383 604 meminit
3435 552 3556 621 ejus

267 625 401 675 μασι
429 625 444 637 ο
479 610 619 679 μετὰ
637 611 697 671 δὲ
742 612 938 679 ταῦτα,
984 616 1078 669 ἐπὶ
1115 616 1183 671 τὰ
1215 619 1705 690 Πελοποννησιακὰ
1738 622 1842 695 ἤδη

262 700 540 769 Χωρήσαςι
572 703 803 775 πρώτης
836 705 939 777 μὲν
990 708 1090 778 τῆς
1124 710 1205 775 εἰς
1235 712 1337 800 τῂν
1390 712 1578 784 χώραν
1605 714 1846 785 ἀφίξεως

264 790 561 862 μέμνηται,
593 795 671 860 ὠς
707 798 801 850 καὶ
834 790 1474 877 προσδοκηθεῖσᾶᾉόνον
1496 807 1675 880 ὢνησε
1714 813 1845 881 πρὶν

260 882 537 949 γενέσθαι,
579 888 673 940 καὶ
721 888 796 952 ὡς
835 892 1056 960 ἀφῖκτο,
1090 896 1185 951 καὶ
1238 897 1316 962 ὡς
1350 899 1503 970 παρὰ
1525 902 1634 956 τῶν
1669 904 1847 974 ἐγχω-

264 973 401 1042 ρίων
425 977 683 1047 ἀσμένως
721 982 1019 1057 ὑπεδέχθη.
1062 983 1136 1043 OB
1169 989 1257 1061 δὴ,
1289 992 1388 1045 καὶ
1422 995 1535 1048 τῶν
1575 988 1707 1067 περὶ
1743 973 1846 1052 τοῦ

259 1084 319 1121 τε
351 1064 505 1139 σφῶν
532 1072 706 1141 θείου,
734 1077 828 1130 καὶ
860 1079 1085 1150 ἀνεψιοῦ
1116 1083 1398 1154 ἁψάμενος
1423 1086 1625 1156 λόγων,
1651 1064 1713 1145 εὖ
1746 1093 1849 1163 μά-

258 1160 327 1213 λα
367 1162 727 1236 φυλάττεται,
776 1170 837 1223 τὸ
890 1174 1059 1243 μηδὲν
1099 1176 1159 1240 ἐς
1204 1178 1412 1246 αὐτοὺς
1457 1182 1675 1254 ἀπηχὲς
1724 1160 1848 1239 καθ’

260 1253 385 1307 ὅσον
424 1250 535 1311 οἷόν
570 1277 652 1324 τε,
701 1264 839 1334 μηδὲ
893 1270 1157 1339 φορτικὸν
1198 1274 1401 1329 εἰπεῖν.
1462 1250 1700 1333 Ἔπειτα
1748 1281 1851 1350 τῆς

273 1346 549 1418 Ἰλλυριῶν
577 1353 767 1409 αὐτόθι
796 1361 1179 1427 μετοικίσεως,
1218 1363 1294 1429 ὡς
1343 1366 1641 1438 δύσκριτόν
1670 1388 1735 1439 γε
1762 1346 1849 1438 ὃν,

170 1498 181 1507 ’
259 1438 371 1494 sit:
407 1446 781 1509 παραδεκτέον
812 1451 1015 1517 αὐτοὺς
1042 1456 1100 1518 ἐς
1141 1457 1241 1526 τὴν
1278 1458 1487 1530 χώραν,
1524 1464 1637 1516 εἴτε
1674 1465 1750 1534 μή
1772 1480 1787 1494 ⁶
1822 1468 1851 1519 ὁ

257 1535 306 1586 δ’
328 1533 548 1601 ἐδέξατό
571 1555 630 1590 τε
661 1541 724 1592 οὐ
748 1541 941 1597 δοκοῦν
965 1547 1111 1606 οὕτω
1129 1551 1243 1613 τοῖς
1258 1552 1500 1620 πολλοῖς,
1525 1555 1689 1620 αὐτὸς
1705 1533 1851 1627 μάλα

256 1629 534 1700 εὐστόχως
571 1631 1002 1708 βεϐουλευμένος
1032 1642 1166 1712 περὶ
1216 1645 1314 1701 τοῦ
1355 1652 1725 1716 συνοίσοντος,
1756 1654 1853 1706 καὶ

262 1718 319 1780 ἐς
339 1718 458 1773 δέον
491 1721 706 1788 τούτοις
752 1725 1066 1797 ἐχρήσατο’
1103 1736 1201 1787 καὶ
1236 1737 1379 1804 μετά
1412 1737 1576 1792 τοῦτο
1600 1740 1705 1808 τῆς
1738 1742 1852 1795 τῶν

257 1813 575 1880 προσοίκων
635 1817 852 1888 ἐχθρῶν
882 1821 1075 1893 ἥττης,
1125 1827 1221 1882 καὶ
1253 1827 1356 1899 τῆς
1387 1830 1694 1900 πρίγκιπος
1728 1834 1854 1887 συλ-

258 1903 497 1976 λήψεως,
528 1907 598 1962 δι’
629 1902 705 1965 ὧν
734 1912 1186 1988 ἐγκρατεστέραν
1234 1922 1532 1993 ἀποφαίνει
1568 1929 1851 1999 καταστή-

260 2015 433 2055 σαντα
462 2000 563 2071 τὴν
597 2002 799 2081 ἀρχήν..
835 2002 974 2063 Εἶτα
1000 2012 1296 2081 παρελθὼν
1336 2016 1432 2070 ἐπὶ
1458 2018 1590 2080 τοὺς
1617 2019 1693 2083 ὡς
1720 2024 1849 2084 τοὺς

262 2090 571 2164 βαρϐάρους
618 2097 958 2169 αὐτομόλους
988 2101 1252 2172 ἧκρντας,
1299 2108 1397 2162 καὶ
1430 2092 1652 2179 πρῶτον
1687 2117 1844 2185 κοινῇ

261 2182 395 2254 περὶ
422 2183 529 2238 τῶν
580 2187 845 2244 τοιούτων
879 2192 1210 2260 ἐπεξελθὼν,
1264 2199 1442 2268 φειδοῖ
1474 2200 1571 2254 τοῦ
1610 2182 1847 2272 μηδενὸς

273 2274 336 2327 ἂν
364 2275 619 2348 ὀνομαστὶ
646 2282 1027 2354 καθάψασθαι,
1061 2287 1240 2345 ἔπειτ’
1275 2292 1363 2344 ἐπ’
1391 2294 1559 2349 αὐτὸν
1590 2295 1682 2348 τὸν
1711 2295 1846 2369 βάρ-

276 2366 428 2458 ϐαρον
454 2376 645 2445 χωρεῖ,
668 2376 762 2431 καὶ
789 2375 872 2443 οἷς
900 2384 1023 2435 κατ’
1051 2384 1261 2452 ἀμφοῖν
1288 2386 1685 2458 ἐπεχείρησεν,
1744 2366 1848 2445 ὑπὸ

264 2457 454 2523 fimi);
480 2462 642 2521 αὐτὸν
668 2466 910 2537 ἡκόντων
933 2471 1256 2540 αὐτομόλων
1285 2477 1448 2545 ὲναγό
1456 2496 1615 2548 μενος
1642 2497 1655 2512 ⁸
1684 2482 1846 2536 ἐνίων

259 2551 318 2604 δὲ
348 2555 441 2611 καὶ
472 2556 679 2612 οἴκοθεν
709 2563 1224 2634 μετακαλουμένων.
1252 2568 1486 2625 Ἔπειτα
1511 2574 1612 2642 τῆς
1641 2574 1715 2638 ὡς
1745 2576 1846 2628 ab-

257 2645 351 2697 τὸν
383 2647 624 2717 ἀφίξεως
656 2653 962 2724 μέμνηται,
1015 2661 1114 2729 τῆς
1174 2678 1235 2715 τε
1268 2662 1465 2718 τούτου
1496 2666 1594 2719 καὶ
1619 2668 1845 2735 ἑαυτοῦ,

254 2738 506 2811 ἀνάγκης
555 2759 614 2796 τε
645 2749 1045 2820 γεγενημένης,
1100 2753 1196 2807 καὶ
1246 2757 1400 2828 παρὰ
1451 2759 1519 2812 τὰ
1546 2760 1846 2831 δεδογμένα

259 2833 468 2901 σφίσιν,
500 2837 644 2891 οὕτω
671 2839 735 2913 δὴ
765 2847 1246 2911 συμπεπτωκυίας
1268 2865 1284 2881 ο
1321 2851 1417 2904 τοῦ
1444 2870 1503 2905 τε
1530 2855 1682 2924 παρὰ
1715 2856 1849 2911 ταύ-

255 2943 362 2995 την
394 2928 662 2997 κινδύνου,
696 2935 792 2987 καὶ
823 2935 931 2989 τῶν
952 2937 1134 2993 ἄλλων
1162 2941 1274 2996 τῶν
1296 2944 1483 2999 ἐκεῖσε
1520 2946 1845 3017 ἀπηντηκό-

255 3034 372 3072 των
402 3019 681 3094 δυσχερῶν
705 3041 718 3055 ·
764 3030 860 3082 καὶ
889 3028 965 3093 ὡς
1000 3031 1168 3095 αὐτὸς
1202 3034 1307 3105 μὲν
1352 3037 1612 3107 βασιλεὺς
1644 3044 1842 3117 γνώμη

252 3110 354 3165 τοῦ
386 3112 667 3186 βαρϐάρου
718 3118 815 3176 ἐπὶ
848 3120 945 3192 τὴν
1001 3124 1247 3197 μεγάλην
1283 3128 1351 3182 αὖ
1386 3131 1541 3187 πόλιν
1572 3110 1724 3205 παρὰ
1753 3110 1844 3192 δ’ὁΙ

256 3202 359 3268 ξαν
392 3207 765 3274 ἀνασώζεται·
814 3215 844 3265 ό
880 3214 925 3266 δ’
955 3214 1054 3286 ἤδη
1102 3217 1281 3273 δοκῶν
1335 3224 1395 3276 ὲν
1423 3202 1694 3295 ἀφύκτοις
1726 3229 1848 3300 ἔχε·
1876 3241 1918 3295 C

258 3297 411 3362 σθαι,
445 3301 591 3370 μάλα
630 3305 895 3375 ἀνδρείως
924 3327 984 3363 τε
1010 3312 1108 3365 καὶ
1138 3314 1472 3386 εὐμηχάνως
1508 3321 1722 3377 ἐκεῖθεν
1752 3297 1847 3380 ἐπὶ

256 3391 665 3467 Πελοπόννησον
688 3399 1104 3470 ἀποδιδράσκει.
1140 3407 1233 3461 καὶ
1257 3407 1334 3472 ὡς
1363 3411 1395 3480 ἡ
1429 3413 1690 3479 ἐπάνοδος
1718 3419 1845 3472 τού-

255 3498 351 3535 του
384 3483 565 3541 πάντα
590 3488 715 3558 ἤδη,
751 3491 812 3544 οὐ
838 3492 908 3546 τὰ
943 3495 1031 3546 ὲνε
1046 3496 1447 3574 Πελοποννήσῳ
1481 3506 1669 3577 μόνον,
1698 3509 1842 3566 ἀλλὰ

257 3573 352 3625 καὶ
381 3574 492 3629 τῶν
521 3577 619 3632 ὅσα
648 3581 798 3645 ἐντὸς
832 3584 1039 3652 πυλῶν,
1077 3588 1146 3643 τὰ
1184 3591 1424 3650 πλεῖστα
1455 3598 1845 3659 κινδυνεύοντα

254 3665 482 3722 διέσωσε
506 3684 518 3697 ⁸
554 3672 651 3725 καὶ
674 3673 749 3739 ὼς
783 3680 877 3730 τοῦ
937 3668 1223 3754 βαρϐάρου
1261 3687 1327 3740 ὲκ
1368 3688 1470 3758 μὲν
1499 3694 1599 3760 τῆς
1654 3695 1844 3750 Ἐλλά-

254 3758 348 3821 εος
367 3759 895 3838 ἀνακεχωρηκότος,ν
936 3772 1258 3844 πέμψαντος
1294 3778 1353 3831 δὲ
1398 3781 1495 3835 ἐπὶ
1540 3758 1642 3856 τὴν
1677 3788 1844 3842 Πελο-

257 3850 527 3921 πόννησον
553 3858 653 3912 οὐκ
698 3860 889 3933 ὀλίγην
930 3866 1053 3943 οὐδὲ
1093 3870 1311 3943 φαύλην
1344 3850 1630 3946 στρατιὰν,
1659 3882 1687 3932 ὁ
1710 3882 1754 3933 δ’
1780 3885 1842 3936 οὐ

258 3942 452 4010 πλήθει
488 3947 769 4022 ἀντιπάλῳ
823 3942 1109 4027 στρατιᾶς,
1173 3963 1389 4037 ἐπινοίᾳ
1414 3942 1481 4022 δὲ
1532 3942 1843 4045 στρατηγίᾳ

259 4035 547 4111 πρεπούσῃ
569 4045 931 4112 κεχρημένος,
965 4050 1269 4107 κεκωλύκει
1295 4035 1499 4126 ταύτην
1524 4035 1625 4131 τῆς
1658 4035 1842 4133 χῶῥαξ

258 4126 519 4198 ἐπιϐῆναι
542 4146 557 4161 ·
593 4137 687 4188 καὶ
732 4136 808 4201 ὡς
843 4138 934 4193 διὰ
965 4141 1122 4197 τοῦτο
1157 4145 1389 4218 τοῦργον
1415 4151 1511 4204 καὶ
1557 4126 1626 4209 τὰ
1658 4126 1843 4228 παρα-

259 4222 623 4313 κεχωρημένα
655 4226 739 4297 τῷ
781 4227 1067 4304 βαρϐάρῳ,
1104 4237 1203 4291 και
1236 4239 1339 4311 ἤδη
1389 4241 1652 4313 ἐχόμενα,
1686 4222 1843 4302 ἀπει-

258 4308 420 4381 λήφει
449 4330 507 4367 τε
539 4317 633 4369 καὶ
675 4320 998 4378 ἑπανέσωσε
1021 4330 1089 4397 τῇ
1122 4330 1290 4400 ἀρχῇ.
1323 4308 1565 4388 iii-civem
1592 4308 1683 4390 τδν
1727 4357 1842 4392 κοι-
1867 4332 1878 4342 ’

261 4406 352 4456 νὺν
402 4405 495 4459 τοῦ
527 4408 808 4483 βαρϐάρου
860 4416 1104 4488 πόλεμον
1168 4423 1580 4494 μετεληλυθὼς,
1638 4432 1733 4484 καὶ
1763 4431 1840 4496 ὡς

262 4497 488 4561 πολλαῖς
530 4500 631 4571 μὲν
662 4503 1008 4575 Χριστιανῶν
1039 4518 1375 4585 συμφοραῖς,
1424 4519 1650 4594 πολλαῖς
1670 4522 1716 4576 δ’
1744 4526 1841 4578 ἄλ-

1951 615 2005 671 in
2038 621 2375 688 provinciam
2410 625 2700 693 adventus,
2728 640 2787 685 ut
2824 633 2940 688 sola
2977 639 3315 705 exspectatio
3354 638 3562 707 juverit

1948 725 2073 764 cum
2106 727 2193 766 res
2229 720 2443 771 tantum
2473 717 2525 772 in
2581 721 2864 788 procinctu
2917 741 3037 781 esse
3080 742 3094 778 :
3144 738 3312 798 utque
3378 731 3554 800 reipsa

1950 804 2260 872 advenerit,
2296 810 2485 878 sitque
2542 810 2789 869 laetanter
2819 816 2886 871 ab
2914 818 3187 889 indigenis
3216 832 3512 892 susceptus
3539 844 3554 878 :

1950 911 2062 966 quo
2094 897 2238 963 loco,
2272 913 2400 955 cum
2433 903 2697 973 empisset
2723 906 2791 962 de
2815 911 3088 965 avunculo
3118 927 3183 968 ac
3216 915 3555 970 conSobrino

1949 988 2154 1058 dicere,
2204 992 2409 1062 optime
2463 1008 2639 1062 cavet,
2675 1014 2744 1054 ne
2779 1001 2911 1069 quid
2942 1002 2995 1057 in
3054 1019 3172 1067 eos.
3211 1009 3391 1075 quoad
3424 1008 3542 1062 ﬁeri

1952 1094 2154 1153 potest,
2181 1088 2475 1158 absonum,
2506 1104 2602 1149 aut
2622 1109 2787 1162 grave
2816 1096 2986 1151 dicat.
3024 1097 3383 1153 Postmodum
3420 1098 3549 1169 lily-

1952 1178 2052 1233 riis
2086 1179 2153 1234 ad
2177 1195 2303 1236 eum
2327 1185 2842 1256 commigrantibus,
2877 1197 2937 1242 ιιι
2967 1205 3092 1246 cum
3126 1191 3352 1246 dubium
3384 1204 3550 1257 esset,

1953 1286 2083 1325 nunt
2113 1281 2299 1329 essent
2352 1276 2652 1347 recipiendi
2691 1281 2744 1334 in
2801 1283 3172 1350 provinciam,
3225 1302 3422 1351 necne,
3452 1304 3548 1341 eos

1954 1361 2092 1431 ipse,
2130 1379 2252 1421 cum
2286 1358 2440 1423 muiti
2476 1384 2636 1427 secus
2660 1382 2932 1441 putarent,
2970 1377 3180 1446 optime
3203 1380 3548 1447 rnnjectans.

1955 1468 2019 1509 ac
2052 1457 2199 1525 quod
2223 1459 2539 1517 conducens
2568 1473 2735 1529 esset,
2759 1469 3075 1533 consulens,
3101 1474 3393 1539 receperit,
3440 1477 3544 1527 sit-

1957 1561 2064 1614 que
2090 1562 2285 1603 eorum
2323 1565 2489 1620 opera
2524 1565 2833 1622 opportune
2881 1575 3015 1614 usus
3042 1577 3056 1613 :
3088 1575 3207 1631 post
3230 1578 3381 1627 vero,
3412 1566 3548 1618 reia-

1955 1646 2065 1692 tam
2132 1639 2447 1714 de,vicinis
2498 1648 2749 1705 boatibus
2793 1651 3076 1709 victoriam
3171 1668 3460 1723 memorat,
3487 1676 3551 1713 ac

1961 1739 2183 1798 captum
2222 1733 2788 1811 principem,-quibtts
2847 1744 3094 1801 ostendit
3148 1750 3546 1805 corroborasse

1962 1816 2279 1888 imperium.
2306 1823 2446 1881 Tum
2476 1832 2750 1888 transiens
2782 1835 2848 1888 ad
2884 1850 3000 1897 eos,
3060 1837 3153 1908 qui
3177 1840 3245 1891 ad
3281 1839 3551 1897 Barbaros

1960 1913 2352 1982 perfugissent,
2386 1933 2451 1974 ac
2478 1920 2574 1976 ubi
2602 1923 2838 1992 primum
2860 1926 3042 1996 aliqua
3067 1928 3135 1982 de
3163 1928 3271 1984 illis
3296 1945 3551 1985 comnm-

1959 2004 2013 2057 ni
2046 2020 2297 2062 sermone
2319 2009 2538 2066 locutus
2571 2024 2738 2077 esset,
2794 2016 3008 2071 nullum
3060 2035 3126 2073 et
3198 2023 3421 2074 nomine
3448 2038 3550 2090 pro

1959 2096 2226 2153 modestia
2256 2112 2408 2156 notat
2434 2119 2448 2158 :
2471 2106 2757 2176 pergitque
2789 2109 2989 2164 deinde
3024 2112 3090 2165 ad
3122 2111 3305 2181 ipsum
3343 2113 3550 2170 Barba-

1957 2205 2105 2256 rum,
2134 2207 2200 2248 ac
2227 2209 2288 2248 ea
2319 2211 2441 2264 quae
2463 2196 2555 2252 ille
2589 2201 2644 2254 in
2676 2201 2870 2257 ambos
2902 2204 3126 2259 molitus
3160 2216 3347 2271 esset,
3382 2205 3547 2261 indu-

1956 2282 2209 2337 centibus
2241 2284 2508 2355 perfugis,
2541 2304 2666 2344 cum
2696 2295 3016 2363 etquaedam
3047 2310 3076 2350 a
3109 2310 3170 2351 se
3196 2298 3361 2355 etiam
3388 2297 3545 2353 illum

1965 2386 2352 2442 provocarent.
2386 2380 2464 2434 Ad
2505 2381 2644 2449 hinc,
2677 2387 2949 2451 meminit,
2985 2398 3046 2443 ut
3082 2406 3208 2449 cum
3250 2395 3383 2462 ipse,
3432 2403 3547 2449 tum

1952 2462 2125 2520 frater
2155 2466 2307 2525 iilntn
2348 2476 2728 2540 convenerint,
2788 2492 2913 2533 eum
2984 2484 3287 2538 necessitas
3313 2485 3546 2550 tulisset,

1959 2569 2021 2608 ac
2060 2573 2221 2613 secus
2260 2560 2338 2615 illi
2372 2565 2730 2621 constitutum
2793 2569 3095 2639 baberent;
3157 2576 3385 2643 periculi
3419 2578 3547 2632 item

1960 2648 2087 2704 inde
2137 2652 2382 2721 conﬂati,
2429 2673 2493 2713 ac
2519 2660 2756 2717 tristium
2815 2664 3053 2721 aliorum
3126 2684 3249 2738 quae
3302 2670 3416 2725 illic
3449 2687 3547 2726 oc-

1955 2758 2248 2803 currerunt
2272 2765 2286 2815 ;
2310 2761 2500 2822 utque,
2523 2756 2640 2824 ipse
2663 2757 2882 2827 quidem
2910 2760 3208 2831 imperator
3220 2781 3291 2819 ex
3323 2764 3550 2821 Barbari

1955 2837 2258 2906 voluntate,
2298 2833 2833 2921 Constantinopolim
2872 2852 3070 2909 iterum
3105 2867 3303 2923 praeter
3337 2860 3550 2927 opinio-

1954 2940 2078 2980 nem
2106 2944 2300 3000 sospes
2366 2950 2619 2994 reversus
2669 2940 2779 3008 sit;
2841 2941 3012 2999 frater
3042 2958 3250 3013 autem,
3300 2952 3392 3019 qui
3433 2951 3545 3020 jam

1954 3018 2286 3077 ineiuctabili
2307 3025 2507 3096 laqueo
2533 3033 2702 3087 teneri
2729 3033 3024 3103 videretur,
3042 3054 3257 3096 summa
3283 3018 3412 3096 inde
3433 3018 3551 3098 for-

1956 3114 2188 3174 titudine
2254 3136 2318 3175 ac
2370 3125 2595 3181 solertia
2647 3129 2951 3201 profugerit
3002 3135 3054 3188 in
3083 3135 3541 3206 Peloponnesum,

1953 3221 2128 3278 eoque
2154 3226 2433 3280 reversus,
2476 3219 2662 3283 omnia
2691 3221 2829 3290 jam,
2863 3226 3063 3279 nedum
3117 3243 3242 3296 quae
3293 3230 3346 3285 in
3390 3231 3546 3285 Pelo-

1958 3308 2226 3373 poiineso,
2252 3307 2345 3363 sed
2372 3318 2425 3364 et
2455 3310 2501 3366 si
2533 3325 2639 3381 qua
2667 3314 2810 3371 intra
2833 3317 3030 3387 januas
3052 3330 3211 3377 erant
3237 3320 3341 3394 (l),
3369 3324 3550 3379 mani.

1954 3409 2097 3451 mam
2132 3411 2338 3468 partem
2393 3403 2446 3457 in
2506 3407 2813 3475 periculum
2869 3414 3130 3479 adducta,
3162 3418 3539 3486 sospitaverit.

1958 3498 2128 3556 utque
2152 3506 2276 3546 cum
2313 3493 2613 3561 Barbarus,
2648 3501 2764 3571 ipse
2794 3505 3014 3574 quidem
3048 3511 3117 3562 ab
3153 3509 3376 3565 llellade
3432 3528 3550 3565 mo—

1953 3594 2108 3649 vens,
2142 3599 2251 3640 non
2277 3589 2534 3657 exiguum
2584 3603 2679 3649 aut
2712 3595 2986 3652 imbellem
3024 3605 3326 3656 exercitum
3365 3605 3417 3658 in
3447 3604 3549 3659 Pe-

1954 3669 2320 3739 loponnesum
2357 3681 2621 3750 misisset,
2686 3688 3031 3755 prohibuerit
3063 3692 3177 3757 ille,
3214 3710 3321 3748 non
3353 3710 3547 3749 nume-

1953 3780 2085 3821 roso
2115 3770 2337 3836 quidem
2366 3779 2608 3832 exercitu
2629 3779 2768 3834 hosti
2797 3778 3084 3849 accurens,
3112 3786 3208 3840 sed
3232 3788 3356 3841 duci
3383 3774 3548 3845 exer-

1953 3857 2097 3915 citus
2128 3877 2376 3932 congruo
2418 3878 2833 3941 stratagemate,
2871 3891 2986 3928 rem
3027 3879 3353 3942 conficiens,
3387 3893 3445 3934 ut
3474 3897 3543 3936 ne

1953 3948 2007 4003 in
2044 3955 2382 4018 provinciam
2410 3961 2731 4031 invaderet;
2775 3973 2947 4035 utque
2977 3968 3197 4021 domum
3230 3964 3296 4023 eo
3332 3970 3543 4049 facino—

1951 4058 2031 4111 re,
2051 4046 2166 4117 jam
2203 4066 2469 4110 concessa
2508 4055 2748 4113 Barbaro
2779 4068 2833 4114 et
2879 4061 2947 4113 ab
2971 4076 3037 4115 co
3060 4072 3349 4131 occupata,
3386 4081 3540 4118 recc-

1950 4138 2114 4205 perit,
2154 4155 2218 4195 ac
2266 4142 2498 4215 imperio
2522 4150 2832 4205 vindicarit.
2874 4151 3000 4207 Post
3034 4154 3146 4208 ltu'c
3178 4171 3429 4211 reversus
3471 4159 3537 4210 ad

1954 4245 2249 4291 commune
2279 4239 2414 4295 illud
2467 4242 2670 4297 bellum
2703 4242 2952 4313 Barbari,
2980 4245 3233 4316 factaque
3258 4250 3535 4303 mrntionc

1952 4333 2011 4376 ut
2040 4341 2106 4381 ex
2135 4328 2345 4385 crebris
2399 4332 2647 4389 cladibus
2679 4350 2745 4390 eo
2767 4337 2973 4392 victore
3011 4354 3134 4392 cum
3171 4337 3530 4405 Christianis,

1953 4435 2068 4479 tum
2102 4422 2357 4477 Barbaris
2413 4424 2536 4480 aliis
2593 4425 2785 4490 illatis,
2842 4440 2932 4483 res
2985 4429 3359 4484 Romanorum
3411 4445 3537 4500 gra-

1951 4517 2093 4571 viter
2121 4516 2330 4570 atl'ecuze
2375 4526 2581 4581 essent,
2608 4534 2710 4573 nec
2737 4536 2842 4572 non
2880 4532 3151 4589 susceptae
3184 4524 3253 4576 ab
3293 4522 3410 4591 ipso
3444 4541 3542 4576 na-

258 4587 366 4641 λων
394 4589 687 4665 βαρϐάρων
713 4600 1163 4672 ὲνευτυχηκότος,
1190 4607 1455 4676 ,χαλεπῶς
1475 4591 1733 4671 ’ἐντεῦθεν
1769 4618 1838 4671 τὰ

1953 4608 2247 4679 vigationis
2300 4623 2364 4662 ac
2402 4608 2615 4664 itineris
2671 4611 2737 4663 ad
2802 4611 3069 4667 Occiduas
3116 4622 3322 4682 partes,
3358 4629 3543 4671 narrat

270 4681 564 4751 Ῥωμαίων
596 4688 906 4761 πράγματα
958 4693 1108 4765 ἔσχε,
1163 4700 1433 4775 μνησθεὶς
1474 4708 1571 4761 καὶ
1611 4710 1840 4777 προσέτι

1953 4712 2157 4770 postea.
2186 4711 2339 4771 gesta
2375 4702 2593 4755 interim
2627 4718 2655 4755 ιι
2692 4701 2860 4757 fratre
2885 4719 2982 4757 :ac
3021 4707 3260 4773 primum
3295 4702 3538 4774 quidem,

247 4760 356 4830 ’τιιῦ
385 4795 448 4847 γε
493 4781 689 4837 ἑαυτοῦ
712 4760 801 4841 διὰ
828 4788 1006 4845 ταῦτα
1023 4760 1282 4858 ⁷ἀπότιλον
1316 4770 1376 4850 τε
1406 4760 1499 4853 καὶ
1529 4760 1844 4873 ἀποδημίας

1953 4811 2000 4848 ut
2030 4791 2318 4854 Corintho.
2346 4808 2470 4864 quae
2502 4804 2817 4849 versaretur
2864 4795 2918 4849 in
2954 4796 3245 4853 manifesto
3269 4799 3539 4867 periculo,

258 4872 358 4936 τῆς
376 4873 457 4935 εἰς
489 4873 558 4928 τὰ
577 4877 832 4949 ἑσπέρια,
860 4880 1055 4937 ἔπειτα
1081 4886 1150 4940 τὰ
1173 4890 1351 4960 τούτῳ
1378 4893 1435 4944 ὲν
1463 4872 1843 4961 ὲκείνοιςνντοίς

258 4968 476 5034 καιροῖς
504 4975 872 5043 πεπραγμένα
925 4977 1180 5042 διέξεισν
1211 4984 1307 5037 καὶ
1346 4986 1566 5055 πρῶτον
1603 4988 1725 5057 μὲν,
1770 4990 1846 5055 ὡς

261 5058 529 5127 Κόρινθον
552 5063 612 5116 ὲν
645 5071 918 5136 προφανεῖ
934 5070 1104 5126 οὖσαν
1132 5077 1363 5147 κινδύνῳ
1382 5079 1634 5150 Φρερίοις
1660 5085 1841 5153 ἐγχει-

264 5151 448 5217 ρίσας.
477 5152 649 5225 αὐτήν
678 5173 741 5209 τε
795 5157 969 5212 ἔσωσε
996 5161 1096 5231 τῆς
1132 5163 1244 5216 τῶν
1289 5164 1588 5236 βαρϐάρων
1630 5151 1839 5241 χειρὸς,

250 5244 359 5315 νκὶὶ
400 5247 513 5310 τοῖς
538 5247 680 5313 ὅλοις
708 5252 1033 5322 πράγμασιν
1063 5255 1125 5308 οὐ
1181 5260 1426 5330 σμικρὰν
1447 5261 1700 5316 ἐντεῦθεν
1739 5264 1841 5331 τὴν

263 5334 520 5406 βοήθειαν
552 5339 943 5413 ἐμηχανήσατο
992 5361 1008 5376 ⁶
1060 5345 1237 5402 ἔπειθ’
1269 5350 1346 5413 ὡς
1376 5350 1556 5422 χρόνῳ
1588 5351 1840 5425 ὕστερον,

260 5432 358 5484 καὶ
393 5434 493 5504 τῆς
522 5433 694 5505 ἄλλης
722 5436 945 5508 ἀπάσης
973 5440 1150 5511 ἀρχῆς
1181 5443 1295 5505 τοῖς
1324 5444 1521 5507 αὐτοῖς·
1550 5446 1708 5512 δόξας
1737 5465 1842 5500 πα·
1866 5460 1870 5466 ·

263 5527 556 5595 ραχωρεῖν,
589 5527 682 5581 τὸν
721 5515 857 5601 πρδς
898 5531 989 5585 τὸν
1013 5533 1294 5605 βάρϐαρον
1319 5536 1581 5605 πόλεμον.
1619 5539 1839 5594 κάλλιον

259 5617 291 5685 ἢ
320 5616 395 5679 ὡς
427 5618 493 5673 ἄν
523 5637 607 5680 τις
656 5622 1027 5701 προσεδόκησε
1060 5628 1340 5693 κατέθετο,
1400 5632 1496 5684 καὶ
1525 5631 1621 5702 τὴν
1652 5634 1839 5705 χώραν

257 5710 552 5765 ἀπολαϐὼν
605 5710 763 5776 αὖθις
819 5718 1186 5788 κατέστησεν,
1246 5721 1366 5774 οὐδὲ
1400 5722 1664 5793 Φρερίους
1711 5723 1839 5778 οὔτε

1944 4887 2261 4942 concredita
2302 4886 2588 4951 fratribus.
2620 4904 2745 4943 cum
2776 4891 3026 4944 eamdem
3062 4892 3237 4961 ipsam
3270 4907 3300 4947 a
3335 4890 3539 4947 Barba-

1948 4992 2132 5031 rorum
2164 4977 2398 5031 salvarit
2457 4995 2646 5041 inauu,
2700 4989 2815 5032 tum
2880 4980 3006 5033 inde
3058 4982 3223 5033 rebus
3261 4981 3555 5038 universis-

1946 5088 2057 5127 non
2090 5072 2360 5128 modicam
2399 5088 2554 5141 opem
2612 5074 2946 5142 compararit
2976 5091 2990 5127 :
3018 5078 3083 5127 ad
3120 5075 3254 5138 haec.
3308 5086 3364 5130 ut
3411 5093 3536 5130 cum

1950 5180 2138 5238 postea
2204 5169 2358 5223 visus
2425 5182 2590 5232 esset,
2654 5158 3121 5238 reliqua'mtotam
3191 5176 3536 5248 provinciam

1949 5261 2058 5315 illis
2075 5262 2291 5327 cedere,
2323 5277 2409 5317 res
2437 5278 2563 5318 cum
2599 5261 2836 5317 Barbare
2860 5266 3010 5320 omni
3043 5266 3235 5322 melius
3266 5282 3362 5337 spe
3390 5283 3542 5322 com-~

1950 5354 2218 5423 posuerit,
2248 5365 2415 5424 utque
2447 5366 2660 5424 recepta
2695 5356 2996 5424 provincia,
3036 5361 3234 5412 iterum
3262 5376 3349 5412 res
3410 5360 3536 5430 ejus

1950 5445 2267 5510 stabilierit,
2324 5462 2445 5499 cum
2512 5447 2661 5502 nulla
2714 5448 2918 5518 injuria
2979 5450 3195 5506 Fratres
3242 5452 3535 5513 affecisset.

1951 5551 2115 5592 autve
2142 5538 2373 5593 omnino
2400 5539 2588 5594 damni
2618 5541 2823 5611 aliquid
2861 5543 3159 5599 intulisset.
3193 5544 3249 5599 In
3285 5547 3372 5600 his
3410 5563 3539 5614 por-

1952 5646 2013 5685 ro
2046 5631 2253 5685 diutius
2283 5641 2533 5685 versatur
2550 5650 2756 5700 sermo,
2789 5629 3224 5702 quodlollendm
3256 5641 3535 5709 opinionis

1948 5739 2135 5789 causa,
2168 5740 2265 5794 per
2315 5726 2684 5795 ignorantiam
2746 5732 2991 5786 veritatis
3047 5723 3148 5798 rei,
3217 5742 3275 5787 ut
3305 5737 3533 5790 omnino

333 5899 411 5972 (ξι)
444 5900 550 5971 Ipsi
580 5900 821 5973 Bajazeti
847 5904 1174 5964 assistentes
1209 5909 1375 5980 inque
1409 5908 1531 5980 ejus
1566 5909 1894 5965 cxsistcnles
1928 5913 2102 5969 curia.
