3950 6442
445 402 549 471 179

1642 417 2043 484 MANUELIS
2084 428 2171 488 PA
2183 427 2534 490 LJEOLOGI

3606 434 3698 502 180

442 507 750 574 habuisset,
785 512 931 582 apud
969 515 1260 574 nonnullos
1294 521 1612 591 obtinentis,
1667 531 1826 596 plane
1877 550 2013 603 prae-

2125 541 2417 612 ἀδικήσας,
2451 540 2576 596 οὔτε
2610 559 2663 595 τι
2700 536 2912 611 βλάψας
2945 541 3103 607 ὅλως.
3150 541 3284 599 Ἐπὶ
3320 545 3478 601 πλέον
3501 546 3555 602 δέ
3594 566 3690 606 που

444 608 635 663 staret,
673 602 869 659 horum
903 622 1125 680 quoque
1169 614 1506 684 meminisse,
1531 622 1730 676 nedum
1767 602 2024 692 aliorum,

442 707 565 759 qua:
588 705 775 750 essent
808 700 1098 770 perspicue
1163 704 1331 773 bona,
1388 725 1553 780 quam
1604 715 1825 771 silentio
1858 719 2025 774 dissi-

442 784 673 841 mulare.
716 786 999 859 Siquidem
1031 796 1177 849 enim
1213 814 1358 856 nunc
1422 810 1757 874 tacerentur,
1808 822 1868 864 ut
1900 814 2020 880 quis

435 879 785 944 postmodum
814 890 1048 939 tentaret
1078 890 1396 947 meminisse
1427 895 1492 948 ad
1533 896 1885 967 calumniam,
1918 879 2025 958 uti-

433 983 542 1035 que
565 981 751 1037 posset
776 974 916 1040 auud
940 976 1154 1046 aliquos
1184 993 1349 1049 gestae
1383 989 1459 1040 rei
1481 987 1724 1057 ignaros,
1760 1003 2019 1063 tanquam

431 1074 562 1115 vera
594 1062 786 1120 dicens
827 1067 1028 1124 habere
1067 1073 1253 1140 fidem,
1318 1078 1467 1132 velut
1496 1096 1600 1134 non
1661 1062 1898 1138 fuissent
1939 1095 2053 1142 ta—.

430 1153 603 1207 cenda
637 1156 745 1222 hic,
776 1169 835 1213 ut
874 1177 979 1230 qua
1019 1165 1083 1216 de
1140 1166 1224 1220 his
1258 1168 1362 1222 dici
1395 1156 1701 1236 potuissent
1726 1192 1740 1230 :
1768 1192 1892 1230 cum
1926 1195 2015 1233 re-

378 1256 381 1259 ·
430 1242 564 1309 lata,
589 1261 653 1300 ac
689 1250 866 1317 palam
906 1256 1148 1323 exposita
1182 1266 1241 1311 ut
1268 1270 1419 1329 gesta
1447 1275 1652 1327 essent,
1684 1265 1736 1319 in
1782 1269 2012 1336 gloriam

431 1339 634 1405 potius,
669 1355 731 1393 ex
776 1357 841 1395 eo
867 1348 1010 1413 quod
1046 1345 1231 1402 forsan
1265 1365 1428 1405 secus
1457 1353 1775 1420 videbatur,
1791 1373 2015 1413 cessura

429 1442 643 1505 essent.
706 1432 917 1491 Deinde
990 1442 1242 1508 procedit
1303 1444 1367 1497 ad
1431 1449 1865 1517 comparandum
1892 1468 2014 1505 cum

426 1522 689 1591 antiquis,
718 1528 938 1595 quando
994 1539 1049 1583 et
1100 1532 1275 1586 morbi
1305 1537 1580 1592 mentione
1616 1539 1781 1603 facta,
1816 1543 2012 1595 iterum

426 1612 1055 1685 lugubrior,orationem
1084 1628 1403 1694 componit:
1434 1628 1711 1700 simulque
1744 1635 2013 1698 ostendit,

436 1711 574 1763 nihil
636 1711 906 1766 minorem
940 1713 1323 1773 fortitudinem
1362 1721 1415 1775 in
1466 1723 1658 1777 morbo
1677 1726 2010 1791 ostendisse,

427 1814 592 1869 quam
621 1801 788 1856 rebus
813 1805 1106 1872 gerendis:
1137 1824 1374 1878 cumque
1406 1811 1494 1866 hic
1522 1814 1743 1867 subdito
1792 1830 2011 1884 quoque

426 1891 741 1949 auditorum
785 1898 951 1951 ρωιυί
983 1901 1288 1965 annuisset,
1333 1912 1394 1957 ut
1422 1916 1476 1958 et
1508 1904 1613 1974 ipsi
1656 1908 1863 1975 aliquid
1909 1909 2013 1963 sibi
2044 1893 2089 1952 Β

422 2000 750 2056 congruum.
805 2002 905 2056 pro
939 1989 1189 2058 pluribus
1227 2007 1291 2047 ac
1318 1996 1531 2063 magnis
1554 1997 1862 2062 beneficiis,
1888 1998 2012 2067 qui-

421 2078 525 2132 bus
555 2079 648 2133 ille
670 2094 765 2135 eos
793 2079 1177 2146 demeruisset.
1205 2085 1584 2156 loquerentur,
1617 2097 1865 2145 eamdem
1891 2108 2014 2145 rur-

420 2187 517 2228 sus
543 2174 778 2227 naniam
815 2177 1069 2233 resumit.
1106 2178 1160 2234 Id
1193 2194 1358 2247 porro
1388 2179 1541 2248 facit,
1569 2197 1695 2236 cum
1725 2181 2012 2237 remissio-

421 2280 490 2320 ne
536 2265 721 2335 aliqua
744 2282 931 2338 egens,
985 2268 1251 2339 impedita
1312 2286 1444 2327 voce
1504 2289 1615 2343 pra:
1663 2274 1873 2330 doloris
1907 2273 2004 2340 vi;

422 2370 538 2414 tum
581 2375 737 2425 vero,
785 2363 914 2430 quia
946 2363 1110 2418 etiam
1150 2364 1357 2419 multos
1416 2365 1555 2420 alios
1579 2367 1765 2435 cupiat
1816 2369 2012 2424 audire

420 2455 804 2519 lamentantes,
867 2457 938 2510 ob
995 2456 1296 2526 impensius
1352 2458 1484 2513 illud
1544 2473 1610 2514 ac
1661 2460 1915 2514 insanum
1952 2461 2009 2515 in

420 2545 644 2602 fratrem
684 2549 970 2618 pbiltrum,
1027 2551 1275 2619 pluribus
1302 2566 1367 2605 ac
1427 2553 1640 2623 magnis
1698 2554 1765 2607 de
1799 2557 2007 2619 causis,

418 2656 555 2710 quas
586 2641 701 2709 ipse
723 2642 996 2697 edisserit.
1034 2644 1400 2709 Quamobrem
1458 2648 1622 2700 etiam
1658 2647 2011 2705 aﬂ‘ectuosius

418 2750 639 2804 quoque
672 2749 736 2789 ac
765 2735 1053 2804 lugubrius
1085 2736 1281 2806 iterum
1331 2736 1563 2802 orditur,
1601 2747 1859 2807 tanquam
1886 2757 2011 2796 om-

423 2827 561 2881 nino
585 2842 766 2896 neque
793 2829 1388 2899 narrationem,neque
1419 2830 1609 2885 laudes
1641 2833 1883 2901 potuerit
1909 2850 2007 2904 ag-

416 2919 592 2991 gredi,
621 2921 942 2989 priusquam
976 2920 1175 2976 fuisset
1230 2922 1501 2977 indultum
1530 2923 1815 2980 lamentis.
1849 2923 2010 2983 Post-

417 3014 641 3071 modum
675 3026 855 3071 tamen
883 3019 951 3073 ad
1002 3017 1400 3074 consolandum
1444 3020 1806 3086 descendens,
1842 3020 2006 3077 tinem

415 3108 630 3163 dicendi
658 3109 809 3177 facit,
839 3112 1098 3181 congruis
1120 3127 1184 3166 ac
1210 3112 1352 3182 aptis
1380 3113 1636 3169 laudibus
1666 3113 1865 3185 cuique
1884 3114 2007 3171 loco

2128 634 2340 697 τούτοις
2364 636 2391 687 ὁ
2422 634 2581 702 λόγος
2610 634 2938 706 ἐνδιατρίϐει
2962 635 3105 707 ὑπὲρ
3133 635 3234 690 τοῦ
3259 620 3355 709 τὴν
3375 638 3466 693 ὑπ’
3489 640 3691 709 ἀγνοίας

2126 726 2222 778 τοῦ
2257 727 2493 796 ἀληθοῦς
2539 728 2617 790 ὡς
2671 726 2847 783 ταῦτα
2914 729 3165 802 ἐπράχθη
3229 730 3534 801 κρατοῦσαν
3569 737 3688 804 παρ’

2128 820 2292 884 ἐνίοις
2324 820 2485 886 δόξαν
2536 821 2768 888 ἀνελεῖν,
2800 823 3025 889 ἄμεινον
3053 823 3115 878 ὃν
3145 824 3574 895 ἐπιμνησθῆναι,
3607 829 3691 882 καὶ

2126 911 2337 966 τούτων
2370 913 2508 983 πρὸς
2532 916 2645 978 τοῖς
2669 913 2853 979 ἀλλοις
2881 918 2997 980 τοῖς
3022 918 3086 970 ὲκ
3112 915 3208 969 τοῦ
3242 916 3480 987 φανεροῦ
3521 920 3695 982 καλοῖς

2126 1004 2158 1074 ἢ
2218 1006 2591 1074 σεσιγηκέναι.
2630 1005 2741 1058 Καὶ
2795 1007 2906 1078 γὰρ
2956 1005 3024 1060 ἂν
3073 1006 3169 1060 νῦν
3209 1008 3615 1079 σεσιγημένων,
3655 1010 3696 1062 ει

2125 1099 2258 1151 ποτέ
2293 1115 2374 1163 τις
2402 1099 2496 1152 ἐπὶ
2528 1099 2752 1171 διαϐολῇ
2789 1102 3099 1171 μνησθῆναι
3133 1102 3453 1172 τολμήσειε,
3486 1102 3600 1174 τάχ’
3641 1102 3698 1154 ἄν

2122 1207 2236 1243 τισι
2264 1190 2375 1243 τῶν
2406 1190 2620 1261 τάληθῆ
2657 1192 2732 1263 μὴ
2772 1192 3014 1255 εἰδότων,
3069 1194 3165 1247 καὶ
3218 1192 3584 1263 ἐπαληθεύειν
3623 1195 3701 1248 δό·

2123 1283 2290 1349 ξειεν,
2326 1282 2403 1344 ὡς
2435 1284 2535 1336 οὐκ
2580 1283 2647 1339 ἂν
2682 1287 2740 1339 ἐν
2772 1285 2850 1356 τῷ
2885 1286 3119 1355 παρόντι
3152 1286 3555 1358 σεσιγημένων,
3582 1285 3702 1338 εἴτι

2122 1375 2252 1443 ἐνῆν
2285 1375 2467 1442 λέγειν
2497 1378 2628 1447 περὶ
2666 1377 2870 1433 αὐτῶν.
2931 1379 3219 1450 Είρημένα
3250 1379 3309 1431 δὲ
3360 1378 3459 1430 καὶ
3499 1378 3705 1447 φανερά

2121 1470 2476 1523 καταστάντα
2512 1470 2588 1533 ὡς
2618 1471 2894 1542 ἐπράχθη,
2931 1472 3026 1524 καὶ
3066 1471 3151 1536 είς
3201 1470 3457 1536 εὐδοξίαν
3510 1470 3705 1539 μᾶλλον

2120 1565 2183 1615 ἐκ
2215 1562 2310 1617 τοῦ
2345 1564 2421 1626 ὡς
2446 1563 2648 1635 ἑτέρως
2681 1558 2812 1628 ἴσως
2837 1564 3127 1628 δοκοῦντος
3170 1566 3564 1636 περιέστηκεν.
3597 1560 3731 1616 Εἷτύ

2117 1656 2213 1709 ἐπὶ
2242 1657 2339 1718 τὰς
2375 1656 2511 1726 πρὸς
2539 1657 2671 1721 τοὺς
2698 1658 2965 1722 παλαιοὺς
2993 1656 3336 1729 παραθέσεις
3370 1658 3564 1727 χωρεῖ,
3590 1657 3705 1727 ἡνί-

2119 1763 2191 1798 κα
2227 1746 2321 1799 καὶ
2350 1747 2452 1816 τῆς
2506 1748 2670 1801 νόσου
2717 1748 3002 1818 μνησθεὶς,
3055 1749 3113 1812 ὲς
3144 1747 3207 1802 τδ
3237 1745 3708 1818 περιπαθέστερον

2118 1832 2186 1889 αὖ
2216 1837 2499 1889 ἀποκλίνει
2522 1852 2538 1868 ο
2568 1836 2892 1904 ἀποφαίνων
2919 1836 3039 1906 ἅμα
3069 1836 3226 1890 οὐδὲν
3279 1836 3499 1889 ἐλάττω
3533 1833 3630 1902 τῆς
3653 1832 3709 1884 ἐν

2118 1929 2230 1989 τοῖς
2262 1927 2449 1997 ἔργοις
2474 1926 2697 1998 ἀνδρίας
2720 1926 2820 1996 τὴν
2849 1927 3003 1999 παρά
3030 1925 3131 1997 τὴν
3156 1927 3317 1980 νόσον
3340 1922 3709 1991 ἐπιδεδειγμέ-

2116 2036 2226 2073 νον.
2257 2018 2556 2073 Κάνταῦθα
2584 2018 2709 2082 δούς
2743 2037 2798 2072 τι
2844 2020 2941 2072 καὶ
2990 2019 3106 2082 τοῖς
3143 2017 3389 2087 παροῦσι
3424 2015 3537 2070 τῶν
3568 2015 3710 2080 ὑπη-

2116 2115 2261 2166 κόων
2293 2110 2637 2179 φθέγξασθαι
2670 2111 2950 2183 προσῆκον
2988 2111 3221 2173 ἐκείνοις
3250 2110 3470 2173 αὐτοῖς,
3503 2105 3711 2160 πολλῶν

2116 2203 2213 2257 καὶ
2265 2198 2533 2272 μεγάλων
2579 2202 2919 2271 εὐεργεσιῶν
2960 2201 3129 2255 ἕνεκα
3167 2195 3246 2254 ὧν
3295 2199 3359 2254 εὖ
3406 2198 3712 2252 πεπόνθασι

2117 2295 2250 2365 παρ’
2280 2294 2468 2361 αὐτοῦ,
2498 2294 2589 2347 τὸν
2619 2294 2786 2348 αὑτὸν
2820 2293 2976 2358 αὖθις
2999 2291 3467 2361 ὲπαναλαμόάνει
3494 2289 3711 2361 θρῆνον.

2114 2386 2287 2441 Τοῦτο
2314 2387 2371 2440 δὲ
2399 2388 2566 2452 ποιεῖ,
2600 2387 2718 2457 ἀμα
2742 2386 2862 2456 μὲν,
2893 2386 2969 2449 ὡς
2999 2384 3328 2455 ἀναπαύλης
3355 2382 3599 2455 δεηθεὶς,
3628 2381 3713 2434 διὰ
3736 2418 3739 2423 -

2112 2481 2174 2533 τὸ
2204 2478 2299 2532 τοῦ
2328 2479 2537 2542 πάθους
2566 2478 2802 2547 μέγεθος
2836 2479 3168 2548 ἐπεχόμενος
3207 2478 3316 2548 τὴν
3352 2476 3567 2546 φωνὴν,
3602 2474 3715 2545 ἅμα

2112 2573 2193 2639 δὲ,
2236 2572 2332 2625 καὶ
2363 2572 2437 2635 ὡς
2474 2572 2825 2640 ἐπιθυμήσας
2848 2572 2944 2624 καὶ
2974 2572 3182 2638 ἐτέρων
3209 2571 3436 2624 πολλῶν
3454 2567 3714 2640 θρηνούν-

2112 2683 2222 2719 των
2264 2662 2520 2727 ἀκοῦσαι,
2552 2662 2639 2715 διὰ
2669 2662 2730 2715 τὸ
2763 2663 2893 2732 περὶ
2944 2663 3038 2715 τὸν
3059 2661 3297 2729 ἀδελφὺν
3332 2661 3568 2732 μανικὸν
3601 2658 3714 2729 φίλ-

2111 2774 2265 2827 τρον,
2301 2752 2516 2809 πολλῶν
2555 2754 2646 2807 καὶ
2678 2755 2934 2823 μεγάλων
2981 2753 3176 2808 αἰτιῶν
3216 2753 3418 2816 ἕνεκα,
3454 2753 3531 2813 ὡς
3555 2749 3714 2810 αὐτὸς

2112 2848 2337 2914 διέξεισι
2366 2846 2645 2920 βασιλεύς.
2670 2842 2745 2901 Οῦ
2777 2847 2940 2917 χάριν
2967 2847 3062 2900 καὶ
3091 2845 3199 2899 ἀπὸ
3244 2842 3604 2917 περιπαθοῦς
3630 2842 3713 2895 εὗ-

2114 2943 2211 3006 θὺς
2245 2940 2514 3013 ἐνήρξατο
2543 2940 2861 3011 προοιμίου,
2893 2939 2970 3003 ὡς
3024 2938 3100 3009 μὴ
3142 2938 3204 2991 τὸ
3238 2939 3524 3008 παράπαν
3555 2937 3713 3002 δυνηο

2114 3029 2230 3091 θεὶς
2262 3030 2370 3083 τῶν
2393 3046 2454 3081 τε
2481 3028 2812 3098 διηγήσεων,
2838 3027 2949 3080 τῶν
2965 3044 3027 3080 τε
3059 3027 3310 3080 ἐπαίνων
3331 3026 3584 3096 ἅψασθαι
3614 3024 3715 3095 πρ“ι

2112 3121 2220 3174 τῶν
2262 3120 2500 3191 θρήνων.
2556 3121 2632 3173 Οὐ
2689 3120 2798 3191 μὴν
2836 3119 2951 3173 ἀλλ’
2997 3121 3094 3173 ἐπὶ
3153 3120 3531 3191 παραμυθίαν
3564 3121 3715 3190 ὅμως

415 3203 659 3269 intextis,
695 3212 752 3259 ut
782 3220 960 3293 neque
994 3205 1223 3261 excedat
1270 3207 1418 3276 quod
1447 3208 1520 3263 sit
1551 3209 1856 3278 probabile,
1886 3225 1992 3265 nec

2117 3212 2382 3282 μεταῦἀς,
2436 3212 2809 3277 ἀποπαύεται,
2838 3212 3300 3283 ἐπιπλεκομένων
3346 3215 3576 3282 ἑκάστῳ
3603 3230 3715 3284 χω-

416 3309 608 3350 eorum
640 3286 848 3367 aliquid
874 3284 1111 3366 deficiat,
1145 3313 1266 3369 qua:
1297 3300 1445 3355 dicto
1471 3316 1631 3371 opus.
1659 3317 1725 3358 ac
1759 3317 2003 3375 congrua

417 3394 599 3454 erant,
629 3397 692 3442 ut
738 3387 793 3443 in
818 3387 1051 3461 singulis
1101 3390 1340 3461 quisque
1384 3397 1502 3447 arte
1556 3391 1744 3461 legens
1780 3408 2007 3465 perspe-

426 3492 588 3550 xerit.

2113 3304 2216 3377 ρίῳ
2252 3298 2495 3359 τῶν·ἀεὶ
2525 3305 2916 3376 προσηκόντων
2950 3322 3009 3358 τε
3042 3305 3140 3358 καὶ
3170 3306 3717 3377 προσαρμοττόντων

2111 3401 2374 3465 ἐπαίνων,
2411 3398 2486 3461 ὡς
2516 3400 2657 3469 μήτε
2697 3399 2761 3452 τὸ
2816 3396 3050 3451 πιθανὸν
3109 3396 3520 3467 ὑπερϐάλλειν,
3578 3397 3718 3468 μήτε

2112 3492 2381 3547 ἐλλείπειν
2406 3509 2460 3545 τι
2485 3491 2597 3544 τῶν
2635 3474 2867 3545 ἐνόντων
2894 3507 2955 3544 τε
2984 3491 3080 3545 καὶ
3120 3491 3238 3562 ἅμα
3269 3492 3518 3546 δεόντων
3548 3488 3718 3562 ῥηθῆ-

2112 3600 2227 3650 ναι,
2248 3582 2326 3646 ὡς
2358 3584 2451 3639 ἐπὶ
2478 3581 2589 3636 τῶν
2637 3582 2761 3635 καθ’
2785 3582 3019 3637 ἕκαστον
3053 3582 3172 3637 ἔστι
3217 3581 3303 3654 τῷ
3335 3585 3488 3639 κατὰ
3520 3584 3718 3655 τέχνης

2113 3672 2547 3744 ἀναγινώσκοντι
2587 3673 2835 3744 θεωρεῖν.
