3950 6474
302 427 403 489 185

1083 392 1488 493 TlIEODORI
1531 431 1904 494 esseom
1947 409 2345 495 LAUDATIO
2383 437 2800 505 nummus.

2356 326 2399 343 -...,

3486 443 3590 509 186

299 538 358 593 οὐ
395 538 502 610 μὴν
533 535 581 589 δ’
608 537 693 602 είς
727 537 1027 612 τοῦσχατον
1072 541 1232 613 δόξης
1257 544 1628 616 ἐληλακότων,
1679 548 1776 602 καὶ
1815 550 1877 602 τ’)

1991 545 2180 614 patria,
2214 547 2305 617 qui
2344 547 2586 604 illustres
2616 551 2837 621 quidem
2870 565 2934 608 ac
2959 549 3280 619 clari,ltaud
3312 560 3497 611 tamen
3518 557 3586 611 ad

299 630 505 705 μηδένα
535 629 828 700 λεληθέναι
862 634 930 687 τὰ
956 635 1098 689 κατὰ
1140 639 1303 706 σφᾶς,
1331 638 1535 707 ἀγαθός
1563 657 1628 708 γε
1667 642 1880 704 πάντως

297 726 329 778 ὁ
355 723 555 794 νόμος·
592 724 685 780 ἵνα
728 727 966 801 τοσαύτη
999 731 1295 799 περιουσία
1342 732 1764 803 λαμπρότητος,
1802 733 1880 796 ὡς

301 816 499 889 μηδέσι
529 818 642 874 τῶν
669 821 960 890 πρωτείων
987 828 1365 897 παραχωρεῖν,
1426 827 1564 901 μηδὲ
1591 826 1880 896 λεληθέναι

295 910 395 978 τῆς
427 912 532 981 τῆς
579 910 649 964 τὰ
697 911 938 983 πέρατα,
988 914 1058 968 τὰ
1109 917 1262 985 σφῶν
1296 916 1755 987 πλεονεκτήματα
1784 917 1883 970 καὶ

294 1001 401 1073 τὴν
425 999 646 1072 ἀρετὴν,
681 1003 919 1073 μάλιστα
947 1006 1166 1060 πάντων
1187 1007 1216 1059 ὁ
1240 1006 1405 1078 νόμος
1425 1001 1583 1073 οὗτος
1610 1009 1673 1063 ού
1694 1025 1884 1079 περιο-

298 1092 467 1157 πτέος
498 1092 700 1159 δόξειεν
722 1094 809 1149 ἄν.
842 1095 916 1149 Τὸ
938 1098 1051 1168 γὰρ
1083 1099 1352 1170 ὑπερέχον
1374 1100 1594 1157 τούτων’
1617 1103 1676 1154 έν
1706 1101 1880 1157 ἅπασι

299 1186 520 1240 πάντων
573 1186 738 1241 ἓνεκα
774 1178 817 1261 ἧ
842 1188 946 1243 πού
970 1209 1035 1260 γε
1060 1191 1345 1263 θαύματος
1376 1194 1550 1260 ἄξιον.
1582 1196 1693 1248 Καὶ
1724 1195 1881 1249 τοῦτό

299 1294 366 1345 τε
396 1280 712 1351 συνίστησιν
741 1283 771 1336 ὁ
801 1283 980 1360 πόντα
1012 1284 1151 1357 λήθῃ
1183 1286 1465 1355 παραδοὺς
1513 1287 1729 1359 χρόνος,
1755 1288 1882 1342 ἀτο-

298 1374 470 1440 νήσας
506 1372 758 1428 ἐνταυθοί
796 1377 858 1431 τὸ
895 1376 1091 1442 εἰωθὸς
1139 1379 1291 1450 αύτῷ
1333 1381 1560 1460 δρᾷσαι.
1617 1381 1730 1435 Καὶ
1769 1381 1880 1453 γὰρ

296 1466 540 1538 τοσούτῳ
600 1469 746 1541 μέγα
809 1471 1266 1541 ὑπερηκόντισαν
1318 1476 1487 1544 συχνῇ
1547 1473 1881 1545 περιφανεία

294 1560 393 1613 καὶ
426 1561 786 1641 κοσμιότητι,
804 1565 900 1618 καὶ
924 1566 991 1637 τῇ
1017 1565 1127 1618 τῶν
1154 1566 1378 1637 τρόπων
1403 1569 1762 1639 χρηστότητι.
1787 1569 1881 1625 καὶ

292 1654 366 1720 τῇ
393 1652 504 1705 τῶν
529 1656 808 1722 τροπαίων
826 1656 1194 1730 λαμπρότητι,
1227 1660 1340 1730 ὅσῳ
1372 1659 1509 1729 μηδὲ
1535 1658 1719 1732 ῥᾴδιον
1739 1655 1882 1714 εἶναι

267 1744 495 1846 ἔ’δεῖξειιιο
525 1746 637 1801 Καὶ
657 1749 818 1804 τοῦτο
836 1749 1028 1820 λέληθε
1051 1751 1151 1821 μὲν
1179 1751 1287 1806 οὐδ’
1309 1752 1553 1809 ὁντινοῦν
1577 1753 1688 1808 τῶν
1712 1755 1883 1809 ἁπάνσ

247 1841 406 1891 ν’των
429 1855 445 1870 ο
485 1841 720 1911 παρέχει
752 1842 809 1896 δὲ
837 1844 1051 1907 πάντας
1097 1844 1425 1916 θαυμάζειν,
1455 1845 1551 1911 οὓς
1584 1864 1648 1915 γε
1696 1849 1759 1903 ού
1795 1849 1882 1901 λέ-

1983 653 2264 693 summum
2301 639 2491 711 gloriae
2536 642 2750 697 culmen
2792 658 3041 709 evasere,
3075 659 3142 700 ac
3187 654 3245 700 ut
3295 661 3365 700 ne
3421 662 3585 717 quem

1982 747 2174 788 eorum
2212 749 2301 790 res
2337 735 2587 803 lateam;
2634 738 2774 819 bene
2828 753 3059 810 prorsus
3092 741 3181 795 illa
3227 740 3427 807 habet;
3490 742 3587 796 ubi
3652 788 3661 795 .

1983 835 2167 880 autem
2202 841 2397 882 eorum
2425 828 2615 895 gloriae
2639 837 2826 885 tantus
2852 838 3146 899 exsuperat
3195 831 3476 896 cumulus,
3520 839 3585 885 ut

1982 931 2054 973 ne
2082 918 2174 972 cui
2207 919 2419 989 primas
2440 930 2626 990 partes
2654 921 2874 987 cedant,
2893 937 2994 977 nec
3007 925 3587 992 eorumpraerogativat

1982 1021 2049 1062 ac
2097 1005 2318 1078 virtus,;
2342 1010 2499 1065 orbis
2537 1009 2748 1066 lateant
2777 1012 2936 1078 jﬁnes
2973 1021 3148 1076 ;tunc
3180 1013 3419 1067 maxime
3473 1027 3586 1067 non

1982 1101 2288 1168 spernenda
2342 1102 2619 1158 videatur.
2657 1104 2832 1159 Tanta
2865 1106 3069 1174 quippe
3089 1120 3280 1160 eorum
3313 1105 3368 1159 in
3406 1106 3590 1160 omni-

1982 1189 2110 1252 bus,
2148 1206 2213 1246 ac
2235 1192 2386 1248 omni
2423 1203 2580 1262 parte
2618 1196 2971 1263 excellentia,
3003 1196 3123 1267 jure
3158 1197 3357 1251 merito
3407 1197 3589 1251 admi-

1982 1284 2187 1339 rationi
2243 1285 2538 1343 habeatur.
2612 1288 2786 1357 ldque
2847 1304 2984 1345 sane
3047 1291 3217 1345 etiam
3296 1287 3590 1345 conﬁrmat

1984 1383 2225 1445 tempus,
2345 1378 2493 1446 quod
2592 1379 3024 1445 universorum?
3084 1378 3422 1435 oblivionem
3503 1378 3587 1433 fa-

1983 1469 2157 1534 ciens,
2223 1468 2313 1525 hic
2378 1479 2565 1525 tamen
2646 1472 2959 1542 nequiverit
3002 1483 3263 1543 praestare
3311 1471 3458 1543 quod
3504 1479 3589 1525 est
3619 1468 3653 1504 τ’

1983 1570 2388 1632 comparatum.
2417 1562 2600 1620 Tanto
2633 1566 2905 1636 siquidem
2938 1581 3173 1621 excessu
3226 1572 3586 1635 superarunt,

3652 1411 3664 1442 ς

3652 1484 3666 1540 3

3654 1547 3664 1628 ἔ

1983 1653 2179 1708 crebra
2204 1656 2380 1724 gloria
2414 1671 2480 1712 ac
2513 1658 2825 1721 honestate,
2854 1672 3190 1728 morumque
3214 1656 3480 1721 bonitate,
3522 1671 3587 1710 ac
3650 1674 3657 1739 ζ

1986 1755 2317 1817 ιιεορωοτιιηι
2353 1750 2675 1820 splendore,
2706 1761 2893 1807 utnec
2927 1749 3089 1805 facile
3120 1751 3335 1806 ostendi
3387 1750 3586 1821 possit,
3646 1752 3653 1792 ν

1982 1853 2163 1908 caque
2202 1854 2294 1895 res
2320 1841 2600 1896 neminem
2625 1845 2797 1896 latere
2833 1842 3013 1913 potuit
3055 1842 3489 1910 ;convertitque
3533 1840 3587 1894 iu

294 1929 485 2000 ληθεν.
532 1932 701 1987 Ἔνθα
734 1933 802 2005 δὴ
846 1935 1023 1991 ταῦτα
1056 1913 1420 2011 συνέδραμεν,
1446 1939 1476 1993 ὁ
1506 1913 1671 2011 νόμος
1718 1940 1885 2011 ἀναγ-

1991 1931 2433 1999 admirationem,
2460 1933 2507 1988 si
2544 1948 2687 2001 quos
2720 1950 2828 1989 non
2861 1933 3044 1990 latuit.
3081 1933 3185 1990 Ubi
3209 1948 3343 1990 sane
3377 1948 3591 1990 eacon-

296 2019 605 2082 καιότατος.
642 2021 802 2077 Ἔστι
832 2024 1036 2083 ταῦτα.

382 2110 526 2180 ἐγὼ
547 2113 605 2167 δὲ
636 2114 902 2189 βούλομαι
928 2116 1025 2173 νῦν
1055 2121 1232 2176 εἰπεῖν
1255 2120 1430 2194 βίαιον
1450 2120 1552 2191 μέν
1579 2140 1725 2179 τισιν
1752 2123 1885 2188 ἴσως

298 2203 477 2272 δόξον,
508 2207 705 2280 ἀληθὲς
733 2210 782 2265 δ’
803 2211 898 2266 οὖν
925 2207 1084 2281 οἴμαι
1114 2215 1519 2286 φανησόμενον.
1559 2214 1624 2272 '0
1658 2216 1769 2289 γάρ
1794 2217 1885 2272 νό-

314 2315 409 2367 μος
442 2301 740 2371 ἀναγκαῖος
784 2302 866 2370 ὥς
908 2305 1151 2379 ἀληθῶς,
1204 2309 1267 2362 οὐ
1299 2310 1415 2380 μὴν
1458 2309 1509 2363 δ’
1539 2310 1636 2365 ἐπὶ
1662 2312 1885 2366 πάντων

313 2387 473 2454 οὕτως
504 2392 716 2458 ἁπλῶς.
747 2394 868 2450 Ἵνα
891 2395 1002 2467 γὰρ
1035 2396 1346 2469 συνέδραμε
1369 2398 1628 2465 τοσοῦτος
1659 2400 1759 2473 μὲν
1783 2418 1888 2455 σω-

302 2483 398 2555 ρὸς
450 2484 692 2554 ἀγαθῶν,
754 2488 851 2542 καὶ
906 2489 1113 2561 μηδένα
1161 2491 1358 2564 λέληθε
1406 2493 1519 2547 τῶν
1576 2494 1841 2549 ἁπάντων
1867 2534 1884 2561 ,

299 2576 532 2648 παρέχει
562 2576 620 2632 δὲ
654 2580 792 2634 πᾶσι
820 2579 1148 2652 θαυμάζειν,
1189 2585 1658 2656 ἔκπληττομένοις
1688 2586 1759 2640 τὰ
1788 2603 1888 2642 κατ

294 2668 648 2738 τορθὼματα,
680 2672 783 2728 οὐκ
813 2672 1116 2743 ἀναγκαῖος
1166 2676 1196 2730 ὁ
1224 2677 1394 2751 νόμος
1441 2671 1600 2743 οὗτος
1635 2677 1786 2749 αὐτῷ
1819 2696 1886 2748 γε

290 2760 477 2833 τούτῳ
504 2800 520 2828 ,
550 2758 595 2832 ᾧ
617 2782 682 2834 γε
704 2767 816 2828 τοῖς
851 2767 1036 2832 ἄλλοις
1087 2770 1392 2841 ἀναγκαῖος
1421 2765 1567 2828 εἶναι
1593 2772 1767 2828 δοκεῖ.
1791 2777 1887 2827 Δι-

293 2853 495 2918 καίως.
528 2856 626 2910 Διά
650 2858 706 2911 τί
722 2877 741 2927 ;
770 2858 896 2915 Ὀτι
925 2861 1020 2915 τὸν
1040 2862 1208 2935 νόμον
1242 2859 1398 2934 οἴμαι
1429 2866 1712 2939 τετάχθαι,
1739 2869 1888 2935 ὅπως

292 2948 347 3000 ei
399 2948 562 3020 ῥίζης
604 2952 821 3020 ἀγαθῆς
873 2955 932 3007 ἂν
988 2957 1181 3027 ἀγαθῷ
1238 2960 1668 3030 πεφυτευμένης
1700 2959 1887 3033 χῳρίῳ

290 3043 497 3111 eradat
525 3046 661 3099 πᾶσι
685 3046 961 3118 δειχθῶσι,
1002 3050 1099 3105 καὶ
1130 3051 1241 3122 πρὸ
1280 3051 1379 3105 τοῦ
1408 3048 1501 3109 τδύ
1548 3053 1664 3124 βίον
1696 3055 1886 3119 αὐτοῖς

292 3137 555 3206 φανῆναι,
600 3139 699 3193 καὶ
747 3141 900 3212 παρὰ
933 3141 1155 3199 πάντων
1209 3145 1596 3216 ἐπαινεθῆναι.
1665 3146 1887 3205 Ὀποῖον

1988 2024 2290 2091 currerint,
2324 2024 2580 2080 videatur
2604 2026 2697 2081 lex
2724 2043 2940 2083 summe
2971 2027 3313 2085 necessaria.
3337 2025 3410 2080 Ita
3431 2040 3588 2080 vero.

2057 2116 2328 2177 Ceterum
2356 2116 2534 2173 libens
2576 2119 2781 2187 dicam,
2805 2118 2953 2189 quod
2977 2118 3123 2174 forte
3156 2118 3441 2173 nonnullis
3481 2116 3585 2170 du-

1986 2206 2107 2264 rius
2143 2209 2421 2281 videatur,
2444 2221 2504 2264 ut
2542 2219 2724 2265 tamen
2774 2211 3028 2267 veritatis
3074 2211 3318 2282 speciem
3363 2210 3590 2264 habitu-

1986 2317 2108 2357 rum
2141 2310 2351 2373 putem.
2396 2302 2566 2379 Plane
2597 2304 2821 2373 quidem
2874 2304 3189 2360 necessaria
3236 2304 3376 2371 lex;
3434 2302 3580 2356 haud

1986 2404 2172 2451 tamen
2206 2396 2534 2466 simpliciter
2564 2400 2741 2463 adeo,
2767 2407 2828 2453 ut
2856 2407 3173 2466 Spectemus
3211 2411 3429 2452 omnes.
3480 2394 3587 2451 Ubi

1985 2487 2133 2542 enim
2169 2489 2364 2556 ingens
2397 2488 2533 2542 adeo
2560 2491 2846 2545 concurrit
2879 2491 3148 2545 bonorum
3177 2489 3458 2554 cumulus,
3481 2503 3588 2544 nec

1987 2581 2135 2638 ullos
2154 2581 2383 2636 omnino
2416 2582 2569 2646 latet,
2600 2598 2909 2653 omnesque
2930 2583 3206 2638 convertit
3232 2583 3289 2636 in
3333 2581 3581 2636 admira-

1991 2675 2225 2742 tionem,
2263 2676 2612 2745 stupentibus
2653 2677 2916 2731 omnibus
2934 2674 3332 2742 merita;haud
3357 2689 3587 2745 prorsus

1989 2769 2302 2826 necessaria
2335 2768 2611 2837 videatur,
2639 2785 2708 2825 eo
2736 2769 2879 2841 ipso,
2913 2784 3025 2840 quo
3057 2769 3182 2824 aliis
3215 2769 3467 2823 videatur
3486 2783 3585 2822 ne-

1988 2860 2251 2916 cessaria.
2279 2861 2356 2917 ita
2393 2864 2610 2921 merito.
2641 2861 2916 2930 Quorsum
2938 2878 3068 2920 vero
3089 2863 3114 2917 Ἰ
3135 2861 3294 2928 Quod
3306 2862 3575 2916 nimirum

1990 2972 2052 3009 ea
2081 2957 2299 3013 ratione
2325 2957 2641 3013 existimem
2665 2959 2926 3028 positam,
2943 2967 3003 3015 ut
3020 2957 3113 3027 qui
3136 2973 3201 3015 ex
3229 2957 3372 3017 bonil
3392 2954 3605 3010 radice'

1988 3049 2135 3109 bono
2168 3060 2288 3106 sata
2321 3051 2441 3107 solo
2469 3051 2818 3121 prodierunt,
2840 3051 2968 3107 boni
3003 3050 3265 3108 omnibus
3282 3047 3585 3107 ostendan-

1990 3151 2103 3208 tur,
2136 3157 2262 3201 cum
2280 3144 2518 3216 necdum
2548 3146 2716 3201 etiam
2746 3159 2938 3200 eorum
2978 3143 3086 3198 vita
3126 3143 3194 3199 sit
3226 3141 3481 3212 prodita,
3520 3154 3587 3193 ac

291 3232 409 3304 γὰρ
437 3230 558 3309 ἃ.ίῇ
596 3234 657 3288 τδ
688 3237 879 3305 φυτὴν,
911 3239 1007 3293 καὶ
1034 3239 1094 3293 τὺ
1115 3241 1320 3311 χωρίον
1348 3243 1406 3296 έν
1437 3235 1481 3310 ᾧ
1516 3241 1881 3312 πεφύτευται»

1991 3235 2238 3293 omnium
2291 3252 2388 3293 ore
2442 3236 2692 3293 laudata.
2737 3236 2929 3304 Qualis
2972 3237 3117 3292 enim
3175 3242 3260 3289 est
3305 3233 3587 3297 arhor,ae

289 3324 551 3403 τοιοῦτον.
569 3328 782 3401 ἀνάγκη
815 3332 909 3384 καὶ
952 3331 1045 3385 τὸν
1090 3332 1307 3404 καρπὸν
1338 3333 1472 3387 αὐτὸ
1505 3334 1719 3407 φέρειν.
1760 3337 1875 3391 Ἐν-

290 3416 468 3471 ταῦθα
500 3419 677 3473 τοίνυν
711 3422 983 3490 παρέλκον
1033 3416 1190 3494 οἶμαι
1245 3424 1409 3480 τοῦτο
1443 3427 1543 3481 καὶ
1592 3429 1875 3499 περιττόν.

302 3512 366 3566 '0
392 3515 506 3584 γὰρ
531 3514 610 3585 τῷ
637 3515 788 3587 νόμῳ
841 3518 1047 3583 σκοπὸς
1094 3518 1288 3590 ὥσπερ
1321 3519 1633 3591 αὐτόματον
1663 3521 1878 3592 φθάσαν

291 3606 513 3676 γέγονε.
546 3608 644 3674 Τίς
691 3611 799 3683 γὰρ
832 3611 943 3666 τῶν
973 3614 1197 3687 πάντων
1217 3613 1319 3669 οὐκ
1349 3609 1512 3680 οϊδεν,
1532 3615 1614 3680 ὡς
1654 3616 1740 3687 είη
1774 3617 1880 3687 μὲν

292 3698 592 3773 ήμεγίστη
642 3702 820 3770 πόλις,
854 3704 956 3776 τὴν
1006 3686 1429 3761 Κωνσταντίνου
1478 3686 1881 3781 φημὶ,’πατρὶς

296 3789 495 3861 ἐκείνῳ
565 3793 772 3864 τάνδρὶ,
805 3797 900 3850 καὶ
942 3797 1005 3867 δὴ
1035 3799 1132 3851 καὶ
1167 3799 1315 3866 γένει
1362 3799 1440 3871 τῷ
1470 3800 1705 3867 ἐκείνου,
1738 3800 1882 3857 ὥστε

297 3884 396 3937 καὶ
431 3884 637 3939 δεῖσθαι
688 3888 820 3962 παρ’
858 3888 1053 3959 ἑτέρου·
1088 3890 1251 3944 τοῦτο
1301 3893 1643 3960 μανθάνειν;
1700 3894 1797 3956 Τίς
1826 3894 1885 3947 δὲ

297 3976 506 4048 ταύτης
530 3977 645 4048 ἕχει
700 3979 1036 4050 μνησθῆναι,
1097 3984 1193 4036 καὶ
1244 3986 1356 4040 τῶν
1410 3986 1727 4054 φυσάντων,
1752 3986 1884 4043 ἄνευ

300 4071 596 4143 ἐγκωμίων
628 4073 941 4143 perime;
975 4076 1293 4145 Θαυμάζων
1323 4081 1381 4134 δέ
1420 4098 1509 4145 τις
1563 4081 1667 4153 τήν
1691 4099 1754 4135 τε
1781 4099 1888 4135 πα-

300 4163 480 4233 τρίδα,
514 4164 640 4230 τούς
689 4183 751 4220 τε
776 4171 972 4236 γονέας
992 4210 1008 4234 ,
1054 4171 1173 4235 πῶς
1204 4172 1326 4243 οὐχὶ
1364 4163 1461 4227 καὶ
1490 4172 1586 4228 τὸν
1622 4175 1686 4227 ἐκ
1719 4174 1888 4231 τῶνδε

300 4255 514 4321 τούτοις
544 4258 955 4332 συνιθαύμασεν
981 4264 1084 4331 du;
1120 4265 1245 4320 Ὅτι
1287 4267 1471 4322 τοίνυν
1502 4271 1681 4323 ταῦτα
1718 4269 1887 4334 οὕτω,

303 4348 406 4402 καὶ
439 4348 632 4405 οὐδένα
661 4351 855 4426 λέληθε
898 4354 969 4410 τὰ
1006 4358 1150 4411 κατὰ
1190 4358 1283 4412 τὸν
1308 4359 1411 4413 νῦν
1431 4360 1890 4432 εὐφημούμενον,

310 4440 527 4512 μήποτε
545 4444 839 4516 περίεργον
955 4450 1390 4515 κατασκευάζειν
1420 4451 1543 4506 λίαν
1577 4453 1771 4522 σαφὲς,
1796 4455 1892 4507 καὶ

304 4533 573 4590 δεικνύειν
593 4520 901 4608 ἐπιχειρεῖν
919 4541 981 4593 τὸ
1033 4543 1223 4614 μηδενὶ
1250 4520 1673 4615 κρυπτόμενονξ
1699 4544 1759 4603 '0
1782 4545 1885 4616 γὰρ

1995 4537 2143 4608 quod
2174 4536 2462 4607 perspicue
2491 4537 2836 4604 clarum_est,
2880 4549 2949 4590 ac
2982 4534 3222 4589 nitamur
3271 4520 3619 4590 ostendere."

1985 3328 2139 3398 ‘luali
2167 3336 2289 3386 Orta
2311 3328 2453 3396 8010.
2476 3329 2644 3387 talem
2684 3342 2909 3399 quoque
2950 3340 3177 3385 necesse
3213 3323 3285 3379 sit
3317 3332 3375 3375 ut
3426 3322 3581 3376 fruc-

1980 3431 2095 3478 tum
2122 3420 2285 3478 l‘erat.
2316 3420 2431 3478 Hac
2452 3438 2584 3495 ergo
2626 3431 2785 3492 parte
2814 3434 3286 3491 supervacaneam
3329 3431 3393 3472 ac
3441 3414 3586 3467 otiu-

1978 3530 2096 3573 sam
2119 3515 2458 3573 molitionem
2491 3526 2644 3586 puto.
2668 3516 2765 3572 Hie
2796 3513 3236 3585 siquidem,ejus
3258 3512 3399 3580 legis
3431 3508 3586 3569 tiuih

1982 3625 2081 3666 sua
2115 3610 2236 3681 ipse
2281 3620 2501 3682 Sponte,
2531 3625 2595 3664 ac
2640 3611 2769 3666 ιλιι-ο
2790 3610 3101 3679 occuparit.
3121 3608 3267 3674 Quis
3293 3610 3443 3661 enim
3489 3620 3587 3657 nt:-

1982 3700 2124 3757 sciat
2166 3700 2443 3766 omniun,
2477 3706 2538 3755 ut
2572 3699 2659 3753 vir
2683 3700 2797 3765 ille,
2847 3701 2947 3754 sed
2980 3706 3035 3754 et
3070 3698 3191 3768 ejus
3228 3709 3432 3767 genus,
3464 3708 3585 3745 ma-

1985 3793 2139 3849 xima
2167 3792 2412 3859 urbium,
2460 3792 2839 3856 Constantini,
2895 3791 3144 3861 inquam,
3189 3787 3351 3851 urbe,
3407 3784 3583 3856 patria

1988 3886 2278 3957 glorietur,
2317 3894 2462 3942 utet
2526 3884 2660 3943 illud
2714 3886 2786 3940 ab
2820 3883 2929 3938 alio
2960 3880 3248 3936 docendus
3283 3877 3587 3934 videatur?

1987 3980 2124 4048 Quis
2151 3988 2333 4035 autem
2363 3977 2485 4051 ejus
2510 3986 2800 4048 parentum
2849 3976 2954 4031 nisi
3005 3973 3263 4030 maximis
3326 3971 3583 4025 laudibus

1990 4074 2309 4129 meminisse
2337 4073 2557 4143 possit?
2589 4069 2662 4129 Ut
2692 4070 2817 4141 quis
2839 4084 2993 4135 vero,
3021 4083 3148 4122 cum
3186 4067 3444 4137 patriam,
3466 4074 3579 4121 tum

1989 4174 2244 4235 parentes
2271 4162 2530 4229 miretur,
2584 4161 2677 4231 qui
2711 4176 2824 4216 non
2887 4160 3051 4215 etiam
3085 4158 3194 4213 illis
3228 4169 3421 4229 ortum
3466 4155 3584 4224 puri

1991 4256 2355 4313 admiratione
2389 4253 2805 4327 prosequatur?
2834 4254 2974 4309 Cum
3016 4253 3100 4310 sic
3140 4266 3272 4322 ergo
3323 4252 3438 4305 haec
3488 4250 3587 4301 ha-

1993 4351 2181 4418 beant,
2253 4365 2360 4407 nec
2419 4350 2520 4405 viri
2566 4349 3069 4420 impraesentiarum
3128 4345 3442 4403 celebrandi
3496 4360 3586 4398 res

1996 4444 2170 4501 ullum
2199 4443 2432 4509 lateant,
2467 4444 2659 4513 utique
2683 4442 2927 4497 otiosum
2953 4443 3027 4496 sit
3070 4450 3131 4495 ut
3176 4439 3228 4495 id
3264 4441 3585 4512 probemus,

302 4628 600 4697 διδάσκειν,
656 4627 837 4700 οἶμαι,
883 4633 1237 4704 βουλόμενος,
1262 4636 1346 4700 ὡς
1470 4639 1885 4694 Κωνσταντίνου

1999 4632 2146 4703 quod
2166 4631 2299 4685 nulli
2334 4632 2408 4686 sit
2454 4631 2761 4687 occultum.
2816 4627 2922 4696 Qui
2961 4628 3111 4682 enim
3176 4628 3378 4682 docere
3430 4626 3585 4691 velit,

302 4718 444 4788 τῷδε
475 4724 675 4792 πατρὶς
695 4764 712 4790 ,
747 4726 843 4778 καὶ
866 4730 1048 4793 γονεῖς
1088 4730 1139 4781 ei
1170 4728 1380 4800 ταύτης
1401 4732 1769 4801 κοσμήτορες,
1793 4731 1890 4785 καὶ

302 4812 486 4884 ἀγαθή
517 4831 581 4882 γε
627 4816 802 4888 τούτῳ
832 4819 930 4871 καὶ
952 4820 987 4889 ὴ
1023 4821 1225 4889 πατρὶς
1257 4822 1351 4876 καὶ
1378 4823 1428 4875 οί
1446 4822 1759 4890 φύσαντες,
1785 4840 1893 4876 πα-

307 4906 613 4976 ραπλήσιον
657 4909 725 4964 ἂν
760 4910 852 4982 είη
884 4911 1084 4977 ποιῶν.
1113 4912 1310 4985 ὥσπερ
1341 4913 1413 4970 ἂν
1446 4915 1496 4971 εἰ
1522 4915 1651 4980 τοὺς
1677 4915 1892 4986 ἀνθρώ-

302 5015 439 5062 πους
461 4999 733 5055 διδάσκειν
758 5003 1036 5072 ἐϐούλετο,
1066 5006 1384 5076 πληθούσης
1410 5007 1515 5077 τῆς
1533 5008 1767 5077 ἀγορᾶς,
1794 5010 1892 5064 καὶ

302 5094 406 5159 τῆς
437 5093 656 5159 ἀκτῖνος
686 5097 932 5163 ἅπαντας
985 5098 1419 5172 θερμαινούισης,
1466 5101 1618 5172 ὑπὲρ
1663 5103 1768 5173 γῆν
1798 5103 1890 5158 τὸν

302 5186 460 5257 ἥλιον
490 5183 654 5244 εἶναι.
1135 5221 1151 5235 υ
1616 5252 1619 5255 ,

380 5279 456 5334 υύ
489 5281 594 5353 μὴν
618 5282 756 5339 ἀλλὰ
796 5287 892 5339 καὶ
920 5285 1049 5357 τῇὣ
1098 5287 1480 5358 παραδραμών
1518 5304 1620 5352 ’τις
1649 5286 1891 5343 ἐνταῦθα

303 5373 519 5426 τουτονὶ
566 5373 659 5428 τὸν
696 5377 810 5439 τοῖς
853 5377 1107 5447 ἀρχαίοις
1167 5379 1397 5433 τεθέντα
1453 5378 1620 5446 νόμον
1662 5379 1889 5450 ἄριστον
1948 5427 1961 5441 .

306 5467 600 5534 ὄντα,οω
635 5470 793 5542 παρὰ
836 5470 947 5525 τῶν
979 5472 1230 5542 θεμένων
1265 5468 1423 5542 οἶμαι
1474 5472 1567 5525 τὸν
1602 5472 1792 5543 νόμον,
1839 5474 1889 5526 εί

307 5558 391 5612 ἔτι
425 5558 550 5631 μεθ’
580 5561 739 5630 ἡμῶν
785 5557 961 5633 ἦσαν,
995 5561 1122 5618 οὔτε
1154 5564 1292 5635 παρ’
1343 5562 1660 5618 οὑτινοσοῦν
1690 5564 1891 5634 εὐφρο-

307 5651 548 5717 νοῦντος,
573 5651 774 5718 δέξαιτ’
788 5655 864 5710 ἄν
886 5673 1017 5710 ποτε
1045 5657 1277 5729 μέμψιν.
1309 5657 1450 5712 οὔτε
1482 5659 1592 5728 γὰρ
1620 5661 1653 5728 ig
1686 5658 1890 5733 πατρὶς

305 5742 477 5814 αὐτῷ,
502 5743 621 5799 οὗθ’
641 5747 696 5799 oi
726 5750 926 5816 γονεῖς,
953 5750 1197 5814 ἐπιδεεῖς
1228 5750 1328 5821 τῆς
1364 5750 1496 5821 παρ’
1533 5750 1784 5822 ἀλλήλων
1804 5768 1890 5803 τι-

311 5837 419 5902 μῆς
439 5852 454 5868 ⁸
481 5838 590 5891 ἀλλ
615 5838 757 5895 ὀὐδὲ
788 5840 954 5906 αὐτὸς
976 5843 1203 5906 ἐκεῖνος
1215 5841 1319 5911 τῆς
1349 5840 1480 5912 παρ’
1512 5842 1696 5896 αὐτῶν
1718 5843 1891 5911 ἀναγ-

308 5929 499 5998 καίως,
546 5933 596 5990 εί
648 5934 744 5989 καὶ
774 5935 905 6005 παρ’
928 5935 1178 6008 ἀλλήλων
1224 5936 1373 6007 ὅμως
1399 5935 1749 6008 τετίμηνται,
1786 5953 1889 5990 κα-

2000 4718 2260 4783 ltalutisse
2287 4725 2541 4794 patriam,
2562 4722 2910 4780 Constantini
2944 4723 3161 4786 urbem,
3189 4729 3585 4789 parentesque,

1996 4819 2163 4874 viros‘
2184 4818 2427 4888 ejusdem
2465 4817 2766 4888 principes,
2832 4815 3150 4883 bonamque
3174 4812 3223 4865 ei
3255 4809 3489 4879 patriam
3523 4824 3587 4861 ac

1999 4921 2252 4984 parentes
2278 4910 2479 4975 fuisse,
2540 4910 2683 4963 haud
2716 4905 2869 4964 aliud
2894 4920 3014 4962 mea
3046 4903 3322 4960 sententia
3364 4900 3587 4959 fecerit.

1998 5020 2164 5076 quam
2201 5013 2261 5061 ut
2288 5005 2455 5074 pleno
2480 5001 2631 5066 foro,
2664 5001 2947 5070 radiisque
2971 5009 3166 5053 aestum
3227 4993 3585 5057 facientibus,

1994 5109 2215 5155 exstare
2251 5097 2422 5166 solem
2466 5111 2632 5167 super
2686 5102 2922 5157 terram,
2977 5104 3081 5146 ceu
3139 5086 3348 5144 inscios
3388 5085 3589 5142 docere

1996 5190 2148 5249 velit.

2071 5284 2217 5341 Sane
2238 5291 2295 5337 ut
2320 5298 2385 5338 ea
2419 5281 2545 5352 quis
2572 5280 2805 5340 ratione,
2857 5289 2977 5333 eam
3010 5274 3282 5346 antiquis,
3314 5273 3582 5343 optimam

1997 5375 2148 5431 illam
2168 5416 2183 5438 ,
2200 5374 2442 5444 positam
2478 5374 2669 5442 legem.
2695 5370 2953 5440 praesenti
2976 5376 3302 5440 argumento
3322 5365 3589 5422 emitten-

1998 5467 2124 5522 datu
2158 5466 2454 5535 putaverit,
2481 5463 2628 5519 haud
2658 5462 2852 5527 ullam,
2883 5462 2952 5517 ab
2984 5462 3053 5517 iis
3086 5461 3221 5531 ipsis
3258 5460 3465 5532 quibus
3515 5459 3591 5516 sit

1996 5561 2196 5629 posita,
2218 5566 2276 5613 ut
2307 5557 2345 5612 ii
2369 5557 2555 5613 adhuc
2588 5557 2640 5610 in
2670 5555 2807 5610 vivis
2836 5562 3084 5624 agerent.
3106 5554 3285 5610 ullove
3303 5552 3582 5621 sapiente.

2000 5649 2763 5719 reprehensionemuuquam’
2787 5648 2995 5703 tulerit.
3041 5645 3233 5718 Neque
3260 5644 3408 5699 enim
3460 5640 3592 5697 talis

1994 5745 2329 5802 celebrande
2360 5743 2478 5799 viro
2522 5744 2722 5813 patria,
2755 5751 2851 5798 aut
2901 5749 3174 5812 parentes.
3211 5748 3271 5794 ut
3298 5739 3379 5793 eis
3410 5738 3479 5793 ab
3508 5739 3591 5791 iu-

2000 5840 2176 5895 vicem
2208 5839 2472 5893 honorem
2523 5835 2766 5891 mutuari
2811 5850 3038 5891 necesse
3086 5833 3162 5888 sit
3197 5846 3213 5885 :
3244 5841 3301 5886 at
3331 5848 3505 5901 neque
3541 5831 3588 5883 is

2002 5948 2237 6005 necesse,
2261 5932 2331 5989 ab
2362 5931 2469 5989 illis
2510 5930 2709 5988 habeat
2745 5946 2759 5997 ;
2799 5929 3015 5983 tametsi
3070 5936 3263 5982 mutuo
3312 5927 3579 5983 honorem

3624 4844 3647 4945 ί
