3950 6474
403 401 502 463 187

1587 396 1982 458 MANUELl’S
2025 390 2477 455 P.-\L.’EOLOGI

3560 378 3657 447 188

401 520 501 574 sibi
553 518 780 585 addunt,
833 516 1109 587 quomodo
1163 520 1354 586 juncta
1427 515 1654 576 lumina.
1722 525 1975 565 mutuum

2107 509 2259 575 lénsp
2291 507 2449 575 φῶτα
2480 502 2812 569 συναύξοντα
2842 504 2940 572 τὴν
2997 502 3054 568 ἐξ
3095 500 3340 570 ἀλλήλων
3374 496 3653 570 ἀστραπήν

403 612 749 681 splendorem
777 625 840 665 ac
876 610 1077 676 lucem,
1113 610 1356 663 vicissim
1382 608 1696 661 intendunt.
1726 606 1812 660 Uti
1852 618 1980 672 ergo

403 700 611 769 praefati
651 717 862 765 sumus,
894 710 950 753 ut
972 702 1045 754 sit
1073 703 1212 754 bona
1242 703 1352 766 lex.
1380 700 1524 752 haud
1555 710 1735 753 tamen
1766 699 1982 766 imprae-

406 792 707 847 sentiarum
739 791 1064 846 exornando
1109 791 1226 843 viro
1280 788 1589 844 necessaria
1626 806 1639 841 :
1694 788 1825 855 quin
1866 785 1978 847 ille,

404 896 467 933 ex
502 881 723 949 propria
780 880 954 949 magis
1012 881 1240 940 virtute,
1298 880 1527 946 suisque
1574 877 1689 945 ipse
1749 875 1980 937 meritis,

404 988 569 1041 quam
606 988 671 1025 ex
733 974 930 1041 patria,
971 988 1031 1025 ac
1065 974 1200 1034 avis,
1248 986 1556 1041 magnoque
1594 969 1745 1024 illinc
1801 968 1983 1037 splrno

405 1064 560 1125 dore,
584 1065 768 1117 clarus
789 1063 1070 1127 fuerit.,Ut
1089 1072 1268 1118 autem
1294 1065 1458 1116 etiam
1481 1063 1593 1124 illa,
1618 1068 1983 1130 parentesque

407 1170 471 1208 ac
500 1156 609 1215 avi,
648 1165 837 1209 notum
874 1156 1047 1221 illum,
1084 1170 1147 1209 ac
1180 1155 1293 1208 suis
1320 1155 1495 1223 ipsum
1535 1153 1746 1207 meritis
1773 1153 1981 1205 clarum

406 1246 673 1300 notiorem
707 1247 1190 1313 illustrioremque,
1232 1260 1332 1299 sua
1361 1246 1604 1313 ipsorum
1628 1243 1982 1298 reddiderunt

406 1337 631 1403 virtute,
675 1354 736 1392 ac
764 1340 918 1407 juxta
952 1343 1114 1393 modo
1153 1340 1384 1406 positam
1435 1338 1748 1407 imaginem,
1795 1336 1983 1406 glorize

406 1430 451 1480 ei
481 1430 735 1485 cumulus
766 1431 1016 1495 fuerint;
1069 1431 1236 1484 iidem
1286 1430 1462 1484 nihilo
1510 1430 1693 1485 secius
1742 1429 1869 1499 ipsi,
1920 1443 1985 1483 ac

411 1523 605 1586 patria,
654 1522 1063 1577 'illustrioribus
1118 1523 1525 1591 augmentis,ae
1582 1521 1764 1576 omnis
1835 1529 1983 1575 retro

406 1617 539 1660 tetas
570 1608 810 1671 tulisset,
846 1611 1104 1664 omnibus
1127 1610 1328 1677 ubique
1353 1626 1447 1679 per
1476 1611 1626 1663 illum
1648 1611 1983 1665 claruerunt.

409 1698 618 1762 Quibus
667 1699 757 1753 ille
807 1701 1145 1754 ornamentis
1195 1703 1411 1764 claret,
1452 1702 1517 1755 iis
1550 1716 1771 1770 quoque
1808 1701 1984 1769 patria

411 1805 477 1842 ac
509 1798 781 1857 parentes.
827 1789 917 1843 Sic
945 1790 1092 1845 enim
1142 1790 1324 1844 libens
1378 1792 1434 1843 in
1479 1790 1705 1859 Optimis
1758 1789 1981 1844 accidit.

413 1877 624 1932 Rursus
646 1894 796 1941 vero,
832 1880 1116 1935 claretille
1149 1882 1429 1945 omnibus,
1466 1883 1555 1936 sed
1584 1891 1637 1936 et
1694 1882 1893 1951 patria.
1932 1890 1987 1935 et
2022 1863 2062 1917 Β

412 1980 687 2036 parentes.
734 1971 936 2026 Verum
987 1973 1098 2027 sint
1149 1973 1331 2027 omnia
1391 1973 1715 2028 ascribenda
1793 1974 1987 2029 radici.

413 2064 734 2130 Quanquam
765 2064 909 2117 enim
946 2063 1210 2117 illustrior
1240 2078 1459 2132 quoque
1488 2063 1737 2117 redditur
1784 2064 1986 2133 patria,

413 2165 507 2208 aut
562 2164 834 2222 parentes,
899 2165 959 2210 ut
1019 2156 1315 2225 ingenuum
1373 2156 1502 2224 quid
1553 2157 1991 2226 praeclarumque

411 2248 680 2302 ediderint
710 2263 726 2301 :
757 2248 899 2318 quod
928 2259 1105 2304 tamen
1136 2250 1203 2302 ab
1220 2249 1300 2305 eis
1322 2250 1651 2319 productum
1685 2259 1789 2317 est,
1814 2251 1879 2303 ad
1898 2264 1993 2305 eos

413 2340 916 2405 recurrit,adomo
940 2342 993 2395 in
1052 2341 1278 2399 domum
1337 2342 1487 2397 velut
1550 2342 1788 2406 circulo,
1846 2341 1991 2411 quod

412 2432 590 2485 aiunt.
629 2428 754 2486 Haec
776 2433 1062 2488 hactenus.

485 2698 724 2753 Patriam
747 2697 964 2765 quidem
1009 2697 1196 2751 urbem
1218 2694 1423 2765 regiam
1446 2694 1662 2758 habuit,
1695 2707 1758 2749 ac
1774 2694 1993 2749 urbium

417 2797 671 2844 matrem.
693 2788 821 2856 Ejus
843 2802 905 2841 ea
922 2786 1231 2852 celebritas,
1251 2796 1313 2843 ut
1339 2787 1440 2841 sibi
1467 2787 1581 2854 ipsa
1616 2786 1686 2839 sit
1715 2787 1875 2849 satis,
1898 2800 2000 2839 nec

420 2879 625 2935 nostris
654 2879 721 2932 ad
746 2877 970 2946 gloriam
1000 2876 1253 2931 laudibus
1278 2886 1454 2946 egeat.
1485 2874 1661 2930 Tanto
1703 2877 1850 2930 enim
1901 2891 2001 2929 ur-

422 2969 583 3026 bilius
609 2970 887 3037 omnibus,
922 2969 969 3025 si
1000 2983 1121 3039 quae
1151 2968 1353 3024 habent
1378 2968 1827 3032 admirationem,
1849 2978 2001 3022 ante-

425 3063 618 3128 fertur,
647 3078 710 3118 ae
742 3073 988 3133 praestat,
1022 3062 1283 3131 omnique
1308 3060 1579 3115 bonorum
1610 3060 1835 3115 cumulo
1858 3062 1998 3117 citra

427 3156 899 3224 comparationem
929 3165 1172 3223 superat,
1197 3161 1407 3223 quanto
1437 3152 1602 3208 etiam
1630 3153 1832 3206 finibus
1877 3152 1999 3206 uui-

424 3239 619 3314 veisis,
650 3248 1013 3317 gentibusque
1040 3261 1105 3302 ac
1134 3246 1356 3316 regibus
1375 3254 1555 3307 terrae,
1574 3246 1859 3300 dominata
1876 3254 1961 3300 est
1981 3287 1997 3308 ,

426 3358 536 3396 non
565 3350 772 3396 tantum
797 3341 1070 3395 exercitus
1097 3339 1492 3394 numerositate
1523 3354 1585 3394 ac
1611 3338 1780 3399 ferro,
1824 3353 2001 3407 quan-

428 3445 543 3486 tum
571 3434 771 3488 virtute
801 3447 865 3485 ae
885 3431 1098 3487 ratione
1155 3432 1485 3501 praepollens
1517 3447 1534 3497 ;
1561 3431 1818 3502 quodque
1858 3432 2003 3485 Conv

428 3521 674 3578 stantino
717 3521 1004 3592 glorietur,
1067 3536 1228 3575 manu
1276 3528 1496 3576 tenente
1543 3529 1780 3589 sceptra,
1813 3520 2004 3575 eodem

431 3629 641 3676 revera,
665 3628 789 3667 cum
811 3613 1165 3682 imperatore,
1191 3619 1304 3666 tum
1329 3611 1490 3676 duce,
1510 3612 1892 3677 universisque
1910 3609 2009 3663 bo,

430 3720 625 3760 norum
659 3704 883 3760 custode
916 3703 1212 3773 ;q’uodque
1247 3703 1424 3774 majus
1453 3702 1709 3757 omnibus
1740 3711 1847 3766 est,
1892 3701 2007 3756 Deo

431 3797 628 3850 eximie
657 3809 805 3859 caro,
829 3808 953 3849 cum
974 3796 1203 3850 sincerae
1223 3794 1441 3864 pietatis
1470 3809 1620 3863 ergo.
1646 3801 1761 3848 tum
1787 3802 2009 3861 propter

432 3888 647 3943 virtutis
680 3887 848 3943 totius
876 3889 1181 3944 cumulum.
1213 3886 1261 3943 Is
1293 3888 1483 3957 utique
1536 3886 1691 3942 urbis
1732 3886 2008 3949 conditor,

433 3996 535 4036 nec
563 3980 665 4036 nisi
717 3981 905 4034 divino
955 3992 1086 4035 nutu
1133 3996 1197 4035 ac
1243 3979 1782 4050 impulsione;quod
1830 3978 2006 4045 ipsum

435 4072 648 4127 abunde
677 4075 766 4140 sit,
792 4084 1180 4150 sexcentorum
1213 4076 1595 4130 encomiorum
1623 4070 1765 4134 lncd,
1786 4088 2013 4128 sexcen-

438 4177 615 4218 tarum
639 4164 755 4219 vice
781 4167 1181 4230 laudationum,
1209 4163 1419 4235 quibus
1439 4167 1788 4221 innumeram
1818 4180 2013 4233 quam-

434 4257 559 4308 dam
591 4256 948 4311 ostendamus
978 4258 1214 4312 civitatis
1245 4259 1524 4312 virtutem.
1559 4244 1661 4311 Ubi
1692 4257 1839 4311 enim
1891 4256 2013 4311 talis

436 4355 521 4403 est
544 4348 811 4410 conditor,
843 4350 1168 4418 etelitusque
1198 4349 1382 4403 animo
1427 4349 1725 4403 condendze
1769 4336 2011 4403 studium

438 4440 747 4494 immissum
773 4439 876 4493 fuit
907 4458 920 4493 :
953 4442 1151 4511 quippe
1181 4442 1395 4497 exstitit
1423 4443 1504 4496 vir
1533 4441 1643 4496 Deo
1682 4439 1913 4506 adlatus,
1949 4455 2014 4493 ac

2089 618 2148 654 τε
2181 603 2278 653 καὶ
2321 596 2669 666 λαμπηδόνα.
2722 593 2924 656 Καθὼς
2956 593 3066 664 ἄρα
3117 589 3293 657 εἷπον,
3344 590 3418 669 ᾡς
3444 592 3471 644 δ
3502 591 3655 659 νόμος

2089 691 2316 759 ἀγαθὸς,
2354 689 2589 743 ἐνταῦθα
2636 687 2703 740 δι’
2745 686 2905 739 αὑτὸν
2952 687 3055 739 οὐκ
3087 686 3409 753 ἀναγκαῖος.
3452 683 3527 739 Οὐ
3558 686 3656 751 μὴν

2090 782 2221 835 ἀλλὰ
2259 781 2353 833 καὶ
2381 782 2407 832 ὁ
2434 780 2559 840 τοὺς
2595 777 2856 839 ὲπαίνους
2900 776 3193 847 δεχόμενος
3226 774 3357 844 παρ’
3383 773 3537 843 ἡμῶν
3560 775 3660 843 ἤδη

2092 874 2155 925 ἐκ
2187 872 2287 944 τῆς
2319 869 2632 939 προσούσης
2657 867 2856 938 ἀρετῆς
2890 868 2984 919 καὶ
3016 866 3123 917 τῶν
3140 864 3287 917 ίδίων
3306 865 3658 932 κατορθωμά-

2089 976 2198 1012 των
2245 959 2453 1026 μᾶλλον
2484 954 2865 1026 λαμπρύνεται
2913 954 2946 1025 ἢ
2978 953 3077 1023 τῆς
3114 953 3397 1023 πατρίδος,
3433 953 3526 1004 καὶ
3552 952 3656 1003 τῶν

2091 1050 2532 1120 φυσάντων,.καὶ
2579 1048 2678 1112 τῆς
2728 1048 2943 1100 ἐκεῖθεν
2977 1049 3116 1115 ἄγαν
3159 1044 3564 1115 λαμπρότητος.
3603 1040 3658 1096 ΕΞ

2089 1145 2146 1196 δὲ
2179 1144 2271 1196 καὶ
2292 1142 2453 1211 αὕτη,
2488 1143 2584 1195 καὶ
2609 1133 2662 1192 bl
2695 1120 2897 1207 γονεῖς,
2932 1139 3213 1211 γνώριμον
3246 1138 3379 1191 ὄντα
3404 1137 3498 1209 καὶ
3520 1136 3656 1204 λαμ-

2092 1234 2228 1304 πρὸν
2259 1237 2323 1287 ὲκ
2358 1234 2464 1286 τῶν
2516 1234 2642 1286 καθ’
2679 1231 2867 1295 αύτδν,
2919 1230 3346 1300 γνωριμώτερον
3378 1228 3468 1281 τὸν
3499 1228 3659 1295 ἄνδρα

2091 1328 2255 1378 πᾶσιν
2284 1325 2572 1395 ἀπέφηναν
2594 1326 2660 1394 τῇ
2682 1322 2811 1394 παρ’
2839 1324 3050 1375 ἑαυτῶν
3081 1323 3276 1391 ἀρετῇ.
3306 1321 3401 1373 καὶ
3431 1318 3662 1388 προσθή-

2091 1436 2161 1488 κη
2188 1417 2365 1488 τούτῳ
2421 1416 2578 1487 δόξης
2634 1418 2887 1485 ἐγένοντο
2940 1415 3083 1468 κατὰ
3128 1414 3227 1482 τὴν
3268 1414 3370 1481 ἤδη
3414 1411 3663 1482 ῥηθεῖσαν

2086 1514 2226 1582 ἡμῖν
2252 1510 2441 1565 εικόνι.
2465 1527 2480 1543 ο
2514 1510 2649 1566 ἀλλὰ
2681 1510 2776 1563 καὶ
2801 1503 2949 1564 οὗτοι
2975 1509 3071 1562 καὶ
3098 1508 3131 1575 ἡ
3163 1500 3367 1575 πατρὶς
3396 1503 3575 1569 πολλῷ
3607 1518 3665 1568 γε

2095 1590 2297 1672 μᾶλλον
2336 1603 2697 1674 γνωρίζονται
2741 1602 2815 1655 δι’
2847 1601 3011 1654 αὐτὸν
3057 1601 3168 1661 τοῖς
3206 1596 3527 1666 ἁπανταχοῦ
3566 1595 3664 1662 γῆς

2092 1696 2400 1769 ἀνθρώποις
2429 1695 2460 1764 ἢ
2492 1697 2584 1749 τὸν
2622 1695 2728 1763 πρὸ
2775 1694 2868 1746 τοῦ
2897 1693 3075 1747 πάντα
3108 1692 3330 1762 χρόνον.
3361 1690 3561 1749 ’Όσοις
3575 1687 3667 1754 μὲν

2092 1786 2199 1856 γὰρ
2231 1790 2455 1849 ἐκεῖνος,
2502 1787 2597 1839 καὶ
2624 1789 2655 1856 ἠ
2694 1787 2914 1855 πατρὶς,
2947 1785 3042 1836 καὶ
3092 1785 3140 1836 οἱ
3173 1782 3445 1851 φύσαντες
3471 1794 3485 1808 ⁸
3529 1776 3665 1831 οὕτω

2088 1879 2198 1949 γὰρ
2226 1880 2321 1931 ἐπὶ
2358 1879 2467 1931 τῶν
2491 1879 2731 1947 ἀρίστων
2767 1876 2913 1945 φιλεῖ
2945 1873 3271 1945 συμϐαίνειν
3292 1889 3306 1904 ο
3356 1873 3494 1925 πᾶσι
3536 1870 3577 1921 δ’
3600 1865 3663 1922 αὖ

2089 1971 2295 2032 ἐκεῖνος
2314 1985 2328 2001 ’
2362 1969 2459 2022 καλ⁵
2480 1968 2543 2038 δὴ
2566 1971 2659 2020 καὶ
2684 1970 2717 2037 ἡ
2750 1968 2969 2036 πατρὶς,
2999 1966 3096 2020 καὶ
3126 1967 3174 2018 οί
3203 1965 3497 2033 φύσαντες.
3527 1962 3667 2033 Πλὴν

2089 2063 2158 2115 τὰ
2187 2045 2361 2115 πάντα
2389 2060 2666 2128 λογιστέον
2696 2063 2761 2129 τῇ
2797 2059 2942 2131 ῥίζῃ.
2975 2059 3037 2110 Εἰ
3064 2056 3171 2126 γάρ
3194 2057 3262 2127 δὴ
3294 2058 3391 2110 καὶ
3422 2055 3665 2125 λαμπροσ

2089 2153 2224 2223 τέρα
2258 2152 2584 2207 καθίσταται
2606 2169 2690 2214 τις
2718 2152 2923 2222 πατρὶς
2945 2152 2976 2222 ἥ
3002 2154 3242 2220 πατέρες
3270 2151 3517 2218 γενναῖόν
3541 2148 3670 2215 ἁγα-

2091 2246 2303 2314 γόντες,
2340 2243 2476 2297 ἀλλὰ
2516 2245 2611 2297 καὶ
2666 2242 2826 2295 τοῦτο
2862 2243 2991 2308 παρ’
3033 2242 3218 2297 αὐτῶν
3279 2239 3498 2307 ἐξελθὸν
3522 2279 3538 2299 ,
3597 2240 3671 2300 είς

2092 2336 2289 2398 αὐτοὺς
2334 2335 2662 2405 ἀνατρέχει,
2696 2333 2904 2394 οἶκαδε,
2955 2333 3149 2403 φασιν,
3178 2331 3374 2402 ὥσπερ
3410 2333 3469 2385 ὲν
3497 2328 3670 2396 κύκλῳ

2096 2425 2313 2493 βαδίζον
2336 2442 2350 2456 ο
2387 2424 2623 2478 τοσαῦτά
2666 2440 2730 2491 γε
2762 2426 2896 2492 ἡμῖν
2931 2423 3063 2493 περὶ
3091 2423 3302 2476 τούτων
3325 2437 3340 2453 ⁸
3404 2422 3489 2474 ἵνα
3512 2420 3568 2472 δὲ
3601 2417 3674 2487 μὴ

2092 2518 2335 2586 δόξωμεν
2365 2516 2612 2570 ἀπειθεῖν
2643 2514 2720 2585 τῷ
2749 2515 2923 2584 νόμῳ,
2968 2504 3447 2585 ἀφοσιωσάμενοι,
3473 2510 3672 2582 ταχέως

2096 2610 2459 2678 ἀλλαξόμεθα.

2172 2704 2376 2772 Πατρὶς
2406 2703 2506 2772 μὲν
2531 2702 2682 2772 αύτῷ
2715 2704 2746 2773 η
2772 2701 3139 2773 βασιλεύουσα
3167 2703 3324 2765 πόλις
3358 2718 3420 2754 τε
3450 2702 3544 2754 καὶ
3576 2714 3671 2768 μη-

2098 2796 2383 2866 τρόπολις·
2412 2796 2535 2866 ἣτις
2563 2797 2849 2864 αύταρκὴς
2888 2797 3080 2865 ἑαυτῇ,
3141 2796 3239 2847 καὶ
3300 2795 3364 2847 ού
3395 2791 3567 2846 δεῖταί
3613 2806 3672 2856 γε

2099 2889 2209 2940 τῶν
2235 2887 2367 2956 παρ’
2400 2888 2561 2957 ἡμῶν
2596 2887 2837 2940 ἐπαίνων
2863 2889 2945 2949 είς
2978 2885 3251 2948 εὐδοξίαν.
3289 2883 3544 2951 Τοσούτῳ
3574 2882 3672 2950 γάρ

2101 2980 2339 3034 καλλίων
2371 2979 2490 3033 ἐστὶ
2521 2979 2631 3033 τῶν
2678 2977 3121 3049 θαυμαζομένων
3155 2977 3374 3030 πόλεων
3430 2972 3671 3033 ἀπασῶν.

2103 3072 2200 3124 καὶ
2252 3069 2485 3140 προῦχει
2542 3070 2773 3136 τούτων,
2838 3072 2934 3123 καὶ
2991 3068 3347 3141 ὑπερϐέϐηκε
3390 3068 3524 3140 πρὸς
3573 3065 3673 3118 πᾶν

2026 3194 2071 3252 C
2102 3162 2437 3229 ἀσύγκριτον
2464 3162 2693 3229 ἀγαθὸν,
2725 3164 2836 3231 ὅσῳ
2864 3163 2960 3213 καὶ
2990 3159 3283 3231 τερμάτων
3343 3155 3515 3229 ἦρχεν
3556 3155 3672 3221 ἑξῆς

2107 3255 2386 3315 ἁπάντων.
2419 3256 2518 3307 καὶ
2563 3254 2761 3318 ἐθνῶν,
2805 3255 2904 3307 καὶ
2946 3252 3218 3322 βασιλέων
3271 3253 3387 3305 τῶν
3437 3248 3530 3303 ἐπὶ
3560 3250 3675 3314 γῆς,

2105 3350 2166 3401 ού
2196 3346 2455 3401 τοσοῦτόν
2492 3362 2557 3414 γε
2585 3346 2915 3416 πολυχειρίᾳ
2941 3344 3037 3397 καὶ
3060 3345 3269 3414 σιδήρῳ
3303 3342 3532 3406 νικῶσα,
3560 3340 3675 3392 ὅσον

2106 3439 2276 3510 ἀρετῇ
2309 3438 2407 3488 καὶ
2437 3435 2605 3504 λόγῳ,
2661 3435 2757 3488 καὶ
2807 3434 2884 3501 τῷ
2921 3434 3343 3487 Κωνσταντίνον
3396 3427 3534 3484 εἶναι
3591 3427 3675 3478 τὸν

2107 3530 2227 3580 ταῖν
2252 3512 2436 3597 χεροῖν
2464 3527 2534 3578 τὰ
2567 3526 2826 3594 σκῆπτρα
2854 3525 3182 3593 κατέχοντα,
3216 3523 3451 3592 βασιλέα
3473 3522 3562 3574 τὸν
3585 3519 3676 3570 αὐ-

2107 3620 2200 3673 τὸν
2233 3620 2308 3681 ὡς
2344 3617 2565 3688 άληθῶς
2597 3616 2749 3683 ὄντα,
2788 3617 2884 3669 καὶ
2932 3615 3270 3684 στρατηγὸν,
3334 3615 3431 3668 καὶ
3483 3611 3678 3676 ταμίαν

2109 3712 2219 3765 τῶν
2247 3710 2470 3775 ἀγαθῶν
2501 3690 2676 3764 άπασι
2707 3726 2722 3741 ο
2769 3709 2865 3762 καὶ
2896 3710 2957 3761 τὸ
2988 3709 3209 3762 πάντων
3247 3708 3561 3767 κάλλιστον,
3606 3698 3678 3767 τῷ

2110 3804 2231 3874 Θεῷ
2306 3803 2685 3874 διαφερόντως
2760 3800 3178 3888 πεφιλημένον,
3240 3803 3342 3854 καὶ
3406 3794 3678 3888 εὐσεϐείας

2113 3896 2478 3966 ἀκραιφνοῦς,
2511 3896 2609 3949 καὶ
2641 3895 2846 3964 ἀρετῆς
2872 3887 3040 3946 ἕνεκα
3074 3892 3258 3961 πάσης
3281 3911 3296 3924 ·
3335 3894 3399 3955 ὃς
3428 3907 3499 3958 γε
3525 3887 3681 3954 δομήο
3712 3895 3721 3903 ’

2111 4008 2226 4060 τωρ
2243 3989 2449 4059 ταύτης
2473 3988 2715 4055 ἐγένετο,
2752 3988 2855 4039 οὐκ
2882 3985 3010 4038 ἄνευ
3066 3984 3218 4047 θείας
3281 3987 3548 4055 κινήσεως
3592 3980 3681 4032 καὶ

2116 4084 2317 4151 ροπῆς⁶
2343 4082 2441 4134 καὶ
2466 4079 2615 4132 τοῦθ’
2648 4082 2776 4151 ἡμῖν
2805 4077 3032 4147 ἐξαρκεῖ
3067 4079 3188 4131 ἀντὶ
3224 4077 3438 4148 μυρίων
3471 4074 3568 4143 μὲν
3594 4073 3681 4137 ἐγ·
3731 4077 3735 4081 ’

2116 4175 2365 4243 κωμίων,
2404 4174 2616 4242 μυρίων
2674 4172 2734 4223 δὲ
2766 4172 3026 4234 ἐπαίνων,
3085 4172 3288 4240 μυρίαν
3320 4168 3519 4240 ἀρετὴν
3549 4166 3680 4218 ἀπο-

2115 4265 2440 4319 δεικνύντων
2481 4265 2582 4334 τὴν
2616 4264 2775 4315 πόλιν
2802 4263 3060 4333 ἔχουσαν.
3093 4263 3273 4315 Ὅπου
3314 4263 3422 4331 γὰρ
3448 4257 3682 4314 τοιοῦτος

2121 4356 2219 4425 μὲν
2241 4357 2269 4409 ὁ
2296 4356 2647 4425 δειμάμενος,
2686 4357 2719 4423 ἡ
2751 4356 2808 4408 δὲ
2837 4356 2986 4425 ὁρμὴ
3011 4355 3110 4423 τῆς
3149 4353 3471 4422 οἰκοδομίας
3506 4346 3684 4401 θεόθεν

2120 4445 2288 4499 αὑτοῦ
2340 4448 2410 4516 τῇ
2454 4446 2601 4517 ψυχῇ
2650 4446 2846 4515 γέγονε
2870 4464 2885 4479 ·
2916 4446 3218 4514 θεόληπτος
3249 4444 3360 4514 γάρ
3404 4440 3563 4510 ἀνὴρ,
3596 4434 3685 4489 καὶ

437 4532 524 4585 cui
557 4532 739 4587 omnia
758 4546 881 4585 eum
907 4532 1012 4587 Deo
1032 4541 1353 4603 gererentur
1380 4549 1393 4599 ;
1421 4533 1755 4602 superfluum
1800 4532 2002 4601 liquide

2118 4536 2295 4589 πάντα
2318 4536 2497 4605 τούτῳ
2548 4537 2647 4588 σὺν
2678 4537 2800 4606 Θεῷ
2832 4536 3196 4604 διεπράττετο
3222 4550 3236 4566 ’
3293 4534 3584 4603 περίεργον
3621 4526 3683 4577 ἂν

440 4622 533 4685 sit,
563 4631 624 4676 ut
652 4622 755 4676 alia
790 4621 914 4692 quis
943 4623 1155 4678 ratione
1182 4623 1403 4678 studeat
1430 4624 1622 4676 urbem
1654 4621 1899 4685 laudare,
1937 4630 2018 4675 ta-

442 4714 600 4769 metsi
647 4714 736 4769 illa
783 4715 1069 4769 innumera
1109 4716 1332 4769 laudum
1380 4721 1701 4783 argumenta
1748 4713 2013 4783 suggerit.

512 4903 767 4959 Parentes
793 4913 994 4969 autem,
1027 4919 1090 4957 ac
1116 4904 1411 4973 majorum,
1442 4918 1549 4974 qua
1596 4919 1771 4973 genus
1829 4905 2015 4969 traxit,
2082 4913 2087 4919 '

442 5004 711 5062 catenam,
734 4996 875 5051 haud
891 5011 987 5065 per
1005 5004 1218 5063 tempus
1234 4996 1392 5050 facile
1424 4996 1627 5066 possim
1650 5012 1973 5066 percensere
2004 5013 2018 5062 ;

444 5102 543 5139 nec
557 5101 684 5141 vero
713 5087 929 5140 illorum
954 5096 1176 5155 tropica.
1197 5102 1390 5155 resque
1405 5102 1520 5148 eas,
1541 5088 1740 5156 quibus
1763 5090 1861 5154 illi,
1881 5089 2023 5143 auti-

443 5176 568 5245 qnis
597 5175 856 5243 praeclare
878 5183 1051 5244 gesta,
1079 5189 1181 5228 suo
1210 5174 1501 5244 splendore
1523 5176 1843 5231 obscurant.
1879 5176 2023 5231 Sane

445 5274 507 5320 ut
538 5265 661 5333 quis
690 5265 791 5318 hoc
823 5267 1612 5335 persequatttr,.impossibilia
1652 5277 1848 5321 tentat.
1887 5269 2020 5323 Mihi

445 5369 577 5408 vero
609 5356 742 5409 satis
776 5353 1040 5411 hactenus
1076 5350 1539 5409 videturdictuin.
1590 5354 1699 5408 Viri
1750 5358 1935 5427 itaque
1966 5358 2019 5411 in

446 5446 624 5500 laudis
652 5456 1029 5513 argumentum
1060 5447 1215 5500 nobis
1236 5450 1497 5516 propositi
1519 5458 1776 5517 parentes
1807 5451 2019 5517 avique,

448 5537 591 5591 haud
619 5538 770 5600 ullis,
806 5537 849 5590 si
886 5539 976 5603 qui
1009 5539 1120 5591 ullo
1150 5553 1390 5606 unquam
1419 5555 1536 5593 t7th)
1564 5540 1780 5593 laudem
1816 5543 2023 5594 habue-

446 5636 595 5689 runt,
623 5628 880 5682 deteriori
910 5629 1027 5683 loco
1060 5629 1227 5698 ;quin
1253 5623 1315 5684 et
1365 5632 1585 5698 potiori,
1642 5632 2023 5685 universorum

451 5717 712 5786 suffragio
743 5719 975 5773 habendi
1000 5721 1287 5773 videantur
1340 5739 1353 5775 :
1400 5723 1493 5791 qui
1528 5723 2024 5790 nimirumantiqua

466 5809 814 5864 successione
846 5812 1073 5880 Augusﬁ
1110 5814 1175 5866 ab
1208 5814 1470 5883 Augustis
1501 5814 1742 5883 optimis,
1772 5814 2027 5867 continua

2116 4630 2201 4698 εἴη
2225 4628 2683 4697 σαφῶς,κοσμεῖν
2716 4629 3016 4697 πειρᾶσθαι
3046 4628 3147 4698 τὴν
3177 4628 3333 4681 πόλιν
3365 4626 3534 4695 ἑτέρῳ
3561 4619 3687 4686 τρό-

2118 4739 2228 4791 πῳ,
2255 4724 2302 4774 εἰ
2334 4722 2433 4775 καὶ
2463 4725 2701 4792 παρέχει
2731 4721 2936 4792 μυρίας
2966 4720 3066 4783 τὰς
3095 4718 3356 4790 ἀφορμάς
3399 4717 3509 4769 τῶν
3531 4709 3682 4766 ἔπαιε

2116 4830 2244 4866 νων.
2518 4822 2521 4825 ’

2188 4903 2388 4965 Γονέας
2414 4903 2458 4955 δ’
2499 4901 2590 4964 αὖ.
2625 4903 2718 4955 καὶ
2742 4904 2841 4972 τὴν
2866 4903 3053 4971 σειρὰν
3089 4901 3215 4956 ὅθεν
3248 4903 3310 4954 τὸ
3338 4900 3492 4969 γένος
3520 4891 3682 4959 αὐτῷ.

2121 4996 2224 5048 οὑκ
2263 4995 2334 5048 ἂν
2373 4995 2475 5047 σὺν
2521 4993 2601 5065 τῷ
2636 4995 2817 5065 καιρῷ
2873 4995 3284 5064 καταλέγοιμι’
3326 4994 3522 5048 οὔκουν
3574 4985 3687 5039 οὐδὲ

2120 5087 2361 5157 τροπαῖα
2398 5085 2669 5140 τάκείνων
2710 5087 2807 5138 καὶ
2855 5082 3295 5156 κατορθώματα,
3341 5077 3686 5154 ἀμαυροῦντα

2122 5179 2188 5232 τά
2221 5178 2331 5230 τῶν
2358 5178 2529 5231 πάλαι
2560 5180 2626 5247 τῇ
2661 5177 2795 5249 παρ’
2822 5179 3036 5231 ἑαυτῶν
3083 5179 3366 5248 ἀστραπῇ.
3419 5167 3538 5226 Εἶεν
3586 5164 3688 5234 γὰρ

2124 5270 2192 5323 ἂν
2248 5270 2563 5336 άνεφίκτοις
2618 5270 3032 5339 ἐπιχειροῦντες
3098 5270 3149 5321 οἱ
3177 5269 3336 5323 τοῦτο
3387 5263 3685 5318 διώκοντες.

2126 5363 2279 5414 Δςκῶ
2307 5361 2363 5413 δέ
2397 5379 2487 5429 μοι
2521 5361 2715 5430 ἀρκεῖν
2743 5360 3007 5415 τοσοῦτον
3044 5364 3242 5415 εἰπεῖν.
3274 5361 3337 5414 Οἱ
3369 5356 3548 5409 τοίνυν
3597 5345 3683 5398 εὗ-

2128 5451 2312 5520 φημού
2323 5469 2485 5519 μενον
2514 5452 2786 5519 φύσαντες
2816 5452 3067 5521 οὐδαμῶς
3122 5469 3226 5505 που
3294 5451 3510 5505 πάντως
3544 5435 3688 5490 ἐλάτ-

2127 5559 2291 5604 τουςο
2328 5541 2534 5611 μᾶλλον
2569 5544 2668 5612 μὲν
2700 5538 2797 5596 οὖν
2840 5545 2936 5596 καὶ
2962 5543 3226 5613 ἀμείνους
3271 5543 3429 5611 φαῖεν
3459 5534 3524 5588 ἂν
3563 5524 3687 5579 πάν-

2129 5649 2241 5695 τες,
2267 5627 2448 5700 οἶμαι,
2479 5634 2587 5686 τῶν
2608 5633 2696 5687 διὰ
2722 5634 2924 5697 παντὸς
2954 5635 3319 5704 ὑμνουμένων
3349 5628 3442 5684 τοῦ
3484 5620 3683 5704 χρόνουξ

2130 5723 2339 5776 ἄνωθεν
2379 5724 2481 5790 μὲν
2518 5712 2782 5793 βασιλεῖς,
2816 5727 2879 5778 ὲκ
2911 5702 3181 5794 βασιλέων
3220 5725 3463 5795 ἀρίστων
3487 5702 3688 5802 συνελεὶτ

2137 5817 2355 5885 διαδοχῇ
2386 5818 2669 5878 κατιόντες
2693 5835 2706 5849 ·
2744 5818 2966 5886 κόσμιοι
3000 5817 3062 5870 δὲ·
3084 5817 3177 5868 καὶ
3221 5809 3491 5885 λαμπροὶ,
3521 5801 3577 5854 οὐ
3603 5806 3681 5847 ⁸⁵³
