3950 6462
231 457 333 523 189

1020 464 1429 527 THEODORI
1468 464 1837 528 DESPOTJE
1886 464 2277 527 LAUDATIO
2320 468 2713 530 FUNEBRIS

3411 467 3514 535 1‘30

227 579 288 633 τὸ
318 577 515 648 σχῆμα
549 578 774 648 μᾶλλον,
805 578 838 649 ἢ
874 580 953 651 τῷ
985 580 1130 652 λόγῳ
1155 581 1256 652 ζῇν
1312 581 1547 643 ἐθέλειν,
1581 581 1678 633 καὶ
1707 578 1812 646 τὴν

1938 578 2307 635 Iescenderint
2338 581 2502 647 serie,
2535 582 2861 653 honestique
2884 598 2948 638 ac
2994 582 3127 639 clari
3166 583 3510 652 exstiterint,

230 673 517 745 βασιλείαν
548 673 776 740 ἰθύνειν,
816 675 913 729 καὶ
940 677 1119 729 ποιεῖν
1148 676 1211 730 εῦ
1269 676 1372 745 τὴν
1407 675 1666 747 πατρίδα,
1718 674 1814 727 καὶ

228 763 339 818 τῶν
372 766 768 837 χρηστοτέρων
791 767 1014 821 πάντων
1047 769 1350 838 πρυτάνεις
1397 762 1541 821 εἴναι
1572 770 1687 832 τοῖς
1708 767 1813 820 ὑπὸ

229 858 414 927 χεῖρα.
442 858 509 910 Εἰ
535 860 646 929 γὰρ
675 860 777 913 καὶ
808 861 870 914 τὺ
895 864 1083 932 σχῆμα
1115 862 1343 926 τούτους
1361 863 1457 917 καὶ
1487 865 1520 934 ἡ
1553 860 1814 934 πορφύρα

230 948 663 1021 λαμπροτέρους
690 938 1016 1020 ἀπέφαινον,
1048 954 1190 1008 ἀλλὰ
1228 956 1325 1009 καὶ
1374 955 1531 1009 αὐτοί
1568 972 1688 1018 πως
1717 953 1816 1007 αῦ-

236 1039 318 1100 θις
343 1041 653 1110 ἀπέφαινον
683 1045 869 1097 ἐκεῖνα
900 1046 1261 1117 λαμπρότερα
1283 1048 1343 1099 ού
1372 1047 1538 1116 μόνον
1564 1045 1687 1117 ’ὥρᾳ
1702 1044 1810 1098 σὼ-

239 1147 429 1200 ματος,
485 1133 623 1187 ἀλλὰ
678 1137 774 1190 καὶ
828 1136 1011 1207 ψυχῆς
1065 1139 1415 1209 κοσμιότητι.
1484 1139 1815 1210 ᾘσχύνοντο

237 1225 370 1294 γὰρ,
400 1226 453 1278 ει
498 1226 661 1295 μόνον
695 1245 761 1296 γε
814 1233 926 1293 τοῖς
987 1229 1188 1294 ἔξωθεν
1239 1231 1677 1296 καλλωπίζοιντο
1718 1231 1815 1285 καὶ

238 1320 624 1388 προσκαίροις,
655 1321 793 1375 ἀλλὰ
818 1324 913 1375 καὶ
944 1324 1128 1393 πολλῷ
1159 1341 1224 1390 γε
1265 1325 1474 1395 μᾶλλον
1524 1327 1639 1388 τοῖς
1670 1326 1816 1378 οἷκο-

237 1411 331 1463 θεν
353 1403 448 1463 καὶ
489 1412 912 1484 μονιμωτέροις.
950 1413 1064 1486 Τῆς
1120 1412 1215 1470 οῦν
1273 1416 1428 1478 θείας
1464 1417 1689 1489 ἀρετῆς,
1755 1415 1814 1470 εὖ

238 1503 545 1570 ποιοῦντες,
570 1507 736 1576 μηδὲν
762 1509 848 1560 ἀεὶ
895 1512 1302 1580 προτιμῶντες,
1349 1506 1525 1583 ἦρχον
1568 1513 1815 1582 ἐννόμως

236 1596 331 1648 καὶ
393 1596 657 1661 εὐσεϐῶς,
718 1600 974 1668 πατέρων
1018 1602 1224 1670 μᾶλλον
1270 1603 1304 1676 ἦ
1367 1604 1648 1657 δεσποτῶν
1701 1606 1817 1667 τοῖς

238 1689 503 1760 ὑπηκόοις
530 1690 796 1755 σώζοντες
840 1694 1043 1748 τόπονο
1075 1695 1173 1750 καὶ
1219 1697 1670 1767 προκινδυνεύειν
1714 1698 1815 1751 αύ-

236 1782 346 1834 τῶν
370 1782 691 1852 αἱρούμενοι
720 1785 754 1856 ἢ
788 1786 1061 1858 ῥᾳθυμεῖν
1087 1788 1294 1858 ἕτεροι.
1325 1788 1433 1843 Ἐῶ
1464 1790 1521 1853 δὲ
1552 1790 1735 1859 λέγειν
1748 1789 1818 1844 τὰ

240 1877 374 1943 περὶ
400 1875 769 1931 τῶνδεοοούδέ
819 1879 929 1950 γὰρ
966 1881 1334 1951 προκείμενον
1376 1882 1445 1952 ἦν
1496 1885 1647 1953 ἡμῖν,
1690 1883 1818 1947 τοὺς

241 1967 442 2038 ἄνδρας
469 1966 695 2033 τούτους
742 1972 1151 2040 ἐγκωμιάζειν·
1183 1974 1348 2027 αὐτὸν
1397 1974 1458 2028 δέ
1501 1975 1692 2028 τοῦτον
1728 1976 1822 2030 τὸν

243 2059 342 2113 νῦν
366 2061 501 2131 ἡμῖν
534 2063 616 2125 είς
669 2064 951 2134 εὐφημίαν
979 2068 1374 2137 προκείμενον,
1406 2067 1466 2131 ἐξ
1492 2068 1675 2121 αὐτῶν
1710 2066 1823 2120 τῶν

247 2154 467 2219 ἐαυτοῦ,
497 2155 683 2224 ἡλίκος
736 2152 807 2228 ἦν
844 2157 945 2230 τὴν
992 2160 1221 2231 ἀρετὴν,
1284 2160 1628 2215 ἐπιδεικτέον
1687 2162 1822 2231 ἡμῖν

251 2247 421 2299 ἐστιν.
576 2287 593 2291 ρ
1212 2294 1217 2299 ,
1594 2240 1608 2265 ⁵

330 2429 569 2503 Ἐτράφη
633 2433 732 2503 μὲν
767 2432 1092 2502 βασιλικῶς,
1149 2436 1215 2488 ἐκ
1261 2434 1473 2487 παίδων
1503 2432 1561 2486 δέ
1607 2432 1825 2486 ἐδείκνυ

249 2525 351 2595 τὴν
374 2524 637 2593 εὐφυΐαν·
679 2526 884 2594 μᾶλλον
907 2527 989 2591 δέ,
1042 2528 1256 2582 παιδίον
1295 2527 1394 2589 ὢν,
1443 2528 1615 2581 πᾶσιν
1650 2526 1825 2580 ἐδίδου

249 2617 636 2686 μαντεύεσθαι,
658 2619 808 2682 ὅστις
837 2619 905 2673 ἂν
938 2619 1023 2691 εἴη
1086 2618 1332 2689 προῖών’
1376 2619 1453 2682 ὡς
1484 2619 1594 2689 ἄρα
1648 2620 1829 2687 πάντη

248 2708 529 2778 βέλτιστος
553 2709 774 2781 πατρίδι
809 2712 903 2763 καὶ
929 2710 1149 2778 γονεῦσι
1183 2712 1279 2766 καὶ
1309 2711 1510 2781 φίλοις,
1545 2712 1641 2764 καὶ
1690 2709 1829 2771 ὅλως

247 2796 335 2863 οἷς
361 2802 670 2871 συγγένοιτ’
724 2802 792 2856 ἂν
844 2804 941 2857 καὶ
975 2804 1232 2874 μεταδοίη
1265 2805 1366 2872 τῆς
1401 2804 1650 2874 ἐμφύτου
1691 2822 1832 2875 χρη-

248 2896 535 2966 στότητος.
563 2896 670 2949 Καὶ
707 2899 815 2966 μὴν
853 2894 1217 2965 πρδς’πᾶσαν
1272 2897 1515 2967 μάθησιν
1551 2896 1698 2949 οὕτω
1742 2897 1831 2950 δε-

246 2987 381 3054 ξιῶς
419 2983 559 3056 εἶχε,
584 2988 680 3041 καὶ
747 2989 866 3058 μετ’
902 2988 1165 3060 ὀξύτητος
1224 2990 1471 3060 ἔτρεχεν,
1513 2987 1680 3043 ’ὥστε
1725 2992 1825 3045 καὶ

246 3083 350 3143 τὴν
384 3081 697 3151 προθυμίαν
728 3082 840 3135 τῶν
875 3084 1176 3152 σοφιστῶν,
1235 3083 1332 3136 καὶ
1390 3082 1504 3136 τῶν
1549 3084 1834 3155 παιδοτρι-

248 3176 388 3239 ϐῶν,
413 3177 508 3229 καὶ
537 3177 646 3229 τῶν
676 3176 857 3230 ὁτιοῦν
888 3177 1131 3249 χρηστὸν
1162 3178 1511 3248 ἐπιτήδευμα
1542 3177 1833 3232 διδασκόν-

1853 1927 1893 1978 Β

1920 689 2026 743 non
2074 682 2182 727 tam
2219 674 2502 744 dignitatis
2551 677 2906 746 praerogativa
2936 691 3101 747 quam
3126 677 3270 745 quod
3294 677 3460 732 vitam
3481 692 3512 731 e

1921 763 2134 817 ratione
2161 764 2557 845 instituendam
2591 774 2844 821 sanctum
2874 768 3185 832 nabuerint,
3223 768 3509 837 probeque

1921 857 2216 925 regendum
2250 858 2567 927 imperium,
2594 874 2660 914 ac
2684 860 3075 915 demerendam
3104 861 3365 930 patriam,
3410 860 3511 914 bo-

1921 964 2103 1018 naque
2136 950 2321 1005 omnia
2336 951 2573 1007 subditis
2610 951 2984 1008 concilianda.
3016 951 3343 1021 Quanquam
3361 951 3510 1006 enim

1921 1043 2086 1096 etiam
2122 1057 2151 1097 a
2180 1043 2448 1113 dignitate
2471 1060 2534 1100 ac
2562 1060 2806 1115 purpura
2841 1045 3108 1101 clariores
3157 1045 3376 1106 ﬁerent,
3427 1044 3514 1113 ip-

1921 1137 1966 1191 si
1990 1137 2353 1194 nihilominus
2387 1138 2690 1195 claritatem
2726 1139 2969 1197 vicissim
2992 1139 3391 1208 rependebant,
3418 1152 3513 1191 nec

1918 1231 2048 1283 dum
2075 1233 2565 1300 corporisvenusta
2588 1233 2791 1301 specie,
2808 1233 2901 1288 sed
2927 1231 3168 1287 etanimi
3188 1230 3517 1301 cumprimis

1921 1320 2229 1376 honestate.
2251 1320 2305 1376 ld
2327 1322 2527 1393 quippe
2544 1324 2822 1378 ducebant
2851 1323 3058 1393 probro
3072 1335 3127 1376 ιιι
3151 1331 3382 1375 externo
3400 1328 3519 1373 tan-

1922 1422 2035 1468 tum
2073 1428 2137 1469 ac
2169 1423 2523 1484 temporaneo
2562 1424 2757 1470 ornatu
2787 1416 3052 1470 ambitum
3082 1412 3426 1485 praeferrent,
3459 1422 3519 1463 ιιι

1923 1521 2031 1561 non
2068 1508 2253 1576 potius
2279 1509 2398 1563 suis
2438 1509 2541 1579 ipsi
2567 1508 2779 1565 meritis
2800 1524 2865 1564 ac
2884 1508 3111 1564 firmiori
3132 1509 3331 1563 decore
3353 1505 3525 1575 polle-
3592 1536 3597 1544 ι

1921 1608 2063 1661 rent.
2093 1599 2232 1660 Cum
2265 1600 2449 1670 itaque
2475 1600 2646 1671 probo
2682 1615 2772 1656 res
2799 1615 2930 1657 suas
2962 1599 3317 1656 instituentes
3337 1596 3526 1651 consi-
3588 1656 3591 1663 η

1920 1697 2021 1760 lio,
2041 1696 2178 1751 nihil
2209 1694 2409 1750 divinae
2432 1692 2619 1748 virtuti
2642 1691 3156 1763 praehaberentJegi
3169 1690 3298 1744 time
3317 1703 3381 1743 ac
3407 1689 3524 1757 pie,
3587 1685 3592 1689 ’

1920 1798 2108 1861 patres
2159 1787 2359 1858 magis,
2394 1799 2562 1856 quam
2603 1784 2932 1840 dominosin
2973 1777 3225 1838 subditos
3262 1788 3511 1850 agentes,

1921 1890 2327 1956 regnaverunt;
2352 1879 2750 1949 lubentiusqne
2776 1892 2877 1949 pro
2904 1866 2986 1932 eis
3011 1875 3279 1930 adeuntes
3305 1871 3525 1941 pericu-

1927 1979 2001 2043 la,
2027 1992 2190 2047 quam
2216 1975 2337 2031 aliis
2366 1975 2474 2030 otia
2505 1974 2655 2028 adire
2685 1971 2856 2026 moris
2887 1970 2987 2025 sis.
3014 1969 3216 2024 Verum
3251 1975 3521 2037 praetereo

1929 2085 2123 2127 eorum
2163 2084 2274 2125 res.
2304 2067 2419 2124 Nec
2444 2068 2591 2123 enim
2624 2067 2679 2121 id
2709 2065 2871 2121 nobis
2905 2064 3009 2119 fuit
3037 2062 3426 2123 constitutum,
3462 2066 3524 2113 ut

1927 2177 2022 2219 eos
2044 2162 2418 2228 laudaremns,
2448 2161 2543 2215 sed
2568 2168 2627 2215 ut
2650 2159 2837 2230 potius
2884 2157 3066 2212 virum
3098 2156 3260 2210 nobis
3282 2154 3335 2207 in
3356 2167 3513 2222 argn-

1902 2263 2178 2311 .mentum
2237 2253 2418 2309 laudis
2458 2252 2831 2323 propositum,
2878 2264 2943 2304 ex
2995 2249 3171 2319 ipsius
3222 2244 3465 2316 propriis
3501 2282 3520 2309 ,

1930 2354 2137 2417 quanta
2167 2344 2429 2399 enituerit
2458 2343 2665 2399 virtute
2702 2340 3089 2396 ostendamus.

2000 2438 2097 2494 Ille
2126 2437 2377 2507 equidem
2406 2435 2554 2505 regie
2568 2435 2858 2497 educatus,
2892 2435 3063 2488 multa
3083 2446 3299 2502 apuero
3319 2429 3520 2484 indolis

1931 2531 2182 2586 bonitate
2214 2528 2422 2584 effulsit
2450 2545 2464 2582 :
2500 2537 2666 2598 atque
2697 2529 2835 2582 adeo
2867 2525 3067 2597 puerili
3131 2526 3314 2580 adhuc
3366 2529 3526 2577 aetate

1932 2638 2121 2694 agens,
2147 2620 2271 2691 quis
2289 2635 2549 2690 processu
2580 2619 2848 2689 temporis
2864 2633 3132 2674 evasurus
3151 2624 3317 2675 esset,
3334 2615 3521 2669 omni-

1931 2718 2036 2773 bus
2068 2714 2425 2770 ominandum
2460 2712 2695 2783 praebuit
2722 2730 2736 2769 :
2761 2722 2822 2767 ut
2849 2712 3078 2767 omnino
3125 2711 3319 2780 utique
3373 2705 3518 2777 opti-

1934 2824 2081 2874 mus,
2112 2810 2327 2878 patriae,
2360 2806 2704 2878 parentibus,
2739 2805 2955 2871 amicis,
2985 2819 3049 2859 ac
3073 2819 3303 2874 prorsus
3346 2802 3526 2857 omni-

1934 2903 2058 2966 bus,
2088 2903 2415 2973 quibuscum
2441 2911 2587 2955 esset
2611 2910 2959 2963 versaturus,
2979 2912 3044 2953 ac
3060 2911 3199 2969 quos
3217 2895 3407 2950 innata
3431 2894 3524 2949 illa

1933 2996 2182 3049 bonitate
2215 3002 2359 3049 esset
2404 2993 2810 3063 impertiturus.
2845 2989 3020 3047 Tanta
3052 3006 3186 3046 sane
3217 2988 3529 3057 disciplinis

1936 3089 2197 3145 omnibus
2221 3087 2578 3156 capessendis
2611 3086 2896 3141 habilitate
2916 3084 3038 3151 l'nit,
3066 3098 3131 3138 ac
3153 3082 3235 3138 sic
3265 3080 3522 3137 celeriter

1938 3198 2133 3238 omnes
2164 3181 2459 3253 percurrit,
2484 3189 2541 3233 ut
2570 3189 2626 3234 et
2672 3178 3049 3247 sophistarum
3085 3191 3149 3230 ac
3200 3174 3529 3243 ludimagis—

245 3287 381 3333 των,
406 3269 703 3340 ὑπερφυῶς
724 3270 1131 3340 ύπερήλαυνεν.
1166 3269 1338 3325 Ὅθεν
1388 3271 1620 3334 τούτους
1668 3288 1829 3324 συνε-

1939 3285 2241 3340 trorum,ac
2260 3272 2303 3328 si
2316 3273 2407 3342 qui
2422 3274 2712 3327 honestum
2726 3267 2929 3339 aliquid
2945 3267 3159 3322 docturi
3177 3263 3529 3328 videbantur,

248 3363 367 3433 χῶς
400 3361 725 3431 διαμεὶὁων,
758 3360 938 3433 ἐξῄτει
970 3363 1063 3417 τὸν
1086 3362 1376 3429 διδάξοντα
1402 3382 1457 3418 τι
1491 3365 1834 3433 καινότερον,

248 3455 326 3518 ὡς
365 3453 567 3506 αὐτίκα
596 3454 706 3507 πᾶν
733 3452 1059 3519 λαμσάνων,
1104 3455 1245 3524 ὅπερ
1272 3454 1338 3509 ἂν
1395 3446 1546 3525 εἶχον
1605 3456 1832 3513 διδόναι.

250 3549 367 3602 Καὶ
409 3542 481 3618 ἦν
507 3547 606 3609 τὰς
638 3546 857 3619 ἡλικίας
908 3546 1098 3617 σαφῶς
1133 3548 1399 3618 ἐλέγχων,
1458 3548 1594 3620 ὓλην
1636 3552 1698 3604 ού
1747 3552 1838 3606 τὸν

250 3638 447 3710 χρόνον
487 3640 671 3711 μόνον,
721 3639 863 3693 ἀλλὰ
907 3642 1004 3694 καὶ
1063 3640 1162 3712 τὴν
1221 3641 1388 3711 φύσιν
1437 3643 1706 3712 ἐχούσαςο
1740 3644 1838 3697 καὶ

246 3733 414 3802 τήνδε
476 3733 678 3804 μᾶλλον
709 3734 854 3804 ἥπερ
915 3734 1352 3799 ἐκεῖνον.Ὧσθ’,
1416 3736 1557 3806 ὅπερ
1591 3753 1676 3799 τις
1726 3736 1838 3789 τῶν

252 3825 498 3897 ποιητῶν
531 3824 759 3892 ἐδίδαξε,
796 3828 865 3898 τῇ
922 3827 1141 3898 γλώττῃ
1187 3826 1478 3898 ἄνθρωπον
1538 3828 1835 3899 ἀνθρώπου

248 3921 538 3991 διαφέρειν
593 3900 871 3986 τοσοῦτον,
929 3923 1058 3975 ὅσον
1121 3924 1273 3977 ἀετοὶ
1329 3923 1610 3993 κοράκων,
1676 3922 1838 3985 αὐτὸς

252 4010 403 4081 ἔργῳ
431 4009 622 4077 ἔδειξε,
663 4012 743 4082 τῷ
788 4008 1061 4080 πεφυκότι
1122 4013 1252 4075 τοὺς
1303 3997 1605 4082 ἡλικιώτας
1661 4029 1837 4081 παρε-

251 4099 494 4170 νεγκὼν,
540 4102 664 4155 ὅσον
693 4100 807 4155 οὐδ’
837 4100 1008 4155 ἐδίδου
1030 4100 1265 4168 τούτοις,
1294 4102 1502 4167 ἐρίζειν
1559 4101 1698 4172 πρὸς
1736 4103 1838 4155 αύ-

253 4195 347 4247 τδν
383 4192 823 4264 ἁμιλλωμένους.
847 4194 989 4256 Παῖς
1025 4195 1136 4265 γὰρ
1181 4192 1259 4247 ὣν
1305 4194 1410 4261 ἐτι,
1446 4194 1521 4249 ,τὰ
1575 4194 1688 4247 τῶν
1720 4210 1840 4263 μει-

257 4282 471 4355 ρακίων
499 4283 758 4354 ἐξήσκειο
794 4285 889 4337 καὶ
927 4279 997 4338 αὖ
1054 4285 1114 4338 ἐν
1177 4286 1354 4339 τοῖσδε
1388 4286 1458 4339 τὰ
1507 4286 1837 4352 νεανίσκων,

255 4379 351 4430 καὶ
374 4375 447 4429 τὰ
471 4375 583 4427 τῶν
611 4364 846 4446 ἀνδρῶν,
872 4374 1060 4429 καὶτὰ
1096 4377 1519 4448 πρεσϐυτέρων,
1568 4380 1668 4431 καὶ
1699 4379 1839 4442 ὅλως

257 4469 329 4521 τὰ
351 4468 455 4538 τῆς
476 4469 787 4538 κρείττονος
837 4468 1059 4537 ἡλικίας
1107 4471 1167 4520 ἐν
1209 4473 1276 4539 τῇ
1313 4470 1419 4541 πρὸ
1447 4471 1676 4542 ταύτης.
1729 4470 1841 4528 Οὓ-

255 4578 364 4623 τως
389 4561 601 4623 ἐκεῖνος
632 4560 723 4611 ἐπὶ
758 4558 868 4612 τῶν
899 4559 1082 4627 ἔργων
1113 4558 1334 4628 φθάνων
1391 4557 1460 4630 ἦν
1493 4564 1583 4617 ἀεὶ
1611 4563 1675 4616 τὸ
1720 4563 1838 4618 δέον

257 4652 521 4723 ἐμπειρίᾳ
553 4653 647 4704 καὶ
679 4650 888 4721 σπουδῇ
921 4653 1019 4705 καὶ
1051 4650 1269 4719 φρενῶν
1302 4651 1549 4723 ὀξύτητι.
1583 4649 1694 4707 ἾΙν
1740 4656 1839 4723 μὲν

256 4745 510 4811 γονεῦσιν
536 4743 685 4812 ἡδύς·
712 4739 782 4809 ἦν
809 4742 866 4795 δὲ
903 4742 1160 4808 ἀδελφοῖς
1180 4760 1194 4776 ο
1221 4738 1291 4814 ἦν
1344 4744 1399 4797 δὲ
1435 4746 1679 4813 ἑταίροις
1701 4762 1716 4778 ο
1770 4743 1839 4817 ἦν

256 4838 314 4893 δὲ
348 4838 600 4899 πολίταις
658 4836 754 4890 καὶ
789 4836 987 4901 ξένοις,
1018 4837 1164 4908 ἦλιξί
1196 4854 1255 4890 τε
1313 4844 1409 4891 καὶ
1459 4840 1800 4909 πρεσϐύταις
1827 4859 1838 4871 ·

257 4930 356 4984 καὶ
416 4928 555 4992 ὅλως
602 4930 768 4982 πᾶσιν
828 4929 888 4981 ἐν
932 4929 1096 4996 ὅλοις,
1145 4932 1312 4985 παντὶ
1346 4932 1525 5002 καιρῷ
1564 4938 1659 4986 καὶ
1701 4952 1843 5003 συμ-

260 5038 542 5091 πτωματι.

1866 4613 1921 4674 D

1939 3367 2142 3422 eximia
2210 3366 2449 3436 quadam
2507 3364 2768 3419 facilitate
2823 3375 2889 3416 ac
2930 3360 3116 3430 genio,
3169 3359 3522 3415 sedulitatem

1941 3461 2305 3532 praeverterit.
2336 3457 2710 3526 Quamobrem
2731 3457 2994 3511 continue
3019 3455 3161 3510 alios
3185 3469 3248 3508 ex
3275 3452 3398 3507 aliis
3419 3467 3535 3505 ma-

1939 3555 2144 3626 gistros
2215 3559 2460 3618 mutans,
2487 3549 2771 3621 quaerebat
2801 3565 2830 3604 a
2861 3563 2973 3619 quo
3019 3549 3145 3602 novi
3194 3546 3405 3614 aliquid
3447 3547 3535 3599 di-

1944 3654 2164 3710 sceret;
2195 3652 2456 3712 tanquam
2486 3642 2579 3712 qui
2610 3641 2722 3697 cito
2746 3642 3059 3712 perciperet
3099 3641 3308 3705 omnia,
3333 3639 3379 3694 si
3427 3655 3534 3708 qua

1941 3737 2018 3791 illi
2049 3736 2267 3791 tradere
2298 3745 2529 3804 possent
2561 3751 2576 3787 :
2609 3734 2901 3803 palamque
2960 3733 3350 3788 alternantium
3405 3740 3538 3785 aeta-

1941 3842 2073 3890 tnm.
2107 3829 2306 3884 nedum
2339 3842 2536 3891 annos,
2570 3827 2665 3881 sed
2695 3833 2751 3880 et
2782 3834 3033 3880 naturam
3053 3840 3119 3879 ac
3149 3823 3417 3887 indolem,
3452 3832 3536 3877 ato

1939 3938 2044 3992 qne
2070 3919 2518 3991 hanc‘potissime
2546 3933 2561 3982 ;
2589 3916 2899 3986 subjectum
2925 3915 3212 3986 arguebat.
3256 3914 3536 3981 Quamob-

1938 4030 2054 4070 rem
2093 4024 2268 4084 poeta:
2292 4010 2439 4066 illam
2477 4010 2837 4072 sententiam,
2892 4020 2953 4065 ut
3002 4006 3540 4063 nihilminushorni.

1939 4124 2038 4165 nes
2064 4109 2209 4163 inter
2239 4105 2466 4169 referat,
2493 4114 2554 4160 ut
2580 4105 2855 4160 sermonis
2886 4105 2991 4157 vim
3018 4117 3081 4157 ac
3107 4103 3351 4172 linguam
3384 4116 3540 4171 spec-

1942 4211 2043 4267 tes,
2073 4215 2238 4270 quam
2281 4199 2426 4253 inter
2467 4197 2713 4267 aquilam
2744 4210 2809 4250 ac
2863 4210 3134 4251 corvum:
3163 4209 3348 4249 veram
3414 4195 3536 4263 ipse

1941 4294 2107 4350 rebus
2129 4291 2404 4358 ostendit;
2428 4291 2509 4345 sic
2537 4289 2722 4345 indole
2735 4287 3032 4346 coaetaneis
3056 4295 3347 4358 praestans,
3367 4296 3425 4341 ut
3444 4300 3544 4339 nc-

1941 4403 2047 4456 que
2071 4385 2218 4439 ullus
2246 4383 2588 4439 contentioni
2620 4382 2775 4436 locus
2798 4380 3025 4435 relictus
3077 4380 3380 4434 videretur.
3421 4377 3533 4453 Ad-

1947 4478 2055 4533 huc
2081 4464 2237 4531 enim'
2258 4475 2536 4531 exsistens
2562 4487 2718 4542 puer,
2745 4471 3161 4527 adulescentum
3187 4471 3403 4526 colebat
3421 4479 3540 4523 stu-
3582 4452 3591 4463 ’

1945 4569 2071 4635 dia;
2106 4557 2539 4636 adolesce‘nsqne
2580 4607 2596 4632 ,
2651 4565 2955 4632 iuvenum,
2999 4577 3065 4617 ac
3117 4563 3359 4617 virorum
3393 4601 3408 4625 ,
3481 4576 3547 4616 ac

1949 4663 2229 4719 seniorum
2261 4676 2276 4726 ;
2304 4673 2646 4730 prorsnsque
2688 4656 3021 4711 anteriorem
3072 4671 3242 4725 agens
3301 4664 3542 4719 aetatem,

1949 4771 2071 4827 qua:
2103 4752 2382 4823 sequentis
2431 4765 2497 4806 ac
2531 4749 2850 4804 maturioris
2904 4758 3109 4804 essent.
3142 4748 3293 4801 Adeo
3326 4761 3546 4816 semper

1948 4825 2174 4912 agendis
2198 4847 2362 4901 rebus
2396 4845 2688 4913 occupavit
2714 4841 2858 4910 quod
2885 4848 3031 4896 esset
3057 4853 3239 4907 opera:
3282 4839 3543 4907 pretium,
3580 4825 3603 4915 τ

1948 4943 2178 4999 scicntia
2213 4940 2304 4995 illa
2330 4954 2395 4993 ac
2424 4938 2631 5001 studio,
2671 4934 2985 5013 mentisque
3029 4929 3351 5001 sagacitate.
3415 4929 3549 4984 Erat

1950 5040 2111 5105 plane
2139 5036 2317 5090 dulcis
2347 5032 2694 5102 parentibus,
2733 5037 2854 5083 erat
2894 5025 3158 5080 fratribus
3192 5039 3208 5087 ;
3239 5032 3357 5078 erat
3389 5023 3549 5079 soda-
3610 5072 3621 5083 ,

259 5116 402 5171 libus
435 5131 451 5181 ;
481 5124 599 5169 erat
624 5114 834 5170 civibus
870 5132 884 5179 ;
929 5125 1043 5170 erat
1078 5116 1405 5187 peregrinis,
1441 5123 1745 5190 aequalibus
1772 5131 1996 5196 pariter,
2030 5131 2386 5197 seuibttsque,
2442 5141 2506 5179 ac
2560 5124 2775 5179 cunctis
2832 5117 3133 5174 nniversim
3180 5117 3233 5171 in
3288 5117 3550 5173 omnibus

264 5209 408 5264 omni
444 5222 707 5278 tempore,
732 5224 795 5263 ac
832 5224 1014 5263 rerum
1048 5213 1196 5264 omni
1233 5212 1483 5268 incursu.

331 5305 441 5357 Καὶ
496 5303 603 5374 μὴν
660 5304 917 5357 τοσοῦτον
949 5305 1265 5374 ὑπερνικῶν
1322 5301 1391 5375 ἦν
1451 5313 1555 5362 κᾶν
1600 5315 1717 5378 τοῖς
1742 5332 1837 5382 γυ.

264 5394 532 5464 μνασίοις,
562 5395 665 5446 κὰν
691 5396 811 5457 ταῖς
842 5395 1120 5465 ἁμίλλαις,
1161 5399 1263 5450 κὰν
1315 5397 1542 5463 ἅπασιν,
1580 5403 1655 5465 ὡς
1709 5407 1844 5474 μηδὲ

260 5487 468 5541 δεῖσθαι
493 5487 979 5557 παραϐεϐλῆσθαι.
1023 5488 1240 5543 Οὔκουν
1281 5492 1333 5563 γ’
1364 5492 1650 5562 ἐφθονεῖτο
1666 5498 1843 5551 τοιοῦ-

258 5598 348 5643 τος
386 5579 484 5641 ὢν,
541 5581 931 5643 ἀδυνατοῦντος
987 5581 1083 5635 τοῦ
1110 5583 1309 5648 φθόνου
1346 5584 1483 5655 δρᾷν
1524 5588 1612 5638 ἐπ’
1667 5590 1839 5659 αὐτῷ,

259 5676 394 5743 ὅπερ
440 5672 744 5743 ἐπεφύκει·
785 5672 902 5725 ἀλλ’
933 5675 1280 5743 ἐθαυμάζετο
1312 5680 1464 5745 παρὰ
1505 5681 1616 5731 τῶν
1667 5683 1844 5736 ἁπάν-

260 5783 364 5819 των
424 5766 564 5835 μετὰ
617 5764 887 5834 τοσαύτης
959 5767 1294 5839 ὑπερϐολῆς,
1359 5773 1591 5843 ὁπόσης,
1654 5769 1834 5844 οἶμαι.

261 5858 321 5908 τὸ
353 5856 525 5910 νικῶν
547 5853 634 5927 ἦν.
672 5853 783 5911 Ἦν
815 5860 861 5912 δ’
888 5861 970 5924 είς
996 5860 1297 5933 τοῦσχατον
1354 5864 1688 5934 ἀφιγμένον.
1725 5869 1837 5920 Καὶ

260 5947 374 6012 πῶς
391 5948 542 6012 εἰκὸς
589 5950 656 6003 ἂν
686 5953 832 6006 εἴποι
860 5970 945 6017 τις
991 5954 1081 6008 τὸν
1108 5956 1245 6008 πολὺ
1282 5957 1407 6020 τοὺς
1429 5957 1822 6030 ἄλλουςκύπερ-

2021 5312 2212 5368 Tantis
2238 5323 2371 5365 sane
2403 5308 2591 5378 gloria:
2608 5292 2848 5360 cumulis
2869 5303 3189 5373 praestabat,
3227 5301 3546 5374 gymnasio-

1949 5424 2070 5463 rnm
2090 5403 2558 5465 exercitamentis,
2579 5398 3103 5468 certaminibusque,
3126 5412 3190 5451 ac
3211 5396 3414 5451 studiis
3429 5412 3551 5450 om-

1950 5502 2137 5555 nibus.
2155 5507 2215 5551 nt
2233 5509 2412 5563 neque
2430 5506 2569 5562 Opus
2587 5478 2815 5545 haberet
2833 5488 3272 5553 comparatione.
3292 5486 3402 5541 Nec
3418 5502 3551 5548 vero

1951 5604 2074 5643 cum
2102 5587 2225 5642 talis
2247 5592 2415 5646 esset,
2444 5581 2755 5651 patiebatur
2781 5579 3078 5635 invidiam:
3100 5594 3211 5633 non
3239 5579 3456 5632 valente
3486 5594 3549 5632 ea

1952 5683 2004 5735 in
2032 5679 2622 5748 illtnnqnodnataest:
2646 5675 2779 5743 quin
2801 5676 2983 5746 potius
3021 5663 3255 5730 habebat
3301 5672 3547 5725 omnium

1952 5772 2397 5828 admirationem,
2418 5767 2580 5836 idque
2598 5775 2749 5820 tanta
2765 5764 3172 5833 exsuperantia,
3197 5771 3400 5832 quanta
3421 5769 3550 5831 puto

1948 5866 2173 5919 victoria
2192 5872 2325 5917 erat.
2346 5861 2416 5915 Ea
2438 5875 2605 5931 porro
2626 5860 2691 5912 ad
2706 5873 2978 5924 summum
2997 5854 3377 5922 evaserat.Qui
3397 5869 3549 5920 vero,

1947 5958 2183 6028 inquies,
2210 5971 2341 6011 vero
2361 5968 2663 6010 consonum
2688 5952 2777 6020 sit,
2811 5961 2869 6006 ut
2905 5950 3098 6020 grandi
3143 5949 3279 6005 adeo
3316 5962 3547 6006 excessu
