3950 6476
432 434 530 503 191

1618 434 2017 496 MANUELIS
2057 433 2505 495 FALIEOLOGI

3564 431 3662 498 19?.

420 562 709 619 superans,
733 564 765 604 a
788 547 937 607 nullo
954 560 1180 617 prorsus
1208 546 1493 603 inividiam
1511 550 1823 619 pateretur?
1849 565 2013 606 secus

2134 551 2392 607 ελάσαντα
2422 557 2500 620 μη
2539 551 2673 618 παρ’
2717 545 3034 603 οὑτινοσοῦν
3074 546 3182 602 τῶν
3216 549 3473 602 ἁπάντων
3526 550 3676 616 δέξα-

420 640 581 710 plane
596 649 970 708 comparatum
984 638 1253 695 dicemus.
1276 636 1380 704 Qui
1404 638 1551 695 enim
1571 654 1738 709 supra
1779 641 2002 696 modum

421 739 668 801 superat,
701 728 837 786 nihil
861 732 1081 788 invidia:
1107 732 1382 791 obnoxius
1405 733 1497 787 sit.
1549 733 1681 800 Quae
1719 735 1868 789 enim
1918 750 2007 790 res

423 824 652 878 multam
685 823 850 881 habet
877 824 1330 887 admirationem,
1361 824 1535 880 multo
1560 840 1779 894 quoque
1828 827 2005 882 amori

419 931 542 971 esse
572 931 799 973 necesse
832 927 937 973 est.
957 917 1117 984 Quod
1144 927 1327 974 autem
1356 928 1438 972 est
1464 919 1622 973 valde
1655 919 1912 984 charum,
1937 935 2003 974 ac

423 1009 599 1064 amori
620 1009 874 1077 habetur,
895 1027 1000 1083 qua
1018 1012 1125 1067 sibi
1147 1012 1360 1068 ratione
1384 1027 1484 1082 pro
1502 1014 1806 1070 accedente
1835 996 2008 1083 glcria

430 1101 697 1157 invidiam
728 1104 1474 1171 conﬂaverit?Quamobrem
1530 1106 1738 1161 invidia
1784 1108 2009 1172 aberat,

427 1200 488 1244 ut
509 1191 634 1260 quis
662 1191 843 1248 victus
870 1203 1052 1259 esset;
1084 1196 1278 1249 aderat
1309 1210 1439 1250 vero
1472 1196 1679 1251 amoris
1736 1198 2008 1261 accessio,

426 1297 593 1352 quam
617 1283 739 1353 ejus
779 1300 978 1341 novum
998 1287 1271 1343 accedens
1293 1287 1587 1344 admiratio
1623 1288 1830 1345 faceret
1851 1307 1864 1350 ;
1890 1290 2014 1346 uni-

427 1375 686 1446 versique
710 1376 827 1445 eius
857 1378 1172 1441 gaudebant
1197 1380 1474 1437 victoriis.

498 1464 635 1521 Cum
670 1475 799 1521 natu
826 1467 1092 1523 minimus
1149 1471 1376 1525 fratrum
1428 1479 1596 1535 esset,
1653 1471 1788 1526 nulli
1833 1481 2015 1526 tamen

427 1559 618 1623 cessit,
638 1546 788 1616 utea
813 1570 1050 1629 spectes.
1096 1562 1299 1632 quibus
1342 1563 1467 1634 quis
1526 1563 1885 1635 admirabilis
1921 1564 2014 1619 sit.

426 1649 566 1705 Nam
588 1660 708 1707 erat
729 1651 992 1722 prudens,
1020 1653 1227 1721 justus,
1288 1653 1448 1710 fortis
1476 1670 1492 1718 ;
1516 1668 1580 1709 ac
1605 1656 1686 1711 vel
1706 1656 1759 1710 in
1788 1657 1874 1722 iis,
1898 1671 2020 1724 οιιτθ

432 1741 673 1797 rnaxime
699 1745 957 1800 terrendo
990 1744 1311 1812 videantur,
1337 1746 1524 1803 inﬂexi
1576 1748 1818 1818 pectoris
1855 1766 1871 1802 :
1906 1750 2022 1818 ple-

430 1847 635 1903 rasque
649 1834 960 1905 voluptates
977 1835 1102 1906 (nec
1132 1837 1279 1895 enim
1297 1854 1473 1910 usque
1494 1839 1633 1895 adeo
1660 1848 1779 1896 erat
1801 1841 2023 1896 homine

2109 643 2235 696 σθαι
2294 642 2525 713 φθόνον;
2558 641 2886 696 ’τούναντίον
2947 642 3045 712 μὲν
3070 639 3183 707 οὖν,
3235 643 3264 694 ὁ
3304 641 3675 713 73193532965-

2108 735 2296 806 ϐηκὼς
2319 736 2520 805 κομιδῆ
2566 733 2749 804 φθόνῳ
2780 733 2881 804 οὐχ
2935 734 3257 788 ὑποπίπτει.
3292 732 3368 786 Τὸ
3396 733 3502 804 γὰρ
3544 735 3677 792 πολὺ

2110 828 2535 898 θαυμαζόμενον
2569 827 2708 882 πολῦ
2770 827 3048 899 φιλεῖσθαι
3102 826 3222 880 δέον
3275 826 3426 879 ἐστί·
3487 829 3579 881 καὶ
3617 830 3676 882 τὸ

2111 921 2318 992 σφόδρα
2374 920 2603 991 φιλητὸν
2649 919 2769 982 πῶς
2837 920 2903 974 ἂν
2956 915 3285 988 εὐδοκιμοῦν
3352 918 3676 990 φθονηθείης

2113 1015 2270 1069 Ὤσθ⁹
2321 1013 2574 1082 ὁφθόνος
2604 1014 2708 1083 μὲν
2760 1013 2933 1093 ἀπῆν,
2980 1011 3145 1066 ὁπότε
3192 1012 3262 1080 γέ
3316 1028 3403 1074 τις
3435 1010 3677 1080 ἡττῷτο·

2113 1105 2327 1176 προσῆν
2363 1105 2422 1160 δὲ
2455 1104 2686 1175 φίλτρου
2712 1104 3030 1174 προσθήκη,
3050 1101 3130 1173 τῷ
3160 1102 3295 1171 περὶ
3316 1101 3529 1155 ὲκῑῖνον
3549 1116 3682 1169 συμο

2115 1198 2381 1253 ϐαίνουσα
2412 1197 2695 1268 θαύματι,
2728 1198 2824 1252 καὶ
2851 1198 2964 1257 τοῖς
3003 1194 3217 1249 ἐκείνου
3248 1194 3682 1264 πλεονεκτήμασι

2117 1292 2319 1353 πάντες
2348 1290 2597 1362 ἔχαιρον.

2196 1469 2292 1520 ’Ὧν
2322 1467 2379 1521 δὲ
2413 1466 2493 1539 τῷ
2516 1468 2700 1539 χρόνῳ
2746 1465 2984 1531 ὕστατος
3021 1466 3131 1521 τῶν
3166 1463 3435 1533 ἀδελφῶν,
3486 1464 3692 1526 οὐδενος

2117 1556 2186 1632 ἦν
2223 1560 2475 1630 ὕστερος,
2524 1561 2616 1630 ἐφ’
2644 1553 2728 1625 οἷς
2777 1576 2862 1623 τις
2888 1560 2955 1615 ἂν
2998 1560 3211 1628 φιλοῖτο
3264 1557 3691 1626 θαυμαζόμενος.

2118 1652 2405 1722 Νουνεχής
2429 1669 2491 1706 τε
2522 1653 2636 1724 γὰρ
2662 1646 2754 1723 ἦν,
2780 1651 3019 1716 δίκαιος,
3050 1650 3322 1720 ἀνδρεῖος,
3350 1648 3576 1717 ἀκλινὴς
3609 1648 3695 1702 καὶ

2123 1746 2236 1806 τοῖς
2266 1744 2506 1813 μάλιστα
2548 1743 2831 1816 φοϐεροῖς,
2862 1743 2975 1799 τῶν
3027 1742 3298 1798 πλειόνων
3357 1736 3585 1812 ἡδονῶν,
3638 1740 3693 1793 οὐ

2122 1837 2230 1908 γὰρ
2268 1838 2409 1907 ὑπὲρ
2439 1837 2730 1908 ἄνθρωπον
2773 1833 2865 1908 ἦν,
2916 1837 2993 1899 ὡς
3034 1837 3126 1891 ἀεὶ
3174 1838 3407 1907 κρατεῖν
3455 1833 3704 1901 ἀπασῶν,

433 1926 632 1997 major,
663 1935 723 1982 ut
752 1929 1000 1984 omnium
1051 1944 1267 1999 semper
1285 1939 1430 1987 esset
1471 1932 2022 2003 dominus)omnino

2134 1929 2416 2000 ὗπερορῶν
2455 1929 2813 1985 παντάπασι·
2855 1930 2995 2001 πρὸς
3020 1929 3079 1984 δὲ
3106 1928 3207 1990 τὰς
3232 1926 3524 1994 ἐγκρατῶς
3548 1926 3696 1995 ἔχων,

432 2032 699 2086 spernens
726 2037 743 2087 ;
770 2023 917 2092 quod
943 2031 1156 2091 spectat
1174 2025 1239 2078 ad
1266 2023 1426 2090 alias.
1452 2041 1514 2082 se
1541 2025 1658 2095 ipse
1679 2028 1971 2083 continens
1996 2045 2014 2093 ι

436 2110 580 2166 haud
596 2126 656 2168 se
674 2111 878 2169 dedens
896 2113 1157 2185 pigritiae;
1187 2115 1330 2172 idem
1350 2117 1465 2188 ipse
1488 2120 1805 2176 moderatus
1822 2135 1890 2177 ac
1911 2137 2024 2175 ma-

433 2201 863 2273 gniﬁcusmihil
892 2208 1177 2274 molestus,
1218 2217 1313 2266 ant
1367 2211 1664 2284 quidquam
1698 2213 2019 2271 intolerabi-

437 2296 530 2361 lis,
559 2298 643 2353 vel
677 2298 811 2368 ipsis
827 2302 1228 2377 qunqueservis
1261 2304 1528 2375 emptitiis
1555 2323 1570 2360 :
1594 2307 1800 2376 gravis,
1850 2308 2026 2362 mitis-

435 2393 894 2457 que;oseonomia
913 2404 1202 2463 prastans.
1229 2411 1296 2453 ac
1321 2382 1718 2467 "magnanimis
1749 2415 1764 2464 ;
1810 2408 1870 2454 ut
1923 2400 2022 2454 ali-

436 2482 657 2550 quando
673 2483 964 2542 deficiente
988 2485 1208 2543 fortuna
1234 2488 1304 2545 ad
1324 2487 1561 2543 Romani
1587 2489 1659 2544 im
1669 2492 2024 2558 periibostes

436 2574 545 2645 (sic
571 2577 716 2632 enim
752 2578 845 2633 illa
874 2579 1348 2652 solemuehabet);
1409 2582 1553 2638 idem
1599 2583 1715 2652 ipse
1771 2585 2031 2640 immotus

436 2670 1062 2738 permanserit;eadem
1113 2672 1181 2726 ad
1240 2672 1421 2742 ipsum
1476 2675 1743 2731 redeunte
1799 2676 2029 2747 (gaudet

438 2757 585 2813 enim
605 2773 827 2830 semper
858 2763 1299 2835 mutationibus)
1336 2783 1352 2831 ;
1381 2766 1518 2821 nihil
1548 2767 1678 2821 inde
1709 2768 1879 2821 altum
1938 2783 2031 2822 sa—

440 2852 643 2919 piterit.
661 2852 841 2923 Atque
867 2870 993 2909 cum
1028 2856 1248 2922 quidem
1265 2859 1441 2914 victor
1463 2869 1629 2924 esset,
1655 2861 1870 2917 alienus
1901 2872 2019 2918 erat

436 2960 472 2998 ο
515 2942 682 3010 fastu,
708 2947 802 3016 qui
822 2949 1117 3004 humanam
1130 2951 1308 3011 f-vitam
1336 2950 1602 3023 Euripum
1625 2955 1792 3011 sciret
1819 2956 2033 3021 ;vietus

440 3049 597 3101 vero,
625 3036 764 3092 nihil
789 3040 1029 3105 graviori
1057 3042 1215 3097 ruina
1242 3042 1594 3100 labascebat:
1623 3060 1688 3102 ac
1712 3046 1757 3101 si
1788 3048 1892 3112 vis,
1914 3058 2035 3106 erat

443 3116 709 3195 invictus,
739 3131 828 3186 cui
860 3131 1009 3188 nullo
1035 3132 1199 3188 modo
1222 3135 1441 3192 animus
1460 3136 1820 3193 adversorum
1849 3140 2036 3198 incur-

443 3221 601 3275 sione
633 3224 965 3281 consideret.
1016 3226 1185 3283 Porro
1227 3229 1421 3285 amicis
1468 3230 1520 3287 si
1560 3233 1781 3303 quando
1806 3236 2036 3293 mutatis

2127 2020 2372 2092 ῥᾳθυμίᾳ
2406 2038 2467 2074 τε
2522 2022 2688 2077 αὐτὸν
2714 2022 2817 2076 οὐκ
2850 2018 3191 2085 ἐκδεδωκὼς,
3222 2021 3252 2073 ὁ
3284 2017 3450 2082 αὐτὸς
3489 2018 3700 2087 μέτριός

2123 2130 2184 2165 τε
2244 2114 2339 2167 καὶ
2403 2115 2877 2186 μεγαλοπρεπήςο
2929 2113 3251 2183 ἀνεπαχθὴς
3309 2112 3403 2166 καὶ
3446 2110 3699 2181 μηδαμῶς

2126 2205 2427 2275 ἀφόρητος,
2462 2206 2559 2260 καὶ
2581 2208 2766 2271 αὐτοῖς
2802 2209 2916 2271 τοῖς
2951 2207 3181 2277 ὠνητοῖς
3230 2205 3449 2268 δούλοις
3470 2222 3485 2236 ο
3518 2202 3700 2273 ὲμῦρι-

2128 2292 2230 2362 θὴς
2263 2295 2355 2354 καὶ
2385 2293 2551 2366 ἤπιος
2580 2311 2595 2327 ⁸
2630 2294 2985 2365 οἰκονομικός
3031 2311 3093 2348 τε
3146 2294 3242 2349 καὶ⁸
3292 2292 3697 2364 μεγαλόψυχος·

2128 2385 2204 2449 ὡς
2238 2388 2334 2440 καὶ
2358 2388 2456 2455 τῆς
2490 2387 2707 2459 ἀγαθῆς
2735 2405 2865 2443 ποτε
2885 2386 3061 2458 τύχης
3089 2386 3552 2457 αὐτομολησάσης
3576 2382 3701 2452 πρὶς

2129 2478 2256 2540 τοὺς
2292 2479 2425 2547 ἡμῖν
2457 2480 2737 2542 ἐναντίους
2785 2480 2968 2547 (τοῦτο
2999 2478 3063 2549 δὴ
3111 2479 3171 2532 τὸ
3200 2479 3392 2550 ἐκείνῃ
3426 2477 3700 2546 σύνηθες).

2130 2567 2287 2633 οὗτος
2316 2570 2475 2633 αὐτὸς
2502 2560 2775 2637 ἄτρεπτος
2800 2566 2899 2643 ἦν⁴
2926 2570 3086 2640 αὐτῷ
3115 2570 3159 2623 δ’
3186 2570 3260 2625 αὖ
3302 2568 3703 2634 ἐπανελθούσης

2133 2661 2337 2730 (χαίρει
2392 2663 2502 2733 γὰρ
2546 2664 2637 2718 ἀεὶ
2686 2666 2806 2728 ταῖς
2858 2662 3206 2734 μεταϐολαῖς)
3262 2661 3519 2730 οὐδαμῶς
3571 2663 3704 2729 μέγα

2134 2754 2371 2825 φρονῶν.
2412 2755 2523 2810 Καὶ
2554 2758 2612 2810 ἐν
2672 2757 2773 2825 μὲν
2804 2738 3002 2820 ’νίκαις
3054 2758 3287 2825 ἄτυφος,
3349 2755 3571 2825 εὔριπον
3622 2752 3703 2805 τὸν

2136 2846 2252 2917 βίον
2288 2849 2681 2916 ἐπιστάμενος,
2747 2850 2845 2903 καὶ
2882 2852 2943 2904 τὸ
2997 2848 3194 2918 μέλλον
3261 2848 3485 2911 δεδιώς·
3556 2848 3609 2899 ὲν
3650 2843 3702 2896 δὲ

2135 2943 2333 3014 ἥτταις
2363 2944 2784 3012 ἁκατάπτωτος,
2821 2947 2869 3000 εἱ
2916 2945 2972 2999 δὲ
3006 2944 3215 3016 βούλει,
3278 2946 3378 3000 καὶ
3427 2946 3701 3014 ἀήττητος.

2136 3035 2212 3098 ὥς
2243 3037 2342 3107 τῆς
2362 3036 2543 3106 ψυχῆς
2567 3032 2625 3091 οἷ
2643 3037 2918 3108 μηδαμῶς
2966 3038 3466 3100 ὐποπεπτωκυίας.
3496 3034 3614 3096 Τοῖς
3654 3030 3706 3084 δὲ

2136 3127 2249 3181 τῶν
2290 3128 2463 3198 φίλων
2489 3128 2834 3199 εὐδαίμοσιν,
2878 3131 2929 3185 εἰ
2984 3127 3309 3198 δυστυχίαις
3373 3130 3571 3181 ἐκεῖνοι
3619 3140 3708 3178 πε-

2138 3222 2456 3290 πείρανται,
2482 3220 2668 3290 τηρῶν
2698 3220 2799 3291 τὴν
2838 3220 3068 3291 γνώμην
3098 3221 3408 3287 διετέλεσε,
3442 3221 3529 3272 τὸν
3557 3215 3706 3271 αὐτὸν

444 3313 614 3369 rebus
645 3317 905 3385 iniquiori
933 3318 1153 3375 fortuna
1182 3329 1490 3401 uterentur,
1530 3324 1823 3393 pristinam
1866 3326 2028 3383 bene-

2138 3313 2197 3366 ὲν
2227 3312 2437 3367 ἅπασιν
2474 3312 2936 3383 ἐπιδεικνύμενος
2964 3314 3192 3384 τρόπον,
3224 3314 3345 3367 τῶν
3379 3311 3710 3382 πραγμάτων

442 3405 741 3463 volentiam
778 3408 1048 3480 integram
1069 3412 1309 3478 volebat,
1329 3415 1552 3469 eosdem
1567 3417 1798 3472 omnino
1820 3434 2029 3487 mores,

447 3511 783 3569 quacunque
820 3515 1004 3556 rerum
1024 3503 1406 3561 vicissitudine
1421 3508 1739 3567 ostendens.
1757 3508 1870 3566 Nec
1889 3513 2035 3567 enim

447 3588 683 3646 Proteus
717 3592 845 3660 quis
881 3603 1022 3659 erat,
1058 3604 1115 3649 ut
1142 3610 1241 3664 pro
1278 3606 1584 3668 temporum
1611 3601 1764 3656 varia
1826 3603 2040 3660 ratione

449 3683 811 3740 mutationem
859 3687 1087 3744 subiret.
1121 3688 1361 3749 Noverat
1403 3700 1708 3763 temperare
1769 3696 2037 3762 remedia,

448 3789 515 3830 ac
530 3778 804 3831 contraria
824 3780 1119 3836 contrariis
1137 3783 1452 3841 emendare.
1473 3783 1709 3842 Noverat
1731 3787 1865 3853 nihil
1881 3788 1934 3842 in
1954 3804 2040 3844 re-

449 3866 555 3922 bus
582 3867 839 3926 humanis
877 3870 1095 3927 firmum
1122 3874 1455 3944 consistere,
1511 3893 1577 3933 ac
1635 3879 1916 3940 fortunam
1959 3880 2039 3934 vi-

458 3957 874 4021 :issitudinihus
890 3964 1136 4032 gaudere
1161 3983 1176 4020 :
1201 3978 1366 4038 atque
1402 3970 1568 4038 adeo,
1589 3985 1715 4025 cum
1736 3970 2037 4040 tranquillo

450 4046 590 4100 mari
620 4050 929 4120 navigaret,
959 4052 1234 4114 immanes
1274 4059 1637 4129 exspectabat
1695 4059 1922 4126 ﬂuctus,
1971 4075 2038 4117 ac

449 4137 728 4209 cogitabat
752 4151 1159 4215 tempestatem,
1201 4151 1510 4221 seqneipse
1551 4152 1620 4206 ad
1668 4153 2036 4209 turbationem

447 4242 792 4300 praeparans,
823 4250 949 4290 eum
978 4237 1069 4294 illa
1092 4239 1419 4313 invasisset,
1434 4240 1867 4310 imperturbatus
1889 4250 2037 4299 erat.

447 4317 586 4375 Nam
613 4322 669 4376 in
701 4314 1144 4398 mediisquoque
1166 4332 1577 4385 adversantium
1600 4342 1893 4389 ventorum
1914 4343 2039 4387 tur-

406 4440 409 4443 -
447 4412 696 4483 binibus,
724 4430 791 4470 ac
809 4417 1097 4474 minitante
1118 4421 1382 4489 procella,
1411 4423 1896 4493 utquamprimum
1915 4438 2037 4477 om-

457 4504 592 4559 nino
615 4508 952 4577 praevaleret,
974 4511 1112 4566 nihil
1139 4521 1319 4568 tamen
1350 4514 1442 4568 ille
1462 4514 1710 4577 animum
1728 4515 2040 4585 desponde-

450 4597 575 4665 bat;
603 4600 733 4669 quin
761 4601 988 4658 multam
1020 4607 1469 4678 tranquillitatem
1499 4609 1792 4679 sperabat.
1825 4609 2038 4675 Quam-
2072 4638 2114 4694 ο

453 4687 642 4742 ohrcm
698 4690 908 4746 ferebat
963 4693 1170 4757 omnia,
1237 4707 1297 4751 ut
1348 4697 1484 4751 nihil
1531 4697 1831 4766 abjectum,
1898 4698 2037 4751 nihil

453 4776 744 4846 degeneris
766 4783 935 4838 animi
970 4787 1105 4841 vitio
1123 4789 1514 4855 committeret,
1540 4792 1620 4843 vel
1647 4792 1933 4860 cogitaret,
1957 4792 2040 4846 vel

454 4868 682 4925 diceret.
717 4871 881 4929 Nullo
905 4891 1088 4935 rerum
1128 4889 1275 4935 statu
1329 4881 1686 4950 supercilium
1731 4872 2037 4951 attollebat,

456 4977 525 5046 ac,
549 4978 647 5019 nec
675 4967 901 5023 verbum
927 4971 1207 5041 iactantia:
1229 4975 1456 5037 protulit
1484 4992 1499 5043 ;
1538 4983 1709 5046 utque
1743 4978 1883 5033 alius
1914 4983 2040 5046 quis

456 5043 683 5107 meliora
716 5054 783 5108 de
807 5056 898 5112 illo
929 5058 1158 5124 diceret,
1210 5062 1576 5119 erubeScehat
1618 5043 1834 5131 statim,
1883 5043 2037 5124 aetu-

457 5152 683 5217 tumque
724 5164 1037 5209 sermonem
1071 5155 1137 5210 ad
1161 5157 1269 5212 alia
1325 5161 1592 5216 vertebat.
1648 5161 1884 5219 Noverat
1926 5176 2036 5221 tota

455 5236 776 5297 sinceritate
804 5258 1025 5299 servare
1055 5247 1777 5326 dignitatem,illaesumque
1809 5259 2038 5313 oninino

454 5332 601 5386 tueri
634 5335 887 5391 ordinem
921 5355 938 5407 ;
965 5339 1101 5396 nihil
1135 5344 1570 5416 praecipitantius
1603 5364 1786 5421 agere,
1819 5352 2039 5420 quodve

454 5435 840 5494 comparatum
871 5440 1019 5486 esset
1069 5433 1374 5489 molestiam
1428 5452 1660 5503 creare;
1692 5450 1921 5507 excepto
1981 5446 2040 5493 ut

453 5519 592 5577 utile
618 5535 779 5576 secus
825 5525 1103 5590 suaderet,
1131 5528 1274 5595 quod
1304 5529 1407 5585 sibi
1440 5546 1656 5599 semper
1686 5532 1832 5586 dulci
1882 5541 2037 5586 ante-

456 5616 772 5684 ponendum
827 5618 983 5673 duxit
1013 5636 1029 5673 :
1055 5623 1188 5691 quin
1230 5622 1406 5691 magis
1439 5633 1654 5691 gratum
1692 5638 1752 5679 se
1781 5625 2038 5678 omnibus

456 5708 735 5770 acglmtnm
769 5710 1000 5766 miscere
1029 5728 1045 5776 ;
1075 5723 1304 5784 excepto
1337 5727 1396 5769 ut
1419 5716 1581 5784 lupus
1604 5715 1802 5784 aliquis
1823 5717 1876 5770 in
1904 5730 2036 5773 oves

457 5799 700 5862 irruens,
730 5800 850 5868 ejus
881 5802 1356 5860 stodioarcendus
1379 5817 1525 5859 esset
1558 5824 1571 5859 :
1607 5808 1799 5860 tardus
1830 5807 1895 5859 ad
1921 5806 2036 5860 vin-

455 5888 677 5957 tltCIam,
697 5907 759 5947 ac
793 5910 1186 5963 nonnumquam
1214 5911 1439 5964 [uorsus
1462 5898 1741 5960 Omittcns,
1770 5914 1890 5951 cum
1925 5914 2035 5951 ma-

2141 3402 2446 3473 ἀνωμάλως
2489 3405 2835 3474 φερομένων.
2868 3405 3006 3458 Οὐδὲ
3051 3405 3160 3474 γὰρ
3208 3400 3281 3475 ἦν
3327 3423 3413 3469 τις
3464 3402 3710 3471 Πρωτεὺς

2136 3491 2370 3558 ἐκεῖνος,
2406 3495 2529 3556 ταῖς
2559 3493 2897 3563 μεταϐολαῖς
2931 3495 3043 3553 τῶν
3075 3495 3293 3565 καιρῶν
3330 3489 3712 3566 συμμεταϐάλ-

2137 3584 2248 3637 λων
2276 3585 2466 3639 αὐτόν.
2506 3586 2662 3658 ’ᾘδει
2685 3587 3017 3657 κεραννύναι
3042 3587 3110 3640 τὰ
3141 3589 3444 3659 φάρμακα,
3504 3587 3595 3640 καὶ
3623 3584 3712 3636 τά-

2139 3676 2337 3731 ναντία
2370 3676 2729 3748 διορθοῦσθαι
2758 3682 2892 3744 κτοῖς
2943 3680 3231 3743 ἐναντίοις.
3268 3682 3427 3753 ’ῌδει
3461 3678 3624 3748 μηδὲν
3658 3672 3712 3727 δν

2141 3766 2358 3837 βέϐαιον
2387 3769 2499 3822 τῶν
2530 3770 2897 3840 ἀνθρωπίνων
2940 3774 3316 3843 πραγμάτων,
3372 3773 3470 3827 καὶ
3502 3770 3599 3838 τὴν
3624 3766 3712 3819 τύ·
3750 3793 3755 3797 «

2138 3877 2242 3931 χην
2301 3860 2608 3932 χαίρουσαν
2664 3865 2787 3927 ταῖς
2818 3863 3157 3931 μεταϐολαῖς
3185 3876 3230 3899 ’⁸
3257 3866 3359 3923 καὶ
3388 3865 3481 3927 διὰ
3526 3860 3711 3919 ταῦτα.

2139 3952 2417 4021 εὐπλοῶν,
2465 3955 2780 4025 προσεδόκα
2813 3955 2918 4025 μὲν
2956 3958 3260 4028 τρικυμίαν
3287 3974 3301 3988 ·
3360 3958 3630 4026 ἐλογίζετο
3663 3954 3713 4008 δὲ

2140 4045 2336 4117 ζάλην,
2366 4049 2465 4103 καὶ
2516 4049 2941 4121 πρὸς-ταραχὴν
2970 4049 3136 4103 αὐτὸν
3182 4050 3518 4121 ἑτοιμάζων,
3562 4048 3713 4103 ἐπελο

2140 4139 2345 4206 θούσης
2375 4139 2477 4194 οὐκ
2502 4140 2857 4212 ἐταράττετο.
2905 4140 3068 4197 Ἐπεὶ
3095 4143 3200 4197 κάν
3245 4146 3451 4212 μέσαις
3496 4143 3713 4210 δυσηνε-

2144 4230 2321 4300 μίαις,
2347 4231 2731 4287 ἀπειλούντων
2762 4233 2872 4288 τῶν
2917 4235 3183 4304 κυμάτων
3218 4234 3593 4306 ὐπερσχήσειν
3625 4231 3715 4284 αὐ-

2138 4319 2271 4373 τίκα
2300 4321 2467 4391 μάλα,
2501 4313 2659 4387 οὗτος
2685 4325 2786 4377 οὐκ
2810 4326 3187 4394 ἀπηγόρευεν·
3216 4324 3340 4379 ἀλλ’
3364 4323 3435 4396 ἦν
3484 4323 3711 4386 ἐλπίζων

2143 4412 2349 4483 συχνὴν
2411 4414 2677 4486 γαλήνην.
2754 4416 2921 4471 Ὅθεν
2983 4420 3164 4473 πάντα
3222 4418 3326 4487 μὲν
3383 4419 3595 4489 ἔφερεν,
3653 4413 3710 4467 οὐ

2141 4504 2338 4573 ποιῶν,
2370 4505 2434 4560 οὐ
2481 4507 2857 4577 λογιζόμενος,
2919 4511 2982 4563 οὐ
3016 4510 3193 4579 λέγων
3242 4512 3504 4565 ταπεινὸν
3545 4507 3710 4568 οὐδὲν,

2140 4596 2265 4649 οὐδὲ
2325 4599 2575 4667 ἀγεννές.
2643 4599 2736 4655 Ἐν
2797 4601 2976 4655 οὐδενὶ
2999 4602 3057 4656 δὲ
3086 4602 3187 4673 τὴν
3215 4606 3389 4675 ὀφρὺν
3412 4600 3567 4676 ἦρεν,
3597 4595 3712 4653 ob“

2144 4707 2196 4742 τι
2219 4690 2373 4762 ῥῆμα
2403 4693 2623 4763 κόμπου
2648 4695 2993 4766 προήνεγκεν
3011 4712 3027 4730 ο
3048 4696 3165 4750 ἀλλ’
3192 4699 3241 4750 εί
3262 4698 3362 4752 καὶ
3387 4698 3545 4758 ἄλλος
3568 4693 3714 4757 ἔλεγε

2144 4783 2274 4853 περὶ
2318 4783 2487 4837 αὐτοῦ
2526 4784 2595 4838 τά
2623 4784 2843 4855 βελτίω.
2880 4788 2908 4840 ό
2958 4786 3002 4840 δ’
3033 4788 3279 4860 ἠρυθρία
3311 4806 3384 4855 τε,
3418 4788 3598 4849 εὐθὺς,
3629 4780 3713 4833 καὶ

2146 4873 2478 4944 μετέϐαλλεν
2514 4875 2771 4946 ἐπίτηδες
2796 4876 2891 4930 τὸν
2944 4876 3107 4946 λόγον
3155 4880 3241 4947 ἐφ’
3289 4880 3472 4950 ἕτερα.
3525 4875 3713 4944 Ίήρεῖν

2147 4964 2247 5033 μὲν
2283 4964 2426 5032 ἔγνω
2467 4966 2528 5019 τὸ
2564 4950 2753 5036 σχῆεξα
2813 4968 2959 5037 μάλα
3014 4970 3281 5038 γνησίως·
3322 4970 3612 5038 φυλάττειν
3658 4962 3713 5014 δὲ

2142 5056 2243 5126 τὴν
2272 5057 2428 5123 τάξιν
2457 5058 2767 5128 ἄθραυστον
2794 5060 2956 5125 ὅλωςο
2994 5061 3168 5132 μηδὲν
3222 5061 3501 5135 προπετὲς
3545 5055 3711 5125 πρίὲιτ⁶

2141 5163 2277 5212 τειν,
2309 5149 2478 5221 μηδὲν
2508 5151 2617 5223 τῶν
2650 5153 2811 5225 ἀνιᾷν
2832 5153 3187 5222 πεφυκότων,
3214 5156 3265 5208 εί
3299 5155 3376 5225 μὴ
3411 5151 3546 5223 πρὸς
3576 5162 3709 5212 συμ·

2143 5238 2312 5309 φέρον
2365 5239 2641 5313 ὑπῆρχεν⁸
2690 5241 2721 5295 ὃ
2773 5256 2839 5310 γε
2888 5241 2999 5295 τῶν
3058 5241 3230 5314 ἡδέων
3258 5242 3349 5296 ἀεὶ
3402 5232 3706 5309 προύτίθεις

2144 5328 2285 5383 ἀλλά
2311 5332 2770 5401 μιγνύναι-πᾶσιν
2802 5332 2966 5387 αὐτὸν
2998 5333 3250 5401 άλυπον,
3308 5333 3358 5386 εἰ
3392 5331 3466 5400 μή
3493 5342 3574 5387 τις
3622 5318 3708 5374 ὑπ’

2118 5414 2361 5479 ἐκείνου
2424 5426 2691 5496 ποιμένος
2740 5426 3096 5494 άπεσοϐεττο,
3127 5426 3297 5490 λύκος
3345 5417 3709 5487 ὲπὶ’ποίμνην

2145 5518 2445 5588 ἁλλόμενος
2470 5535 2485 5550 ⁸
2516 5521 2678 5590 δίκην
2718 5520 2818 5591 μὲν
2851 5520 3101 5591 βραδέως
3126 5521 3452 5593 λαμϐάνειν,
3486 5513 3578 5567 καί
3610 5523 3706 5562 που

2146 5609 2243 5664 καὶ
2264 5593 2657 5682 παραδραμεῖν
2686 5612 2845 5680 δόξαν
2874 5612 3123 5682 ἄμεινον.
3152 5615 3264 5669 Καὶ
3315 5611 3425 5683 γὰρ
3448 5604 3513 5678 ἧν
3549 5604 3706 5667 δήπου

2143 5706 2282 5776 πρὸς
2304 5706 2376 5760 τά
2399 5707 2629 5765 τοιαῦτα
2659 5707 2871 5779 νωθρός
2890 5726 2975 5770 τις
3001 5708 3142 5777 ἄγαν
3168 5725 3182 5740 ·
3216 5708 3358 5778 πρὸς
3381 5703 3440 5755 δὲ
3484 5697 3551 5751 τὰ
3583 5696 3707 5790 βρίζ-

2147 5800 2269 5852 ϐεῖα
2306 5801 2588 5872 παρέχειν,
2610 5799 2706 5854 καὶ
2730 5800 2872 5870 πρὸς
2901 5801 3112 5863 πάντας
3148 5794 3705 5886 ἐλευθεριότητξχξηξ

2149 5892 2295 5956 σθαι,
2331 5891 2614 5956 παντελῶς
2663 5893 2987 5973 ἀκάθεκτος,
3025 5892 3235 5958 Νεῖλος,
3272 5891 3521 5964 ἅπαντας
3542 5879 3704 5944 ἄρδων
