3950 6424
250 330 356 393 193

1029 322 1429 385 THEODORI
1474 322 1834 411 DESPQTE
1872 319 2270 382 LAUDATIO
2304 316 2714 380 FUNEBRIS.
2820 358 2827 359 κ

3423 310 3573 381 194.

246 452 364 514 τοῖς
393 448 526 518 παρ’
547 445 746 500 ἑαυτοῦ
774 443 1035 515 νάμασιν.
1088 444 1250 516 ’ᾚδει
1284 443 1363 514 τῷ
1398 445 1550 515 μέσῳ
1587 443 1700 496 τῶν
1731 459 1831 496 κα-

1972 442 2018 495 is
2044 456 2073 495 e
2106 455 2165 494 re
2194 439 2375 494 visum
2406 444 2551 492 esset
2574 456 2589 502 ;
2611 436 2811 506 quippe
2836 440 2954 487 erat
2975 430 3032 486 in
3065 428 3335 497 ejusmodi
3369 429 3530 485 valde

250 543 361 597 λῶν
384 543 570 613 ἄκρως
597 539 890 606 τυγχάνειν
909 555 924 569 ο
951 538 1050 601 τὰς
1098 537 1156 590 δὲ
1210 538 1525 610 ἀκρότητας
1563 536 1638 606 μὴ
1667 550 1839 604 προσ-

257 633 440 688 ίσσοαι
479 648 496 664 ο
556 630 820 696 ταυταισὶ
850 632 958 699 γὰρ
1011 628 1284 700 δήπουθεν
1335 628 1588 683 κίνδυνον
1641 627 1838 696 μυρίον

255 724 661 796 ἀνηρτημένον.
720 724 942 792 Ἢγὰπα
1014 721 1396 792 τετριμμένην
1470 718 1724 790 βαδίζων,
1777 718 1840 772 τὸ

256 816 504 885 ἀσφαλὲς
534 815 593 866 ὲν
625 813 804 868 ἅπασι
829 813 1012 883 ζητῶν
1069 811 1353 873 κινδύνους
1405 808 1465 864 δὲ
1497 810 1698 881 ῥᾳδίως
1728 807 1841 861 ὲδέ-

258 925 409 979 χετο,
436 910 498 963 οὐ
524 909 765 963 πάντοτε
814 906 912 960 καὶ
972 907 1186 971 πάντας
1242 904 1434 968 ἁπλῶς
1465 920 1482 936 ο
1516 906 1671 959 τουτὶ
1728 906 1840 973 γὰρ

260 1003 646 1075 παραπλήγων
697 1000 1005 1073 ἀνθρώπων
1040 1002 1106 1056 ἂν
1142 1001 1230 1072 εἴη
1255 1015 1273 1034 ο
1305 1000 1423 1055 ἀλλ’
1470 1000 1561 1053 ὅτε
1612 995 1842 1059 τούτους

261 1099 361 1153 οὔκ
393 1096 519 1168 ἐξῆν
554 1097 695 1165 μετὰ
728 1095 827 1151 τοῦ
880 1092 1073 1160 καλοῦ,
1106 1095 1206 1148 καὶ
1239 1093 1336 1147 τοῦ
1366 1091 1699 1163 γιγνομένου
1725 1089 1844 1144 δια-

264 1191 480 1257 φυγεῖν.
534 1189 821 1253 Ἐπιεικὴς
868 1203 953 1249 τις
987 1185 1131 1256 ἄγαν
1183 1181 1290 1256 ἦν;
1350 1179 1525 1257 Οὗτος
1578 1181 1638 1236 δὲ
1666 1180 1720 1234 τί
1777 1181 1842 1233 οὐ

271 1280 411 1348 μετὰ
433 1278 637 1348 πολλῆς
658 1281 757 1348 τῆς
788 1275 1097 1347 ὑπερϐολῆς
1120 1294 1136 1344 ;
1164 1274 1353 1347 Θυμοῢ
1376 1274 1601 1345 κρατῶν
1624 1273 1840 1342 ἓτεροςς

271 1372 378 1425 Καὶ
430 1372 540 1442 μὴν
565 1373 622 1424 ὲν
646 1370 827 1441 τούτῳ
864 1369 1350 1441 φιλοτιμησόμεθα
1411 1368 1635 1437 μᾶλλον,
1683 1369 1844 1437 εἴπερ

268 1483 351 1526 τις
376 1465 534 1527 ἄλλος
561 1463 891 1534 ἀνθρώπων.
946 1462 1171 1516 Γλῶττα
1215 1461 1436 1524 πολλοῖς
1468 1462 1565 1531 μὲν
1617 1461 1845 1530 γέγονεν

269 1555 472 1626 ἀγαθὴ,
499 1553 678 1624 τούτῳ
705 1555 762 1607 δὲ
793 1555 869 1617 ὡς
896 1554 1160 1625 μάλιστα.
1197 1554 1277 1606 Οὐ
1330 1552 1441 1624 γὰρ
1471 1548 1542 1624 ἦν
1589 1551 1847 1605 ἀπειθεῖν

267 1648 648 1717 φθεγγομένῳ.
704 1645 944 1716 Ἠμέρου
990 1646 1087 1699 καὶ
1144 1643 1223 1716 τῷ
1277 1644 1597 1713 μειδιάματι
1643 1641 1844 1705 ἀδίκως

272 1741 649 1811 ἀγριαίνοντα.
682 1742 763 1813 Τῇ
791 1740 848 1793 δὲ
880 1742 979 1810 τῆς
1009 1738 1258 1808 γλώττης
1280 1737 1510 1808 δυνάμει
1561 1735 1846 1808 χρησάμε-

1940 532 2470 604 segnis;erogandis
2499 544 2630 584 vero
2651 526 2894 597 praemiis
2929 541 2994 579 ac
3020 524 3360 595 ingenuitate
3392 523 3533 575 inei-

1943 626 2109 678 L'ttior
2133 634 2273 687 erat.
2292 639 2395 679 nec
2412 621 2641 676 omnino
2662 618 2835 673 teneri
2855 618 3064 683 valens,
3085 616 3190 671 Nili
3219 615 3392 671 instar
3410 615 3531 670 suis

1942 717 2234 773 universos
2288 716 2513 771 ﬂuentis
2539 712 2775 767 ubertim
2795 711 3053 781 irrigans.
3071 708 3292 764 Sciebat
3321 707 3530 772 medio,

1941 820 2191 869 extreme
2220 824 2286 865 ac
2318 822 2535 865 summe
2567 805 2790 876 assequi
2839 804 2981 859 b0tta
3007 819 3023 865 ;
3048 817 3150 856 nec
3202 809 3387 855 tamen
3434 801 3533 855 ad-

1942 908 2198 962 mittebat
2212 915 2481 966 extrema,
2511 901 2712 971 quibus
2735 900 3029 954 innumera
3049 896 3297 968 pericula
3324 896 3533 950 haerere

1945 999 2131 1054 sciret.
2165 996 2388 1052 Lubens
2422 995 2720 1051 incedebat
2751 992 2938 1046 tritam
2963 990 3134 1052 viam,
3170 1003 3425 1059 quaerens
3473 989 3531 1043 in

1944 1090 2203 1162 omnibus
2232 1087 2378 1157 quod
2402 1094 2582 1140 tutum
2616 1090 2807 1140 esset:
2837 1081 3081 1163 pericula
3132 1088 3316 1134 tamen
3361 1078 3538 1134 facilis

1945 1183 2174 1248 adibat;
2203 1188 2259 1236 at
2289 1195 2398 1234 non
2440 1193 2681 1248 semper,
2740 1191 2843 1231 nec
2901 1174 3226 1244 simpliciter
3281 1172 3469 1226 omnia
3516 1188 3535 1224 :

1945 1266 2146 1348 quippe
2161 1290 2284 1344 qua:
2307 1288 2396 1329 res
2414 1271 2738 1327 temerarios
2751 1284 2814 1324 ac
2830 1268 3070 1323 audaces
3096 1268 3285 1323 deceat
3300 1283 3315 1320 :
3329 1266 3423 1321 sed
3447 1265 3541 1321 ubi

1946 1385 2073 1426 cum
2111 1369 2339 1429 decoro,
2365 1380 2431 1421 ac
2459 1380 2557 1435 per
2589 1363 2940 1419 occasionem
2976 1362 3152 1416 vitare
3180 1376 3290 1415 non
3326 1361 3537 1415 liceret.

1944 1463 2206 1521 Ullumne
2236 1452 2394 1516 valde
2412 1460 2723 1515 modestum
2746 1456 2898 1510 dicas
2917 1454 2940 1508 i
2966 1451 3066 1508 llic
3088 1468 3220 1507 vero
3244 1451 3376 1522 quid
3430 1466 3537 1505 non

1949 1558 2123 1612 multo
2159 1568 2393 1610 excessu
2428 1568 2489 1608 ea
2518 1558 2676 1622 parte
2700 1549 2896 1603 habuit
2925 1548 2950 1602 Ἰ
2976 1548 3235 1602 Aliumue
3271 1546 3367 1598 ira:
3383 1559 3539 1598 com-

1951 1660 2129 1719 potem
2148 1647 2173 1701 τ
2203 1650 2255 1701 in
2273 1660 2340 1701 eo
2360 1644 2602 1700 maxime
2623 1657 2786 1712 supra
2812 1641 3045 1711 quosvis
3059 1637 3319 1692 mortales
3340 1639 3540 1705 possu-

1953 1752 2077 1794 mus
2110 1737 2357 1806 gloriari.
2412 1733 2541 1789 Fuit
2588 1733 2778 1787 multis
2836 1730 3097 1801 praeclara
3160 1727 3543 1798 linguaibuie
3626 1766 3635 1771 .

270 1803 383 1896 νος,
416 1833 713 1902 μετέϐαλεν
737 1803 813 1886 ’δν
858 1803 945 1896 είς
963 1803 968 1804 7
993 1803 1533 1903 «pdavﬂpomiav‘xat
1712 1803 1850 1881 Σκυ-

1966 1814 2119 1896 μιῖιηι
2154 1829 2415 1883 maxime.
2444 1826 2619 1897 Tanta
2648 1823 2924 1894 siquidem
2968 1820 3213 1890 pollebat
3267 1819 3545 1873 sermonis

274 1927 383 1979 οῶν
413 1928 671 1996 ὠμότητα
698 1925 797 1997 τὴν
823 1924 1059 1994 πολλὴν·
1094 1919 1164 1996 ἦν
1190 1924 1303 1994 γὰρ
1341 1924 1557 1986 ἀστεῖος
1578 1937 1596 1953 ο
1626 1915 1696 1991 ἦν
1729 1921 1848 1990 ἦδισ

273 2036 423 2083 στος,
456 2019 759 2090 προσηνὴς,
810 2017 1101 2087 μειλίχιος,
1134 2017 1342 2079 πάσαις
1371 2017 1490 2078 ταῖς
1537 2014 1731 2084 χάρισι
1756 2029 1851 2066 κε-

271 2111 581 2181 κραμένος⁶
614 2111 744 2174 ὅλος
802 2110 899 2180 μὲν
948 2107 1227 2179 εὐτορνος,
1284 2107 1361 2170 ὡς
1420 2106 1547 2177 μηδ’
1599 2103 1851 2175 ἡντινοῦν

285 2205 543 2274 παρέχειν
564 2202 739 2271 λαϐὴν
781 2204 861 2266 είς
887 2201 1080 2272 μῶμον
1103 2217 1117 2231 ⁸
1155 2201 1277 2265 ὅλος
1330 2201 1386 2253 δὲ
1423 2196 1695 2263 εὐληπτος
1737 2198 1850 2260 τοῖς

292 2296 441 2348 αὐτὸν
470 2294 658 2350 λαϐεῖν
685 2292 965 2347 [θελουσιν
994 2293 1078 2356 είς
1102 2289 1400 2361 οἰκοδομὴν
1436 2288 1624 2342 καλῶν
1645 2289 1850 2359 ἔργων.

304 2390 508 2456 Ἠτείτο
530 2388 637 2460 γὰρ
669 2390 903 2461 πρέπειν
937 2389 1087 2460 αὐτῷ
1116 2389 1230 2452 τοῖς
1258 2387 1357 2457 μὲν
1401 2383 1702 2450 κακοήθεσι
1757 2382 1854 2436 καὶ

282 2482 425 2536 διεστ
438 2480 742 2551 ραμμένοις
767 2479 1084 2549 ἀνθρώποις
1125 2472 1413 2536 παντελῶς
1447 2472 1755 2542 ἀχείρωτος
1776 2464 1854 2520 εἴη

280 2594 391 2645 ναι,
416 2576 649 2648 εὐχερὴς
684 2576 742 2630 δὲ
772 2573 1027 2643 ἀγαθοῖς,
1050 2568 1132 2636 είς
1153 2571 1181 2625 ὃ
1201 2587 1254 2624 τι
1290 2566 1358 2624 ἂν
1385 2567 1541 2621 αὐτοὶ
1573 2563 1850 2619 νεύσαιεν.

276 2671 391 2724 Καὶ
424 2667 531 2740 μὴύ
565 2667 675 2721 τῶν
707 2668 1141 2739 συμπιπτόντων
1172 2658 1320 2734 αὐτῷ
1365 2659 1559 2714 δεινῶν
1588 2675 1604 2690 ’
1639 2655 1855 2711 πολλῶν

273 2764 321 2815 δ’
353 2763 516 2827 αὐτὸς
546 2761 884 2832 πεπείραται
906 2761 1003 2813 καὶ
1050 2757 1482 2830 μεγάλωνοτοῖς
1526 2753 1638 2824 γὰρ
1700 2749 1859 2821 μεγί·
1906 2800 1909 2801 ,

278 2869 430 2917 στοις
488 2853 722 2924 μάλιστα
770 2855 805 2923 ἠ
853 2850 1129 2922 βάσανος·
1165 2849 1433 2921 κρείττων
1479 2846 1540 2900 οὐ
1602 2842 1856 2914 σμικρῶς

276 2945 479 3017 ὦφθηθ
531 2947 640 3000 τῶν
719 2945 779 2999 δὲ
847 2949 1058 3016 καιρῶν
1115 2938 1654 3015 μεταϐαλλομένων,
1714 2935 1861 2986 ἐκεί-

276 3052 374 3100 νος
426 3034 458 3090 6
515 3035 676 3101 αὐτὸς
724 3035 919 3107 ἔμενεν
972 3048 989 3069 ο
1056 3034 1084 3088 ὃ
1139 3033 1203 3104 δὴ
1260 3030 1490 3086 σπάνιον
1543 3029 1601 3081 ὲν
1628 3022 1857 3097 ἀνθρώ-

280 3143 427 3194 ποις.

1950 1923 2237 1987 facultate,
2273 1930 2336 1975 ut
2361 1920 2632 1974 omnesin
2663 1915 2993 1971 sententiam
3036 1928 3193 1967 suam
3236 1927 3407 1966 orans
3449 1927 3547 1966 co-

1952 2025 2122 2086 geret.
2143 2012 2242 2069 Vel
2275 2015 2454 2069 solum
2480 2013 2675 2067 leniter
2695 2010 2903 2069 ridens,
2937 2007 3138 2077 injuste
3159 2013 3543 2073 exasperatum

1955 2110 2201 2167 sedabat.
2219 2108 2325 2164 Ubi
2341 2117 2520 2162 autem
2534 2105 2734 2175 lingua:
2750 2106 2800 2157 vi
2821 2111 3087 2172 uteretur,
3111 2107 3191 2159 vel
3217 2102 3542 2170 Scytharum

1954 2202 2183 2258 multam
2212 2199 2513 2257 feritatem.
2546 2198 2600 2250 in
2634 2195 2890 2255 humanis
2924 2196 3206 2263 proximos
3230 2195 3459 2250 affectus
3481 2208 3547 2248 ac

1955 2293 2352 2363 benignitatem
2410 2291 2682 2345 mutabat.
2733 2289 2866 2342 Erat
2909 2290 3055 2342 enim
3106 2289 3353 2343 urbanus
3388 2294 3544 2351 ;erat

1955 2383 2339 2445 dulcissimus,
2365 2389 2708 2442 mansuetus,
2740 2370 2995 2438 blandus,
3040 2376 3299 2431 omnibus
3353 2374 3547 2445 gratiis

1956 2485 2314 2546 temperatus.
2335 2475 2463 2529 Erat
2489 2485 2634 2530 tetus
2657 2481 2820 2527 toruo
2849 2470 3048 2533 facilis,
3078 2480 3136 2525 ut
3169 2486 3236 2525 ne
3283 2483 3392 2540 qua
3412 2483 3545 2524 ansa

1960 2571 2027 2624 ad
2068 2570 2278 2624 crimen
2309 2577 2520 2639 pateret
2550 2584 2565 2634 ;
2593 2575 2853 2635 totusque
2886 2565 3027 2619 idem
3056 2568 3334 2634 prebensu
3365 2561 3548 2617 facilis

1961 2670 2099 2726 erat,
2129 2670 2187 2715 ut
2221 2660 2342 2730 quis
2372 2657 2438 2714 ad
2462 2657 2883 2713 aedificationem
2943 2656 3214 2709 bonorum
3266 2655 3428 2709 vellet
3471 2663 3550 2709 te-

1961 2767 2111 2808 nere.
2145 2751 2260 2805 Hoc
2282 2748 2487 2820 quippe
2513 2749 2616 2802 sibi
2650 2761 2957 2816 c0ugrnum
2995 2747 3305 2811 reputabat,
3341 2756 3402 2799 ut
3432 2758 3549 2798 ma-

1960 2843 2124 2911 lignis
2146 2842 2531 2911 perversisque
2567 2839 2883 2892 hominibus
2926 2837 3154 2891 omnino
3204 2851 3262 2891 se
3306 2836 3551 2904 irrepre-

1964 2918 2285 2995 hensibilem
2341 2936 2605 2994 servaret,
2632 2928 2918 3000 lbonisque
2967 2926 3327 2982 nihilominus
3375 2925 3553 2982 facilis

1960 3025 2273 3085 exsisteret,
2307 3037 2373 3076 ae
2419 3021 2747 3091 indulgeret,
2800 3032 3136 3090 quocunque
3192 3019 3416 3073 tandem
3467 3018 3548 3072 illi

1965 3116 2356 3172 inclinassent.
2410 3111 2656 3179 Denique
2706 3110 3091 3181 ingruentibus
3142 3109 3327 3172 malis,
3380 3109 3553 3164 multa

280 3238 448 3296 porro
472 3227 582 3294 ille,
611 3237 674 3285 ac
697 3226 879 3300 gravia
899 3225 1289 3297 tulit;quippe
1314 3221 1584 3297 maximos
1640 3217 1880 3272 maxime
1908 3214 2064 3269 decet
2117 3211 2370 3280 probatio
2432 3229 2446 3265 :
2493 3208 2638 3264 haud
2693 3222 2751 3263 se
2793 3206 3141 3262 mediocriter
3209 3205 3550 3277 superiorem

283 3325 548 3391 ostendit,
573 3340 801 3396 cumque
830 3332 1072 3397 tempora
1118 3329 1487 3385 mutarentur,
1543 3318 1662 3387 ipse
1713 3300 2070 3369 nihilominus
2101 3311 2243 3387 idem
2269 3308 2371 3364 sibi
2412 3316 2564 3373 erat;
2618 3305 2764 3379 quod
2802 3304 2963 3376 plane
3012 3318 3199 3361 rarum
3259 3304 3314 3358 in
3356 3303 3555 3358 huma-

286 3423 372 3478 uis
421 3424 658 3480 accidat.

356 3516 465 3575 Τδν
516 3521 687 3594 ἄνδρα
715 3520 897 3574 τοίνυν
931 3517 1144 3584 τοῦτον,
1193 3519 1318 3587 ἐμοὶ
1345 3498 1551 3579 δοκεῖν,
1585 3510 1644 3580 ὃς
1677 3508 1744 3566 ἂν
1770 3511 1859 3564 ἅν-

2046 3500 2116 3557 Ut
2150 3499 2277 3569 quis
2312 3510 2446 3566 ergo
2479 3481 2969 3563 incomparabilem
2998 3488 3154 3544 illum
3204 3494 3413 3558 spectet
3458 3489 3560 3542 bo.

283 3616 515 3687 δριὰντα
555 3616 710 3687 φαίη,
744 3615 803 3681 ἐξ
830 3615 1137 3685 ἀδάμαντος
1187 3606 1586 3680 ἀπεξεσμὲνον,
1643 3607 1746 3661 οὐκ
1785 3605 1851 3659 ἂν

290 3710 552 3791 ἁμάρτοι,
586 3708 817 3780 ἀφορῶν
838 3707 920 3772 είς
951 3707 1015 3791 τὸ
1070 3700 1180 3759 τῶν
1213 3702 1399 3761 καλῶν
1445 3700 1858 3772 ἀπαράϐλητον.

289 3787 415 3856 Ὅτι
454 3796 510 3856 δὲ
543 3800 786 3863 τοιοῦτος
806 3792 875 3874 ἦν
910 3787 1024 3853 οἷον
1051 3800 1077 3852 ὁ
1104 3798 1263 3866 λόγος
1298 3798 1429 3867 ὑμῖν
1478 3788 1651 3859 ἔδειξε
1675 3834 1690 3859 ,
1726 3792 1864 3862 μᾶλ-

286 3896 382 3949 λον
409 3895 455 3948 δ’
486 3896 559 3958 ὡς
596 3896 695 3947 οὐκ
736 3886 806 3965 ἦν
836 3891 1103 3956 τοιοῦτος,
1134 3889 1275 3944 ἀλλὰ
1299 3889 1396 3943 καὶ
1433 3884 1573 3940 πολὺ
1607 3880 1859 3954 βελτίων,

288 3989 453 4052 αὐτὸς
486 3988 689 4050 ἐκεῖνος
724 3985 1030 4051 ἀπέδειξεν,
1091 3977 1172 4046 οῖς
1229 3998 1289 4034 τε
1340 3978 1635 4051 ἔπραττεν,
1665 3969 1749 4037 οἷς
1803 3989 1864 4025 τε

289 4078 453 4149 ἔφερε
511 4078 599 4130 διὰ
656 4076 778 4147 βίον
831 4075 1019 4146 σχεδὸν
1079 4066 1281 4134 παντὸς
1306 4086 1321 4101 ·
1390 4068 1593 4140 μᾶλλον
1652 4064 1731 4132 δὲ,
1783 4058 1865 4125 οἷς

293 4174 535 4244 ἔπραττε
555 4171 648 4226 καὶ
680 4172 737 4224 ὲν
756 4162 834 4241 τῷ
862 4169 1096 4239 πάσχειν
1118 4183 1133 4197 ·
1164 4166 1261 4218 καλ⁵
1291 4163 1448 4227 αὐθις
1478 4155 1558 4225 οἷς
1599 4159 1868 4228 ὑφίστατο

295 4266 387 4319 καὶ
420 4268 479 4319 ὲν
510 4263 658 4333 αὐτῷ
689 4262 769 4333 τῷ
824 4262 1114 4333 πράττειν.
1150 4259 1288 4313 Οὐδὲ
1325 4255 1453 4327 ,γὰρ
1503 4253 1701 4327 ἡμέλει
1760 4247 1868 4303 τῶν

296 4356 524 4411 δεόντων
552 4358 813 4411 οὐδέποτε
836 4373 850 4388 ο
884 4354 993 4408 οὐδ’
1028 4352 1186 4424 ὤφθη
1218 4351 1283 4422 γέ
1340 4352 1472 4405 aiore
1502 4361 1872 4402 καταπεπτω-

294 4449 406 4514 κὼς
467 4451 560 4504 ὑπ’
614 4434 863 4520 ἀθυμίας
918 4448 1183 4518 ἀμέτρου,
1244 4446 1339 4500 καὶ
1377 4442 1570 4513 φόϐου,
1627 4439 1724 4493 καὶ
1761 4437 1872 4490 τῶν

296 4545 555 4597 τοιούτων
588 4561 601 4573 ⁸
638 4544 751 4598 ἀλλ’
774 4542 896 4596 οὐδὲ
928 4542 1056 4603 τοὺς
1111 4536 1415 4608 λογισμοὺς
1468 4531 1872 4603 διακεχυμένος

299 4639 390 4690 ἐπὶ
416 4636 573 4702 πολὺ,
607 4635 717 4689 οὐτ’
743 4638 800 4688 ἐν
836 4634 1149 4704 εὐθυμίαις,
1184 4629 1299 4684 οὔτ’
1357 4630 1415 4682 ὲν
1475 4627 1712 4697 ἑορταῖς,
1773 4623 1875 4675 οὐκ

298 4732 354 4783 ἐν
386 4731 656 4795 παιδιαῖς,
686 4730 785 4781 οὐκ
817 4730 873 4782 ὲν
906 4728 1073 4799 θήρᾳ,
1122 4726 1223 4779 οὐκ
1245 4726 1303 4778 ὲν
1340 4722 1521 4776 οὐδενὶ
1553 4721 1663 4775 τῶν
1700 4716 1876 4771 τοιού-

302 4841 428 4877 των.
464 4822 589 4875 Οὐδ’
614 4817 904 4893 ἦν⁸ἀργὲς
927 4821 985 4871 ἐν
1024 4820 1139 4879 τοῖς
1169 4815 1388 4903 καιροῖς
1412 4814 1526 4876 τοῖς
1555 4806 1877 4882 χαλεπωτά-

298 4929 437 4981 τοις,
468 4917 565 4969 καὶ
624 4915 976 4984 σκυθρωποῖς
1018 4929 1132 4965 τισι
1179 4910 1543 4981 πράγμασινο
1610 4903 1875 4984 οὐμενουν

299 5007 425 5072 οὐδ’,
445 5010 505 5061 ὲν
537 5006 689 5077 αὐτῷ
725 4981 802 5077 τῷ
836 5006 983 5077 μάλα
1018 5000 1221 5070 νοσεῖν,
1255 5004 1329 5064 ὡς
1356 5001 1526 5072 μηδὲν
1558 4997 1650 5052 τοῦ
1668 4981 1872 5068 ’χρόνου

310 5103 487 5171 μάτην
515 5100 885 5166 ἀναλίσκοιτο,
919 5090 979 5153 οὗ
1002 5098 1064 5152 τὸ
1099 5094 1373 5168 παρελθὸν
1408 5092 1691 5163 ἀμήχανον
1710 5088 1875 5175 πάλιν

308 5193 507 5264 εὑρεῖν.

380 5371 489 5426 Καὶ
523 5375 631 5441 μὴν
670 5370 751 5434 τὸ,
786 5368 1021 5437 Μέτρον
1065 5369 1347 5439 ἄριστον·
1378 5368 1473 5420 καὶ
1529 5365 1611 5430 τὸ,
1674 5356 1882 5430 Mucia);

310 5465 481 5534 ἄγαν,
520 5466 615 5516 καὶ
650 5450 806 5526 ὅλως.
839 5464 1050 5532 ὅσαπερ
1079 5464 1191 5526 τοῖς
1228 5462 1398 5516 πάλαι
1444 5461 1628 5528 σοῖἓθῖῖ
1662 5456 1884 5524 εἴρηται

309 5560 389 5623 είς
444 5560 545 5630 τὴν
574 5558 684 5611 τῶν
735 5557 882 5636 ἡβῶν
933 5558 1258 5629 εὐκοσμίαν,
1319 5556 1514 5626 ὥσπερ
1563 5552 1622 5617 ἐξ
1684 5551 1881 5622 ἐράνου

310 5652 593 5718 συλλέξας,
628 5650 801 5704 ποιῶν
848 5651 1220 5705 διατετέλεκεν
1241 5667 1255 5682 ο
1287 5649 1434 5703 ὥστε
1494 5647 1719 5701 ἐκείνων
1753 5644 1885 5697 Exa-

310 5762 430 5809 στος
457 5745 518 5798 ἓν
549 5760 656 5798 που
692 5741 900 5797 τούτων
938 5732 1162 5814 εἴρηκεν
1184 5761 1197 5777 ·
1236 5738 1392 5807 οὗτος
1422 5741 1480 5794 δὲ
1508 5741 1688 5795 πάντα
1710 5737 1883 5804 ἔπρα-

312 5837 429 5905 ξενο
457 5836 605 5892 οὕτω
632 5836 747 5898 τοῖς
777 5833 916 5898 ὅλοις
954 5835 1126 5891 ἑνεκα.
1157 5831 1268 5890 Ἦν
1293 5835 1350 5887 δὲ
1408 5831 1654 5902 τοσούτῳ
1683 5829 1880 5896 δεξιὸς,

1920 3590 1939 3603 ’
1970 3608 2165 3651 norum
2202 3591 2485 3651 decorem,
2525 3585 2671 3640 haud
2710 3593 2840 3654 puto
2871 3600 2901 3638 a
2935 3584 3167 3637 veritate
3210 3595 3426 3643 errans,
3453 3595 3554 3651 po-

1971 3688 2118 3742 litam
2159 3699 2226 3739 ex
2263 3682 2557 3737 adamante
2578 3686 2842 3742 statuam,
2879 3674 3548 3744 subjectumargumento

1969 3778 2150 3832 virum
2185 3783 2504 3841 nuncupare
2536 3769 2727 3839 possit.
2747 3764 2818 3821 Ut
2852 3778 3018 3835 porro
3058 3762 3186 3818 talis
3207 3762 3394 3827 fuerit,
3414 3776 3556 3829 qua-

1970 3870 2079 3926 lem
2110 3866 2269 3923 vobis
2297 3877 2499 3923 .scrmo
2536 3844 2835 3916 ostendit‘:
2871 3858 3004 3920 imo,
3054 3864 3114 3910 ut
3149 3854 3350 3910 nedum
3406 3854 3556 3917 talis,

1988 3960 2084 4017 sed
2116 3968 2170 4014 et
2203 3958 2365 4026 longe
2393 3951 2742 4025 praestantior
2777 3948 2945 4004 fuerit
2980 3966 2994 4014 ;
3026 3947 3168 4002 idem
3197 3946 3312 4016 ipse
3343 3944 3560 4016 liquido
3602 3950 3605 3955 '

1974 4052 2247 4126 probavit,
2283 4059 2399 4104 tum
2437 4049 2507 4103 iis
2540 4060 2663 4117 quae
2696 4045 2828 4115 egit,
2869 4053 2982 4096 tum
3021 4056 3143 4111 (tuae
3165 4047 3273 4095 tota
3302 4038 3416 4095 fere
3447 4039 3559 4093 νῑά

1979 4148 2119 4201 mala
2137 4143 2400 4201 sustinuit
2425 4158 2439 4205 ;
2459 4149 2624 4210 atque
2645 4138 2782 4193 adeo
2798 4135 2866 4189 iis
2883 4149 3004 4206 qua:
3026 4133 3139 4206 egit
3171 4131 3563 4203 perpetiendo,

1978 4253 2214 4311 qumque
2244 4237 2446 4292 iterum
2477 4234 2644 4290 etiam
2676 4229 2888 4302 agendo
2921 4242 3219 4298 perpessus
3248 4222 3371 4279 fuit.
3406 4222 3562 4278 Nun-

1980 4336 2144 4405 Quam
2179 4331 2325 4386 enim
2371 4325 2639 4399 quidquid
2675 4322 2971 4381 accidisset
3031 4320 3177 4391 quod
3211 4331 3391 4386 opera:
3441 4331 3568 4386 pre-

1981 4408 2289 4488 timuerat,
2318 4422 2609 4493 neglexit;
2654 4435 2755 4474 nec
2811 4430 3059 4487 unquam
3124 4415 3356 4466 omnino
3413 4413 3566 4465 visus

1982 4531 2068 4578 est
2096 4520 2283 4574 animo
2338 4514 2683 4587 concidisse,
2738 4494 3006 4566 obruente
3062 4506 3318 4560 maestitia
3368 4503 3566 4568 nimia,

1983 4624 2089 4669 autr
2106 4622 2277 4677 metu,
2307 4610 2486 4665 aliove
2516 4602 2789 4678 ejusmodi
2824 4621 2838 4657 :
2866 4610 2923 4655 at
2954 4615 3137 4668 neque
3174 4597 3346 4652 eﬂuso
3375 4597 3567 4650 admo-

1984 4708 2113 4762 dum
2155 4704 2362 4763 animo,
2412 4716 2536 4756 cum
2580 4699 2744 4753 ctiam
2782 4691 3082 4765 jucundior
3138 4689 3438 4747 videretur.
3481 4687 3568 4741 vel

1986 4806 2278 4870 agerentur
2311 4794 2434 4850 festi
2464 4800 2772 4848 conventus
2802 4804 2817 4854 ;
2849 4800 2957 4839 non
3008 4784 3088 4850 in,
3120 4782 3287 4843 ludis,
3323 4795 3432 4836 non
3478 4794 3568 4834 ve-

1909 4876 2206 4945 Dnatione
2261 4899 2443 4951 utens,
2490 4900 2601 4939 non
2661 4897 2720 4937 re
2760 4879 2868 4935 ttlla
2921 4873 3215 4949 ejusmodi.
3266 4873 3334 4927 At
3392 4887 3572 4942 neque

1986 4978 2399 5037 moiestissimis
2465 4973 2831 5046 temporibus.
2900 4969 3263 5037 tristibusque
3287 4965 3569 5020 nonnullis

1987 5078 2153 5132 rebus
2178 5075 2392 5130 otiosus
2423 5060 2549 5127 erat
2579 5087 2594 5136 ;
2626 5083 2695 5123 ne
2724 5064 2884 5119 Valde
2909 5063 3131 5135 quidem
3165 5058 3362 5115 affecta
3416 5060 3567 5112 sani-

1988 5179 2120 5231 tate,
2150 5184 2217 5222 ne
2252 5166 2383 5236 quid
2427 5161 2697 5232 temporis
2714 5171 2958 5213 vacuum
3019 5153 3387 5226 peremueret,
3421 5149 3569 5222 quod

1987 5271 2047 5317 ut
2066 5259 2351 5333 prmtcriit,
2373 5257 2517 5313 nulla
2540 5254 2785 5325 posthac
2803 5249 3085 5321 diligentia
3107 5245 3353 5302 revocari
3370 5254 3573 5316 potest.

2060 5356 2333 5410 Caeterum
2398 5349 2536 5406 illud
2577 5342 2841 5417 :Optima
2899 5343 3296 5401 mediocritas:
3345 5355 3428 5407 ac,
3491 5337 3576 5393 Ne

1989 5450 2116 5522 quid
2135 5452 2314 5511 nimis,
2333 5446 2695 5513 omninoque,
2721 5447 2781 5495 ut
2797 5437 2927 5508 quid
2950 5436 3193 5508 antiquis
3207 5432 3571 5504 sapientibus,

1992 5541 2390 5614 Componendis
2414 5540 2705 5594 honestate
2725 5530 3000 5598 moribus,
3019 5531 3229 5585 dictum
3259 5527 3330 5582 sit
3354 5543 3368 5592 ;
3405 5526 3455 5579 id
3474 5525 3576 5577 ille

1995 5648 2259 5708 tauquam
2287 5648 2354 5690 ex
2377 5631 2628 5707 symbolo
2650 5618 2945 5693 colligens,
2965 5634 3138 5680 totum
3162 5638 3221 5677 re
3242 5619 3572 5691 prwslabat:

1994 5741 2158 5803 atque
2184 5730 2320 5784 adeo
2348 5741 2471 5784 eum
2531 5723 2767 5796 quisque
2816 5734 2988 5775 unum
3049 5713 3180 5787 quid
3235 5726 3448 5776 eorum,
3514 5722 3578 5763 ac

1993 5825 2275 5897 singulare
2306 5819 2587 5894 quidpiam
2638 5815 2836 5873 eﬂ'atus
2879 5812 2973 5876 sit,
3025 5809 3145 5880 ipse
3193 5820 3340 5861 unus
3389 5803 3577 5860 omnia
