3950 6430
480 318 583 380 193

1681 316 1731 374 Μ
1744 318 1784 374 Α
1797 313 1839 373 Ν
1854 316 1894 376 U
1910 314 2079 374 ELIS
2125 315 2210 374 ΡΑ
2224 308 2537 375 LJEOLOG
2554 315 2569 373 1

3600 327 3686 391 196

475 425 585 494 egit
621 442 636 479 :
692 426 769 479 sic
803 422 1054 478 vincebat
1090 423 1388 479 universis.
1452 423 1529 477 lta
1570 440 1698 479 vero
1726 435 1887 494 aptus
1914 435 2037 478 erat.

2156 424 2250 478 καὶ
2291 423 2437 477 οὕτω
2475 426 2596 487 ταῖς
2648 425 2906 478 ἁπάντων
2934 425 3250 494 συμϐαίνων
3285 432 3540 501 γνώμαις,
3566 444 3690 505 μετὰ

436 546 437 561 ι
475 519 663 584 sicque
702 512 1081 572 universorum
1116 516 1314 570 animis
1341 517 1699 587 congruebat,
1720 526 2031 587 opportune

475 625 642 681 agens
664 609 874 671 omnia,
914 625 978 663 ac
1011 624 1203 663 omnes
1237 610 1449 663 sincere
1484 610 1690 672 colens,
1734 625 2046 679 quanquam

479 702 642 756 nullis
675 701 1188 769 noxieindulgeret.
1228 711 1286 753 ut
1322 702 1423 769 ipsi
1462 717 1571 755 non
1621 717 1748 755 raro
1806 711 2046 765 actores,

478 792 727 847 beneficii
753 807 811 845 se
851 809 975 847 reos
1019 803 1401 860 agnoscerent,
1437 808 1500 846 ac
1554 802 1779 861 agerent
1820 796 2046 861 gratias,

476 900 601 940 cum
675 889 839 942 etiam
873 900 1039 940 causa
1063 885 1413 949 cecidissent,
1456 900 1522 939 ac
1561 894 1746 940 essent
1798 884 2048 939 frustrati

479 980 590 1035 ﬁne
622 996 787 1049 supra
841 993 1003 1048 quam
1035 976 1151 1037 alii.
1200 992 1325 1030 eum
1361 975 1471 1031 voti
1511 986 1793 1044 compotes
1868 976 2048 1029 affecti

480 1083 669 1140 optata
707 1087 986 1141 accepere.
1026 1070 1235 1124 Accidit
1264 1069 1438 1133 enim,
1474 1079 1526 1121 ut
1555 1067 2046 1130 nihiletiamdans,

475 1165 732 1228 delectes,
771 1173 937 1229 utque
964 1163 1203 1216 vicissim
1248 1162 1427 1216 dando
1466 1161 1785 1229 displiceas.
1818 1160 2052 1214 Univer-

475 1258 577 1315 siss
599 1273 658 1311 se
693 1258 1204 1311 communissimum
1270 1254 1639 1322 permittebat,
1704 1270 1768 1308 ac
1816 1254 2051 1307 maxime

472 1361 659 1419 gratus
684 1348 1165 1418 congressionibus
1197 1359 1350 1404 erat:
1389 1362 1489 1400 nec
1514 1347 1811 1415 quidquam
1841 1353 2044 1407 tamen,

474 1440 809 1494 inorutndlla
845 1440 1200 1507 ingenuitate,
1253 1440 1415 1492 rebus
1449 1438 1740 1505 officiebat.
1795 1437 1925 1489 Erat
1974 1436 2050 1489 si-

471 1533 692 1602 quidem
744 1534 939 1600 plenus
999 1531 1430 1585 architectonica
1474 1531 1731 1591 scientia,
1797 1541 1911 1582 tum
1979 1529 2045 1582 ad

473 1623 726 1692 politicos
770 1635 974 1682 mores,
1005 1631 1118 1674 tum
1160 1621 1225 1674 ad
1268 1620 1486 1687 negotia
1544 1619 1784 1687 publica,
1833 1617 2047 1684 sibique

470 1713 601 1768 satis
638 1712 757 1781 ipse
789 1701 926 1774 erat,
945 1724 1000 1765 ut
1028 1721 1081 1765 ct
1106 1711 1333 1781 singulis
1352 1720 1731 1765 eonsueseeret
1752 1725 1849 1778 pro
1868 1707 2051 1776 cujus-

2151 517 2244 568 τοῦ
2276 516 2471 584 καιροῦ
2498 516 2565 568 τὰ
2600 516 2790 570 δέοντα
2841 518 3035 583 ποιῶν,
3095 523 3189 572 καὶ
3221 524 3452 591 γνησίως
3499 529 3689 593 πάντας

2157 607 2573 678 μετερχόμενος,
2602 610 2665 661 ού
2697 610 2804 679 μήν
2837 627 2947 662 τισι
3004 613 3143 682 πρὸς
3174 613 3693 688 ’βλάδην⁷χαριξόμε-

2153 718 2264 763 νος,
2305 701 2380 762 ὡς
2402 701 2496 753 καὶ
2548 701 2810 765 πολλάκις
2856 703 3019 772 χάριν
3067 704 3464 771 ὁμολογοῦντας
3504 709 3693 763 εἰδέναι

2152 793 2279 854 τοὺς
2304 793 2744 860 ἐπαγγέλλοντας
2776 793 2944 863 ἔχειν,
2977 793 3187 850 εἴποτε
3216 798 3308 849 καὶ
3360 798 3455 850 τοῦ
3496 801 3693 854 σκοποῦ

2152 884 2550 954 διημάρτανον,
2581 886 2727 954 ἥπερ
2757 884 2909 938 ἄλλοι
2937 887 3065 951 τοὺς
3109 887 3368 953 λαϐόντας
3405 884 3475 944 ὧν
3514 892 3695 945 ἐπεθύ-

2159 992 2317 1042 μουν.
2351 976 2511 1028 Ἔστι
2547 976 2653 1046 γὰρ
2694 979 2791 1029 καὶ
2838 976 3001 1032 δόντα
3042 978 3212 1048 μηδὲν
3275 980 3555 1049 εὐφρᾶναι,
3611 960 3719 1037 και

2153 1067 2465 1120 τούναντίον
2495 1067 2650 1129 αὖθις
2695 1071 2896 1138 εὑρεῖν.
2941 1067 3051 1124 Ἦν
3087 1072 3188 1140 μὲν
3239 1074 3540 1137 κοινότατος
3568 1075 3698 1129 ᾶπα-

2155 1176 2239 1211 σιν
2264 1178 2276 1190 ·
2318 1154 2386 1227 ἧν
2413 1158 2471 1211 δὲ
2503 1161 2625 1222 ταῖς
2664 1162 2977 1223 συνουσίαις
3010 1163 3393 1230 χαριέστατος,
3426 1165 3514 1216 καὶ
3538 1164 3619 1217 διὰ
3644 1165 3699 1217 τὸ

2153 1248 2246 1301 τοῦ
2281 1250 2448 1320 ἤθους
2486 1251 2774 1320 ἐλεύθερον
2815 1252 2923 1304 οὐδ’
2950 1254 3255 1307 ὁπωστιοῦν
3291 1255 3569 1325 πράγμασι
3616 1256 3700 1309 λυ-

2156 1343 2504 1411 μαινόμενος.
2548 1344 2795 1415 Ὑπῆρχε
2827 1345 2937 1415 γὰρ
2975 1346 3351 1416 πληρέστατος
3397 1349 3702 1416 ἀρχιτεκτο-

2152 1429 2309 1497 νικῆς
2361 1432 2676 1500 ἐπιστήμης
2700 1433 2780 1495 εῐς
2812 1451 2870 1485 τε
2898 1432 2965 1486 τὰ
2995 1435 3249 1488 πολιτικὰ
3281 1436 3388 1506 ἢθη
3418 1436 3495 1499 είς
3546 1452 3602 1488 τε
3638 1437 3700 1489 τά

2153 1520 2637 1604 κοινὰθπράγματα
2662 1538 2675 1553 ⁸
2708 1524 2805 1577 καὶ
2825 1524 3050 1596 ἐξήρκει
3101 1543 3165 1594 γε
3198 1530 3438 1581 συνεῖναι
3466 1527 3558 1579 καὶ
3607 1544 3703 1595 χω⁸

2155 1613 2240 1681 ρὶς
2268 1613 2521 1675 ἑκάστοις
2555 1615 2691 1684 πρὸς
2717 1618 2946 1685 τρόπου,
2977 1618 3074 1669 καὶ
3124 1615 3286 1681 αὖθις
3338 1621 3504 1672 πᾶσιν
3555 1616 3701 1687 ὁμοῦ.

2156 1705 2315 1774 "il/35:.
2354 1721 2415 1756 τε
2444 1706 2623 1759 δοκεῖν
2645 1706 2973 1776 διαχεῖσθαι,
3003 1712 3096 1761 καὶ
3125 1710 3215 1763 ἀεὶ
3263 1711 3332 1763 τὰ
3383 1708 3703 1778 καιριώτερα

469 1821 576 1874 que
611 1806 858 1869 moribus
882 1819 1051 1873 utque
1080 1805 1357 1872 integrum
1383 1817 1443 1856 se
1474 1801 1749 1854 universis
1778 1807 2037 1852 servaret.

2154 1794 2433 1865 προύργου
2463 1796 2746 1850 τίθεσθαι·
2796 1799 2891 1851 καὶ
2927 1801 3365 1866 κατασκευάζειν
3397 1802 3566 1855 ἐνίοτε
3618 1817 3704 1867 με-

465 1893 703 1949 Noverat
771 1905 829 1949 ut
885 1904 941 1948 et
989 1894 1265 1947 videretur
1319 1892 1543 1945 hilarior
1578 1889 1837 1954 diffundi,
1878 1898 2046 1955 utque

471 1986 831 2041 nihilominus
888 2000 1108 2052 semper
1149 1984 1530 2053 principaliora
1581 1997 1743 2050 opera
1801 1972 2038 2049 pretium

472 2087 751 2150 poneret;
790 2086 955 2146 atque
985 2085 1042 2130 ut
1100 2090 1501 2145 nonnunquam
1544 2090 1633 2128 res
1693 2087 1923 2141 magnas
1983 2084 2044 2123 11C

464 2174 814 2226 admirandas
843 2170 952 2224 ludi
996 2184 1102 2222 non
1143 2166 1420 2222 inhonesti
1459 2165 1639 2232 specie
1661 2172 1887 2232 gereret.

535 2264 672 2319 Cum
710 2264 793 2317 sic.
823 2276 952 2330 ergo
979 2270 1141 2314 natus
1179 2272 1346 2321 esset,
1379 2258 1568 2325 sicque
1602 2256 1902 2309 voluntatis
1950 2254 2043 2307 ba-

467 2357 639 2420 beret,
676 2371 738 2409 ac
764 2355 837 2408 ita
869 2353 1401 2414 fuissetinstitutus,
1425 2351 1677 2417 bonaque
1699 2349 1836 2401 adeo
1862 2347 2044 2400 indole

465 2466 527 2503 ac
554 2448 775 2518 ingenio
807 2446 951 2502 facili
973 2444 1232 2514 praeditus
1256 2442 1512 2507 esset;in
1544 2451 1796 2510 parentes
1825 2439 2041 2508 quidem

462 2540 632 2607 probe
666 2538 932 2608 implevit,
986 2548 1047 2591 ut
1074 2535 1205 2604 quid
1256 2543 1515 2604 parentes
1555 2539 1809 2584 natorum
1845 2529 2043 2598 pietate

466 2630 773 2699 praestanda
826 2638 1017 2697 optare
1075 2626 1288 2695 possint
1324 2642 1337 2679 :
1372 2637 1590 2678 summo
1638 2620 1830 2674 amicis
1865 2618 2041 2673 amori

466 2722 611 2784 fuit;
653 2718 930 2775 universis
963 2717 1175 2772 exstitit
1200 2725 1415 2786 portus,
1440 2714 1729 2781 omnisque
1758 2714 1838 2766 eis
1874 2725 2041 2779 gene-

465 2814 542 2867 ris
599 2812 738 2866 bona
777 2810 1115 2866 eonclliavit.
1167 2811 1456 2864 Praaclara:
1504 2809 1642 2861 adeo
1703 2821 1813 2867 res,
1855 2804 2042 2857 hostes

465 2916 685 2970 quoque
725 2900 1145 2965 iufensissitnos,
1186 2903 1252 2953 ad
1291 2898 1441 2967 pacis
1475 2897 1766 2950 ambienda
1809 2893 2039 2954 hedera,

465 2996 723 3062 onmique
754 2993 914 3048 modo
957 2991 1318 3062 exquirenda,
1359 2990 1739 3058 impulerunt,
1775 2999 1936 3055 atque
1984 2997 2042 3039 ut

466 3085 632 3139 semel
710 3083 866 3148 inita,
923 3092 1041 3137 rata
1104 3096 1321 3134 manere
1388 3079 1611 3130 omnino
1682 3076 2040 3129 eniterentur.

2148 1889 2293 1954 γάλα
2317 1905 2391 1953 ,τε
2421 1888 2518 1943 καὶ
2540 1888 2833 1959 θαυμαστά
2855 1891 3164 1963 πράγματα
3195 1893 3339 1962 μετὰ
3366 1892 3582 1955 παιδιᾶς
3613 1893 3705 1944 οὐκ

2148 1979 2388 2049 ἀσέμνου
2399 2019 2412 2034 .

2217 2251 2375 2305 Οὕτω
2404 2255 2584 2305 τοίνυν
2612 2250 2833 2321 φύσεως
2863 2252 3004 2324 ἔχων
3038 2257 3131 2307 καὶ
3163 2257 3565 2326 προαιρέσεως,
3591 2273 3711 2307 παι-

2149 2343 2393 2406 δεύσεώς
2429 2361 2487 2396 τε
2520 2345 2617 2397 καὶ
2654 2344 2987 2415 δεξιότητος,
3020 2346 3236 2417 ὑπῆρχε
3273 2347 3375 2418 μὲν
3396 2351 3509 2411 τοῖς
3554 2348 3710 2401 αὑτοῦ

2148 2436 2389 2506 πατράσι
2421 2436 2603 2499 καλῶς
2627 2435 2876 2507 πληρῶν,
2904 2437 2941 2491 ἃ
2973 2437 3037 2507 δὴ
3084 2440 3330 2509 πατέρες
3369 2435 3603 2528 εὕςαιντ’
3653 2438 3714 2492 ἂν

2149 2528 2301 2597 παρὰ
2325 2527 2435 2580 τῶν
2469 2529 2601 2580 υἱῶν
2634 2527 2831 2598 ἴσχειν,
2869 2529 3085 2599 ὑπῆρχε
3113 2529 3172 2583 δὲ
3212 2534 3330 2593 τοῖς
3360 2527 3535 2601 φίλοις
3584 2533 3705 2600 ἐρα-

2149 2617 2454 2686 σμιώτατος
2476 2634 2489 2648 ·
2522 2614 2591 2686 ἦν
2625 2618 2682 2671 δὲ
2708 2621 2818 2681 τοῖς
2844 2621 2980 2672 πᾶσι
3033 2620 3217 2692 λιμὴν,
3246 2624 3341 2675 καὶ
3370 2621 3715 2677 παντοδαπῶν

2147 2710 2372 2776 ἀγαθῶν
2413 2710 2702 2780 πρύτανις.
2731 2710 2918 2765 Ταῦτα
2948 2714 3043 2766 καὶ
3077 2713 3558 2782 δυσμενεστάτους
3603 2713 3715 2766 ἀνέ-

2148 2803 2306 2855 πειθε
2341 2804 2586 2857 σπονδῶν
2618 2807 2716 2874 μὲν
2758 2806 2897 2873 ἄγαν
2925 2800 3241 2876 ἐπιθυμεῖν,
3299 2809 3478 2861 πάντα
3504 2807 3559 2859 δέ
3598 2805 3715 2875 τρό-
3788 2838 3793 2843 ~

2148 2910 2249 2945 πον
2286 2892 2494 2961 ζητεῖν,
2535 2894 2684 2955 ὅπως
2749 2894 2931 2947 αὐτῶν
2962 2894 3200 2966 ,τύχοιεν
3224 2911 3238 2924 ’
3309 2898 3406 2951 καὶ
3443 2898 3715 2966 τυχόντας,

2148 2985 2365 3038 ἅπαντα
2412 2986 2700 3053 πράττειν,
2766 2986 2895 3039 ὥστ’
2940 2989 3227 3055 ἐπιμεῖναι
3295 2989 3376 3057 τῷ
3419 2991 3714 3060 πράγματι.

2146 3076 2330 3130 Αἴτιον
2364 3078 2475 3147 δὲὴ
2527 3079 2696 3149 ἀρετὴ
2750 3078 2904 3131 τοῦδε
2946 3079 3194 3146 τάνδρὸς,
3229 3079 3307 3134 δι’
3346 3081 3407 3134 ὃν
3432 3081 3716 3151 ὠρρώδουν

465 3176 517 3232 Id
551 3190 713 3246 porro
750 3177 944 3255 agebat
996 3174 1097 3227 viri
1141 3174 1350 3235 virtus,
1395 3171 1556 3239 cujus
1607 3168 1683 3222 illi
1749 3166 2037 3221 formidine

2149 3168 2241 3230 οὓς
2269 3185 2332 3235 γε
2364 3168 2592 3236 ἐφόϐουν
2621 3147 2781 3221 οῑτδιὰ
2810 3169 2907 3239 τὴν
2927 3169 3100 3238 τύχην
3125 3147 3716 3243 ἐπαιρόμενοιίΜετα·

463 3286 560 3326 eos
578 3270 922 3339 postmodum
956 3266 1278 3327 horrebant,
1296 3264 1495 3334 quibus
1514 3263 1731 3316 fortuna
1749 3259 2032 3323 effer-cute,

464 3372 724 3416 terrorem
751 3360 958 3429 pridem
987 3359 1311 3428 injecerant.
1340 3355 1459 3410 Jam
1489 3357 1631 3410 enim
1665 3357 1806 3407 facta
1849 3368 2032 3406 rerum

466 3452 774 3507 mutatione
808 3451 1048 3519 ;quippe
1081 3450 1133 3503 in
1188 3450 1526 3512 contrarium
1592 3446 1817 3499 omnino
1867 3460 2038 3497 versae

462 3554 638 3607 erant,
676 3558 738 3597 ac
759 3551 963 3613 nostrae
987 3542 1202 3610 quidem
1269 3539 1553 3602 ﬂorebant,
1598 3538 1815 3590 illorum
1857 3544 2035 3587 autem

461 3634 816 3694 tlimuxerant
854 3652 868 3688 :
902 3633 1092 3701 utique
1120 3647 1348 3686 necesse
1377 3639 1516 3692 erat,
1578 3638 1634 3681 ut
1663 3639 1717 3682 et
1756 3627 1791 3680 ii
1826 3629 1891 3680 de
1919 3641 2040 3681 sen-

462 3726 629 3781 tentia
677 3726 1028 3789 decedentes,
1083 3724 1314 3792 tempori
1367 3722 1717 3776 inservirent.
1751 3718 1826 3773 Ea
1854 3720 2039 3788 itaque

462 3819 516 3873 in
551 3835 676 3873 eum
710 3820 1066 3887 pra's‘tabaut,
1109 3832 1232 3886 qua:
1267 3817 1400 3869 olim
1449 3803 1767 3868 decesso'rcs
1818 3812 1870 3864 in
1922 3813 2038 3881 ipso

460 3911 610 3963 soliti
643 3920 805 3962 erant
838 3925 854 3975 ;
889 3924 1120 3977 eamque
1150 3908 1291 3961 diem
1325 3911 1477 3963 festa:
1507 3907 1646 3961 lucis
1697 3907 1821 3960 loco
1875 3906 2035 3958 babe-

462 4001 610 4062 hant,
639 4016 742 4068 qua
786 4016 879 4067 per
911 4004 1159 4053 nuntium
1198 4000 1402 4068 aliquid
1462 4000 1529 4052 ab
1565 4016 1629 4052 eo
1681 3998 2035 4066 epistularum

465 4094 834 4161 accepissent.
902 4092 1061 4157 Quod
1097 4093 1142 4145 si
1195 4092 1361 4146 etiam
1413 4090 1618 4160 aliquid
1686 4090 2039 4157 pollicebatur

463 4180 541 4248 (id
574 4196 707 4235 sane
744 4181 812 4233 ab
842 4179 1164 4248 impcnsiori
1203 4181 1536 4248 pra-stantia,
1566 4189 1623 4231 ut
1674 4178 1848 4246 magis
1895 4193 2035 4244 pra:-

461 4271 643 4340 cipere
674 4287 837 4340 quam
873 4273 1116 4339 polliceri
1173 4270 1504 4339 rideretur),
1541 4268 1871 4322 occinebant
1899 4281 2034 4334 gau-

461 4364 552 4417 dio
577 4364 1076 4432 acceptaepistola,
1106 4377 1216 4416 rem
1238 4372 1443 4431 gestam
1476 4361 1624 4429 pacis
1654 4371 2031 4429 argumentum

464 4454 753 4516 habentes,
792 4469 952 4522 quam
982 4453 1206 4522 quidem
1227 4455 1367 4505 haud
1396 4463 1616 4522 propter
1644 4450 2031 4519 scdiligebant.

461 4547 555 4602 sed
593 4565 658 4602 ne
712 4547 892 4616 perire
960 4546 1308 4613 contingeret
1360 4560 1455 4614 per
1501 4545 1618 4611 ejus
1679 4544 2031 4612 absentiam:

460 4639 605 4703 quod
636 4640 845 4710 pridem
887 4653 1048 4693 secus
1069 4637 1481 4691 existimabant.
1533 4635 1622 4689 Sic
1648 4635 1843 4698 virtus,
1867 4649 2032 4702 quam

383 4726 389 4731 ’
462 4734 681 4785 fortuna
719 4740 963 4801 prrestat,
998 4745 1094 4798 per
1133 4742 1296 4798 quam
1330 4727 1583 4797 superbia
1614 4727 1875 4798 hostium,
1909 4742 2032 4798 cum

460 4840 555 4878 eos
593 4836 777 4893 postea
807 4838 934 4891 Spes
958 4821 1263 4888 fefellisset,
1299 4821 1575 4890 plurimun
1604 4820 1728 4874 fecit
1755 4821 1948 4875 risum.

533 4915 655 4970 Ilico
716 4916 982 4969 hactenus
1046 4914 1195 4968 velut
1247 4928 1461 4968 summa
1517 4912 1777 4977 diximus,
1836 4912 2035 4981 quibus

460 5007 678 5061 abunde
712 5007 1038 5061 declaratam
1095 5016 1226 5075 puto
1261 5006 1359 5060 viri
1411 5004 1673 5070 indolem,
1731 5015 1792 5058 ut
1848 5002 2035 5058 multis

462 5101 718 5157 laudibus
749 5109 893 5154 essit
943 5100 1103 5168 digna
1140 5116 1153 5152 :
1184 5096 1274 5153 ‘sin
1306 5110 1485 5154 autem
1549 5098 1762 5167 singula
1812 5111 2031 5164 quoque

461 5192 714 5261 prosequi
751 5191 1215 5260 Oportcat,dieam
1246 5189 1593 5260 compendio,
1640 5198 1845 5258 quanta
1908 5187 2022 5239 fue-

462 5283 810 5336 ritfacultas.
858 5278 931 5335 Ut
961 5280 1106 5351 enim
1143 5279 1312 5332 beata:
1369 5279 1648 5332 memoria:
1707 5277 1810 5329 viri
1869 5275 2032 5344 hujus

462 5375 727 5441 praeclara
753 5384 900 5442 geSIa
928 5372 1185 5426 diffusius
1208 5380 1525 5433 narrentur,
1560 5370 1627 5422 iis
1659 5370 1843 5437 potius
1896 5383 2031 5422 con-

461 5475 640 5531 gruat,
675 5480 907 5532 quorum
929 5465 996 5518 sil
1019 5464 1254 5528 insituti,
1290 5474 1349 5517 ut
1386 5478 1566 5516 rerum
1597 5471 1871 5531 gestarum
1896 5477 2029 5515 con-

462 5567 647 5612 texaut
690 5557 973 5614 historias.
1007 5555 1147 5624 Quin
1197 5557 1476 5611 eteadem
1539 5573 1755 5626 quoque
1817 5558 2028 5611 ratione

462 5665 529 5702 ne
567 5650 643 5703 illi
678 5651 895 5719 quidem
941 5660 1096 5719 gesta
1129 5649 1311 5702 omnia
1342 5663 1732 5717 percensuero.
1755 5648 1841 5703 Uti
1877 5648 2025 5703 enim

459 5755 642 5795 rerum
666 5741 735 5796 ab
760 5756 826 5797 eo
852 5751 1128 5811 gestarum
1194 5739 1511 5810 magnitudo
1557 5741 1832 5809 prohibet,
1860 5750 1919 5794 ut
1964 5756 2033 5794 ne

2144 3260 2505 3329 κεκλημένων
2536 3259 2646 3331 γὰρ
2668 3260 2778 3313 τῶν
2822 3262 3206 3331 πραγμάτωνο
3246 3266 3349 3318 καὶ
3404 3269 3513 3337 γὰρ
3572 3263 3719 3318 ἀντέ-

2144 3368 2390 3418 στραπτο
2422 3352 2701 3414 παντελῶς
2725 3391 2742 3418 ,
2798 3354 2894 3405 καὶ
2928 3354 2995 3405 τὰ
3027 3354 3126 3423 μὲν
3178 3356 3434 3428 ἡμέτερα
3462 3357 3632 3429 ἤνθει,
3662 3355 3723 3407 τὰ

2141 3445 2199 3497 δὲ
2232 3446 2459 3497 ἐκείνων
2492 3447 2899 3518 κατερρυήκει·
2932 3449 3112 3518 χρεὼν
3145 3446 3215 3521 ἦν
3272 3452 3464 3523 δήπου
3533 3450 3720 3504 κάκεί-

2140 3554 2264 3596 νους
2292 3536 2696 3606 μεταϐαλόντας
2740 3541 3124 3611 συμφέρεσθαι
3184 3544 3434 3607 τούτοις.
3467 3540 3577 3598 Ἦν
3631 3541 3719 3594 οὖν

2140 3630 2337 3699 ἐκείνῳ
2373 3632 2508 3700 παρ’
2554 3632 2759 3700 αὐτῶν,
2791 3633 2827 3686 δι
2881 3636 3013 3702 πρὶν
3063 3635 3299 3699 ἐκείνοις
3343 3639 3412 3690 ἐκ
3465 3636 3579 3690 τῶν
3624 3635 3726 3703 πρὸ

2140 3719 2333 3772 τοῦδε’
2373 3722 2468 3772 καὶ
2500 3717 2639 3793 ἦγον
2673 3723 2880 3792 ταύτην
2931 3723 3129 3793 ἑορτὴν
3156 3722 3258 3793 τὴν
3295 3724 3543 3796 ἡμέραν,
3603 3726 3658 3776 ἐν

2140 3829 2224 3873 τις
2254 3813 2385 3883 παρ’
2420 3814 2632 3868 ἐκείνου
2666 3815 2801 3886 πρὸς
2831 3817 3029 3879 αὐτοὺς
3062 3809 3165 3887 ἦκε
3199 3818 3385 3888 βραχύ
3416 3834 3472 3870 τι
3494 3817 3726 3886 γράμμα

2141 3907 2408 3973 κομίζων.
2442 3907 2502 3958 Εἰ
2536 3907 2592 3958 δὲ
2628 3908 2723 3961 καὶ
2753 3907 3066 3978 ἐπήγγελλέ
3085 3926 3163 3973 τι,
3185 3908 3339 3963 οὕτω
3355 3912 3406 3965 δ’
3442 3911 3503 3977 ἐξ
3527 3912 3724 3977 ιῖιπεροο

2140 4000 2261 4067 χῆς,
2311 3999 2386 4062 ὡς
2465 4000 2665 4069 μᾶλλόν
2723 4017 2787 4068 γε
2848 4003 3210 4070 προστάττειν
3275 4003 3312 4073 ἢ
3364 4002 3728 4073 ἐπαγγέλλειν

2141 4090 2341 4159 ἐπῇδον
2363 4092 2413 4143 οἱ
2439 4091 2725 4161 δεχόμενοι
2754 4091 2859 4160 τὴν
2887 4094 3199 4162 ἐπιστολὴν,
3231 4097 3551 4167 τεκμήριον
3566 4093 3722 4164 ἡγού-

2142 4200 2296 4248 μενοι
2379 4184 2604 4254 εἰρήνης
2666 4185 2726 4236 τὸ
2801 4186 3046 4256 πραχθέν
3084 4200 3099 4216 ο
3172 4187 3239 4256 ἣν
3306 4188 3415 4241 οὐκ
3494 4187 3729 4257 ἠγάπων

2137 4273 2205 4325 δι’
2234 4274 2426 4344 αὐτὴν,
2446 4276 2582 4345 ὅπερ
2611 4275 2718 4327 ἔδει
2742 4290 2756 4305 ·
2787 4275 2846 4327 τὸ
2881 4274 2938 4327 δὲ
2983 4275 3071 4345 μὴ,
3102 4275 3490 4347 διαφθαρῆναι
3522 4275 3727 4342 ταύτης

2140 4364 2410 4435 ἀπούσης,
2445 4366 2585 4437 ὅπερ
2644 4367 2905 4429 ἐναντίως
2952 4365 3188 4437 πρόσθεν
3221 4370 3506 4437 ἐνόμιζον.
3542 4368 3731 4428 υῦτως

2139 4457 2308 4528 ἁρετὴ
2340 4458 2610 4528 κρείττων
2642 4457 2836 4529 τύχης,
2864 4453 2931 4529 ἧς
2983 4460 3149 4514 ἕνεκα
3191 4461 3236 4514 οἱ
3270 4460 3574 4530 δυσμενεῖς
3605 4460 3731 4513 ἀλα⁴

2141 4550 2507 4619 ζονευόμενοι,
2541 4547 2664 4602 εἶτα
2691 4551 2801 4603 τῶν
2847 4552 3080 4605 ἐλπίδων
3114 4554 3482 4622 ψευσθέντες,
3513 4555 3725 4623 γέλωτα

2143 4643 2608 4712 προσωφλήκασιν
2635 4643 2697 4694 ού
2732 4646 2993 4714 σμικρόν.

2209 4912 2393 4965 Ταῦτα
2421 4912 2497 4977 ὡς
2526 4915 2583 4967 ἐν
2608 4915 2889 4984 κεφαλαίῳ
2909 4917 3040 4986 ἡμῖν
3068 4917 3286 4988 εἴρηται
3311 4933 3327 4947 ’
3370 4922 3475 4973 καὶ
3500 4919 3729 4990 νομίζο-

2143 5022 2241 5073 μεν
2270 5004 2449 5067 καλῶς
2503 5005 2877 5077 ἀποδεδεῖχθαι
2932 5008 3032 5075 τὴν
3080 5008 3239 5061 τοῦδε
3273 5009 3469 5077 φύσιν,
3529 5013 3627 5074 ὡς’
3664 5006 3732 5079 ἦν

2137 5098 2264 5160 ἀξία
2290 5096 2503 5150 πολλῶν
2532 5099 2771 5152 ἐπαίνων
2791 5114 2804 5129 ·
2841 5101 2889 5152 εί
2939 5100 2996 5152 δὲ
3031 5100 3260 5170 προσδεῖ
3290 5103 3388 5154 καὶ
3420 5104 3535 5155 τῶν
3569 5103 3737 5156 καθέ-

2138 5205 2335 5269 καστα,
2371 5188 2541 5253 λέξων
2574 5189 2808 5260 ἔρχομαι
2858 5196 2979 5244 κατ’
3010 5194 3284 5263 ἐπιτομὴν
3313 5194 3450 5246 ὅσον
3498 5192 3616 5247 οἶόν
3652 5211 3729 5245 τε.

2138 5280 2212 5333 Τὸ
2243 5282 2355 5351 γὰρ
2380 5281 2443 5352 δὴ
2471 5282 2654 5351 λέγειν
2686 5285 2920 5355 ἐκτάδην
2946 5285 3015 5340 τά
3048 5287 3392 5356 εἰργασμένα
3430 5287 3513 5357 τῷ
3552 5304 3736 5356 μακα-

2141 5374 2261 5444 ρίτῃ
2290 5376 2404 5436 τοῖς
2436 5374 2598 5445 ἔργον
2629 5377 2849 5445 ἔχουσιν
2882 5379 3117 5448 ἱστορεῖν
3153 5379 3499 5450 οἰκειότερον
3538 5383 3606 5433 ἂν
3642 5383 3732 5446 γέε-

2139 5481 2303 5520 νοιτο.
2334 5466 2410 5517 Οὑ
2445 5467 2553 5535 μὴν
2581 5466 2720 5519 ἀλλὰ
2750 5470 2835 5520 διὰ
2859 5469 2958 5539 τὴν
2992 5471 3165 5539 αὐτὴν
3194 5471 3410 5539 ταύτην
3442 5475 3630 5524 αἰτίαν
3670 5471 3730 5520 οὐ

2136 5556 2317 5610 πάντα
2362 5557 2771 5627 καταλέξομεν,
2815 5561 3027 5631 ὅσαπερ
3077 5564 3270 5630 ἐκείνῳ
3329 5561 3730 5632 διεπράττετο.

2139 5649 2353 5714 ’Ὠσπερ
2392 5649 2500 5719 γάρ
2552 5649 2613 5701 τὸ
2669 5652 2902 5721 μέγεθος
2948 5654 3058 5707 τῶν
3114 5656 3262 5722 αὐτῷ
3302 5656 3730 5725 πεπραγμένων

2138 5741 2311 5812 εἴργει
2362 5743 2500 5813 πρὸς
2552 5745 2784 5799 ἕκαστον
2838 5748 3271 5815 ἐπεκτείνεσθαι,
3318 5746 3475 5801 οὕτω
3539 5750 3638 5801 καὶ
3672 5748 3734 5799 τὸ
