3950 6456
332 372 424 435 197

1057 358 1457 422 THEODORI
1494 352 1852 418 DESl’OTxE
1926 349 2327 450 l..tUD.\TlO
2356 352 2767 411 FUNEBRIS.

3485 352 3585 417 l98

325 487 525 553 πλῆθος
556 484 618 538 οὐ
651 481 923 550 συγχωρεῖ
944 476 1351 546 διαζωγραφεῖν
1384 473 1513 541 ἑξῆς
1547 471 1789 526 ἅπαντα.
1814 467 1886 519 Οὐ
1920 520 1923 528 λ

2030 465 2232 537 iugulis
2256 464 2379 533 ejus
2432 466 2592 518 rebus
2626 465 2951 523 enarraudis
3003 479 3205 524 memet
3268 472 3583 538 extendam,

327 581 433 648 γάρ
492 572 837 644 εὐαρίθμητοι
877 569 1114 628 πάντως.
1167 566 1339 635 Οἶμαι
1393 564 1449 617 δὲ
1510 581 1583 632 μη
1632 572 1694 612 εῖν
1748 555 1892 612 εἶναι

326 658 501 722 τοῦτο’
551 665 688 734 πρὸς
742 661 970 730 γνώμην
1021 662 1168 728 ὑμῖν,
1199 659 1345 725 λέγω
1402 656 1463 708 τὸ
1509 655 1584 725 μὴ
1639 653 1892 730 τάκείνου

284 778 287 781 ‘
330 764 505 814 πάντα
531 759 811 825 διεξιέναι.
834 754 1190 822 Ἐπιθυμεϊτε
1216 750 1324 821 γὰρ
1352 751 1499 810 ἰδεῖν,
1539 743 1599 800 εὖ
1630 742 1748 798 οἶδα
1770 743 1896 796 τοῦ·

332 871 392 906 το
437 853 532 905 καὶ
564 850 707 903 πάνυ
735 847 1062 914 πέπεισμαι,
1094 843 1290 910 ὥσπερ
1327 840 1473 902 τινὲς
1501 840 1559 891 ἐν
1588 836 1778 889 πίνακι
1804 850 1915 902 γεέ

330 944 657 1018 γραμμένας
710 941 810 1002 τὰς
849 939 972 991 -τῶν
1032 920 1332 1007 ἐρωμένων
1367 932 1608 994 εἰκόνας,
1640 932 1731 982 τὸν
1787 927 1900 998 βίον

328 1037 508 1090 πάντα
527 1032 682 1087 τοῦδε
721 1031 970 1100 τάνδρὸς,
1003 1027 1077 1090 ὡς
1103 1027 1225 1080 ὅλον
1253 1024 1387 1080 ὄντα
1414 1024 1696 1095 θαύματος
1722 1021 1896 1086 ἄξιον.

328 1131 562 1197 Δᾶξομεν
593 1125 640 1179 δ’
669 1126 803 1186 ῐσως
832 1124 931 1176 καὶ
954 1121 1165 1175 ἀδικεῖν
1192 1120 1284 1171 τὸν
1317 1119 1427 1171 τῶν
1458 1116 1639 1186 ἔργων
1670 1112 1899 1184 ἀρχιτέ-

331 1239 517 1286 κτονα,
540 1222 587 1273 εί
616 1219 692 1290 μὴ
719 1218 780 1270 τὸ
804 1217 913 1270 πᾶν
937 1214 1251 1282 ἐξείποιμεν
1277 1210 1544 1281 ἀκριϐῶς,
1563 1210 1687 1263 ὅσον
1706 1206 1902 1277 ἐκείνῳ

331 1314 717 1383 κατείργαστο.
762 1307 905 1378 Ἐγὼ
931 1309 975 1362 δ’
1004 1304 1498 1378 ὐμῖνσυμφωνῶν,
1530 1303 1633 1356 ὅσα
1667 1317 1731 1369 γε
1763 1300 1905 1367 πρὸς

336 1408 495 1477 μόνον
540 1404 603 1458 τὸ
654 1402 852 1464 θέλειν,
918 1396 1038 1454 εἶτα
1094 1397 1509 1468 παραιτήσομαι
1561 1394 1650 1447 διὰ
1701 1394 1763 1444 τὸ
1808 1389 1904 1445 τοῦ

333 1501 659 1571 πράγματος
693 1495 1028 1568 πρόσαντες,
1060 1494 1110 1544 εί
1151 1493 1226 1562 μὴ
1282 1490 1556 1559 δυναίμην
1587 1486 1905 1540 ἀκολουθεῖν

331 1596 399 1662 τῇ
433 1591 669 1660 θελήσει.
706 1589 855 1660 Νικᾷ
895 1588 1006 1657 γὰρ
1050 1585 1320 1673 δήπουθεν
1362 1581 1605 1652 ἀτεχνῶς
1634 1579 1698 1633 τὸ
1730 1579 1908 1648 παρὸν

334 1688 645 1757 ἐγχείρημα
666 1684 767 1754 τὴν
794 1682 1074 1752 ἡμετέραν
1094 1680 1270 1749 ἰσχὺν,
1307 1675 1473 1729 οὖσάν
1495 1686 1561 1744 γε
1579 1675 1672 1729 καὶ
1697 1673 1909 1726 οἰκοθεν

336 1781 567 1850 ἀδρανῆ,
593 1777 689 1831 καὶ
709 1774 873 1827 πλέον
899 1772 1198 1842 γινομένην
1231 1769 1478 1838 ἐξίτηλον
1501 1767 1579 1836 τῷ
1602 1766 1697 1820 τοῦ
1744 1766 1906 1834 λόγου

2003 557 2082 609 sic
2142 570 2239 609 nec
2296 558 2581 621 permittor
2632 572 2727 624 per
2787 557 3218 627 multitudinem,
3272 576 3331 616 ut
3392 564 3587 619 ordine

2004 651 2187 702 omnia
2228 649 2500 701 dcliuccm
2536 650 2982 719 adscribamque.
3012 652 3120 707 Nec
3152 657 3296 707 enim
3323 673 3587 711 numerus

2003 741 2159 795 facile
2193 740 2318 793 iniri
2348 748 2550 809 potest.
2585 738 2915 810 Quanquam
2950 756 3076 812 puto
3107 728 3248 801 haud
3282 749 3434 802 vobis
3466 765 3589 819 gra-

2004 845 2119 889 tum
2158 834 2278 888 fore
2311 843 2391 897 nt,
2434 836 2683 904 inquam,
2736 852 2842 889 non
2883 838 3002 906 ejus
3045 856 3134 894 res
3164 820 3355 897 omnes
3405 840 3587 911 gestas
3674 836 3683 843 ’

2003 931 2322 984 edisseram.
2354 928 2686 983 Desideratis
2714 932 2883 992 enim,
2921 936 3088 1000 probe
3112 937 3235 987 novi
3280 951 3344 989 ac
3378 949 3586 989 certum

2005 1021 2201 1085 habeo,
2230 1035 2327 1090 pro
2353 1036 2541 1075 eorum
2573 1022 2803 1087 ratione,
2832 1025 2924 1091 qui
2952 1037 3201 1079 amantes
3245 1044 3293 1079 ιιι
3354 1028 3590 1097 imagine

2009 1113 2254 1181 depictas
2296 1127 2486 1168 eorum
2507 1129 2645 1182 quos
2678 1125 2913 1181 amant,
2974 1115 3248 1186 imagines
3298 1118 3580 1187 impendio

2006 1208 2195 1261 videre
2218 1216 2380 1261 avent
2410 1246 2426 1271 ,
2456 1216 2514 1261 ut
2537 1219 2590 1261 et
2611 1208 2715 1276 ipsi
2750 1218 2917 1262 totam
2946 1210 3177 1265 videatis
3197 1211 3296 1264 viri
3325 1212 3587 1282 pt'aascip-

2009 1304 2118 1349 tam
2148 1296 2341 1360 vitam,
2377 1311 2501 1365 qua:
2526 1304 2641 1350 tota
2678 1298 3106 1354 admirationem
3144 1303 3363 1356 habeat.
3394 1301 3499 1357 Sed
3534 1316 3587 1358 ct

2010 1389 2151 1443 forte
2186 1384 2442 1459 principi
2496 1406 2690 1455 rerum
2747 1393 2929 1460 opiﬁci
2994 1394 3282 1449 videamur
3334 1395 3589 1466 injuriant

2010 1478 2211 1546 facere,
2240 1481 2345 1536 nisi
2390 1495 2477 1537 res
2515 1482 2636 1553 ejus
2695 1492 2836 1540 totas
2890 1496 3146 1549 accurate
3198 1488 3590 1543 edisseramus.

2011 1571 2278 1642 Equidem
2312 1572 2427 1628 sola
2453 1573 2621 1633 vobis,
2639 1576 2919 1630 voluntate
2970 1593 3169 1648 gerens
3194 1594 3426 1645 morem,
3453 1595 3593 1649 opus

2017 1667 2375 1736 postmodum
2411 1677 2642 1737 prepter
2662 1669 2739 1722 rei
2765 1671 2994 1724 arduam
3024 1673 3365 1727 molitionem
3390 1674 3601 1728 detrec-

2015 1760 2166 1827 tabo,
2187 1760 2279 1829 qui
2299 1759 2631 1814 voluntatem
2653 1762 2917 1816 assectari
2945 1779 3228 1832 nequeam.
3252 1766 3431 1820 Vincit
3452 1766 3595 1820 enim

340 1832 603 1939 oxrﬂpa-tt.
650 1865 860 1919 Οὐκοῦν
886 1866 951 1916 ἐκ
996 1864 1106 1914 τῶν
1148 1860 1360 1914 πολλῶν
1389 1876 1450 1913 τε
1477 1860 1573 1912 καὶ
1599 1858 1782 1911 καλῶν
1813 1859 1908 1909 καὶ

2032 1850 2218 1921 iquido
2243 1860 2388 1907 tanta
2426 1853 2596 1908 moles
2628 1850 2871 1909 nostr‘am
2899 1856 3178 1921 virtutem,
3196 1873 3318 1927 quae
3336 1859 3465 1913 olim
3492 1878 3520 1913 a
3540 1875 3599 1915 se

344 1960 618 2029 μεγάλων,
655 1958 819 2011 ἅτινα
866 1956 1066 2017 πάντες
1129 1953 1328 2022 ἐκείνῳ
1386 1952 1606 2005 σύνιστε
1657 1967 1911 2020 πεπραγ-

346 2054 502 2124 μένα,
529 2051 587 2112 ὃς
616 2051 724 2119 πρὸ
772 2047 971 2119 μικροῦ
1002 2046 1123 2116 μεθ’
1151 2045 1308 2115 ἡμῶν
1341 2040 1411 2117 ἦν
1458 2044 1575 2097 νυνὶ
1598 2043 1659 2096 ’δὲ
1686 2043 1906 2110 γέγονε·

345 2141 446 2210 φεῦ
466 2142 479 2194 l
498 2141 665 2193 τῶνδε
698 2139 808 2191 τῶν
841 2137 1057 2208 θρήνων
1079 2133 1531 2202 ύπόθεσις,ὀλίγα
1561 2132 1792 2202 λέξομεν
1809 2132 1910 2201 ἦεη

348 2237 437 2287 καὶ
469 2233 590 2286 κατ’
638 2231 928 2301 ἐπιτομὴν,
969 2230 1158 2298 ὥσπερ
1210 2227 1450 2299 εἴρηται.
1479 2224 1719 2279 Τοιαῦτα
1779 2225 1913 2294 μέν·

355 2345 428 2380 τοι
463 2343 528 2394 γε
566 2323 807 2387 πάντως,
861 2318 952 2377 οἷά
997 2339 1101 2391 περ
1159 2320 1327 2385 δείξει
1385 2319 1477 2371 τὶν
1537 2318 1915 2389 ἐργασάμενον

359 2418 520 2490 ἀληθῆ
548 2416 764 2487 καρπὸν
781 2416 919 2469 ὅντα
943 2416 1010 2484 τῇ
1044 2414 1201 2483 κοινῇ
1229 2410 1403 2481 ταύτῃ
1451 2409 1639 2479 φύσει,
1671 2409 1764 2461 καί
1794 2423 1918 2461 τινα

348 2511 663 2580 φιλοτιμίαν
693 2506 994 2575 ἐξαίρετον.
1029 2507 1101 2558 Οὐ
1125 2506 1308 2558 τοίνυν
1329 2503 1410 2573 τῷ
1449 2502 1525 2571 μὴ
1558 2504 1740 2556 πάντα
1772 2499 1916 2553 κατὰ

350 2604 513 2674 μέρος
543 2601 797 2668 διεξιέναι
844 2599 1126 2670 νομιστέον
1167 2599 1301 2668 ἡμῖν
1345 2597 1413 2650 ἂν
1461 2596 1546 2663 εἴη
1612 2594 1706 2648 τὸν
1750 2593 1919 2662 ἄνδρα

344 2695 534 2747 τοῦτον
555 2692 776 2761 ἔλαττον
819 2693 1045 2761 σχήσειν
1070 2692 1150 2752 είς
1183 2688 1453 2755 εὐδοξίαν,
1487 2688 1561 2741 Τὸ
1586 2687 1694 2757 γὰρ
1726 2686 1917 2756 περιὸν

348 2784 557 2838 ἐκείνου
586 2784 685 2852 τῆς
710 2783 913 2853 ἀρετῆς
942 2782 1002 2834 τὸ
1036 2781 1309 2851 ἡμέτερον
1352 2780 1531 2834 ἐνδέον
1587 2777 1921 2848 ἀναπληρώ-

352 2894 458 2930 σει.
504 2874 758 2945 Ἃρκέσει
804 2877 914 2943 γὰρ
945 2874 1005 2928 τὸ
1038 2874 1147 2927 πᾶν
1178 2871 1590 2942 ἐξεργάσασθαι
1649 2872 1745 2925 καὶ
1789 2872 1921 2923 Exa-

350 2988 478 3026 στον
507 2970 618 3023 τῶν
643 2970 821 3038 ἔργων
851 2967 960 3021 τῶν
1010 2966 1201 3032 αὑτοῦ,
1233 2967 1308 3029 ὡς
1344 2965 1510 3037 μηδὲν
1534 2963 1595 3018 ὃν
1627 2966 1737 3017 τῶν
1774 2961 1923 3032 αύτῷ

351 3062 778 3134 πεπραγμένων,
809 3061 838 3113 ὃ
871 3060 948 3132 μὴ
1005 3060 1278 3128 μεγίστων
1306 3057 1598 3129 εὐφημιῶν
1646 3057 1798 3122 ἄξιον
1823 3073 1837 3088 ο
1875 3057 1924 3109 εἰ

2012 1942 2317 2009 debllis,ab
2339 1945 2606 2013 orationis
2640 1961 2786 2001 nunc
2827 1948 3238 2018 specie,multis
3261 1953 3435 2006 evasit
3474 1953 3598 2006 exi-

2015 2034 2245 2090 lior.Ex
2277 2038 2464 2093 multis
2513 2055 2662 2107 ergo,
2688 2039 2867 2109 iisque
2918 2044 3198 2111 praeclaris
3247 2060 3311 2098 ac
3361 2048 3593 2115 magnis,

2015 2140 2249 2194 quorum
2277 2136 2556 2197 gestorum
2593 2131 2800 2185 conscii
2823 2134 2957 2187 estis
2977 2134 3090 2187 viro
3113 2151 3288 2204 nuper
3310 2137 3595 2194 nobiseum

2018 2218 2339 2285 exsistenti;
2363 2219 2568 2291 quique
2589 2237 2734 2277 nunc
2752 2222 2856 2291 fuit
2873 2222 2975 2278 heu
3002 2226 3014 2278 Ξ
3044 2227 3200 2282 triste
3217 2240 3598 2297 argumentum

2020 2311 2373 2378 planctuum!
2412 2328 2589 2383 pauca
2638 2314 2888 2384 quaedam
2921 2333 2984 2372 ac
3010 2321 3353 2388 compendio,
3391 2322 3470 2376 uti
3501 2336 3598 2376 su-

2025 2417 2146 2457 mus
2166 2402 2656 2473 praefati,dieemus
2686 2423 2781 2463 :ea
2804 2417 2984 2464 tamen
3012 2412 3260 2481 omnino,
3282 2414 3479 2483 quibus
3513 2417 3600 2485 qui

2022 2495 2211 2565 gessit,
2247 2511 2410 2551 verus
2435 2500 2623 2567 generi
2653 2512 2957 2555 concessus
2987 2494 3226 2566 fructus,
3290 2505 3605 2572 eximiaquc

2021 2588 2270 2658 quaedam
2328 2604 2392 2644 ac
2459 2592 2749 2645 ambitiosa
2812 2593 3052 2663 largitio,
3098 2599 3357 2665 eogttosci
3413 2600 3603 2667 possit.

2004 2677 2193 2734 ‘Nemo
2212 2681 2399 2751 igitur,
2427 2682 2571 2752 quod
2601 2685 2754 2753 plura
2777 2685 3112 2754 omittamus,
3144 2689 3318 2743 minus
3344 2691 3518 2744 virum
3541 2690 3606 2743 ad

2025 2773 2396 2828 celebritatem
2427 2776 2663 2831 nominis
2707 2778 3024 2832 habiturum
3051 2789 3220 2849 putet.
3248 2780 3377 2850 Ejus
3408 2782 3608 2852 quippe

2026 2866 2303 2920 ltlculenta
2340 2881 2404 2921 ae
2453 2868 2729 2923 excellens
2754 2872 2932 2925 virtus
2987 2882 3230 2926 nostram
3265 2875 3481 2928 abunde
3511 2876 3611 2927 im-

2025 2959 2196 3028 plebit
2222 2960 2491 3029 inopiam.
2531 2960 2762 3030 Singula
2793 2963 2939 3016 enim
2991 2964 3110 3033 ejus
3150 2968 3429 3034 gestorum
3474 2984 3608 3021 con-

2030 3051 2258 3104 fecerint
2284 3059 2476 3114 letam,
2512 3065 2747 3120 quorum
2782 3068 2851 3107 ne
2880 3068 3020 3108 unus
3040 3066 3124 3107 est
3159 3072 3267 3110 non
3296 3058 3589 3111 maximam

353 3156 428 3225 μή
457 3172 542 3217 τις
570 3152 949 3223 μειρακιωδῶς
986 3151 1148 3224 ἔχων,
1177 3151 1237 3214 ἐξ
1265 3149 1534 3220 ἐπιπολῆς
1559 3168 1613 3203 τι
1639 3150 1923 3243 θεάσαιτο.

2030 3142 2241 3196 habens
2317 3142 2549 3212 gloriam
2589 3142 2736 3197 :nisi
2796 3144 2922 3213 quis
2986 3160 3278 3214 puerorum
3334 3164 3486 3200 utnre
3546 3164 3610 3202 cx

351 3245 590 3299 κακεῖνο
620 3243 666 3297 δ’
694 3243 763 3296 ἂν
783 3264 791 3279 π
811 3242 1053 3311 εἴποιμι,
1089 3242 1174 3293 ὅτι
1203 3240 1470 3303 πολλάκις
1517 3238 1626 3291 κάκ
1656 3237 1766 3289 τῶν
1792 3252 1919 3304 σμι-

352 3336 502 3405 κρῶν
534 3334 630 3388 καὶ
664 3316 1059 3403 ἁπλουστέρων
1090 3327 1231 3384 εἷναι
1265 3329 1593 3395 δοκούντων,
1635 3328 1688 3380 εἴ
1714 3328 1778 3394 γέ
1805 3330 1925 3379 ἐστι

352 3427 567 3492 καίρια,
593 3425 689 3495 οὐχ
725 3419 888 3496 ἦττον
916 3424 1083 3493 φύσις
1111 3422 1446 3492 γνωρίζεται
1476 3422 1509 3493 ἢ
1542 3424 1608 3474 ἐκ
1654 3419 1765 3473 τῶν
1797 3419 1927 3472 πολ-

353 3517 466 3571 λῶν
493 3520 586 3571 καὶ
618 3516 982 3571 παντοδαπῶν
1013 3514 1215 3585 ἔργων,
1246 3512 1444 3583 ῥυθμῷ
1466 3515 1561 3567 καὶ
1594 3508 1747 3576 τάξει
1772 3511 1928 3582 δεδη-

354 3608 644 3677 λωμένων.
687 3607 846 3675 Λέγω
874 3606 932 3659 δὲ
975 3606 1187 3674 καίρια,
1220 3606 1324 3658 ὅσα
1373 3605 1479 3673 πέρ
1507 3605 1624 3656 ἐστι
1650 3602 1929 3673 δηλωτικὰ

357 3698 608 3766 φυσικῶν
664 3698 999 3768 ἰδιωμάτων,
1028 3697 1096 3748 δι’
1127 3695 1163 3750 ἃ
1210 3713 1294 3759 τις
1343 3695 1455 3765 ἔχει
1486 3694 1667 3766 ψυχὴν
1699 3693 1925 3755 ειδέναι,

356 3789 573 3857 ἐρῶσαν
604 3789 816 3858 ἀγαθὴν
848 3785 1010 3841 εἶναι.
1037 3788 1206 3841 ’Ὀθεν
1240 3787 1538 3855 ἀνθέξομαι
1569 3786 1670 3857 τῆς
1703 3786 1928 3855 βουλῆς,

308 3947 322 3957 ¹
354 3881 517 3948 ὀλίγα
542 3882 646 3933 τῶν
668 3880 882 3933 ἐκείνου
908 3880 1143 3947 διεξιὼν,
1180 3880 1275 3933 καὶ
1306 3878 1564 3944 συνελὼν,
1600 3878 1676 3941 ὡς
1707 3872 1820 3929 οἷόν
1845 3892 1928 3929 τε.

444 4152 679 4217 Ἐκεῖνος
714 4154 917 4217 τοίνυν,
943 4146 987 4206 ὦ
1013 4153 1230 4222 ἄνδρες,
1261 4156 1290 4207 ὁ
1316 4157 1502 4208 πᾶσαν
1530 4155 1782 4223 γλῶτταν
1814 4169 1935 4205 πει-

363 4243 619 4312 ρωμένην
659 4243 823 4295 αὑτὸν
876 4245 1124 4296 ἐπαινεῖν
1173 4244 1306 4297 εἴσω
1342 4245 1652 4298 πίπτουσαν
1696 4244 1935 4312 ἀποφαί-

363 4350 490 4393 νων,
545 4334 639 4384 ml
673 4331 880 4401 περιὼν
929 4332 1034 4399 ἔτι,
1062 4333 1157 4386 καὶ
1209 4334 1489 4402 μεταστὰς
1536 4334 1663 4404 ἤδη,
1689 4336 1819 4395 παῖς
1860 4332 1936 4385 ὣν

364 4423 574 4494 ἀρίστῳ
630 4423 857 4491 βασιλεῖ,
910 4423 1044 4476 πολύ
1073 4441 1126 4475 τι
1170 4426 1283 4485 τοῖς
1322 4425 1462 4477 υίέσι
1512 4424 1784 4477 δεικνύντι
1818 4425 1939 4492 φίλ-

2029 3234 2146 3289 sola
2191 3250 2301 3289 rem
2343 3238 2569 3289 externa
2625 3235 2763 3289 facie
2790 3237 2921 3290 velit
2971 3238 3351 3305 spectandam.
3409 3239 3514 3294 Sed
3555 3251 3608 3295 et

2029 3329 2081 3381 id
2107 3326 2454 3391 afﬁrmarim,
2492 3343 2558 3381 ex
2588 3329 2654 3382 iis
2685 3343 2905 3399 quoque
2936 3345 3056 3399 qua:
3112 3334 3324 3385 modica
3356 3348 3421 3387 ac
3474 3335 3610 3388 sim-

2029 3422 2257 3492 pliciora
2285 3418 2560 3485 videntur,
2589 3420 2719 3475 dum
2750 3431 2930 3476 tamen
2960 3424 3051 3476 illa
3086 3434 3231 3478 certa
3266 3425 3455 3479 sintac
3484 3442 3610 3494 pro-

2032 3515 2171 3584 pria,
2206 3513 2344 3566 nihil
2379 3529 2521 3583 szepe
2546 3515 2729 3569 minus
2759 3517 3015 3585 cogitesci
3052 3527 3322 3583 naturam,
3363 3535 3527 3587 quant
3558 3532 3617 3573 nt

2032 3605 2202 3660 multa
2232 3607 2353 3674 quis
2385 3622 2450 3661 ac
2474 3609 2653 3661 omnis
2682 3608 2900 3676 generis
2974 3625 3139 3678 «pera
3176 3609 3369 3663 ordine
3405 3609 3612 3677 produ-

2034 3706 2144 3752 cat.
2172 3700 2333 3752 (Zerta
2364 3701 2490 3752 dico
2522 3715 2586 3751 ac
2619 3699 2868 3768 prepria,
2893 3701 2937 3752 si
2982 3716 3085 3769 qua
3113 3701 3480 3769 proprietates
3511 3715 3613 3753 na-

2035 3799 2174 3844 tura:
2213 3793 2348 3843 satis
2373 3791 2638 3852 indicant,
2673 3805 2738 3843 ac
2770 3790 2971 3859 quibus
2999 3807 3096 3843 ceu
3148 3791 3470 3844 charactere
3526 3797 3611 3844 in-

2035 3883 2307 3950 signiatur
2345 3873 2563 3935 animus
2599 3882 2725 3934 boni
2778 3896 2993 3936 amans.
3053 3881 3158 3936 Pro
3199 3884 3420 3936 consilii
3482 3899 3613 3951 ergo

2033 3976 2246 4027 ratione
2299 3990 2470 4041 pauca
2495 3974 2742 4043 qmcdam
2773 3992 2836 4028 ac
2866 3978 3190 4045 compendio
3217 4018 3229 4039 ,
3281 3988 3337 4030 ut
3385 3977 3612 4041 licuerit,

2034 4066 2353 4121 edisseram.

2113 4161 2206 4213 llle
2261 4161 2447 4230 igitur,
2497 4160 2799 4223 auditores,
2869 4162 3026 4228 cujus
3058 4176 3146 4215 res
3202 4160 3478 4231 praeclarre
3524 4161 3618 4214 lit.-

2042 4265 2203 4319 guam
2257 4264 2478 4304 onmem
2508 4251 2735 4305 laudare
2775 4251 3082 4307 studentem
3132 4252 3369 4308 debilem
3403 4253 3624 4318 faciant,

2042 4355 2106 4394 ac
2137 4341 2541 4408 obtorpentem,
2587 4342 2704 4395 sive
2729 4358 2854 4396 cum
2904 4344 3084 4398 adhuc
3120 4338 3397 4415 superstes
3456 4359 3615 4411 esset,

2028 4431 2160 4486 'sive
2193 4433 2355 4485 modo
2403 4449 2527 4486 cum
2576 4433 2876 4489 defunctus
2934 4449 3060 4491 est:
3101 4454 3224 4492 cum
3283 4430 3617 4507 imperaturi

366 4533 516 4585 τρον,
548 4516 736 4582 ὥσπερ
766 4515 1150 4585 ἁμιλλώμενος
1180 4512 1248 4585 ἦν
1278 4517 1452 4585 αὐτῷ,
1480 4519 1743 4587 μηδαμῶς
1778 4519 1923 4578 siml

2051 4526 2266 4593 Optimi,
2296 4525 2632 4593 multamque
2656 4533 2862 4582 amoris
2876 4530 2983 4582 vim
3010 4530 3064 4583 in
3086 4543 3243 4585 natos
3261 4534 3626 4594 ostendentis,

370 4613 571 4675 φιλεῖν,
604 4610 841 4661 κατόπιν
878 4609 1046 4661 αὑτοῦ
1080 4609 1393 4678 λειφθῆναι.
1440 4610 1602 4664 Ὅθεν
1644 4610 1943 4680 θαυμάζων

368 4705 461 4752 καὶ
495 4701 667 4767 φιλῶν
698 4703 860 4771 εἴπερ
895 4717 979 4762 τις
1007 4700 1165 4764 ἄλλος
1202 4701 1583 4773 Ἀλέξανδρον,
1622 4705 1801 4756 πάντα
1846 4703 1945 4772 μὲν

370 4793 539 4859 ἡδέως
563 4791 633 4842 τά
658 4783 867 4843 ἐκείνου
900 4793 993 4844 καί
1048 4792 1265 4845 ἁκούων
1293 4787 1385 4862 ἦν,
1425 4794 1520 4845 καὶ
1559 4794 1615 4846 λέ
1631 4813 1756 4862 ίων,
1794 4793 1945 4846 ὁπότ’

366 4882 494 4950 ἐξῆν
520 4898 533 4912 ·
566 4881 624 4934 τὸ
659 4883 738 4947 δὲ,
786 4882 882 4935 τοῦ
910 4884 1120 4954 πατρὸς
1138 4884 1425 4937 Φιλίππου
1455 4888 1591 4954 προς
1621 4887 1786 4939 αὐτόν
1810 4903 1944 4938 ποτε

370 4973 661 5043 εἰρηκότος
694 5014 710 5037 ,
750 4975 895 5027 Φιλῶ
945 4990 1005 5028 σε
1055 4976 1281 5044 σφόδρα.
1314 4970 1359 5029 ὧ
1406 4980 1528 5041 παῖ,
1567 4979 1657 5029 τιν
1692 4979 1947 5043 Ἀλέξαν-

366 5066 494 5135 δρον
544 5069 742 5129 εἰπεῖν,
776 5067 945 5134 Κάγὼ
999 5069 1135 5136 φιλῶ
1191 5086 1247 5122 σε
1283 5072 1372 5123 τὸν
1411 5070 1652 5139 ἐμαυτοῦ
1684 5071 1900 5140 πατέρα
1927 5085 1942 5100 ⁸

368 5159 530 5211 τοῦτο
556 5160 613 5211 δὲ
654 5163 860 5213 ἐκεῖνον
888 5161 1053 5224 ἀξίως
1085 5161 1281 5214 ἑαυτοῦ
1313 5166 1480 5230 φάναι
1515 5162 1757 5215 τοιοῦτον
1792 5162 1944 5227 ὅντα,

369 5250 476 5302 οὐδ’
508 5252 809 5303 ὁπωστιοῦν
855 5255 1063 5322 ἡγεῖτο,
1116 5255 1237 5307 οὐδὲ
1290 5256 1489 5326 ῥᾳδίως
1543 5254 1947 5324 ἔφερεν-ἁλλ’

371 5340 642 5409 ἡσχύνετο
664 5344 752 5395 διὰ
778 5343 878 5413 τὴν
910 5346 1045 5415 πρὸς
1069 5346 1157 5398 τὸν
1184 5346 1353 5416 ἄνδρα
1385 5348 1570 5416 φιλίαν
1589 5366 1602 5379 ·
1639 5350 1701 5399 οὐ
1744 5350 1855 5418 γὰρ
1882 5334 1949 5401 ἂν

372 5434 825 5503 παραιτήσασθαι
870 5437 962 5489 τὸν
997 5437 1347 5507 Ἀλέξανδρον
1383 5440 1487 5492 ὑπὸ
1517 5440 1611 5493 τοῦ
1659 5441 1949 5493 διαϐαλλό-

374 5543 559 5594 μενον,
593 5526 672 5596 τῷ
694 5542 759 5593 γε
799 5528 1268 5597 ἀπολογήσασθαι,
1299 5532 1374 5592 ὡς
1400 5532 1498 5584 οὐκ
1529 5532 1779 5585 ἐϐούλετο
1819 5533 1950 5599 ψεύ-

374 5618 597 5683 σασθαι,
631 5617 820 5690 ὥσπερ
850 5621 952 5672 οὐκ
1000 5624 1137 5686 ἐνὸν,
1170 5622 1268 5690 τὴν
1314 5625 1408 5676 τοῦ
1460 5627 1665 5695 πατρὸς
1702 5629 1947 5696 ἀγάπην,

370 5710 470 5780 τῆς
519 5711 633 5765 τῶν
688 5711 966 5780 φιλτάτων
1016 5716 1343 5783 προτιθέντα
1372 5755 1386 5779 ,
1413 5710 1592 5783 ’Κάγώ
1638 5735 1718 5779 σε,
1750 5721 1945 5789 πάτερ,

371 5799 571 5869 εἰπεῖν,
590 5801 754 5873 φιλῶ,
784 5805 880 5858 καὶ
904 5806 1119 5877 φιλήσω
1141 5823 1202 5877 γε
1224 5809 1332 5874 ἀεὶ,
1362 5811 1533 5863 κα.ὶοὺ
1559 5816 1949 5883 παραχωρήσω

2048 4619 2232 4687 proles
2264 4630 2432 4685 esset,
2472 4622 2699 4673 omnino
2757 4621 3068 4674 enitebatur
3120 4639 3186 4677 ac
3240 4626 3627 4687 contendebat,

2051 4719 2110 4763 ut
2144 4725 2213 4763 ne
2261 4712 2561 4780 quidquam
2589 4727 2776 4765 amore
2805 4714 3041 4767 cederet.
3072 4713 3439 4779 Quamobrem
3504 4735 3627 4772 cum

2048 4805 2437 4871 admiraretur,
2474 4820 2537 4859 ac
2569 4806 2614 4860 si
2649 4806 2781 4875 quis.
2809 4806 2978 4890 alius,
3008 4809 3628 4875 atnaretAlcxandrum,

2050 4899 2277 4966 cju5que
2309 4899 2500 4952 lubens
2530 4900 2736 4961 oumia,
2794 4909 3060 4969 quantum
3116 4900 3327 4964 liceret,
3384 4905 3623 4968 audiret,

2051 4992 2366 5059 diceretque
2404 5008 2419 5056 ;
2472 4991 2602 5045 illud
2642 5003 2849 5056 tamen,
2885 5007 3088 5047 uicum
3136 4992 3421 5063 Philippus
3470 5009 3625 5065 pater

2052 5080 2380 5148 quandoque
2424 5080 2652 5134 dixisset
2686 5097 2700 5134 :
2761 5079 2872 5150 Ego
2892 5093 2940 5135 te
2985 5082 3069 5151 ﬁli
3105 5100 3246 5147 ante,
3285 5089 3628 5155 responderit

2053 5172 2179 5226 ille:
2219 5170 2331 5242 Ego
2370 5189 2572 5241 quovue
2599 5184 2647 5227 te
2696 5191 2815 5227 amo
2842 5192 3012 5229 meum
3048 5190 3251 5242 patrem
3276 5194 3295 5232 .'
3323 5165 3466 5235 haud
3534 5185 3628 5237 illo

2052 5263 2216 5331 digne
2247 5266 2481 5329 dictum,
2520 5281 2641 5319 cum
2699 5276 2882 5321 tantus
2914 5280 3085 5335 esset,
3120 5273 3346 5327 omnino
3392 5258 3630 5330 arbi.ra-

2054 5356 2239 5423 batur,
2268 5374 2364 5411 nec
2387 5373 2576 5427 aequus
2618 5357 2828 5412 ferebat
2871 5379 2884 5426 ;
2931 5366 3059 5429 quin
3093 5365 3212 5433 ejus
3235 5374 3359 5420 cum
3390 5346 3630 5438 pudebat

2058 5465 2155 5516 pro
2190 5450 2293 5502 viri
2323 5452 2629 5503 reverentia
2662 5467 2675 5516 ;
2704 5452 2965 5506 nimirum
3006 5454 3096 5507 illo
3153 5468 3470 5526 accusante,
3523 5476 3630 5513 non

2058 5541 2107 5591 de
2127 5549 2393 5595 tractessc
2420 5556 2519 5609 pro
2543 5543 2833 5596 mendacio
2865 5562 3155 5614 excusare,
3183 5558 3442 5619 tanquam
3463 5551 3631 5619 patris

2056 5633 2404 5687 dilectionem
2453 5637 2788 5702 prtehabcnti
2818 5639 3272 5696 charissimnrum
3333 5646 3533 5704 amori,
3571 5663 3631 5699 ea

2056 5726 2219 5777 verba
2254 5726 2308 5778 in
2352 5735 2605 5794 promptu
2641 5742 2746 5779 non
2786 5728 3016 5783 fuissent
3048 5747 3061 5783 :
3091 5730 3201 5798 Ego
3225 5740 3273 5784 le
3290 5748 3513 5802 quoque,
3540 5750 3633 5803 pa-

2058 5829 2316 5883 ter,amo,
2348 5835 2560 5888 sumth
2585 5835 2785 5887 semper
2810 5832 3109 5887 amaturus,
3135 5840 3226 5877 nec
3258 5825 3631 5892 facile-anum-
