3950 6428
230 324 327 388 201

1012 313 1418 385 THEODORI
1460 319 1821 382 DESPOT/E
1862 307 2262 381 LAUDATIO
2294 306 2717 381 FUNEBRIS.

3406 308 3514 379 202

229 435 554 506 δυσχερείας
578 435 993 507 ἀπαλλαγῆναι,
1014 436 1080 508 ἢν
1099 439 1127 490 ὁ
1152 435 1419 506 δυστυχὴς
1439 436 1647 498 ἐκεῖνος
1684 451 1807 486 και-

1918 446 2019 486 nus
2053 429 2120 485 ab
2161 430 2311 485 omni
2348 430 2438 486 illa
2471 428 2743 493 molestia,
2772 442 2935 498 quam
2977 427 3134 484 triste
3188 427 3320 483 illud
3375 437 3514 483 tem-

234 526 321 596 ρος
344 528 479 596 ἡμῖν
532 527 806 597 ἐπήνεγκε
840 526 1173 599 πολλαχόθεν
1195 545 1209 560 ο
1250 526 1477 595 ἀγαθῶν
1512 529 1569 581 δὲ
1622 525 1809 589 τεύξε-

232 621 353 671 σθαι
378 619 474 672 καὶ
505 620 653 689 ἡμᾶς
686 620 1081 691 ἐλευθερώσειν
1113 619 1373 685 ἐλπίζων,
1404 621 1459 674 si
1481 637 1543 689 γε
1578 620 1683 686 ἔξω
1714 621 1810 688 γέ-

232 729 370 766 νοιτο
393 713 632 782 δεσμῶν.
684 712 742 766 Ὀ
768 712 813 766 δ’
846 713 1018 766 εἵλετο
1049 712 1561 784 συγκαθειρχθῆναι
1606 713 1810 784 μᾶλλον

232 807 362 873 ἡμῖν
419 807 477 859 ἑν
512 805 731 876 εἱρκτῇ,
759 806 794 878 ἢ
828 806 891 877 δὴ
944 807 1038 859 καὶ
1072 806 1198 860 καθ’
1243 806 1419 877 αὐτὴν
1455 806 1687 870 θάνατός
1716 800 1808 878 ἦν,

231 899 301 961 ὼς
331 897 528 961 εἰπεῖν,
564 900 661 953 καὶ
684 898 775 952 τὸν
808 899 915 953 ἀπὸ
950 899 1043 953 τοῦ
1072 897 1265 970 ξίφους
1331 899 1807 970 προσαπειλοῦσα.

233 990 394 1043 Ὥστε
428 989 624 1061 γνώμῃ
664 989 895 1066 τέθνηκε
924 990 1014 1045 διὰ
1036 993 1137 1062 τὴν
1166 991 1263 1046 τοῦ
1294 992 1503 1063 πατρὸς
1533 984 1807 1063 ὑποψίανο

233 1082 366 1149 πρὸς
394 1082 461 1152 ἣν
492 1082 557 1135 ἂν
588 1080 701 1153 εἶχε
743 1083 911 1156 μυρία
943 1082 1148 1151 λέγειν,
1187 1084 1244 1137 ετ
1273 1101 1338 1154 γε
1370 1083 1626 1140 ἐϐούλετο
1657 1098 1733 1139 πα
1749 1104 1811 1157 ρ-

233 1173 522 1228 αιτετσθαι.
571 1174 727 1227 Ἐπεὶ
756 1177 853 1228 καὶ
906 1171 1047 1245 ἦσαν
1101 1178 1151 1231 οῖ
1189 1178 1453 1232 τάναντία
1480 1179 1558 1248 τῷ
1601 1180 1816 1249 βασιλεῖ

171 1295 175 1299 -
232 1266 499 1335 λέγοντες,
529 1264 612 1332 οἷς
636 1285 700 1339 γε
729 1269 827 1322 καὶ
864 1271 1027 1334 αὐτὸς
1054 1272 1459 1343 συνεστοίχουν.
1498 1273 1670 1327 Ὄντα
1701 1274 1813 1345 γὰρ

232 1360 392 1412 αὐτὸν
422 1360 580 1422 ἐκτὸς
608 1359 664 1413 τί
696 1362 797 1415 οὐκ
826 1360 892 1415 ἂν
933 1363 1074 1435 ὑπὲρ
1114 1365 1273 1435 ἡμῶν
1308 1366 1556 1435 «piget;
1588 1366 1813 1432 Ἕξουσι

235 1452 329 1523 μὲν
357 1455 414 1506 αἱ
448 1453 643 1517 νύκτες
674 1455 1123 1525 ὲναγρυπνοῦντα
1176 1460 1298 1521 ταῖς
1329 1459 1574 1529 βουλαῖς,
1610 1454 1700 1524 αἷς
1746 1460 1814 1514 ἄν

229 1548 655 1618 ήμᾶςρύσαιτο,
707 1547 896 1620 ὅρθροι
931 1550 1012 1616 δὲ,
1056 1544 1447 1622 ἐπιχειροῦντα
1495 1553 1668 1607 ἅπασι
1701 1556 1814 1618 τοῖς

230 1640 414 1706 δόξασι
445 1640 690 1710 νύκτωρ.
719 1643 1078 1712 φροντίζοντα
1110 1644 1210 1712 μὲν
1240 1646 1353 1698 τῶν
1378 1645 1636 1710 δεόντων,
1664 1644 1815 1710 ὅπως

228 1733 282 1786 δὲ
295 1734 451 1794 τέλος
472 1733 750 1804 προσῆκον
773 1735 926 1804 σχοίη
943 1735 1011 1787 τὰ
1035 1735 1289 1800 δόξαντα,
1311 1737 1491 1790 πάντα
1510 1737 1774 1793 ποιοῦντα
1792 1755 1808 1771 ο

230 1825 678 1896 ὑπισχνούμενον,
707 1820 1060 1898 ἐγγυώμενον
1095 1829 1237 1901 ὑπὲρ
1265 1830 1372 1884 τᾶν
1392 1831 1788 1902 ὑπεσχημένων
1808 1850 1822 1863 ·

230 1918 472 1989 ὀμνύντα
510 1918 700 1973 τούτου
732 1919 932 1988 δεῆσαν
963 1922 1104 1991 πρὸς
1140 1924 1268 1985 τοὺς
1297 1923 1636 1993 δυναμένους
1661 1923 1806 1985 ἀμύ-

229 2028 377 2065 νεινο
436 2012 602 2084 μηδὲν
667 2014 844 2066 ἐῶντα
898 2013 1008 2067 τῶν
1065 2016 1449 2070 συνοισόντων.
1482 2016 1596 2086 Τὴν
1626 2017 1685 2071 δὲ
1740 2017 1805 2089 δὴ

236 2102 504 2173 βοήθειαν,
550 2100 586 2174 ἥ
620 2104 834 2175 προσῆν
874 2104 942 2159 ἂν
998 2105 1221 2170 πάντως
1263 2109 1422 2177 ἡμῖν,
1462 2108 1526 2161 ἐκ
1578 2105 1675 2161 τοῦ
1738 2108 1807 2162 τὰ

236 2194 515 2247 δεινότατα
561 2194 835 2260 ἀπειλεῖν,
872 2193 927 2248 εῐ
956 2214 1041 2260 τις
1084 2195 1152 2251 ἂν
1195 2197 1305 2249 τῶν
1358 2197 1807 2268 σωμάτωνίὴμῖν

244 2286 443 2356 ἅψαιτο,
473 2286 581 2340 ποῦ
609 2303 697 2350 τις
741 2285 814 2341 ἂν
845 2287 1000 2359 θείη;
1034 2288 1202 2344 Οὐδὲν
1246 2290 1313 2343 ἂν
1342 2285 1413 2360 ἦν
1442 2290 1581 2363 αὐτῇ
1626 2307 1811 2361 παρα-

247 2378 458 2449 πλήσιον
502 2380 585 2442 εἰς
616 2378 677 2432 τὸ
708 2378 812 2451 τὴν
857 2374 1006 2451 ζωὴν
1039 2382 1175 2450 ἡμῖν
1232 2383 1549 2452 συντηρεῖν.
1579 2378 1655 2435 Ἤ
1704 2402 1807 2437 που

233 2473 329 2542 τὴν
361 2471 527 2526 αὑτοῦ
562 2472 731 2542 φύσιν
769 2473 933 2543 ἀρκεῖ
981 2474 1072 2527 καὶ
1107 2473 1269 2541 μόνον
1295 2474 1459 2527 τοῦτο
1499 2475 1682 2538 καλῶς
1717 2475 1811 2546 δη-

229 2564 400 2618 λῶσαι
426 2583 441 2631 ;
470 2565 533 2618 Ei
559 2566 671 2638 γὰρ
696 2565 841 2635 ὑπὲρ
873 2564 1116 2635 ὑποιῖωίας
1153 2564 1366 2637 ταύτης
1411 2566 1688 2639 προῦλαϐε
1715 2569 1812 2622 καὶ

228 2654 406 2726 νεῦμα
433 2652 658 2726 πατρὸς,
691 2658 787 2710 καὶ
811 2657 873 2710 τὸ
902 2652 1026 2710 κατ’
1044 2657 1209 2713 αὐτὸν
1232 2659 1521 2730 ἐτεθνήκει
1546 2675 1563 2691 ·
1593 2663 1691 2713 καὶ
1715 2662 1811 2716 πό-

230 2766 358 2812 σους
387 2749 455 2804 ἂν
496 2749 764 2813 θανάτους
794 2750 895 2823 οὐχ
921 2745 1260 2823 ὑπήνεγκεν,
1308 2752 1452 2825 ὥστε
1495 2754 1814 2825 προφανοῦς

227 2842 394 2896 αὐτὸν
442 2842 691 2901 κινδύνου
728 2820 1042 2914 ῥύσασθαιξ
1078 2820 1152 2899 Οὐ
1191 2820 1444 2917 ζηλωτὴς
1484 2820 1717 2913 ’ἰσαᾶκς
1751 2847 1814 2899 οὐ

228 2933 323 2988 τοῦ
356 2935 614 3006 Σωτῆρος
638 2935 805 2989 αὐτοῦ
831 2952 847 3004 ;
894 2937 971 2990 Οὐ
1002 2936 1112 3008 γὰρ
1140 2938 1422 3008 τολμηρὸν
1465 2941 1645 2991 εἰπεῖν
1667 2954 1683 2970 ·
1719 2939 1816 2992 τύ-

229 3043 331 3091 πος
359 3027 472 3098 γὰρ
512 3029 645 3099 ἡμῖν
676 3030 887 3092 ἐκεῖνος
936 3029 1035 3083 καὶ
1066 3028 1439 3100 ὑπογραμμδς
1486 3029 1811 3101 πρόκειται,

1913 539 2018 592 pus
2074 522 2238 577 nobis
2291 521 2611 586 invexisset,
2667 521 2810 576 liber
2856 521 3138 587 evaderet,
3201 531 3515 590 possetqu:

1914 616 2057 671 bona“
2084 616 2373 686 consequi,
2407 630 2474 671 ac
2507 629 2635 685 spes
2664 623 2834 681 esset,
2864 628 2966 669 nos
2993 615 3249 684 deinceps
3310 615 3514 669 libera-

1913 720 2119 773 turum,
2148 718 2205 763 ut
2257 708 2327 765 ab
2366 708 2475 763 illis
2544 708 2660 778 ipse
2714 707 2975 763 vinculis
3007 707 3146 761 liber
3221 708 3510 763 evasisset.

1911 801 2481 857 Maluitnihiiominus
2507 801 2701 857 eodem
2731 801 3023 859 nobiscum
3055 800 3228 855 teneri
3265 816 3510 865 carcere,

1911 896 2006 966 qui
2030 897 2145 966 ipse
2179 911 2277 967 per
2304 911 2363 950 se
2406 910 2555 950 mors
2590 895 2901 960 videbatur,
2948 909 3013 949 ac
3046 894 3266 949 abunde
3317 894 3517 949 mortis

1912 990 2095 1060 gladio
2159 989 2574 1053 consciscenda:
2652 998 2861 1044 metum
2939 989 3239 1059 ingereret.
3311 986 3518 1054 Quam—

1913 1083 2102 1137 obrem
2167 1093 2226 1137 ut
2272 1092 2488 1153 spectes
2520 1082 2692 1137 animi
2717 1081 3084 1152 propositum,
3112 1089 3345 1135 mortem
3376 1079 3521 1135 obiit

1916 1177 1987 1230 σι)
2020 1174 2221 1229 nudam
2256 1176 2431 1246 patris
2464 1175 2863 1245 suspicionem,
2892 1174 2981 1229 cui
3030 1174 3324 1228 innumera
3349 1187 3521 1242 oppo-

1913 1262 2045 1323 nere
2074 1268 2296 1333 licebat,
2334 1278 2394 1324 ttt
2420 1269 2641 1339 quidem
2668 1268 2935 1324 voluisset
3004 1267 3302 1337 imperium
3332 1266 3516 1320 detre-

1915 1370 2089 1418 ctare.
2138 1360 2277 1415 Nam
2326 1376 2505 1432 neque
2548 1361 2779 1417 deerant
2828 1361 2922 1430 qui
2989 1358 3313 1429 imperatori
3355 1372 3520 1412 secus

1918 1453 2292 1518 consulo-rent,
2330 1453 2383 1506 in
2411 1468 2645 1521 quorum
2666 1452 2804 1522 ’ipse
2873 1461 3057 1521 partes
3118 1449 3514 1506 concedebam.

1914 1543 2055 1610 Quid
2090 1545 2235 1598 enim
2268 1545 2359 1599 ille
2422 1560 2545 1598 mox
2580 1545 2801 1613 elapsus
2856 1554 2962 1597 non
2991 1557 3090 1612 pro
3115 1543 3274 1597 nobis
3299 1540 3523 1595 molitu-

1913 1649 2012 1688 rus
2041 1644 2182 1689 esset
2206 1633 2230 1687 ?
2254 1634 2422 1688 Erant
2477 1647 2666 1690 noctes
2718 1636 2991 1690 habiturae
3032 1636 3341 1689 insomnem
3369 1633 3422 1686 in
3453 1649 3516 1688 ea
3566 1702 3569 1705 _

1915 1725 2152 1781 consilia
2193 1725 2411 1798 vigilem
2432 1727 2635 1797 quibus
2665 1743 2767 1784 nos
2808 1729 3042 1783 liberare
3088 1736 3306 1796 posset;
3373 1725 3519 1780 dilu-

1861 1830 1904 1886 Β
1935 1820 2058 1874 cuia
2078 1835 2227 1882 vero.
2296 1822 2480 1877 omnia
2531 1824 2962 1893 aggredientem,
3024 1837 3147 1890 quae
3194 1836 3290 1890 per
3340 1821 3521 1875 noctis

1911 1910 2125 1966 silentia
2167 1928 2198 1967 e
2230 1928 2289 1967 re
2321 1913 2438 1968 visa
2469 1923 2659 1969 essent
2693 1931 2707 1969 :
2737 1928 2799 1969 ea
2860 1923 3149 1969 curantem
3179 1927 3300 1983 qua:
3338 1927 3522 1982 opere

1911 2006 2150 2074 pretium
2179 2013 2445 2073 putasset,
2472 2006 2722 2077 nihilque
2776 2023 2884 2061 non
2949 2017 3206 2079 agentem
3272 2014 3333 2061 ut
3387 2022 3521 2062 con-

1907 2109 2107 2166 gruum
2140 2095 2229 2151 illa
2270 2096 2429 2151 ﬁnem
2485 2097 2801 2167 acciperent
2832 2114 2848 2163 ;
2876 2100 3287 2168 promittentem
3328 2139 3344 2165 ,
3390 2113 3521 2170 pro-

1910 2185 2099 2243 missis
2132 2190 2429 2259 sponsione
2450 2200 2733 2246 caventem
2761 2209 2776 2259 ;
2812 2206 2935 2247 sese
2994 2201 3370 2257 sacramento,
3391 2207 3517 2248 cum

1912 2291 2003 2338 res
2028 2282 2217 2349 ferret,
2253 2283 2319 2338 ad
2348 2299 2445 2339 eos
2496 2284 2591 2355 qui
2636 2296 2865 2356 possent
2894 2286 3112 2352 ulcisci,
3168 2282 3520 2356 obstringen-

1911 2375 2232 2442 tem;nihil
2270 2377 2508 2448 denique
2526 2389 2899 2450 opportunum
2954 2381 3199 2453 negotio,
3255 2381 3519 2437 omitten-

1914 2476 2046 2523 tem.
2078 2467 2132 2521 id
2171 2483 2301 2523 vero
2335 2469 2523 2524 auxilii
2572 2470 2716 2539 quod
2764 2470 3115 2540 suppetebat,
3177 2469 3519 2539 gravissimis

1916 2556 2203 2614 intentatis
2241 2563 2431 2626 minis,
2461 2564 2671 2632 utquis
2698 2564 3046 2635 corporalem
3107 2564 3268 2619 nobis
3333 2562 3516 2617 hesio-

1915 2669 2040 2708 nem
2097 2653 2344 2724 inﬂigere
2396 2658 2655 2726 ‘auderet,
2706 2673 2817 2729 quo
2882 2659 3006 2714 loco
3062 2656 3318 2728 ponam?
3372 2655 3520 2711 Nihil

1916 2760 2052 2801 sane
2084 2745 2224 2802 adeo
2254 2748 2415 2804 nobis
2465 2763 2710 2819 przesens
2737 2750 2805 2805 ad
2832 2750 2956 2804 vita:
3006 2749 3322 2820 praesidium
3377 2758 3519 2803 erat.

1916 2834 2060 2891 Num
2082 2851 2213 2892 vero
2244 2850 2415 2893 unum
2443 2840 2544 2894 hoc
2573 2854 2638 2896 ac
2666 2840 2948 2911 singulare
2971 2841 3225 2910 praeclari
3253 2839 3375 2896 loco
3392 2840 3524 2895 chae

1918 2932 2171 2996 racteris,
2193 2932 2359 3008 vitam
2384 2933 2505 3000 ejus
2536 2944 2806 3004 quantum
2842 2951 2979 3005 Oplls
3013 2945 3119 2999 est,
3183 2936 3323 2990 satis
3388 2935 3525 2989 insi-

1920 3025 2116 3098 gniat?
2143 3024 2425 3096 Siquidem
2462 3027 2609 3081 enim
2629 3023 2714 3082 ob'
2750 3027 2922 3082 levem
2945 3044 3065 3081 eam
3120 3025 3519 3096 suspicionem,

227 3121 325 3174 καὶ
349 3117 439 3190 εῖη
467 3121 533 3175 ἄν
567 3137 684 3185 πως
730 3121 1136 3192 κεχαρισμένον
1172 3122 1251 3192 τῷ
1277 3121 1490 3174 ἐκείνου
1535 3121 1729 3192 πατρὶ,
1765 3120 1813 3175 εῖ

1919 3122 2130 3177 nudum
2164 3121 2345 3190 ipsum
2370 3120 2663 3191 occupavit
2695 3120 2868 3188 patris
2922 3129 3141 3185 nutum,
3174 3126 3523 3187 mortemque

226 3230 311 3276 τις
336 3212 604 3284 ζηλώσειε
633 3212 724 3266 τὸν
754 3214 891 3269 υῖόν.
937 3212 1034 3269 Ὧν
1071 3208 1127 3267 δὲ
1150 3214 1280 3284 περὶ
1313 3214 1441 3277 τοὺς
1479 3213 1678 3282 γονέας
1700 3230 1813 3267 τοι-

1921 3214 2115 3281 obivit,
2140 3228 2262 3284 quae
2282 3228 2394 3269 sua:
2416 3222 2576 3267 erant
2602 3221 2785 3283 partes
2811 3227 2826 3278 ;
2857 3226 2997 3282 quas
3037 3227 3147 3265 non
3177 3222 3415 3277 mortes,
3450 3213 3520 3265 ab

226 3304 407 3370 οὗτος,
447 3305 605 3370 ἄλλος
652 3305 792 3377 πρὸς
840 3301 989 3377 ἡμᾶς
1039 3306 1326 3377 ἀνεφάνης
1360 3306 1649 3376 Οὐδαμῶς.
1703 3306 1817 3360 Καὶ

227 3399 339 3468 γὰρ
358 3399 576 3452 οἰκοῦσι
596 3400 696 3470 τὴν
717 3400 965 3470 φρουρὰν
984 3398 1169 3467 ὀλίγου
1200 3400 1312 3455 δεῖν
1344 3398 1471 3470 τρία
1501 3397 1622 3471 ἐτη,
1641 3398 1816 3454 πολλὰ

227 3490 496 3560 νοσήμαθ’
525 3494 657 3561 ἡμῖν
689 3487 993 3562 ἐπέσκηψε,
1013 3495 1109 3547 καὶ
1138 3490 1431 3563 διηνώχλει
1458 3493 1658 3562 πικρὸν
1686 3493 1815 3564 ἄχρι

229 3582 433 3651 βάθους
474 3584 819 3655 εἰσδυόμενα,
866 3585 961 3639 καὶ
1012 3584 1077 3658 δὴ
1127 3588 1224 3638 καὶ
1270 3586 1601 3655 σπλάγχνων
1632 3585 1817 3640 αὐτῶν

163 3693 167 3695 λ
226 3679 325 3731 καὶ
344 3677 593 3748 κεφαλῆς
625 3679 702 3748 μὴ
727 3678 1021 3749 φειδόμενα
1042 3695 1056 3709 ·
1089 3678 1216 3732 ἐπεὶ
1249 3678 1307 3731 δὲ
1340 3678 1590 3744 ἐλπίζειν
1616 3670 1718 3733 οῦκ
1744 3673 1813 3751 ἤν

226 3766 589 3837 λυθήσεσθαι,
621 3769 723 3822 ὅσα
756 3785 823 3837 γε
856 3771 937 3832 είς
985 3769 1288 3839 λογισμοὺς
1332 3769 1483 3839 ἥκει,
1529 3768 1814 3839 κατηνάγ-

225 3860 366 3922 καζε
392 3859 454 3912 τὸ
498 3863 733 3932 πρᾶγμα
764 3862 859 3915 καὶ
889 3861 1065 3934 αὐτὴν
1114 3860 1180 3931 δὴ
1229 3859 1332 3932 τὴ)
1384 3861 1555 3933 ζωὴν,
1584 3861 1644 3914 τὸ
1674 3863 1812 3916 πᾶσι

227 3955 408 4020 φίλον,
444 3952 632 4025 ὥσπερ
661 3958 844 4026 μισεῖν
877 3955 1023 4010 οὕτω
1054 3956 1311 4027 λυπηρὰν
1338 3953 1532 4008 οὖσαν.

1920 3317 2112 3378 aperto
2142 3321 2269 3362 eum
2328 3305 2578 3376 periculo
2638 3305 2995 3369 liberaturus,
3044 3304 3246 3359 lubens
3300 3301 3527 3360 obiret?

1920 3394 2114 3451 Nonne
2144 3394 2318 3451 lsaaci
2364 3395 2663 3466 praeclarus
2734 3393 3069 3449 annnlalor?
3116 3391 3311 3449 Nonne
3349 3394 3524 3466 ipsius

1920 3504 2144 3560 quoque
2176 3487 2528 3544 Salvatoris?
2581 3486 2690 3543 Nec
2712 3488 2858 3543 enim
2923 3497 3137 3544 temere
3188 3487 3397 3544 dictum
3428 3503 3524 3543 ve:-

1921 3584 2057 3637 lim:
2093 3584 2313 3654 quando
2339 3582 2429 3639 ille
2460 3583 2514 3636 in
2539 3584 2849 3653 exemplum
2884 3582 3043 3638 nobis
3076 3582 3397 3653 propositus
3415 3591 3520 3646 est,

1932 3678 2229 3745 placetque
2289 3675 2457 3746 patri,
2523 3683 2582 3730 ut
2655 3690 2779 3731 eum
2848 3676 3197 3731 mmulemur.
3256 3675 3359 3741 Qui
3442 3674 3525 3729 sic

1924 3780 2089 3839 porro
2110 3770 2279 3824 animi
2320 3768 2375 3823 in
2407 3779 2662 3838 parentes
2720 3768 2974 3832 habebat,
3033 3781 3268 3845 secusne
3309 3768 3362 3820 in
3415 3767 3526 3821 fras

1926 3873 2037 3917 tres
2067 3861 2306 3917 habuit?
2336 3860 2561 3916 Minime
2609 3863 2876 3930 gentium.
2922 3860 3133 3916 Etenim
3195 3876 3320 3916 cum
3354 3862 3523 3917 trien-

1922 3952 2017 4007 nio
2044 3952 2157 4008 fere
2178 3952 2233 4007 in
2260 3953 2521 4024 praesidio
2548 3967 2799 4008 essemus
2820 3953 2920 4027 (l),
2963 3954 3263 4025 multaeque
3285 3955 3524 4010 invasiv

226 4063 354 4110 sent
383 4053 759 4125 aegritudines,
808 4062 973 4124 atque
998 4054 1067 4109 ad
1100 4052 1210 4109 ima
1244 4053 1604 4124 pervadentes
1673 4051 1826 4124 gravi
1857 4050 2111 4106 molestia
2147 4058 2494 4122 torquerent,
2528 4065 2593 4107 ac
2634 4065 2815 4122 neque
2870 4050 3153 4107 intestinis
3229 4051 3370 4122 ipsis
3456 4066 3522 4106 ac

186 4151 1034 4223 .capitiparcerent;cumque
1072 4149 1222 4205 nulla
1249 4163 1379 4220 spes
1408 4157 1575 4217 esset,
1634 4156 1694 4203 ut
1752 4147 2056 4202 humanam
2114 4146 2387 4203 rationem
2455 4154 2695 4218 spectes,
2754 4144 2958 4203 futura:
3021 4159 3268 4218 unquam
3323 4147 3524 4203 libera-

228 4245 422 4313 tionis,
456 4260 522 4301 eo
545 4261 633 4302 res
659 4246 843 4317 adegit
896 4254 957 4301 ut
998 4246 1116 4317 ipsa
1150 4246 1409 4303 omnibus
1472 4246 1649 4301 amica
1673 4245 1808 4312 vita,
1837 4245 2109 4316 pnetristi
2131 4245 2269 4301 adeo
2303 4260 2367 4300 ac
2397 4244 2687 4313 deplorato
2743 4254 2914 4309 statu,
2949 4244 3099 4300 velut
3128 4244 3257 4301 odio
3277 4254 3444 4301 esset.

314 4340 465 4395 Ἀλλ’
494 4342 555 4394 ἐν
582 4342 698 4403 τοῖς
718 4341 989 4407 τοιούτοις
1015 4340 1169 4395 οὖσιν
1200 4342 1338 4412 ἡμῖν
1366 4334 1470 4412 ἦκέ
1500 4359 1585 4405 τις
1626 4352 1813 4412 παρα-

230 4432 405 4503 μυθία
444 4430 582 4501 πρὸς
627 4429 791 4499 Θεοῦ,
828 4431 926 4485 καὶ
977 4431 1079 4495 τὰς
1115 4429 1319 4501 μικροῦ
1365 4428 1815 4501 βεδαπτισμένας

1992 4339 2267 4395 Εαςῑοτιιιη
2320 4340 2393 4394 ita
2421 4339 2591 4395 rebus
2648 4339 2809 4395 nobis
2863 4339 3222 4409 comparatis,
3274 4341 3522 4411 quaadam

1920 4435 2140 4491 caelitus
2188 4434 2497 4489 consolatio
2585 4433 2819 4500 aﬂulsit,
2870 4449 3119 4506 peneque
3176 4436 3405 4493 obrutos
3446 4445 3525 4492 tot

225 4527 365 4595 ἡμῖν
396 4524 578 4595 ψυχὰς
607 4524 713 4578 ὑπὸ
765 4522 861 4578 τοῦ
892 4523 1135 4594 πλήθους
1166 4521 1274 4576 τῶν
1303 4522 1588 4592 δυσχερῶν
1657 4519 1813 4575 ἐκού-

1923 4518 2172 4583 ιι·ἰεῐίι)ιῖε
2205 4528 2442 4593 animos,
2476 4527 2624 4597 quod
2665 4533 2803 4584 satis
2858 4528 3144 4584 videretur
3188 4529 3413 4586 tristitia
3449 4533 3525 4585 le-'

225 4620 358 4687 φισέ
392 4634 453 4671 τε
486 4616 711 4682 ἱκανῶς,
740 4617 835 4671 καὶ
883 4616 1260 4687 προσανέσχεν
1283 4617 1377 4669 ἐπὶ
1405 4616 1618 4687 καιρόν.
1662 4612 1728 4670 Ἦ
1756 4615 1813 4669 δὲ

1920 4617 2088 4681 vavit,
2122 4617 2440 4687 malumque
2468 4619 2536 4673 ad
2570 4626 2790 4689 tempus
2817 4619 3009 4675 mitius
3058 4620 3321 4674 reddidit.
3362 4620 3416 4674 in
3455 4638 3523 4676 eo

222 4708 295 4783 ἦν
325 4711 438 4782 (τὸν
463 4712 521 4764 δὲ
546 4710 747 4783 τροπον
779 4710 992 4775 σιωπῶ,
1026 4710 1305 4782 παρᾶλκον
1338 4708 1399 4763 ὅν
1422 4726 1487 4779 γε
1514 4708 1774 4781 ῥηθῆναι)
1799 4722 1816 4741 ⁶

228 4802 400 4855 αὑτὸν
433 4801 674 4867 ἐξελθεῖν
732 4800 945 4859 ἐκεῖθεν
982 4801 1121 4870 μετὰ
1170 4799 1462 4872 συνθηκῶν
1514 4817 1680 4854 τινων
1723 4799 1816 4871 βε-

227 4891 556 4959 ϐαιωμένων
581 4895 731 4964 ὅρκῳ
752 4910 769 4925 ⁶
803 4895 902 4947 καὶ
948 4896 1003 4947 αἱ
1036 4892 1307 4963 συνθῆκαι
1345 4891 1487 4962 δόλῳ
1526 4893 1626 4961 μὲν
1671 4891 1814 4963 ὑπὲρ

225 4981 392 5051 ἡμῶν
427 4980 595 5050 μηδὲν
616 4999 667 5034 τι
701 4984 762 5037 τὺ
790 4983 1051 5056 παράπαν
1093 4982 1473 5053 ἐπιχειρῆσαι,
1512 4982 1717 5048 ἐξεῖναι
1756 4974 1814 5037 δὲ

225 5070 383 5140 αὒτῷ
407 5070 766 5141 καταλλαγῆς
801 5073 965 5126 ἓνεκα
993 5073 1149 5136 δέους
1177 5072 1336 5137 ἐκτὸς
1360 5072 1716 5141 διαλέγεσθαι
1737 5073 1816 5144 τῷ

227 5166 447 5236 βασιλεῖ
466 5181 527 5218 τε
561 5165 659 5219 καὶ
690 5166 906 5240 ἁδελφῴ
935 5170 1042 5221 πᾶν
1075 5168 1103 5220 ὃ
1132 5183 1186 5221 τι
1241 5166 1507 5238 βούλοιτο.
1550 5165 1721 5220 Τοῦτὸ
1750 5183 1815 5235 γε

226 5259 392 5324 εὐθὺς
440 5249 710 5315 ἀκουσθὲν
768 5262 912 5333 ἐμοὶ,
945 5262 1119 5315 ἐποίει
1169 5262 1302 5333 ῥᾷον
1354 5258 1669 5316 διακεῖσθαι
1712 5258 1814 5332 τὴν

299 5420 380 5487 (l)
411 5420 546 5473 Cum
578 5418 689 5488 fere
717 5418 944 5473 triennio
976 5419 1032 5472 in
1061 5418 1316 5488 praesidio
1350 5432 1654 5488 ageremus.
1692 5416 1812 5473 De—

226 5490 441 5544 tinente
470 5490 1103 5559 Apdronico,Bajazetes
1132 5491 1473 5559 truncandos
1510 5488 1815 5552 suadebat,

224 5571 288 5614 ut
312 5562 478 5615 habet
512 5557 735 5614 Laonic.
770 5560 811 5614 Ι.
848 5557 911 5623 ιι,
941 5564 1034 5614 sed
1069 5561 1303 5614 necdum
1336 5557 1692 5614 Andronicus
1729 5559 1812 5613 sic

225 5640 453 5686 exuerat
484 5628 788 5699 hominem,
830 5640 890 5681 ut
923 5631 995 5684 ita
1028 5640 1216 5699 posset
1251 5632 1304 5683 in
1342 5630 1554 5699 viscera
1590 5631 1807 5684 saevire.

224 5699 391 5755 Plura
421 5716 486 5755 ac
510 5699 653 5754 scitu
676 5698 841 5767 digna
856 5698 1105 5768 epistolae
1122 5698 1451 5754 Demetriiin
1477 5698 1646 5767 Regia
1672 5699 1813 5755 Bibl:
1850 5720 1856 5726 ·

225 5787 292 5828 ac
333 5787 398 5829 ea
428 5773 485 5827 iu
527 5770 745 5840 primis,
798 5784 905 5839 qua
944 5771 1255 5837 gratulatur
1303 5770 1395 5838 its,
1419 5772 1514 5841 qui
1542 5780 1667 5841 post
1688 5784 1813 5826 car-

547 5867 822 5928 PATBOL.
868 5869 984 5929 Gn.
1023 5867 1227 5930 CLVI.

1918 4716 2038 4761 erat
2086 4706 2179 4761 illa
2212 4708 2523 4764 consolatio
2581 4710 2826 4777 (modum
2887 4718 3046 4766 taceo
3098 4726 3261 4780 quem
3315 4711 3387 4766 sit
3438 4729 3525 4768 su-

1916 4798 2186 4869 perﬂuum
2217 4799 2443 4870 referre)
2483 4811 2543 4856 ut
2595 4798 2945 4866 Theodorus.
2978 4806 3155 4873 pactis
3188 4806 3519 4874 quibusdam

1908 4890 2228 4959 juramento
2259 4891 2514 4958 ﬁrmatis,
2547 4894 2675 4949 inde
2703 4893 2902 4948 exiret.
2951 4892 3029 4950 lla
3063 4908 3258 4964 porro,
3329 4897 3523 4965 utique

1913 4984 2043 5040 dolo
2076 4983 2340 5051 hostium,
2375 4996 2597 5057 pactum
2644 4995 2784 5054 erat,
2815 4999 2874 5042 ut
2912 4987 3052 5043 nihil
3101 4987 3194 5043 ille
3223 5000 3328 5059 pro
3358 4990 3520 5045 nobis

1928 5077 2267 5132 moliretur:
2307 5079 2474 5134 licere
2541 5087 2746 5144 tamen,
2787 5089 2849 5134 ut
2895 5096 3022 5136 cum
3086 5081 3423 5151 imperatore
3460 5095 3525 5135 ac

1927 5165 2097 5223 fratre
2167 5171 2325 5240 pacis
2371 5185 2547 5227 causa
2587 5173 2932 5243 loqueretur,
2956 5174 3222 5246 quidquid
3285 5177 3529 5247 placuis-

1923 5272 2028 5318 set.
2068 5262 2137 5319 Ut
2180 5279 2309 5320 mox
2365 5267 2570 5335 audivi,
2606 5268 2745 5337 carpi
2808 5269 3171 5342 animiequior
3233 5270 3374 5339 ﬁeri,
3425 5283 3526 5327 nec

1921 5436 2105 5476 cerem
2138 5420 2221 5498 a_l_)_
2241 5436 2307 5498 eo
2330 5421 2602 5498 ’liberati,
2623 5423 2904 5498 jam_cum
2957 5428 3301 5498 imperatore
3329 5445 3520 5485 versad

1921 5501 2135 5567 rentur.
2162 5491 2452 5567 Videndus
2473 5491 2698 5567 quoque
2725 5496 2929 5552 Franr.
2966 5499 3003 5552 l.
3031 5491 3072 5563 ἱ,
3108 5515 3160 5554 c.
3196 5500 3290 5565 18,
3312 5517 3376 5556 ea
3401 5516 3524 5567 pere

1922 5564 2225 5641 stringens,
2252 5572 2309 5641 e_t
2324 5575 2382 5641 ut
2404 5562 2625 5641 Manuel
2648 5582 2774 5621 cum
2803 5579 2963 5639 patre
2990 5562 3116 5640 fuga
3141 5562 3336 5641 elapsi,
3361 5562 3519 5624 adie-

1923 5634 2037 5715 rint
2079 5633 2135 5715 et
2184 5635 2293 5715 ipsi
2334 5633 2678 5707 Bajazetem,
2718 5633 3080 5711 ac'gratiam'
3111 5633 3248 5701 cum"
3281 5641 3525 5710 imperio

1924 5708 2299 5774 impetrat-int.

3156 5874 3187 5935 Ί
