3950 6428
484 369 603 433 2ῦ3

1702 365 2107 427 MANUELIS
2130 368 2584 430 ΡΑιίῈΟιΟΟΙ

3636 379 3732 443 204

483 492 696 542 tantum
727 483 935 540 auditio
965 482 1233 539 molestiae
1286 481 1414 539 fecit
1484 482 1635 554 quod
1686 483 1838 541 solus
1898 484 2049 540 relinl

2172 483 2375 555 ψυχὴν,
2411 487 2507 541 καὶ
2545 485 2622 558 μὴ
2660 484 2931 542 τοσοῦτον
2952 484 3242 557 ἄχθεσθαι,
3276 486 3352 558 τῷ
3389 488 3546 560 μόνον
3576 509 3732 549 κατα-

479 575 734 645 quendus
794 589 997 639 essem,
1033 580 1302 644 quantum
1325 572 1504 628 solatii
1545 587 1611 628 ac
1666 573 1873 644 gaudii,
1924 574 2070 644 quod

482 667 572 722 ille
601 665 991 734 revivisceret,
1067 679 1263 737 nempe
1291 679 1320 719 a
1385 663 1645 734 prresidlo
1696 662 1893 719 exiret.
1939 664 2069 718 Mihi

483 768 633 817 certe
661 758 885 814 videbar
914 773 1040 812 eum
1073 756 1263 814 videre
1302 757 1499 825 (currit
1545 756 1688 812 enim
1720 756 1875 812 velox
1904 758 2072 827 phan-

482 858 621 911 tasia
645 854 715 910 ad
742 869 867 924 quae
897 856 1023 924 quis
1054 853 1533 923 cupit).eonsueta
1584 859 1885 905 sectantem
1920 851 2069 918 ejus-

480 963 588 1018 que
635 948 781 1002 aetati
805 961 1072 1018 congrua,
1104 946 1312 1001 versari
1374 960 1501 1000 cum
1558 945 1864 1014 aequalibus
1910 943 2073 997 inar-

479 1055 695 1099 morum
720 1039 1026 1109 palaestris,
1059 1039 1113 1093 in
1130 1037 1535 1103 venationibus,
1564 1037 1617 1090 in
1649 1034 2067 1099 certaminibus,

481 1149 717 1205 quorum
776 1131 1223 1188 exercitamenlis
1277 1137 1544 1200 augentur
1579 1143 1812 1198 corpora
1872 1128 2071 1183 robore

483 1240 548 1284 ac
577 1227 833 1291 sanitate,
889 1225 1158 1294 habetque
1201 1222 1482 1279 conciliari
1541 1222 1737 1293 gloria.
1791 1220 1919 1276 "re
1970 1235 2071 1290 ego

485 1316 681 1386 bisque
706 1316 905 1374 similia
931 1317 1216 1371 somnians
1248 1316 1506 1388 gaudium
1556 1313 1850 1378 habebam,
1905 1320 2066 1382 puta-

476 1411 713 1480 bamque
750 1409 998 1479 aspicere
1026 1408 1250 1478 praemia
1282 1415 1681 1477 reportantem,
1726 1405 1871 1476 cingi
1897 1411 2066 1474 caput

472 1517 702 1566 corona,
764 1516 830 1557 ac
894 1500 1163 1571 praeconis
1208 1484 1707 1554 voee'renuntiari
1778 1498 2067 1551 victorem.

475 1593 709 1649 Multum
753 1592 1025 1662 siquidem
1072 1591 1122 1646 ei
1154 1605 1347 1646 omnes
1382 1590 1436 1646 in
1504 1588 1774 1659 ejusmodi
1830 1589 2068 1644 delatum

473 1687 753 1743 volebant.
794 1684 916 1741 Jam
949 1685 1097 1740 enim
1121 1699 1150 1738 a
1183 1698 1354 1754 puero
1379 1683 1609 1739 sortitus
1661 1690 1800 1745 erat,
1859 1688 1916 1734 ut
1947 1695 2067 1734 om-

473 1775 662 1842 nibus,
694 1774 896 1845 quibus
925 1775 1050 1846 quis
1075 1783 1299 1829 certans
1332 1773 1687 1848 coronandus
1720 1772 1814 1837 sit,
1847 1772 2066 1843 magni-

474 1867 576 1923 lice
614 1875 944 1937 praestaret:
985 1881 1163 1938 eaque
1195 1865 1249 1922 in
1280 1881 1347 1921 eo
1389 1865 1614 1936 paribus
1655 1880 1782 1921 cum
1840 1880 2070 1936 corpore

470 1959 540 2014 ad
572 1960 874 2030 perlectum
908 1974 973 2014 ac
1013 1960 1184 2014 robur
1215 1966 1452 2029 augente
1493 1957 1790 2014 crementis
1838 1972 2062 2029 promo-

470 2052 695 2109 vebant.
733 2049 881 2109 Laeta
912 2053 1055 2115 .haec
1098 2067 1314 2108 mecura
1364 2054 1480 2124 ipse
1539 2052 1811 2123 cogitans,
1860 2052 2067 2107 sensim

470 2142 667 2208 tristia,
694 2154 753 2199 ut
781 2144 990 2211 liceret,
1016 2144 1277 2201 oblivioni
1309 2145 1506 2200 dabam
1542 2159 1557 2197 ε
1591 2143 1667 2198 illi
1694 2151 1878 2198 autem
1930 2142 2066 2199 sub-

467 2224 580 2301 ibat
628 2237 755 2302 uri,
785 2234 937 2308 quod
974 2252 1084 2292 non
1115 2244 1303 2307 posset
1361 2235 1443 2292 sic
1498 2233 1799 2291 desolatum
1855 2234 2061 2290 videre.

539 2328 646 2386 Sed
672 2336 726 2387 et
753 2330 885 2385 illud
916 2326 1171 2402 angebat.
1204 2329 1324 2384 Non
1353 2328 1498 2384 enim
1558 2327 1906 2398 poterat.qui
1966 2326 2063 2382 Dei

464 2420 664 2477 timore
680 2423 925 2477 nutritus
945 2431 1113 2488 esset,
1129 2431 1311 2491 spreta
1323 2420 1622 2491 juramenti
1636 2419 1919 2491 religione,
1935 2435 2059 2475 cunt

462 2513 589 2570 dolo
632 2529 788 2585 opem
821 2514 988 2572 ferre.
1023 2514 1126 2583 Qui
1152 2514 1340 2569 enim?
1370 2513 1465 2584 qui
1507 2513 1642 2569 nihil
1688 2528 1930 2584 unquam
1967 2527 2063 2583 per

463 2605 716 2660 fraudem
752 2606 1011 2669 acvalro
1063 2606 1273 2673 animo,
1305 2607 1468 2662 etiam
1497 2606 1678 2677 capite
1716 2606 2004 2661 annuisset
2041 2620 2056 2657 :

461 2696 636 2754 videri
668 2706 851 2754 autem
884 2714 1071 2755 eorum
1107 2698 1327 2769 penitus
1355 2698 1663 2771 neglexisse
1700 2713 1914 2763 curam,
1938 2698 2060 2768 qui-

451 2776 570 2845 bus
598 2790 772 2849 nihilo
803 2790 1191 2868 pretiosiorem
1221 2791 1463 2847 animam
1528 2790 1787 2855 ducebat,
1815 2790 1867 2846 id
1925 2803 2059 2846 vero

460 2898 693 2953 prorsus
719 2882 1064 2939 intolerabile
1086 2883 1333 2953 putabat.
1360 2881 1461 2937 Sic
1484 2896 1645 2951 porro
1673 2889 1795 2936 erat
1828 2894 2055 2950 magna-

461 2975 667 3041 nimus,
692 2982 750 3029 ut
768 2984 823 3031 et
841 2972 1063 3046 iniusta:
1081 2975 1370 3031 sententiae
1388 2974 1655 3031 latoribus
1696 2972 2051 3028 reverentiam

459 3070 710 3123 haberet.
753 3067 890 3124 Cum
916 3069 1103 3140 itaque
1151 3069 1350 3123 studiis
1391 3067 1550 3123 divisi
1608 3080 1880 3132 essemus,
1930 3079 2053 3120 sero

2176 574 2488 646 λειφθῆναι,
2525 578 2652 632 ὅσον
2682 578 2784 648 τῆς
2811 576 2989 647 λῦπης
3029 579 3388 648 κουφίζεσθαι
3429 581 3505 651 τῷ
3536 583 3734 638 ἐκεῖνον

2175 667 2500 735 ἀναϐιῶναι,
2548 668 2693 736 λέγω
2739 670 2804 740 δὴ
2853 670 2915 723 τὸ
2942 670 3041 741 τῆς
3082 674 3330 741 φρουρᾶς
3380 673 3598 740 ἐξιέναι.
3634 677 3735 729 Καὶ

2175 758 2400 813 ἐδόκουν
2422 760 2585 813 αὐτὸν
2614 762 2751 833 ὁρᾷν
2774 761 2984 833 (τρέχει
3007 763 3119 833 γὰρ
3142 765 3174 836 ἡ
3202 767 3475 832 φαντασῖα
3506 767 3587 832 ἐφ’
3613 768 3644 820 ’ἀ
3663 785 3736 829 τις

2171 847 2297 902 λίαν
2334 850 2617 923 ἐπιθυμεῖ)
2647 852 2705 905 ὲν
2754 853 2866 916 τοῖς
2901 853 3153 908 εἰωθόσιν
3192 855 3343 919 δντα,
3376 856 3470 909 καὶ
3518 856 3582 910 τὰ
3605 858 3738 922 νέοις

2170 943 2459 1014 πρέποντα
2506 946 2649 1014 μετὰ
2677 945 2786 1000 τῶν
2830 946 3040 1018 ἡλίκων
3069 948 3207 1021 δρᾷν
3239 950 3296 1001 ὲν
3328 948 3505 1002 ὃπλων
3537 965 3738 1019 γυμναο

2174 1036 2336 1103 σίοις,
2367 1037 2426 1089 ἐν
2469 1036 2685 1109 θήραις,
2728 1041 2785 1093 ὲν
2817 1038 2998 1108 ἀγῶσι
3038 1039 3338 1111 χορηγοῦσι
3369 1042 3481 1103 τοῖς
3522 1040 3736 1097 ἀσκοῦσι

2174 1127 2394 1198 σώμασι
2428 1127 2624 1200 ῥώμην
2663 1131 2758 1184 καί¹
2790 1130 3029 1199 ὑγίειαν,
3056 1132 3153 1186 καὶ
3176 1131 3237 1185 τὸ
3267 1132 3410 1202 μετὰ
3444 1132 3597 1202 δόξης
3621 1132 3742 1203 βιῶι-

2171 1237 2285 1275 ναι.
2329 1222 2511 1276 Ταῦτα
2556 1225 2753 1277 καὶτὰ
2782 1224 3011 1278 τοιαῦτα
3065 1226 3456 1297 ὀνειροπολῶν,
3492 1224 3738 1297 ἔχαιρον·

2171 1302 2264 1367 καὶ
2294 1313 2456 1386 ᾤμην
2479 1316 2699 1388 βλέπειν
2728 1317 2892 1372 αὐτὸν
2924 1315 3063 1373 ἆθλά
3086 1337 3148 1373 τε
3177 1319 3485 1391 δεχόμενον,
3537 1319 3629 1372 καὶ
3656 1335 3744 1371 κε-

2173 1409 2350 1480 φαλὴν
2376 1410 2838 1483 στεφανούμενον,
2884 1415 2980 1467 καὶ
3029 1415 3265 1485 νικητὴν
3319 1413 3735 1485 κηρυττόμενον

2174 1503 2299 1555 ἐπεὶ
2351 1504 2487 1557 πολὺ
2534 1504 2595 1558 τὸ
2648 1507 3077 1578 συγκεχωρηκὸς
3136 1503 3206 1580 ἦν
3256 1506 3410 1577 αὑτῷ
3458 1504 3606 1576 παρὰ
3642 1504 3741 1560 τῶν

2169 1593 2430 1649 ἁπάντων
2462 1598 2520 1650 ἐν
2553 1600 2665 1661 τοῖς
2714 1601 3004 1664 τοιούτοις.
3059 1601 3103 1653 Τ
3106 1600 3134 1652 ὸ
3163 1600 3272 1672 γὰρ
3311 1602 3369 1653 ὲν
3416 1598 3588 1653 ἅπασι
3619 1612 3747 1664 κρα-

2170 1687 2306 1749 τεῖν,
2336 1688 2394 1754 ἐξ
2421 1680 2496 1742 ὧν
2526 1691 2940 1759 στεφανώσεταί
2970 1710 3055 1757 τις
3091 1692 3293 1756 ἀθλῶν,
3326 1690 3488 1745 τοῦτο
3522 1689 3577 1742 δέ
3603 1689 3649 1741 οί
3679 1688 3738 1740 ὲκ

2175 1779 2365 1842 παιδὸς
2391 1779 2636 1845 ὡσπερεὶ
2663 1784 3135 1854 ωνεκεκλήρωτο,
3170 1786 3265 1836 καὶ
3297 1778 3644 1836 συνεπεδίδου
3670 1776 3741 1843 τῷ

2179 1875 2417 1939 σώματι,
2444 1871 2582 1942 πρὸς
2610 1872 2930 1944 τελειότητα
2954 1876 3047 1939 καὶ
3080 1875 3279 1945 ῥώμην
3312 1871 3555 1939 αὗξοντι.
3585 1866 3744 1922 Ταυτὶ

2176 1959 2282 2032 μὲν
2306 1961 2401 2016 οὖν
2432 1963 2501 2016 τὰ
2536 1963 2849 2031 εὐφραίνειν
2875 1965 3151 2035 δυνάμενα
3175 1961 3603 2032 ἐνθυμούμενος,
3631 1959 3746 2011 ἑπε-

2171 2053 2520 2126 λανθανόμην
2543 2056 2619 2120 ὡς
2632 2049 2746 2110 οἷόν
2762 2075 2821 2110 τε
2844 2057 3215 2145 τῶνιάνιαρῶν
3236 2075 3253 2091 ο
3283 2054 3480 2125 ἐκείνῳ
3502 2051 3556 2105 δὲ
3579 2048 3743 2105 καίειν

2170 2142 2352 2215 ἐπῄει,
2391 2144 2490 2215 τὴν
2522 2145 2660 2218 ἐμὴν
2691 2147 2753 2200 οὐ
2781 2142 3003 2218 φέροντι
3039 2147 3305 2219 μόνωσιν.

2241 2327 2316 2380 Οὐ
2351 2326 2458 2398 μὴν
2491 2327 2629 2382 ἀλλὰ
2658 2330 2882 2383 κΞικείνο
2912 2331 3061 2385 τόνδε
3101 2331 3454 2402 προσῆγχενο
3497 2324 3618 2380 οὔτε
3643 2322 3741 2392 γὰρ

2166 2421 2289 2474 ὲνδν
2311 2416 2379 2492 ἦν
2412 2422 2585 2493 αὐτῷ,
2617 2423 3048 2495 ἐντεθραμμένῳ
3082 2423 3160 2495 τῷ
3201 2424 3344 2495 πρὸς
3376 2422 3467 2474 τὸν
3495 2419 3625 2474 Θεὸν
3656 2416 3743 2485 φό-

2165 2513 2266 2585 ϐῳ,
2320 2509 2629 2585 ὑπεριδόντι
2677 2515 2807 2579 τοὺς
2840 2514 3061 2584 ὅρκους,
3116 2517 3264 2585 μετὰ
3311 2514 3465 2567 δόλου
3512 2509 3736 2582 βοηθεῖ-ι.

2166 2605 2375 2673 Πόθεν;
2414 2598 2459 2675 ᾧ
2491 2607 2660 2677 μηδὲν
2695 2607 2976 2677 ἀπατηλὸν
3002 2607 3137 2679 μηδὲ
3185 2605 3610 2677 παλινάγρετον,
3636 2601 3663 2653 ὅ
3689 2616 3736 2650 τι

2164 2699 2269 2752 κᾶν
2298 2698 2512 2770 κεφαλῇ
2561 2699 2857 2754 κατένευσε
2884 2717 2897 2728 ·
2924 2700 3017 2755 καὶ
3047 2700 3108 2754 τὸ
3136 2700 3277 2764 ὅλως
3306 2699 3532 2770 ἀμελεῖν
3574 2694 3732 2760 δόξαι.

2160 2782 2235 2843 ὧν
2263 2790 2358 2843 καὶ
2381 2792 2481 2862 τὴν
2504 2791 2672 2846 αὐτοῦ
2693 2791 2872 2865 ψυχὴν
2902 2792 3057 2846 οὐδὲν
3088 2787 3190 2864 ἦγε
3226 2792 3452 2862 βελτίω,
3478 2788 3729 2859 οὕμενουν

2161 2884 2347 2954 ἡῗεῖτο
2401 2885 2639 2955 φορητὸν
2695 2885 2754 2939 τδ
2788 2887 3054 2956 παράπαν
3080 2901 3093 2914 °
3139 2880 3208 2957 ἦν
3239 2885 3355 2958 γὰρ
3386 2881 3636 2939 τοσοῦτον
3678 2878 3730 2929 ἐι

2159 2971 2308 3043 αὐτῷ
2332 2971 2396 3047 τὸ
2420 2973 2725 3045 φιλότιμον,
2771 2974 2896 3028 ὅσον
2941 2973 3225 3029 εὐλαϐεῖτο
3278 2977 3372 3028 καὶ
3404 2974 3531 3035 τοὺς
3557 2970 3615 3023 οὔ
3660 2967 3761 3047 διη

2158 3044 2337 3119 καίαντ
2377 3044 2686 3131 ἐξοίσοντας
2738 3066 2946 3137 ψῆφον.
2995 3067 3287 3134 Ἐναντίας
3337 3068 3521 3122 τοίνυν
3575 3060 3729 3129 οὔσης

460 3161 705 3226 tandem,
759 3161 965 3231 vixque
1020 3161 1193 3225 suasi,
1258 3176 1368 3232 qua
1427 3160 1669 3230 probans
1716 3156 1794 3213 ita
1855 3157 2049 3212 melius

2158 3158 2291 3228 ἡμῖν
2316 3160 2418 3229 τῆς
2454 3158 2751 3229 θελήσεως,
2778 3160 2877 3230 ὀψὲ
2913 3162 3007 3213 καὶ
3055 3162 3217 3231 μόγις
3249 3161 3421 3216 αὑτὸν
3453 3159 3722 3218 ἀνέπεισα,

461 3256 596 3310 mihi
652 3257 877 3327 pariter,
921 3272 987 3311 ac
1021 3257 1159 3328 patri
1183 3272 1281 3327 per
1312 3256 1364 3311 id
1401 3265 1599 3326 tenpus
1624 3253 1865 3319 absenti,
1917 3269 2050 3310 con-

458 3348 663 3404 sultum
694 3347 784 3415 iri,
812 3357 874 3405 ut
904 3348 1135 3404 illecum
1173 3348 1368 3403 amicis
1393 3363 1457 3403 ac
1507 3345 1746 3403 inimicis
1797 3361 2048 3407 versans.

457 3440 527 3496 ad
554 3450 821 3513 utrosque
845 3458 968 3512 quae
997 3456 1183 3512 opera:
1214 3442 1457 3513 pretium
1482 3449 1707 3506 essent,
1737 3440 2051 3510 negotiare-

458 3544 582 3601 tur;
618 3549 729 3605 qua
763 3534 1066 3601 alllrmans,
1092 3536 1173 3591 sic
1242 3549 1330 3590 me
1352 3533 1630 3601 allectum,
1669 3542 1729 3590 ut
1785 3533 1945 3588 malis
1963 3531 2049 3587 di.

452 3627 693 3683 rissimis
739 3628 1040 3684 lentandus
1120 3640 1325 3691 essem,
1372 3625 1581 3681 .utille
1659 3628 2045 3696 obtemperans

453 3720 607 3773 exire
632 3719 985 3773 detrectaret.
1049 3716 1143 3773 Sic
1182 3715 1276 3771 ille
1333 3730 1401 3770 ne
1433 3714 1570 3772 falso
1613 3714 1833 3786 quidem
1876 3714 2045 3769 ullam

454 3809 771 3881 opinionem
808 3810 956 3866 inuri
1023 3808 1355 3876 sustinebat,
1412 3808 1669 3882 famaque
1692 3810 1762 3864 ab
1815 3808 1936 3879 ejus
1962 3807 2045 3862 in-

453 3901 580 3957 dole
642 3918 709 3957 ac
749 3902 959 3968 animo,
1029 3900 1486 3971 institutioneque
1540 3901 1894 3965 abhorrente,
1953 3913 2044 3954 as-

452 3995 604 4065 pergi
636 3995 883 4051 timebat.
918 3994 1011 4050 Sic
1050 3995 1104 4048 in
1169 4008 1271 4049 nos
1324 3995 1566 4049 fraterne
1615 3993 1848 4049 ali‘eetus
1899 4000 2041 4055 erat,

452 4097 514 4143 ut
543 4103 759 4144 mecum
799 4087 1036 4153 versari,
1071 4101 1237 4158 quam
1271 4102 1395 4143 cum
1437 4087 1560 4142 aliis
1624 4086 1910 4156 voluptate
1937 4083 2043 4140 frui

449 4181 630 4250 potius
694 4182 970 4235 haberet:
1033 4183 1389 4251 carcerisque
1448 4180 1739 4251 angustiae,
1793 4177 1883 4232 vix
1935 4178 2045 4232 illan

449 4272 569 4326 alia:
599 4287 763 4342 quam
795 4272 1056 4339 sepulcri,
1110 4275 1255 4344 regia
1285 4273 1361 4327 illi
1431 4271 1781 4341 angustiores
1848 4280 2041 4338 erant,

451 4364 804 4433 tenebraeque
833 4378 998 4432 quam
1048 4365 1184 4420 solis
1233 4364 1489 4434 splendor
1522 4361 2039 4427 desiderabiliores;

448 4472 514 4513 ac
542 4458 789 4518 demum,
812 4457 997 4510 omnia
1045 4472 1260 4511 mecum
1290 4456 1557 4524 dulciora,
1618 4438 1931 4524 quanquam
1954 4468 2042 4509 es-

2154 3249 2224 3302 τὰ
2259 3250 2361 3319 μὲν
2391 3250 2605 3313 δεικνὺς
2635 3249 2711 3315 ὡς
2758 3251 2968 3323 βέλτιον
3008 3253 3073 3306 ἃν
3113 3253 3335 3322 γένοιτο
3371 3254 3467 3308 καὶ
3494 3248 3615 3318 ἐμοὶ
3642 3249 3725 3300 καὶ

2154 3343 2233 3414 τῷ
2260 3345 2453 3413 πατρὶ,
2484 3341 2727 3398 οὐχ’δντι
2757 3344 2877 3415 μεθ’
2914 3347 3073 3415 ἡμῶν
3117 3348 3436 3418 τηνικαῦτα
3476 3342 3645 3403 εὖνοις
3673 3355 3724 3390 τε

2163 3437 2259 3490 καὶ⁵
2290 3436 2619 3506 δυσμενέσιν
2648 3436 2813 3492 αὑτὸν
2839 3441 3099 3499 συνεῖναι,
3135 3440 3226 3493 καὶ
3270 3440 3411 3509 πρὸς
3445 3434 3723 3506 ἑκατέρους

2152 3527 2583 3598 διαπράττεσθαι
2617 3529 2685 3581 τὰ
2734 3530 2961 3582 εἰκότα·
2995 3530 3062 3583 τὰ
3098 3530 3144 3583 δ’
3193 3530 3627 3603 ἰσχυριζόμενος,
3657 3521 3725 3584 ὡς

2152 3620 2393 3690 ἐμαυτόν
2426 3624 2545 3683 πως
2582 3621 2917 3693 αἰσθάνομαι
2952 3625 3365 3694 πειρασόμενον
3385 3622 3574 3678 δεινῶν
3603 3622 3725 3684 ἀνη-

2151 3714 2388 3780 κέστων,
2421 3713 2489 3785 ἢν
2514 3713 2820 3786 ἀπειθήσας
2852 3715 3002 3787 ἐμοὶ,
3035 3715 3132 3787 τὴν
3158 3717 3377 3773 ἐκεῖθεν
3396 3716 3577 3782 ἔξοδον
3603 3713 3725 3766 ἀπο·
3742 3786 3763 3791 Α

2154 3806 2423 3877 σείσηται.
2459 3805 2650 3870 Οὕτως
2680 3807 2889 3869 ἐκεῖνος
2937 3809 2998 3862 οὐ
3051 3809 3398 3880 κατεδέχετο,
3431 3807 3552 3862 οὐδὲ
3604 3800 3722 3873 γοῦν

2147 3898 2316 3968 ψευδῆ
2350 3916 2473 3953 τινα
2500 3898 2661 3966 δόξαν
2690 3900 2800 3954 τῶν
2828 3901 2890 3952 οὗ
2929 3899 3114 3953 καλῶν
3144 3902 3548 3974 προστριϐἦναι
3574 3912 3588 3927 ⁸
3618 3889 3723 3949 ἀλλ’

2148 3992 2338 4046 ἐδεδίει
2374 3993 2471 4046 καὶ
2502 3994 2696 4064 φήμην
2718 3993 3037 4064 ἀπᾴδουσαν
3066 3993 3167 4062 τῆς
3201 3994 3374 4049 αὐτοῦ
3401 3994 3495 4047 καὶ
3520 3990 3723 4060 φύσεως

2150 4087 2244 4138 καὶ
2268 4086 2497 4154 γνώμης
2523 4087 2617 4138 καὶ
2656 4085 2931 4148 παιδείας.
2967 4085 3125 4139 υῦτω
3155 4090 3296 4155 πρὸς
3332 4088 3481 4158 ἡμᾶς
3516 4082 3721 4146 ἀδελκρε*

2148 4175 2260 4238 κῶς
2302 4171 2469 4245 εἶχεν,
2500 4174 2577 4239 ὡς
2625 4173 2834 4245 βέλτιον
2868 4175 3026 4243 ἄγειν
3072 4178 3317 4231 συνεῖναί
3360 4194 3452 4246 μοι
3483 4173 3575 4226 τοῦ
3608 4161 3718 4240 μεθ’

2147 4264 2352 4335 ιτέρων
2392 4265 2645 4336 τρυφᾷν·
2682 4267 2777 4318 κα)⁵
2826 4261 2895 4337 ἦν
2946 4265 3098 4337 αὐτῷ
3141 4266 3519 4338 δεσμωτήριον
3572 4261 3718 4327 τάφῳ

2147 4358 2536 4430 παραπλήσιον
2563 4358 2672 4413 τῶν
2697 4357 2991 4428 βασιλείων
3035 4360 3448 4434 λαμπρότερον.
3480 4358 3573 4412 καὶ
3601 4351 3718 4408 σκό-

2150 4467 2241 4513 τος
2278 4450 2657 4521 ποθεινότερον
2712 4449 2815 4521 τῆς
2864 4453 3118 4515 ἀκτῖνοςο
3176 4454 3274 4508 καὶ
3305 4452 3496 4515 ἁπλῶς
3552 4449 3718 4502 πάντα

448 4558 570 4601 scnt
599 4547 921 4611 durissima,
977 4549 1233 4601 omnibus
1282 4545 1542 4616 deinceps
1574 4542 1854 4609 dulcibus,
1894 4558 2034 4614 quo-

2156 4542 2276 4614 ἡδίω
2323 4542 2392 4594 τὰ
2428 4542 2548 4613 μετ’
2577 4543 2737 4612 ἐμοῦ,
2784 4546 2832 4596 εί
2866 4545 2961 4597 καὶ
3013 4544 3129 4598 λίαν
3159 4545 3446 4599 δεινότατα
3494 4541 3581 4613 ἦν,
3618 4538 3717 4591 τῶν

445 4655 566 4694 rum
603 4639 718 4709 ipse
744 4654 937 4694 exsors
978 4653 1150 4694 erant.
1211 4638 1306 4716 Sic
1368 4653 1493 4691 vero
1548 4651 1741 4691 rursus
1770 4635 1857 4702 iis,
1910 4652 2033 4707 quae

445 4732 561 4787 visa
586 4732 719 4787 mihi
750 4740 935 4787 essent
958 4730 1386 4797 obsequebatur,
1419 4739 1475 4782 ut
1503 4728 1587 4782 vel
1614 4734 1826 4781 tantum
1849 4742 2029 4783 annu-

443 4841 536 4881 erc
565 4825 782 4880 abunde
813 4832 979 4879 esset.
1008 4823 1210 4893 Aitque
1258 4821 1535 4876 facturum
1582 4821 1723 4889 quod
1758 4821 2029 4889 volebam,

443 4936 757 4991 quanquam
785 4918 838 4971 id
876 4917 1012 4972 ﬂens
1042 4930 1251 4969 amare.
1296 4914 1365 4968 At
1393 4928 1492 4985 ego
1514 4954 1529 4977 ,
1558 4914 1660 4968 etsi
1721 4914 1919 4969 mirum
1949 4915 2031 4971 vi-

443 5015 659 5082 deatur,
688 5022 747 5067 ut
809 5012 974 5067 ﬂexile
1016 5010 1129 5077 illo,
1175 5024 1333 5078 aequo
1394 5009 1511 5076 ipse
1565 5009 1751 5063 animo
1798 5024 1976 5065 essem
2011 5048 2027 5072 ,

441 5107 748 5176 gaudebant
786 5115 967 5159 tamen
1004 5102 1123 5172 ejus
1155 5103 1326 5171 ipsius
1360 5103 1451 5170 qui
1498 5100 1672 5167 ﬂeret,
1718 5117 1782 5156 ac
1855 5102 2026 5173 patris

438 5198 793 5270 imperatoris
849 5211 1053 5250 amore.
1091 5193 1227 5250 Fore
1257 5195 1402 5249 enim
1456 5194 1714 5265 putabam
1762 5196 1902 5265 patri
1935 5211 2026 5250 so-

440 5292 594 5355 latio,
626 5301 685 5344 ut
718 5292 766 5342 ei
795 5289 963 5351 ﬁlius,
991 5298 1052 5343 ut
1096 5289 1170 5342 ita
1200 5288 1415 5357 loquar,
1450 5287 1517 5341 ad
1586 5288 1751 5341 vitam
1793 5288 2020 5342 rediret.

436 5383 733 5447 Caeterum,
773 5396 896 5436 cum
924 5380 1082 5437 resin
1116 5390 1368 5452 promptu
1418 5382 1673 5439 omnibus
1720 5381 2020 5446 videretur,

433 5475 582 5529 haud
616 5483 799 5529 tamen
836 5474 1043 5529 exitum
1078 5475 1291 5538 habuit,
1322 5474 1433 5530 Deo
1484 5475 1676 5529 melius
1721 5472 1927 5544 aliquid
1954 5473 2023 5527 de

410 5569 592 5623 ‘nobis
626 5567 976 5636 disponente,
1003 5578 1062 5624 ut
1097 5585 1165 5623 ne
1215 5569 1477 5623 nimirum
1515 5569 1607 5624 ille
1671 5568 1882 5637 absque
1936 5582 2023 5621 me

433 5674 497 5711 ac
531 5657 894 5726 patreexiret.
948 5661 1104 5727 Quod
1160 5661 1306 5717 enim
1353 5661 1636 5731 impedivit
1699 5660 2019 5725 consilium,

431 5750 687 5802 «palinihus
717 5751 875 5806 nobis
897 5752 1145 5816 elabendi
1194 5768 1226 5808 e
1250 5758 1473 5808 carcere
1506 5753 1818 5807 contnum'ts
1849 5766 2016 5806 causa

432 5841 557 5897 l'uit.
593 5837 791 5895 Verum
825 5859 935 5898 rem
983 5845 1295 5901 accuratius
1350 5844 1673 5909 edisserere,
1724 5857 1895 5913 neque
1928 5856 2018 5898 nec

2141 4650 2205 4702 γε
2234 4633 2404 4704 ἡδέων
2437 4633 2569 4703 ἑξῆς
2609 4636 2896 4699 ἁπάντων,
2931 4630 3005 4691 ὧν
3029 4639 3132 4691 οὐκ
3158 4640 3224 4692 ἂν
3258 4632 3711 4709 μετεῖχον,αὖτόςο

2151 4727 2293 4781 Ἀλλ’
2327 4728 2471 4784 οὕτω
2525 4728 2714 4793 πάλιν,
2747 4725 2828 4793 οἷς
2869 4731 2936 4784 ἂν
2985 4732 3175 4802 γνοίην
3208 4732 3480 4792 ἐπείθετο.
3517 4728 3590 4790 ὡς
3622 4729 3715 4793 ἀρ·

2137 4819 2277 4873 κοῦν
2309 4814 2451 4873 εἶναι
2487 4820 2585 4873 καὶ
2615 4820 2803 4874 νεῦσαι
2830 4836 2846 4852 ·
2881 4822 2977 4875 καὶ
3007 4821 3110 4892 ἔφη
3147 4824 3382 4893 πράξειν
3431 4821 3460 4875 ὃ
3487 4819 3707 4879 θέλοιμι*

2135 4912 2235 4966 οὐκ
2269 4911 2397 4964 ἄνευ
2424 4911 2520 4964 τοῦ
2554 4912 2817 4982 δακρύειν
2865 4915 3084 4983 πικρόν.
3126 4914 3268 4984 Ἒγὼ
3297 4917 3368 4979 δ’,
3405 4916 3450 4961 εί
3481 4908 3572 4960 καὶ
3609 4919 3707 4954 πα·-

2137 5004 2359 5074 ράδοξον
2401 5005 2611 5057 ἐκείνου
2673 5006 2955 5071 κλαίοντος
2987 5007 3264 5075 εὐθυμεῖν,
3306 5004 3459 5075 ὁμῶς
3500 4999 3705 5070 ἔχαιρον

2131 5096 2200 5150 δι’
2235 5098 2402 5151 αὑτὸν
2445 5098 2537 5151 τὸν
2571 5098 2849 5160 κλαίοντα,
2898 5100 2995 5151 καὶ
3031 5098 3261 5168 βασιλέα
3311 5097 3400 5150 τὸν
3440 5093 3697 5163 φύσαντα.

2139 5192 2401 5245 Ἐσεσθαι
2452 5195 2560 5264 γὰρ
2610 5191 2966 5263 παραμυθίαν
3020 5194 3273 5261 ἐνόμιζον
3326 5188 3523 5258 ἐκείνῳ
3564 5182 3702 5254 μάλα

2131 5284 2393 5355 λαμπρὰν
2422 5286 2522 5356 τὴν
2556 5286 2652 5338 τοῦ
2681 5285 2869 5348 παιδὸς
2893 5285 2966 5349 ὡς
3000 5286 3179 5339 είπεῖν
3213 5275 3699 5339 ἁναὸίωσιν.“Λλλ.ὶ

2131 5378 2240 5444 γὰρ
2265 5379 2352 5431 ὅτε
2383 5379 2549 5432 πᾶσιν
2580 5377 2762 5431 ἐδόκει
2795 5381 2853 5431 ἐν
2883 5380 3068 5448 χεροῖν
3098 5375 3243 5431 εἶναι
3271 5378 3331 5429 τὸ
3360 5375 3611 5446 πρᾶγμα,
3645 5362 3697 5413 τὸ

2127 5470 2177 5526 δ’
2207 5472 2308 5525 οὐκ
2352 5473 2433 5534 εἰς
2466 5472 2620 5535 τέλος
2666 5471 2852 5541 ἐξέϐη,
2887 5472 2981 5526 τοῦ
3013 5470 3151 5527 Θεοῦ
3181 5473 3312 5541 περὶ
3337 5468 3494 5539 ήμῶν
3524 5460 3697 5532 κρεῖτ-

2126 5563 2218 5617 τόν
2266 5581 2318 5617 τι
2355 5563 2832 5634 προδλεψαμένου,
2866 5563 2959 5616 ἵνα
2988 5563 3064 5635 μὴ
3093 5566 3266 5634 χωρὶς
3302 5557 3438 5631 ἐμοῦ
3486 5546 3690 5608 καὶτοῦ

2127 5658 2332 5725 πατρὸς
2380 5657 2588 5717 ἐκεῖνος
2637 5654 2853 5725 ἐξέλθῃ.
2899 5655 2971 5706 Τὸ
3003 5656 3112 5722 γὰρ
3146 5651 3290 5707 τοῦτ’
3323 5646 3601 5715 ἀνακόψαν
3633 5639 3687 5713 τὸ

2126 5747 2423 5819 βούλευμα,
2462 5748 2598 5801 αὐτὸ
2644 5747 2709 5818 δὴ
2761 5745 2925 5800 τοῦτο
2981 5746 3207 5814 γέγονεν
3238 5745 3412 5798 αἴτιον
3470 5737 3560 5792 τοῦ
3593 5732 3684 5795 τῆς

2122 5842 2346 5913 εἱρκτῆς
2397 5842 2540 5911 ἡμᾶς
2568 5840 2857 5911 διαδρᾶναι
2908 5839 3122 5903 πάντας
3148 5840 3285 5910 όμοῦ
3311 5855 3323 5869 ·
3367 5837 3503 5902 ὅπερ
3532 5832 3679 5895 ἀκρι·
