3950 6452
325 390 433 452 2θὸ

1109 384 1508 453 THEODORI
1554 391 1914 457 DESPO'I‘AE
1956 386 2349 456 LAUDATIO
2380 390 2817 458 FUNEBRIS..

3501 395 3610 460 203

328 504 441 565 ΰῗις
474 502 705 573 φράζειν
737 502 861 558 οὔτε
895 504 1258 575 προκείμενον
1285 507 1445 591 ἡμῖν,
1474 505 1588 561 οὔτ’
1620 507 1686 561 ἂν
1710 508 1797 578 εἴη
1827 508 1894 561 λε⁴

2019 507 2105 562 his
2135 511 2477 578 propositum
2512 516 2622 573 est,
2647 522 2748 564 nec
2793 508 2969 579 possit
3026 516 3336 579 opportune
3361 528 3376 576 ;
3399 524 3525 565 cum
3551 514 3608 565 ot

331 596 526 668 χθῆναι
561 597 661 651 σὺν
682 598 860 671 καιρῷ
883 613 896 628 ’
933 597 1113 663 ἄλλως
1142 598 1191 653 θ’
1220 600 1304 653 ὅτι
1335 600 1430 653 καὶ
1469 600 1790 671 περίεργον,
1837 602 1918 655 εί-

330 692 483 746 δόσιν
513 692 737 747 ἆπαντα
770 691 974 763 λέγειν.

406 784 600 847 Ὅστις
634 784 736 855 μέν
760 783 854 838 οὖν
876 779 1033 847 οὗτος
1056 779 1127 854 ἦν
1148 784 1286 856 πρός
1315 801 1375 837 τε
1395 783 1592 852 γονέας
1618 783 1717 837 καὶ
1738 785 1911 854 ἡμᾶς,

334 880 430 933 καὶ
454 878 557 948 τὴν
587 879 912 946 συγγένειαν
943 877 1081 949 ἑξῆς
1098 877 1304 942 πᾶσαν,
1329 877 1479 930 δυοῖν
1502 892 1567 945 γε
1590 877 1765 931 τοῖνδε
1798 874 1918 930 τοῖν

330 970 648 1041 εἰρημένων
678 970 1057 1041 ἀποδεδεῖχθαί
1106 987 1197 1042 μοι
1230 971 1507 1040 φαίνεται,
1551 969 1631 1033 ὡς
1672 969 1745 1035 ἐξ
1772 966 1916 1024 ὀνύ-

332 1081 483 1133 χων,
504 1064 657 1132 φασὶ,
683 1062 789 1118 τὸν
809 1063 1031 1118 λέοντα
1051 1080 1066 1095 ο
1100 1064 1349 1134 μετιτέον
1369 1064 1423 1117 δὲ
1445 1063 1537 1117 τὸν
1560 1063 1721 1131 λόγον
1735 1062 1915 1117 ἐπὶτά

330 1157 555 1226 πρόσω,
586 1156 1124 1226 παραδραμούμενον
1156 1157 1255 1227 μὲν
1274 1157 1343 1210 τὰ
1376 1157 1549 1210 πολλὰ
1571 1155 1681 1210 τῶν
1707 1155 1910 1227 ἔργων,

325 1249 525 1317 ὀλίγων
570 1248 615 1302 δ’
632 1245 698 1302 αὖ
734 1245 1036 1320 ἁψόμενον·
1065 1249 1324 1304 τοιούτων
1383 1252 1590 1319 μέντοι,
1617 1252 1759 1306 ὥστε
1810 1253 1913 1321 τὴν

325 1342 537 1394 ἐκείνου
568 1341 830 1396 δύνασθαι
867 1343 1072 1413 ἀρετὴν
1104 1343 1350 1413 φανερὰν
1402 1348 1581 1398 ποιεῖν
1602 1360 1618 1376 ·
1651 1341 1764 1399 εἷεν
1797 1346 1910 1418 γὰρ

326 1436 395 1489 ἂν
427 1437 487 1489 οὗ
520 1437 975 1507 συμπτωμάτων,
1013 1439 1073 1491 οὐ
1115 1438 1309 1508 τύχης,
1348 1440 1410 1492 οὗ
1463 1439 1676 1510 καιρῶν
1724 1439 1912 1493 ἐπιθε-

328 1529 510 1598 μένων
553 1532 665 1593 τοῖς
694 1531 1002 1595 ἐναντίοις’
1038 1531 1218 1586 ταῦτα
1272 1532 1358 1602 δὴ,
1412 1533 1479 1587 τὰ
1537 1533 1775 1605 Νέρωνα
1814 1536 1910 1588 καὶ

325 1620 751 1692 Σαρδανάπαλον
807 1623 1249 1693 βασιλεύσανταο
1301 1625 1439 1679 ἀλλὰ
1495 1626 1908 1699 κατορθώματα

323 1712 538 1786 ἀνδρὸς,
566 1716 735 1790 ἀρετῇ
767 1717 1154 1788 συμϐιοῦντος.
1176 1718 1369 1785 Metto)
1399 1720 1509 1791 γὰρ
1539 1719 1649 1775 τῶν
1672 1714 1783 1776 ἀπὸ
1803 1722 1907 1793 τῆς

2019 599 2224 672 alioqui
2255 600 2555 657 scientibus
2576 603 2760 658 omnia
2804 604 2877 659 sit
2903 616 3373 672 supervacaneum
3394 604 3606 660 dicere.

2089 783 2233 840 Puto
2260 784 2466 855 itaque,
2519 787 2657 842 satis
2679 786 2974 858 [superque
3017 784 3221 856 duplici
3260 783 3368 839 hac
3412 799 3614 838 narra-

2020 874 2170 931 tione
2193 874 2511 945 probatum,
2546 877 2730 947 qualis
2765 876 2939 933 hicrin
2972 885 3249 947 parentes,
3283 890 3518 947 nosque,
3548 889 3615 930 ac

2018 968 2286 1038 reliquam
2343 971 2728 1039 cognationem
2789 977 2957 1032 esset,
3024 981 3290 1041 tanquam
3325 985 3391 1023 ex
3434 985 3612 1038 ungue

2015 1058 2245 1127 leonem,
2273 1062 2420 1131 quod
2461 1061 2661 1129 aiunt;
2715 1077 2886 1133 porro
2933 1060 3269 1118 traducenda
3321 1063 3502 1117 oratio
3541 1061 3607 1115 ad

2018 1151 2302 1218 ulteriora,
2335 1159 2395 1207 ut
2422 1160 2607 1208 tamen
2654 1154 2913 1225 pleraque
2948 1154 3073 1225 ejus
3108 1168 3339 1224 operum
3378 1166 3610 1225 praeter-

2016 1241 2159 1308 iens,
2221 1259 2394 1314 pauca
2420 1253 2633 1301 tantum
2670 1263 2866 1303 rursus
2900 1249 3256 1318 perstringat,
3290 1262 3357 1302 cx
3406 1247 3611 1318 quibus

2019 1349 2199 1393 tamen
2221 1339 2342 1407 ejus
2375 1340 2664 1409 perspicue
2692 1341 2868 1397 virtus
2891 1341 3129 1397 eluceat.
3172 1342 3386 1411 Quippe
3443 1350 3613 1411 erunt

2012 1443 2123 1485 non
2163 1444 2347 1499 casus,
2372 1446 2482 1487 non
2521 1433 2776 1496 fortunae,
2810 1448 2918 1488 non
2977 1444 3285 1504 temporum
3346 1434 3611 1489 adversa-

2011 1524 2113 1579 riis
2151 1525 2512 1599 iniquiorum.
2548 1526 2675 1583 Haec
2710 1543 2946 1599 namque
2997 1528 3231 1584 Neronis
3288 1544 3354 1584 ac
3404 1528 3611 1584 Sarda-

1982 1619 2195 1688 napali
2224 1635 2389 1688 regna
2412 1598 2720 1693 insigniant
2753 1640 2769 1689 ;
2827 1598 2925 1678 sed
2957 1623 3058 1677 viri
3108 1624 3312 1678 virtute
3368 1623 3608 1677 viventis

2010 1710 2278 1780 praeclara
2311 1722 2487 1785 gesta.
2522 1713 2649 1771 Haec
2677 1717 2823 1771 enim
2856 1715 3066 1787 majora
3095 1726 3247 1782 sunt,
3275 1730 3438 1787 quam
3479 1729 3606 1785 qua:

322 1808 498 1880 τύχης
529 1810 711 1874 ταυτὶ,
746 1810 950 1865 ὁπόταν
1042 1811 1140 1866 καὶ
1176 1814 1321 1866 πάνυ
1354 1813 1567 1884 σμικρά
1591 1831 1606 1845 ο
1632 1814 1819 1869 ἐκεῖνα
1843 1815 1894 1868 δὲ

2012 1819 2042 1858 a
2072 1803 2317 1873 fortuna,
2349 1806 2442 1862 ubi
2482 1809 2651 1863 etiam
2729 1807 2937 1864 fuerint
2990 1808 3286 1865 admodum
3364 1808 3603 1865 modica.

324 1904 469 1957 πάνυ
516 1903 770 1976 λαμπρὰ,
803 1906 1004 1958 ὁπόσον
1053 1905 1120 1961 ἄν
1152 1921 1239 1968 τις
1272 1904 1628 1979 ἐνθυμηθείη.
1678 1907 1753 1962 Τὸ
1790 1908 1902 1981 γὰρ

323 1998 519 2069 εὐγενῆ
548 2014 671 2053 τινα
714 1998 812 2052 καὶ
846 1997 1200 2068 εὐπατρίδην,
1233 1998 1327 2050 καὶ
1360 1999 1698 2070 περιφανείᾳ
1727 2001 1900 2072 πολλῇ

326 2093 518 2163 συζῇν,
549 2092 647 2148 καὶ
684 2092 1046 2163 ἀνδραπόδων
1104 2092 1337 2163 πλήθεσι
1367 2094 1771 2165 περιρρεῖσθαι,
1807 2095 1903 2149 καὶ

323 2185 539 2257 πλούτῳ
554 2184 931 2256 συχνῷκομᾷν,
945 2187 1040 2240 καὶ
1060 2189 1228 2242 πᾶσιν
1246 2188 1478 2252 ἐκείνοις
1499 2187 1898 2260 ἐνευδοκιμεῖν,

329 2281 391 2334 δι’
418 2275 492 2336 ὧν
528 2299 589 2334 τε
620 2280 864 2352 τρόπαια
890 2281 999 2335 ἀπὸ
1031 2281 1140 2334 τῶν
1164 2280 1378 2351 ἐχθρῶν
1409 2281 1652 2346 ἵσταται,
1693 2284 1789 2336 καὶ⁵
1818 2277 1903 2346 οἷς

334 2372 395 2427 ἂν
418 2373 811 2444 προσκυνοῖντο
842 2372 891 2426 οῖ
915 2374 1239 2444 μετέχοντες
1267 2376 1333 2428 ἐκ
1362 2375 1472 2429 τῶν
1487 2377 1769 2448 πανταχοῦ
1799 2376 1901 2448 τῆς

322 2466 642 2536 οἰκουμένης
662 2465 937 2537 περάτων,
961 2465 1057 2519 καὶ
1079 2466 1394 2539 ἀνθρώποις
1410 2466 1722 2533 ἀλλοκότοις
1748 2469 1900 2523 ἐστιν

2014 1895 2152 1952 Cum
2185 1906 2370 1954 autem
2413 1900 2571 1957 valde
2604 1901 2916 1971 splendida,
2970 1902 3163 1973 quanti
3191 1902 3284 1956 illa
3325 1901 3442 1957 fieri
3508 1901 3608 1956 dc-

2012 1987 2280 2045 buerint?
2311 1991 2449 2046 Nam
2470 2002 2532 2047 ut
2569 1993 2695 2063 quis
2730 1993 2895 2048 nobili
2921 1995 3178 2064 prosapia
3221 2006 3382 2049 ortus
3408 1995 3482 2049 sit
3537 2006 3608 2048 ae

2011 2080 2210 2137 illustri
2267 2084 2470 2153 patria.
2532 2085 2943 2158 admodumque
2988 2087 3275 2156 splendide
3325 2089 3494 2146 vivat.
3538 2103 3607 2141 ac

2011 2172 2083 2229 sit
2131 2173 2503 2234 circumfusus
2565 2192 2850 2234 servorum
2918 2182 3172 2250 agmine,
3247 2180 3604 2250 abundetque

2010 2267 2168 2334 copia
2199 2266 2541 2345 divitiarum,
2567 2272 2719 2326 aeiis
2751 2271 3013 2327 omnibus
3062 2272 3248 2327 clarus
3308 2272 3601 2338 habeatur,

2008 2359 2211 2429 quibus
2239 2362 2469 2418 excitari
2497 2363 2699 2420 habent
2736 2372 2940 2433 tropaea
2987 2365 3056 2420 de
3085 2365 3359 2431 hostibus,
3388 2380 3454 2422 ac
3474 2368 3603 2436 qui-

2008 2451 2114 2508 bus
2149 2453 2185 2509 ii
2209 2455 2302 2525 qui
2327 2456 2554 2521 habent,
2611 2458 2681 2514 ab
2713 2459 2866 2515 orbis
2905 2460 3147 2515 universi
3177 2460 3401 2527 finibus,
3426 2461 3601 2516 honu—

318 2560 406 2612 ὅτε
462 2558 824 2628 παραγίνεται
881 2558 1142 2627 ἀλόγιστα
1203 2559 1525 2630 περαίνουσι
1574 2562 1666 2616 τὸν
1713 2562 1894 2633 αὐτῶν

2009 2545 2164 2603 ribus
2203 2558 2555 2620 augeantur;
2593 2550 2708 2608 hrec
2759 2553 2954 2624 utique
2998 2553 3330 2609 monstrosis
3378 2570 3599 2625 quoque.

319 2649 442 2720 βίον
465 2666 480 2681 ο
515 2650 682 2722 ἀρετῇ
714 2648 772 2703 δὲ
800 2649 897 2704 καὶ
931 2652 1047 2714 τοῖς
1076 2650 1347 2716 τοιούτοις
1384 2653 1536 2706 οὐδὲν
1569 2653 1636 2707 ἂν
1680 2653 1767 2728 εἴη
1799 2656 1894 2728 δή-

2008 2638 2353 2709 hominibus,
2395 2644 2711 2701 acalienea
2744 2646 2965 2704 ratione
3017 2648 3349 2713 viventibus,
3401 2663 3601 2718 suppe-

316 2760 422 2796 που
470 2743 666 2797 κοινόν.
701 2741 800 2796 Διὰ
833 2740 992 2796 τοῦτό
1034 2761 1099 2813 γε
1135 2745 1367 2811 ἐκεῖνος,
1409 2748 1438 2801 ό
1462 2749 1601 2820 πρὸς
1631 2749 1726 2806 τὸν
1760 2751 1894 2809 Θεὸν

2007 2742 2122 2789 tant
2154 2753 2168 2802 ;
2206 2736 2407 2806 quibus
2446 2737 2608 2809 plane
2638 2755 2704 2796 ac
2730 2739 2921 2796 virtuti
2943 2742 3085 2796 nulla
3136 2742 3455 2798 communio
3484 2742 3601 2798 fue-

316 2836 419 2907 μὲν
453 2835 650 2899 ἀπιὼν,
680 2837 835 2906 ὑμῶν
875 2836 976 2906 μὲν
1004 2832 1165 2901 αὖθις
1201 2838 1632 2910 ἐπιμελόμενος,
1665 2847 1726 2899 τδ
1767 2849 1894 2902 είω-

2006 2828 2096 2881 rit.
2136 2826 2504 2894 Quamobrem
2544 2829 2625 2884 vir
2652 2830 2719 2885 ad
2759 2831 2931 2887 Deum
2962 2831 3265 2902 profectus,
3318 2833 3601 2904 nostrique

312 2928 404 2993 θος
445 2928 592 3001 αὐτῷ
629 2931 823 2994 ποιῶν,
851 2930 985 2984 ὅπου
1033 2932 1128 2985 καὶ
1159 2933 1363 3003 μᾶλλον
1400 2933 1602 3003 ἔξεστι,
1641 2939 1750 2994 τῶν
1791 2941 1894 3012 μὶν

2004 2918 2137 2981 illic,
2161 2932 2323 2990 prout
2366 2921 2614 2978 moribus
2655 2923 2892 2979 habebat
2952 2934 3355 2996 comparatum,
3404 2928 3495 2982 ubi
3543 2937 3598 2977 ιιι

309 3019 789 3092 ἁπηριθμημένων
823 3023 951 3092 ἑξῆς
997 3024 1258 3078 ἁπάντων
1291 3026 1619 3098 κατεφρόνει
1656 3048 1714 3084 τε
1746 3031 1891 3103 λαμ-

2003 3012 2254 3090 amplius~
2295 3012 2462 3081 licet,
2516 3013 2715 3071 iterum
2767 3019 2959 3072 curam
3026 3033 3270 3089 gerens,
3327 3023 3598 3076 recensita

313 3111 491 3182 πρῶς,
531 3113 622 3167 καὶ
647 3112 799 3168 οὐδὲν
827 3115 968 3169 αὐτὰ
1004 3116 1150 3185 μέγα
1173 3117 1426 3189 ἐνόμιζεν
1449 3135 1464 3150 ·
1498 3121 1614 3174 οὐδ’
1635 3123 1793 3194 ἠξίου
1824 3143 1890 3195 γε

2003 3104 2189 3158 omnia
2219 3105 2500 3174 magniﬁce
2545 3109 2862 3177 spernebat,
2891 3124 2956 3165 ac
3001 3111 3137 3166 nihil
3199 3114 3379 3185 magni
3436 3128 3600 3185 puta-

307 3207 617 3261 ὲπτοεῖσθαι
667 3207 806 3278 πρὸς
839 3208 1012 3273 οὐδὲν,
1055 3204 1085 3262 ὃ
1131 3211 1207 3281 μὴ
1239 3208 1406 3265 καλὸν
1436 3213 1651 3268 οἴκοθεν
1671 3231 1685 3246 ⁸
1719 3218 1894 3287 εἴχετο

2003 3197 2131 3265 bat;
2169 3213 2271 3254 nec
2299 3215 2360 3255 re
2394 3200 2503 3255 ulla
2549 3202 2769 3258 volebat
2824 3205 3181 3261 admirationi
3232 3222 3378 3274 esse,
3426 3218 3594 3279 quam

305 3299 365 3353 δὲ
400 3300 677 3370 ἐπιμελῶς
729 3302 842 3356 τῶν
870 3303 974 3356 ὃσα
1003 3302 1070 3356 ἂν
1117 3302 1320 3370 βελτίω
1377 3309 1664 3376 ποιήσειεν
1722 3311 1894 3382 ἄνδρα

2003 3290 2046 3344 si
2075 3306 2197 3361 quae
2246 3290 2364 3362 ipsa
2403 3308 2468 3349 ac
2496 3309 2562 3349 ex
2602 3297 2843 3366 propriis
2870 3300 3339 3367 prmeiara'esset:
3386 3303 3601 3359 studio-

307 3391 471 3446 καλόν
498 3409 558 3445 τε
587 3393 683 3446 καὶ
717 3393 951 3462 ἀγαθὸν,
986 3395 1081 3449 καὶ
1116 3395 1176 3462 ἐξ
1199 3395 1425 3465 ἀγαθῶν
1460 3399 1559 3452 καὶ
1586 3400 1773 3455 καλῶν
1800 3420 1897 3473 γει-

306 3485 526 3551 γονότα.
561 3480 718 3540 Οὕτω
768 3487 879 3558 γὰρ
909 3488 1271 3555 πεπαίδευτο,
1306 3484 1405 3545 καὶ
1451 3492 1768 3564 μεμαθήκει
1804 3497 1895 3551 εὐ-

254 3614 255 3617 η
309 3575 408 3640 θὺς
432 3578 671 3649 τεχθεὶς,
695 3579 771 3644 ὡς
798 3582 994 3634 εἰπεῖν.
1016 3578 1466 3653 Ἐπαναληπτέον
1490 3583 1545 3638 δὲ
1571 3585 1633 3639 τὺ
1672 3589 1895 3659 προκείιι

307 3684 495 3739 μενον.

379 3841 508 3922 Εἶχε
538 3851 607 3905 τὰ
657 3848 961 3922 πράγματα
995 3850 1184 3914 κακῶς
1232 3853 1297 3923 τῇ
1340 3850 1758 3927 Πελοποννήσῳ,
1793 3850 1890 3911 καὶ

302 3944 482 3998 ἐδόκει
510 3944 620 3997 δεῖν
664 3945 829 3998 αὐτὸν
877 3946 1015 3997 ἰέναι
1057 3943 1192 4017 παρ’
1217 3944 1393 4016 αὐτήν
1423 3959 1439 3975 ·
1475 3944 1637 4000 λῦσαι
1688 3948 1796 4019 γὰρ
1823 3949 1891 4003 ἂν

304 4040 376 4094 τὰ
425 4041 578 4096 δεινὰ
608 4042 1050 4114 παραγεγονότα,
1104 4041 1360 4112 καθάπερ
1411 4042 1570 4107 ἀκτὶς
1610 4043 1885 4115 ὁμίχλην·

303 4130 491 4186 καὶτὸ
533 4131 713 4202 δόγμα
743 4131 1014 4203 κυρωθὲν,
1063 4130 1320 4185 τοσοῦτον
1360 4135 1475 4195 τοῖς
1523 4135 1642 4186 ἐκεῖ
1690 4132 1888 4206 βεϐοή-

303 4223 439 4295 θηκε
471 4224 787 4295 πράγμασι,
822 4225 924 4294 τῆς
955 4225 1148 4296 φήμης
1172 4223 1366 4294 ῶσπερ
1405 4226 1720 4298 ὑποπτέρου
1755 4244 1891 4280 πανα-

300 4314 501 4385 ταχόσε
530 4313 962 4386 διαδραμούσης,
990 4316 1117 4370 ὅσον
1143 4316 1244 4369 οὐκ
1278 4316 1346 4373 ἄν
1378 4334 1464 4381 τις
1498 4313 1655 4389 οἶμαι
1685 4320 1889 4390 ῥᾳδίως

302 4409 670 4480 ἐπιδημήσας.
719 4410 894 4473 Αὐτὸς
927 4409 1009 4475 δὲ,
1040 4410 1280 4475 ἐλπίζων
1319 4411 1497 4476 οὕτως
1528 4412 1885 4484 ἐπιϐήσεσθαι,

301 4499 503 4570 δηλαδὴ
537 4501 714 4565 καλῶς
740 4501 809 4556 τὰ
857 4502 1162 4572 πράγματα
1202 4505 1451 4574 σχήσειν,
1498 4504 1575 4574 τῷ
1603 4507 1730 4569 τοὺς
1776 4506 1882 4560 Πε-

1999 3398 2060 3437 se
2093 3398 2224 3440 vero
2252 3386 2590 3454 sectabatur,
2625 3389 2671 3444 si
2719 3404 2829 3459 qua
2883 3392 3208 3461 praeclarum
3260 3408 3324 3450 ac
3366 3395 3594 3463 bonum,

1996 3491 2180 3547 exque
2231 3477 2396 3535 bonis
2469 3495 2534 3535 at:
2590 3482 2871 3553 praeclaris
2901 3495 3082 3541 ortum
3137 3486 3417 3545 decerent.
3503 3492 3598 3546 Sic

1997 3584 2237 3640 namque
2272 3571 2558 3628 institutus
2608 3572 2811 3643 fuerat,
2871 3579 3062 3649 sicque
3094 3594 3222 3635 mox
3278 3589 3468 3650 natus,
3533 3595 3595 3638 ut

1995 3663 2072 3717 ita
2107 3653 2311 3729 dicam,
2358 3666 2649 3723 didicerat.
2696 3669 3049 3727 Resumenda
3121 3674 3285 3729 nobis
3341 3675 3593 3747 subjecta

1997 3757 2249 3814 materia.

2066 3845 2205 3903 Male
2240 3865 2328 3906 res
2403 3848 2763 3921 Peloponnesi
2807 3842 3111 3921 habebant,
3166 3859 3400 3929 ejusque
3456 3860 3592 3914 illuc

1994 3939 2263 4009 proiectio
2292 3958 2474 4009 operae
2506 3945 2744 4014 pretium
2781 3947 3092 4004 videbatur.
3151 3949 3293 4006 Fore
3355 3953 3503 4007 enim
3530 3966 3591 4007 ut

1992 4033 2177 4088 statim
2227 4050 2470 4105 praesens
2509 4037 2654 4094 mala
2688 4039 3033 4108 dissolveret,
3065 4044 3142 4096 uti
3181 4045 3368 4100 radius
3417 4046 3592 4101 nebu-

1992 4124 2121 4181 lam.
2170 4123 2407 4181 Tantum
2459 4129 2732 4200 saneejus
2787 4133 3042 4188 mittendi
3070 4134 3382 4203 decretum,
3440 4139 3587 4193 fanva

1990 4213 2199 4285 ubique
2230 4229 2581 4289 pervagante,
2618 4220 2769 4276 illius
2795 4223 3096 4292 provinciae
3123 4227 3289 4282 rebus
3324 4231 3586 4289 contulit.

1990 4316 2287 4377 quantum,
2341 4320 2498 4381 puto,
2555 4328 2718 4369 nemo
2753 4316 2913 4371 facile
2947 4304 3215 4387 potuisset
3271 4325 3587 4391 prmsentiu.

1988 4400 2240 4473 Eumque
2264 4401 2356 4457 ille
2396 4420 2714 4462 successum
2739 4423 3005 4479 sperans,
3055 4412 3365 4484 utinquam
3427 4415 3589 4472 Pelu-

1989 4496 2220 4577 punnesi
2246 4510 2352 4560 res,
2381 4496 2499 4553 sola
2520 4499 2639 4570 ejus
2672 4499 2818 4557 fama
2852 4505 3118 4573 nominis,
3148 4525 3317 4578 quam
3352 4511 3465 4566 illic
3487 4528 3587 4582 ap-

300 4592 693 4664 λοποννησίους
723 4594 1108 4667 μεμαθηκέναι
1144 4595 1214 4649 τὰ
1244 4599 1376 4670 περὶ
1420 4597 1601 4662 τοῦδε,
1637 4600 1733 4652 καὶ
1765 4599 1886 4668 μετ’

2003 4586 2167 4653 prime
2202 4598 2390 4644 notam
2424 4591 2611 4658 sciret,
2642 4609 3116 4664 componerentur
3155 4617 3171 4654 :
3205 4617 3268 4655 ac
3300 4602 3388 4655 ubi
3419 4608 3583 4673 paulo

297 4686 360 4738 οὐ
397 4685 536 4739 πολὺ
566 4685 755 4757 μαθὼν
785 4688 930 4742 κατὰ
959 4690 1058 4757 τὴν
1088 4689 1251 4754 δόξαν
1301 4690 1668 4763 ἐκσεὸηκότα,
1699 4692 1889 4763 κέκρι·

300 4795 397 4830 κεν
449 4778 531 4831 ἐτι
582 4782 1089 4850 προσπαραμείναι,
1141 4780 1248 4845 ἓως
1281 4780 1369 4848 ἂν,
1426 4782 1608 4837 πάντα
1638 4786 1885 4853 γεγονὼς

302 4873 395 4923 καὶ
422 4873 888 4942 διαπραξάμενος,
924 4874 1013 4947 ἴδῃ
1043 4875 1142 4944 μὲν
1169 4864 1260 4926 τὶν
1289 4874 1516 4945 βασιλέα
1548 4878 1643 4930 καὶ
1670 4880 1884 4950 πατέρα

297 4964 359 5016 ἐν
377 4964 492 5027 τοῖς
519 4965 768 5019 εἰωθόσιν
792 4964 948 5031 ὅντα,
988 4966 1334 5037 πραγμάτων
1368 4969 1471 5038 μὲν
1493 4970 1884 5040 ἀπαλλαγέντα

299 5056 524 5119 τελέως,
561 5057 805 5130 γαλήνης
834 5058 893 5112 δὲ
926 5058 1130 5129 λευκῆς
1171 5059 1517 5115 ἀπολαύοντα
1536 5076 1552 5092 ο
1588 5062 1674 5136 ἴδῃ
1702 5063 1758 5116 δὲ
1787 5065 1882 5117 καὶ

300 5150 398 5217 τὴν
445 5151 658 5219 μητέρα
717 5150 814 5204 σὺν
844 5151 922 5222 τῷ
966 5153 1171 5223 ἑαυτῆς
1199 5154 1370 5224 πατρῖ⁵
1424 5153 1520 5207 καὶ
1550 5156 1689 5224 ξταῖν
1726 5154 1883 5210 ἀδελ·-

300 5244 429 5312 φαίν
482 5245 664 5299 οἴκαδε
717 5244 1122 5300 ἐπανελθοῦσαν
1161 5249 1225 5300 ἐκ
1262 5249 1361 5315 τῆς
1412 5250 1683 5320 φρουρᾶς,
1733 5250 1792 5303 ἐν

297 5337 616 5407 κατείχοντο
642 5341 796 5407 παρὰ
841 5338 951 5393 τῶν
985 5339 1258 5394 Λατίνων.
1291 5339 1466 5395 Οὐδὲν
1516 5342 1630 5411 γὰρ
1672 5341 1785 5413 ἐρῶ
1811 5360 1877 5412 γε

296 5430 461 5484 πλέον
498 5430 712 5485 πολλῶν
746 5431 832 5484 ἐνί
840 5449 932 5486 κα.

364 5522 538 5574 Ταυτὶ
591 5524 692 5593 μὲν
743 5523 836 5577 οὐν
874 5523 1039 5598 ἐξέὸη
1092 5526 1233 5580 κατὰ
1285 5527 1517 5591 σκοπὸν,
1570 5528 1666 5581 καὶ
1702 5528 1876 5600 πέρας

292 5613 486 5667 ἐλαϐεν
515 5614 744 5682 ἀγαθὸν,
778 5620 1180 5689 συναιρομένης
1206 5619 1306 5689 τῆς
1335 5619 1487 5684 θείας
1508 5620 1707 5690 ῥοπῆς,
1735 5622 1876 5692 μετὰ

292 5708 356 5759 τὸ
384 5708 586 5781 πολλὴν
614 5709 714 5779 μὲν
746 5712 910 5764 αὐτὸν
938 5711 1165 5781 ἀνδρία-θ
1200 5715 1296 5767 καὶ
1326 5716 1713 5784 γενναιότητα,
1743 5713 1876 5767 πολ-

294 5797 396 5866 λὴν
424 5797 470 5850 δ’
502 5800 839 5872 ἐγρήγορσιν
867 5804 961 5856 καὶ
995 5804 1257 5875 σπουδὴν,
1285 5803 1492 5875 πολλὴν
1521 5803 1578 5857 δὲ
1606 5805 1874 5877 φρόνησιν

292 5890 665 5958 ἱπιδεὶξασθαι
714 5894 789 5965 τῷ
828 5894 962 5966 πρὸς
1006 5898 1133 5961 τοὺς
1176 5896 1442 5960 Λατίνους
1490 5897 1610 5950 τότε
1644 5896 1869 5968 πολέμῳ

1993 4686 2115 4747 post
2140 4679 2220 4734 sic
2265 4681 2441 4752 reipsa
2473 4685 2812 4749 successisse
2846 4689 3126 4756 cognovit,
3152 4706 3337 4745 moras
3361 4693 3577 4763 aliquas

1992 4767 2287 4825 trahendas
2335 4772 2516 4839 duxit,
2574 4778 2701 4829 dum
2770 4778 2990 4831 Interim
3036 4777 3215 4834 factus
3273 4783 3483 4849 omnia,
3520 4803 3584 4838 ac

1991 4860 2245 4914 universa
2280 4877 2494 4931 gerens,
2538 4864 2926 4935 imperatorem
2975 4880 3040 4920 ac
3100 4877 3312 4936 patrem
3366 4868 3420 4922 in
3473 4886 3584 4940 pri-

1988 4954 2130 5007 stina
2169 4958 2480 5011 reStitutum
2523 4958 2750 5021 videret,
2807 4973 2837 5011 a
2864 4959 3098 5030 negotiis
3158 4959 3398 5030 perfecte
3445 4963 3585 5017 libe-

1987 5064 2132 5111 rum.
2165 5065 2229 5104 ac
2285 5049 2484 5106 blanda
2553 5050 2827 5106 fruentem
2881 5053 3318 5122 tranquillitate;
3368 5056 3581 5112 videret

1986 5155 2118 5196 vero
2147 5151 2202 5198 et
2234 5152 2489 5211 matrem,
2525 5144 2829 5214 matrisque
2850 5155 3084 5214 patrem,
3112 5161 3176 5202 ac
3206 5161 3447 5214 sorores,
3480 5152 3578 5205 do-

1987 5250 2135 5290 mum
2165 5251 2361 5291 omncs
2385 5230 2694 5303 reversosa
2733 5238 3015 5306 praesidio,
3046 5254 3159 5310 quo
3193 5238 3375 5297 Latini
3429 5251 3579 5297 tene—
3621 5225 3626 5230 ’

1983 5341 2127 5382 rent.
2151 5327 2262 5386 Nec
2292 5331 2436 5384 enim
2495 5331 2648 5402 plura
2697 5331 2816 5385 haec
2860 5329 3122 5397 referam,
3176 5333 3342 5405 idque
3390 5337 3579 5392 multis

1980 5421 2050 5475 de
2072 5421 2276 5478 causis.

2055 5514 2148 5571 Sic
2172 5515 2362 5584 utique
2389 5529 2482 5572 res
2543 5526 2959 5582 successerunt,
3009 5532 3077 5573 ac
3100 5519 3304 5573 bonum
3349 5534 3577 5591 accepe-

1981 5617 2110 5662 runt
2145 5609 2328 5675 ﬁnem,
2356 5606 2469 5664 Deo
2497 5608 2640 5663 bene
2668 5610 2912 5679 auspice,
2950 5611 3043 5665 ubi
3103 5610 3196 5666 ille
3252 5595 3393 5666 bello
3446 5623 3578 5666 tunc

1978 5710 2171 5757 contra
2211 5703 2455 5768 Latinos,
2517 5703 2749 5758 multam
2814 5702 3214 5769 fortitudinem,
3262 5720 3326 5761 ac
3357 5706 3569 5761 strenui

1978 5797 2365 5859 roburanimi,
2421 5796 2764 5866 multamque
2788 5812 2851 5851 ac
2908 5798 3124 5867 vigilem
3179 5798 3566 5866 diligentiam,

1979 5892 2202 5947 multant
2231 5891 2462 5962 denique
2488 5889 2854 5961 prudentiam,
2887 5907 2984 5961 pro
3032 5890 3229 5962 patria,
3281 5907 3344 5947 ac
3388 5905 3569 5964 gente,
