3950 6418
420 344 527 408 2ὕ7

1581 347 1983 408 MANUELIS
2023 345 2470 411 PALZEOLOGI

3552 357 3651 422 208

421 457 876 528 parentibusque,
906 455 1195 513 decertans
1250 455 1608 515 ostendisset.
1658 459 1797 512 Cum
1858 456 1988 511 nihil

2101 461 2241 533 ὑπὲρ
2280 462 2383 532 τῆς
2419 462 2679 532 πατρίδος
2713 480 2771 516 τε
2819 464 2916 517 καὶ
2949 465 3045 518 τοῦ
3074 464 3265 533 γένους
3296 466 3392 520 xui.
3423 467 3529 522 τῶν
3559 488 3653 538 φυ-

419 552 605 619 itaque
633 549 822 604 deesse
854 548 1154 613 videretur,
1193 563 1305 617 quo
1339 547 1425 613 vir
1470 549 1648 604 bonus
1700 559 1775 615 ,ει
1824 548 1999 603 bonus

419 642 590 698 videri
613 641 805 712 possit,
828 640 1061 696 delatam
1095 639 1458 710 Peloponnesi
1517 641 1858 711 provinciam
1905 655 2000 694 ac-

415 735 570 805 cipit,
605 749 714 788 non
738 744 845 788 tam
868 733 1215 788 hereditario
1245 733 1391 801 jure,
1423 748 1586 802 quam
1615 733 1668 787 in
1700 742 2001 801 partem,ac

412 827 786 900 justissimum
822 825 1269 895 praemium,cum
1306 825 1658 893 impensioris
1687 824 1837 876 illius
1870 835 1991 891 gra«

423 920 679 976 titudinis
709 919 766 973 in
798 929 1077 988 parentes,
1145 928 1257 971 tum
1313 918 1572 972 exhibita:
1634 914 1995 979 fortitudinis,

415 1027 483 1069 ac
547 1013 717 1068 totius
745 1010 864 1080 ejus
932 1009 1152 1078 reliquae
1227 1008 1468 1062 virtutis.
1530 1007 1784 1062 Arbitror
1849 1004 1997 1060 enim

417 1106 510 1160 hic
544 1104 915 1167 concurrisse,
938 1113 997 1155 ut
1017 1115 1124 1170 qua
1169 1098 1292 1168 quis
1321 1100 1515 1156 lubens
1541 1100 1710 1166 dicat,
1746 1114 1857 1168 quo
1871 1098 1997 1168 jure

417 1195 710 1250 admodum
752 1194 981 1246 delatam
1021 1193 1136 1245 viro
1181 1190 1516 1261 provinciam
1576 1191 1704 1245 velit
1744 1189 1993 1259 probare.

413 1288 642 1356 Accepit
665 1301 797 1354 ergo
829 1298 1006 1352 neque
1045 1283 1215 1352 patris
1256 1291 1647 1352 congruentem
1698 1281 1993 1345 desiderio,

410 1395 516 1435 nec
553 1393 683 1432 vero
714 1377 809 1430 ﬁlii
843 1375 1055 1437 virtuti,
1088 1373 1184 1429 sed
1230 1373 1488 1443 praesenti
1533 1375 1706 1443 magis
1735 1373 1994 1436 fortunae,

411 1488 478 1527 ae
508 1471 672 1526 rebus
701 1470 781 1524 sic
818 1467 1056 1523 amictis.
1089 1466 1156 1520 At
1183 1466 1330 1521 enim
1367 1466 1557 1520 videor
1585 1481 1694 1519 non
1739 1475 1995 1521 accurate

410 1564 576 1620 verba
610 1576 927 1630 usurpasse.
980 1556 1049 1613 Ut
1094 1559 1219 1627 quis
1242 1559 1387 1612 enim
1415 1572 1545 1612 vero
1591 1558 1892 1627 proximius
1912 1558 1995 1612 di-

411 1663 523 1721 cat,
555 1668 664 1708 non
694 1663 802 1708 tam
829 1652 903 1705 illi
932 1651 1341 1719 Peloponnesus
1395 1651 1521 1706 data
1546 1662 1661 1721 est,
1706 1665 1867 1719 quam
1901 1649 1993 1704 ille

409 1748 808 1817 Peloponneso.
841 1743 989 1798 Nihil
1012 1743 1157 1797 enim
1179 1744 1267 1796 illa
1294 1758 1389 1811 per
1417 1744 1469 1797 id
1495 1752 1710 1812 tempus
1737 1742 1989 1796 auxiliari

2105 555 2337 608 σάντων.
2367 554 2553 625 Μηδὲν
2584 551 2679 608 οὖν
2706 555 2844 618 ὅλως
2873 556 3241 626 παραλιπόντι
3280 558 3385 612 τῶν
3424 560 3563 623 δσοις
3589 561 3649 614 ἂν

2101 640 2250 714 εἶχεν
2283 646 2425 717 ἀνὴρ
2464 646 2694 715 ἀγαθὸς,
2726 646 2861 700 αὐτό
2889 663 2954 714 γε
2983 648 3128 702 τοῦτ’
3170 650 3308 720 ἀνὴρ
3337 651 3531 718 ἀγαθὸς
3556 669 3654 720 φα-

2100 736 2282 805 νῆναι,
2335 737 2542 791 δίδοται
2588 738 2764 809 τούτῳ
2794 741 2826 806 ἡ
2882 738 3317 808 Πελοπόννησος,
3345 742 3405 795 οὐ
3465 742 3654 811 μᾶλλον

2100 828 2304 898 κλῆρος
2331 831 2364 900 ἢ
2419 831 2601 901 μερὶς,
2636 830 2669 901 ἦ
2701 830 2869 901 γέρας
2918 832 3262 886 δικαιότατον
3295 833 3393 902 τῆς
3434 849 3493 885 τε
3525 833 3652 904 πρὸς

2098 921 2299 988 γονέας
2351 922 2799 992 εὐγνωμοσύνης,
2827 922 2926 991 τῆς
2973 940 3034 976 τε
3068 923 3313 994 ἀνδρίας,
3355 917 3422 995 ἧς
3452 925 3656 977 ἐπεδείο

2100 1011 2247 1076 ξατο,
2282 1010 2376 1062 καὶ
2407 1011 2711 1081 συλλήϐδην
2734 1013 2833 1079 τῆς
2879 1012 3075 1082 λοιπῆς
3103 1013 3326 1083 ἀρετῆς.
3356 1009 3521 1082 Οἶμαι
3553 1013 3655 1081 γὰρ

2097 1103 2349 1157 ἐνταυθοῖ
2394 1103 2926 1173 συνδεδραμηκέναι,
2982 1107 3194 1174 ὅσαπερ
3243 1107 3309 1159 ἄν
3353 1123 3458 1159 τινι
3513 1106 3658 1176 φίλον

2095 1193 2302 1259 λέγειν,
2330 1192 2399 1271 δι’
2428 1186 2504 1246 ὧν
2536 1194 2648 1264 ἔχοι
2695 1194 2969 1248 δεικνύναι
3007 1196 3215 1264 ταύτην
3257 1196 3500 1249 δεδόσθαι
3530 1195 3658 1259 τῷδε

2096 1285 2287 1354 τάνδρὶ
2320 1285 2459 1354 μετά
2491 1286 2686 1338 πολλοῦ
2713 1285 2807 1339 τοῦ
2841 1287 3074 1341 δικαίου.
3106 1290 3305 1358 Ἐσχεν
3329 1287 3426 1341 οὖν
3454 1289 3654 1350 ἐκεῖνος

2095 1376 2280 1448 τήνδε,
2306 1376 2431 1430 οὔτε
2461 1376 2557 1429 τοῦ
2590 1378 2803 1447 πατρὸς
2833 1380 2900 1447 τῇ
2928 1378 3210 1449 προθυμίᾳ
3240 1380 3655 1450 ξυμϐαίνουσαν,

2095 1469 2221 1521 οὒτε
2276 1471 2384 1538 μὴν
2409 1471 2477 1539 τῇ
2525 1468 2621 1521 τοῦ
2651 1468 2845 1533 παιδδς
2875 1472 3074 1541 ἀρετῇ,
3127 1471 3263 1525 ἀλλὰ
3302 1475 3369 1543 τῇ
3417 1472 3657 1543 παρούσῃ

2093 1559 2232 1630 τύχῃ
2268 1561 2362 1623 καὶ
2393 1563 2456 1629 τῇ
2504 1559 2614 1613 τῶν
2668 1564 3017 1631 πραγμάτων
3062 1564 3289 1633 ἀπορίᾳ.
3335 1562 3493 1617 Ἀλλὰ
3536 1565 3661 1633 γὰρ,

2094 1653 2168 1715 ὡς
2200 1652 2397 1718 ἔοικεν,
2432 1654 2533 1705 οὐκ
2559 1653 2808 1722 ἀκριϐῶς
2838 1658 2952 1718 τοῖς
2995 1654 3254 1725 ὀνόμασιν
3285 1656 3656 1727 ἐχρησάμεθα.

2097 1743 2161 1795 Εἰ
2188 1744 2296 1812 γὰρ
2322 1744 2722 1815 τάληθέσιερον
2759 1745 2904 1799 είποι
2951 1763 3055 1813 τις,
3093 1747 3152 1799 ού
3193 1747 3394 1816 μᾶλλον
3426 1747 3598 1818 τούτῳ
3626 1748 3659 1818 ἡ

410 1848 665 1911 poterat,
695 1836 788 1892 sed
836 1837 958 1906 ejus
992 1835 1165 1905 magis
1190 1834 1395 1888 auxilio
1426 1834 1657 1901 egebat;
1691 1833 1902 1887 tametsi
1932 1842 1988 1887 et

2096 1835 2504 1906 Πελοπόννησος
2540 1836 2688 1908 ἥπερ
2721 1828 2879 1899 οὗτὸς
2908 1837 3212 1908 δέδοταιτῇ
3252 1840 3657 1911 Πελοποννήσῳ.

409 1933 502 1987 ille
535 1932 618 1988 sic
641 1931 887 1995 haberet,
940 1927 1076 1982 υιεί
1144 1926 1313 1979 nihilo
1363 1926 1543 1981 secius
1596 1926 1803 1980 auxilio
1851 1940 1987 1995 opus

409 2022 711 2092 esselzqui
742 2035 916 2091 nuper
972 2023 1155 2072 nudus
1197 2018 1450 2073 omnibus
1495 2032 1753 2087 egressus
1793 2018 1985 2088 praesi-

408 2117 524 2183 dio,
556 2113 689 2169 nihil
711 2128 807 2183 per
830 2122 1068 2181 tempus,
1106 2124 1207 2163 e0n
1235 2116 1451 2165 meatus
1486 2109 1805 2165 necessarii
1835 2124 1987 2163 com-

406 2222 602 2279 parare
644 2208 934 2277 potuisset.
974 2203 1356 2258 Commeatum
1392 2202 1537 2263 dico.
1588 2216 1869 2256 armorum
1901 2217 1986 2256 ro-

406 2301 532 2361 bur,
569 2296 1009 2365 suﬂicicntesque
1047 2294 1325 2363 pecunias,
1362 2293 1412 2347 in
1465 2286 1777 2348 necessaria
1842 2291 1986 2346 mili-

410 2400 525 2443 tum
563 2387 954 2457 impendendas
986 2385 1259 2451 subsidia,
1299 2399 1362 2439 ac
1386 2385 1611 2440 omnino
1634 2385 1688 2443 in
1727 2399 1849 2454 quze
1883 2385 1985 2437 im-

408 2480 567 2549 pendi
593 2479 943 2535 commodum
974 2478 1242 2532 videatur.
1307 2475 1463 2542 Quod
1507 2479 1654 2531 enim
1705 2476 1771 2531 ad
1797 2476 1980 2546 ingen-

408 2587 492 2631 tcs
529 2557 816 2628 thesauros
841 2556 849 2564 ’
878 2579 1110 2640 spectat,
1154 2568 1572 2640 confertamque
1617 2569 1979 2639 marsppium,

407 2681 471 2720 ac
499 2679 694 2719 aurum
744 2669 1147 2731 argentumque
1212 2661 1355 2716 male
1376 2668 1657 2731 congesta,
1707 2676 1773 2716 ac
1824 2660 1982 2732 pejus

407 2764 648 2821 servata,
686 2756 802 2809 haec
827 2754 874 2809 si
903 2752 1220 2819 abluebant,
1257 2753 1679 2823 haudquaquam
1726 2768 1982 2825 appone-

406 2850 501 2904 bat
524 2863 644 2914 cor,
672 2845 893 2901 Davidis
916 2844 1213 2899 obsecutus
1258 2844 1490 2900 consilio
1515 2844 1582 2902 ⁵³.
1614 2845 1879 2900 Caeterum
1904 2844 1984 2899 di-

406 2944 534 2997 vino
563 2941 722 3011 plane
744 2947 879 2993 nutu
905 2952 968 2992 ac
992 2938 1275 3002 instinctu,
1313 2952 1419 2991 avo
1442 2936 1568 2992 inde
1614 2947 1865 3007 rogante,
1891 2953 1984 3007 pa-

408 3045 533 3088 truc
586 3033 934 3098 obsecrante,
973 3029 1391 3101 patrisjudicio,
1451 3028 1641 3084 matris
1672 3032 1975 3095 voluntate,

2092 1929 2168 1981 Οὐ
2192 1929 2301 1998 γὰρ
2337 1929 2560 1998 βοηθεῖν
2586 1930 2782 1999 ἐκείνῳ
2816 1930 2938 1982 τότε
2978 1930 3265 2000 δυνάμεως
3298 1929 3448 2001 εἶχεν
3469 1948 3483 1962 ·
3531 1932 3661 1986 ἀλλά

2090 2021 2191 2089 τῆς
2233 2020 2399 2073 αὐτοῦ
2453 2019 2709 2090 βοηθείας
2751 2022 2954 2089 μᾶλλον
3005 2019 3075 2095 ἦν
3123 2023 3447 2095 χρῄζουσαν
3495 2025 3663 2078 καίτοι

2090 2114 2344 2174 κάκεῖνος
2398 2113 2642 2175 τοιοῦτος
2700 2109 2768 2186 ἦν
2822 2115 3154 2182 τηνικαῦτα,
3210 2116 3356 2171 ὥστε
3416 2118 3663 2189 βοηθείας

2085 2204 2315 2269 δεῖσθαι,
2346 2205 2502 2273 ψιλὸς
2547 2206 2647 2275 μὲν
2682 2207 2905 2260 πάντων
2971 2209 3072 2277 τῆς
3118 2212 3366 2281 φρουρᾶς
3416 2209 3663 2275 ἐξελθὼν,

2090 2299 2259 2369 μηδὲν
2289 2297 2345 2350 δέ
2376 2297 2626 2366 δυνηθεὶς
2661 2297 2747 2351 διὰ
2794 2299 2887 2351 τὸν
2923 2300 3118 2370 καιρὸν
3149 2301 3485 2372 κτήσασθαι.
3517 2299 3666 2366 Λέγω

2086 2390 2143 2443 δὲ
2200 2391 2396 2455 κτῆσιν
2424 2390 2524 2458 τὴν
2556 2390 2664 2442 ἀπὸ
2694 2391 2805 2443 τῶν
2843 2391 3024 2444 ὅπλων
3075 2393 3251 2461 ἰσχὺν,
3283 2393 3378 2447 καί¹
3404 2392 3666 2463 ἀρκοῦντα

2087 2463 2368 2554 χρήματα,
2406 2481 2587 2545 καλῶς
2623 2482 3030 2552 ἀναλισκόμενα
3068 2484 3147 2547 είς
3172 2487 3241 2538 τά
3269 2486 3381 2540 τῶν
3411 2502 3667 2555 στρατιω-

2082 2576 2193 2630 τῶν
2218 2574 2521 2645 ὲπιτήδεια,
2555 2575 2648 2628 καὶ
2681 2574 2839 2641 ὅλως,
2870 2575 2978 2645 ὅπη
3017 2576 3268 2648 συνοίσῃ.
3305 2577 3540 2632 Πλοῦτον
3563 2580 3672 2646 γὰρ

2083 2665 2164 2719 ὅτι
2205 2662 2395 2730 πολὺν,
2456 2661 2550 2715 καὶ
2589 2661 2877 2733 βαλάντιον
2919 2664 3101 2735 ἁδρὸν,
3144 2667 3243 2719 καὶ
3290 2670 3533 2740 χρυσίον,
3573 2666 3665 2721 καὶ

2083 2752 2373 2826 ἀργύριον,
2400 2753 2773 2825 ἀθροιζόμενα
2807 2755 3019 2819 κακῶς,
3053 2756 3149 2811 καὶ
3176 2759 3363 2830 χεῖρον
3399 2759 3658 2828 φυλαττό-

2087 2864 2246 2917 μενα,
2280 2846 2455 2899 ταῦτα
2489 2847 2545 2900 δὲ
2576 2849 2625 2900 εί
2674 2846 2849 2919 ἔρρει,
2902 2850 2964 2901 οὐ
3009 2850 3372 2918 προσετίθετο
3417 2852 3658 2922 καρδίαν,

2083 2940 2160 3010 τῷ
2191 2940 2354 2992 Δαϐὶδ
2386 2941 2733 3009 πειθόμενος.
2756 2941 3026 3014 Πλὴνθούκ
3057 2940 3188 2994 ἄνευ
3220 2943 3372 2996 θείου
3405 2944 3664 3013 νεύματος

2089 3032 2185 3086 καὶ
2219 3035 2414 3104 ῥοπῆς,
2456 3034 2715 3103 δεομένου
2752 3035 2853 3104 μὲν
2882 3036 3094 3089 ἐκεῖθεν
3121 3034 3218 3089 τοῦ
3246 3036 3421 3102 Θείου,
3458 3037 3663 3104 ἀξιοῦν-
3694 3088 3697 3091 .

406 3125 499 3180 sed
521 3132 576 3179 et
610 3138 732 3201 mea
764 3124 959 3192 ipsius,
1000 3122 1065 3177 ad
1091 3137 1187 3177 vos
1229 3120 1571 3177 desideratus
1596 3122 1765 3186 venit,
1808 3138 1985 3192 quan-

2094 3142 2185 3188 τος
2211 3126 2267 3179 δέ
2288 3124 2384 3179 τοῦ
2411 3128 2660 3192 πάππου,
2680 3127 2863 3196 κρίσει
2890 3128 2989 3196 μὲν
3013 3131 3080 3198 τῇ
3101 3128 3194 3181 τοῦ
3220 3133 3453 3201 πατρὸς,
3480 3129 3666 3198 γνώμῃ

407 3231 572 3286 quam
604 3200 717 3271 non
764 3215 925 3270 facile
952 3214 1053 3268 fuit
1097 3215 1342 3283 paternis
1405 3213 1783 3284 maternisque
1830 3213 1990 3268 avelli

406 3307 683 3372 manibus,
719 3307 913 3362 addam
943 3321 1071 3363 vero
1105 3315 1160 3361 et
1214 3306 1385 3372 meis;
1429 3306 1628 3360 nedum
1680 3305 1748 3359 ab
1779 3304 1992 3375 impen-

405 3399 535 3454 siori
567 3398 657 3453 illo
674 3396 893 3467 alfectu,
924 3399 1016 3454 sed
1043 3399 1265 3468 etquod
1300 3413 1368 3453 ex
1416 3396 1682 3453 anteactis
1718 3397 1828 3465 jam
1869 3414 1991 3467 pro-

405 3480 615 3553 basset,
646 3504 807 3559 quam
832 3501 1019 3557 posset
1033 3489 1230 3560 juvare
1272 3487 1616 3558 gravissimis
1648 3488 1988 3558 temporibus

406 3598 472 3636 ac
503 3584 667 3636 rebus
694 3598 725 3636 a
763 3583 966 3651 quibus
1000 3582 1240 3645 necdum
1265 3580 1506 3650 perfecte
1562 3594 1986 3634 emersernmus.

404 3674 547 3740 Quia
577 3686 756 3729 tamen
793 3690 971 3745 opera:
999 3675 1234 3745 pretium
1280 3681 1416 3737 erat,
1450 3682 1510 3727 ut
1538 3672 1809 3727 obtineret
1846 3673 1989 3742 quod

404 3777 523 3823 erat
596 3768 799 3837 potius,
860 3766 1101 3822 obtinuit
1162 3782 1408 3838 qumtttt‘,
1466 3765 1723 3836 bonoque
1782 3766 1986 3829 omine,

405 3848 574 3913 unum
616 3860 745 3929 quid
782 3859 1088 3913 membrum
1127 3859 1196 3913 ab
1241 3862 1499 3917 universo
1548 3873 1781 3928 corpore
1820 3859 1985 3914 vestri

404 3964 568 4005 causa
585 3950 856 4013 avulsum,
879 3950 1036 4005 vobis
1064 3951 1262 4005 illusit.
1280 3952 1428 4009 Sileo
1444 3968 1528 4009 res
1547 3954 1752 4027 interea
1777 3964 1983 4021 gestas,

404 4049 466 4097 nt
490 4058 555 4097 ne
590 4043 866 4097 narrando
897 4043 1140 4112 prolixus
1166 4043 1390 4099 ciliciar.

488 4308 579 4365 Sic
600 4326 730 4380 ergo
756 4312 870 4376 ille,
915 4310 1083 4381 patris
1109 4304 1313 4379 pariter
1350 4310 1651 4380 matrisque
1684 4325 1747 4365 ac
1769 4311 1989 4365 univer-

405 4424 590 4463 sorum
625 4402 877 4475 precibus
899 4405 1105 4474 Optime
1158 4403 1486 4470 instructus,
1527 4404 1985 4473 praemittebatur,

406 4497 608 4568 quibus
638 4496 802 4550 etiam
880 4496 1149 4550 educatus
1190 4502 1357 4560 esset,
1408 4510 1471 4549 ac
1522 4496 1883 4565 promovisset
1920 4496 1986 4549 ad

406 4590 630 4643 meliora
664 4604 693 4640 a
764 4588 968 4642 teneris
1038 4587 1168 4657 ipsis
1234 4587 1528 4657 unguibus,
1582 4588 1759 4641 donec
1784 4588 1852 4641 ad
1898 4603 1991 4642 vos

406 4682 610 4736 missus
644 4689 745 4735 est.
779 4677 850 4733 lis
876 4679 1132 4748 precibus
1166 4677 1559 4745 deducebatur,
1589 4694 1713 4735 cum
1745 4696 1775 4734 a
1816 4681 1988 4750 patria

404 4773 665 4829 dimissus
729 4770 910 4827 navim
969 4771 1412 4825 conscendisset:
1473 4771 1540 4824 iis
1599 4773 1986 4843 adnavigabat,

405 4865 716 4936 lugentibus
756 4862 1004 4933 cognatis
1043 4877 1106 4917 ac
1178 4848 1624 4929 deducentihus;
1657 4863 1831 4934 iisque
1882 4867 1986 4920 sibi

405 4966 603 5027 prwsto
629 4955 743 5010 fore
793 4954 1052 5025 sperabat
1098 4952 1347 5008 divinum
1410 4970 1636 5011 numen.
1686 4955 1831 5011 Nihil
1871 4959 1991 5014 sine

404 5048 513 5104 illis
558 5058 653 5102 aut
687 5046 982 5116 cogitabat,
1025 5054 1119 5098 aut
1151 5045 1376 5100 omnino
1408 5047 1642 5116 agebat;
1686 5063 1791 5117 qua
1826 5051 1989 5104 etiam

405 5142 470 5195 de
516 5152 685 5194 causa
726 5136 1053 5191 conﬁciebat
1083 5135 1290 5203 omnia,
1323 5152 1446 5190 cum
1481 5137 1716 5192 diliicilia
1762 5156 1993 5211 quaeque

406 5245 471 5285 ac
524 5230 803 5283 tremenda
841 5227 899 5283 iu
923 5228 1258 5283 contrarium
1294 5229 1343 5283 ei
1375 5229 1649 5284 cederent.

480 5418 621 5485 Quid
661 5433 787 5472 vero
832 5435 968 5487 opus
1025 5421 1237 5491 singula
1300 5424 1582 5493 prosequi,
1643 5440 1985 5493 qua-cunque

410 5512 766 5581 i’cleponnesi
816 5517 1000 5576 urhes,
1055 5514 1135 5569 vel
1179 5532 1209 5570 a
1262 5516 1455 5571 vicinis
1523 5515 1755 5580 Latinis,
1825 5521 1902 5570 vel
1958 5535 1987 5572 a

411 5601 622 5665 Turcis,
705 5602 844 5656 mala
911 5606 1280 5673 sustinerent,
1343 5624 1466 5661 cum
1531 5610 1586 5670 ii,
1621 5623 1727 5677 qua
1776 5623 1804 5661 a
1854 5624 1983 5662 con-

484 5782 529 5814 ⁵³
562 5780 702 5837 I’sal.
733 5796 840 5849 ιιι,
871 5782 958 5837 Η.

2091 3217 2148 3270 δὲ
2177 3219 2241 3288 τῇ
2268 3218 2367 3287 τῆς
2410 3218 2640 3287 μητρὸς,
2674 3217 2868 3289 γνώμῃ
2896 3219 2951 3272 δέ
2985 3221 3081 3272 καὶ
3112 3221 3388 3295 ἡμετέρᾳ,
3432 3217 3564 3294 ἧκεν
3593 3224 3666 3282 είς

2091 3308 2236 3377 ὑμᾶς
2266 3310 2294 3361 ὁ
2346 3308 2718 3378 ποθούμενοςο
2758 3313 2937 3363 καῖτοι
2982 3311 3045 3364 οὐ
3093 3311 3302 3383 ῥᾳδίως
3354 3314 3664 3367 ἀπέσπαστο

2088 3399 2199 3453 τῶν
2226 3400 2426 3470 χειρῶν
2457 3390 2762 3471 πατρικῶν
2778 3418 2838 3454 τε
2878 3404 2973 3456 καὶ
3019 3404 3333 3474 μητρικῶν,
3378 3409 3663 3475 προσθήσω

2088 3491 2143 3544 δέ
2171 3493 2253 3545 ὃτι
2287 3492 2380 3545 καὶ
2410 3492 2522 3545 τῶν
2563 3493 2713 3562 ἐμῶν
2741 3507 2757 3523 ·
2790 3494 2848 3545 οὐ
2885 3494 2973 3546 διὰ
3002 3495 3062 3548 τὸ
3109 3497 3338 3564 φίλτρον
3371 3500 3528 3567 μόνον
3555 3496 3664 3567 ἡλίι

2091 3602 2184 3637 κον
2212 3585 2292 3646 ὃν,
2325 3583 2462 3638 ἀλλά
2511 3586 2602 3636 καὶ
2635 3585 2725 3637 διὰ
2754 3584 2813 3638 τὸ
2845 3585 3022 3650 δεῖξαι
3072 3589 3188 3649 τοῖς
3223 3589 3523 3656 φθάσασιν,
3558 3585 3663 3648 οἶος

2051 3660 2157 3746 ’ἦν
2210 3677 2416 3738 ἐκεῖνος
2471 3674 2692 3744 βοηθεῖν
2748 3677 2806 3728 ἐν
2863 3677 3277 3745 χαλεπωτάτοις
3318 3682 3530 3750 καιροῖς
3579 3679 3668 3733 καὶ

2091 3769 2439 3837 πράγμασιν,
2493 3761 2569 3821 ὧν
2605 3765 2761 3822 οὔπω
2804 3768 3009 3831 τελέως
3058 3764 3203 3840 ἦμεν
3237 3772 3665 3842 ἀπηλλαγμένοι.

2102 3860 2243 3916 Ἀλλ’
2274 3861 2396 3912 ἐπεὶ
2436 3858 2500 3912 τδ
2541 3861 2790 3930 κρεῖττον
2821 3859 2929 3911 ἔδει
2957 3864 3204 3931 νικῆσαι,
3244 3863 3351 3932 ἤδη
3385 3864 3479 3915 καὶ
3523 3861 3659 3916 νενί-

2090 3936 2263 4023 κηκεο
2311 3952 2403 4003 καὶ
2440 3950 2761 4018 ἐπέλαμψεν
2810 3949 2939 4020 ὑμῖν
2970 3951 3148 4021 ἁγαθῇ
3184 3950 3329 4025 τύχῃ
3362 3954 3454 4023 βίᾳ
3487 3969 3537 4004 τι
3574 3950 3667 4019 μὲ-

2089 4046 2181 4108 λος
2212 4041 2448 4114 ἐκραγὲν
2493 4041 2588 4093 τοῦ
2625 4040 2855 4094 καθόλου
2887 4041 3138 4110 σώματος
3181 4044 3340 4113 ὑμῶν
3382 4046 3563 4098 ἕνεκα.
3597 4042 3671 4094 Τὰ

2091 4136 2148 4188 δὲ
2180 4133 2386 4204 μεταξῦ
2429 4127 2644 4200 σιωπῶ,
2671 4134 2731 4186 τὸ
2755 4135 2865 4197 τοῖς
2888 4133 3198 4204 διηγήμασι
3231 4133 3667 4191 συνεκτείνεσθαι

2092 4227 2334 4296 φεύγων.

2165 4320 2376 4383 Οὕτως.
2414 4321 2603 4390 εὐχαῖς
2632 4323 2752 4384 ταῖς
2801 4321 2896 4375 τοῦ
2932 4322 3161 4390 πατρὸς,
3210 4320 3403 4392 ὥσπερ
3449 4322 3541 4375 οὖν
3580 4321 3669 4373 καὶ

2095 4416 2193 4485 τῆς
2231 4416 2461 4485 μητρὸς,
2491 4416 2588 4470 καὶ
2618 4420 2735 4480 ταῖς
2766 4417 2876 4470 τῶν
2908 4416 3188 4483 ἁπάντων,
3222 4416 3424 4486 ἄριστα
3457 4416 3549 4468 καὶ
3576 4431 3672 4465 πε-

2096 4508 2415 4578 φραγμένος
2447 4508 2544 4560 καὶ
2591 4506 2962 4575 ὡπλισμένος,
2995 4508 3408 4577 προεπέμπετο,
3452 4501 3539 4566 αἷς
3583 4503 3671 4557 iui

2094 4600 2446 4671 ἁνετρέφετο,
2486 4601 2581 4653 καὶ
2612 4601 2748 4670 πρὸς
2784 4600 2852 4652 τὰ
2887 4597 3081 4670 βελτίω
3115 4598 3431 4669 προύχώρει
3464 4597 3521 4662 ἐξ
3552 4597 3669 4649 ὀνύ-

2093 4709 2205 4762 χων
2228 4691 2457 4745 ἁπαλῶν
2489 4691 2618 4761 ἄχρι
2646 4691 2739 4742 καὶ
2766 4689 2862 4743 τοῦ
2906 4689 3031 4760 μεθ’
3063 4690 3219 4760 ὑμῶν
3241 4684 3410 4743 εῖναι.
3440 4689 3670 4747 Ταύταις

2094 4783 2332 4852 ἀνήγετο
2362 4782 2483 4843 ταῖς
2523 4781 2728 4850 εὐχαῖς,
2757 4780 2916 4848 ἀφεὶς
2946 4782 3008 4833 ἐκ
3038 4779 3141 4847 τῆς
3177 4779 3442 4850 πατρίδος
3467 4779 3547 4841 είς
3579 4778 3667 4826 πέ-

2094 4872 2262 4941 λαγος
2283 4888 2299 4903 ·
2330 4873 2554 4933 ταύταις
2585 4872 2843 4937 ἀπέπλει,
2874 4870 2983 4923 τῶν
3017 4869 3301 4939 συγγενῶν
3331 4867 3669 4940 δακρυόντων

2094 4963 2214 5035 ἅμα
2244 4963 2340 5017 καὶ¹
2386 4965 2828 5033 προπεμπόντων
2853 4979 2867 4991 ·
2912 4962 3142 5026 ταύταις
3177 4963 3272 5014 καὶ
3311 4962 3411 5029 τὴν
3445 4957 3550 5011 άπὸ
3576 4952 3667 5008 τοῦ

2095 5055 2234 5109 Θεοῦ
2262 5054 2584 5125 συμμαχίαν
2619 5052 2816 5125 ἤλπιζε
2848 5054 3093 5123 σχήσειν.
3143 5052 3311 5106 Οὐδὲν
3342 5052 3375 5122 ἢ
3404 5045 3679 5116 ἐλογίζετο
3734 5055 3739 5061 ”
3784 5040 3785 5043 “

2099 5148 2132 5218 ἢ
2163 5147 2224 5199 τὸ
2254 5147 2520 5215 παράπαν
2555 5146 2852 5215 είργὰξετο
2886 5145 3092 5199 τούτων
3136 5146 3269 5199 ἄνευ
3294 5160 3312 5178 ο
3340 5143 3420 5197 διὸ
3452 5158 3545 5195 και
3571 5136 3672 5191 τισίν

2102 5242 2255 5309 ἤνυε,
2287 5240 2398 5293 τῶν
2448 5255 2507 5292 τε
2540 5237 2820 5291 δυσκόλων
2864 5239 2958 5291 καὶ
3008 5237 3259 5314 φοϐερῶν
3289 5236 3480 5306 ὥσπερ
3515 5232 3670 5286 αὐτο·

2109 5332 2294 5401 μάτων
2324 5333 2406 5393 είς
2432 5328 2744 5382 τούναντίον
2783 5330 3298 5399 μετενηνεγμένων.

2168 5424 2353 5475 Πάντα
2398 5421 2496 5490 μὲν
2535 5417 2629 5472 οὖν
2658 5421 2750 5472 καὶ
2791 5419 2999 5473 ἕκαστα
3045 5419 3301 5490 φράζειν,
3339 5416 3442 5470 ὅσα
3484 5431 3542 5467 τε
3570 5410 3668 5463 ὑπὸ

2096 5515 2204 5566 τῶν
2232 5514 2622 5581 γειτονούντων
2657 5510 2907 5563 Λατίνων
2942 5511 2993 5561 αἱ
3036 5510 3290 5563 ἐνταυθοῖ
3330 5506 3533 5564 πόλεις,
3573 5500 3668 5552 ὅσα

2091 5622 2150 5657 τε
2178 5605 2285 5657 ὑπὸ
2307 5604 2416 5657 τῶν
2445 5602 2706 5673 Τούρκων
2739 5602 3034 5672 ὑφίσταντο
3072 5602 3238 5665 κακὰ,
3271 5598 3537 5653 ἐπιόντων
3569 5587 3662 5669 μὲν
