3950 6428
309 454 414 521 209

1088 459 1487 521 THEODORI
1523 458 1887 524 DESPOT/E
1931 459 2322 524 LAUDATlO
2359 460 2774 529 FUNEBRIS.

3461 458 3581 532 210‘

310 571 499 632 ῖπποις
524 572 587 625 ὲκ
612 570 984 642 τῆςήπείρου,
1011 573 1276 627 ἐπιόντων
1290 574 1354 627 -δὲ
1377 576 1535 627 ναυσὶ
1561 574 1873 647 λῃστρικαῖς

1994 573 2217 640 tinenti,
2252 576 2409 646 equis
2435 575 2775 642 invaderent,
2812 592 2918 649 qua
2949 593 2978 633 a
3020 576 3153 630 mari
3181 577 3420 644 piraticis
3450 566 3587 633 terr"

312 662 419 715 ἀπὺ
443 661 537 716 τοῦ
567 662 837 730 πελάγους
858 678 872 692 ·
922 664 1017 716 καὶ
1044 663 1189 718 τίσιν
1219 666 1252 729 ἡ
1300 664 1396 718 τοῦ
1429 666 1674 730 Πέλοπος
1703 655 1880 719 ’κατεο

310 753 530 824 τρίϐετο
559 755 785 827 τρόποις
808 772 835 791 ’δ
850 755 950 811 τοῦ
1008 757 1107 827 μὲν
1144 759 1242 827 τῆς
1273 759 1481 829 μητρὸς
1519 760 1678 828 ἡμῶν
1722 759 1880 812 ἀδελ-

313 846 438 914 φοῦ,
472 844 693 916 ἀρίστου
725 846 827 916 μὶν
852 847 1008 909 ὄντος
1049 850 1149 917 τὴν
1181 850 1368 917 φύσιν,
1403 849 1584 912 καλῶς
1606 848 1663 901 δὲ
1690 848 1881 918 ἀρχειν

310 937 512 999 εἰδότος
531 975 548 999 ,
580 936 678 990 τοῦ
702 939 799 992 καὶ
820 940 1056 1009 ταυτησὶ⁵
1087 940 1188 1009 τῆς
1209 939 1306 993 τοῦ
1336 941 1577 1004 Πέλοπος
1598 941 1880 1010 ἄρχοντος,

308 1029 406 1100 ήδη
440 1030 535 1081 τὸν
566 1028 683 1099 βίον
725 1029 1105 1102 ἀπολιπόντος,
1139 1032 1240 1084 οὐκ
1286 1032 1379 1085 ἐπὶ
1410 1032 1562 1085 παιδί
1598 1049 1749 1094 τινι,
1786 1031 1879 1084 τοῦ

307 1120 363 1173 δὲ
395 1119 625 1188 ἀδελφοῦ
675 1120 886 1174 ἐκείνου
918 1108 1019 1187 τὴν
1060 1122 1235 1192 ἀρχὴν
1275 1123 1687 1191 διαδεξαμένου,
1726 1123 1884 1186 δντος

311 1212 409 1274 μὲν
441 1212 584 1266 πάνυ
638 1212 898 1282 χρηστοῦ,
947 1214 1141 1267 καὶτὸ
1172 1215 1363 1284 σχῆμα
1409 1216 1734 1287 ὑπερτέρου,
1784 1216 1880 1269 καὶ

305 1304 397 1356 τὸν
427 1307 620 1373 χρόνον
645 1306 993 1377 γεραιτέρου,
1030 1308 1138 1360 ὑπὸ
1178 1307 1236 1361 δὲ
1278 1308 1468 1372 παιδὸς
1510 1309 1767 1379 θρασέος,
1797 1308 1880 1361 δεῖ

307 1398 417 1467 γὰρ
442 1397 675 1467 τάληθὲς
724 1400 924 1465 εἰπεῖν,
955 1400 1309 1469 κωλυομένου
1360 1403 1537 1453 ποιεῖν
1567 1400 1636 1453 τὰ
1670 1400 1878 1468 δέοντα,

306 1490 398 1541 καὶ
427 1488 515 1542 διὰ
543 1488 703 1544 τοῦτο
732 1491 953 1545 πάντων
975 1491 1113 1562 ὁμοῦ
1155 1492 1553 1564 φθειρομένων,
1586 1493 1877 1560 αὐλητοῦ,

307 1581 494 1647 φασιν,
524 1582 807 1650 ’Δραϐίου
828 1599 846 1614 ·
875 1585 928 1636 τί
966 1583 1023 1636 δὲ
1055 1585 1138 1638 δεῖ
1170 1586 1265 1638 καὶ
1306 1584 1619 1651 ἀναξαίνειν
1653 1586 1782 1654 ὑμῖν
1811 1584 1883 1647 τὰ

302 1674 615 1742 τραύματα,
665 1673 857 1745 ὥσπερ
886 1676 1039 1743 δνυξι
1083 1679 1404 1747 χρωμένους
1450 1680 1568 1742 τοῖς
1600 1678 1881 1748 διηγήμαο

304 1783 392 1819 σιν
415 1782 431 1830 ;
457 1766 669 1831 ’Δλλως
695 1785 758 1821 τε
787 1770 884 1822 καὶ
912 1770 1226 1841 περιέργως
1247 1770 1313 1823 ἂν
1338 1771 1470 1840 ὑμῖν
1504 1770 1740 1838 λέγοιτο,
1769 1772 1881 1835 τοῖς

1984 676 2161 722 tarent
2184 667 2437 732 navibus.
2457 684 2521 724 ac
2551 679 2684 740 quot
2714 671 2891 725 modis
2917 686 2979 725 ea
3040 671 3316 740 provincia
3356 686 3570 726 vexare.

1982 769 2093 827 tur,
2113 775 2237 816 cum
2265 763 2457 818 matris
2479 756 2719 833 quidemf
2740 765 2925 825 frater,
2972 764 3175 832 optima
3226 763 3310 817 vir
3363 763 3567 825 indole,

1981 868 2046 908 ac
2075 853 2392 921 reipublicae
2422 855 2676 924 regenda:
2710 856 2901 925 'probe
2941 871 3163 925 gnarus,
3198 855 3376 926 quiet
3418 854 3571 910 Peloo

1984 944 2213 1012 ponnesi
2233 946 2612 1015 praefecturam
2647 942 2891 1017 gerebat,
2945 948 3058 1017 jam
3107 948 3249 1001 vivis
3306 948 3573 1003 excessis-

1981 1045 2085 1102 srt,
2110 1036 2263 1092 nullo
2286 1038 2482 1093 relicto
2508 1038 2619 1093 lilio
2651 1038 2890 1103 haerede,
2936 1038 3029 1094 sed
3064 1037 3186 1107 ejus
3204 1038 3371 1092 fratre
3399 1040 3572 1107 impe-

1982 1125 2048 1178 rii
2075 1140 2417 1191 successore,
2471 1126 2589 1181 viro
2607 1128 2825 1197 quidem
2852 1127 3048 1197 probo,
3078 1136 3341 1198 atque,ut
3360 1138 3571 1197 spectes

1982 1229 2291 1284 personam,
2336 1219 2598 1287 pra’claro
2652 1235 2716 1275 ac
2787 1228 3005 1274 senecta
3044 1219 3363 1286 venerabili,
3409 1235 3570 1289 quem

1984 1317 2162 1362 tamen
2190 1309 2462 1363 morosior
2491 1309 2635 1365 filius
2664 1310 2978 1379 (dicendum
3014 1311 3160 1364 enim
3194 1312 3338 1380 quod
3366 1326 3453 1366 res
3474 1312 3574 1365 ha-

1980 1396 2092 1466 bet)
2118 1439 2133 1463 ,
2166 1411 2290 1466 qua
2310 1408 2695 1468 essentoperm
2732 1401 2967 1469 pretium
3007 1410 3267 1469 praestare
3308 1402 3571 1470 prohibe-

1981 1492 2096 1549 ret;
2123 1485 2480 1551 quamobrem
2514 1489 2697 1541 omnia
2728 1488 2892 1543 simul
2925 1504 3147 1559 pessum
3208 1490 3380 1555 ibant,
3428 1490 3571 1545 Ara-

1982 1577 2087 1642 bio,
2115 1587 2177 1634 ut
2196 1579 2408 1645 dicunt,
2444 1581 2673 1636 tibicine.
2697 1581 2837 1649 Quid
2869 1598 2999 1637 vero
3026 1583 3208 1647 vobis,
3233 1599 3329 1637 ceu
3376 1584 3572 1655 ungui-

1980 1670 2105 1737 bus,
2138 1672 2457 1728 narratione
2514 1676 2738 1728 vulnera
2765 1673 3063 1729 refricem?
3106 1675 3329 1745 Alioqui
3370 1674 3602 1731 frustra-

1981 1761 2436 1829 haecnarrentur,
2499 1780 2623 1820 cum
2683 1765 2927 1822 feceritis
2954 1767 3056 1837 ipsi
3108 1783 3295 1822 rerum
3348 1769 3571 1837 pericu-

302 1856 364 1908 ὲν
399 1856 567 1927 πείρᾳ
594 1858 705 1910 τῶν
757 1860 1112 1930 πραγμάτων
1148 1863 1423 1928 γεγονόσι,
1464 1863 1559 1915 καὶ
1604 1863 1693 1916 διὰ
1722 1864 1873 1916 τοῦτο

1986 1856 2127 1920 lum,
2154 1857 2403 1927 adeoque
2434 1859 2602 1929 probe
2630 1860 2843 1915 sciatis.
2897 1860 3021 1915 Sint
3068 1861 3255 1931 itaque
3307 1861 3572 1916 hactenus

301 1946 477 2001 ταῦτα
515 1949 697 2014 καλῶς
740 1953 960 2006 εἰδόσιν.
1007 1953 1224 2007 Ἐκεῖνα
1261 1954 1449 2008 τοίνυν
1479 1956 1537 2008 ὲν
1574 1957 1732 2025 μέρει
1777 1956 1873 2009 κεί·

1985 1944 2038 1999 in
2073 1956 2227 2015 parte
2267 1953 2443 2013 posita
2472 1964 2488 2002 :
2517 1964 2638 2020 quae
2661 1966 2795 2005 vero
2853 1963 2974 2020 post
3020 1951 3143 2020 ejus
3195 1950 3456 2020 deinceps
3476 1954 3575 2006 ad-

304 2039 414 2093 σθω
436 2056 451 2071 ’
480 2042 546 2094 τὰ
574 2041 631 2096 δὲ
656 2042 797 2112 μετά
841 2043 940 2114 τὴν
969 2044 1210 2098 ἐνταῦθα
1251 2046 1550 2115 ἐπιδημίαν
1584 2046 1681 2111 τοῦ
1736 2046 1868 2099 ἑαυο

301 2132 397 2184 τὸν
446 2132 580 2203 ἡμῖν
635 2133 894 2188 ὑπόθεσιν
943 2135 1038 2190 τοῦ
1088 2137 1362 2207 παρόντος
1397 2137 1610 2206 ἀγῶνος
1673 2154 1869 2209 προτε-

305 2218 544 2283 θεικότος
568 2221 696 2293 ἑξῆς
720 2224 789 2277 ἀν
817 2226 1064 2297 είρητέα.
1632 2266 1641 2275 -
1862 2240 1867 2243 ’

384 2311 621 2377 Ἐκεῖνος
676 2316 780 2386 τῆς
823 2316 961 2381 νεὼς
1005 2320 1240 2386 ἀποϐὰς,
1269 2322 1368 2376 καὶ
1424 2323 1571 2393 μάλα
1609 2324 1871 2396 ἀσμένως

310 2402 617 2476 ὑποδεχθεὶς
650 2408 755 2461 ὑπὸ
787 2409 896 2462 τῶν
926 2409 1206 2475 ἁπάντων,
1235 2414 1296 2467 ού
1331 2414 1540 2481 προῖὼν
1571 2416 1871 2486 ἠμαύρωσε

202 2492 207 2495 ⁷
299 2496 389 2548 τὸν
425 2499 506 2565 είς
559 2500 726 2554 αὐτὸν
760 2502 941 2570 ἔρωτα
968 2520 980 2533 ·
1011 2504 1171 2557 τοῦτο
1215 2504 1281 2574 δὴ
1332 2508 1393 2559 τὸ
1426 2507 1657 2574 σύνηθες
1716 2504 1873 2578 οἶμαι

296 2584 375 2648 ὡς
408 2586 478 2642 τὰ
510 2588 680 2642 πολλὰ
709 2591 988 2662 πανταχοῦ
1022 2594 1281 2662 γενέσθαι
1303 2611 1319 2627 ο
1360 2596 1477 2649 ἀλλ’
1516 2593 1584 2671 ἦν
1617 2598 1873 2671 λαμπρύ-

297 2695 406 2731 νων
435 2677 562 2748 ἀχρι
612 2682 833 2749 παντὸς,
883 2683 1131 2749 ἅπαντας
1163 2686 1335 2741 ποιῶν
1373 2684 1434 2743 εὖ
1463 2705 1477 2721 ·
1527 2692 1622 2745 καὶ
1673 2692 1875 2758 πάντες

296 2764 440 2839 ἦσαν
468 2773 525 2824 έν
557 2773 773 2841 ἑορταῖς
796 2792 811 2807 ο
846 2776 975 2830 ἀνευ
1005 2777 1192 2847 μέντοι
1220 2778 1331 2832 τῶν
1356 2779 1593 2851 ἐχθρῶν,
1632 2784 1728 2837 καὶ
1762 2785 1875 2837 τῶν

297 2861 597 2938 ἀϐελτηρίᾳ
626 2882 687 2921 τε
719 2868 814 2922 καί
838 2870 1146 2942 κακοηθείᾳ
1172 2872 1346 2943 πολλῇ
1381 2874 1695 2940 συζώντων,
1732 2877 1877 2931 ὲκεί-

298 2974 405 3009 νων
440 2957 561 3027 μὲν,
591 2960 687 3014 ἀτε
726 2961 1029 3017 δοκούντων
1071 2964 1205 3019 εῐσω
1247 2968 1491 3039 σαγήνης
1531 2968 1678 3038 ὑμᾶς
1704 2968 1875 3041 ἔχειν,

302 3047 468 3116 μηδὲν
500 3049 606 3104 τῶν
638 3051 791 3107 ένδον
823 3054 1003 3126 ἐώσης
1049 3056 1295 3126 φεύγειν,
1346 3055 1473 3113 εἶτα
1504 3061 1607 3129 τῆς
1659 3062 1877 3128 ἐλπίδος

296 3145 741 3216 διαμαρτόντων,
781 3149 990 3207 τούτων
1044 3152 1103 3207 δὲ
1164 3154 1334 3225 μηδδν
1390 3155 1700 3231 είδότων,ἢ
1754 3162 1877 3222 ταῖς

296 3235 474 3290 ἄλλων
526 3243 837 3312 συμφοραῖς
889 3245 1187 3317 ὲντρυφᾷν,
1239 3246 1412 3303 ὄντων
1453 3250 1550 3304 καὶ
1600 3251 1782 3306 αὐτῶν
1817 3256 1876 3308 ἐν

1973 2045 2191 2091 ventum
2223 2039 2589 2109 contigerunt,
2628 2040 2744 2096 haec
2782 2045 3160 2113 prosequenda
3217 2058 3399 2114 operae
3448 2058 3570 2115 pre-

1972 2129 2106 2185 tium
2139 2131 2461 2192 habeamus.

2051 2310 2153 2368 Ubi
2193 2313 2385 2384 itaque
2406 2316 2527 2369 navi
2572 2314 2810 2371 emissus
2839 2326 3004 2384 esset,
3038 2332 3252 2373 summa
3287 2319 3354 2373 ab
3387 2316 3570 2373 enmi-

1974 2405 2078 2460 bus
2102 2406 2289 2461 laetitia
2316 2417 2604 2478 susceptus
2637 2418 2720 2464 est
2748 2429 2761 2475 ;
2824 2424 2925 2465 nec
2957 2425 3080 2464 eum
3119 2409 3173 2464 in
3206 2424 3265 2465 se
3323 2424 3567 2465 amorem

1979 2512 2242 2566 processu
2276 2500 2617 2567 obseuravit,
2676 2501 2823 2570 quod
2862 2502 3187 2572 plerumque
3211 2502 3400 2557 videas
3426 2503 3573 2558 acci-

1977 2591 2138 2647 dere:
2172 2593 2303 2663 quin
2352 2594 2539 2663 potius
2593 2595 2883 2650 universos
2922 2595 3277 2658 demerendo,
3330 2594 3571 2664 copiosis

1978 2698 2196 2755 semper
2212 2686 2526 2755 augmentis
2556 2686 2872 2741 illustravit.
2923 2686 3099 2741 Festis
3130 2700 3326 2741 omnes
3354 2687 3571 2753 gaudiis

1976 2772 2380 2845 epulabantur";
2413 2776 2457 2831 si
2514 2786 2701 2832 tamen
2751 2779 2997 2847 excipias
3052 2778 3262 2838 hostes.
3312 2778 3571 2848 virosque

1978 2868 2146 2923 multa
2184 2870 2403 2925 vesania
2432 2884 2497 2925 ac
2522 2872 2844 2926 morositate
2877 2872 3145 2927 ducentes
3192 2871 3395 2926 vitam:
3429 2886 3571 2942 quo-

1978 2974 2100 3013 rum
2130 2960 2312 3029 primi,
2350 2975 2473 3015 cum
2506 2960 2618 3030 jam
2673 2963 2976 3017 inevitabili
3029 2978 3232 3034 sagena
3279 2964 3573 3018 conclusos

1979 3066 2077 3107 vos
2114 3060 2393 3122 putarent,
2453 3069 2552 3124 spe
2585 3054 2841 3125 deinceps
2875 3056 3304 3122 frustrarentur;
3342 3057 3573 3112 secundi

1977 3160 2129 3211 vero,
2167 3144 2309 3201 haud
2332 3146 2483 3201 aliud
2520 3160 2685 3218 quam
2723 3147 2921 3203 alienis
2962 3149 3368 3204 calamitatibus
3414 3149 3571 3205 (ἱεισ-

1981 3239 2119 3292 ctari
2155 3247 2398 3306 nossent,
2427 3254 2552 3296 cum
2581 3251 2637 3297 et
2668 3242 2770 3312 ipsi
2798 3243 3022 3311 paribus
3050 3242 3314 3313 implicati
3343 3250 3528 3297 essent
3553 3259 3567 3308 ;

200 3396 205 3401 Α
296 3329 420 3391 ταῖς
445 3330 588 3420 ίσαις
608 3349 625 3365 ο
655 3334 794 3404 ὅπερ
830 3335 926 3403 καὶ
954 3336 1076 3390 λίαν
1110 3339 1406 3408 κακόηθες,
1438 3344 1535 3398 καὶ
1570 3345 1726 3399 οὐδὲν
1769 3341 1869 3420 ἦτ-

1978 3328 2115 3397 quod
2149 3327 2308 3398 plane
2334 3345 2457 3385 eum
2492 3331 2647 3387 valde
2670 3347 2974 3400 morosum,
3006 3342 3118 3386 tum
3192 3332 3418 3404 aequalis
3468 3335 3570 3389 dea

296 3435 390 3471 τον
417 3419 633 3492 εὔηθες.
660 3424 854 3496 Χρεὼν
895 3429 1007 3501 γὰρ
1036 3428 1097 3485 ὃν
1126 3431 1267 3504 ὑπὲρ
1294 3435 1510 3490 ἑαυτῶν
1550 3419 1803 3509 τρέμειν,
1827 3441 1875 3495 oi

295 3511 353 3565 δὲ
378 3515 502 3577 τοὺς
533 3517 732 3587 ἥττους
758 3520 968 3588 ἧσθιον,
1005 3523 1123 3578 ὅσοι
1157 3524 1290 3590 τοὺς
1338 3526 1566 3594 μείζους
1591 3528 1872 3600 διέφυγον,

295 3607 441 3662 κατά
472 3609 597 3673 τοὺς
652 3612 1079 3687 έζωγρημένους
1139 3618 1315 3694 ίχθῦς,
1351 3622 1403 3675 oi
1450 3622 1714 3686 πολλάκις
1742 3624 1875 3678 είσω

295 3701 516 3771 κύρτων
549 3708 1002 3779 κατειλημμένοι,
1048 3713 1109 3765 τὸ
1139 3714 1261 3767 κατ’
1289 3715 1516 3781 αὐτοὺς,
1564 3715 1640 3780 ὡς
1673 3717 1871 3782 ἔοικεν,

293 3795 572 3862 ἀγνοοῦσι,
604 3801 703 3854 καὶ
746 3804 870 3865 τοὺς
896 3803 1270 3878 βραχυτέρους
1302 3809 1353 3862 oi
1393 3809 1621 3879 μείζους
1666 3809 1874 3863 ἐσθίον-

293 3903 404 3953 τες,
433 3894 530 3944 καὶ
570 3887 729 3956 αὖθις
786 3895 1010 3960 τούτους
1039 3899 1089 3951 oi
1121 3899 1322 3968 μᾶλλον
1347 3900 1587 3971 μείζους,
1612 3901 1868 3973 ἕρμαιον,

290 3982 369 4048 ὡς
410 3985 606 4050 εἰπεῖν,
636 3985 899 4058 ἡγοῦνται
930 3988 989 4040 τὺ
1029 3989 1322 4062 θήρατρον,
1354 3991 1428 4055 ὡς
1477 3994 1608 4064 ῥᾷον
1638 3994 1695 4046 ὲν
1719 3992 1869 4064 αὐτῷ

293 4072 389 4141 τὰς
422 4081 692 4150 γαστέρας
732 4081 1119 4150 ὲμπιπλῶντες
1148 4087 1356 4155 τροφῆς
1392 4085 1541 4156 ἤπερ
1572 4085 1658 4138 ἐπ’
1701 4084 1869 4138 αὐτοῦ

293 4165 587 4235 πελάγους.
618 4168 740 4221 Τῶν
792 4170 892 4239 μὲν
946 4169 1041 4224 οὖν
1083 4172 1301 4243 ἐχθρῶν
1331 4174 1593 4229 ἁπάντων
1622 4173 1730 4227 ἀπὸ
1772 4175 1867 4229 τοῦ

292 4256 479 4325 φοϐεῖν
518 4258 610 4312 ἐπὶ
638 4259 700 4312 τὸ
729 4256 979 4332 φρίττειν
1016 4263 1453 4333 μεταϐαλόντων,
1502 4266 1613 4319 τῶν
1651 4266 1709 4319 δὲ
1769 4282 1872 4320 κα-

289 4354 552 4419 κουργεῖν
595 4351 817 4406 εἰδότων
878 4357 960 4417 εἰς
1012 4356 1302 4426 χηραμοὺς
1357 4359 1727 4420 καταδύντων.
1772 4360 1867 4412 καὶ

287 4444 398 4496 τῶν
425 4444 648 4512 ἀγαθῶν
687 4446 1060 4515 σκιρτῶντων,
1096 4449 1172 4512 ὡς
1223 4451 1366 4521 μετὰ
1416 4451 1623 4521 πολλῆς
1681 4454 1868 4516 ἀδείας

290 4534 410 4600 ἐξὸν
441 4538 627 4591 ἐκεῖνα
658 4541 858 4607 ποιεῖν,
904 4541 973 4594 δι’
1004 4534 1080 4595 ὧν
1108 4542 1176 4596 ἂν
1206 4544 1591 4617 εύπορὼτεραι
1620 4546 1866 4616 γένοιντο

289 4628 498 4726 πόλεις,
532 4622 754 4703 εἰρήνης
800 4632 1028 4701 βαθείας
1061 4635 1462 4701 ἀπολαύουσαι,
1495 4639 1527 4707 ἢ
1574 4639 1639 4709 δὴ
1666 4639 1866 4712 ἷκρείτ-
1897 4666 1947 4726 D

286 4733 398 4768 των
424 4718 667 4788 ἀτεχνῶς
702 4721 798 4775 καὶ
825 4722 1089 4795 εὐπορίας
1137 4726 1378 4795 ἁπάσης,
1420 4728 1643 4799 ἀνεψιὸς
1692 4732 1866 4801 αὐτῷ,

284 4803 349 4857 οὗ
403 4809 583 4882 μικρῷ
639 4811 876 4881 πρόσθεν
928 4815 1309 4886 ἐμνήσθημεν,
1370 4817 1585 4882 πολλοῖς
1642 4821 1868 4875 ἐπέθετο

283 4900 535 4967 τρόποις,
584 4903 853 4976 Τούρκοις
879 4907 978 4961 κοιλ¹
1018 4910 1271 4975 Λατίνοις
1300 4911 1493 4965 ἑαυτὸν
1537 4912 1719 4982 μίξας.
1765 4915 1866 4967 Εὗ-

285 4992 388 5053 θὺς
417 4989 511 5048 οὖν
551 4998 727 5053 πάντα
753 5002 1032 5072 συνέχεεν,
1061 5004 1169 5057 ἀπὺ
1201 5007 1445 5077 γαλήνης
1470 5008 1620 5077 αἰγὶς
1649 5012 1863 5076 φανεὶς.

283 5083 443 5141 οὔπω
479 5089 587 5143 τῶν
643 5096 986 5163 πραγμάτων
1013 5099 1102 5151 ἐπὶ
1135 5100 1371 5164 κρείττω
1415 5103 1722 5171 παγίντων.
1757 5098 1868 5157 Ἦν

284 5176 345 5229 δὲ
374 5180 497 5242 ταῖς
546 5180 799 5245 ἀπειλαῖς
847 5187 1106 5257 φοϐερὸς,
1161 5190 1256 5243 καὶ
1311 5192 1427 5254 τοῖς
1466 5192 1649 5261 ἔργοις
1711 5192 1866 5246 οὐδὲν

282 5263 469 5340 ἦττον,
519 5271 617 5327 ac:
650 5275 813 5346 ξένην
865 5279 1006 5349 ἔχων
1050 5283 1338 5353 στρατιὰν,
1376 5286 1470 5339 καὶ
1504 5286 1613 5339 τῶν
1664 5288 1868 5360 ἐπιχω-

1979 3422 2201 3477 ηιειιιὶιε
2231 3430 2338 3478 est.
2371 3422 2684 3480 Cnm‘enim
2719 3442 2818 3493 pro
2845 3427 3223 3496 suavipsorum
3262 3430 3437 3484 salute
3467 3439 3576 3483 tre-

1980 3530 2132 3571 mere
2157 3517 2506 3587 habuissent,
2539 3520 2575 3574 ii
2626 3523 2810 3591 potius
2836 3521 3201 3577 comedebant
3234 3522 3496 3586 minores,
3527 3522 3572 3578 si

1977 3610 2070 3677 qui
2105 3607 2350 3680 majores
2376 3623 2691 3678 evaserant,
2728 3615 2804 3668 uti
2847 3614 2902 3668 in
2932 3614 3106 3682 captis
3136 3614 3380 3684 piscibus
3408 3615 3569 3669 solet.

1976 3698 2125 3766 Quos
2161 3703 2305 3756 enim
2337 3718 2534 3774 sagena
2559 3705 2781 3760 clausos
2816 3706 3035 3771 habeat,
3076 3708 3219 3759 haud
3245 3721 3400 3760 suam
3432 3707 3570 3760 satis

1985 3792 2223 3847 scientes
2282 3805 2513 3858 sortem,
2580 3797 2814 3867 majores
2872 3797 2973 3868 ipsi
3039 3799 3369 3854 munitiores
3434 3800 3572 3856 alios

1974 3885 2288 3951 comedunt,
2314 3901 2454 3958 quos
2493 3887 2641 3957 ipsos
2690 3904 2883 3945 rursus
2939 3891 3260 3959 grandiores
3317 3892 3407 3948 alii
3457 3895 3572 3949 sint

1973 3981 2312 4039 comesturi;
2357 3982 2616 4052 huncque
2649 3983 2896 4050 modum,
2934 3983 3191 4041 Mercurii
3230 3995 3363 4054 retr,
3394 3996 3456 4041 ut
3490 3987 3570 4041 sic

1972 4066 2188 4133 dicam,
2228 4078 2487 4140 tanquam
2514 4072 2566 4125 lu
2609 4086 2699 4136 eo,
2765 4089 2929 4144 quam
2960 4076 3013 4128 in
3059 4075 3195 4129 mari
3257 4076 3570 4145 expeditius

1972 4170 2221 4217 ventrem
2287 4161 2589 4232 impleturi,
2632 4164 2880 4222 trahunt.
2956 4168 3099 4222 Cum
3143 4183 3274 4239 ergo
3321 4169 3567 4223 universi

1974 4252 2160 4308 hostes
2211 4254 2280 4311 ab
2301 4270 2367 4310 eo
2399 4262 2458 4309 ut
2491 4264 2759 4311 terrerent
2811 4258 2865 4312 in
2895 4267 3162 4314 terrorem
3217 4260 3319 4329 ipsi
3345 4276 3572 4331 agereno

1973 4357 2102 4412 tur,
2138 4348 2499 4417 hominesque
2534 4350 2768 4405 nocendi
2829 4361 3002 4408 artem
3054 4353 3198 4409 doctl
3259 4354 3314 4407 in
3346 4352 3570 4408 latibula

1972 4454 2034 4497 se
2063 4440 2462 4508 subducerent,
2491 4442 2650 4498 bonis
2675 4445 2896 4498 interim
2920 4446 3301 4517 gestientibus,
3334 4447 3478 4516 quod
3506 4462 3569 4503 ea

1972 4533 2233 4605 deinceps
2257 4544 2373 4590 luto
2395 4535 2689 4591 admodum
2712 4550 2974 4606 prmstare
2993 4548 3239 4609 possent,
3283 4554 3346 4593 ex
3369 4540 3569 4608 quibus

1972 4628 2136 4683 urbes
2168 4628 2373 4683 divitiis
2402 4640 2725 4699 augeantur,
2746 4631 2909 4684 altam
2932 4640 3155 4701 agentes
3176 4645 3366 4701 pacem
3398 4672 3413 4696 ,
3444 4648 3567 4701 qua:

1973 4730 2028 4776 et
2066 4720 2180 4791 ipsa
2231 4721 2441 4776 divitiis
2468 4722 2730 4777 omnibus
2764 4724 2958 4777 melior
2988 4731 3132 4777 -cst:
3170 4724 3563 4787 consobrinus,

1974 4815 2126 4883 rujus
2150 4817 2312 4883 paulo
2340 4818 2593 4887 superius
2626 4817 2768 4871 facta
2828 4818 3169 4883 estmentio,
3194 4815 3394 4872 Turcis
3420 4832 3478 4872 se
3503 4832 3566 4871 ac

1976 4906 2184 4963 Latinis
2215 4910 2475 4972 miscens,
2503 4909 2691 4965 multis
2720 4911 2769 4966 ei
2794 4910 2973 4965 modis
3008 4910 3281 4981 negotium
3317 4909 3561 4965 facessit.

1975 4998 2171 5061 Statim
2203 5017 2336 5073 ergo
2368 5002 2619 5058 confudit
2641 5003 2857 5063 omnia;
2879 5019 2976 5059 ceu
3010 5002 3174 5057 turbo
3223 5017 3251 5055 a
3288 5003 3560 5074 tranquil-

1973 5092 2129 5147 litate
2159 5108 2470 5163 etnergens,
2501 5108 2626 5149 cum
2655 5094 2889 5149 necdum
2936 5108 3023 5149 res
3055 5082 3281 5148 firmiori
3319 5102 3467 5148 statu
3504 5094 3559 5148 in

1970 5187 2116 5244 bono
2154 5188 2438 5243 haberent.
2472 5187 2601 5243 Erat
2659 5202 2823 5257 porro
2903 5187 3068 5243 minis
3112 5188 3465 5251 tremrttdus;
3499 5205 3562 5243 ac

1971 5296 2149 5353 neque
2180 5296 2271 5337 res
2299 5282 2364 5337 ad
2398 5290 2661 5337 terrorem
2695 5282 2939 5337 minores
2965 5291 3148 5347 erant,
3182 5290 3327 5354 quod
3358 5298 3556 5338 novum

287 5361 423 5429 ρέων
476 5364 738 5433 πολλοὺς,
799 5371 896 5424 καὶ
955 5375 1203 5445 κατέχων
1273 5377 1513 5448 φρούρια
1581 5380 1690 5433 ὕπδ
1766 5381 1865 5436 τοῦ

1978 5377 2202 5432 habere!
2226 5376 2597 5444 conscriptum
2651 5375 2903 5440 militem,
2940 5376 3237 5447 pluresque
3290 5376 3557 5445 indigenae

281 5453 494 5522 πατρὸς
559 5457 710 5529 αὐτῷ
781 5461 1046 5533 δεδομένα
1074 5481 1090 5498 ’
1137 5469 1235 5525 καὶ
1296 5470 1590 5526 συνελόντα
1663 5474 1863 5541 εἰπεῖν,

1978 5469 2039 5525 ab
2096 5483 2163 5524 eo
2191 5476 2422 5534 Starent,
2453 5483 2517 5523 ac
2556 5466 2745 5524 relicta
2780 5483 2809 5521 a
2836 5477 2992 5539 patre
3041 5469 3290 5537 prmsidia
3329 5474 3555 5523 teneret.

282 5542 431 5614 πλὴν
490 5548 585 5601 τοῦ
628 5553 794 5622 ’παρὰ
843 5553 1021 5625 λόγον»
1065 5558 1459 5630 θρασύνεσθαι,
1513 5564 1607 5617 καὶ
1661 5565 1869 5630 ἀδίκως

1978 5562 2148 5631 Atque
2179 5572 2239 5617 ut
2277 5561 2445 5615 verbo
2479 5559 2685 5625 dicam,
2711 5570 2939 5630 excepta
2972 5561 3065 5615 illa
3119 5578 3227 5617 non
3270 5576 3301 5617 e
3342 5561 3554 5615 ratione

287 5636 471 5707 μάχης
505 5639 774 5710 ὑπάρξαι,
822 5647 974 5701 τᾶλλ’
1003 5651 1103 5704 οὐκ
1136 5651 1338 5724 ἀγενὴς
1366 5653 1463 5721 ὢν,
1509 5657 1625 5709 οὐδ’
1663 5658 1866 5727 ἀμέτο-

1978 5656 2222 5721 audacia,
2250 5663 2413 5725 atque
2442 5663 2502 5710 ut
2554 5654 2741 5725 injusti
2798 5654 2929 5709 belli
2980 5662 3173 5711 auctor
3220 5663 3385 5721 esset,
3440 5664 3559 5709 erat

279 5742 377 5795 χος
406 5732 817 5801 μηχανημάτων
846 5737 942 5792 καὶ
988 5743 1283 5806 ποικιλίας.
1317 5746 1547 5800 Πάντων
1601 5742 1695 5801 οὖν
1722 5750 1865 5803 ἀπε-

1978 5747 2175 5818 alioqui
2201 5762 2307 5802 non
2331 5746 2615 5815 degeneris
2636 5746 2832 5812 animi,
2859 5762 2961 5803 nec
2977 5756 3107 5804 vero
3123 5761 3317 5817 expers
3344 5746 3555 5817 peritiae

276 5818 595 5911 γνωκότων,
647 5825 742 5877 καὶ
776 5829 1265 5898 συμϐουλευόντων
1302 5836 1458 5908 αύτῷ
1505 5838 1755 5909 φεύγειν,
1786 5840 1863 5904 ὡς

1978 5840 2178 5896 bellicae
2208 5854 2272 5895 ac
2299 5839 2624 5911 prudentiae.
2665 5836 2811 5894 Cum-
2833 5854 2965 5909 ergo
2991 5854 3184 5895 omnes
3212 5840 3267 5895 in
3297 5840 3551 5911 despera-

274 5907 342 5961 οὒ
371 5909 681 5968 δοκούντων
712 5915 941 5975 δυνατὸν
975 5925 1111 5994 πρὸς
1159 5907 1436 6000 τοσαύτην
1469 5907 1740 6003 σύρροιαν
1769 5934 1867 5986 ἀν·-

1978 5933 2175 5989 tionem
2208 5931 2411 5999 adacti,
2476 5932 2655 6004 fugam
2691 5930 3065 6000 consulerent,
3108 5942 3366 6005 tanquam
3401 5933 3553 5992 vide-
