3950 6418
410 402 512 466 211
1570 426 1975 488 MANUELIS

2087 431 2274 490 ιιιΕο
2285 433 2462 492 LOGl
3541 442 3642 506 212

388 542 559 595 _rrtur
597 545 701 583 non
726 545 886 597 posse
941 531 1079 598 fieri,
1113 542 1172 587 ut
1203 543 1366 590 tanta:
1399 536 1472 591 illi
1506 539 1772 594 malorum
1824 543 1980 596 inun-

2087 545 2374 600 οίστασθαι
2428 549 2634 612 κακῶν,
2663 551 2692 602 ὁ
2718 549 2776 602 δὲ
2828 549 3080 605 τεθνάναι
3133 552 3409 622 πρόθυμος
3453 547 3520 622 ἦν
3548 555 3649 622 πρὸ

411 625 618 679 dationi
658 638 799 678 unus
823 623 941 690 ipse
970 623 1296 683 obsisteret:
1326 631 1614 697 sccusille,
1636 635 1774 687 mori
1805 650 1980 704 prom-

2093 639 2190 692 τοῦ
2245 641 2523 709 ποιῆσαιδ
2563 641 2638 712 μὴ
2689 644 2930 711 προσῆκε
2969 644 3047 712 τῷ
3085 661 3145 696 τε
3192 645 3389 696 ἑαυτοῦ
3419 645 3648 714 σχήματι

419 727 565 781 plus.
592 730 754 784 quam
778 724 836 770 ut
859 717 1220 774 committeret
1244 721 1469 789 aliquid,
1495 723 1640 794 quod
1667 725 1847 780 minus
1869 741 1980 795 per-

2095 731 2190 784 καὶ
2223 731 2301 800 τῷ
2336 731 2456 802 βίῳ,
2504 734 2595 786 καὶ
2625 735 2796 806 ταύτῃ
2826 752 2890 802 γε
2938 736 3257 806 περιφανῶς
3299 737 3648 806 καταισχῦναι

409 819 602 856 auitam
623 818 778 857 suam
813 820 875 856 ac
898 803 1058 857 vitam
1084 806 1575 879 decerctffsicque,
1593 827 1716 866 cum
1743 821 1995 882 parentes

412 911 475 949 ac
510 911 680 964 genus
711 897 1050 960 universum,
1094 907 1205 951 tum
1240 908 1502 968 praeterea
1542 901 1661 971 ejus
1694 904 1992 958 admirato-

407 1005 497 1041 res
527 990 767 1056 virtutis,
796 1005 1065 1060 suamque
1091 992 1204 1062 ipse
1229 993 1484 1059 indolem,
1511 997 1710 1064 probro
1731 997 1988 1052 alliceret.

407 1081 556 1136 Bene
588 1082 771 1151 itaque
793 1083 860 1138 de
893 1083 1022 1150 Deo,
1055 1101 1117 1139 ac
1142 1082 1426 1156 parentum
1456 1090 1733 1157 precibus,
1764 1091 1991 1160 suisque

408 1174 544 1226 adeo
575 1174 749 1241 ipsius
785 1176 1052 1240 moribus,
1096 1177 1287 1244 fretus,
1321 1196 1385 1234 ac
1430 1182 1577 1250 quod
1637 1182 1859 1236 invasor
1895 1183 1987 1236 in-

402 1265 553 1334 juste
584 1264 872 1334 imperium
905 1279 1142 1336 pararet,
1177 1270 1326 1338 juste
1377 1289 1435 1327 se
1471 1275 1578 1327 vim
1637 1275 1988 1346 propulsatu-

409 1370 528 1408 rum
601 1358 857 1425 sperabat
896 1376 910 1413 :
946 1361 1169 1431 reliquis
1240 1365 1386 1418 enim
1435 1366 1688 1422 omnibus
1748 1368 1987 1429 hostium

406 1449 731 1514 praestabant
768 1459 970 1520 partes.

475 1539 792 1609 Enimvero,
823 1560 944 1598 cum
964 1559 1030 1600 eo
1053 1562 1140 1601 res
1160 1558 1302 1604 statu
1329 1550 1589 1608 haberent
1630 1554 1682 1606 in
1711 1558 1986 1622 novacula,

367 1695 373 1700 _
413 1642 474 1684 ut
502 1633 656 1686 aiunt
682 1651 693 1686 :
730 1637 1006 1705 negotium
1039 1648 1210 1696 totum
1241 1643 1407 1710 probe
1432 1643 1673 1714 dirigens
1694 1640 1988 1714 sapientia,

409 1739 473 1777 ac
507 1731 652 1794 quod
682 1729 878 1796 cuique
903 1733 1218 1788 conducens
1235 1746 1379 1790 esset
1402 1741 1617 1807 egregie
1639 1739 1986 1809 dispensans,

401 1818 660 1883 juvenem
695 1823 913 1890 quidem
942 1824 1010 1878 ab
1046 1825 1299 1880 hmnanis
1345 1829 1558 1895 tollens,
1597 1831 1834 1886 inhibuit
1861 1848 1986 1901 age-

2089 823 2217 886 τούς
2254 841 2314 878 τε
2343 828 2558 891 γονέας,
2588 828 2682 879 καὶ
2713 829 2819 882 πᾶν
2848 829 2908 880 τὸ
2933 829 3119 896 γένος,
3149 831 3242 881 καὶ
3277 829 3502 898 προσέτι
3532 831 3651 892 τοὺς

2092 915 2192 983 τὴν
2222 916 2426 987 ἀρετὴν
2479 917 2883 987 Θαυμάζοντας.
2931 923 3025 973 καὶ
3074 920 3238 989 φύσιν
3283 921 3384 988 τὴν
3427 923 3649 975 ἐκείνου.

2105 1008 2421 1062 Ἐπεποίθει
2446 1009 2502 1062 δὲ
2530 1010 2674 1079 Θεῷ,
2708 1011 2803 1063 καὶ
2833 1011 2954 1072 ταῖς
2985 1010 3094 1062 τῶν
3134 1011 3426 1078 φυσάντων
3451 1013 3651 1081 εὐχαῖς,

2090 1101 2182 1154 καὶ
2213 1103 2323 1163 τοῖς
2349 1102 2547 1154 ἑαυτοῦ
2595 1104 2841 1171 τρόποις,
2871 1101 2949 1172 τῷ
2997 1120 3057 1154 τε
3094 1102 3295 1165 ἀδίκως
3347 1101 3440 1156 τοῦ
3478 1105 3653 1155 ἐπιόν-

2089 1205 2183 1252 τος
2214 1190 2314 1260 τὴν
2339 1190 2514 1260 ἀρχὴν
2543 1191 3024 1261 σφετεριζομένου,
3079 1194 3242 1246 αὑτὸν
3265 1193 3488 1256 δικαίως
3516 1193 3653 1262 apo,

2089 1280 2300 1335 νεσθαι.
2340 1282 2426 1334 Ἐν
2457 1282 2566 1351 γὰρ
2599 1286 2712 1347 τοῖς
2762 1283 2946 1349 ἄλλοις
2979 1286 3184 1340 ἆπασιν
3213 1286 3264 1339 οί
3296 1285 3657 1355 πολεμοῦντες

2088 1371 2315 1426 ἑπλεονέ
2323 1391 2506 1427 κτουν.

3665 966 3679 1016 l

2175 1556 2317 1610 Ἀλλ’
2343 1558 2402 1609 ὲν
2456 1557 2662 1620 τούτοις
2707 1557 3010 1625 ἱσταμένων
3055 1559 3166 1612 τῶν
3208 1557 3554 1628 πραγμάτων
3586 1559 3658 1623 ὡς

2086 1646 2181 1700 ἐπὶ
2224 1646 2410 1716 ξυροῦ,
2462 1650 2650 1714 φατὶν,
2683 1651 2715 1716 ἡ
2746 1649 2930 1710 καλαῖς
2962 1647 3216 1702 ίθύνουσα
3249 1649 3412 1716 σοφία
3455 1649 3572 1702 τόδε
3601 1648 3657 1701 τδ

2087 1741 2217 1798 πᾶν,
2251 1741 2344 1792 καὶ
2398 1741 2812 1810 πρυτανεύουσα
2861 1740 2923 1792 τὸ
2959 1741 3240 1810 συμφέρον
3289 1740 3529 1808 ἑκάστῳ.
3571 1739 3655 1820 τὸν

2093 1833 2192 1902 μὲν
2226 1834 2444 1885 νεανίαν
2496 1834 2723 1897 ἐκεῖνον,
2765 1833 2875 1886 τῶν
2924 1835 3050 1903 τῇδε
3099 1833 3515 1902 μεταστήσασα,
3563 1831 3656 1884 ούκ

407 1925 489 1973 re,
523 1913 666 1980 quod
704 1913 888 1970 animo
940 1918 1298 1972 constitutum
1347 1930 1500 1976 erat:
1547 1921 1749 1977 dixerit
1805 1924 1980 1988 alius,

2091 1897 2243 1976 εἴασε
2281 1925 2542 1993 πράττειν
2571 1927 2638 1978 τὰ
2677 1924 2820 1978 κατά
2868 1897 2992 1978 νοῦν
3012 1942 3025 1956 ⁶
3060 1897 3219 1988 ἄλλος
3248 1925 3293 1977 δ’
3326 1897 3393 1978 ἀν
3425 1921 3568 1987 εἷπε,
3583 1923 3656 2010 [vd

406 2003 555 2070 quod
580 2004 627 2056 ei
661 2006 859 2058 malum
891 2018 1058 2073 esset,
1111 2010 1265 2064 vobis
1319 2021 1498 2066 autem
1553 2015 1855 2083 despntam,
1887 2015 1986 2070 Pe-

408 2097 687 2162 loponnesi
729 2099 892 2156 totius
921 2102 1205 2156 dominmn
1257 2105 1522 2171 prmfecit,
1568 2109 1982 2182 appellationem

406 2190 568 2243 rebus
598 2191 1012 2249 confirmantem
1049 2213 1064 2260 ;
1094 2196 1228 2250 nihil
1279 2199 1478 2268 quippe
1502 2201 1728 2255 omnino
1759 2203 1976 2272 agebat,

405 2293 495 2333 aut
531 2283 786 2339 volvebat
811 2285 1022 2353 animo,
1054 2302 1218 2356 quam
1260 2291 1404 2358 quod
1435 2291 1678 2347 modeste
1727 2308 1790 2348 ac
1812 2310 1844 2349 e
1875 2295 1984 2349 vir-

405 2385 522 2428 tute
580 2377 972 2444 rempublicam
998 2391 1274 2448 gerentem
1298 2383 1553 2439 deceret:
1582 2401 1701 2454 qua:
1721 2402 1808 2441 res
1838 2387 1982 2442 fama

404 2467 615 2528 volans,
666 2482 763 2521 eos
796 2484 1018 2539 quoque
1062 2473 1127 2525 ad
1183 2474 1538 2530 sobrietatem
1573 2479 1856 2545 compulit,
1888 2481 1982 2549 qui

407 2577 520 2613 rrm
553 2562 674 2626 ejus
717 2563 848 2616 nihil
880 2566 1111 2620 scirent;
1152 2567 1434 2636 plurisque
1465 2568 1740 2626 faciebant
1767 2588 1979 2640 omnes,

405 2657 465 2701 ut
497 2650 641 2716 quod
677 2651 769 2704 ille
801 2663 1012 2720 gratum
1050 2655 1291 2720 haberet,
1326 2669 1694 2728 praestarent,
1729 2662 1983 2733 idemque

402 2741 550 2794 dictu
584 2743 670 2805 sit,
701 2745 845 2811 quod
874 2743 983 2799 Deo
1017 2757 1227 2814 gratum
1256 2759 1418 2804 esset.

399 2863 401 2866 -
477 2833 640 2888 Fama
675 2835 1072 2906 igiturubique
1127 2854 1476 2912 pervagante,
1535 2854 1591 2899 ιιι
1618 2847 1702 2898 vir
1757 2845 1978 2914 quidam

403 2927 745 2982 admirabilis
799 2931 910 2982 haec
972 2947 1036 2986 ac
1068 2933 1155 2986 illa
1190 2934 1330 2988 bona
1371 2939 1639 2994 universis
1671 2950 1976 3008 prmstarct,

404 3034 510 3073 non
544 3036 793 3088 quaweus
825 3025 968 3092 quod
1022 3041 1180 3080 suum
1213 3039 1378 3092 esset,
1415 3029 1508 3085 sed
1540 3031 1685 3098 quod
1713 3033 1976 3090 aliorum:

403 3126 510 3162 unu
546 3111 687 3164 enim
717 3111 885 3166 latent
913 3129 1255 3170 summorum
1290 3133 1378 3171 res
1409 3134 1424 3173 :
1455 3120 1521 3172 ad
1555 3135 1678 3174 eum
1735 3123 1976 3177 c0nﬂue-

405 3207 556 3263 nant,
592 3218 712 3256 cum
747 3205 958 3268 vicinae,
988 3218 1098 3260 tum
1133 3207 1349 3278 longius
1377 3210 1567 3279 positae
1596 3222 1806 3280 gentes.
1840 3215 1971 3267 Nam
2005 3246 2046 3302 ε

403 3295 575 3347 \it'ltts
604 3309 690 3348 res
747 3305 829 3348 est
857 3296 1188 3352 desiderium
1240 3300 1467 3365 habens,
1508 3301 1779 3369 bonisque
1810 3313 1979 3358 attra-

403 3386 596 3441 ln-mlis
660 3388 848 3456 majori
885 3405 1046 3456 supra
1079 3401 1382 3460 magnetem
1432 3393 1752 3450 cﬂicacitate
1791 3399 1976 3465 pollet.

402 3479 535 3529 «ῖιιιιι
560 3493 688 3546 ergo
710 3480 1018 3547 continens,
1042 3491 1153 3536 tum
1185 3500 1334 3538 mare
1368 3485 1705 3541 conﬂuentes
1733 3486 1982 3542 ferebant

402 3572 631 3640 p0pulus
658 3591 672 3638 ;
699 3584 924 3643 eratque
971 3577 1129 3632 dulce
1158 3579 1287 3648 quid
1311 3579 1375 3634 ad
1403 3583 1804 3650 spectaculum,
1835 3587 1979 3654 quod

399 3679 495 3730 per
532 3665 659 3719 illud
698 3680 910 3737 tempus
947 3670 1128 3725 ﬁebat.
1170 3670 1412 3726 Deserta:
1433 3673 1637 3742 pridem
1699 3675 1862 3730 urbes
1915 3690 1981 3732 ac

399 3758 514 3811 loca
557 3775 742 3815 novos
793 3763 1016 3818 colonos
1087 3764 1383 3830 habebant,
1436 3767 1719 3836 saltusque
1793 3778 1978 3824 aratro

397 3848 805 3919 scindebantur,
828 3869 892 3908 ac
945 3863 1052 3910 tota
1112 3857 1476 3912 mundabatur
1547 3859 1731 3930 regio:
1781 3859 1872 3915 sed
1925 3870 1980 3916 et

361 3987 364 3992 .
402 3942 570 3996 multa
601 3943 717 3997 luca
746 3960 958 4014 aspera,
989 3946 1154 4002 nullis
1187 3949 1314 4002 olim
1347 3960 1708 4020 praeterquam
1752 3951 1982 4008 latroni-

398 4037 497 4096 bus
528 4042 832 4108 coininoda,
872 4042 1080 4097 leuiora
1115 4043 1326 4110 eﬂecta,
1347 4061 1412 4100 ac
1447 4039 1745 4115 peritGrum
1813 4063 1983 4104 aran-

397 4129 451 4182 .li
479 4132 734 4195 manibus
764 4135 1030 4199 cicurata,
1086 4136 1387 4191 mandatas
1407 4139 1656 4204 arbores,
1705 4155 1771 4195 ac
1801 4140 1980 4195 omnis

397 4223 610 4290 generis
640 4225 846 4279 semina
885 4227 1238 4296 recipiebant.
1273 4227 1379 4283 Sed
1407 4237 1464 4284 et
1499 4231 1806 4300 Illyriorum
1835 4233 1976 4288 dena

398 4317 620 4370 νει-εῑιοι·
680 4319 872 4383 millia,
936 4328 1144 4372 mutato
1205 4321 1492 4376 confertim
1553 4325 1690 4384 solo,
1723 4323 1978 4378 adductis

400 4409 524 4461 tiliis
558 4422 621 4460 ac
648 4409 931 4473 uxoribus,
974 4411 1412 4481 substantiis-que
1463 4430 1528 4468 ac
1564 4431 1780 4483 pecore,
1841 4418 1978 4470 Isth-

399 4516 545 4553 mum
578 4501 885 4568 petierunt;
917 4500 1146 4571 flxisque
1178 4503 1286 4557 illic
1323 4506 1716 4572 tabernaculis,
1738 4522 1802 4563 ac
1832 4518 1977 4562 stra-

2090 2015 2217 2068 καθ⁹
2256 2015 2452 2069 ἑαυτοῦ
2476 2033 2488 2046 °
2521 2016 2612 2070 τὸν
2635 2017 2691 2071 δὲ
2723 2017 2994 2084 δεσπότην
3027 2019 3153 2086 ὑμῖν
3178 2017 3450 2085 δεσπότην
3481 2020 3655 2085 πάσης

2089 2106 2256 2172 ἔδειξε
2314 2109 2410 2177 τῆς
2459 2110 2897 2179 Πελοποννήσου,
2958 2109 3141 2178 ἔργοις
3191 2110 3519 2178 βεϐαιοῦντα
3562 2111 3657 2178 τὴν

2087 2200 2302 2272 κλῆσιν.
2339 2201 2505 2254 Οὐδὲν
2545 2205 2654 2270 γὰρ
2707 2203 2842 2264 ὅλως
2875 2203 3134 2269 πράττων
3165 2198 3237 2273 ἦν
3283 2201 3657 2275 ἢδιανοούμε-

2087 2308 2198 2356 νος.
2235 2291 2263 2344 δ
2297 2291 2372 2362 μὴ
2407 2295 2688 2362 προσῆκεν
2730 2293 2987 2354 ἐπιεικῶς
3020 2294 3266 2365 ἄρχοντι.
3296 2293 3469 2348 Τοῦτο
3491 2294 3546 2346 δι
3567 2291 3656 2360 δῆ-
3703 2318 3708 2322 -

2085 2381 2177 2436 λον
2233 2385 2479 2452 γεγονὸς,
2534 2387 2836 2454 σωφρονεῖν
2891 2386 3169 2455 ἠνάγκαζε
3227 2386 3327 2440 καὶ
3383 2387 3511 2449 τοὺς
3562 2386 3656 2437 οὐκ

2085 2477 2295 2540 εἰδότας
2315 2493 2328 2510 ·
2365 2479 2458 2530 κα)⁵
2494 2477 2692 2531 πολλοῦ
2719 2477 2787 2532 ἂν
2821 2482 3024 2542 πάντες
3066 2479 3370 2548 ἠλλάξαντο
3399 2479 3461 2532 τὸ
3489 2480 3656 2532 ποιεῖν

2083 2572 2146 2623 τὸ
2175 2569 2346 2643 τούτῳ
2375 2573 2771 2641 κεχαρισμένον
2795 2611 2810 2638 ,
2839 2571 3006 2625 ταυτδ
3035 2572 3083 2630 δ’
3115 2573 3296 2626 εἰπεῖν
3323 2573 3417 2632 καὶ
3446 2570 3583 2641 Θεῷ.

2156 2838 2579 2908 Διαδραμούσης
2623 2838 2717 2893 οὖν
2768 2840 3078 2908 πανταχόσε
3119 2839 3220 2908 τῆς
3270 2840 3483 2912 φήμης,
3518 2835 3590 2898 ὡς
3626 2835 3653 2888 ὅ

2085 2930 2236 2984 δεῖνα
2264 2930 2580 3000 Θαυμαστὸς
2612 2931 2683 2984 τὰ
2714 2933 2809 2986 καὶ
2835 2933 2898 2984 τὰ
2925 2932 3220 3000 εἰργάσατο
3256 2933 3428 2988 πᾶσιν
3454 2927 3685 3018 ἀγαθὰ,-

2082 3024 2142 3076 οὐ
2179 3023 2359 3094 ζητῶν
2405 3024 2465 3076 τὸ
2497 3024 2714 3088 ἑαυτοῦ,
2755 3025 2892 3080 ἀλλά
2935 3025 2995 3077 τὸ
3024 3025 3134 3079 τῶν
3181 3025 3414 3094 ἑτέρων·
3444 3024 3512 3077 τὰ
3550 3023 3651 3091 γὰρ

2084 3114 2191 3168 τῶν
2225 3117 2498 3184 μεγίστων
2523 3118 2583 3170 ού
2628 3118 2956 3189 κρύπτεται·
2989 3120 3289 3191 συνέρρεον
3321 3119 3446 3188 ἔθνη
3490 3114 3652 3169 πολλά

2081 3207 2156 3266 ὡς
2188 3208 2351 3261 αύτδν
2377 3209 2486 3262 τῶν
2523 3227 2582 3263 τε
2611 3212 2894 3282 ἐγγυτέρω
2927 3213 3018 3265 καὶ
3075 3213 3440 3283 πορρωτάτω.
3458 3209 3519 3263 Ἦ
3551 3209 3650 3277 γὰρ

2082 3299 2253 3370 ἀρετὴ
2307 3301 2578 3367 ποθεινὸν,
2635 3303 2730 3356 ml.
2787 3302 3120 3373 παρελαύνει
3173 3310 3434 3374 μαγνῖτιν
3488 3301 3648 3362 λίθον,

2083 3390 2426 3460 ἐφελκομένη
2455 3393 2582 3456 τοὺς
2611 3393 2874 3461 ἀγαθούς.
2925 3393 3180 3465 Ἐκόμιζε
3210 3395 3277 3466 δὴ
3309 3397 3403 3450 καὶ
3433 3397 3650 3466 ἤπειρος

2082 3482 2178 3535 καὶ
2228 3481 2474 3536 θάλασσα
2522 3485 2648 3546 τοὺς
2707 3485 3150 3554 έπιδημοῦνταςυ
3207 3489 3307 3541 καὶ
3357 3483 3423 3558 ἦν
3472 3484 3568 3553 ἡδύ
3599 3497 3650 3533 τι

2083 3573 2383 3628 θεάσασθαι
2458 3577 2518 3628 1:"
2575 3579 2694 3630 κατ’
2751 3581 2929 3632 ἐκεῖνο
2983 3578 3185 3650 καιροῦ
3253 3577 3647 3651 πραττόμενον.

2087 3666 2290 3735 ᾭκουν
2319 3668 2366 3720 cl
2408 3668 2659 3736 νεήλυδες
2703 3669 2804 3732 τὰς
2839 3671 3153 3740 ἀοικήτους,
3194 3672 3296 3726 καὶ
3331 3672 3470 3740 ἄλση
3499 3681 3651 3722 κατε-

2081 3760 2332 3830 τέμνετο,
2359 3762 2454 3815 καὶ⁸
2483 3761 2803 3832 ἐκαθαίρετο
2830 3763 3006 3834 χῶρος
3033 3765 3178 3828 ἄπας
3205 3781 3219 3796 ·
3259 3765 3434 3823 πολλά
3464 3780 3520 3816 τε
3559 3761 3650 3812 αὖε-

2083 3853 2192 3907 τῶν
2219 3853 2513 3925 ἀνημέρων
2554 3857 2793 3926 χωρίων,
2830 3856 2973 3926 ἅπερ
3014 3857 3230 3910 οὐδέσιν
3270 3857 3488 3926 ὑπῆρχε
3528 3852 3652 3923 χρή-

2084 3962 2222 4015 σιμα
2261 3945 2402 4017 πλὴν
2438 3946 2684 4018 λῃσταῖς,
2723 3948 3022 4020 ἡμεροῦτο,
3056 3950 3150 4003 καὶ⁵
3197 3949 3420 4022 ἐδέχετο
3467 3946 3647 4014 φυτῖνν

2082 4041 2177 4093 καὶ
2231 4040 2578 4094 παντοδαπδν
2628 4043 2872 4111 σπέρμα,
2925 4042 3142 4096 εἴκοντα
3195 4045 3358 4112 χερσὶ
3403 4038 3648 4108 γηπόνων

2081 4116 2261 4201 ἀροῦν
2291 4133 2534 4188 εἰδότων.
2583 4133 2740 4188 Ἀλλὰ
2783 4135 2878 4187 καὶ
2939 4135 3188 4203 Ἰλλυριοὶ
3231 4136 3364 4205 περὶ
3418 4127 3648 4202 μυριάδα

2080 4220 2269 4290 ἀθρόοι
2303 4224 2731 4291 μετοικήσαντες
2758 4223 2874 4292 ἅμα
2897 4226 3055 4280 παισί
3081 4243 3139 4279 τε
3173 4225 3268 4300 καὶ
3297 4223 3532 4294 γυναιξὶ,
3560 4217 3648 4272 καὶ

2079 4318 2201 4378 ταῖς
2234 4316 2447 4378 οὐσίαις
2477 4319 2573 4370 καὶ
2605 4318 2909 4388 θρέμμασι,
2939 4319 3033 4372 τὸν
3067 4319 3290 4388 Ἰσθμὸν
3318 4313 3611 4374 κατέλαϐον
3630 4324 3646 4341 ο

2081 4407 2251 4461 αὐτοῦ
2299 4407 2357 4462 δὲ
2400 4409 2709 4480 πηξάμενοι
2754 4411 2850 4474 τὰς
2885 4412 3109 4482 σκηνὰς,
3149 4413 3246 4465 καὶ
3292 4413 3392 4474 τὰς
3439 4405 3646 4464 κλισίας

2081 4499 2448 4569 ἐκτείναντες,
2481 4503 2637 4556 αὐτοὶ
2676 4503 2785 4557 τῶν
2825 4503 2949 4556 καθ’
2975 4505 3202 4568 ἑαυτοὺς
3233 4501 3374 4575 ἦσαν
3409 4499 3641 4568 ἄγγελοι*

397 4593 467 4648 tis
499 4593 734 4658 lectulis,
759 4609 983 4649 suarum
1019 4595 1120 4665 ipsi
1146 4612 1328 4652 rerum
1349 4598 1528 4653 nuntii
1565 4615 1664 4668 pro
1692 4601 1976 4669 inOpinato

2087 4589 2261 4654 οὕτως
2301 4593 2561 4663 ἐξαίφνης
2591 4594 2974 4665 παρεγένοντο.
3009 4591 3143 4650 Εἶτα
3179 4596 3426 4666 μηδόλως
3459 4587 3648 4662 μελλή-

397 4685 630 4740 adventu
673 4687 915 4743 fuerunt.
950 4688 1030 4742 Ad
1064 4691 1198 4754 haec,
1264 4691 1411 4745 nulla
1473 4707 1646 4758 mora,
1710 4709 1972 4763 perquam

396 4779 736 4847 magnificam
788 4781 1110 4847 legationem
1152 4783 1218 4837 ad
1273 4798 1397 4836 eum
1452 4783 1807 4852 instruentes,
1853 4801 1984 4854 per-

395 4872 781 4938 conlabantur,
808 4873 938 4940 quid
960 4873 1028 4927 de
1054 4873 1163 4928 illis
1185 4887 1364 4940 operae
1407 4876 1644 4944 pretium
1683 4878 1784 4946 ipsi
1829 4878 1978 4933 vide-

396 4970 578 5015 retur:
613 4961 830 5030 sibique
861 4963 1220 5017 constitutum
1285 4964 1525 5032 aiebant,
1579 4975 1638 5021 nt
1689 4967 1976 5037 impetrata

396 5053 552 5104 venia
586 5054 742 5114 sedes
789 5054 1016 5122 fugerent
1051 5070 1115 5109 ac
1172 5057 1399 5112 omnino
1453 5069 1781 5128 praestarent
1825 5062 1975 5131 quod

395 5145 475 5203 illi
504 5146 680 5224 visum
717 5155 882 5201 esset.
935 5147 1030 5201 Ille
1068 5149 1270 5218 gaudio
1326 5153 1558 5220 receptis
1612 5153 1823 5223 legatis,
1881 5170 1976 5224 per

395 5252 511 5298 eos,
543 5219 662 5304 eius
693 5238 794 5292 sibi
833 5239 1015 5307 populi
1053 5241 1227 5298 duces
1251 5219 1642 5311 adesseijubet.
1668 5219 1815 5299 ἶιύῐη
1846 5219 1975 5300 vero

397 5337 456 5381 ut
479 5343 539 5383 se
574 5340 1076 5398 reprazsentassent,
1131 5334 1384 5403 prudenti
1417 5335 1713 5390 admodum
1744 5338 1975 5392 mnsilio

399 5427 643 5473 amanter
674 5421 1012 5490 amplexans,
1043 5423 1352 5494 innataque
1398 5425 1704 5481 dulcedinis
1753 5435 1973 5496 gustum

399 5513 628 5578 faciens,
661 5513 761 5568 sibi
793 5515 1014 5584 illectat,
1049 5533 1118 5572 ne
1179 5518 1361 5586 petitis
1401 5519 1621 5588 quidem
1660 5520 1970 5583 obsidibus,

400 5614 495 5659 aut
524 5605 617 5674 qui
646 5605 750 5660 fide
779 5605 1055 5677 juberent,
1087 5626 1276 5665 eorum
1312 5613 1446 5667 satis
1472 5613 1538 5668 ad
1583 5612 1742 5669 fidem
1783 5628 1975 5668 sacra-

399 5708 642 5751 mentum
677 5699 924 5756 habens:
965 5715 1278 5772 quanquam
1313 5714 1472 5759 erant
1502 5716 1756 5760 auctores
1789 5704 1972 5770 multi,

399 5789 532 5842 nihil
565 5790 618 5842 id
652 5791 888 5846 alienum
923 5808 952 5847 a
985 5796 1196 5849 ratione
1219 5796 1484 5860 dicentes,
1517 5805 1575 5850 ut
1621 5811 1690 5853 ne
1722 5795 1835 5850 ullo
1861 5809 1978 5849 mo-

401 5883 467 5937 do
513 5885 796 5957 reciperet,
831 5895 945 5940 tum
981 5888 1128 5958 quod
1162 5888 1452 5944 multitudo
1488 5887 1767 5944 formidini
1807 5894 1974 5957 esset,

2080 4701 2297 4751 σαντες,
2319 4685 2622 4755 πρεσϐείαν
2645 4687 2790 4739 πάνυ
2813 4686 3074 4757 λαμπρὰν
3093 4688 3231 4757 πρὸς
3251 4688 3310 4740 δν
3331 4681 3644 4756 ἀφικνοῦντο

2079 4775 2422 4845 πέμψαντες,
2470 4777 2856 4838 ἐπυνθάνοντο.
2897 4778 2953 4831 τί
2980 4778 3098 4832 ποτ’
3133 4779 3200 4833 ἂν
3233 4778 3320 4848 εἴη
3362 4777 3424 4829 τὺ
3463 4768 3644 4826 δοκοῦν

2077 4871 2272 4939 ἐκείνῳ
2309 4874 2438 4941 περὶ
2467 4871 2650 4925 αὐτῶν
2672 4875 2690 4903 ⁸
2727 4873 2822 4926 καὶ
2846 4875 3213 4943 παρεδήλουν,
3244 4873 3321 4937 ὡς
3347 4869 3638 4942 βούλονται.

2077 4960 2430 5029 τούνδόσιμον
2477 4960 2735 5025 λαϐόντες
2763 4964 2894 5034 παρ’
2929 4964 3119 5031 αὑτοῦ,
3150 4962 3502 5022 καὶείσιέναι
3549 4952 3642 5004 καὶ

2081 5053 2287 5119 μεῖναι,
2331 5052 2427 5105 καὶ⁷
2460 5052 2606 5123 ειπερ
2654 5054 2721 5107 ἂν
2754 5054 2840 5107 ὅδε
2887 5055 3044 5126 γνοίη
3106 5056 3373 5125 πράττειν
3425 5043 3636 5103 αύτούς.

2089 5144 2150 5197 '0
2183 5144 2237 5196 δὲ
2265 5146 2358 5197 καὶ
2388 5145 2603 5216 δέχεται
2632 5148 2761 5210 τοὺς
2804 5147 3067 5215 πρέσϐεις
3106 5147 3380 5216 ἀσμένως,
3414 5140 3504 5195 καὶ
3547 5149 3672 5208 καί

2081 5234 2164 5288 λεῖ
2195 5235 2326 5307 παρ’
2357 5237 2551 5289 ἑαυτὸν
2576 5237 2665 5290 διὰ
2701 5236 2986 5308 πρέσϐεων
3012 5239 3238 5292 τουτωνὶ
3271 5239 3397 5298 τοὺς
3425 5230 3640 5295 ἐξηγου-

2084 5327 2280 5397 μένους
2321 5329 2430 5382 τῶν
2473 5328 2672 5384 ἄλλων.
2705 5331 2816 5382 Καὶ
2851 5330 3396 5417 φιλοφρονησάμενος
3444 5315 3636 5417 αὐτούς

2082 5421 2531 5491 παραγεγονότας
2562 5419 2752 5484 δεξιῶς
2786 5421 2948 5488 ἄγαν,
2995 5422 3092 5474 καὶ
3124 5421 3223 5490 τῆς
3250 5416 3488 5489 ἐμφύτου
3513 5416 3636 5476 γευ-

2083 5533 2183 5582 σας
2237 5516 2596 5584 γλυκύτητος,
2646 5515 2947 5567 ἐπισπᾶται
2999 5515 3098 5575 τὰς
3153 5513 3336 5566 αὐτῶν
3386 5502 3632 5574 γνώμαν

2083 5609 2221 5679 μήτε
2255 5608 2299 5660 δ’
2321 5609 2505 5677 ὅμηρα
2539 5605 2742 5671 λαϐὼν,
2783 5607 2922 5673 μήτε
2957 5605 3160 5673 ἐγγύας
3188 5605 3437 5674 αἰτήσας,
3463 5593 3636 5660 ὅρκοις

2079 5700 2331 5771 ἠρκέσθη
2374 5701 2485 5762 τοῖς
2537 5697 2668 5766 παρ’
2729 5697 2950 5753 αὐτῶν·
2987 5697 3279 5765 καίτοιπερ
3324 5693 3372 5746 oi
3425 5680 3635 5780 πλείους

2080 5794 2380 5864 παρῄνουν,
2413 5793 2565 5847 οὐδὲν
2592 5792 2878 5861 ἀλόγιστον
2925 5792 3194 5860 λέγοντες,
3235 5779 3508 5864 μηδαμῶς
3539 5779 3631 5822 “0'

2078 5863 2213 5948 1°le
2235 5881 2514 5952 δέξασθαι,
2539 5883 2599 5938 τό
2642 5901 2700 5938 τε
2735 5884 2935 5955 πλῆθος
2961 5882 3214 5951 δεδιότες,
3245 5879 3344 5936 καὶ
3378 5871 3435 5927 τὺ
3465 5863 3631 5918 ἔθεσιν
