3950 6426
240 405 344 472 213

1034 406 1430 468 THEODOBJ
1506 411 1825 470 DESPOTI
1892 411 2283 474 LAUDATlO
2325 413 2740 473 FUNEBRIS.

3387 395 3494 473 ΞΗ.

241 527 447 592 ἑτέροις
478 523 722 584 ἐκείνους
748 522 845 589 ζῇν
876 520 1277 586 ὑποπτεύοντες
1310 523 1484 576 αῐτιον
1511 526 1812 579 σκανδάλου

1926 534 2031 578 tum
2084 525 2228 592 quod
2281 525 2602 580 scandalum
2636 524 2874 579 creaturi
2929 524 3270 585 viderentur,
3305 537 3403 593 pro
3436 541 3500 577 eo

241 614 594 688 γενήσεσθαι.
635 613 872 676 Ἐκεῖνος
898 614 955 667 δὲ
992 613 1241 668 πιστεύει
1279 615 1400 684 μὲν,
1428 615 1642 670 οἴκοθεν
1670 618 1810 688 ἔχων

239 709 297 760 τὸ
333 705 522 768 πιστὸς
549 699 716 756 εἶναι·
745 703 773 756 ὃ
805 703 914 774 γάρ
953 719 1036 765 τις
1078 704 1214 774 ἔχει.
1246 705 1450 771 δίδωσι,
1496 709 1592 762 καὶ
1615 710 1642 761 ὃ
1670 711 1808 775 ἐστι,

241 797 515 866 λογίζεται
547 798 639 850 καὶ
668 796 794 858 τοὺς
820 797 1040 860 λοιποὺς
1075 791 1243 851 εἶναι’
1273 800 1448 854 πείθει
1475 802 1532 854 δὲ
1564 804 1660 856 καὶ
1685 804 1813 857 ἐαυ-

238 891 351 955 τζν,
395 891 486 943 καὶ
528 889 744 953 ἄλλους,
786 889 1082 959 λογισμοὺς
1124 893 1428 962 προτείνων
1473 896 1812 967 ἀναντιρρή-

234 1003 379 1046 τους,
412 984 482 1047 ὡς
514 983 618 1036 κᾶν
669 982 984 1052 βουληθεῖεν
1016 986 1220 1039 ἐκεῖνοι
1274 988 1446 1041 κακόν
1480 1006 1536 1042 τι
1583 989 1806 1060 δρᾶσαι.

237 1079 334 1130 οὐκ
363 1079 428 1132 ἄν
462 1095 591 1128 ποτε
640 1075 922 1144 δυνηθεῖεν
944 1091 960 1110 ⁶
990 1077 1086 1130 καὶ
1121 1078 1212 1130 διὰ
1261 1081 1424 1133 τοῦτο
1465 1080 1587 1136 οὐδὲ
1624 1081 1814 1152 βουλή-

245 1188 448 1224 σονται.
493 1168 684 1237 Ἐξέϐη
716 1170 761 1222 δ’
791 1169 983 1241 ὥσπερ
1011 1172 1174 1235 αὐτὸς
1205 1171 1427 1243 ἐνόμισέ
1450 1191 1509 1227 τε
1539 1175 1635 1228 καὶ
1661 1177 1814 1245 ἰσχυ-

246 1262 443 1332 ρίζετο.
477 1263 586 1315 Καὶ
611 1261 773 1315 τοῦτο
802 1263 927 1333 τρία
961 1266 1120 1318 ταυτὶ
1161 1269 1720 1338 προσμαρτυρήσειεν
1743 1270 1813 1322 ἀν

244 1351 410 1421 αὐτῷ,
443 1353 808 1419 ἀξιοπιστίαν,
848 1355 1097 1425 ἀνδρίαν,
1149 1359 1444 1428 φρόνησιν·
1481 1360 1558 1431 τῷ
1587 1362 1814 1416 πιστεῦ-

245 1463 358 1509 σαι,
390 1445 469 1516 τῷ
494 1447 794 1517 θαρρῆσαι,
831 1447 908 1519 τῷ
936 1450 1119 1513 καλῶς
1169 1452 1563 1522 στοχάσασθαι.
1600 1455 1812 1510 Κτᾶται

242 1539 530 1610 τοιγαροῦν
549 1541 811 1612 στρατιὰν
834 1543 1130 1614 τοσαύτην,
1152 1545 1254 1600 οὐκ
1269 1547 1497 1619 ἄπειρον
1531 1548 1632 1618 μὲν
1647 1566 1816 1618 τραυ-

246 1635 452 1699 μάτων,
482 1633 692 1704 ἀγαθὴν
727 1635 783 1687 δὲ
834 1635 902 1689 τὰ
941 1637 1201 1706 πολέμια,
1237 1639 1404 1708 μηδὲν
1449 1641 1811 1711 προσαναλώ-

239 1741 334 1787 σας
366 1725 396 1794 ἢ
441 1729 567 1794 τρία
599 1726 801 1790 ταῦτα,
845 1728 1074 1798 γνώμης
1103 1729 1367 1800 ὀξύτητα,
1399 1733 1651 1804 γλώττης
1699 1735 1811 1788 δει·

239 1818 466 1886 νὸτητα,
503 1820 730 1900 τρόπων.
756 1824 1107 1894 χρηστότητα
1131 1841 1146 1855 ο
1191 1825 1424 1880 ἕκαστον
1461 1829 1650 1899 χρῆμα
1683 1828 1812 1882 ἀκέ-

234 1925 426 1964 νωτον.

311 2084 494 2153 Ἐχων
519 2102 581 2155 γε
615 2087 798 2142 τοίνυν
829 2091 1029 2155 αὐτοὺς
1058 2094 1196 2164 πρὸς
1232 2098 1297 2166 τῇ
1332 2096 1435 2165 τῆς
1462 2083 1811 2172 Πελοποννή-

242 2195 330 2230 σου
361 2178 605 2247 δυνάμει,
643 2182 702 2235 ού
743 2185 956 2254 σμικρᾷ
988 2185 1082 2238 καὶ
1113 2189 1426 2260 καθἀὑτὴν
1457 2191 1613 2263 οὔσῃ,
1636 2211 1810 2264 προσ-

247 2270 410 2340 Θήκην
463 2271 544 2324 ὅτι
591 2275 882 2343 μεγίστην,
915 2278 1044 2346 ῥᾷον
1076 2277 1108 2348 ἡ
1149 2297 1232 2341 τις
1271 2277 1337 2332 ἂν
1368 2282 1624 2350 ἐνόμιζεν
1655 2283 1716 2338 εὖ
1742 2286 1810 2340 τὰ

253 2362 379 2414 ιιιτᾶ
411 2362 535 2416 νοῦν
561 2364 770 2420 διέθετο
819 2369 1015 2423 πάντα.
1049 2369 1110 2423 Εἰ
1146 2374 1255 2442 γὰρ
1287 2373 1349 2442 δὴ
1385 2380 1478 2427 καὶ
1522 2378 1696 2446 μικρά
1723 2397 1810 2441 τις

242 2457 464 2528 ἐπιῦολὴ
492 2459 551 2512 τὸ
581 2461 688 2512 πᾶν
724 2462 1220 2532 ἰσχύει⁰πολλάκις,
1253 2468 1284 2536 ή
1321 2471 1559 2540 τοσαύτη
1596 2472 1694 2539 μὲν
1731 2473 1811 2542 τῷ
1851 2469 1854 2473 ’

242 2550 458 2619 πλήθει,
489 2552 626 2622 καλὴ
656 2553 714 2606 δὲ
746 2556 841 2607 καὶ
871 2558 936 2626 τῇ
964 2556 1074 2609 τῶν
1096 2557 1414 2626 πολεμικῶν
1442 2561 1727 2634 ἐμπειρίᾳ,
1759 2563 1813 2614 τί

236 2641 338 2694 οὐκ
372 2642 438 2696 ἂν
467 2643 633 2713 sapa;
676 2647 751 2698 Ού
782 2647 911 2717 γὰρ,
944 2647 1124 2703 καίτοι
1159 2651 1280 2704 καθ’
1331 2652 1562 2718 ἑαυτοὺς
1602 2654 1812 2726 προθύ-

242 2748 380 2798 μους
410 2749 468 2785 τε
495 2736 589 2788 καὶ
633 2736 873 2803 ἀγαθοὺς
909 2739 1251 2806 στρατιώτας
1282 2741 1466 2806 ὄντας,
1502 2744 1563 2796 οὐ
1609 2746 1814 2814 προσέ-

237 2823 364 2876 θετο
424 2825 651 2896 ποιῆσαι
702 2827 928 2891 τούτους
986 2830 1270 2900 βελτίους·
1324 2832 1442 2886 ἀλλ’
1501 2834 1815 2906 ἐπηύξησεν

241 2918 446 2982 αὐτοῖς,
481 2918 671 2990 ὥσπερ
701 2921 791 2974 οὖν
821 2921 883 2975 τὸ
915 2925 1054 2996 πρὸς
1098 2925 1266 2978 αὐτὸν
1307 2926 1554 2997 φίλτρον,
1585 2928 1728 2983 οὕτω
1756 2931 1815 2984 δὲ

240 3010 339 3063 καὶ
369 3011 436 3064 τὰ
459 3016 798 3085 χρηστότερα
825 3017 1025 3080 πάντα,
1055 3017 1234 3086 λέγων
1265 3020 1360 3072 καὶ
1386 3020 1714 3085 ὑποδεικνὺς
1747 3026 1816 3078 τὰ

243 3106 516 3172 πρακτέα.
552 3107 662 3161 Καὶ
687 3107 841 3178 δηλοῖ
889 3111 958 3162 τὰ
991 3109 1057 3164 δι’
1093 3111 1275 3164 αὐτῶν
1322 3111 1520 3184 ἐκείνῳ
1559 3132 1815 3185 πεπραγο

1913 620 2058 688 quod
2091 619 2216 673 aliis
2250 620 2496 674 moribus
2526 619 2794 675 viverent.
2836 617 3105 673 Caeterum
3139 617 3229 671 ille
3252 631 3500 670 commo-

1913 713 2008 766 dat
2029 711 2252 781 quidem
2279 711 2459 776 fidem,
2485 711 2576 780 qui
2605 727 2636 767 a
2663 726 2720 766 se
2741 712 2856 780 ipse
2882 711 3041 764 fidem
3073 709 3317 765 haberet.
3344 706 3501 773 Quod

1907 803 2039 873 quis
2069 804 2215 857 enim
2249 802 2432 869 habet,
2463 803 2624 856 etiam
2655 802 2770 865 dat,
2824 815 2890 855 ac
2917 800 3062 869 quod
3100 806 3184 853 est
3218 799 3355 865 ipse,
3400 799 3505 852 hoc

1914 897 2054 952 alios
2085 913 2302 967 quoque
2327 897 2645 951 existimat:
2704 909 2828 949 cum
2871 908 3001 947 vero
3026 891 3151 955 sibi,
3208 901 3323 945 tum
3381 888 3504 943 aliis

1915 981 2132 1048 suadet,
2163 987 2498 1041 ﬁrmissimis
2529 987 2808 1040 rationum
2840 985 3163 1047 momentis,
3195 997 3263 1035 ne
3314 981 3358 1037 si
3416 995 3506 1034 ve-

1915 1080 2036 1144 lint,
2072 1094 2234 1148 posse
2257 1092 2352 1132 eos
2380 1076 2511 1147 quid
2551 1077 2674 1130 mali
2713 1075 2936 1139 facere;
2976 1088 3152 1144 eoque
3186 1073 3303 1126 fore
3337 1078 3396 1123 ut
3451 1077 3508 1121 et

1916 1172 2130 1237 nolint,
2167 1171 2462 1239 evenitque
2483 1169 2561 1224 uti
2598 1176 2894 1222 censuerat
2919 1167 3037 1237 ipse
3069 1179 3134 1220 ac
3162 1164 3503 1229 aliirmarat;

1914 1279 2037 1335 quae
2069 1279 2200 1318 sane
2236 1278 2326 1318 res
2381 1262 2482 1316 tria
2513 1263 2628 1315 haec
2658 1261 2735 1315 illi
2771 1259 2990 1314 abunde
3018 1258 3254 1322 astruit;
3307 1264 3504 1310 aucto-

1916 1360 2130 1412 ritatem
2159 1357 2225 1411 ad
2253 1355 2442 1418 ﬁdem,
2475 1353 2876 1417 fortitudinem,
2940 1351 3309 1421 prudentiam,
3348 1348 3503 1418 quod

1915 1449 2171 1505 habuerit
2205 1447 2390 1515 ﬁdem,
2432 1447 2577 1516 quod
2613 1446 2893 1508 lidnciam,
2967 1445 3112 1514 quod
3151 1445 3284 1497 bene
3323 1441 3510 1510 conjeo

1915 1542 2104 1598 ctarit.
2136 1541 2289 1596 Adeo
2308 1555 2439 1610 ergo
2463 1537 3068 1595 numerosum'militem
3087 1547 3394 1606 comparat,
3422 1536 3510 1588 ni-

1914 1633 1992 1688 hil
2022 1634 2177 1689 illum
2207 1634 2494 1688 vulnerum
2522 1633 2712 1687 rudem
2735 1672 2750 1694 ,
2779 1631 2922 1686 bello
2957 1638 3144 1685 autem
3185 1628 3507 1697 cumprimis

1915 1734 2314 1796 opportunum,
2346 1738 2468 1776 cum
2504 1731 2700 1790 praeter
2736 1721 2852 1774 hate
2881 1719 2987 1774 tria
3011 1757 3025 1780 ,
3081 1716 3258 1770 nullos
3295 1714 3514 1784 posuis-

1916 1828 1998 1871 set
2027 1825 2300 1886 sumptus,
2339 1830 2593 1882 sagacem
2625 1813 2896 1871 animum.
2935 1813 3128 1880 lingua:
3170 1807 3280 1860 vim
3318 1845 3333 1871 ,
3386 1820 3508 1858 nio-—

1918 1925 2038 1964 rum
2074 1909 2400 1972 bonitatem,
2431 1909 2749 1962 thesaurum
2783 1905 2942 1975 plane
2985 1901 3201 1974 singula
3237 1898 3512 1954 inexhau-

1917 2008 2090 2055 stum.
2519 2009 2528 2013 ’

1981 2092 2118 2148 Cum
2147 2093 2332 2161 itaque
2363 2103 2588 2162 excepta
2653 2089 3019 2161 Peloponnesi
3049 2087 3270 2149 virtute,
3304 2100 3424 2154 quae
3460 2092 3513 2136 et

1916 2187 2038 2255 ipsa
2069 2201 2163 2256 per
2183 2201 2243 2241 se
2267 2200 2376 2240 non
2408 2185 2622 2238 molica
2650 2179 2820 2248 esset,
2853 2181 3108 2234 maximae
3133 2191 3230 2232 eos
3285 2176 3514 2230 haberet

1919 2276 2256 2332 accessionis
2286 2277 2427 2341 loco,
2465 2273 2657 2344 majori
2682 2288 2848 2342 supra
2889 2285 3109 2325 omnem
3135 2266 3513 2324 existimatio-

1918 2382 2045 2422 nem
2085 2367 2368 2434 facilitate,
2400 2367 2537 2420 bene
2561 2381 2626 2420 ex
2655 2365 2839 2418 animo
2893 2362 3078 2417 omnia
3112 2357 3512 2415 constituebat.

1920 2459 2154 2526 Quando
2187 2459 2336 2514 enim
2365 2458 2578 2513 modica
2610 2471 2832 2528 quoque
2856 2455 3102 2511 accessio
3134 2467 3243 2506 non
3275 2466 3401 2504 raro
3426 2456 3513 2502 ιο·-

1920 2563 2035 2608 ιυιη
2065 2563 2309 2624 praestat,
2337 2551 2467 2621 quid
2496 2565 2603 2604 non
2637 2558 2786 2604 tanta
2815 2549 2926 2612 illa,
2963 2547 3156 2616 reique
3197 2543 3334 2597 adeo
3361 2541 3516 2596 belli-

1921 2661 2000 2702 ca!
2031 2649 2222 2714 peritia
2255 2656 2541 2717 praestans,
2579 2641 2899 2698 confectura
2941 2638 3099 2694 erat?
3128 2635 3318 2705 Neque
3367 2634 3516 2687 enim

1921 2753 2234 2808 quanquam
2289 2753 2386 2807 per
2406 2752 2466 2792 se
2525 2737 2737 2790 alacres
2792 2749 2856 2787 ac
2918 2729 3128 2787 strenui
3165 2736 3344 2791 erant,
3374 2725 3516 2780 omi-

1923 2834 2092 2896 sit,ut
2123 2832 2377 2888 meliores
2409 2830 2642 2886 efﬁceret
2667 2830 2832 2899 ;quin
2863 2828 2995 2892 imo,
3026 2825 3326 2899 nti‘eorutn
3365 2820 3420 2873 in
3461 2833 3520 2872 se

1924 2940 2191 2992 amorem,
2225 2926 2304 2980 sic
2328 2933 2380 2980 et
2404 2924 2626 2978 meliora
2655 2921 2842 2977 omnia
2867 2920 2947 2974 eis
2972 2897 3195 2972 anan/xit
3221 2955 3236 2977 ,
3265 2927 3373 2983 qua
3401 2926 3523 2965 ver«

1927 3020 2032 3082 bis,
2061 3033 2170 3088 qua
2213 3018 2382 3073 rebus
2412 3027 2758 3076 monstrans,
2791 3027 2915 3083 quae
2945 3010 3088 3065 facto
3120 3023 3260 3077 opus
3289 3011 3475 3061 essent
3502 3021 3515 3054 :

1927 3112 2279 3180 produntque
2297 3126 2394 3180 per
2411 3125 2508 3165 eos
2542 3109 2608 3162 ab
2629 3108 2722 3162 illo
2749 3089 2898 3178 gesta
2923 3123 2938 3170 ;
2970 3115 3283 3173 quanquam
3303 3098 3385 3153 eis
3409 3110 3516 3150 non

246 3198 410 3266 μένα,
437 3199 486 3252 εί
517 3201 609 3252 καὶ
639 3201 714 3271 μὴ
741 3202 802 3254 τὸ
824 3203 934 3256 πᾶν
966 3204 1148 3268 αὐτοῖς
1175 3204 1497 3272 ἀνατίθημι.
1526 3207 1648 3270 Πῶς
1671 3211 1814 3279 γάρ;

1926 3207 2110 3261 omnia
2144 3214 2369 3274 accepta
2404 3202 2606 3258 refero.
2651 3202 2754 3267 Qui
2779 3199 2966 3254 enim?
2999 3197 3193 3252 Nonne
3240 3194 3386 3248 enim
3421 3191 3522 3245 h0-

240 3292 316 3343 0)
346 3293 454 3361 γὰρ
481 3291 759 3362 δυσμενῶν
789 3289 901 3348 εἷλε
930 3295 1136 3359 πόλεις,
1167 3297 1267 3360 τὰς
1298 3299 1399 3366 μὲν
1453 3299 1821 3372 πολιορκήσας

239 3400 302 3435 τε
339 3385 435 3438 καὶ
486 3387 1010 3455 παραστησάμενος,
1059 3388 1159 3451 τὰς
1214 3388 1259 3442 δ’
1290 3391 1544 3447 αὐτοϐοεὶ
1590 3393 1670 3463 τῷ
1718 3412 1820 3448 που

241 3476 419 3547 λέμῳ,
450 3479 545 3540 τὰς
577 3478 799 3544 πλείους
829 3481 884 3534 δὲ
919 3480 1016 3534 καὶ
1056 3482 1349 3549 φθασάσας
1381 3484 1484 3552 τὴν
1517 3488 1618 3555 τῆς
1658 3504 1824 3558 στρα-

242 3570 368 3646 τιᾶς
394 3568 601 3635 ἔφοδον,
657 3572 752 3624 καὶ
797 3573 928 3640 πρὶν
971 3572 1066 3625 τοῦ
1097 3573 1310 3645 ταύτην
1355 3575 1526 3644 ἐγγὺς
1567 3579 1822 3646 γενέσθαι

246 3662 685 3731 παραδοθείσαςς
732 3652 1085 3730 Οὐδεδιότας
1133 3667 1306 3735 ἔδειξε
1337 3670 1465 3734 τοὺς
1512 3672 1826 3742 δεδιττομέ-

244 3773 406 3822 νους;
440 3757 513 3808 Ού
541 3755 720 3834 πᾴντα
749 3756 903 3810 ταῦτ’
935 3759 1111 3812 ἐποίει
1148 3762 1278 3824 τοὺς
1306 3762 1597 3832 δυσμενεῖς
1625 3764 1826 3835 θρασυ-

245 3848 507 3914 νομένους
558 3849 677 3910 ταῖς
733 3847 839 3918 πρὸ
894 3850 993 3917 τῆς
1035 3850 1202 3904 αὑτοῦ
1257 3855 1568 3922 παρουσίας
1619 3856 1823 3920 νίκαις,

245 3939 662 4009 κατεπτηχότας
706 3940 994 4008 φαίνεσθαι
1051 3944 1149 3997 καὶ
1194 3948 1826 4018 κατῃσχυμμένους,ἆτε

245 4031 314 4099 δὴ
347 4033 442 4084 τοῦ
469 4033 714 4102 Θράσους.
739 4036 946 4099 αὐτοῖς,
981 4038 1076 4089 καὶ
1107 4037 1218 4090 τῶν
1248 4037 1335 4106 ἐφ’
1371 4033 1456 4101 οἷς
1495 4039 1638 4108 μέγα
1669 4040 1830 4110 ἐφρό-

244 4143 394 4188 νουν,
424 4127 558 4195 πρὸς
587 4129 904 4182 τούναντίον
935 4131 1262 4200 τραπέντων
1289 4147 1304 4196 ;
1330 4133 1406 4186 Ού
1437 4132 1786 4206 παρῃτοῦντο
1810 4152 1825 4200 ;

249 4218 329 4270 υύ
383 4221 794 4288 προσεκύνουνς
849 4223 964 4276 υύκ
1018 4222 1345 4278 ἀπεδίδοσαν
1400 4224 1623 4280 ἅπαντα
1659 4226 1829 4296 εμετὰ

246 4313 570 4383 προσθήκης
612 4315 680 4368 τὰ
715 4315 1048 4384 ἠρπαγμένα
1079 4334 1092 4378 ;
1126 4318 1200 4370 Οὐ
1254 4318 1458 4386 φόρους
1511 4321 1831 4389 προσεδίδοο

247 4422 371 4467 σαν,
407 4405 456 4457 οἳ
501 4407 595 4458 καὶ
649 4406 783 4477 δναρ
808 4407 956 4460 τοῦτ’
1007 4408 1230 4472 ἰδόντες,
1279 4411 1582 4482 ἀπεπήδων
1616 4413 1685 4468 ἂν
1729 4416 1830 4483 τῆς

245 4496 456 4562 κλίνης,
492 4497 567 4565 τῷ
597 4500 991 4570 ἀπροσδοκήτῳ
1028 4501 1318 4570 βληθέντες
1343 4519 1358 4568 ;
1380 4503 1456 4556 Οὐ
1488 4503 1648 4558 τοῦτο
1681 4505 1831 4576 ἥδιον

1923 3303 2087 3356 stium
2106 3296 2855 3370 cepiturbcs‘laliasquidem
2895 3290 3258 3362 expugnando
3289 3304 3354 3344 ac
3393 3302 3520 3344 cum

1923 3395 2231 3452 obsedisset
2255 3411 2272 3460 ;
2297 3393 2434 3448 alias
2459 3392 2582 3461 ipso
2611 3390 2732 3445 belli
2757 3391 3020 3450 clamore,
3043 3401 3108 3441 ac
3129 3385 3307 3455 prima
3337 3382 3520 3438 statim

1925 3488 2281 3558 irruptione;
2309 3487 2492 3555 plures
2525 3497 2746 3554 quoque
2776 3498 2902 3536 cum
2924 3479 3225 3537 exercitum
3259 3475 3525 3531 invaden-

1926 3586 2034 3634 tem
2067 3585 2454 3644 occupassent,
2481 3592 2545 3630 ac
2579 3575 2812 3630 necdum
2861 3573 3088 3643 prapius
3113 3573 3356 3634 admoto,
3400 3579 3523 3621 sese

1926 3671 2284 3736 dedidissent,
2306 3670 2330 3724 ?
2359 3668 2550 3724 Nonne
2572 3669 2767 3723 solitos
2787 3675 2995 3722 terrere
3023 3667 3076 3718 in
3101 3674 3368 3718 terrorem
3393 3657 3527 3728 egit?

1927 3761 2118 3817 Nonne
2144 3763 2212 3816 iis
2243 3761 2502 3816 omnibus
2542 3759 2724 3824 flebat,
2759 3765 2818 3813 ut
2846 3759 2938 3825 qui
2972 3765 3098 3810 ante
3153 3754 3274 3822 ejus
3305 3753 3359 3806 in
3389 3765 3524 3820 pro-

1931 3851 2164 3906 vinciam
2211 3851 2528 3914 adventum,
2559 3867 2626 3904 ex
2669 3849 2952 3920 prioribus
2980 3847 3230 3900 victoriis
3282 3846 3524 3901 insolen-

1930 3944 2102 3998 tiores
2129 3943 2460 4006 evasissent,
2505 3941 2722 3995 attoniti
2768 3941 3031 4008 deinceps
3064 3936 3394 4005 confusique
3449 3940 3527 3990 vi.

1930 4035 2216 4099 derentttr,
2241 4034 2444 4104 quibus
2472 4033 2698 4088 audacia
2728 4033 2843 4096 illa,
2875 4048 2938 4088 ac
2971 4032 3178 4102 quibus
3205 4030 3528 4085 attollebant

1931 4128 2171 4190 animos,
2198 4128 2254 4182 in
2289 4127 2631 4181 contrarium
2658 4124 2965 4180 cederent?
3018 4123 3211 4178 Nonne
3261 4123 3528 4192 depreca-

1933 4218 2185 4274 bantur?
2215 4218 2410 4273 Nonne
2434 4218 2842 4272 venerabantnr
2871 4217 2896 4271 ?
2919 4217 3113 4272 Nonne
3136 4224 3289 4286 rapta
3343 4217 3528 4272 omnia

1931 4326 2058 4366 cum
2097 4311 2412 4368 accessione
2443 4310 2788 4366 reddebant?
2833 4308 3026 4364 Nonne
3065 4310 3294 4378 insuper
3323 4307 3529 4379 pende-

1935 4406 2068 4460 bant
2095 4407 2320 4471 tributa,
2384 4407 2480 4477 qui
2508 4416 2567 4459 ut
2596 4405 2651 4462 in
2683 4404 2897 4461 somnis
2934 4405 3222 4471 vidissent,
3278 4404 3535 4472 inexspe-

1933 4504 2084 4550 ctato
2110 4496 2228 4550 visu
2257 4496 2456 4559 territi,
2473 4511 2504 4552 e
2530 4504 2705 4550 strato
2733 4495 3077 4565 prosilissent
3099 4493 3122 4546 ?
3146 4493 3337 4547 Nonne
3356 4493 3535 4548 dulci-

247 4588 437 4648 αὐτοῖς
486 4589 560 4652 ὼς
616 4591 882 4645 κινδύνων
937 4594 1287 4649 ἀπαλλάττον
1338 4596 1371 4666 ἦ
1431 4596 1494 4650 τδ
1544 4598 1821 4666 εἰληφέναι

1939 4603 2004 4643 us
2033 4589 2139 4657 hoc
2169 4589 2466 4656 habebant,
2503 4604 2614 4659 quo
2639 4596 2825 4643 essent
2865 4601 2894 4640 a
2944 4585 3203 4655 periculis
3231 4585 3530 4648 immunes,

248 4679 523 4748 πρόσθεν;
552 4682 665 4735 Ούκ
695 4683 975 4737 ἐδούλευον
1010 4685 1131 4754 μεθ’
1192 4686 1394 4750 ὃπλων,
1425 4679 1508 4750 οἷς
1555 4702 1616 4755 γε
1645 4686 1830 4756 ληίζε-

247 4771 378 4826 σθαι
411 4772 510 4844 τὴν
547 4773 826 4846 ἡμετέραν
871 4777 963 4828 καὶ
1006 4777 1135 4830 ἄνευ
1167 4778 1351 4832 ὅπλων
1379 4779 1692 4850 πανήγυρίς
1741 4796 1827 4843 τις

249 4863 463 4927 ἐδόκεις
519 4866 630 4919 Καὶ
662 4867 854 4920 σιωπῶ
897 4868 996 4937 τὴν
1050 4867 1355 4940 πρίγγιπος
1406 4871 1828 4941 ύπερηφανείαν

250 4955 354 5026 τὴν
385 4955 610 5026 πολλὴν,
663 4959 847 5023 αὐτοῖς
894 4962 1009 5023 τοῖς
1069 4961 1398 5032 πράγμασιν
1451 4963 1825 5034 ὲλεγχθεῖσαν.

248 5047 328 5099 Ού
357 5049 466 5119 γὰρ
494 5044 560 5119 ἦν
611 5050 935 5120 ἀκροϐατῶν
965 5068 980 5116 ;
1015 5053 1114 5123 οὐχ
1145 5054 1287 5124 ὑπὲρ
1342 5055 1521 5124 νεφῶν
1548 5057 1716 5121 ;·Οὐκ
1750 5057 1829 5119 εἰς

247 5125 548 5211 τοῦσχατον
575 5144 777 5211 ἀφῖκτο
813 5141 1139 5207 ἀλαζονείας
1165 5146 1384 5215 ἁπάσης
1414 5163 1430 5212 ;
1480 5147 1618 5202 Ἀλλ’
1648 5150 1676 5201 ὁ
1719 5165 1832 5201 τοι-

250 5231 408 5294 οῦτος
442 5233 542 5303 μὲν
584 5237 698 5296 τοῖς
729 5235 1014 5304 λογισμοῖς
1039 5239 1135 5290 καὶ
1181 5241 1296 5302 τοῖς
1339 5238 1544 5307 λόγοις,
1584 5240 1830 5304 τοιοῦτος

250 5321 309 5375 δέ
341 5325 453 5386 τοῖς
495 5327 756 5396 σχήμασι,
797 5329 894 5382 καὶ
933 5331 1102 5382 πᾶσιν
1153 5326 1236 5394 οἷς
1276 5331 1346 5385 ἂν
1391 5333 1637 5400 φαίνοιτο
1685 5332 1831 5402 μέγα

253 5417 833 5517 φ-ξξνῶνηᾶιίθρωτξος,
890 5424 1005 5484 τοῖς
1059 5421 1248 5492 ἔργοις
1295 5423 1481 5517 ἄλλος
1535 5423 1833 5490 δέδεικται,

249 5510 376 5563 οὐδὲ
409 5511 606 5565 πολλοῦ
658 5512 754 5566 τοῦ
795 5513 1004 5583 μεταξὺ
1059 5516 1370 5582 γεγονότος.
1435 5510 1670 5585 Ὅλίγοις
1719 5521 1834 5592 γὰρ

251 5598 521 5671 ἐντυχὼν,
577 5598 652 5655 ῶν
703 5619 848 5667 τινες
903 5605 988 5674 ἐφ’
1044 5606 1326 5677 ἱππαρίων
1379 5611 1660 5680 πονηρῶν,
1707 5612 1834 5665 τότε

253 5693 490 5761 πρώτως
537 5690 693 5764 οἶμαι
747 5696 1145 5777 γυμνώσαντες
1194 5702 1289 5752 ἐπὶ
1317 5702 1446 5765 τοὺς
1487 5704 1720 5771 ἐχθροὺς
1771 5706 1835 5757 τὸ

255 5783 434 5851 ξίφος,
468 5786 496 5838 ὁ
521 5787 752 5857 θρασὺς,
805 5790 834 5840 ό
874 5789 1100 5859 γαῦρος,
1145 5795 1171 5845 ὁ
1202 5794 1392 5860 πολὺς,
1444 5797 1587 5863 μετά
1620 5797 1835 5851 πολλῶν

257 5877 470 5931 ἱππέων
498 5880 694 5946 ἐπιὼν,
730 5882 822 5935 καὶ
855 5883 1070 5948 πολλοῖς
1103 5885 1350 5949 ὁπλίταις
1391 5887 1835 5960 περικυκλούμο-

1932 4699 2094 4753 quam
2121 4685 2267 4754 quod
2292 4685 2446 4754 prius
2469 4683 2839 4752 acceperam?
2865 4680 3061 4734 Nonne
3090 4677 3405 4732 serviebant
3429 4678 3534 4731 sub

1932 4777 2124 4841 armis,
2155 4777 2360 4845 quibus
2385 4777 2565 4836 fuerat
2593 4774 2731 4830 festa
2755 4774 2873 4829 dies
2891 4781 2951 4826 ut
2970 4771 3053 4824 vel
3071 4771 3311 4824 inermes
3325 4775 3531 4823 terram

1933 4881 2178 4924 nostram
2214 4870 2557 4939 diriperent?
2601 4869 2771 4923 Porro
2815 4866 2953 4923 sileo
2982 4865 3248 4936 principis
3301 4863 3530 4917 multam

1933 4963 2266 5031 superbiam,
2289 4965 2505 5019 abunde
2555 4980 2620 5017 ex
2684 4962 2849 5016 rebus
2893 4968 3232 5026 coargntam.
3260 4956 3452 5011 Nonne
3486 4958 3533 5009 is

1933 5057 2194 5112 extremis
2216 5055 2399 5126 digitis
2424 5071 2490 5110 ac
2515 5054 2656 5108 fastu
2678 5047 3004 5108 incedebat?
3027 5048 3219 5104 Nonne
3239 5063 3405 5119 supra
3433 5064 3531 5102 nu-

1933 5149 2076 5205 bes?
2102 5149 2296 5204 Nonne
2330 5156 2680 5218 promoverat
2708 5145 2776 5199 ad
2802 5158 3074 5198 summam
3109 5141 3532 5213 arrogantiam?

1935 5244 2031 5300 llle
2053 5245 2414 5298 nihilominus
2438 5243 2518 5298 sic
2550 5241 2718 5295 animi
2749 5241 2928 5295 sensis
2954 5253 3020 5293 ac
3070 5238 3253 5294 verbis
3284 5238 3492 5292 habens
3513 5279 3527 5299 .

1937 5336 2020 5392 sic
2043 5351 2174 5403 vero
2200 5335 2407 5396 verbis,
2445 5333 2740 5388 inﬂexione
2776 5347 2840 5386 ac
2870 5333 3087 5396 habitu,
3143 5332 3529 5400 omnibusque,

1939 5427 2140 5497 quibus
2175 5427 2297 5496 quis
2357 5427 2599 5480 animum
2653 5435 2953 5480 tumentem
3005 5425 3402 5495 prodat,.alius
3465 5438 3528 5474 ex

1940 5519 2104 5573 rebus
2147 5519 2396 5588 proditus
2418 5526 2522 5580 est,
2553 5533 2659 5572 nec
2699 5519 2752 5571 id
2814 5519 2989 5572 multo
3035 5518 3296 5586 deinceps
3347 5517 3532 5584 elapso

1942 5620 2209 5680 tempore.
2243 5609 2440 5665 Paucis
2467 5609 2740 5678 siquidem
2775 5610 3000 5664 obviam
3060 5608 3262 5670 factus,
3295 5619 3529 5675 quorum

1939 5713 2057 5758 erat
2087 5705 2410 5771 equisonum
2439 5702 2619 5771 aliqua
2672 5718 2892 5766 manus,
2926 5716 2992 5755 ac
3037 5707 3225 5754 eorum
3248 5700 3339 5768 qui
3390 5711 3534 5754 nun-

1941 5812 2104 5866 quam
2140 5797 2276 5851 forte
2302 5795 2542 5865 gladium
2577 5796 2628 5849 in
2661 5797 2845 5851 hostes
2903 5794 3301 5858 strinxissent,
3354 5792 3533 5846 audax

1943 5890 2053 5957 ille,
2087 5891 2178 5946 ille
2212 5905 2495 5960 arrogans,
2531 5888 3149 5959 illejactabundus,qui
3174 5887 3342 5942 multo
3384 5887 3536 5955 equi-
