3950 6456
287 418 397 487 217

1079 418 1482 478 ΤΠΕΟΒΟΒΙ
1531 417 1892 493 ΒΕΞΡΟἮΕ
1934 418 2330 481 LAUDATIO
2358 423 2775 487 FUNEBRIS.

3462 418 3578 487 918

291 530 451 586 ταυτὶ
493 527 1000 600 συνδεδραμηκότα.
1035 532 1289 600 κατεῖχεν
1320 529 1569 599 ἀκριϐῶς
1617 532 1675 582 ὲν
1703 529 1783 599 τῷ
1819 524 1879 583 εὖ

2012 530 2119 586 iam
2179 542 2375 590 natura
2417 539 2548 607 quid
2612 537 2914 592 violentum
2957 545 3075 602 est;
3109 552 3208 591 nec
3235 543 3293 590 ut
3327 536 3451 605 quis
3476 534 3583 590 ali-

301 624 478 678 ποιείν
513 623 723 684 πάντας
763 620 1073 691 βούλεσθαι.

1993 640 2104 694 quo
2127 628 2257 680 velit
2281 629 2520 691 trahere,
2544 630 2599 684 in
2627 629 2914 686 adversam
2940 640 3147 700 partem
3178 629 3337 684 facile
3359 625 3582 683 inﬂexe-

298 722 389 777 rit.
431 720 706 776 Trahehat
760 719 850 775 illa
884 720 937 774 in
965 716 1428 790 bonumfillique
1470 718 1863 792 eius-ponderi,
1894 723 2138 779 melioris
2170 725 2392 783 habitus
2421 728 2647 783 cumulo
2728 726 3048 794 accedebat,
3102 740 3226 796 qum
3286 726 3448 780 ambo
3502 728 3582 786 sic

299 824 575 879 conserta,
626 815 681 869 in
715 817 994 885 proposito
1050 815 1370 870 demerendi
1420 830 1614 871 onmes
1641 814 1880 885 perfecte
1921 818 2203 875 tenebant.

372 911 507 981 Περὶ
540 909 597 963 δὲ
628 911 740 963 τῶν
777 911 1276 982 αὐτομολησάντων
1328 912 1407 974 είς
1448 914 1579 975 τοὺς
1623 912 1876 984 ἐχθροὺς,

297 1005 394 1058 καὶ
430 1003 570 1074 μετὰ
596 1003 707 1057 τῶν
736 1002 919 1057 λύκων
947 1005 1024 1068 ὠς
1054 1006 1233 1058 εἰπεῖν
1262 1005 1595 1073 γενομένων,
1637 1004 1733 1057 καὶ
1759 1006 1883 1059 ὲπι-

270 1095 620 1177 Δθυειιούντιιυν
652 1095 757 1165 μὲν
801 1096 1010 1150 ἐσθίειν
1040 1096 1141 1159 τὰς
1180 1097 1290 1149 τῶν
1319 1096 1613 1166 ὁμοφύλων
1645 1097 1880 1166 σάρκας,

2050 914 2194 982 Quid
2224 917 2507 974 enimvero
2568 919 2636 973 de
2666 918 2733 975 iis
2766 918 2952 973 dicere
2991 924 3224 987 spectat.
3255 916 3344 986 qui
3380 915 3445 971 ad
3480 916 3581 969 lio-

1982 1014 2146 1066 stium
2209 1021 2389 1066 castra
2443 1013 2841 1085 perfugissent.
2905 1027 2969 1067 ac
3009 1028 3132 1065 cum
3187 1011 3356 1080 lupis,
3413 1019 3473 1065 ut
3505 1020 3579 1065 tta

1984 1104 2185 1171 dicam,
2209 1118 2586 1173 versarentur,
2626 1107 2720 1177 qui
2785 1108 3008 1173 quidem
3045 1105 3331 1176 gentilium
3358 1119 3582 1159 suorum

268 1200 271 1227 ε
302 1188 593 1261 ἐσθιόντων
645 1188 704 1242 δὲ
734 1189 833 1251 τὰς
871 1190 1034 1255 ιδίας,
1066 1189 1119 1242 τί
1159 1190 1227 1244 ἄν
1275 1207 1364 1253 τις
1407 1190 1600 1257 λέγοι;
1660 1188 1890 1259 Μακρὸν

2012 1210 2191 1250 :arnes
2230 1197 2523 1251 comedere
2572 1206 2861 1267 cuperent.
2915 1212 3155 1266 suasque
3188 1196 3290 1265 ipsi
3327 1195 3585 1249 comede-

306 1281 573 1337 τάκείνων
624 1281 955 1348 διεξελθεῖν
989 1281 1089 1336 καλ⁸
1133 1280 1346 1352 βέλτιον
1391 1282 1570 1336 ταῦτα
1604 1282 1889 1351 παραδρα-

1996 1288 2152 1341 rent?
2174 1288 2452 1343 Prolixum
2484 1300 2629 1346 esset
2660 1290 2727 1344 ab
2747 1291 2827 1345 eis
2849 1297 3162 1361 perpetrata
3194 1288 3422 1349 referre,
3447 1301 3588 1356 pra:-

305 1377 431 1445 μεῖν
452 1376 600 1447 ἥπερ
624 1375 965 1431 ἐπιτίθεσθαι
992 1377 1334 1450 μελαγχολίᾳ
1356 1379 1657 1449 νοσήσασιν
1679 1377 1776 1430 ἀνθ
1788 1376 1892 1446 ρῶ-

2012 1390 2216 1451 ςιειιιιιο
2269 1381 2546 1448 omittere,
2575 1396 2742 1451 quam
2797 1382 2877 1438 sic
2923 1391 3042 1436 atra
3080 1380 3588 1435 bilelaborantibns

303 1466 456 1531 ποις;
491 1465 671 1529 Ὀλως
710 1467 789 1530 δὲ,
819 1467 979 1537 είπερ
1008 1464 1071 1520 οὐ
1113 1468 1283 1522 καλὸν
1324 1464 1393 1539 ἦν
1422 1468 1660 1527 ἐκείνοις
1693 1466 1762 1520 τὰ
1788 1464 1891 1519 κά-

305 1575 470 1612 κιστα
498 1558 844 1629 δεδρακέναι,
894 1560 1018 1614 οὐδὲ
1051 1560 1179 1628 ἐμοὶ
1218 1560 1397 1631 δήπου
1432 1559 1701 1630 φέρεσθαι
1749 1560 1894 1614 κατὰ

302 1651 414 1705 τῶν
442 1650 772 1720 ἀνθρώπων.
821 1651 963 1722 Ἐρῶ
1006 1651 1089 1718 δὲ,
1122 1653 1178 1705 τί
1205 1652 1267 1704 τδ
1296 1655 1494 1705 πεῖσαν
1529 1638 1730 1714 αὐτοὺς
1763 1650 1892 1704 καθ’

303 1745 468 1815 ήμῶν
499 1743 892 1813 θρασύνεσθαι,
942 1745 1113 1816 μηδὲν
1144 1746 1403 1815 ἐγκαλεῖν
1443 1744 1672 1814 ἔχοντας
1698 1783 1715 1808 ,
1763 1742 1797 1813 ἢ
1832 1741 1895 1796 τὸ

308 1838 388 1908 μὴ
416 1836 598 1890 θέλειν
626 1834 894 1907 ἄρχεσθαι
927 1838 1018 1904 ὐφ’
1049 1832 1111 1891 οὗ
1143 1854 1208 1907 γε
1235 1836 1451 1891 δίκαιον
1483 1831 1576 1908 ἦν.

384 2027 533 2080 Ἵστε
581 2041 687 2078 που
733 2023 1086 2093 τδνᾜέρσην
1139 2026 1372 2089 ἐκεῖνον,
1404 2024 1499 2078 τὸν
1547 2025 1894 2096 Παγιαζίτην

308 2121 473 2187 λέγω,
505 2118 600 2172 τὸν
640 2118 836 2182 Ἀσίας
867 2117 1131 2189 ἄρχοντα,
1164 2119 1257 2175 τὸν
1284 2119 1558 2190 Εὐρώπης
1593 2121 1807 2189 κύριον,
1836 2122 1896 2186 ὃς

316 2211 587 2282 ἀφόρητός
607 2228 696 2275 τις
715 2210 814 2277 ὣν,
841 2211 965 2264 οὐδὲ
995 2212 1234 2281 φορητὸν
1261 2213 1473 2282 ἡγεῖτο,
1507 2212 1747 2283 ἄρχοντά
1771 2230 1896 2267 τινα

324 2303 643 2375 Χριστιανὶν
686 2302 1077 2373 ὀνομάζεσθαι.
1120 2302 1296 2366 Οὗτος
1330 2301 1401 2376 ἦν
1444 2305 1477 2375 ἡ
1518 2303 1727 2357 τούτων
1761 2304 1898 2375 θρα·

326 2398 480 2466 σύτης
501 2412 518 2429 ⁸
551 2397 749 2451 τούτου
774 2399 842 2469 τῇ
872 2396 1099 2465 δυνάμει
1128 2396 1485 2468 θαρροῦντες,
1521 2398 1620 2453 καὶ
1662 2399 1800 2470 πρός
1832 2414 1899 2467 γε

313 2486 395 2544 [tt
421 2492 489 2559 τῇ
519 2488 823 2562 δυσμενείᾳ
859 2490 972 2542 τῶν
1017 2489 1412 2556 γειτονούντων
1443 2494 1579 2563 ἡμῖν
1624 2493 1896 2561 Λατίνων,

314 2585 428 2654 τοῖς
477 2569 601 2638 καθ’
638 2582 798 2652 ἡμῶν
840 2585 1174 2655 ’ἐπεχείρουν
1200 2599 1219 2615 '
1250 2584 1388 2638 ἀλλὰ
1427 2585 1536 2656 μὴν
1588 2588 1688 2641 καὶ
1736 2580 1896 2651 οὗτος

315 2674 480 2737 αὐτὸς
528 2676 555 2727 ὁ
598 2675 1046 2743 ,δυσμενέστατος
1101 2677 1228 2750 θὴρ,
1263 2678 1626 2751 ἀμφοτέροις’
1653 2679 1896 2751 θαρρῶν,

316 2767 431 2829 τοῖς
462 2766 624 2836 ἡμῶν
667 2767 895 2821 ἐπέθετο
926 2767 1221 2838 πράγμασι
1243 2784 1259 2802 ο
1291 2770 1387 2824 καὶ
1419 2768 1639 2842 θατέρῳ
1669 2771 1903 2841 θάτερον

322 2857 488 2928 μέρος
517 2857 611 2911 καὶ
650 2859 911 2929 ἠκονᾶτο,
941 2862 1039 2914 καὶ
1067 2861 1423 2933 παρωξύνετο
1467 2865 1609 2917 κατὰ
1624 2864 1763 2927 τούς
1791 2862 1904 2917 τῶν

317 2951 522 3021 χοίρων
551 2951 794 3015 ὀδόντας.

390 3036 520 3095 Εἶεν
536 3043 550 3057 ⁸
574 3041 835 3112 βούλομαι
853 3043 910 3097 δὲ
932 3042 1166 3098 καθόλου
1190 3046 1349 3115 λόγον
1370 3047 1565 3112 εἰπεῖν,
1632 3048 1724 3103 τὸν
1754 3049 1905 3105 δεῖνα

321 3134 420 3190 καὶ
439 3133 531 3188 τὸν
556 3134 709 3189 δεῖνα
736 3135 1116 3208 παραδραμών
1136 3152 1152 3170 ο
1187 3139 1332 3209 φημι
1365 3137 1450 3209 δὴ,
1490 3139 1620 3204 τοὺς
1669 3142 1908 3211 αὐτομο-

216 3304 221 3307 _
321 3226 552 3290 λοῦντας
599 3227 965 3298 Χριστιανοὺς
1008 3232 1255 3285 τουτοισὶ
1278 3233 1399 3295 τοῖς
1431 3232 1559 3286 καθ’
1589 3233 1748 3303 ἡμῶν
1772 3233 1906 3288 ἀσε-

323 3320 445 3373 ϐέσι
478 3292 797 3389 περιφανῶς
859 3323 1151 3391 μαίνεσθαι
1175 3339 1191 3355 ·
1225 3292 1430 3394 μᾶλλον
1479 3325 1538 3379 δὲ
1588 3292 1683 3381 καὶ
1730 3327 1905 3399 χείρω
1931 3292 1979 3358 c

327 3415 501 3469 ποιεῖν
530 3412 640 3467 τῶν
684 3403 1080 3486 βεϐλαμμένων
1123 3415 1226 3480 τὰς
1257 3417 1487 3487 φρένας.
1535 3408 1909 3491 Ἐκεῖνοιμὲν

326 3507 458 3580 γὰρ,
485 3509 581 3561 ἐὰν
608 3507 703 3562 καὶ
733 3506 884 3578 ξίφος
924 3507 1112 3564 ὣσωσι
1141 3510 1268 3565 καθ’
1293 3512 1498 3578 αὐτῶν,
1531 3510 1659 3566 οὔτε
1687 3513 1787 3579 τὰς
1811 3515 1910 3567 αὐ-

325 3602 437 3655 τῶν
465 3599 644 3673 ψυχὰς
671 3601 937 3671 ἔϐλαψαν,
963 3603 1058 3661 καὶ
1088 3603 1284 3674 μίσους
1309 3605 1410 3675 μὲν
1430 3605 1704 3676 οὐδαμῶς,
1723 3607 1911 3672 ἐλέους

328 3694 386 3748 δὲ
410 3696 560 3764 παρὰ
589 3695 700 3748 τῶν
726 3693 985 3764 ὁρώντων
1011 3694 1234 3768 τύχοιεν
1259 3697 1328 3753 ἄν
1350 3712 1366 3728 ⁶
1396 3697 1626 3763 τούτους
1653 3699 1712 3753 δὲ
1738 3700 1911 3770 πολλὴ

328 3789 544 3860 ἀνάγκη
591 3789 747 3860 μῖσος
793 3788 940 3858 ἔχειν
989 3789 1047 3845 ὲν
1094 3789 1494 3862 σωφρονοῦσιν,
1543 3792 1782 3848 ἐθελοντὶ
1810 3794 1912 3857 τὰς

327 3882 538 3936 ἑαυτῶν
557 3880 883 3950 μολύνοντας
899 3882 1081 3954 ψυχὰς
1108 3883 1200 3937 διὰ
1228 3883 1422 3941 πασῶν
1442 3884 1552 3938 τῶν
1579 3886 1905 3957 αἰσθήσεων.

340 3975 701 4047 Ἐπιθυμοῦσι
724 3976 837 4049 γάρ
863 3977 1064 4048 εὑρεῖν,
1097 3972 1171 4033 ὧν
1200 3977 1344 4049 ἕνεχ’
1371 3972 1508 4050 ἦκον
1530 3978 1592 4032 τὸ
1623 3978 1907 4050 καταρχὰς

331 4074 410 4132 εἰς
446 4068 573 4132 τοὺς
621 4072 721 4138 τῆς
756 4070 995 4133 πίστεως
1045 4069 1316 4141 ἐχθρούς·
1350 4070 1582 4124 πλοῦτόν
1627 4088 1687 4125 τε
1741 4070 1908 4140 λέγω,

331 4164 427 4217 καὶ
452 4160 756 4229 δόξαν,⁸και
791 4163 891 4218 ὅσα
916 4181 982 4233 γε
1030 4163 1111 4235 τῷ
1160 4165 1287 4235 τῇδε
1317 4164 1421 4236 βίῳ
1468 4164 1714 4236 τερπνάο
1762 4165 1911 4234 ἀμή-

330 4273 490 4328 χανον
535 4255 594 4311 δὲ
642 4254 852 4310 τούτων
906 4259 1163 4328 τυχεῖν,’
1197 4258 1274 4328 μὴ
1331 4258 1485 4330 ἡδεῖς
1540 4260 1910 4331 φαινομένους

328 4349 578 4415 ἐκείνοις,
615 4351 752 4419 πρὸς
774 4347 866 4413 οὖς
891 4367 955 4419 γε
989 4352 1381 4423 ηὐτομόλησαν
1401 4368 1416 4384 ·
1447 4352 1594 4423 ἡδεῖς
1613 4351 1670 4406 δὲ
1698 4353 1910 4418 τούτοις

329 4441 616 4509 φαίνεσθαι
662 4443 724 4495 οὐ
772 4442 880 4496 τῶν
910 4443 1285 4514 ἐνδεχομένων
1335 4444 1474 4509 ἐστὶ,
1525 4445 1600 4516 μὴ
1638 4428 1911 4516 πρότερον

332 4539 544 4591 ἅπαντα
564 4535 1093 4607 διαπραττομένους,
1122 4529 1204 4599 οἷς
1220 4537 1423 4588 ἐκεῖνοι
1447 4536 1541 4606 χαί
1550 4551 1728 4607 ρουσι”
1752 4535 1913 4589 τοῦτο

1998 1472 2540 1531 insultare.Prorsu3
2562 1488 2692 1530 vero
2725 1481 2785 1530 ιιι
2811 1489 2987 1544 neque
3020 1474 3099 1528 illi
3129 1489 3311 1544 operae
3346 1473 3583 1542 pretium

2003 1566 2276 1621 habebant
2301 1566 2540 1636 pessima
2578 1576 2823 1638 patrare,
2864 1569 2946 1623 sic
2988 1583 3086 1624 nec
3117 1583 3217 1636 ego
3264 1567 3494 1643 habeam
3529 1572 3589 1619 ut

2002 1661 2058 1715 in
2092 1662 2217 1717 illos
2239 1661 2411 1718 ferar.
2472 1661 2660 1718 Dicam
2714 1677 2869 1728 vero,
2927 1662 3077 1717 unde
3125 1661 3218 1716 ille
3264 1660 3346 1713 eis
3370 1659 3589 1713 animus

2004 1753 2322 1817 coaluisset,
2372 1750 2549 1818 utin
2598 1769 2702 1810 nos
2749 1755 2827 1808 ita
2876 1754 3300 1817 insolescerent,
3337 1752 3428 1822 qui
3454 1750 3591 1804 nihil

2007 1846 2413 1902 criminandum
2468 1847 2760 1912 baberent,
2820 1862 2984 1917 quam
3026 1845 3173 1916 quod
3210 1843 3424 1898 nollent
3469 1843 3591 1913 eius

1915 1935 1957 1990 Β
1986 1940 2145 1995 subdi
2173 1940 2424 2011 imperio,
2459 1942 2547 1996 cui
2582 1941 2602 2012 j
2615 1957 2714 1997 ure
2740 1940 2941 1995 subditi
2968 1947 3175 1995 essent.

2077 2031 2241 2088 Scitis
2264 2032 2422 2101 plane
2449 2033 2671 2087 Persam
2706 2032 2859 2087 illum
2881 2073 2894 2095 ,
2934 2031 3243 2096 Bajazetem
3274 2027 3427 2091 dico,
3449 2024 3594 2081 Asize

2003 2123 2388 2190 imperantem,
2451 2139 2517 2177 ac
2555 2123 2790 2193 Europae.
2843 2123 3127 2177 dominmn
3158 2161 3172 2184 ,
3228 2118 3498 2189 utgravis
3528 2133 3595 2172 ac

2003 2215 2369 2272 intolerabilis
2392 2217 2685 2282 exsistens,
2704 2230 2774 2271 ne
2801 2215 3085 2270 ferendum
3108 2210 3333 2281 quidem
3361 2210 3412 2263 in
3436 2209 3597 2265 Chri-

2005 2309 2199 2365 stianis
2265 2310 2526 2379 principis
2570 2324 2768 2364 nomen
2812 2315 3055 2378 putaret.
3092 2304 3191 2361 llic
3215 2304 3324 2360 illis
3355 2303 3593 2359 addebat

2006 2400 2241 2456 animos.
2277 2401 2411 2469 Ejus
2439 2399 2559 2456 freti
2597 2399 2978 2472 potentia.nec
3006 2412 3118 2453 non
3145 2396 3455 2451 vicinorum
3490 2410 3595 2448 no-

2006 2492 2094 2547 bis
2120 2492 2442 2548 Latinorum
2477 2495 2664 2549 hostili
2700 2493 2921 2548 feritate
2945 2534 2960 2556 ,
2997 2492 3201 2547 nostris
3229 2491 3596 2544 imminebant

2010 2586 2174 2641 rebus
2208 2604 2223 2642 :
2258 2587 2351 2642 sed
2391 2597 2446 2642 et
2476 2585 2752 2642 ferissima
2789 2586 2966 2641 bellua
2994 2585 3247 2654 utrisque
3308 2583 3505 2646 fidens,
3537 2581 3593 2635 in

2011 2695 2117 2735 nos
2153 2680 2487 2746 inradebat;
2546 2681 2831 2750 ambaeque
2860 2689 3069 2751 partes,
3101 2685 3310 2748 partem
3341 2675 3595 2741 alteram,

2014 2770 2354 2840 ringentium
2388 2786 2679 2842 porcorum
2714 2785 2889 2836 more,
2923 2769 3164 2825 vicissim
3226 2767 3503 2823 acuebant
3532 2779 3597 2820 ac

2013 2862 2329 2918 irritabanl.

2084 3046 2179 3104 Sic
2209 3061 2338 3103 vero
2379 3046 2545 3102 habet
2573 3046 2769 3116 (porro
2825 3047 2975 3102 lubet
3027 3045 3281 3100 universe
3308 3043 3514 3108 dicere,
3540 3052 3600 3100 ιιι

2012 3149 2335 3211 prateream
2359 3137 2665 3209 singulos);
2701 3137 2894 3205 habet,
2925 3137 3175 3206 inquam,
3203 3142 3261 3191 ut
3293 3133 3598 3190 Christiani

2015 3235 2071 3289 in
2104 3232 2408 3288 infidelium
2452 3230 2613 3285 nobis
2645 3230 2882 3284 hostium
2914 3229 3114 3284 castris
3147 3225 3390 3297 perfugae
3433 3221 3601 3295 liqui-

2011 3327 2083 3383 do
2115 3326 2296 3403 insani
2331 3324 2463 3389 sint,
2500 3332 2664 3390 atque
2702 3322 2843 3378 adeo
2871 3318 2942 3377 iis
2965 3322 3242 3377 deteriora
3298 3327 3484 3391 agant,
3504 3318 3600 3389 qui

2012 3419 2144 3474 laeso
2172 3417 2404 3474 cerebro
2467 3424 2599 3472 sunt
2637 3416 2840 3471 insani.
2887 3414 2967 3469 llli
3000 3414 3241 3484 ειιιιίιιρθ,
3284 3412 3372 3468 vel
3405 3413 3450 3468 si
3484 3411 3601 3481 gla-

2012 3514 2165 3568 dium
2197 3511 2253 3566 in
2281 3525 2342 3566 se
2371 3510 2616 3580 adigant,
2649 3508 2792 3564 nihil
2838 3517 3021 3564 tamen
3062 3506 3304 3562 laeserint
3347 3503 3598 3560 animas:

2012 3605 2329 3675 nullumque
2350 3605 2475 3659 inde
2501 3603 2832 3660 contrahant
2866 3603 3082 3668 odium,
3107 3600 3203 3655 sed
3236 3599 3467 3653 multam
3500 3612 3603 3667 po-

2014 3699 2122 3754 tius
2180 3699 2594 3754 miserationcm
2649 3696 2964 3752 videntibus
3016 3694 3261 3749 faciant:
3294 3706 3422 3748 cum
3459 3691 3594 3746 illos

2012 3791 2241 3847 omnino
2316 3805 2541 3846 necesse
2603 3790 2676 3845 sit
2734 3789 2875 3858 apud
2935 3787 3152 3843 sobrios
3189 3799 3442 3856 quosque
3493 3783 3599 3839 sibi

2013 3884 2200 3940 odium
2228 3884 2489 3948 conflare,
2525 3883 2618 3954 qui
2645 3891 2845 3953 sponte
2901 3898 3002 3953 per
3027 3896 3221 3937 sensus
3259 3893 3453 3935 omnes
3485 3877 3603 3932 ani-

2014 3991 2135 4031 mas
2173 3991 2304 4031 suas
2335 3974 2607 4045 polluant.
2642 3973 2717 4027 Ea
2758 3975 2905 4027 enim
2935 3972 3135 4042 oppido
3171 3972 3409 4043 cupiunt
3437 3970 3595 4024 inve-

2013 4071 2155 4136 nire,
2183 4084 2417 4142 quorum
2452 4083 2621 4125 causa
2651 4083 2681 4122 a
2714 4067 2993 4140 principio
3026 4065 3093 4120 ad
3126 4065 3252 4120 fidei
3286 4066 3473 4119 hostes
3507 4063 3603 4117 de-

2013 4164 2236 4231 fecere;
2271 4176 2467 4231 nempe
2515 4159 2760 4226 divitias,
2798 4168 2850 4215 et
2877 4159 3135 4230 gloriam,
3169 4172 3231 4212 ac
3258 4157 3304 4212 si
3333 4170 3440 4225 qua
3471 4163 3603 4210 sunt

2014 4257 2359 4313 delectabilia
2396 4256 2563 4328 hujus
2601 4255 2729 4309 vitae
2763 4274 2776 4310 :
2811 4253 2927 4309 fieri
2959 4262 3142 4306 autem
3170 4265 3275 4304 non
3303 4253 3505 4319 potest,
3542 4255 3602 4300 ut

2016 4353 2131 4407 haac
2209 4351 2278 4405 ab
2337 4350 2445 4405 illis
2491 4358 2931 4419 consequantur,
2989 4348 3094 4403 nisi
3151 4362 3211 4403 se
3263 4346 3333 4401 iis
3416 4351 3605 4415 gratos

2014 4459 2348 4513 componere
2418 4444 2704 4508 studeant,
2766 4442 2873 4499 nisi
2909 4442 3374 4513 praestentomnia
3398 4440 3603 4511 quibus

2014 4536 2092 4597 illi
2148 4534 2414 4605 gaudent;
2485 4535 2538 4588 id
2586 4518 2768 4590 autem
2842 4534 2991 4589 haud
3049 4534 3281 4588 omnino
3328 4531 3474 4585 aliud
3507 4530 3601 4589 sit.

328 4627 385 4679 δέ
425 4629 540 4679 ἐστι
573 4628 790 4715 πάντως
837 4627 1193 4701 βαρϐαρικῶς
1224 4645 1283 4681 τε
1329 4627 1455 4699 ζῇν,
1487 4630 1585 4683 καὶ
1629 4629 1903 4701 ἀθεμίτοις

2019 4643 2185 4697 quam
2221 4643 2377 4683 more
2416 4628 2634 4683 barbari
2684 4629 2890 4690 vivere,
2956 4642 3021 4682 ac
3052 4635 3249 4696 sponte
3282 4640 3343 4679 se
3372 4623 3602 4679 nefariis

329 4718 594 4786 πράξεσιν
626 4720 807 4774 ἑκοντὶ
857 4721 957 4784 τὰς
1003 4720 1218 4775 ἑαυτῶν
1268 4720 1525 4789 μολύνειν
1573 4722 1776 4793 ψυχάς.
1809 4721 1903 4789 ιΤὰ

2019 4721 2336 4778 actionibus
2393 4720 2801 4777 contaminare.
2835 4718 2968 4784 Quae
3000 4733 3134 4789 ergo
3163 4716 3270 4771 illis
3318 4714 3598 4779 accidunt,

326 4809 536 4875 τούτοις
558 4811 670 4880 ἄρα
692 4812 1060 4881 συμϐαίνοντα
1088 4816 1158 4869 τὰ
1206 4816 1322 4879 τοῖς
1355 4817 1708 4887 μαινομένοις
1733 4817 1909 4890 ὑπερ-

326 4905 616 4972 ηκόντισε·
670 4908 765 4961 καὶ
836 4906 1037 4977 μίσους
1076 4910 1179 4978 μὶν
1230 4909 1315 4963 ὅτι
1364 4908 1589 4975 πολλοῦ,
1636 4909 1826 4973 ἐλέους
1855 4909 1914 4964 δὲ

327 4997 538 5059 οὐδενὸς
567 4996 708 5076 άξιοι
759 5000 893 5053 πᾶσι
924 5002 1310 5072 κριθήσονται,
1342 5001 1421 5073 τῷ
1455 5020 1517 5056 τε
1558 5001 1755 5075 γνώμῃ
1796 5003 1913 5066 τοῖς

330 5090 521 5150 κακοῖς
565 5091 791 5153 ἑαυτοὺς
853 5093 1147 5157 ἐκδιδόναι,
1199 5093 1281 5166 τῷ
1329 5112 1392 5148 τε
1423 5097 1525 5168 τὴν
1570 5095 1755 5168 ψυχὴν
1788 5094 1912 5149 ἀντὶ

333 5180 426 5261 τοῦ
458 5183 706 5253 σώματος
732 5184 1024 5254 βλάπτειν·
1055 5187 1118 5240 τὸ
1143 5188 1201 5242 δὲ
1238 5189 1460 5243 πάντων
1487 5189 1911 5261 σχετλιώτατον,

328 5241 415 5353 bis
462 5241 651 5345 τὸμὲν
692 5241 791 5340 τάς
826 5278 1006 5349 ψυχὰς
1052 5279 1386 5350 προδιδόναι,
1437 5241 1913 5353 καὶκτὴνψαύτῶν

329 5345 497 5537 tum
524 5345 875 5441 καθυϐρίσαι,
904 5345 1000 5427 καὶ
1027 5345 1137 5428 πάν
1163 5375 1227 5429 τδ
1258 5345 1442 5445 γένος,
1471 5345 1870 5444 πᾶσκάνάγκη
1891 5389 1908 5406 ⁸

348 5459 452 5509 ’νθ’
481 5452 554 5514 ὧν
585 5461 642 5514 δὲ
668 5462 842 5517 ταῦτα
870 5465 1140 5536 πράττειν
1181 5468 1546 5537 προάγονται,
1594 5466 1629 5535 ἦ
1657 5466 1781 5521 οὐδὲ
1810 5466 1908 5537 τὴν

348 5459 452 5511 ὶνθ’
481 5452 554 5514 ὧν
585 5461 642 5514 δὲ
668 5462 842 5517 ταῦτα
870 5465 1140 5536 πράττειν
1181 5468 1546 5539 προάγονται,
1594 5466 1629 5535 ἦ
1657 5466 1781 5521 οὐδὲ
1810 5466 1914 5538 τὴν

336 5549 555 5624 πρώτην
586 5554 769 5619 αὐτοῖς
793 5559 1214 5627 παραγίγνεται,
1248 5559 1280 5631 ἢ
1309 5559 1412 5614 οὐκ
1450 5560 1543 5612 ἐπὶ
1578 5557 1776 5631 μακρῷ
1806 5574 1910 5611 πα-

340 5643 580 5712 ραμένσι,
608 5648 811 5701 ὁπόταν
856 5652 953 5706 καὶ
991 5652 1395 5723 παραγένηται.
1432 5653 1599 5707 Ὅθεν
1630 5654 1725 5707 καὶ
1752 5651 1912 5722 δίκην

338 5736 684 5806 πομφόλυγος
733 5739 899 5805 ὀξέως
953 5742 1096 5812 ἄγαν
1132 5743 1616 5815 ὐπερφυσὼμενοι,
1655 5743 1805 5812 λέγω
1851 5742 1911 5796 δὲ

338 5827 462 5891 τούς
488 5845 552 5899 γε
580 5829 870 5898 δοκοῦντας
913 5836 1067 5907 παρὰ
1105 5839 1219 5902 τοῖς
1254 5837 1479 5893 ἀσεϐέσι
1518 5839 1705 5910 χώραν
1741 5839 1909 5909 εὑρη-

341 5919 488 5977 κέναι
542 5924 853 6016 καλλίστην,
910 5929 1082 5997 ὀξέως
1129 5932 1274 6001 ἄγαν
1316 5932 1412 5987 καὶ
1453 5931 1906 6005 διαῤῥὴγνυνται,

2015 4815 2177 4886 longe
2211 4815 2281 4870 lis
2319 4823 2448 4871 sunt
2489 4814 2787 4879 deteriora,
2817 4827 2940 4882 qua:
2974 4811 3227 4875 furiosis,
3267 4824 3602 4879 summoque

2013 4909 2271 4964 omnibus
2292 4909 2439 4973 odio,
2465 4908 2610 4963 nulla
2638 4915 2821 4962 autem
2852 4904 3204 4961 miseratione
3222 4900 3598 4972 prosequendi

2013 5001 2322 5063 vidcantur.
2353 5011 2467 5057 tum
2494 5004 2623 5073 quia
2652 5015 2751 5055 sua
2783 5014 2844 5055 se
2877 4998 3159 5053 voluntate
3181 4993 3343 5055 malis
3372 4992 3598 5060 dedant,
3656 5041 3675 5078 ἲ

2012 5103 2132 5148 tum
2174 5094 2300 5164 quia
2347 5093 2594 5163 corporis
2632 5094 2761 5146 loco
2791 5092 2994 5145 laedant
3043 5090 3324 5143 animam:
3359 5102 3424 5141 ac
3453 5086 3601 5157 quod

2013 5188 2269 5242 omnibus
2310 5185 2840 5241 miserabilissimum
2892 5182 3165 5247 videatur,
3202 5182 3349 5252 quod
3371 5180 3601 5235 omnino

2014 5295 2300 5337 necessum
2327 5279 2560 5334 habeant
2582 5287 2641 5332 ut
2660 5277 2890 5346 perdant
2906 5277 3127 5346 quidem
3152 5276 3388 5338 animas,
3410 5289 3598 5328 suum-

2014 5391 2122 5446 que
2156 5376 2397 5445 ipsornin
2448 5375 2738 5437 honorem,
2773 5386 2838 5427 ac
2883 5385 3057 5442 genus
3124 5369 3442 5426 universum
3473 5382 3603 5438 pro-

2014 5471 2116 5526 bro
2142 5467 2398 5523 alliciant.
2424 5466 2725 5532 Caeterum,
2748 5481 2880 5536 quae
2906 5464 2973 5521 ad
3002 5465 3119 5521 haec
3137 5464 3383 5535 impellat
3408 5478 3597 5528 causa,

2016 5563 2167 5615 vela
2222 5559 2496 5629 principio
2548 5559 2697 5613 nulla
2756 5542 3012 5625 exsistat,
3063 5557 3148 5613 vel
3189 5566 3251 5612 ut
3301 5557 3600 5626 aliquando

2015 5651 2310 5716 exstiterit,
2335 5651 2481 5706 haud
2531 5650 2831 5708 admodum
2873 5652 3273 5709 sit-duratura.
3314 5647 3601 5715 Quamob-

2012 5760 2128 5800 rem
2195 5743 2360 5798 etiam
2406 5743 2475 5797 ad
2524 5742 2700 5798 instar
2738 5744 2897 5799 bullae
2930 5743 3040 5799 cito
3072 5740 3243 5797 inﬂati
3285 5753 3351 5794 ac
3382 5748 3599 5793 tumen-

2015 5845 2134 5902 tes;
2162 5833 2279 5902 qui,
2310 5831 2537 5903 inquam
2558 5873 2574 5899 ,
2605 5833 2787 5891 locum
2819 5834 3096 5905 optimum
3129 5844 3195 5886 ac
3216 5828 3417 5885 fortem
3448 5829 3591 5896 apud

2013 5926 2261 5985 infideles
2286 5925 2432 5983 nacti
2460 5924 2754 6000 videntur;
2782 5927 2892 5983 cito
2922 5922 3339 5995 dirumpuntur,
3370 5920 3590 5979 inanes-
