3950 6486
351 417 462 482 (Ξίθ

1522 423 1574 482 Μ
1589 427 1629 480 Α
1646 423 1686 480 -.\‘
1705 420 1753 481 U
1768 382 1940 480 EL‘ts
1981 419 2428 481 PALIEOLOGI

3560 383 3734 482 220'

351 551 491 600 que.
528 532 639 587 illis
680 531 848 586 animi
877 547 941 588 ac
973 531 1139 589 ﬂatus
1168 533 1224 588 in
1280 534 1512 588 nihilum
1550 534 1772 591 cedunt.
1811 532 1939 587 Jure

2050 533 2134 586 καὶ
2162 533 2242 596 είς
2273 533 2427 587 οὐδὲν
2467 533 2650 597 αὐτοῖς
2672 534 2898 605 τελευτᾷ
2927 534 2987 587 τὸ
3015 533 3170 587 κενὸν
3212 534 3531 604 φρόνημα.
3567 537 3664 588 Εὐ·

353 627 405 679 id
440 626 682 696 quidem.
716 623 786 681 Ut
836 626 982 680 enim
1015 641 1207 680 eorum
1244 625 1466 696 segnius
1492 625 1805 680 voluntates
1842 639 1930 680 se-

349 726 612 785 quantur,
649 719 1021 783 suspectiores
1060 716 1263 781 eﬂ‘ecti,
1319 732 1446 771 mox
1479 726 1926 780 contemnuntur,

352 819 615 877 tauquam
635 825 822 863 eorum
842 809 1040 863 studiis
1066 810 1244 863 minus
1273 794 1578 878 congruant
1604 827 1619 863 :
1645 823 1709 863 ac
1723 818 1931 877 quanto

354 912 511 970 putas
542 902 1134 970 habrnturdespicatni
1163 902 1185 955 ?
1221 901 1315 955 Sin
1338 911 1522 957 autem
1550 901 1738 958 faciles
1773 917 1927 958 acce-

353 999 503 1056 dant,
532 996 598 1048 iis
622 1011 743 1061 ιιυιθ
776 996 889 1047 visa
923 995 1032 1047 sint
1079 993 1356 1058 Barlmris,
1420 996 1587 1049 velint
1625 996 1703 1050 illi
1736 1010 1930 1052 eorum

352 1087 568 1155 legibus
600 1103 662 1140 ac
685 1088 929 1141 moribus
970 1089 1069 1149 uti,
1114 1097 1281 1159 utqtte
1321 1090 1441 1143 dira
1467 1088 1807 1144 immanitate
1836 1106 1930 1161 ge-

354 1194 458 1233 nus
497 1180 723 1246 perdere
763 1189 1055 1245 satagant;
1097 1183 1197 1234 hac
1227 1198 1448 1251 qunque
1510 1198 1617 1236 non
1653 1184 1930 1239 immerito

350 1269 537 1322 odium
593 1270 855 1332 referunt,
911 1282 1130 1341 prolitcr
1190 1274 1340 1327 illam
1385 1274 1438 1328 in
1474 1290 1647 1346 genus
1686 1292 1751 1331 ac
1799 1292 1932 1332 suos

354 1364 728 1418 rruclclitatcm
755 1380 769 1419 :
802 1382 901 1419 nec
947 1376 1172 1435 propter
1197 1377 1440 1423 mutatos
1463 1384 1669 1433 mores,
1693 1385 1756 1424 ac
1784 1372 1931 1439 quod

353 1452 418 1505 ad
468 1453 780 1506 institutum
817 1452 963 1507 aliud
1016 1455 1457 1524 commigrariut,
1495 1457 1717 1512 laudem
1755 1459 1823 1512 ab
1852 1459 1933 1513 eis

356 1543 575 1604 habent.
649 1554 908 1614 tanquam
967 1545 1073 1599 visi
1122 1547 1313 1602 faciles
1370 1548 1435 1603 ad
1469 1565 1589 1617 qum
1621 1551 1747 1616 quis
1779 1552 1928 1606 velit.

352 1640 717 1705 Quamobrem
768 1641 933 1696 etiam
994 1656 1098 1695 non
1122 1641 1205 1696 eis
1241 1643 1501 1720 credunt,
1540 1654 1598 1700 ut
1626 1647 1737 1700 sint
1762 1646 1815 1700 in
1849 1661 1934 1700 se-

352 1732 548 1787 cundis
575 1734 1003 1803 perseveraturi.
1037 1735 1169 1791 Jure
1217 1738 1491 1807 equidem.
1528 1738 1631 1804 Qui
1667 1738 1813 1793 enim
1854 1735 1939 1792 fa—

352 1827 460 1880 cile
487 1827 624 1881 adeo
661 1844 839 1883 mores
894 1832 1242 1887 conculcavit
1273 1834 1476 1899 quibus
1531 1831 1930 1900 consuevisset,

352 1934 461 1984 qua
521 1921 592 1974 sit
649 1921 860 1977 ratione
919 1933 1178 1980 accurate
1218 1936 1562 1989 servaturus,
1592 1941 1731 1995 quos
1761 1940 1932 1996 nuper

353 2010 636 2076 amplexus
659 2013 785 2068 est?
817 2011 946 2068 item
977 2015 1071 2084 qui
1097 2015 1269 2069 malus
1290 2024 1375 2070 est
1403 2017 1456 2068 in
1480 2031 1653 2084 genus
1685 2028 1749 2069 ac
1777 2028 1931 2078 suos,

355 2099 543 2170 utique
571 2109 625 2154 et
658 2103 709 2156 in
742 2108 1006 2172 scipsum.
1041 2102 1174 2156 Nam
1211 2120 1337 2174 pars
1365 2106 1683 2160 continetur
1707 2105 1760 2159 in
1794 2112 1932 2160 toto.

354 2196 420 2248 At
445 2195 536 2263 qui
565 2196 742 2250 malus
774 2205 862 2250 est
897 2198 949 2248 in
982 2197 1320 2267 seipsum,in
1363 2212 1526 2266 quem
1557 2196 1724 2251 alium
1766 2195 1938 2264 possit

357 2288 533 2342 bonus
567 2288 721 2343 esse?
776 2288 918 2354 Quin
969 2289 1079 2342 imo
1112 2298 1173 2343 ut
1201 2290 1519 2358 diligentius
1565 2290 1936 2353 attendamus,

355 2382 443 2437 hic
478 2381 601 2436 talis
654 2397 767 2436 suae
822 2382 994 2453 ipsius
1031 2383 1385 2438 conscientia;
1441 2383 1661 2436 odihilis
1696 2382 1934 2452 estzqui

354 2489 486 2528 vero
510 2488 618 2529 non
645 2475 952 2529 universis?
975 2473 1176 2529 Verum
1211 2476 1339 2544 quid
1370 2475 1485 2530 hmo
1514 2475 1658 2534 dico.
1694 2474 1786 2543 qui
1815 2490 1939 2541 pos-

356 2569 461 2625 sim
498 2571 641 2639 quod
667 2580 745 2625 est
782 2569 961 2637 majus
997 2568 1338 2624 ostendere?
1367 2568 1555 2636 Neque
1577 2567 1723 2621 enim
1753 2567 1935 2621 since-

358 2678 475 2719 ram
528 2662 584 2718 in
643 2661 924 2719 Christum
982 2660 1142 2733 [idem
1195 2676 1258 2713 ac
1290 2658 1693 2714 confessionem
1721 2671 1940 2712 servare

357 2767 610 2826 possunt.
652 2754 868 2825 thuid
916 2758 1042 2808 vero
1062 2754 1087 2807 ἲ
1109 2753 1214 2820 Qui
1248 2754 1393 2807 enim
1427 2753 1605 2821 pactis
1632 2766 1759 2806 cum
1783 2750 1942 2806 Chri-

359 2862 444 2904 sto
471 2849 691 2918 iuratis,
713 2864 1026 2918 supremam
1055 2848 1109 2902 in
1137 2862 1261 2902 eum
1313 2846 1612 2901 amicitiam
1646 2845 1940 2914 odiumque

359 2944 414 2998 in
449 2944 726 2997 dininones
777 2940 1008 3012 polliciti
1060 2951 1228 3006 sunt;
1264 2954 1423 2994 secus
1463 2949 1645 2993 tamen
1675 2939 1938 3008 deinceps

360 3044 638 3101 restant.
670 3034 783 3088 lmo
814 3032 887 3088 sit
918 3030 1165 3100 apertius
1197 3031 1493 3086 dicendum
1528 3046 1592 3086 ac
1626 3030 1755 3085 mali
1792 3030 1940 3085 indi-

357 3128 532 3185 canda
549 3127 814 3197 gravitas,
842 3135 1047 3197 quanta
1065 3125 1136 3180 sit
1159 3141 1174 3180 :
1199 3124 1292 3194 qui
1322 3123 1575 3179 lubentes
1597 3138 1722 3191 cum
1756 3121 1945 3177 Mallo-

360 3223 636 3278 methanis
665 3232 856 3292 agunt,
880 3223 1094 3291 eisque.
1129 3234 1256 3275 cum
1292 3217 1416 3272 [idei
1441 3218 1627 3273 hostes
1652 3218 1939 3280 exsistant,

358 3326 554 3369 contra
585 3330 686 3368 nos
717 3314 986 3368 auxilium
1022 3313 1227 3375 ferunt,
1254 3310 1476 3364 inimica
1528 3310 1646 3364 acie
1675 3309 1941 3363 adversus

361 3404 704 3460 Salvatorem
756 3418 823 3458 ac
858 3403 1145 3457 Dominum
1178 3399 1394 3465 Jesum,
1423 3399 1518 3470 qui
1553 3399 1784 3455 exsistat
1817 3396 1939 3452 ﬁdei

361 3509 595 3558 auctor.
651 3496 993 3561 consistunt,
1017 3494 1312 3565 palamque
1365 3493 1418 3547 in
1451 3507 1576 3549 eum
1611 3491 1811 3547 bellum
1846 3505 1937 3560 go-

362 3600 510 3648 runt.

435 3684 540 3741 Sed
576 3693 629 3739 cl
648 3683 793 3740 aliud
828 3697 933 3737 non
955 3681 1160 3736 bonum
1178 3680 1460 3750 sequitur,
1492 3677 1603 3733 nisi
1632 3675 1767 3730 velis
1784 3673 1943 3730 valde

364 3779 593 3833 malum.
630 3775 755 3832 Suis
778 3775 982 3845 quippe
1009 3772 1085 3826 illi
1124 3772 1290 3827 rebus
1329 3787 1394 3826 ac
1425 3770 1593 3840 gestis
1648 3766 1931 3822 Maltome-

369 3874 514 3925 them
563 3867 884 3939 praphetam
931 3866 1252 3922 ostendunt.
1291 3862 1424 3918 Nam
1459 3860 1725 3943 seelestus
1750 3859 1937 3922 homo,

366 3962 618 4032 gentibus
655 3977 685 4015 a
718 3975 775 4014 se
837 3957 1105 4027 deceptis,
1136 3970 1201 4010 ac
1245 3952 1547 4024 compulsis
1600 3953 1654 4006 in
1673 3963 1938 4015 errorem,

364 4055 651 4112 victoriam
677 4053 743 4109 de
791 4061 980 4107 nostra
1010 4065 1075 4104 ac
1109 4046 1550 4104 Christianorum
1623 4052 1783 4113 gente
1812 4055 1940 4112 pro-

361 4151 532 4206 misit.
583 4147 687 4216 Qui
723 4160 856 4213 ergo
891 4144 1000 4199 illis
1048 4141 1117 4196 ad
1171 4140 1457 4195 victoriam
1527 4151 1688 4205 opem
1736 4132 1940 4198 ferunt,

366 4241 653 4298 mendacio
683 4240 874 4308 utique
916 4234 1076 4290 tidem
1128 4239 1405 4288 astruunt.
1438 4229 1831 4298 Quamobrem,
1861 4226 1939 4282 uti

361 4336 613 4390 dicebam
680 4330 865 4395 modo,
924 4326 1098 4381 nostri
1146 4326 1221 4380 illi
1274 4325 1463 4378 hostes
1526 4323 1579 4375 in
1643 4319 1940 4374 inlidetium

367 4425 564 4482 ra~tris
579 4402 872 4493 ‘perl'ugaa.
902 4419 1098 4473 insano
1132 4418 1311 4487 palam
1348 4415 1530 4469 furore
1565 4406 1837 4478 feruntur,
1879 4424 1943 4464 ac

369 4522 436 4573 i.s
496 4516 590 4588 qui
617 4515 776 4569 hesos
802 4511 1006 4567 habent
1036 4526 1220 4572 rrnes,
1277 4506 1547 4561 deteriora
1599 4502 1844 4557 iaciunt:
1882 4517 1947 4557 ac

371 4614 548 4683 plane.
599 4623 723 4663 cum
777 4603 833 4659 in
886 4620 945 4659 se
997 4602 1099 4672 ipsi
1153 4600 1394 4669 gladium
1451 4596 1754 4683 impellant,
1815 4610 1944 4650 suas

372 4705 544 4777 magis
568 4705 809 4774 ipsorum
831 4700 1045 4754 animas
1072 4711 1233 4766 quam
1272 4709 1371 4747 nos
1402 4678 1695 4760 impetuut.

444 4820 743 4888 Resumpto
795 4824 980 4871 autem
1035 4824 1313 4874 sermone,
1371 4822 1492 4875 qua:
1518 4814 1650 4861 sunt
1693 4804 1951 4873 deinceps

372 4924 797 4984 prosequamur.
860 4905 1098 4961 Invicem
1154 4918 1214 4958 se
1262 4901 1329 4955 ad
1362 4900 1503 4954 mala
1554 4896 1951 4968 provocabant,

371 5017 592 5073 satrapa
624 5003 828 5073 pariter
852 5042 866 5059 .
900 5000 1103 5069 quique
1137 4995 1281 5062 apud
1316 5008 1443 5047 cum
1480 4991 1720 5063 perfugi?
1751 4996 1951 5043 erant:

376 5114 443 5153 ac
461 5113 570 5167 qua
583 5096 796 5151 ratione
821 5101 1007 5148 vector
1024 5089 1272 5146 actuario
1287 5091 1453 5141 remis
1483 5093 1663 5146 utens,
1693 5081 1954 5150 scapham

371 5193 592 5262 quidem
642 5188 873 5258 remigio
904 5188 1035 5257 agit.
1094 5184 1322 5253 ipseque
1376 5178 1618 5234 vicissim
1651 5174 1721 5228 ab
1752 5170 1956 5237 scapha

376 5287 619 5353 rapitur:
644 5283 726 5338 sic
755 5281 830 5337 illi
858 5293 1098 5351 quoque,
1135 5292 1260 5331 cum
1294 5275 1346 5327 in
1402 5287 1525 5333 nos,
1567 5284 1661 5338 per
1683 5277 1958 5353 summam

378 5352 635 5438 iniuriam
710 5370 962 5428 inﬁdeles
1012 5367 1137 5422 illus
1186 5370 1432 5434 agerent,
1488 5359 1593 5430 ipsi
1636 5357 1705 5410 ab
1756 5355 1836 5409 eis
1882 5352 1961 5406 vi-

381 5467 569 5520 cissim
629 5463 1011 5532 raptabantur.
1037 5458 1276 5513 Invicem
1336 5455 1525 5524 itaque
1571 5457 1961 5521 provocantes,

383 5555 616 5612 invicem
701 5556 1024 5617 irritantes,
1082 5567 1146 5606 ac
1210 5551 1314 5605 sibi
1384 5536 1601 5601 mutuo‘
1658 5543 1964 5602 stimulus,

386 5646 468 5700 uti
499 5646 555 5700 in
603 5659 802 5715 pueros
829 5644 882 5697 in
921 5659 1018 5697 vos
1068 5643 1403 5701 invaserant.
1439 5654 1505 5693 ac
1545 5636 1716 5692 multa
1772 5634 1844 5709 vi,
1878 5647 1969 5685 νεα

391 5749 508 5796 stra
549 5738 737 5794 omnia
814 5748 1191 5792 transversum
1248 5746 1506 5807 agentes.
1543 5728 1969 5785 labefactaturos

390 5830 693 5900 putabant,
755 5826 973 5882 tametsi
1030 5825 1169 5880 nihil
1238 5822 1652 5884 conﬁciebant,
1705 5816 1827 5885 ejus
1887 5815 1967 5869 si—

393 5921 616 5994 quidem
653 5910 834 5976 virtus
862 5919 1188 5983 obsistebat.
1221 5932 1382 5987 quem
1420 5915 1498 5973 illi
1532 5906 1919 5983 expugnabaut
1951 5926 1965 5977 ;

2034 625 2232 692 λόγως.
2277 628 2337 680 Εἰ
2371 626 2473 696 μὲν
2508 628 2618 696 γὰρ
2648 627 2847 697 νωθροί
2875 644 3021 690 τινες
3071 624 3183 679 εἷεν
3215 627 3381 699 πρὸς
3415 627 3486 681 τὸ
3518 628 3667 682 ἑκεί-

2034 734 2142 770 νων
2174 718 2408 787 θέλημα,
2440 716 2673 772 ὕποπτοι
2711 722 3017 788 γενόμενοι,
3052 718 3219 782 εὐθὺς
3265 720 3669 789 καταπεφρό-

2034 827 2247 879 νηνται,
2278 810 2354 872 ὡς
2382 811 2459 881 μὴ
2493 810 2886 880 συμϐαίνοντες
2937 813 3125 875 αὐτοῖς
3145 828 3159 843 ο
3200 811 3309 864 καὶ
3344 813 3637 880 παρορῶν

2033 918 2145 965 ται,
2175 902 2293 964 πῶς
2319 902 2421 954 οἴει
2446 918 2462 934 ⁶
2494 904 2542 956 εί
2573 902 2630 956 δὲ
2671 905 2871 974 ῥᾳδίως
2912 906 3404 975 προστρέχοντες,
3458 902 3546 959 οἷς
3604 908 3669 955 ἂν

2033 994 2083 1044 oi
2118 992 2385 1063 βάρϐαροι
2443 994 2725 1065 βούλοιντο
2751 1014 2763 1027 ’
2813 996 3091 1065 βούλοιντο
3131 998 3179 1051 δ’
3214 997 3292 1051 ἂν
3354 998 3459 1050 καὶ
3509 997 3670 1050 ἔθεσι

2034 1086 2131 1138 καὶ
2162 1087 2349 1154 νόμοις
2389 1090 2500 1151 τοῖς
2553 1090 2734 1143 αὐτῶν
2772 1087 3306 1162 τούτου;’χρῆσθαι,
3344 1090 3451 1143 καὶ
3482 1096 3549 1142 τὺ
3576 1098 3655 1156 γέσ

2034 1196 2124 1242 νος
2164 1179 2400 1246 ἀφειδῶς
2447 1179 2828 1252 διαφθείρειν·
2880 1181 3170 1249 μισοῦνται
3225 1183 3342 1250 μὲν
3399 1181 3560 1250 μάλα
3590 1182 3665 1234 δι-

2034 1274 2202 1334 καίως
2254 1271 2417 1326 ἕνεκα
2463 1276 2563 1342 τῆς
2626 1275 2705 1337 είς
2754 1274 2815 1327 τὺ
2852 1275 3008 1341 γένος
3047 1274 3393 1345 ὠμότητος·
3444 1275 3556 1344 τῆς
3608 1275 3670 1326 δὲ

2033 1363 2126 1418 toﬁ
2173 1364 2339 1436 ἤθους
2377 1364 2710 1436 μεταϐολῆς,
2759 1368 2854 1419 καὶ
2896 1368 2992 1429 τῆς
3025 1367 3119 1420 τοῦ
3161 1366 3295 1436 βίου
3346 1366 3670 1436 μεταπτώ-

2037 1473 2198 1524 σεως,
2231 1458 2474 1512 ἐπαίνων
2510 1459 2570 1512 οὐ
2619 1460 2952 1530 τυγχάνουσι
2987 1460 3120 1531 παρ’
3168 1462 3406 1529 αὐτοῖς,
3446 1459 3541 1514 ἆτ’
3570 1462 3668 1513 εὐ-

2034 1553 2217 1620 χερεῖς
2251 1552 2567 1620 φαινόμενοι
2598 1552 2739 1623 πρὸς
2772 1553 2800 1606 ὃ
2830 1569 2882 1605 τι
2919 1553 2985 1605 ἄν
3010 1570 3095 1615 τις
3124 1551 3423 1623 βούλοιτο.
3456 1551 3567 1605 Διά
3596 1551 3671 1621 δὴ

2033 1642 2194 1696 τοῦτο
2222 1644 2344 1697 οὐδὲ
2374 1643 2747 1711 πιστεύονται,
2783 1644 2857 1708 ὡς
2889 1647 2998 1715 ἄρα
3024 1662 3087 1714 γε
3121 1645 3406 1714 μενοῦσιν
3442 1648 3509 1698 ὲν
3543 1648 3667 1709 τοῖς

2034 1735 2334 1805 δευτέροις.
2397 1737 2658 1800 Εἰκότως.
2699 1737 2763 1792 ὐ
2812 1738 2922 1808 γὰρ
2954 1738 3191 1801 εὐκόλως
3231 1737 3345 1807 ἔθη
3394 1753 3664 1792 καταπα-

2038 1828 2233 1898 τήσας,
2262 1823 2344 1891 οἷς
2375 1823 2752 1898 συμϐεϐίωκε,
2783 1830 2899 1891 πῶς
2932 1830 2999 1883 ἂν
3024 1829 3340 1899 τηρήσειεν
3366 1828 3664 1899 ἀκρισῶς,

2038 1919 2182 1989 ἅπερ
2228 1919 2288 1986 ἐξ
2328 1920 2592 1987 ὑπογυίου
2642 1919 2897 1986 ἐδέξατος
2934 1921 3040 1972 Καὶ
3094 1918 3259 1982 αὖθις
3288 1921 3320 1971 ὀ
3361 1918 3447 1989 τῷ
3504 1920 3665 1985 γένει

2039 2013 2207 2077 κακὸς
2225 2014 2317 2066 καὶ
2344 2013 2524 2083 ἑαυτῷ
2555 2013 2801 2084 δηλονότι
2823 2030 2836 2043 °
2853 2015 2910 2067 ἐν
2939 2013 3047 2083 γὰρ
3069 2013 3147 2083 τῷ
3172 2012 3431 2067 καθόλου
3469 2015 3537 2066 τὸ
3569 2013 3666 2080 μὲ-

2042 2124 2156 2176 ρος.
2206 2105 2268 2162 ’0
2290 2108 2346 2160 δὲ
2378 2105 2558 2177 ἑαυτῷ
2588 2106 2899 2187 κακὸςπῶς
2924 2104 2990 2159 ἂν
3020 2104 3196 2174 ἑτέρῳ
3243 2105 3509 2175 χρηστός
3537 2122 3555 2170 ;
3586 2103 3662 2157 Οὐ

2043 2199 2147 2270 μὴν
2188 2199 2301 2253 ἀλλ’
2337 2200 2387 2252 εί
2418 2200 2515 2253 καὶ
2544 2197 2705 2252 τοῦτο
2745 2197 3128 2268 θεωρήσαιμεν
3155 2196 3617 2265 ἀκριϐέστερον,
3636 2197 3665 2248 ὁ

2040 2290 2281 2354 τοιοῦτος
2319 2291 2414 2344 καὶ
2468 2290 2548 2358 τῷ
2612 2291 2728 2361 ἰδίῳ
2777 2289 3046 2342 συνειδότι
3098 2288 3351 2359 μισητδς
3387 2287 3664 2342 καθίστα-

2040 2401 2148 2437 ται.
2177 2384 2287 2438 Καὶ
2328 2384 2443 2446 πῶς
2467 2384 2568 2436 οὒκ
2600 2382 2667 2437 ἂν
2702 2384 2948 2446 ἆπασινς
2990 2381 3151 2436 ’Δλλὰ
3175 2381 3233 2431 τι
3268 2381 3459 2434 ταῦτά
3489 2398 3664 2449 φημι,

2040 2476 2175 2528 ὅπου
2209 2490 2272 2541 γε
2304 2475 2364 2527 τὴ
2399 2474 2584 2544 μεῖζον
2615 2473 2724 2545 ἔχω
2755 2473 3069 2537 δεικνύναι;
3103 2471 3247 2526 Οὐδὲ
3288 2472 3410 2540 γὰρ
3446 2470 3553 2540 τὴν
3582 2472 3666 2533 είς
3736 2450 3751 2475 ”

2044 2565 2280 2635 Χριστὸν
2307 2567 2603 2637 ὁμολογίαν
2634 2569 2725 2619 καὶ
2753 2565 2939 2619 πίστιν
2967 2560 3081 2619 οἷόν
3120 2581 3182 2617 τε
3211 2566 3428 2634 τηρεῖν
3457 2564 3665 2625 αὐτοὺς

2041 2661 2343 2730 ἀκραιφνῆ.
2385 2660 2539 2713 Διατί
2567 2676 2584 2726 ;
2616 2660 2741 2713 Ὀτι
2789 2659 2867 2728 τῷ
2902 2656 3127 2730 Χριστῷ
3175 2638 3695 2729 συνταττόμενοιη

2045 2752 2237 2820 φιλίαν
2268 2752 2369 2820 μὲν
2399 2751 2551 2820 αὐτῷ
2593 2749 2694 2821 τὴν
2727 2751 2990 2821 ἐσχάτην,
3027 2748 3237 2819 ἔχθραν
3268 2748 3333 2800 δὲ
3368 2747 3477 2817 τὴν
3527 2745 3664 2817 πρὸς

2043 2845 2169 2905 τοὶς
2191 2842 2450 2913 δαίμονας
2469 2842 2866 2912 ὑπισχνοῦνται
2889 2858 2904 2873 ο
2921 2836 3041 2894 εἶτα
3056 2840 3397 2894 τούναντίον
3421 2837 3664 2892 ποιοῦσι.

2043 2933 2267 2988 Μᾶλλον
2297 2935 2355 2987 δὲ
2388 2937 2727 3004 σαφέστερον
2776 2937 2953 2987 εἰπεῖν
2984 2935 3114 3005 χρὴ,
3160 2934 3266 2986 καὶ
3298 2933 3555 3002 δηλῶσαι
3600 2933 3659 2986 τὸ

2043 3026 2233 3093 κακὸν,
2268 3027 2397 3080 ὅσον
2423 3044 2435 3058 ·
2463 3030 2580 3091 τοῖς
2626 3029 2737 3098 γὰρ
2759 3025 2855 3082 τοῦ
2903 3018 3154 3097 Μ’ωάμεθ
3211 3027 3381 3081 οὗτοι
3431 3026 3627 3081 συνδια

2045 3125 2257 3195 τρίϐειν
2296 3124 2600 3190 ἐθέλοντες,
2649 3127 2748 3180 καὶ
2776 3124 2884 3178 τῶν
2926 3124 3044 3178 καθ’
3080 3125 3245 3195 ήμῶν
3290 3122 3652 3192 συνεφαπτὸο

2048 3233 2205 3288 μενοι
2238 3217 2451 3280 τούτοις
2480 3216 2686 3288 ἔργων,
2718 3217 2939 3288 ἐχθροῖς
2967 3219 3067 3283 τῆς
3108 3216 3363 3278 πίστεως
3399 3215 3547 3282 οὖσι,
3574 3213 3652 3282 τῷ

2049 3311 2268 3380 Σωτῆρι
2318 3312 2701 3381 διαμάχονται,
2753 3311 2831 3381 τῷ
2870 3311 3131 3365 δεδωκότι
3165 3311 3271 3378 τὴν
3309 3310 3527 3375 πίστιν,
3557 3307 3651 3362 καὶ

2051 3403 2302 3475 φανερῶς
2336 3402 2488 3475 αὐτῷ
2526 3402 2884 3476 πολεμοῦσιν.

2120 3634 2357 3685 Ἐπεται
2408 3631 2473 3684 δέ
2509 3648 2561 3683 τι
2615 3630 2709 3683 καὶ
2744 3630 2936 3700 ἕτερον
2980 3629 3040 3683 οὗ
3091 3628 3279 3699 καλὸν,
3328 3633 3415 3685 ὄτι
3451 3632 3527 3701 μὴ
3555 3627 3646 3683 καὶ

2041 3726 2167 3781 λίαν
2193 3725 2386 3778 κακόν.
2435 3722 2524 3789 Ἐξ
2557 3718 2631 3775 ὧν
2670 3724 2779 3794 γὰρ
2816 3714 2967 3775 οὗτοι
3010 3721 3478 3794 διαπράττονται,
3513 3738 3646 3793 προ-

2046 3820 2229 3889 φήτην
2252 3814 2347 3869 τὸν
2399 3814 2649 3884 Μωάμεθ
2705 3817 3126 3883 ἀποφαίνουσιν.
3173 3815 3429 3878 Ἐκεῖνος
3479 3816 3588 3886 γὰρ
3617 3811 3645 3864 ὁ

2047 3910 2242 3981 μιαρὸς
2274 3910 2389 3972 τοῖς
2418 3907 2865 3979 ἐξηπατημένοις
2896 3925 2955 3961 τε
2984 3910 3078 3961 καὶ
3117 3908 3517 3979 βεϐιασμένως
3549 3907 3643 3960 ὑπ’

2041 4003 2256 4056 ἐκείνου
2322 4001 2512 4070 γένεσι
2576 4000 2738 4072 νίκην
2794 3999 2920 4073 κιθξ
2993 4001 3152 4072 ἡμῶν
3226 4001 3641 4072 ἐπηγγείλατο·

2048 4099 2201 4153 αὐτοὶ
2232 4097 2313 4160 δὲ,
2347 4090 2428 4160 οἷς
2475 4087 2955 4165 συλλαμϐάνουσιν
3007 4095 3242 4158 ἐκείνοις
3273 4097 3358 4159 εἰς
3399 4095 3458 4148 τὸ
3507 4109 3646 4146 νενι-

2044 4193 2301 4260 κηκέναι.
2337 4186 2596 4259 ἀφορμὰς
2628 4188 2966 4257 παρέχουσιν
3000 4186 3082 4249 είς
3126 4187 3188 4240 τὸ
3243 4185 3539 4241 πιστεύειν
3567 4181 3643 4251 τῷ

2043 4282 2260 4353 ψεύδεν
2290 4279 2422 4334 ὥσθ’
2451 4281 2592 4349 ὅπερ
2634 4279 2807 4349 ἔφθην
2842 4276 3036 4344 εἰπὼν,
3071 4278 3122 4331 oi
3180 4266 3312 4332 καθ’
3344 4277 3505 4348 ἡμῶν
3548 4276 3644 4329 αὐ·-

2048 4372 2411 4443 τομολοῦντες
2472 4372 2611 4442 πρὸς
2663 4371 2881 4434 ἀσεϐεῖς
2941 4370 3296 4441 περιφανῶς,
3330 4372 3640 4441 μαίνονται,

2049 4467 2145 4518 καὶ
2197 4465 2307 4518 τῶν
2340 4463 2743 4535 βεϐλαμμένων
2792 4463 2895 4527 τὰς
2942 4465 3146 4531 φρένας
3183 4463 3358 4533 χείρω
3392 4460 3639 4515 ποιοῦσι·

2047 4559 2143 4612 καὶ
2197 4559 2262 4630 δὴ
2319 4560 2441 4613 καθ’
2499 4557 2710 4611 ἑαυτῶν
2764 4558 2826 4609 τ’)
2889 4557 3046 4625 ξῗφος
3101 4554 3295 4626 ὥσπερ
3350 4553 3639 4616 ὠθοῦντες,

1972 4637 2024 4698 ι)
2057 4651 2260 4722 μᾶλλον
2289 4653 2410 4715 ταῖς
2447 4650 2628 4704 αὐτῶν
2652 4649 2851 4721 ψυχαῖς
2898 4650 3044 4721 ἢπερ
3081 4650 3216 4720 ἡμῖν
3251 4647 3642 4719 διαμάχονται.

2140 4784 2302 4840 Ἀλλὰ
2359 4785 2469 4853 γάρ
2522 4781 2788 4852 ἐχώμεθα
2834 4781 2946 4835 τῶν
2999 4780 3150 4849 ἑξῆς.
3200 4777 3641 4834 ὲπαναλαὸόντες

2059 4878 2153 4933 τὸν
2185 4879 2372 4945 λόγον.
2412 4874 2745 4942 Παρώξυνον
2789 4875 3063 4944 ἀλλήλους
3096 4874 3230 4942 πρὸς
3259 4875 3328 4927 τὰ
3360 4871 3508 4926 κακὰ
3531 4869 3557 4922 ὅ
3586 4883 3645 4920 τε

2064 4971 2378 5042 σατράπης,
2413 4971 2467 5023 οἵ
2498 4986 2558 5022 τε
2586 4969 2725 5039 πρὸς
2755 4971 2968 5023 ἐκεῖνον
2996 4968 3478 5039 αὐτομολήσαντες
3501 4980 3514 4994 ·
3554 4960 3641 5015 καὶ

2063 5064 2255 5134 ὥσπερ
2305 5081 2386 5126 τις
2439 5061 2728 5134 χρώμενος
2757 5063 2817 5115 ἐν
2858 5061 3076 5132 ἀκατίῳ
3113 5061 3354 5123 κώπαις,
3391 5058 3516 5124 ἄγει
3550 5052 3642 5122 μὲν

2065 5159 2130 5227 τῇ
2173 5155 2384 5227 εἰρεσία
2439 5154 2500 5209 τὸ
2551 5153 2781 5221 σκάφος,
2814 5153 3042 5225 φέρεται
3090 5151 3135 5205 δ’
3187 5145 3347 5209 αὖθις
3395 5143 3498 5197 ὑπὸ
3550 5138 3673 5207 τοῦ,

2070 5249 2347 5318 σκάφους⁹
2379 5245 2553 5310 οὕτως
2588 5248 2788 5301 ἐκεῖνοι
2819 5247 2945 5307 τοὺς
2985 5243 3204 5306 ἀσεϐεῖς
3238 5241 3363 5296 καθ’
3394 5234 3552 5307 ἡμῶν
3586 5245 3637 5280 τε

2067 5340 2203 5418 ἦγον
2233 5344 2308 5406 ὡς
2358 5343 2459 5397 οὐκ
2508 5339 2707 5411 ὢφελε,
2738 5340 2833 5393 καὶ
2884 5338 2977 5392 ὑπ’
3028 5337 3255 5391 ἐκείνων
3307 5329 3466 5392 αὖθις
3525 5326 3638 5390 ἐφ’

2074 5454 2253 5509 ρθντο.
2302 5438 2411 5491 Καὶ
2455 5433 2638 5488 τοίνυν
2694 5433 2787 5486 ὑπ’
2842 5431 3092 5501 ἀλλήλων
3141 5421 3636 5501 παρακαλούμενοι.

2074 5536 2168 5587 καὶ
2195 5529 2460 5599 ἀλλήλους
2493 5526 2955 5597 παροτρύνοντες,
2998 5525 3096 5577 καὶ
3135 5519 3299 5575 οίονεί
3341 5534 3393 5568 τι
3424 5512 3635 5603 κέντρξν

2075 5626 2354 5694 γινόμενοι
2410 5621 2736 5690 ἑκατέροις,
2798 5616 2875 5674 ὡς
2946 5615 3040 5667 ἐπὶ
3102 5612 3298 5673 παῖδας
3352 5603 3436 5673 ἐφ’
3497 5598 3635 5694 ,ὑμᾶς

2077 5720 2249 5790 ᾔεσαν
2269 5731 2283 5747 ⁸
2326 5715 2422 5767 καὶ
2449 5709 2619 5783 ᾤοντό
2649 5725 2713 5779 γε
2752 5704 3260 5776 καταστρέψεσθαι,
3295 5691 3631 5790 παρασύροζξ

2077 5771 2170 5874 ἔες
2200 5808 2370 5878 πολλῇ
2396 5771 2478 5875 τῇ¹
2499 5771 2746 5876 ῥύμῃ-τᾶ
2781 5800 2905 5853 καθ’
2933 5771 3079 5865 ὑμᾶς
3112 5797 3331 5878 ἆπᾳντα
3354 5806 3369 5820 ο
3404 5786 3555 5854 ἤνυον

2081 5906 2231 5977 ὅμως
2256 5901 2432 5957 οιδιν.
2472 5897 2709 5966 ’Δντεῖχε
2760 5893 2864 5963 γὰρ
2900 5893 2932 5959 ἠ
2968 5890 3136 5959 ἀρετῆ
3160 5875 3273 5996 :55
3309 5863 3630 5937 πσλεαουμέ-
