3950 6494
423 426 531 492 ἓῖθ

1548 380 1952 490 ΜΑΝἱΙΕῙᾸΞ
1986 431 2125 492 PAL
2139 432 2430 495 £01.06!

3630 440 3743 505 22$

423 544 511 597 ille
539 541 681 612 apud
731 555 831 595 vos
863 554 1078 611 agens;
1125 556 1253 595 cum
1298 541 1524 608 medici,
1579 554 1691 597 tum
1739 546 1993 614 pastoris,

2107 566 2208 603 πον
2238 551 2484 621 ἀκριϐῶς
2513 549 2820 616 διασώζων,
2853 551 3019 621 ἡνίκα
3051 551 3150 605 σὺν
3192 551 3344 620 ὑμῖν
3379 547 3483 623 ἦν,
3516 551 3638 606 τῶν
3676 571 3740 608 τε

419 634 930 703 gubernatorisque,
982 649 1047 688 ac
1081 634 1326 691 omnium
1375 635 1633 703 deinceps
1661 636 1988 691 salutarium

418 740 601 779 rerum
629 726 834 793 pariter
868 740 933 778 ac
964 726 1266 789 nominum,
1298 725 1539 795 perfecte
1561 726 1741 780 locum
1775 735 1990 794 tenens,

417 832 712 885 quemque,
749 827 808 869 ut
845 819 1029 871 omnia
1062 818 1225 872 verbo
1258 819 1615 885 complectar,
1650 820 1857 872 nullum
1890 820 1990 873 de-
2020 831 2023 834 '

420 909 606 969 ticeret
646 908 851 961 bonum
878 925 894 962 :
931 923 992 963 se
1052 909 1169 977 ipse
1199 924 1298 978 pro
1328 909 1468 972 suis,
1500 919 1669 978 atque
1702 909 1838 964 adeo
1870 909 1989 976 plu-

417 1003 575 1056 rimis
606 1002 750 1063 aliis,
800 1017 1087 1072 spernens,
1120 1013 1395 1073 satrapam
1433 1002 1568 1068 adit,
1623 1019 1750 1058 cum
1784 1004 1989 1059 nullam

422 1095 573 1162 prius
604 1095 840 1148 adeundi
878 1094 1100 1157 iecisset
1128 1110 1304 1164 spem.
1337 1098 1449 1149 imo
1479 1106 1731 1165 negasset
1761 1096 1986 1161 iturum,

422 1199 565 1240 utex
598 1188 872 1255 insperata
926 1172 1212 1255 praesentia
1241 1189 1456 1243 dulcius
1493 1190 1752 1253 alliceret,
1783 1206 1991 1261 proque

416 1276 495 1329 rei
554 1277 1018 1346 incxspectatione
1074 1281 1282 1349 gratior
1340 1289 1576 1351 tyranno
1630 1292 1987 1350 occurreret,

416 1366 687 1436 simulque
745 1371 1057 1426 ostenderet
1088 1371 1391 1439 profectum
1441 1384 1500 1428 se
1530 1377 1842 1440 voluntate,
1879 1392 1990 1431 non

414 1460 542 1528 quia
580 1461 670 1516 ille
728 1464 1007 1520 blanditiis
1066 1477 1162 1520 aut
1218 1468 1384 1523 minis
1429 1468 1755 1538 deeepisset.
1820 1470 1983 1526 Illum

417 1554 624 1625 itaque.
657 1572 866 1627 nosque
922 1557 971 1611 ei
1006 1560 1209 1623 socios,
1243 1562 1334 1628 qui
1376 1562 1594 1630 priores
1625 1563 1987 1630 venissemus,

415 1644 637 1703 Pherris
690 1650 821 1704 urbe
847 1650 1074 1706 invenit.
1132 1650 1343 1707 Etenim
1378 1654 1481 1722 ipsi
1520 1670 1761 1726 quoque,
1799 1670 1992 1711 accer—

418 1748 580 1794 sente
613 1741 727 1807 illo,
754 1758 1103 1806 veneramus.
1138 1761 1263 1800 cum
1307 1749 1487 1816 gravis
1512 1750 1763 1818 quaedam
1798 1764 1991 1805 neces-

415 1831 574 1891 sitas.
607 1849 704 1902 pro
733 1836 1073 1893 subditorum
1103 1839 1439 1910 depellendis
1505 1842 1784 1910 periculis,
1815 1858 1880 1898 eo
1904 1858 1991 1898 me

416 1931 547 1978 tunc
581 1927 951 1993 praemisisset.
980 1930 1093 1985 lloc
1124 1947 1287 2002 porro
1311 1933 1659 1989 interdictum
1689 1935 1849 1991 nobis
1891 1951 1990 1990 vo-

415 2015 718 2079 lueramus,
750 2028 808 2073 ut
849 2035 936 2083 ne,
973 2020 1221 2091 inquam,
1245 2024 1520 2080 adiremus
1567 2026 1752 2080 simul.
1779 2026 1991 2095 Quippe

416 2107 702 2163 videbatur
744 2110 887 2164 haud
931 2111 1003 2166 ita
1057 2121 1171 2167 tnta
1223 2123 1411 2169 nostra
1445 2116 1510 2169 ad
1544 2132 1667 2170 eum
1698 2116 1989 2185 profectio,

416 2216 538 2253 cum
577 2202 667 2254 ille
699 2203 908 2271 pridem
943 2206 1185 2273 iniquam
1224 2207 1278 2260 in
1305 2223 1405 2264 nos
1434 2224 1624 2264 necem
1660 2211 1985 2279 parturiret.

414 2290 625 2345 Accidit
652 2300 828 2346 tamen
861 2294 1077 2362 plenum
1114 2295 1247 2350 illud
1273 2299 1489 2360 timore,
1525 2314 1649 2353 cum
1678 2315 1780 2369 ego
1804 2300 1989 2356 adhuc

415 2396 539 2433 cum
573 2382 716 2435 domi
750 2393 1025 2451 putarem,
1061 2386 1219 2454 isque
1250 2387 1496 2444 vicissim
1534 2389 1774 2459 idipsnm
1804 2390 1871 2444 de
1902 2406 1987 2443 me

416 2473 703 2541 cogitaret,
754 2490 818 2529 ac
852 2476 1001 2529 velut
1027 2492 1091 2530 ex
1118 2479 1375 2541 condicto
1430 2495 1679 2536 csscmus
1721 2481 1987 2550 proiecti,

416 2565 603 2619 eadem
637 2566 746 2630 die,
786 2577 844 2621 ut
876 2567 1014 2623 bene
1072 2572 1418 2625 meminerim
1459 2612 1473 2636 ,
1504 2588 1568 2627 ac
1596 2574 1640 2627 si
1666 2574 1770 2641 vis,
1800 2576 1987 2628 cadem

417 2660 534 2728 ipsa
564 2659 716 2714 hora.
753 2660 856 2716 Sed
889 2671 941 2715 et
971 2663 1169 2717 accidit
1195 2665 1326 2732 quid
1352 2666 1528 2733 pejus,
1556 2674 1617 2720 ut
1648 2682 1842 2735 nempe
1872 2682 1991 2721 om-

419 2766 517 2804 nes
543 2751 650 2805 ullo
680 2753 842 2806 modo
861 2752 1299 2809 Christianorum
1334 2757 1503 2812 duces
1530 2757 1738 2812 circum
1764 2757 1988 2814 Persam

418 2842 685 2909 stiparent
710 2860 725 2908 ;
760 2843 852 2912 qui
889 2844 1148 2898 nimirum
1183 2846 1249 2900 ad
1269 2861 1395 2901 eum
1422 2846 1581 2911 itare,
1607 2851 1769 2918 eique
1792 2849 1991 2905 adesse

418 2933 561 2987 soliti
607 2943 782 2988 erant.
817 2934 986 2990 Multo
1060 2937 1266 3007 quippe
1321 2939 1504 2993 studio
1535 2949 2018 3010 congregaverat,

419 3041 763 3081 communem
799 3028 1041 3083 omnium
1074 3030 1356 3084 interitum
1380 3032 1669 3101 meditans.
1706 3032 1879 3089 Porro
1910 3033 1987 3088 illi

419 3134 599 3188 (ipt'l'a!
623 3121 797 3194 magis
824 3121 1058 3192 pretium
1083 3132 1427 3190 putaverant,
1454 3132 1513 3178 ut
1543 3125 1664 3195 ejus
1686 3133 1990 3181 conventas

2016 1882 2065 1943 B

2101 641 2322 710 ἰατρῶν,
2363 642 2471 694 τῶν
2502 658 2561 694 τε
2588 642 2887 711 ποιμένων,
2920 643 3031 696 τῶν
3054 660 3114 696 τε
3144 643 3584 712 κυϐερνητῶν,
3620 645 3736 698 τῶν

2096 748 2154 783 τε
2178 733 2463 802 σωτηρίων
2519 732 2646 801 ἑξῆς
2702 734 2961 787 ἀπάντων
3021 738 3116 788 καὶ
3179 735 3581 805 πραγμάτων
3634 736 3738 789 καὶ

2096 826 2476 895 προσρήσεων,
2509 827 2606 879 καὶ
2645 826 2732 881 ἵνα
2761 826 2823 880 τὸ
2866 829 2977 882 πᾶν
3010 828 3265 897 εἴποιμι,
3300 820 3354 895 ᾧ
3397 828 3590 897 μηδὲν
3619 830 3737 881 τῶν

2095 917 2315 984 ἀγαθῶν
2375 918 2437 970 ού
2501 918 2704 987 παρῆν,
2734 919 3036 987 ἀφειδήσας
3088 918 3313 973 ἑαυτοῦ
3373 919 3570 972 ἕνεκα
3621 919 3735 971 τῶν

2095 1005 2315 1068 ἑαυτοῦ,
2349 1008 2443 1060 καὶ
2472 1007 2537 1076 δὴ
2566 1010 2662 1061 καὶ
2695 1008 2968 1063 πλείστων
3001 1011 3246 1078 ἑτέρων,
3293 1011 3549 1081 ἔρχεται
3587 1012 3733 1078 πρὸς

2094 1098 2186 1152 τδν
2219 1098 2526 1167 σατράπην,
2564 1100 2640 1169 μὴ
2673 1101 2801 1164 δοὺς
2832 1101 2983 1171 αὐτῷ
3011 1103 3303 1171 πρότερον
3350 1103 3428 1154 θα
3440 1104 3611 1171 ρῤεἶν
3654 1101 3736 1165 ὡς

2094 1190 2349 1258 ἀφίξεται
2370 1205 2384 1219 ⁸
2417 1167 2922 1256 άλλὰγτούναντίον,
2951 1167 3376 1261 ἀπαγορεύσας
3411 1167 3526 1264 τὴν
3573 1193 3735 1245 ἐλευ-

2096 1300 2201 1348 σιν,
2235 1279 2355 1358 ἶν⁹ᾗ
2381 1285 2477 1359 καὶ
2527 1284 2695 1337 πλέον
2737 1283 2871 1354 ἡδὺς
2913 1286 3126 1352 φανεὶς,
3158 1285 3448 1355 μηδόλως
3496 1283 3731 1348 ἐλπιζό-

2097 1394 2280 1446 μενος,
2311 1376 2408 1430 καὶ
2432 1375 2510 1445 τῷ
2534 1376 2931 1446 ἀπροσδοκήτῳ
2975 1376 3071 1429 τοῦ
3102 1378 3481 1446 πράγματος
3516 1377 3726 1446 ἐκείνῳ

2096 1471 2297 1540 μᾶλλον
2344 1471 2677 1541 χαρίσηται·
2733 1468 2881 1541 δείξῃ
2934 1468 2993 1522 δὲ
3046 1468 3255 1539 γνώμῃ
3332 1469 3495 1537 πρὸς
3554 1469 3731 1522 αὐτὸν

2092 1562 2503 1633 παραγεγονὼς,
2531 1563 2626 1615 καὶ
2670 1562 2732 1614 ού
2761 1564 2882 1623 ταῖς
2916 1561 3182 1623 θωπείαις
3236 1560 3430 1614 αὐτοῦ
3466 1561 3575 1614 καὶ
3601 1564 3726 1624 ταῖς

2092 1654 2348 1716 ἀπειλαῖς
2403 1652 2792 1722 ἐξαπατηθείς.
2834 1652 3096 1722 Εὗρίσκει
3139 1653 3348 1705 τοίνυν
3399 1650 3616 1705 τοῦτον
3666 1653 3726 1703 ὲν

2091 1747 2210 1808 ταῖς
2261 1747 2520 1818 Φεῤῥαϊς,
2577 1746 2672 1798 καὶ
2723 1747 2895 1814 ἡμᾶς,
2931 1747 3142 1799 ἐκεῖνον
3186 1743 3573 1813 φθάσαντας,
3622 1745 3723 1796 σὺν

2096 1839 2265 1909 αὐτῷ.
2295 1840 2605 1908 Πεμπτατοι
2640 1838 2750 1908 γὰρ
2792 1832 2937 1906 ἦμεν
2990 1837 3274 1899 ἐλθόντες,
3329 1838 3609 1905 ἀνάγκης
3655 1836 3720 1904 δή

2095 1947 2239 1992 τινος
2272 1929 2500 1998 ἰσχυρᾶς
2534 1929 2676 1998 ὑπὲρ
2707 1928 2803 1982 τοῦ
2837 1927 3104 1998 ῥυσθῆναι
3136 1927 3430 1982 κινδύνων
3458 1927 3601 1989 τοὺς
3628 1926 3721 1994 ὑφ’

2092 2019 2241 2088 ἡμᾶς
2271 2018 2449 2071 ὲκεῖσέ
2486 2035 2555 2087 με
2590 2017 3252 2088 τότεπαραπεμψάσης.
3286 2016 3513 2070 Καίτοι
3550 2016 3721 2070 τοῦτο

2091 2112 2223 2180 ἡμῖν
2256 2109 2538 2172 παντελῶς
2586 2110 2663 2172 ὡς
2710 2108 2984 2179 ἀπείρητο
3007 2124 3020 2139 ο
3048 2108 3194 2175 λέγω
3233 2109 3305 2179 δὴ
3339 2109 3407 2163 τὸ
3455 2108 3713 2179 ἀμφοτέ-

2093 2220 2219 2276 ρους
2264 2202 2405 2274 πρὺς
2446 2203 2658 2256 ἐκεῖνον
2692 2200 2810 2270 ἅμα
2839 2201 3292 2270 παραγενέσθαι.
3343 2201 3573 2255 Ἐδόκει
3604 2202 3715 2268 γὰρ

2090 2296 2193 2349 οὐκ
2234 2295 2476 2365 ἀσφαλὲς
2508 2292 2685 2364 ταύτῃ
2718 2286 2980 2361 γενέσθαι
3029 2292 3129 2363 τὴν
3169 2292 3481 2362 ἡμετέραν
3515 2292 3712 2360 ἐπιδη-

2096 2387 2227 2457 μίαν
2260 2388 2414 2455 παρά
2461 2387 2554 2440 τὸν
2610 2384 2781 2438 πάλαι
2831 2384 2954 2437 καθ’
2994 2383 3153 2452 ἡμῶν
3193 2384 3404 2437 ἄδικον
3435 2383 3710 2437 ὠδίνοντα

2092 2479 2271 2546 φόνον.
2306 2476 2510 2546 Συνέϐη
2550 2476 2595 2528 δ’
2639 2477 2790 2547 ὅμως
2838 2477 2899 2529 τὸ
2931 2476 3183 2547 φοϐερὸν,
3214 2476 3372 2547 ἐμοῦ
3414 2477 3527 2544 μὲν
3557 2478 3700 2530 οἶκοι

2094 2570 2278 2640 μένειν
2305 2570 2513 2622 ἐκεῖνον
2539 2570 2623 2622 ἔτι
2661 2567 2999 2638 νομίζοντος,
3035 2570 3305 2622 κάκείνου
3337 2570 3387 2622 δ’
3420 2567 3497 2622 αὖ
3535 2568 3702 2622 πάλιν

2092 2661 2221 2732 περὶ
2254 2661 2389 2731 ἐμοῦ
2423 2660 2491 2713 τὰ
2537 2662 2627 2714 ίσα
2666 2659 3056 2731 λογιζομένουο
3092 2661 3188 2714 καὶ
3219 2660 3434 2732 ὥσπερ
3464 2664 3532 2715 ὲκ
3576 2676 3705 2714 συν-

2093 2754 2336 2825 οήματος
2385 2752 2600 2807 οἴκοθεν
2649 2752 2979 2817 ἐξελθόντων
3013 2752 3259 2824 ἡμέραν,
3307 2754 3363 2805 εἰ
3403 2755 3706 2823 μέμνημαι

2093 2847 2321 2911 καλῶς,Δ
2353 2846 2452 2919 τὴν
2517 2846 2722 2917 αὑτήνο
2754 2847 2803 2898 εἰ
2863 2844 3045 2914 βούλει
3088 2843 3146 2897 δέ
3201 2861 3306 2911 γε,
3364 2845 3466 2898 καὶ
3530 2842 3702 2913 ὤραν.

2092 2920 2362 2992 Συνέπεσε
2420 2936 2477 2991 δέ
2534 2955 2588 2991 τι
2642 2936 2738 2991 καὶ
2792 2938 2995 3007 χεῖρον.
3033 2931 3188 2991 Εἶναι
3247 2936 3367 3005 γάρ
3414 2937 3568 3005 ἀμφὶ
3610 2934 3700 2986 τὸν

2091 3034 2310 3102 Πέρσην
2349 3033 2476 3095 τοὺς
2508 3030 2606 3086 καὶ
2651 3029 2910 3085 ὁπωσοῦν
2961 3028 3395 3098 ἐξηγουμένους
3437 3030 3703 3097 Χριστιαο

2091 3125 2197 3180 νῶν
2221 3141 2237 3157 ·
2271 3124 2415 3192 λέγω
2443 3123 2500 3176 δὲ
2544 3123 2671 3186 τοὺς
2697 3121 2958 3184 εἰωθότας
2985 3120 3062 3184 ὡς
3091 3120 3269 3174 αὐτὸν
3309 3118 3695 3192 ἀφικνεῖσθαι.

417 3212 590 3266 aleam
626 3212 899 3279 subirent,
928 3228 1092 3283 quam
1130 3222 1191 3269 ut
1212 3215 1429 3285 jnhenti
1459 3231 1666 3270 morem
1693 3231 1804 3271 non
1835 3230 1991 3286 gere-

2104 3218 2344 3282 Ἐκεῖνός
2394 3235 2455 3272 τε
2497 3217 2612 3287 γὰρ
2648 3214 2847 3279 αὐτοὺς
2878 3214 3158 3283 ἐπιμελῶς
3192 3213 3501 3285 ἡθροιζεν,
3532 3211 3699 3281 ἄρδην

417 3317 558 3359 rettl.
589 3303 693 3360 Res
723 3320 855 3361 sane
878 3305 1033 3375 plena
1067 3307 1310 3374 periculo
1334 3308 1590 3362 omnibus
1609 3308 1813 3364 mcrito-
1836 3307 1991 3365 vide-

417 3399 601 3465 batur,
627 3408 685 3452 ut
708 3401 774 3454 ad
798 3415 922 3454 eum
946 3400 1189 3455 universi
1212 3401 1376 3456 simul
1404 3400 1768 3459 conﬂuerent.
1803 3402 1992 3474 Neque

418 3491 563 3547 enim
621 3502 777 3547 erant
814 3494 909 3564 qui
949 3496 1127 3549 virum
1183 3495 1492 3559 nescirent,
1544 3494 1774 3566 ejusque
1804 3495 1858 3550 in
1894 3510 1992 3550 eos

417 3582 794 3638 voluntatem:
857 3585 978 3655 ejus
1041 3598 1222 3641 tamen
1280 3588 1553 3643 mandatis
1605 3588 1751 3643 nolle
1783 3602 1991 3643 morem

418 3693 628 3743 gerere,
661 3678 710 3731 id
751 3693 880 3733 vero
922 3678 1192 3749 gravioris
1224 3678 1385 3747 longe
1439 3679 1665 3749 periculi
1695 3679 1989 3735 ducebant.

417 3768 605 3839 Neque
635 3771 779 3825 enim
800 3786 941 3835 esse,
965 3772 1056 3839 qui
1084 3780 1409 3841 contemptae
1435 3771 1704 3841 jussionis
1730 3771 1990 3842 lnjuriam

419 3862 606 3926 ferret,
649 3872 744 3917 aut
773 3864 878 3919 sibi
930 3865 1046 3934 ipse
1074 3864 1313 3935 quietem
1357 3866 1729 3926 imperaturus
1793 3871 1986 3920 esset:

422 3954 537 4009 fore
564 3964 766 4024 autem,
818 3966 1090 4012 utomnes
1123 3957 1285 4012 vellet
1345 3957 1551 4028 perire,
1612 3968 1783 4025 utque
1807 3955 1994 4010 volens

421 4047 649 4115 perdere
680 4059 882 4117 posset.
948 4047 1148 4102 Malum
1192 4049 1378 4119 itaque
1424 4048 1568 4102 malo
1605 4054 1988 4116 praeoptantes,

420 4153 688 4210 suamque
774 4139 881 4194 Deo
948 4141 1396 4195 commendantes
1478 4149 1727 4206 sortem,
1802 4151 1869 4191 ac
1937 4136 1991 4189 in

421 4245 517 4294 Spe
568 4240 888 4300 peragentes
951 4231 1077 4292 iter,
1104 4230 1207 4285 vim
1232 4246 1290 4286 se
1330 4231 1542 4287 incerto
1576 4230 1990 4285 commiserant.

2089 3310 2351 3381 ἀφανίσαι
2386 3310 2594 3371 πάντας
2627 3305 2983 3378 βουλόμενος·
3017 3305 3202 3367 αὐτοῖς
3231 3322 3311 3360 τε
3359 3304 3476 3359 δεῖν
3520 3303 3696 3355 ἐδόκει

2093 3403 2530 3473 παραγενέσθαι,
2562 3401 2659 3454 καὶ
2700 3401 2791 3454 τὸν
2836 3399 2946 3453 ἀπὸ
2979 3398 3136 3454 τοῦδε
3185 3399 3413 3466 μᾶλλον
3443 3392 3698 3462 δέξασθαι

2093 3495 2336 3548 κίνδυνον
2367 3493 2398 3563 ἦ
2434 3493 2524 3544 τὸν
2563 3493 2628 3545 ὲκ
2663 3490 2758 3545 τοῦ
2818 3489 3172 3560 παρακοῦσαι
3203 3489 3313 3542 τοῦ
3367 3487 3695 3541 ἐπιτάττον-

2091 3605 2203 3652 τος.
2235 3582 2388 3640 Εἶναι
2418 3587 2518 3654 μὲν
2570 3584 2678 3654 γὰρ
2713 3583 2964 3637 κινδύνου
3024 3583 3227 3652 μεστὸν
3300 3582 3404 3636 καὶ
3452 3580 3514 3633 τδ
3567 3576 3697 3645 πρὸς

2094 3680 2252 3734 αὐτὸν
2283 3679 2400 3749 ἅμα
2424 3675 2864 3748 παραγεγονέναι
2890 3676 3092 3734 πάντες
3124 3674 3383 3742 εὐλόγως
3415 3669 3689 3741 ἐνόμιζον.
3745 3742 3756 3761 ι

2095 3769 2232 3825 Οὐδὲ
2283 3770 2394 3839 γὰρ
2439 3767 2670 3839 ἠγνόουν
2722 3767 2817 3820 τὶν
2849 3765 3040 3836 ἄνδρα,
3075 3764 3171 3818 καὶ
3200 3764 3317 3833 τὴν
3348 3764 3482 3834 περὶ
3512 3758 3691 3815 αὐτῶν

2097 3860 2306 3915 ἐκείνου
2331 3859 2597 3913 διάνοιαν.
2627 3858 2700 3910 Τὸ
2725 3857 2781 3910 δὲ
2812 3857 2888 3927 μὴ
2929 3857 3046 3918 τοῖς
3078 3855 3283 3909 τούτου»
3318 3852 3686 3925 τεροεςτιὶγμιιι⁶

2099 3967 2184 4004 σιν
2216 3949 2387 4003 εἴκειν
2419 3947 2601 4017 πο).λῷ
2638 3946 3022 4019 χαλεπωτέρου
3055 3944 3339 4001 κινδύνου.
3376 3947 3532 4014 Μῇτε
3579 3940 3683 4008 γὰρ

2096 4040 2265 4107 οἴσειν
2293 4040 2457 4094 αὑτὸν
2491 4041 2588 4109 τὴν
2619 4041 2681 4091 ὲκ
2713 4037 2812 4105 τῆς
2864 4036 3152 4105 παρακοῆς
3195 4034 3386 4105 ὓῦριν,
3423 4031 3554 4105 μήτ’
3578 4029 3676 4081 οὐκ

2095 4134 2468 4204 ἀνασχόμενον
2501 4130 2826 4202 ἡσυχάζειν,
2861 4128 2998 4182 ἀλλὰ
3033 4129 3290 4195 θελήσειν
3326 4129 3432 4198 μὲν
3485 4120 3681 4179 αὐτοὺς

2098 4222 2750 4293 διαφθεῖραι,θελήσαντα
2775 4219 2854 4283 δὲ,
2882 4217 3233 4289 δυνήσεσθαι.
3260 4219 3375 4273 Καὶ
3402 4216 3492 4269 διὰ
3512 4212 3678 4266 ταῦτα

422 4324 595 4377 κακοῦ
646 4323 816 4376 κακὸν
862 4323 1245 4394 προελόμενοι,
1274 4326 1512 4397 ἥπτοντο
1559 4324 1661 4395 τῆς
1695 4322 1840 4390 ὁδοῦ,
1906 4318 2027 4389 Θεῷ
2090 4316 2151 4371 τὸ
2214 4316 2333 4369 κατ’
2397 4313 2597 4378 αὐτοὺς
2657 4312 3083 4385 ἐπιτρέποντες,
3137 4311 3234 4364 καὶ
3300 4309 3405 4363 σὺν
3462 4302 3676 4377 ἐλπίσιν

419 4417 721 4479 ὁδεύοντες.

495 4594 966 4665 Enimvero,quo«l
995 4594 1060 4649 de
1094 4610 1180 4650 me
1212 4611 1431 4665 quoque
1458 4609 1522 4650 ac
1551 4593 1721 4649 l‘ratre
1755 4606 1991 4663 persua-

2168 4586 2242 4641 Οὔ
2273 4585 2381 4657 μὴν
2414 4582 2547 4637 ἀλλὰ
2575 4581 2669 4636 καὶ
2699 4579 2759 4633 τδ
2794 4577 3074 4633 πιστεύειν
3105 4576 3346 4639 ἐκείνους
3377 4574 3504 4645 περὶ
3538 4566 3675 4638 ἐμοῦ

423 4705 544 4743 ειιιιι
577 4688 858 4751 haberent,
910 4688 1050 4743 haud
1104 4686 1220 4743 fore
1256 4687 1419 4743 simul
1457 4697 1585 4741 tunc
1613 4685 1861 4741 adituros
1892 4685 1995 4739 im-

423 4784 801 4839 manissimam
860 4783 1135 4837 belluam:
1172 4782 1267 4852 qui
1321 4782 1581 4836 nimirum
1625 4780 1853 4844 scirent,
1883 4795 1995 4836 non

424 4874 568 4943 quod
593 4875 880 4929 accidisset
913 4875 1156 4938 fortuna,
1198 4873 1289 4928 sed
1320 4874 1464 4942 quod
1497 4882 1649 4928 esset
1680 4872 1839 4927 nobis
1866 4887 1998 4927 con-

382 4954 692 5033 Astitutum,
749 4981 999 5036 magnam
1091 4973 1297 5036 partem
1351 4965 1601 5019 timorem
1649 4962 1995 5033 dispellebat,

419 5055 737 5123 justamqnc
788 5055 1121 5109 submovens
1157 5053 1552 5121 suspicionem,
1578 5054 1770 5108 venire
1802 5052 2000 5107 invita-

426 5146 539 5200 bat.
569 5143 848 5199 Noverant
902 5146 1047 5199 enim
1077 5143 1212 5211 fore,
1242 5156 1298 5200 ut
1329 5144 1529 5200 inferni
1566 5144 1743 5199 instar
1774 5144 1998 5198 univer-

425 5238 501 5292 sis
562 5236 917 5292 absorbendis
970 5236 1132 5291 hians
1185 5247 1473 5309 tyrannus,
1524 5238 1647 5309 jure
1705 5236 1900 5290 merito
1932 5235 2000 5288 ti-

426 5331 682 5385 mendum
739 5330 983 5397 haberet,
1034 5346 1104 5385 ne
1128 5331 1175 5386 ei
1231 5333 1282 5384 in
1313 5330 1652 5386 contrarium
1705 5327 1998 5383 consilium

425 5432 749 5499 verteretur,
781 5432 838 5476 nt
863 5424 917 5478 in
948 5438 1136 5478 omnes
1160 5423 1507 5492 impudenter
1529 5429 1746 5493 putaret
1767 5420 2002 5474 saevit-n-

424 5515 576 5578 dum,
643 5530 767 5569 cum
804 5530 905 5570 nos
944 5516 996 5569 in
1035 5524 1307 5584 potestate
1363 5515 1575 5584 positos
1612 5529 1719 5568 non
1754 5514 2000 5567 haberet.

429 5606 533 5662 L'bi
563 5615 745 5661 autem
782 5606 1090 5668 venientes,
1121 5622 1207 5660 me
1246 5622 1368 5660 cum
1400 5604 1567 5660 fratre
1599 5605 1742 5675 apud
1778 5603 2001 5659 Persam

434 5695 709 5759 viderunt,
753 5708 817 5748 ac
859 5695 1093 5751 scientes
1140 5710 1253 5749 rem
1286 5695 1553 5750 accidisse
1585 5703 1781 5765 praeter
1810 5708 2001 5748 eorum

437 5796 697 5850 mentem,
739 5785 922 5856 lingua
951 5787 1017 5842 ad
1062 5787 1282 5858 longum
1341 5796 1555 5855 tempus
1582 5787 1836 5845 merente.
1867 5784 2006 5839 nihil

412 5877 611 5965 ‘mutui
645 5877 916 5935 sermonis
953 5877 1201 5935 conferre
1233 5885 1551 5949 potuerunt.
1579 5875 1648 5933 Ut
1704 5886 1886 5932 autem
1920 5891 2005 5931 re-

2095 4680 2190 4736 καὶ
2214 4680 2307 4733 τοῦ
2344 4675 2597 4746 ἀδελφοῦ,
2629 4675 2702 4736 ὡς
2736 4673 2834 4743 οὐχ
2869 4673 2987 4742 ἅμα
3022 4670 3328 4741 τηνικαῦτα
3357 4661 3670 4735 ἀφιξόμεθα

2097 4774 2234 4845 πρὸς
2268 4771 2358 4825 τδν
2392 4769 2700 4823 δεινότατον
2734 4766 2902 4836 θῆρα,
2933 4764 2993 4816 οὐ
3023 4762 3133 4832 γὰρ
3171 4764 3230 4814 τὸ
3282 4759 3501 4830 συμϐὰν
3532 4749 3669 4857 κατὰ

2095 4866 2287 4936 τύχην,
2318 4861 2454 4916 ἀλλά
2480 4862 2578 4930 τὴν
2605 4857 3006 4931 κεκυρωμένην
3032 4857 3167 4927 ήμίν
3192 4854 3502 4925 ἠπίσταντο
3534 4854 3671 4936 rati;-

2102 4934 2230 5026 μην,
2255 4954 2317 5007 τδ
2351 4950 2485 5005 πολὺ
2524 4948 2620 5003 τοῦ
2654 4948 2821 5018 φόϐου
2862 4946 3204 5006 διεσκέδασε,
3239 4944 3337 4998 καὶ
3373 4934 3669 5010 παρεκάλει

2099 5043 2539 5115 παραγίνεσθαι,
2604 5041 2819 5094 δικαίαν
2895 5038 3134 5108 ὑποψίαν
3205 5031 3664 5105 ἀποκρουόμενον·

2103 5137 2341 5209 ρῌδεσαν
2376 5134 2483 5205 γὰρ
2540 5133 2615 5196 ὡς
2667 5134 2695 5186 ὁ
2729 5133 2887 5202 δίκην
2918 5133 3045 5204 ᾅδου
3083 5127 3352 5200 κεχηνὼς,
3388 5117 3679 5209 καταπιεῖν.

2100 5230 2224 5292 τοὺς
2273 5228 2483 5292 πάντας
2536 5227 2849 5298 ἐφιέμενος,
2883 5224 3071 5287 δεδιὼς
3108 5224 3334 5284 εἰκότως
3385 5218 3556 5279 ἔσται,
3598 5208 3667 5279 μὴ

2103 5322 2240 5392 πρὸς
2286 5320 2597 5375 τούναντίον
2642 5319 2792 5389 αύτῷ
2841 5318 2901 5372 τὸ
2953 5317 3207 5390 βούλημα
3264 5298 3672 5392 περισταίη,

2104 5414 2249 5469 κατᾶ
2302 5416 2524 5468 πάντων
2577 5413 3009 5483 ἀναισχυντήσῃ,
3056 5410 3157 5463 οὒκ
3214 5410 3273 5462 ἐν
3319 5405 3440 5459 ταῖν
3493 5390 3668 5483 χερνῖγ

2105 5506 2254 5577 ἡμᾶς
2298 5503 2458 5574 ἔχων.
2509 5503 2652 5557 Ἀλλ’
2705 5479 2986 5565 ἐλθόντες,
3013 5500 3108 5554 και
3151 5500 3245 5552 τὸν
3294 5490 3524 5561 ἀδελφδν
3579 5479 3669 5531 σὺν

2107 5597 2230 5666 ἐμοὶ
2257 5596 2407 5666 παρὰ
2427 5595 2505 5666 τῷ
2529 5595 2712 5664 Πέρσῃ
2743 5592 3093 5661 θεασάμενοι,
3111 5588 3334 5658 γνόντες
3356 5584 3416 5637 τὸ
3439 5577 3659 5648 πρᾶγμα

2109 5689 2408 5759 ἔκδείηκδς
2437 5687 2588 5758 παρὰ
2624 5686 2724 5756 τὴν
2755 5685 2982 5738 ἐκείνων
3020 5682 3202 5747 δόξαν,
3238 5674 3453 5751 ἀφωνία
3478 5679 3659 5759 συσχε-

2111 5756 2308 5844 θέντες
2328 5780 2420 5834 ἐπὶ
2455 5756 2676 5851 μακρῷ,
2706 5778 2862 5832 οὐδέν
2890 5795 2943 5831 τι
2993 5776 3132 5845 πρὸς
3167 5773 3430 5844 ἀλλήλους

2109 5889 2290 5943 γοντο.
2334 5871 2425 5936 Ὦς
2455 5844 2521 5925 ’δ’
2570 5844 2981 5939 ἀνενεγκόντες,
3018 5844 3117 5935 ὀψὲ
3157 5864 3251 5920 καὶ
3307 5860 3461 5933 μόγις
3505 5844 3650 5922 ῥῆξαι
