3950 6428
221 361 325 425 ἳ25
1003 307 1410 412 resonent
1450 338 1812 406 esseom
1857 336 2250 398 LAUDATIO
2274 329 2712 400 FUNEBRIS.‘
3377 331 3485 399 εει
3549 421 3556 432 .

221 473 407 544 φωνὴν
459 467 823 537 ἐδυνήθησαν,
881 463 1091 534 ταύτην
1138 463 1202 532 δὴ
1261 456 1487 529 πρώτην
1539 453 1792 524 ἀφέντες,
1825 485 1838 511 Α

1948 447 2145 514 mnptis
2184 446 2415 512 animis,
2440 461 2567 501 sero
2597 447 2812 500 tandem
2835 446 3037 516 vixque
3055 445 3211 502 licuit
3236 460 3488 516 rumpere

219 537 788 632 Ᾰιαέεερωνήκαμεν,
822 557 1058 628 ἐσόησαν
1093 555 1354 614 ἅπαντες.

1948 549 2126 602 ocem,
2156 538 2298 591 hanc
2331 538 2567 607 primam
2606 537 2886 592 mittentes
2911 579 2927 604 ,
2957 539 3337 594 clamaverunt
3368 554 3487 594 om-

1909 642 2010 683 nes
2035 644 2049 681 :
2082 628 2507 696 Desperavimus.

1982 718 2120 773 Cum
2181 734 2313 787 ergo
2378 719 2416 773 ii
2454 721 2508 773 in
2574 719 2722 774 hunc
2773 720 2997 775 modum
3048 735 3156 774 una
3201 721 3486 776 nobiscum

1909 811 2226 880 congregati
2253 818 2464 877 essent,
2515 814 2573 881 (ο
2612 813 2889 882 quomodo
2914 810 3254 866 conﬂuebant
3279 817 3489 871 omnia.

1911 903 2079 973 inque
2109 919 2385 959 summum
2418 904 2559 959 aciei
2617 904 2922 975 cuspidem,
2951 916 3013 958 ut
3058 905 3138 958 sic
3168 904 3384 972 loquar,
3406 906 3489 957 ti-

1914 1010 2094 1051 mores
2113 994 2364 1051 l‘erebant
2395 996 2436 1066 l)
2470 997 2619 1051 venit
2639 1012 2833 1052 recens
2850 1013 2913 1052 ex
2942 995 3494 1073 $elybriaimperator

1915 1103 2107 1156 nepos.
2135 1087 2248 1143 lloc
2280 1103 2451 1157 porro
2481 1090 2700 1144 abunde
2721 1090 2803 1145 sic
2840 1090 3108 1153 confudit,
3144 1090 3271 1142 utin
3303 1089 3495 1156 despe-

1915 1181 2184 1234 rationem
2226 1181 2454 1235 omnino
2512 1191 2756 1251 cogeret,
2802 1197 2867 1237 ac
2915 1196 3016 1237 ceu
3070 1184 3353 1251 desperata
3390 1182 3498 1234 vita

1914 1274 1983 1328 ad
2022 1282 2476 1330 testamentorum
2526 1285 2748 1346 cogeret
2794 1277 3033 1332 tabulas.
3096 1276 3328 1332 Eranuls
3374 1277 3496 1346 agni

1916 1365 1973 1419 in
2003 1366 2183 1420 medio
2207 1367 2479 1436 luporum,
2508 1371 2697 1437 quales
2732 1369 2949 1423 Do.nini
2996 1371 3288 1422 oraculum
3321 1369 3492 1421 disci-

1919 1457 2076 1525 pulos
2098 1457 2285 1523 habet,
2321 1459 2673 1529 hostiumque
2705 1461 2882 1527 capita
2919 1461 3095 1513 instar
3146 1460 3396 1527 aspiduzu
3436 1474 3498 1511 ac

233 1547 690 1650 partso‘sv-rrpe;
739 1576 866 1639 τοὺς
918 1572 1202 1644 μαθητὰς,
1231 1569 1533 1633 πατοῦντες
1572 1569 1673 1639 μὲν
1709 1569 1810 1631 τὰς

1952 1549 2273 1616 corpionum
2320 1550 2622 1614 calcantes,
2654 1550 2792 1604 nihil
2837 1550 3024 1605 damni
3071 1550 3142 1603 ab
3168 1548 3248 1602 eis
3286 1547 3501 1601 fereba-

230 1641 344 1723 τῶν
373 1641 888 1739 ἐχθρῶν-κεφαλὰς,
918 1641 1096 1735 δφεῶν
1124 1681 1183 1717 τε
1217 1664 1313 1716 καὶ
1342 1661 1622 1732 σκορπίων
1655 1662 1810 1715 ἄντι-

1948 1656 2068 1705 nus,
2099 1642 2217 1710 ejus
2261 1641 2608 1703 ambulantes
2657 1643 2780 1709 lide,
2839 1643 2997 1710 cujus
3052 1650 3138 1695 est
3203 1642 3498 1710 potestatis

231 1780 370 1833 κρυς
399 1732 569 1815 τόπον
598 1732 995 1823 διασωζόντων,
1028 1759 1124 1812 καὶ
1157 1757 1434 1828 μηδεμίαν
1465 1757 1596 1829 παρ’
1626 1754 1811 1808 αὐτῶν

1948 1734 2155 1788 alvare.
2187 1732 2368 1788 Meum
2411 1750 2575 1803 porro
2613 1735 2840 1790 fratrem
2874 1734 3017 1789 haud
3059 1734 3216 1788 laetus
3268 1732 3505 1801 suscipit

236 1855 605 1922 ὑπομένοντες
639 1852 864 1921 βλάϐην,
892 1852 1078 1905 πίστει
1124 1853 1489 1922 πορευόμενοι
1526 1849 1622 1903 τοῦ
1653 1848 1817 1903 δύνα-

1948 1841 2089 1878 ιοιιιο
2122 1825 2301 1880 bellua
2334 1843 2348 1880 :
2375 1828 2465 1880 cui
2502 1827 2762 1881 nimirum
2802 1826 2913 1882 alte
2938 1835 3082 1882 esset
3118 1827 3305 1880 animo
3337 1840 3498 1893 repo-

241 1964 336 2014 μιν
354 1917 581 2016 ’ἔχοντος
615 1917 838 2007 σώζειν.
893 1917 1257 2014 ’Υποδέχεται
1303 1943 1369 2012 δή
1420 1943 1635 2011 μοικτδν
1667 1942 1822 1996 ἁδελ-

1948 1917 2091 1971 ίὶιυιιι
2125 1928 2181 1970 ιιι
2206 1929 2445 1974 veterem
2464 1919 2725 1988 deinceps
2747 1920 2884 1973 iram
2913 1918 3273 1974 ulcisceretur
3309 1926 3510 1970 :atuc-

241 2007 549 2104 abacum”;
599 2034 813 2098 ἐκεῖνος
868 2033 980 2088 οὔτ’
1019 2007 1294 2104 ἀσμένως,
1333 2007 1447 2105 κίχε
1490 2007 1602 2102 γὰρ
1665 2031 1824 2102 μετό-

1948 2024 2035 2079 lue
2058 2010 2357 2072 morosius.
2388 2018 2450 2064 ut
2479 2011 2790 2066 videbatur.
2817 2011 3193 2066 Reverebatur
3226 2010 3398 2072 enim,
3421 2007 3508 2061 sin

295 742 514 798 Τούτων
560 739 627 810 δὴ
702 735 1205 809 συναθροισθέντων
1287 727 1595 803 τηνικαῦτα
1677 729 1798 797 μεθ’

226 838 384 907 ἡμῶν
413 835 482 908 (ὼ
522 835 644 896 πῶς
685 833 864 887 πάντα
905 829 1182 899 συνέρρει,
1214 829 1311 880 καὶ
1356 826 1492 893 πρὸς
1523 824 1697 894 αὐτὴν
1725 823 1802 888 ὡς

230 931 293 983 ἄν
322 946 406 991 τις
434 927 579 981 εῐποι
615 925 717 996 τὴν
751 923 997 994 κορυφὴν
1022 921 1123 990 τῆς
1151 920 1338 991 ἀκμῆς
1353 919 1645 975 ἁνεῆῐόασε
1676 918 1802 978 τοὺς

227 1022 488 1091 φόϐουςε)
552 1019 746 1090 νέηλυς
805 1018 869 1071 ὲκ
924 1014 1228 1085 Σηλυϐρίας
1284 1013 1648 1082 παραγίνεται
1705 1011 1805 1063 καὶ

227 1114 487 1183 βασιλεὺς
523 1113 552 1164 ὁ
582 1108 918 1179 ἀδελφιδοῦς.
955 1107 1129 1161 Τοῦτο
1173 1107 1231 1160 δὲ
1287 1103 1357 1159 αὖ
1403 1106 1552 1175 ἡμᾶς
1581 1102 1677 1157 ἐπὶ
1706 1119 1800 1156 το-

234 1207 421 1258 σοῦτον
455 1204 730 1274 συνέχεεν,
759 1204 884 1255 ὅσον
926 1202 1022 1255 καὶ
1052 1200 1421 1270 ἀπειρηκέναι
1454 1197 1801 1261 παντάπασι,

233 1300 332 1352 καὶ
362 1296 624 1367 δεηθῆναι
648 1294 945 1364 διαθηκῶν,
964 1294 993 1348 δ
1030 1295 1209 1347 ποιεῖν
1233 1295 1452 1361 ἀνάγκη
1492 1292 1647 1344 πᾶσα
1676 1291 1806 1352 τοὺς

231 1393 331 1462 τὴν
384 1391 578 1444 ἐλπίδα
628 1390 729 1459 τῆς
782 1389 927 1459 ζωῆς
979 1385 1451 1455 ἀποϐεϐληκότας.
1505 1381 1623 1436 Καὶ
1662 1376 1807 1453 ἦμεν

230 1488 396 1555 ἄρνες
426 1487 485 1536 ἐν
517 1482 667 1553 μέσῳ
693 1481 895 1545 λύκων,
929 1478 1088 1534 τοῦτο
1112 1478 1178 1547 δὴ
1205 1477 1271 1531 τὸ
1303 1477 1384 1545 τῷ
1411 1476 1629 1545 Σωτῆρι
1666 1491 1809 1545 χρη-

247 2128 405 2182 πισθε
454 2126 610 2181 κότον
656 2125 802 2197 ὄφρα
856 2125 1055 2197 τελέσῃ
1097 2127 1157 2180 ὲν
1220 2127 1480 2196 στήθεσιν
1520 2119 1682 2189 οἷσιν,
1709 2121 1822 2178 οὔτ’

256 2219 425 2289 ἀηδῶς
455 2218 515 2272 τό
546 2235 611 2284 γε
646 2217 828 2271 δοκεῖν
853 2233 869 2249 ·
908 2215 1179 2290 ᾐσχύνετο
1206 2217 1338 2288 γὰρ,
1371 2217 1421 2271 εί
1472 2217 1567 2269 καὶ
1619 2218 1698 2288 μὴ
1724 2218 1826 2280 τὰς

266 2308 396 2376 προς
418 2307 501 2362 τὸν
534 2307 768 2376 ἀδελφὸν
812 2309 1167 2379 ὑποσχέσεις,
1194 2309 1313 2363 ἀλλ’
1346 2310 1497 2380 ἡμᾶς
1526 2327 1612 2376 τε,
1637 2310 1734 2362 καὶ
1762 2308 1826 2362 τὸ

260 2400 397 2466 δόξαι
434 2400 572 2471 μηδὲ
623 2400 760 2470 γοῦν
789 2400 928 2471 πρὸς
957 2401 1107 2472 ὥραν
1149 2400 1370 2472 ἰσχύσαι
1407 2401 1501 2454 τὸν
1549 2401 1628 2455 ίὸν
1676 2400 1829 2456 ἔνδον

252 2496 565 2564 κατασχεῖν,
597 2494 718 2548 ἀλλ’
752 2495 956 2549 αὐτίκα
984 2496 1182 2550 τοῦτον
1208 2497 1437 2567 ἐμέσαι.

319 2584 481 2639 Οὕτω
506 2583 804 2655 τοιγαροῦν
850 2585 1223 2656 διακείμενος,
1255 2587 1532 2658 βούλευμα
1573 2587 1791 2659 δέχεται
1813 2604 1831 2623 θ

247 2673 352 2728 οὐκ
385 2672 497 2743 ἐρῶ
520 2690 584 2741 γε
619 2674 727 2728 ὑπὸ
758 2673 925 2728 τίνων
949 2690 963 2705 ⁸
1005 2675 1148 2728 ἔστω
1189 2675 1248 2728 δὲ
1280 2675 1385 2730 ὑπὸ
1418 2674 1517 2731 τοῦ
1547 2677 1832 2748 δαίμονος,

245 2766 307 2819 δν
347 2768 443 2819 ἐπὶ.
474 2764 573 2836 τῆς
616 2765 783 2820 αὐτοῦ
832 2765 1016 2838 ψυχῆς
1062 2767 1302 2839 ἔφερεν·
1351 2770 1684 2825 ἀποκτεῖναι
1732 2771 1836 2842 μὲν

247 2859 423 2928 ἡμᾶς,
457 2858 550 2912 καὶ
584 2857 687 2930 τὴν
721 2859 999 2930 ἡμετέραν
1030 2861 1217 2916 πᾶσαν
1245 2860 1427 2929 οἰκίαν
1450 2903 1466 2929 ,
1509 2864 1835 2918 ἀποκτεῖναι

249 2950 307 3002 δὲ
333 2952 461 3012 τοὺς
506 2951 615 3004 τῶν
651 2950 895 3004 εὐσεϐῶν
934 2951 1224 3022 ἄρχοντας.
1274 2951 1450 3006 Τοῦτο
1492 2954 1603 3024 γὰρ
1647 2953 1837 3023 βουλό-

256 3058 420 3111 μενος
472 3042 777 3114 πόρρωθεν,
812 3043 933 3097 τότε
974 3045 1084 3098 δεῖν
1131 3043 1289 3115 ᾠήθη
1333 3044 1745 3114 διαπράξασθαι
1774 3047 1835 3101 τὸ

253 3136 391 3203 ἄγος
412 3151 428 3167 ·
470 3133 536 3187 ἶν’
563 3136 637 3198 ὡς
672 3136 900 3205 ἔφασκε,
944 3137 1038 3191 τὸν
1076 3137 1255 3208 χῶρον
1284 3137 1451 3191 αὐτοῦ
1492 3137 1840 3209 καθάραντος
1864 3153 1910 3212 α

256 3222 323 3272 ἐκ
376 3220 488 3273 τῶν
539 3221 813 3288 ἀκανθῶν,
842 3225 994 3294 ἡμᾶς
1033 3223 1096 3296 δὴ
1146 3224 1343 3293 λέγων,
1375 3225 1470 3297 ἐξῇ
1518 3229 1635 3290 τοῖς
1678 3227 1836 3281 τοῦδε

259 3312 419 3363 παισὶ
467 3310 540 3381 μὴ
583 3314 709 3376 τοὺς
748 3312 915 3377 πόδας
950 3316 1135 3369 αὐτῶν
1170 3317 1489 3385 αἱμάττειν,
1523 3319 1583 3371 ὲν
1607 3317 1686 3389 τῷ
1726 3319 1837 3373 τῶν

260 3400 607 3471 Χριστιανῶν
660 3405 1079 3474 κατορχεῖσθαι.
1144 3407 1388 3472 Ἐκεῖνος
1445 3408 1546 3479 μὲν
1606 3409 1840 3465 τοιαῦτα

261 3493 607 3548 ἐϐουλεύετοο
632 3495 711 3566 τῷ
744 3495 788 3548 δ’
819 3496 1059 3567 ἀληθινῷ
1093 3498 1328 3570 δεσπότῃ
1359 3502 1451 3552 καὶ
1480 3501 1543 3553 οὐ
1579 3499 1840 3571 μισθωτῷ

263 3588 487 3656 ποιμένι
519 3589 579 3640 οὐ
615 3590 788 3642 ταῦτα
820 3592 1081 3661 περὶτῶν
1113 3593 1407 3662 προϐάτων
1432 3595 1633 3651 ἐδόκει.
1662 3596 1841 3649 Ἐκεῖ-

263 3697 357 3743 νος
407 3682 507 3748 μὲν
545 3682 651 3752 γὰρ
689 3682 767 3753 τῷ
807 3684 1124 3755 στρατηγῷ,
1157 3686 1416 3757 εὐνοῦχος
1456 3687 1502 3740 δ’
1542 3681 1698 3753 οὗτος
1749 3684 1838 3759 ἦν,

265 3772 633 3840 προσέταττεν
678 3775 829 3844 ἡμᾶς
875 3777 1086 3830 ἀνελεῖν
1131 3777 1389 3848 νύκτωρ,
1438 3783 1532 3833 καὶ
1578 3781 1843 3850 μηδαμῶς

265 3863 441 3926 ἄλλως
469 3864 677 3933 πρᾶξαι
700 3881 715 3897 ⁸
760 3868 809 3919 εί
839 3866 897 3920 δὲ
944 3869 1045 3937 μὴ,
1074 3869 1378 3941 ἠπείλησεν
1409 3870 1562 3943 αὐτῷ
1607 3871 1844 3927 θανάτου

264 3959 541 4028 τιμήσειν.
585 3958 727 4012 Ἀλλ’
764 3961 791 4013 ὁ
833 3948 967 4024 Θεδς
1019 3963 1320 4016 ἐπέταττεν
1370 3963 1521 4034 αὐτῷ
1575 3965 1846 4034 μηδαμῶς

267 4048 429 4103 τοῦτο
481 4050 708 4121 πρᾶξαι.
758 4050 868 4105 Καὶ
917 4053 1170 4121 γέγονεν,
1222 4049 1399 4123 οἶμαι,
1455 4054 1848 4124 παραπλήσιον

265 4141 345 4211 τῷ
386 4157 517 4195 ποτε
567 4142 703 4212 ὑπὲρ
730 4144 828 4213 τῆς
878 4144 1098 4215 Σάρρας
1127 4144 1504 4216 γεγενημένῳ.
1541 4146 1606 4198 Ὀ
1640 4145 1705 4216 δὴ
1739 4163 1847 4215 μα-

270 4233 381 4289 θὼν
410 4237 436 4287 ὁ
474 4239 691 4304 φονεὺς,
725 4237 847 4290 ἀντὶ
879 4237 974 4290 τοῦ
1007 4237 1198 4299 κακῶς
1251 4238 1480 4308 ποιῆσαι
1526 4238 1617 4292 τὸν
1669 4239 1851 4309 παρή-

270 4342 425 4389 κοον,
457 4325 486 4378 ὁ
512 4325 568 4380 δὲ
615 4327 764 4394 αὑτῷ
797 4328 891 4379 καὶ
923 4326 1153 4398 χάριτας
1182 4324 1458 4395 ὡμολόγει
1499 4326 1600 4396 τῆς
1633 4325 1853 4394 ἀγαθῆς

277 4416 614 4486 μελλήσεως,
646 4417 895 4487 φάσκων,
927 4415 1004 4479 ὡς
1035 4415 1200 4480 εὐθὺς
1239 4414 1434 4482 εἰπὼν,
1480 4414 1696 4489 σφοδρῷ
1740 4432 1851 4468 τινι

1927 2101 2103 2156 factas
2152 2101 2308 2156 fratri
2364 2104 2788 2172 promissiones,
2838 2112 2893 2157 at
2915 2117 3003 2158 me
3052 2103 3271 2165 saltem,
3320 2115 3384 2155 ac
3440 2116 3508 2152 ue

1929 2192 2205 2247 videretur
2232 2208 2303 2248 ne
2329 2193 2397 2248 ad
2425 2193 2633 2260 ,boram
2663 2208 2829 2263 posse
2887 2193 3043 2248 intus
3084 2204 3354 2246 venenum
3375 2202 3512 2243 con-

1931 2285 2085 2353 dere,
2120 2285 2213 2341 sed
2238 2284 2369 2341 illud
2405 2284 2593 2341 statim
2622 2286 2745 2356 cogi
2781 2299 3058 2341 evomere.

2007 2556 2147 2614 Cum
2195 2558 2295 2631 sic
2325 2557 2509 2628 itaque
2546 2556 2717 2613 animi
2768 2556 3015 2619 haberet,
3056 2552 3347 2609 consilium
3391 2550 3515 2604 init.

1938 2652 2121 2711 Nolim
2157 2653 2344 2708 dicere
2373 2665 2485 2721 quo
2522 2659 2768 2705 auctore.
2802 2647 2931 2703 Esto
2961 2657 3017 2701 ut
3037 2647 3159 2717 ejus
3179 2656 3376 2700 auctor
3395 2644 3516 2697 din-

1936 2747 2098 2803 bolus
2147 2743 2333 2808 fuerit,
2367 2757 2530 2813 quem
2590 2741 2798 2796 ferebat
2837 2749 3057 2810 pectore
3090 2754 3105 2793 :
3144 2745 3202 2792 ut
3259 2735 3518 2789 nimirum

1939 2852 2042 2911 nos
2106 2845 2388 2906 totamque
2417 2843 2661 2891 nostram
2702 2833 2927 2902 stirpem
2977 2831 3203 2892 deleret,
3250 2828 3523 2894 simulque

1939 2944 2160 2997 omnes,
2214 2929 2309 2998 qui
2340 2926 2586 2982 ﬁdelium
2640 2928 2804 2980 rebus
2847 2930 3173 2994 praeessent,
3218 2917 3520 2974 occideret.

1941 3021 2060 3078 lam
2091 3022 2239 3077 enim
2273 3020 2401 3074 olim
2435 3020 2509 3073 ita
2537 3016 2721 3072 animo
2755 3016 2982 3080 habens,
3019 3011 3342 3083 patrandum
3390 3016 3522 3061 tunc

1943 3115 2158 3171 facinus
2207 3113 2442 3184 putavit;
2498 3121 2557 3166 ut
2601 3109 2892 3173 nimirum,
2938 3105 3206 3160 mundata
3225 3103 3292 3157 ab
3344 3101 3525 3170 spinis

1943 3208 2166 3275 regione
2186 3192 2310 3274 (nos
2337 3205 2527 3274 spinas
2551 3199 2906 3270 intelligens),
2937 3200 3059 3269 ejus
3090 3196 3525 3250 liliisincruento

1943 3297 2083 3368 pede
2136 3295 2583 3351 Christianorum
2635 3291 2754 3347 solo
2806 3291 3010 3345 saltare
3056 3288 3262 3341 liceret.
3324 3285 3403 3336 Ac
3434 3282 3527 3336 ilic

1941 3388 2162 3459 quidem
2219 3385 2508 3441 consilium
2582 3383 2686 3437 hoc
2765 3381 3006 3450 agitabat
3055 3396 3070 3445 ;
3121 3392 3287 3431 verus
3345 3383 3525 3428 autem

1944 3479 2235 3541 Dominus,
2278 3477 2522 3544 nihilque
2579 3475 2958 3543 mercenarius
3010 3481 3219 3540 pastor,
3273 3460 3431 3522 secus
3461 3467 3531 3518 de

1946 3573 2106 3627 nobis
2137 3569 2489 3625 decernebat.
2523 3566 2700 3622 Jussit
2736 3579 2900 3635 porro
2928 3562 3054 3618 duci
3092 3560 3387 3624 exercitus,
3434 3559 3531 3625 qui

1945 3663 2237 3719 eunuchus
2266 3670 2411 3725 erat,
2449 3671 2509 3714 ut
2539 3674 2643 3712 nos
2666 3665 2829 3712 noctu
2876 3655 3230 3716 interﬁceret,
3261 3656 3365 3705 nec
3422 3650 3533 3703 ullo
3628 3702 3633 3705 .

1947 3755 2113 3811 modo
2140 3769 2255 3809 rem
2294 3752 2574 3807 omitteret
2604 3768 2617 3804 :
2645 3750 2734 3804 sin
2767 3759 2974 3811 autem,
3026 3742 3395 3799 comminatus
3447 3752 3532 3794 est

1948 3850 2084 3911 lore,
2115 3855 2172 3902 ut
2205 3845 2324 3914 ejus
2349 3842 2511 3913 capiti
2561 3849 2758 3896 staret.
2817 3837 3021 3893 Verum
3056 3836 3316 3904 praet-epit
3365 3832 3527 3890 Deus.

1948 3955 2009 3999 ut
2038 3958 2108 3997 ne
2135 3939 2365 4001 faceret,
2392 3935 2699 4008 acciditque
2754 3947 2862 3988 non
2904 3931 3157 3986 absimile
3189 3929 3262 3993 ei,
3289 3928 3433 3997 quod
3478 3929 3530 3980 in

1951 4035 2156 4091 Sarrba
2183 4033 2314 4088 olim
2342 4029 2636 4086 accidisset
2652 4027 2745 4080 δν.
2768 4026 2838 4082 Ut
2862 4035 3045 4079 autem
3069 4021 3342 4076 homicida
3363 4020 3537 4075 resei-

1950 4129 2051 4193 vit,
2074 4125 2272 4181 nedum
2309 4122 2622 4177 ministrum
2661 4133 2769 4173 non
2786 4116 2969 4172 alIccit
2991 4130 3151 4185 paena
3177 4116 3270 4184 qui
3308 4128 3414 4166 non
3437 4113 3537 4167 ob-

1953 4225 2176 4274 secutus
2206 4222 2373 4276 esset,
2409 4210 2658 4266 utetiam
2688 4209 2948 4265 habuerit
2985 4206 3211 4277 gratias,
3233 4205 3380 4276 quod
3398 4205 3539 4258 bene

1953 4310 2261 4366 distulisset
2290 4305 2606 4362 :allirmans
2634 4317 2759 4357 mox
2791 4301 2919 4357 data
2950 4300 3247 4362 sententia.
3301 4283 3537 4354 baud'se

1955 4405 2149 4460 leviter
2177 4401 2252 4456 rei
2277 4397 2639 4470 paenituisse;
2668 4410 2790 4466 qua:
2805 4394 2967 4465 plane
3000 4393 3238 4447 mutatio
3268 4389 3413 4446 baud
3433 4389 3542 4443 alio

276 4508 493 4574 βάλοιτο
531 4509 827 4583 μεταμέλῳ
853 4525 867 4540 ·
898 4509 956 4573 ὃς
989 4525 1054 4578 γε
1086 4509 1187 4580 οὐχ
1226 4509 1499 4578 ἑτέρωθεν
1529 4504 1597 4581 ἧν
1626 4508 1660 4579 ἢ
1696 4508 1838 4578 παρὲ

1955 4497 2138 4553 evenit
2159 4510 2320 4566 quam
2354 4490 2464 4546 Deo
2496 4501 2741 4544 auctore.

272 4599 412 4654 Θεοῦ
452 4601 688 4665 πάντως.

343 4691 453 4748 Ἦν
482 4694 639 4748 ταυτί
668 4710 682 4726 ο
712 4693 810 4748 καὶ
839 4695 867 4746 ὁ
899 4692 1093 4763 Αἰθίοψ
1121 4693 1220 4764 τὴν
1268 4691 1451 4763 ψυχὴν
1479 4692 1581 4745 οὐκ
1626 4692 1853 4747 ἐδύνατο

276 4787 375 4855 τήν
412 4784 673 4857 μελανίαν
701 4783 1072 4854 ἀπονίψασθαι
1098 4789 1114 4805 ⁶
1153 4783 1290 4838 ἀλλὰ
1329 4781 1549 4852 πρῶτον
1584 4783 1855 4853 ὲξεμέσας

284 4881 373 4951 τὴν
420 4878 613 4951 ὀργὴν,
642 4878 711 4932 δι’
744 4871 820 4932 ὧν
867 4878 953 4941 είς
1003 4877 1133 4941 τοὺς
1190 4877 1499 4948 ἡμετέρους
1551 4873 1861 4947 ὲξύόρισεν,

285 4971 518 5042 ἐκκόψας
551 4974 650 5042 μὲν
671 4970 989 5041 ὀφθαλμοὺς
1020 4973 1085 5023 ὲκ
1116 4971 1212 5024 τοῦ
1249 4967 1539 5037 ναυτικοῦ,
1574 4969 1867 5040 ἀποκόψας

281 5064 335 5116 δὲ
369 5066 578 5135 χεῖρας,
629 5064 724 5119 καὶ
769 5063 940 5117 πολλά
989 5080 1103 5116 τισι
1144 5063 1253 5116 τῶν
1289 5064 1346 5115 ὲν
1388 5061 1535 5115 τέλει
1568 5061 1869 5132 ἐπαγαγὼν

284 5159 363 5220 εἰς
416 5157 696 5227 αἰσχύνην,
732 5160 829 5212 καὶ⁸
881 5155 1059 5230 ταύτῃ
1108 5157 1199 5209 τὸν
1258 5152 1359 5208 οὐκ
1412 5153 1640 5223 εῦλογον
1693 5154 1869 5224 θυμὸν

282 5250 628 5315 ἀναπαύσας,
671 5248 869 5303 ἔπειτά
912 5266 981 5318 με
1028 5249 1148 5301 λίαν
1195 5248 1434 5319 εὐήθως,
1462 5246 1522 5299 ὃν
1551 5245 1730 5317 ὴδίκει
1773 5248 1869 5302 καὶ

282 5340 591 5413 κατῄσχυνε
644 5341 860 5413 μυρίοις
890 5341 1268 5412 ἀδικήμασιν,
1303 5341 1569 5411 ἐπειρᾶτο
1613 5338 1868 5393 διαλλάτ-

284 5450 421 5500 τειν,
451 5433 646 5505 δώροις
697 5433 1040 5504 δεξιούμενός
1094 5451 1155 5487 τε
1214 5434 1312 5486 καὶ
1368 5431 1867 5502 πέμπωνόίκαδε,

287 5498 476 5597 ὥσπερ
526 5498 575 5580 ἐι
625 5529 694 5582 τὰ
730 5498 932 5589 παιδία
979 5527 1307 5598 τρωγαλίοις
1357 5498 1698 5600 ἡμεροῦντες
1732 5498 1874 5595 μετὰθ

284 5621 386 5683 τὰς
433 5621 651 5691 πληγὰς
702 5621 986 5679 κλαίοντα.
1031 5620 1090 5675 'U
1140 5621 1410 5690 λογισμὸς
1471 5616 1750 5689 φανερός’
1779 5617 1871 5672 ἵνα

362 5807 429 5838 ³³⁹
461 5806 577 5862 Gen
641 5806 818 5889 335.2.

1737 5867 1769 5877 ’κ

2034 4675 2134 4732 llis
2164 4675 2238 4729 ita
2263 4674 2457 4742 gestis,
2513 4667 2649 4724 nihil
2690 4674 2874 4720 tamen
2913 4663 3100 4717 animo
3139 4660 3394 4730 Ethiops
3457 4660 3546 4714 ni-

1967 4767 2247 4840 gredinem
2283 4764 2468 4820 eluere
2506 4762 2688 4833 potuit
2713 4776 2727 4813 :
2755 4773 2943 4813 verum
2979 4755 3072 4811 ubi
3118 4757 3354 4824 primum
3406 4754 3544 4807 iram

1965 4861 2324 4926 evomuisset,
2355 4858 2722 4928 gravibusque
2750 4852 2967 4923 injuriis
2992 4849 3270 4920 pulsasset
3296 4858 3542 4910 nostros,

1969 4950 2690 5021 nonnullis,classiariorum
2728 4943 3005 5001 eﬂodisset
3032 4941 3247 5003 oculos,
3267 4954 3331 4992 ac
3347 4953 3546 4992 manus

1967 5055 2331 5119 amputasset,
2369 5045 2615 5113 virisque
2648 5035 3008 5109 optimatibus
3038 5033 3211 5088 multa
3241 5032 3550 5102 irrogasset

1970 5141 2193 5213 probra,
2215 5140 2366 5194 velut
2385 5152 2449 5192 ea
2480 5134 2719 5189 vindicta
2749 5131 2991 5185 alienum
3019 5127 3280 5181 aratione
3302 5124 3548 5178 furorem

1977 5236 2249 5309 sedasset,
2280 5232 2453 5287 stulte
2502 5224 2799 5282 admodum
2839 5229 3027 5292 postea
3050 5258 3066 5282 ,
3091 5233 3255 5288 quem
3314 5227 3398 5272 tot
3431 5233 3551 5271 mo-

1977 5329 2064 5385 dis
2096 5308 2330 5383 laesisset
2356 5338 2420 5377 ae
2457 5308 2821 5379 contudisset,
2871 5310 3168 5369 conciliare
3218 5310 3550 5371 euitebatur,
3638 5312 3641 5317 '

1978 5419 2306 5478 muneribus
2339 5414 2627 5470 delinitnm
2675 5423 2741 5463 ac
2771 5407 3057 5473 donatum,
3077 5403 3300 5460 domum
3362 5404 3553 5457 remil-

1947 5530 2102 5579 .tens
2138 5535 2154 5572 :
2186 5523 2446 5583 tanquam
2479 5507 2672 5562 ﬂentes
2700 5503 2826 5575 quis
2862 5514 3064 5572 pueros
3092 5514 3123 5553 a
3157 5498 3349 5568 virgis,
3384 5495 3554 5551 bella-6

1980 5612 2077 5668 riis
2107 5610 2306 5682 placet.
2328 5604 2460 5676 Ejus
2487 5613 2654 5672 porro
2686 5598 2908 5654 animus
2936 5592 3083 5650 haud
3115 5593 3390 5648 obscurus
3410 5597 3551 5642 erat.

2282 5902 2303 5930 ἐ·
2375 5912 2380 5917 ν
2524 5922 2527 5926 .
2556 5904 2601 5926 ‘..
