3950 6432
298 351 405 418 2Ξ9

1085 351 1486 414 TlIEODfJRI
1532 349 1894 415 DESPOTJE
1941 351 2340 412 LAUDATIO
2378 354 2800 420 FUNEBRIS.

3475 367 3589 440 23η

391 463 529 520 Ἀλλ’
594 466 623 518 ό
681 460 799 529 νέος
856 464 1145 528 Ὀῖυτσεὶις
1209 465 1448 533 οὗτοσὶν,
1494 467 1524 520 ό
1580 463 1747 527 καλός
1804 483 1880 520 σοι

2063 462 2360 528 Caeterum,
2387 481 2565 523 novus
2615 467 2727 535 hic,
2761 472 2914 527 omni
2946 474 3043 531 tibi
3092 486 3249 549 parte
3309 479 3488 538 bonus
3519 492 3584 538 ac

300 560 479 613 πᾱντα
530 559 629 639 καὶ
674 558 1006 629 εὐμήχανος,
1039 557 1255 612 πολλῶν
1309 558 1410 628 μὲν
1446 557 1666 613 πλάνων
1696 558 1891 613 πεττεία

303 670 471 725 ραται·
495 654 593 706 καὶ
645 652 1009 706 παντοδαπῶν
1038 668 1053 684 ·
1089 652 1293 722 μᾶλλον
1323 652 1381 706 δὲ
1430 651 1576 705 ἑκὼν
1614 655 1887 725 πεπείρα-

298 763 389 798 ται
440 744 550 796 τῶν
583 743 777 797 δεινῶν
833 743 973 812 ὑπὲρ
1016 742 1127 795 τῶν
1162 742 1553 813 προσηκόντων
1590 742 1757 797 αὑτοῦ
1810 744 1887 815 τῷ

302 840 543 909 σχήματι
602 839 697 891 καὶ
749 839 813 908 τῇ
872 836 1022 908 ῥίζῃ,
1078 832 1147 910 ἦς
1197 852 1260 905 γε
1319 837 1507 905 ἐξέφυ.
1548 840 1777 892 Πάντων
1829 838 1886 892 δὲ

298 931 659 997 ἀπαλλαγεὶς,
689 930 786 983 καὶ
818 929 1108 999 σπηλαίου,
1145 930 1241 982 καὶ
1291 929 1582 1000 πορθμῶν,
1615 931 1711 985 καὶ
1757 930 1886 984 πολι

298 1023 408 1075 λῶν
454 1022 623 1075 πολλᾶ
662 1023 864 1075 ὑόντων
896 1020 1079 1089 νεφῶν
1104 1039 1269 1073 τινων
1299 1021 1460 1091 δίκην
1481 1023 1547 1075 τὰ
1577 1023 1788 1092 φοϐερά
1825 1038 1885 1075 τε

297 1119 394 1170 καὶ
418 1115 679 1185 δυσχερῆ,
705 1116 800 1167 καὶ
826 1114 935 1185 γὰρ
961 1114 1146 1167 ἑκτέον
1170 1112 1250 1166 ἔτι
1284 1113 1378 1167 τοῦ
1410 1115 1883 1186 παραδείγματος,

296 1209 490 1279 ἀσινὴς
551 1207 897 1277 παρέπλευσέ
983 1222 1044 1259 τε
1120 1208 1215 1259 καὶ
1294 1207 1644 1278 παρελήλυθε
1704 1208 1884 1271 πάσας

296 1299 517 1369 κῆραςο
565 1300 661 1353 καὶ
701 1297 940 1367 γεγονώς
989 1315 1119 1351 ποτε
1168 1301 1335 1359 οἶκοι,
1376 1293 1505 1368 εὗρε
1564 1282 1885 1370 Πηνελόπην

293 1392 395 1460 τὴν
442 1391 869 1457 Πελοπόννησον,
918 1390 1154 1460 ἄμωμον
1196 1392 1367 1454 αὐτὴν
1422 1391 1571 1461 αὑτῷ
1623 1394 1887 1465 διατηρή-

296 1501 471 1538 σασαν
523 1484 791 1553 ἀκριϐῶς,
823 1485 922 1537 οὐκ
978 1484 1391 1549 ὲξαναλύουσαν
1451 1487 1541 1539 τὸν
1592 1488 1886 1552 ίστδν,καὶ

291 1577 544 1631 διδοῦσαν
585 1575 1076 1646 τοὺς-πειρῶντας
1127 1575 1397 1641 ἐλπίζειν,
1435 1577 1575 1631 ἀλλὰ
1630 1579 1884 1649 φανερῶς

290 1671 493 1732 αὐτοὺς
543 1669 999 1740 ἀποτρέπουσανσ
1050 1668 1079 1722 δ
1129 1668 1194 1740 δὴ
1242 1668 1339 1723 τοῦ
1395 1669 1666 1741 προτέρου
1702 1670 1885 1739 πολλῷ

292 1765 564 1833 προέχει,
609 1763 704 1815 καὶ
750 1760 992 1832 τοσούτῳ
1036 1778 1123 1839 ys,
1149 1762 1528 1833 ὐπερήλασεν,
1583 1766 1695 1832 ὅσῳ
1748 1765 1884 1837 μηδὲ

289 1856 438 1924 λόγῳ
471 1854 618 1919 δόξαι
641 1854 740 1925 τήν
774 1853 1135 1931 σωφροσύνην
1168 1853 1401 1925 μολῦναι
1430 1870 1447 1888 ο
1483 1856 1511 1910 δ
1542 1872 1606 1924 γε
1635 1856 1882 1929 ζητήσας

295 1949 356 2001 ὲν
388 1945 464 2017 τῷ
514 1946 783 2018 προτέρῳ,
811 1948 911 2000 οὐκ
945 1945 1013 2000 ἂν
1066 1946 1269 2018 εὕροις.
1318 1948 1410 2013 Ὠς
1460 1950 1571 2018 γὰρ
1614 1951 1878 2024 {cummi}

297 2042 579 2111 tppévqou,
613 2042 714 2094 οὐκ
751 2039 1208 2111 ἀπαγορεύσασα,
1236 2039 1457 2097 ἅπαντα
1501 2044 1703 2116 ῥᾳδίως
1752 2046 1881 2101 ἁνύ-

305 2151 386 2187 σει
406 2150 423 2167 ο
451 2136 668 2191 πάντων
694 2134 804 2204 γάρ
832 2135 985 2186 ἐστιν
1020 2136 1049 2187 ό
1072 2133 1229 2203 λόγος
1248 2128 1751 2210 Ἑπικρατέστερος.

384 2225 442 2279 '0
469 2226 652 2279 τοίνυν
686 2226 890 2295 ἁγαθός
921 2243 1003 2279 σοι
1046 2226 1340 2297 δεσπότης,
1374 2228 1515 2299 μήτε
1548 2232 1881 2301 τραχυνθεὶς

318 2319 439 2384 ape;
474 2319 576 2381 τὰς
603 2319 955 2390 ἀπαιτήσεις,
987 2316 1159 2384 οῦσας
1203 2337 1269 2389 γε
1320 2325 1582 2376 τοσοῦτον
1612 2324 1882 2380 ἀδικωτά-

310 2427 416 2471 τας,
441 2411 565 2464 ὅσον
587 2412 614 2463 ό
647 2410 854 2475 ταύτας
876 2411 1124 2466 ἀπαιτῶν
1150 2412 1490 2478 ἀδικώτατος
1513 2430 1530 2449 ⁸
1566 2407 1629 2470 ὗε
1664 2416 1723 2471 δὲ
1750 2418 1882 2473 ταύ-

298 2519 398 2567 τας
436 2504 667 2568 πυκνὰς,
697 2503 793 2558 καὶ⁹
841 2502 1089 2574 ἐῴκεσαν
1124 2506 1314 2573 νιφάσι
1366 2509 1685 2580 χειμερινοῦ
1735 2528 1880 2577 τινος

295 2596 374 2660 ὡς
421 2598 484 2650 ὲκ
518 2599 734 2665 νέφους,
782 2598 920 2669 μήτε
954 2602 1093 2670 πρὸς
1143 2600 1243 2665 τὰς
1286 2600 1518 2665 ἀπειλὰς
1574 2603 1876 2675 φοϐηθείςο

292 2682 437 2757 ἦσαν
469 2689 525 2742 δὲ
562 2692 670 2743 αἰεί
714 2708 769 2743 τι
819 2692 1044 2763 χείρους
1089 2692 1186 2746 καὶ
1217 2690 1557 2764 ἀγριώτεραι
1593 2695 1649 2747 ai
1679 2696 1879 2748 νεώτε-

302 2798 394 2850 ραι
441 2782 536 2836 καὶ
576 2783 830 2854 δεύτεραι
860 2784 971 2837 τῶν
1016 2785 1413 2857 πρεσϐυτέρων
1454 2804 1515 2839 τε
1548 2789 1644 2842 καὶ
1680 2789 1881 2858 προτέ-

298 2890 413 2944 ρων
435 2892 449 2905 ·
485 2875 649 2944 μηδὲν
672 2876 806 2945 γοῦν
832 2878 1057 2945 στυφδν,
1098 2876 1235 2947 μηδὲ
1264 2878 1464 2948 τραχὺ,
1498 2879 1626 2950 μηδ’
1663 2881 1883 2934 ἀντίτυ-

300 2982 425 3032 πον,
476 2967 600 3037 μηδ’
646 2964 809 3032 αὖθις
836 2969 1213 3040 ἀνελεύθερον,
1260 2971 1395 3040 μηδὲ
1431 2972 1700 3041 μαλακὸν,
1741 2975 1878 3043 μηδὲ

296 3055 543 3121 ἔκλυτον,
576 3058 609 3129 ἢ
643 3058 916 3114 -ὁπωσοῦν
963 3061 1369 3129 ἐνδειξάμενος,
1418 3062 1451 3134 ἢ
1502 3064 1561 3117 τὸ
1610 3067 1876 3131 παράπαν

1991 556 2169 613 solers
2226 556 2485 629 Ulysses,
2552 564 2754 620 multos
2813 568 2931 634 ipse
2986 584 3051 624 ac
3119 574 3300 628 omnis
3363 578 3583 647 generis

1989 649 2313 704 seductores
2351 663 2639 721 expertus,
2703 670 2913 727 suaque
2970 661 3109 717 adeo
3165 675 3364 735 sponte
3422 668 3583 723 malis

1989 739 2309 806 defunctus,
2343 757 2443 811 pro
2473 745 2560 810 iis,
2602 748 2693 814 qui
2728 748 2846 816 ejus
2875 766 3195 821 personam,
3230 773 3295 813 ac
3336 760 3580 815 radicem

1990 847 2098 899 qua
2122 845 2267 888 esset
2288 846 2466 900 ortus,
2488 839 2896 911 contingerent,
2917 846 2984 898 ab
3015 850 3274 904 omnibus
3295 849 3578 907 liberatus.

1968 927 2058 992 ,ab
2117 926 2402 996 spelunca,
2458 930 2696 997 afretis,
2750 935 3071 1007 multisqu
3127 941 3356 996 nubium
3429 962 3584 1000 nime

1990 1017 2268 1073 tremenda
2303 1021 2469 1074 multa
2512 1036 2577 1077 ac
2642 1024 2872 1080 molesta
2912 1028 3302 1097 depluentibus
3374 1033 3581 1103 (adhuc

1988 1106 2190 1178 quippe
2223 1112 2538 1166 literenrlum
2561 1118 2862 1186 exemplo),
2923 1118 3221 1177 inciilumis
3276 1135 3586 1193 praeterna-

1988 1202 2218 1270 vigavit,
2263 1216 2567 1272 omnesque
2599 1194 3025 1278 praetergressus
3086 1227 3283 1280 noxas,
3358 1219 3580 1271 tandem

1988 1292 2287 1361 aliquando
2318 1294 2540 1350 domum
2605 1312 2888 1363 reversus,
2926 1300 3253 1373 Penelopem
3308 1305 3518 1362 invenit
3560 1325 3580 1363 :

1988 1383 2460 1455 Peloponnesum,
2495 1388 2747 1459 inquam,
2771 1392 2819 1446 ei
2839 1408 2897 1448 se
2932 1394 3426 1453 incontaminatani
3455 1401 3583 1455 dili-

1990 1486 2188 1545 genter
2221 1489 2564 1544 servantem,
2598 1497 2707 1537 non
2739 1485 3337 1553 quidem‘retexentetn
3413 1493 3581 1548 telam

1989 1584 2294 1642 procosque
2335 1583 2611 1630 tentantes
2670 1591 2766 1645 spe
2791 1576 3045 1642 alentem,
3098 1582 3191 1635 sed
3251 1596 3347 1638 eos
3400 1586 3577 1653 palam

1990 1663 2366 1732 repudiantem
2403 1682 2418 1730 ;
2458 1665 2605 1734 quod
2643 1667 2806 1739 longe
2839 1670 3203 1739 praestantius
3240 1684 3346 1738 est,
3394 1686 3580 1732 tanto-

1988 1769 2097 1822 que
2129 1754 2206 1809 illi
2237 1756 2541 1825 antecellit,
2604 1771 2815 1831 quanto
2873 1778 2941 1816 ne
2983 1764 3153 1819 verbo
3197 1766 3418 1835 quidem
3460 1770 3579 1824 visa

1988 1854 2071 1900 est
2110 1848 2419 1903 castitatem
2472 1850 2743 1920 polluere,
2793 1853 2943 1923 quod
2997 1854 3205 1912 fruStra
3239 1859 3492 1928 requiras
3522 1860 3576 1914 in

1986 1937 2275 2008 Penelope.
2302 1936 2418 1994 Non
2472 1942 2683 1997 defecta
2716 1946 2861 1998 enim
2928 1959 3302 2019 constansque
3339 1954 3580 2019 pruden-
3610 1981 3633 2018 ε

1988 2030 2057 2083 tia
2098 2035 2282 2087 omnia
2331 2034 2491 2088 facile
2562 2034 2915 2102 confecerit,
2973 2039 3182 2110 quippe
3254 2056 3378 2095 eum
3435 2051 3582 2097 ratm

1985 2125 2264 2181 universis
2301 2128 2559 2196 superior
2581 2130 2676 2184 sit.

2056 2215 2175 2273 Tibi
2211 2217 2396 2287 itaque
2427 2220 2605 2275 bonus
2657 2222 2907 2292 despota,
2943 2238 3043 2279 nec
3078 2239 3180 2295 pro
3210 2228 3580 2296 petitionibus

1983 2322 2367 2381 exasperatus,
2404 2328 2725 2383 quanquam
2764 2327 2927 2372 erant
2974 2326 3129 2374 tanto
3190 2320 3575 2388 iniustissima:

1983 2411 2193 2472 quanto
2213 2403 2451 2459 oili-rens
2477 2404 2881 2475 injustissiinus
2902 2420 3020 2466 erat
3043 2428 3057 2479 ;
3084 2426 3249 2483 porro
3278 2413 3572 2471 confertim

1984 2495 2335 2565 depluebant,
2360 2497 2501 2553 nivis
2521 2499 2694 2554 instar
2714 2501 2783 2555 ab
2815 2502 3045 2558 hiberna
3079 2506 3224 2560 nube
3261 2508 3418 2577 copia
3461 2511 3580 2580 glo-

1986 2591 2270 2654 merantis,
2303 2604 2395 2645 sed
2430 2605 2606 2660 neque
2640 2594 2802 2649 minis
2835 2599 3161 2665 perterritus
3198 2612 3214 2653 :
3247 2610 3403 2654 erant
3443 2614 3579 2653 vero

1984 2698 2201 2754 semper
2226 2701 2379 2743 nova:
2417 2700 2478 2740 ac
2493 2689 3015 2758 posteriores,parte
3035 2691 3472 2764 aliquaantiquis
3510 2710 3574 2746 ae

1983 2776 2256 2844 prioribus
2276 2778 2577 2833 deteriores
2617 2781 3349 2855 truculentioresque:nihil
3388 2789 3577 2842 acrius

1984 2871 2327 2940 asperiusve,
2372 2882 2467 2927 aut
2500 2874 2720 2951 durius,
2756 2876 3003 2946 nihilque
3034 2894 3229 2935 rursus
3280 2880 3568 2938 illiberale.

1985 2974 2080 3017 aut
2122 2966 2305 3031 molle,
2341 2967 2524 3021 ultore
2562 2971 2725 3022 modo
2757 2970 3086 3025 dissolutum
3122 2973 3382 3041 prodens,
3407 2985 3583 3029 autre

1985 3056 2211 3110 omnino
2245 3058 2475 3127 loquens
2505 3077 2519 3112 :
2558 3069 2729 3128 utque
2767 3059 2931 3115 νει-50
2962 3061 3167 3128 dicam,
3228 3063 3362 3118 nihil
3396 3066 3581 3120 minus

298 3149 670 3219 φθεγξάμενος
690 3166 705 3183 ο
737 3152 833 3206 καὶ
861 3152 1165 3224 συλλήϐδην
1198 3171 1262 3221 γε
1296 3155 1494 3219 εἰπεῖν,
1531 3157 1699 3227 μηδὲν
1732 3160 1871 3230 ἀπᾷα

1989 3149 2221 3218 tempori
2248 3165 2554 3220 congruum
2598 3171 2612 3206 :
2652 3151 2784 3221 quin
2823 3166 3134 3222 opportune
3158 3156 3345 3209 omnia
3370 3172 3578 3227 gerens

296 3241 388 3295 δον
430 3242 526 3295 τοῦ
575 3243 808 3321 καιροῦ·
840 3244 978 3299 ἀλλὰ
1015 3245 1136 3317 μετ’
1182 3244 1352 3300 αὐτοῦ
1405 3248 1585 3302 πάντα
1633 3250 1876 3321 πράξας,

298 3335 396 3387 καὶ
419 3335 600 3388 αὐτῶν
622 3314 925 3405 ⁴παιδαρίων
949 3314 1318 3410 ἀφελέστερον
1350 3341 1607 3402 ἀπέδειξε
1640 3314 1733 3397 τδν
1768 3314 1879 3400 Ῠίσα

299 3429 392 3480 καὶ
422 3429 572 3482 παιδὶ
607 3429 826 3500 σμικρῷ
865 3431 923 3497 ἐξ
954 3430 1232 3497 ἀναιδείας
1265 3433 1349 3497 είς
1384 3434 1550 3486 αὐτὸν
1585 3435 1874 3499 παίζοντα.

299 3515 514 3588 Χρῆται
540 3520 598 3573 δὲ
625 3516 725 3576 ὧδε
757 3526 825 3593 τῇ
861 3524 1128 3594 φρονήσει
1154 3541 1170 3556 ο
1215 3522 1342 3579 οὗτε
1389 3525 1674 3592 παντελῶς
1718 3529 1879 3581 ἀπει-

300 3614 386 3667 θεῖ
434 3616 595 3686 μέχρι
624 3615 833 3681 τέλους,
866 3617 894 3670 δ
944 3620 1054 3681 πᾶς
1107 3635 1192 3683 τις
1234 3618 1303 3673 ἂν
1357 3619 1565 3674 ἔπαθεν
1614 3622 1878 3687 επιεικῶς

298 3709 613 3776 ἀπογνούςο
651 3707 767 3762 οὔτ’
815 3709 884 3764 αὖ
935 3710 1258 3765 ὑπενδίδωσι
1305 3711 1406 3783 τὴν
1452 3714 1719 3786 ταχίστην
1745 3731 1760 3747 ο
1804 3715 1880 3779 ὡς

301 3806 442 3876 μήτε
478 3807 543 3877 τῇ
577 3806 850 3877 ὑπερϐολῇ
899 3807 999 3877 τῆς
1045 3809 1352 3873 ἑνστάσεως
1380 3809 1443 3863 τὸ
1475 3811 1657 3881 όργῶν
1690 3830 1751 3866 τε
1783 3816 1880 3867 καὶ

299 3898 632 3968 φλεγμαῖνον
687 3900 1148 3974 προσπαροξύνῃ,
1187 3902 1326 3973 μήτε
1371 3901 1450 3973 τῷ
1484 3904 1684 3976 ῥᾳδίως
1738 3902 1880 3958 οὕτω

300 3992 519 4059 ὑφεῖναι
561 3992 822 4064 παράσχῃ
870 3993 1094 4057 δικαίως
1128 3995 1386 4050 ὑπονοεῖν
1415 3996 1508 4049 τὸν
1554 3997 1771 4068 ἐχθρὸν,
1803 3998 1880 4061 ὡς

301 4082 412 4153 ἄρα
452 4101 506 4137 τι
538 4087 903 4156 προκείμενον
945 4086 1107 4156 ἔχων,
1137 4090 1258 4152 ταῖς
1306 4089 1589 4154 εὐκολίαις
1640 4091 1881 4145 κατακέ-

299 4192 523 4245 χρηται,
550 4175 712 4246 Ξτερα
748 4176 850 4248 μὲν
890 4177 1088 4245 λέγων,
1124 4178 1289 4251 ἔτερα
1338 4179 1386 4234 δ’
1428 4182 1508 4234 ἑνὶ
1553 4183 1717 4253 φρεσὶ
1751 4184 1881 4235 κεύ-

284 4267 430 4327 θῶν.

371 4361 527 4416 υῦτω
558 4361 634 4433 τῷ
680 4362 755 4433 νῷ
785 4364 1156 4434 χρησάμενος,
1188 4364 1262 4431 ὠς
1297 4364 1397 4419 οὐκ
1423 4366 1490 4419 ἂν
1517 4360 1586 4437 ἦν
1631 4365 1878 4435 κάλλιον,

300 4448 478 4523 οἶμαι,
511 4455 619 4508 οὐδ’
665 4456 730 4510 ἄν
772 4473 856 4521 τις
903 4456 1064 4517 ἄλλος
1114 4458 1387 4529 ἐκέχρητο
1430 4458 1542 4512 τῶν
1596 4459 1878 4525 ἁπάντων,

297 4545 581 4614 διαφυγὼν
632 4548 832 4618 ἐπίσης
879 4549 1232 4619 σκληρότητά
1287 4567 1349 4604 τε
1413 4551 1510 4604 καὶ
1566 4551 1879 4605 τούναντίον

304 4638 675 4708 μαλακότητα,
707 4634 784 4695 ὧν
832 4640 966 4694 ποτὲ
1011 4643 1405 4715 μὲν,θατερον,
1440 4642 1573 4697 ποτε
1619 4644 1677 4697 δὲ
1720 4639 1788 4698 αὖ
1819 4645 1881 4698 τὸ

298 4732 484 4785 λοιπὸν
535 4736 611 4797 ὡς
648 4732 892 4787 ταπολλὰ
942 4737 1056 4798 τοῖς
1107 4735 1494 4804 ἀδικουμένοις
1541 4735 1689 4804 φιλεῖ
1738 4754 1880 4805 συμ-

301 4824 507 4878 ϐαίνειν
528 4842 541 4857 ·
575 4829 747 4895 χωρεῖ
770 4828 870 4895 τὴν
903 4827 1076 4896 μέσην
1110 4829 1234 4881 λίαν
1284 4827 1488 4897 σοφῶς,
1524 4829 1621 4883 καὶ
1671 4828 1879 4899 ταύτην

302 4917 518 4985 ὁμαλῶς
554 4920 955 4985 πορευόμενος·
1003 4922 1208 4991 ήμεροῖ
1247 4922 1341 4972 τὸν
1395 4920 1670 4991 δράκοντα
1717 4921 1897 4983 τέως,-

299 5009 345 5060 εί
395 5010 490 5061 καὶ
534 5007 610 5078 μὴ
637 5009 869 5063 ἐπιπολὺ
898 5011 960 5061 τὸ
1002 5011 1178 5080 πρᾶον
1209 5010 1477 5077 ἐπιδείξαι
1516 5006 1627 5074 οἷός
1658 5028 1718 5063 τε
1754 5012 1879 5079 ἐγε-

299 5100 465 5166 γόνει.
496 5098 636 5164 Τοὺς
681 5096 778 5154 οὖν
811 5101 972 5153 αὐτὸν
1008 5102 1381 5171 φυλάττοντας
1432 5102 1624 5173 ὥσπερ
1655 5103 1879 5173 χειροήτ

299 5191 411 5253 θεις
437 5191 566 5261 τῇδε
601 5191 859 5261 ποιήσας,
890 5192 1002 5244 δεῖν
1028 5191 1182 5263 ᾠήθη
1218 5192 1411 5262 καιρὸν
1437 5187 1581 5259 εἶναι
1616 5193 1649 5263 ιι,
1680 5191 1874 5244 τεθνά-

298 5282 470 5351 ναι,ἢ
507 5283 830 5351 ἀποδρᾶναι.
870 5282 1143 5352 Τυγχὰνει
1199 5284 1257 5336 δὲ
1303 5283 1399 5336 τοῦ
1436 5284 1716 5353 δευτέρου,
1747 5283 1822 5346 ὼς
1850 5283 1879 5335 ό

297 5372 453 5440 λόγος
491 5375 698 5444 προῖὼν
731 5375 914 5441 δείξει.
952 5378 1166 5447 Πέμπει
1194 5378 1306 5449 γὰρ
1337 5378 1636 5439 ἐπιστολὰς
1663 5375 1874 5443 οἶκαδε,

297 5466 419 5530 οἵας
447 5469 494 5520 οἱ
527 5468 964 5538 προστάττοντες
994 5470 1281 5523 ἐδούλοντο
1303 5486 1318 5501 ο
1351 5470 1466 5532 τοῖς
1501 5468 1559 5522 δὲ
1592 5471 1748 5538 παρὰ
1780 5471 1876 5522 τοῦ

299 5559 579 5630 σατράπου
613 5561 970 5630 πεμφθεῖσιν,
1001 5561 1142 5617 ὥστε
1177 5562 1245 5616 τὰ
1280 5561 1519 5632 φρούρια
1549 5560 1739 5615 λαῦεἶν
1784 5563 1881 5616 καὶ

297 5646 401 5721 τὴν
449 5652 856 5724 Ἀγαμέμνονός
906 5671 1036 5707 ποτε
1088 5654 1266 5721 πόλιν,
1309 5653 1693 5724 συνεκπέμπει
1750 5654 1879 5717 τοὺς

299 5744 480 5808 αὐτοῖς
520 5746 955 5818 ἐγχειριοῦντας,
975 5747 1050 5812 ὡς
1077 5746 1246 5813 ᾤοντό
1268 5763 1357 5815 γε,
1393 5748 1495 5811 τὰς
1525 5745 1875 5816 ἀκροπόλεις.

300 5836 366 5888 Οἱ
395 5834 470 5902 δὲ,
504 5839 673 5908 σχολῇ
727 5836 1053 5908 βαδίζοντες,
1083 5838 1226 5893 οὕτω
1273 5836 1381 5908 γὰρ
1417 5832 1484 5910 ἦν
1538 5837 1723 5901 αὐτοῖς
1753 5835 1876 5887 ἐπι-

1985 3243 2171 3310 ptteris
2209 3245 2342 3311 ipsis
2391 3242 2787 3311 simplicior-em
2848 3261 2972 3300 eum
3032 3247 3300 3313 ostendit,
3351 3250 3443 3318 qni
3479 3266 3574 3319 ραν

1982 3333 2371 3402 impudentiam
2416 3335 2557 3391 haud
2576 3337 2625 3390 ei
2656 3337 2816 3391 aliter
2850 3339 3159 3405 acpnerulo
3196 3348 3415 3409 putaret
3446 3343 3575 3396 illii-

1980 3428 2247 3481 dendum.
2272 3426 2370 3483 llic
2390 3428 2578 3499 itaque
2598 3431 2946 3500 prudentiam
2972 3430 3196 3487 adhibet
3226 3449 3240 3487 :
3264 3450 3437 3504 neque
3457 3450 3582 3489 oni-

1928 3518 1931 3521 ’
1983 3520 2181 3574 ninoin
2205 3520 2364 3574 linem
2382 3536 2557 3591 usque
2573 3522 2923 3592 rennit,quod
2945 3523 3178 3594 quisque
3204 3527 3390 3581 animo
3425 3528 3577 3583 defe-

1982 3626 2106 3667 c'ns
2132 3628 2330 3683 passus
2366 3623 2511 3670 esset
2538 3630 2554 3670 :
2586 3631 2687 3671 nec
2734 3617 2921 3670 Statim
2953 3615 3046 3671 dat
3070 3631 3289 3682 manus,
3316 3630 3367 3671 ut
3397 3634 3577 3689 neque

1984 3705 2153 3759 nimia
2226 3707 2518 3762 renitentia
2575 3703 2850 3763 tumentes
2908 3708 3011 3762 viri
3060 3708 3299 3775 animos
3352 3709 3580 3765 abunde

1985 3810 2210 3854 acueret
2235 3818 2249 3864 ;
2273 3815 2375 3854 nec
2408 3810 2558 3853 tanta
2593 3801 2683 3853 illa
2735 3798 2999 3854 facilitate
3029 3803 3233 3867 justam
3266 3798 3405 3854 hosti
3444 3816 3572 3855 sus-

1985 3893 2256 3964 picionem
2292 3892 2579 3962 praeberet,
2616 3892 2773 3962 quasi
2814 3891 3003 3946 dolum
3055 3891 3242 3945 animo
3298 3893 3571 3953 condens.

1981 4001 2046 4041 ac
2086 3985 2214 4055 quid
2290 3985 2634 4049 tuachinans,
2705 3986 2786 4041 sic
2839 3985 2887 4040 ei
2940 3983 3269 4053 indulgeret.
3339 3984 3575 4056 loquens

1983 4076 2150 4140 aliud,
2184 4092 2247 4130 ac
2277 4074 2427 4131 aliud
2456 4077 2733 4146 cogitans.
2996 4146 3020 4180 .

2057 4333 2214 4391 Hunc
2244 4335 2334 4391 ille
2362 4334 2588 4391 modum
2646 4336 2869 4392 solertia
2910 4353 3065 4405 usus,
3121 4349 3179 4393 nt
3216 4355 3317 4395 nec
3374 4342 3578 4398 melius

1998 4439 2208 4501 posset,
2232 4444 2334 4485 nec
2380 4430 2524 4484 ullus
2560 4431 2945 4485 universorum
2981 4446 3042 4487 re
3077 4432 3191 4503 ipsa
3228 4449 3363 4488 usus
3402 4445 3582 4501 esset,

1914 4510 1958 4565 Ῐ)
1993 4533 2052 4576 ιιι
2084 4521 2312 4591 perinde
2333 4537 2549 4575 tuorum
2585 4523 2845 4577 duritiem
2876 4538 2941 4577 ac
2991 4529 3333 4579 contrariam
3398 4543 3485 4579 nio
3512 4529 3582 4579 li-

1990 4616 2118 4668 tiem
2134 4624 2375 4679 caveret,
2393 4627 2625 4685 quorum
2647 4615 2971 4684 plerumque
2985 4617 3210 4670 alteram
3235 4619 3583 4688 alteramque

1990 4706 2223 4760 subinde
2249 4706 2652 4776 patiantur,qui
2675 4705 2877 4775 injuria
2906 4704 3242 4770 afficiuntur,
3293 4712 3582 4779 sapienter

1990 4800 2284 4856 admodum
2308 4800 2550 4856 medium
2585 4808 2732 4856 leuet
2758 4800 2885 4864 iter,
2911 4813 2975 4854 ac
3001 4814 3067 4853 eo
3084 4800 3375 4869 arqualiter
3423 4801 3585 4856 ince«r

1987 4895 2150 4958 deus,
2181 4896 2479 4950 draconem
2520 4896 2791 4949 hactenus
2817 4894 2885 4948 ad
2919 4893 3202 4947 lenitatem
3238 4894 3525 4963 componit
3557 4912 3578 4947 :

1988 5002 2305 5057 quanquam
2349 4988 2440 5042 ille
2494 4988 2637 5043 haud
2668 5001 2787 5042 eam
2819 4984 2909 5039 diu
2946 4986 3206 5039 exhibere
3241 4986 3447 5054 potuit.
3479 4987 3578 5040 Sic

1988 5076 2177 5146 itaque
2210 5078 2355 5132 velut
2406 5080 2653 5132 cicnrato
2697 5074 3046 5129 custodiente
3092 5074 3280 5136 milite,
3314 5090 3579 5147 opportu-

1989 5185 2123 5223 num
2169 5169 2450 5233 indicavit,
2509 5178 2605 5222 aut
2665 5176 2897 5222 mortem
2952 5176 3233 5237 oppetere,
3277 5182 3373 5224 aut
3449 5167 3574 5237 fuga

1990 5264 2242 5327 evadere,
2274 5265 2417 5334 quod
2447 5263 2704 5317 ultimum
2737 5261 2958 5324 accidit,
3005 5272 3064 5317 ut
3089 5263 3267 5317 oratio
3313 5263 3577 5329 deinceps

1988 5367 2274 5413 ostensnra
2304 5369 2407 5413 est.
2434 5356 2798 5425 Mittititaque
2837 5357 3059 5411 domum
3092 5356 3371 5426 epistolas,
3387 5360 3584 5429 quales

1992 5452 2267 5506 mittentes
2297 5452 2524 5506 vellent.
2553 5449 2731 5505 Missis
2749 5461 2932 5505 autem
2964 5442 3023 5505 α’
3047 5460 3291 5522 satrapa,
3328 5462 3387 5504 ut
3432 5465 3575 5520 pra:-

1990 5545 2152 5609 sidia,
2185 5560 2250 5600 ac
2288 5545 2720 5615 Agamemnonis
2751 5545 2955 5600 dictam
2990 5545 3205 5608 urbem,
3241 5545 3578 5613 accipereut,

1988 5653 2085 5693 eos
2114 5638 2367 5709 adiungit
2403 5638 2656 5702 comites,
2699 5637 2792 5707 qui
2834 5651 3024 5692 eorum
3090 5636 3358 5691 sententia
3394 5639 3580 5687 essent

1991 5730 2246 5785 tradituri
2302 5745 2480 5785 arces.
2524 5729 2565 5783 li
2599 5738 2785 5784 autem
2852 5740 3017 5799 prout
3066 5729 3374 5798 injunctum
3432 5734 3577 5787 erat,

1991 5827 2192 5883 lentius
2232 5825 2568 5888 incedentes,
2609 5823 2833 5879 vixdum
2867 5832 3000 5890 puto
3034 5819 3365 5877 Corinthum
3404 5830 3570 5874 asne»
