3950 6454
387 345 502 424 ‘231
602 322 609 339 ³
1530 331 1938 398 MANUELIS
1978 293 2431 392 PAL/EOLOGI
2862 296 2879 303 “
3034 348 3039 351 -
3406 354 3431 363 ς
3567 315 3674 380 232

394 474 615 530 xerant,
648 479 771 519 cum
801 469 998 532 prreter
1022 456 1272 514 omnium
1309 468 1490 526 spem,
1523 455 1753 519 excepta
1779 456 1962 501 tamen
1998 455 2008 499 Α

2110 437 2433 508 εταγμένον,
2489 433 2590 488 οὐκ
2639 430 2887 503 ἔφθασα-ν
2944 429 3172 497 ἰδόντες,
3207 424 3389 500 οἶμαι,
3429 426 3530 500 τὴν
3577 430 3679 482 Κό-

395 560 588 615 matris
617 571 681 612 ae
715 569 857 620 mea,
916 553 1096 606 virum
1156 556 1447 605 strenuum
1514 544 1725 599 vident.
1787 537 1975 607 Neque

2110 533 2289 594 ιινθον,
2349 528 2446 582 καὶ
2497 526 2667 595 ὁρῶσι
2733 523 2826 576 τὸν
2892 523 3143 591 γενναῖον
3203 520 3363 591 παρὰ
3422 521 3521 583 τὰς
3574 522 3678 573 τῶν

393 652 539 707 enim
569 660 895 718 generosum
929 643 1034 698 viri
1074 642 1321 696 animum
1353 637 1758 697 nesciebamus,
1801 632 1976 686 hono-

2110 626 2311 679 πάντων
2343 620 2596 681 ἐλπίδας·
2635 618 2696 671 οὗ
2753 617 2862 687 μὴν
2896 617 3046 687 παρὰ
3076 614 3174 677 τὰς
3206 613 3310 683 τῆς
3350 612 3557 683 μητροδς
3591 618 3681 670 καὶ

397 746 579 812 risque
606 748 882 796 amantem
938 752 1005 792 ac
1035 734 1299 804 periculi:
1334 732 1428 788 sed
1454 743 1634 798 neque
1662 743 1752 781 res
1783 736 1979 794 praeter

2110 720 2182 781 τὰς
2231 717 2533 789 ἡμετέρας.
2568 710 2706 764 Οὔτε
2758 713 2870 781 γὰρ
2912 709 3010 777 τὴν
3064 708 3157 762 τοῦ
3207 708 3406 777 ἁνδρδς
3443 707 3678 774 γενναιόι

396 823 796 887 conscientiam
834 834 1114 882 evenerat.
1150 822 1383 877 Eramus
1410 836 1539 889 ergo
1563 817 1712 871 velut
1744 828 1979 882 suspen-

2110 826 2249 880 ἠτα,
2280 809 2377 862 καὶ
2402 808 2463 861 τὸ
2494 803 2782 875 φιλότιμόν
2812 820 2867 855 τε
2906 803 3000 856 καὶ
3040 801 3420 871 φιλοκίνδυνον
3453 798 3683 869 ἠγνοοῦ-

394 936 455 979 sa
492 930 710 988 aura,ut
739 920 823 975 vel
861 916 1262 988 deprecabilem
1321 928 1387 968 ac
1442 911 1654 967 tristem
1723 905 1979 962 nuntium

2110 919 2233 956 ιεν·
2283 902 2381 955 καὶ
2439 899 2499 951 τὸ
2554 897 2792 967 πρᾶγμα
2845 896 2945 947 οὐκ
2997 894 3102 960 ἔξω
3139 892 3239 962 τῆς
3289 891 3437 960 ἐμῆς
3472 890 3682 957 ἐγένετο

398 1014 740 1078 audiremus,
777 1009 860 1065 vel
911 1006 1055 1080 quod
1105 1019 1293 1079 nemo,
1337 1011 1462 1057 ante
1518 999 1599 1056 rei
1632 1005 1886 1055 eventum
1918 1008 1984 1050 ac

2110 993 2343 1065 γνώμης.
2381 992 2601 1060 Ὠσπερ
2639 988 2736 1042 οὖν
2785 987 3064 1059 μετέωρον
3092 985 3194 1055 τὴν
3243 983 3417 1055 ἀκοὴν
3448 982 3683 1052 εἴχομεν,

397 1107 571 1176 ipsam
597 1120 712 1160 rem
739 1105 936 1167 visam,
977 1099 1284 1155 crediturus
1319 1095 1636 1151 videbatur.

2110 1085 2493 1160 ida-sumain
2546 1082 2811 1152 ἀγγελίαν
2860 1079 3222 1140 ἀκούσεσθαι.
3272 1079 3309 1150 ῆ
3366 1076 3431 1130 τδ
3496 1074 3686 1147 μηδενὶ

2094 1180 2491 1251 πιστευόμενον
2515 1177 2649 1259 πρὶν
2685 1174 2942 1245 γενέσθαι
2979 1175 3072 1229 καὶ
3098 1173 3385 1245 θεαθῆναι.

469 1282 669 1337 Multos
715 1278 968 1350 equidem
1000 1287 1216 1348 tempus
1249 1272 1522 1337 exhibuit,
1569 1269 1696 1341 l‘uga
1744 1268 1928 1338 lapsos
1956 1282 1987 1321 a

2166 1272 2405 1337 Πολλοὺς
2442 1272 2540 1339 μὲν
2571 1265 2666 1324 οὖν
2694 1270 2721 1320 ό
2763 1269 2961 1339 χρόνος
2999 1268 3117 1331 ’τὰς
3148 1267 3344 1338 χεῖρας
3380 1263 3494 1318 τῶν
3531 1281 3692 1320 κατε-

399 1375 700 1431 tcnentium
739 1371 1011 1433 inanibus,
1060 1366 1485 1436 compedesque.
1533 1378 1598 1420 ac
1647 1371 1894 1426 catenas,
1938 1368 1993 1414 et

2110 1369 2302 1441 (όντων
2314 1364 2766 1436 διολισθήσαντας
2784 1361 2978 1426 ἔδειξε,
3005 1360 3101 1414 καὶ
3117 1360 3311 1425 πέδας,
3330 1358 3430 1412 καὶ
3447 1357 3686 1425 ἁλύσεις,

398 1480 672 1532 carceres,
708 1462 840 1517 nihil
870 1476 1063 1517 eorum
1094 1457 1381 1513 industria:
1411 1470 1475 1510 ac
1510 1450 1734 1523 ingenio
1765 1466 1991 1520 compa—

2110 1462 2193 1514 καὶ
2210 1458 2595 1528 δεσμωτήρια,
2616 1454 2773 1507 οὐδὲν
2795 1452 2927 1505 ὄντα
2954 1451 3094 1520 πρὸς
3115 1448 3216 1520 τὴν
3244 1449 3482 1502 ἐκείνων
3519 1447 3690 1517 εὐμη-

402 1568 540 1623 rata,
592 1554 848 1612 ostendit.
888 1550 993 1606 Sed
1040 1560 1095 1606 et
1138 1549 1363 1621 quidam
1418 1548 1567 1602 hunc
1615 1546 1832 1601 modum
1866 1543 1993 1614 fuga

2110 1554 2330 1623 χανίαν·
2386 1549 2533 1613 τινὲς
2589 1546 2649 1601 δὲ
2698 1545 3046 1613 διαδράντες,
3099 1542 3197 1595 καὶ
3227 1539 3359 1603 τοὺς
3413 1540 3685 1607 θαυματο-

401 1646 561 1723 lapsi,
592 1653 744 1720 ipsos
767 1662 987 1719 quoque
1011 1643 1406 1698 miraculorum
1429 1650 1707 1705 auctores,
1736 1653 1835 1708 pro
1858 1653 1997 1708 pra:-

2110 1644 2293 1707 ποιοὺς
2324 1641 2692 1712 παρενεγκεῖν
2722 1638 2919 1705 ἔδοξαν
2945 1653 2959 1669 °
2993 1636 3169 1700 οὕτως
3206 1634 3451 1707 ἰσχυρῶς
3485 1636 3683 1705 ἐφρου-

403 1747 526 1801 sidii
576 1744 813 1806 ratione,
847 1754 957 1810 quo
998 1738 1350 1802 tenebantur,
1387 1735 1489 1791 visi
1532 1744 1665 1791 sunt
1707 1745 1994 1803 superare.

2110 1732 2470 1810 ροῦντο.’Ᾱλλ’
2500 1732 2555 1786 εί
2576 1749 2661 1795 τις
2684 1731 2787 1802 τὴν
2818 1728 3107 1801 παροῦσαν
3144 1729 3407 1800 μηχανὴν
3435 1727 3686 1796 παρασά-

402 1831 476 1894 Ut
504 1835 631 1907 quis
665 1805 846 1887 tamen
866 1805 1156 1885 'Theodori
1191 1834 1476 1892 conatum,
1506 1840 1631 1882 eum
1658 1832 1821 1880 astate
1854 1824 2000 1894 prio-

2110 1805 2183 1882 λοι
2210 1807 2333 1907 ταῖς
2361 1826 2472 1882 τῶν
2496 1825 2804 1897 προτέρων,
2836 1822 3095 1894 οὐδαμῶς
3131 1823 3505 1893 ἁγενεστέραν
3533 1822 3690 1892 εὑρὴο

403 1932 560 1983 ribus
588 1926 718 1980 velit
752 1920 1027 1988 conferre,
1075 1921 1210 1974 nihil
1239 1920 1422 1974 minus
1452 1915 1532 1973 eis
1560 1930 1887 1988 generosum
1913 1930 2003 1969 ex-

406 2020 650 2078 hibuisse
684 2017 976 2081 invenerit,
1020 2024 1080 2069 ut
1119 2012 1412 2083 diligenter
1443 2009 1712 2075 attendat,
1750 2024 1877 2065 cum
1917 2016 2003 2062 te-

410 2124 634 2171 nentem
656 2128 761 2183 qua
788 2111 1017 2183 polleret
1041 2106 1272 2174 malltia,
1304 2114 1418 2161 tum
1448 2104 1673 2160 modum
1712 2117 1821 2172 quo
1853 2111 2004 2158 tene-

408 2220 513 2276 ret;
548 2218 717 2279 utque
751 2213 955 2269 tentus,
989 2199 1231 2260 tenentis
1283 2208 1519 2255 conatus
1570 2211 1764 2261 omnes
1810 2196 2004 2251 inanes

408 2300 731 2357 ostenderit.
764 2297 857 2352 Sic
886 2308 1055 2366 porro
1086 2294 1374 2348 tenebant.
1407 2288 1541 2345 Erat
1570 2288 1644 2343 illi
1667 2287 1895 2357 iubente
1927 2295 2006 2356 ty-

411 2408 583 2449 ranno
615 2394 780 2447 lixum
814 2386 1224 2444 tabernaculum
1255 2384 1324 2439 ad
1368 2385 1538 2454 ripam
1588 2382 1873 2453 cujusdam
1900 2378 2006 2436 ﬂu-

412 2486 576 2542 minis
609 2499 623 2539 :
652 2497 851 2540 nomen
884 2480 1132 2536 ﬂuminis
1157 2477 1479 2549 Sperchius,
1508 2473 1780 2545 profundo
1803 2474 2007 2543 ubique

411 2578 628 2649 gurgite
657 2575 920 2631 deﬂuens.
959 2573 1091 2642 Ejus
1128 2570 1247 2640 ripa
1278 2579 1390 2625 tota
1432 2568 1541 2623 late
1566 2568 1790 2638 regione
1818 2581 2002 2622 assur-

410 2686 570 2743 gens,
606 2670 753 2740 quod
786 2676 900 2721 tota
948 2660 1156 2720 ﬂuento
1191 2658 1515 2726 ambiretur,
1551 2659 1638 2714 vix
1672 2675 1780 2713 non
1812 2659 2008 2715 insulae

413 2764 647 2820 formam
672 2758 969 2823 exhibebat
1001 2774 1015 2811 :
1044 2763 1317 2812 nocturna
1345 2768 1475 2810 vero
1508 2751 1782 2817 custodia,
1812 2765 2005 2806 nume-

415 2872 540 2912 rosa
562 2856 793 2910 cohorte
815 2859 1100 2914 constans,
1157 2847 1400 2918 undique
1424 2845 1780 2903 tabernaculo
1803 2852 2011 2899 turma-

416 2950 511 3003 tim
537 2944 731 3011 aﬂ'usa,
771 2953 997 3012 totaque
1044 2939 1328 3012 angustias
1365 2939 1486 2994 illas
1510 2938 1791 3006 diligentia
1819 2935 2011 3006 praesi-

414 3044 507 3097 dio
534 3050 771 3103 tenente,
811 3039 1033 3112 ignique
1072 3051 1136 3091 ac
1176 3032 1472 3089 cantilenis
1519 3031 1737 3102 vigilias
1768 3031 2005 3091 solante,

2106 1902 2230 1986 σειί
2264 1921 2556 1993 θεωρήσας
2608 1918 2857 1990 ἀκριϐῶς
2882 1920 2972 1974 τόν
2996 1918 3066 1972 τε
3108 1921 3416 1989 κατέχοντα
3447 1919 3595 1985 ὅστις
3624 1913 3687 1988 ἦν

2106 2015 2201 2067 ἐπὶ
2231 2011 2492 2084 πονηρίᾳ.
2538 2013 2632 2066 τόν
2667 2028 2728 2065 τε
2768 2011 2974 2082 τρόπον
3023 2005 3069 2080 ᾧ
3119 2013 3369 2080 κατεῖχε,
3424 2012 3519 2064 καλ⁵
3550 2010 3688 2071 ὅπως

2105 2106 2299 2163 τοῦτον
2330 2105 2500 2160 ἕωλον
2549 2106 2579 2158 ό
2608 2106 2980 2176 κατεχόμενος
3005 2105 3233 2170 ἔδειξεν.
3257 2104 3454 2172 Είχετο
3485 2103 3541 2157 δὲ
3574 2102 3682 2157 ὡδί.

2107 2202 2288 2270 Σκηνή
2309 2216 2391 2264 τις
2419 2194 2489 2270 ἦν
2519 2198 2669 2269 αὐτῷ
2693 2198 2981 2269 πεπηγυῖα
3007 2197 3137 2267 περί
3162 2214 3290 2253 τινα
3319 2182 3416 2251 τοῦ
3445 2193 3684 2265 ποταμοῦ

2108 2290 2276 2367 ὄχθην
2310 2293 2436 2348 κατ’
2472 2292 2745 2363 ἐπιταγὴν
2793 2292 2890 2346 τοῦ
2926 2293 3221 2363 τυράννου.
3255 2291 3320 2347 ’0
3349 2290 3410 2345 δὲ
3453 2290 3688 2359 ποταμὸς

2108 2388 2201 2442 τὸν
2230 2385 2528 2458 Σπερχειὸς
2568 2386 2670 2459 (1),
2702 2384 2876 2458 βαθύν
2908 2402 3032 2439 τινα
3064 2384 3160 2439 τὸν
3195 2382 3334 2454 ῥοῦν
3378 2380 3544 2438 αὑτοῦ
3581 2381 3691 2435 δια·

2111 2481 2316 2543 παντὸς
2367 2479 2697 2550 ποιούμενος
2725 2494 2740 2510 °
2790 2480 2824 2549 ἡ
2871 2478 3006 2550 ὄχθη
3037 2478 3095 2532 δὲ
3133 2478 3284 2548 πρὸς
3318 2477 3456 2548 ὕψος
3487 2477 3691 2549 ἠρμένη

2107 2574 2199 2628 διὰ
2238 2573 2443 2636 παντὸς
2473 2571 2567 2626 τοῦ
2597 2572 2805 2643 χωρίου
2831 2588 2845 2604 ο
2877 2570 2930 2639 δ,
2977 2571 3056 2642 τῷ
3086 2571 3484 2626 κεκλυκῶσθαι
3516 2570 3691 2642 ῥοθίῳ,

2109 2665 2297 2735 ὀλίγου
2324 2666 2555 2720 ἀποδέον
2584 2660 2653 2739 ἦν
2687 2662 2783 2718 τοῦ
2809 2665 2958 2736 νήσῳ
2992 2664 3256 2719 ἑοικέναι.
3313 2666 3382 2718 Ἦ
3409 2664 3467 2719 δὲ
3487 2661 3693 2731 νύκτωρ

2112 2761 2368 2831 φυλακὴ,
2404 2756 2475 2831 ἦν
2525 2760 2584 2814 δὲ
2637 2755 2857 2830 φάλαγξ
2907 2756 3370 2830 πολυάνθρωπος,
3429 2755 3693 2827 στοιχηδὸν

2115 2852 2590 2923 περικυκλοῦντες
2618 2848 2718 2923 τὴν
2759 2851 2991 2921 σκηνὴν,
3024 2848 3119 2903 καὶ
3156 2849 3250 2903 τὸν
3292 2849 3471 2919 ὀλίγον
3518 2847 3691 2916 ἰσθμὸν

2113 2945 2325 2998 ἐκεῖνον
2367 2939 2788 3015 διακατέχοντες
2821 2942 3092 3014 άκριΰῶς,
3138 2944 3275 3015 πυρί
3326 2962 3386 2998 τε
3434 2941 3690 3013 χρώμενοι

2113 3039 2210 3092 καὶ
2247 3036 2450 3108 ᾠδαῖς,
2509 3036 2631 3090 οὐδὲ
2687 3035 2820 3106 γοῦν
2860 3036 2999 3106 πρὸς
3047 3035 3201 3106 ῶραν
3251 3036 3575 3090 ἐκάθευδον.
3625 3034 3690 3084 Οὐ

416 3148 485 3187 ne
500 3131 565 3186 ad
591 3132 779 3186 horam
804 3126 1022 3198 quidem
1049 3139 1246 3182 somno
1269 3120 1603 3195 indulgebat.
1631 3119 1838 3177 Nedum
1862 3120 2008 3176 enim

2113 3132 2223 3201 γὰρ
2252 3129 2499 3200 φυλακὰς
2524 3128 2862 3201 ἠγρύπνουν,
2902 3129 3040 3182 ἀλλά
3060 3129 3162 3200 τὴν
3188 3127 3361 3183 νύκθ²
3389 3129 3541 3199 ὅλην,
3564 3125 3692 3180 οὕτω

416 3222 718 3293 vigilabant
751 3219 987 3290 vigilias,
1026 3230 1217 3273 verum
1270 3223 1325 3273 et
1373 3224 1563 3270 noctes
1595 3222 1758 3279 totas,
1793 3212 1869 3267 ita
1912 3212 2007 3281 ju-

416 3316 580 3370 bente
625 3322 871 3382 satrapa,
909 3310 1189 3366 ducebant
1233 3309 1529 3363 insomnes.
1563 3305 1643 3360 Ac
1681 3320 1749 3360 ne
1789 3306 1841 3359 in
1887 3305 2009 3359 lon-

417 3422 546 3477 gum
578 3419 886 3461 sermonem
920 3402 1262 3473 protraham,
1298 3407 1456 3455 erant
1484 3408 1538 3454 et
1578 3399 1789 3468 reliqua
1823 3399 2009 3452 omnia

420 3512 685 3570 perquam
725 3496 811 3551 his
840 3495 1066 3556 similia,
1103 3493 1146 3547 si
1175 3507 1282 3563 qua
1315 3492 1516 3547 nedum
1551 3490 1788 3545 aliorum
1823 3503 2011 3545 acces-

420 3591 601 3653 sione,
626 3590 719 3643 sed
752 3596 806 3642 ct
836 3587 951 3656 ipsa
979 3602 1076 3656 per
1104 3601 1161 3639 se
1186 3584 1424 3654 singula,
1450 3583 1584 3639 satis
1606 3582 1673 3636 ad
1702 3581 2009 3637 custodiam

422 3680 750 3735 videbantur
784 3697 798 3734 :
836 3691 957 3749 qum
989 3675 1174 3731 omnia
1208 3676 1309 3729 viri
1345 3675 1508 3730 unius
1544 3674 1748 3728 virtute
1790 3672 2012 3726 fuerunt

418 3769 725 3825 exsuﬂlata.
754 3766 1079 3838 Quanquam
1110 3782 1287 3834 neque
1306 3766 1560 3821 hostibus
1585 3763 1885 3835 probabilis
1932 3762 2014 3817 ul-

422 3864 506 3917 lus
536 3862 736 3916 inesset
771 3860 957 3924 timor,
998 3867 1060 3913 ut
1091 3856 1180 3914 ille
1211 3874 1454 3927 unquam
1491 3866 1574 3912 tot
1609 3856 2013 3925 impedimentis

422 3957 735 4027 prohibitus
754 3964 941 4023 posset
962 3951 1243 4021 aufugere,
1275 3967 1375 4006 nec
1400 3951 1609 4007 nosrris
1639 3950 1865 4003 omnino
1896 3959 2015 4003 ten-

2110 3220 2304 3276 δοκοῦν
2343 3222 2422 3289 τῷ
2457 3220 2738 3290 σατράπῃ.
2769 3219 2882 3271 Καὶ
2929 3219 3017 3272 ἵνα
3052 3217 3131 3290 μὴ
3167 3220 3397 3292 μακρὸν
3443 3217 3695 3274 ἀποτείνω

2088 3314 2291 3383 ’λόγον,
2335 3312 2431 3365 καὶ
2482 3311 2653 3366 τᾶλλα
2686 3310 2906 3364 ἅπαντα
2936 3309 3154 3375 τούτοις
3194 3306 3262 3381 ἦν
3327 3310 3567 3380 ἄκριεῶς
3612 3310 3696 3376 ἐφ-

2112 3406 2339 3476 άμιλλα,
2372 3405 2476 3459 ὅσα
2516 3403 2804 3474 ἐνομίζετο
2855 3403 2996 3484 πρὸς
3043 3402 3310 3474 φυλακὴν
3358 3404 3691 3476 ἐξαρκέσειν

2112 3498 2213 3571 οὐχ
2266 3500 2418 3563 ὅπως
2460 3497 2578 3567 ἆμα
2617 3497 3059 3567 συντεταγμένα,
3095 3496 3235 3551 ἀλλὰ
3268 3501 3378 3552 καὶ
3409 3494 3696 3568 διῃρημένα

2115 3591 2483 3646 καθέκαστον.
2521 3586 2588 3642 Ἃ
2627 3588 2692 3657 δὴ
2728 3588 2912 3643 πάντα
2954 3590 3164 3659 μάταια
3198 3590 3335 3655 ἑνὸς
3367 3589 3556 3660 ἀνδρὸς
3601 3588 3696 3641 άπ-

2114 3681 2315 3748 έφηνεν
2346 3678 2541 3748 ἀρετή.
2574 3676 2768 3731 Καίτοι
2796 3675 2921 3731 οὔτε
2957 3680 3072 3741 τοῖς
3102 3678 3336 3748 ἐχθροῖς
3364 3679 3424 3732 τὸ
3446 3678 3598 3739 εἰκὸς
3619 3674 3696 3727 λου

2115 3773 2433 3843 γιζομένοις
2458 3770 2727 3841 φοϐητέον
2753 3765 2898 3824 εἶναι
2930 3771 3111 3824 ἐδόκει
3152 3772 3214 3824 τὸ
3250 3771 3555 3843 δυνηθῆναι
3585 3786 3698 3823 του-

2114 3869 2227 3922 τονί
2263 3884 2393 3920 ποτε
2425 3864 2733 3936 διαδρᾶναι,
2762 3865 3038 3919 τοσούτων
3075 3864 3246 3920 ὄντων
3297 3867 3422 3919 τῶν
3460 3862 3699 3934 κωλυμά·

2114 3977 2242 4023 των,
2277 3954 2402 4012 οὔτε
2426 3960 2539 4021 τοῖς
2565 3957 2862 4029 ἡμετέροις
2892 3958 3249 4028 ἑγχειρητέος
3280 3959 3321 4011 ὁ
3353 3957 3588 4030 δρασμὸς
3617 3971 3697 4007 το-

424 4050 587 4103 '.anda
622 4046 746 4118 fuga
779 4055 1092 4117 putaretur.
1127 4040 1265 4098 Illud
1312 4057 1531 4112 quoque
1561 4041 1686 4133 jure
1717 4040 2008 4096 admodum

2116 4050 2385 4121 παράπαν
2432 4048 2735 4119 ἐνομίζετο.
2783 4047 3103 4119 Θαυμάσειε
3141 4048 3187 4101 δ’
3234 4049 3300 4103 ἄν
3360 4044 3446 4114 τις
3487 4049 3697 4102 κάκεῖνο

423 4141 843 4195 admirationem
887 4138 1126 4201 habeat;
1162 4132 1296 4188 nulli
1328 4133 1474 4187 enim
1525 4132 1692 4187 abeo
1736 4141 2008 4201 gestorum

2120 4143 2267 4213 μάλα
2304 4142 2531 4204 δικαίως
2552 4158 2577 4183 ’ν
2616 4138 2830 4202 οὐδενὸς
2858 4140 2969 4212 γὰρ
3018 4141 3240 4196 ἔλαττον
3266 4142 3388 4213 ἔχει
3420 4142 3525 4195 τῶν
3556 4137 3691 4207 αύτῷ

423 4232 621 4288 cedere
653 4231 927 4293 videatur,
963 4235 1024 4282 ut
1044 4241 1171 4281 cum
1218 4240 1364 4294 saepe
1394 4224 1568 4291 solus,
1597 4222 1862 4279 velctiam
1886 4238 2008 4293 pau-

2117 4233 2620 4306 διαπεπραγμένων
2646 4245 2660 4260 '
2716 4232 2983 4296 πολλάκις
3031 4235 3141 4303 γὰρ
3175 4234 3480 4306 δυνάμενος
3519 4234 3690 4302 μόνος,

325 4390 334 4407 1
424 4325 507 4380 cis
542 4321 712 4378 sociis
750 4321 937 4391 fugere
974 4318 1244 4381 licuisset,
1280 4314 1428 4369 haud
1478 4325 1657 4367 tamen
1693 4313 2008 4368 sustinuerit

2117 4329 2152 4400 ἢ
2195 4329 2292 4382 καὶ
2342 4329 2460 4398 μετ’
2504 4327 2704 4395 ὀλίγων
2730 4327 3043 4396 διαφυγεῖν,
3098 4329 3197 4380 οὐκ
3237 4331 3504 4401 ἠνέσχετο
3529 4345 3544 4358 ’
3585 4320 3693 4378 ἀλλ’

427 4414 795 4481 malueritque
821 4450 838 4476 ,
868 4420 963 4466 aut
989 4408 1170 4464 redire
1192 4409 1418 4463 domum
1445 4421 1570 4462 cum
1601 4407 1802 4476 quibus
1824 4408 2014 4473 exivit,

427 4518 665 4562 autcum
692 4506 772 4560 eis
795 4503 961 4559 mori.

496 4599 712 4654 Norunt
756 4613 894 4652 sane
935 4595 1181 4651 universi
1228 4603 1290 4651 ut
1337 4593 1631 4666 aufugerit,
1682 4610 1790 4666 qua
1847 4610 2008 4651 nemo

2192 4602 2320 4657 ’Ότι
2376 4605 2474 4672 μὲν
2505 4597 2600 4656 οὖν
2631 4603 2929 4674 εἰργάσατο
2976 4603 3069 4656 τὸν
3108 4575 3352 4674 δρασμὸν
3384 4603 3457 4666 ὡς
3504 4601 3604 4653 οὐκ
3636 4597 3697 4650 ἂν

427 4692 571 4749 alius
606 4690 842 4753 ratione,
872 4689 1024 4744 nullo
1055 4687 1262 4745 amisso
1290 4690 1376 4744 vel
1406 4703 1600 4744 eorum
1627 4688 1720 4758 qui
1748 4689 1818 4744 ab
1843 4690 2008 4759 impe-

2122 4696 2335 4766 ἕτερος,
2377 4696 2585 4766 μηδένα
2627 4696 2765 4766 μήτο
2795 4697 2903 4748 τῶν
2932 4697 3025 4749 ἐπὶ
3056 4696 3120 4749 τὸ
3172 4699 3531 4767 σκευοφορεῖν
3575 4693 3697 4744 ἐπο-

427 4783 688 4841 dimentis
739 4790 1129 4852 sequerentur,
1175 4797 1241 4836 ac
1273 4796 1374 4836 nec
1410 4782 1523 4837 ullo
1553 4781 1893 4845 desiderato,
1925 4780 2008 4835 cui

2130 4786 2309 4858 μένων
2346 4782 2660 4849 ἀποϐαλὼν,
2705 4786 2844 4855 μήτε
2883 4786 3120 4858 γέροντά
3156 4805 3300 4850 τινα,
3333 4781 3378 4855 ᾧ
3418 4786 3486 4838 τὰ
3526 4775 3698 4851 γόνατ’

427 4890 668 4947 genuum
722 4873 893 4929 robur
932 4874 1117 4930 minus
1164 4885 1477 4946 suppeteret
1531 4876 1598 4930 ad
1645 4874 2008 4931 necessarium

2126 4878 2192 4931 ἂν
2223 4877 2512 4945 ἠπιστεῖτο
2542 4875 2683 4944 arpi;
2721 4876 2822 4946 τὴν
2854 4875 3163 4944 ἀναγκαίαν
3203 4876 3439 4946 βάδισιν,
3472 4873 3565 4927 καὶ
3590 4871 3699 4921 δια-

427 4970 710 5025 incessum
749 4986 763 5023 :
804 4978 976 5039 utque
1033 4967 1161 5040 fuga
1215 4969 1401 5039 lapsus
1446 4983 1548 5023 ceu
1586 4967 1828 5024 volucris
1873 4983 2008 5036 quae-

2121 4970 2276 5039 δρὰς,
2301 4967 2494 5038 ὥσπερ
2520 4968 2829 5038 ὑπόπτερος
2850 4966 3056 5037 ἔφθασε
3074 4968 3203 5031 τοὺς
3233 4983 3446 5038 προαπε
3458 4964 3693 5020 λθόνταςι

427 5063 575 5126 dam,
598 5061 717 5131 jam
738 5070 881 5116 ante
906 5060 1190 5132 profectos
1213 5060 1285 5116 sit
1317 5070 1626 5124 assecutus,
1657 5071 1821 5131 atque
1852 5076 1918 5114 ea
1964 5075 2008 5114 rt

2123 5060 2409 5117 καὶτοῦτο
2460 5061 2700 5131 πράξας,
2747 5062 2997 5132 ἀπέφηνε
3046 5064 3171 5126 τοὺς
3201 5063 3501 5122 διώκοντας
3544 5052 3729 5132 αὑτρντ

428 5153 580 5209 inani
612 5169 779 5209 cursu
830 5152 1090 5225 fatigatos
1133 5162 1527 5223 persequentes
1562 5130 1892 5217 ostenderit,
1924 5167 2008 5207 eo-

2122 5157 2251 5226 εἰκῆ
2280 5155 2373 5210 τὸν
2402 5157 2605 5227 δρόμον
2637 5130 3070 5228 πεποιημένους,
3101 5158 3196 5210 καὶ
3233 5158 3332 5220 τὰς
3359 5155 3470 5210 τῶν
3498 5130 3695 5223 ἐχθρῶν

429 5258 663 5315 rumque
694 5244 1009 5300 molitiones
1040 5260 1106 5301 ac
1134 5243 1389 5307 consilia,
1419 5243 1564 5298 haud
1596 5258 1760 5298 secus
1787 5258 1853 5298 ac
1912 5257 2008 5297 eo-

2125 5249 2378 5320 μηχανὰς
2426 5248 2619 5321 ὥσπερ
2669 5249 3047 5320 ἑωλοκρασίαν
3099 5250 3330 5320 κατέχεε
3380 5247 3484 5317 τῆς
3528 5237 3698 5295 αὐτῶν

430 5351 549 5389 rum
608 5337 808 5407 capitis
890 5336 1196 5406 pridianam
1259 5335 1633 5391 temulentiam
1689 5333 2003 5390 confuderit

2126 5344 2395 5414 κορυφῆς,
2424 5342 2599 5398 ἅπασι
2625 5343 2785 5413 δῆλον
2807 5358 2820 5373 ·
2851 5342 3223 5413 διηγήσασθαι
3247 5343 3304 5397 δὲ
3334 5343 3430 5410 τὴν
3460 5330 3695 5409 μηχανὴν

432 5429 637 5485 subtile
684 5444 817 5486 vero
853 5430 1007 5484 illud
1039 5431 1182 5499 fugae
1232 5429 1490 5485 molimen
1539 5442 1607 5482 ac
1638 5427 1856 5491 modus,
1895 5441 2005 5495 quo

2126 5436 2220 5490 τοῦ
2277 5435 2522 5506 δρασμοῦ
2566 5436 2658 5489 καὶ
2716 5436 2807 5489 τὸν
2849 5438 3077 5509 τρόπον,
3109 5435 3179 5489 δι’
3222 5430 3284 5489 οὗ
3331 5433 3699 5487 κατάπτυστον

431 5535 595 5591 quem
632 5536 729 5590 par
744 5531 884 5585 erat,
902 5520 1198 5591 desputum
1224 5520 1506 5576 ostendit:
1542 5528 1712 5588 utque
1746 5529 1924 5572 totum
1969 5520 2008 5573 il

2129 5527 2353 5592 ἔδειξεν,
2381 5528 2441 5582 ὃν
2470 5530 2659 5599 ἐχρῆν,
2693 5530 2789 5582 καὶ
2816 5528 2892 5592 ὡς
2921 5528 3140 5583 ἐπίνοιά
3168 5544 3228 5581 τε
3262 5524 3535 5582 πᾶσακαὶ
3570 5513 3700 5586 πρᾶ-

435 5614 522 5669 lud
553 5614 857 5680 inventum,
881 5628 1081 5683 resque
1110 5612 1328 5668 interim
1361 5620 1535 5682 gesta,
1562 5613 1845 5680 sapicntix
1873 5614 2008 5682 plent

2136 5616 2216 5681 ξις
2267 5619 2301 5687 ἡ
2354 5618 2486 5689 περὶ
2529 5617 2704 5671 ταῦτα
2749 5618 2969 5689 πλήρης
3020 5620 3122 5690 μὲν
3154 5621 3370 5689 σοφίας,
3397 5613 3605 5681 πλήρης
3645 5602 3696 5657 δδ

2122 4422 2321 4484 εἵλετο,
2352 4420 2386 4490 ἢ
2421 4420 2544 4490 μεθ’
2578 4412 2654 4474 ῶν
2693 4412 2919 4491 ἐξῆλθεν
2945 4420 3252 4486 ἐπανιέναι,
3285 4423 3319 4494 ἢ
3347 4424 3445 4476 σὺν
3475 4419 3694 4478 ἐκείνοις

2051 4499 2097 4557 θ
2126 4510 2438 4566 ἀποθανεῖν.

509 5802 587 5876 (ι)
620 5801 807 5858 Schol.
845 5803 974 5858 iusti
1014 5820 1028 5857 :
1067 5794 1237 5865 Οὗτός
1261 5803 1427 5871 ἔστιν,
1462 5804 1490 5856 ὀ
1520 5802 1615 5859 νῦν
1666 5804 2008 5877 καλούμενος

2110 5807 2270 5874 ἰλλάς.
2301 5805 2397 5864 Est
2422 5808 2518 5863 hoc
2545 5813 2744 5879 ﬂumen
2778 5812 2919 5881 quod
2943 5812 3396 5883 nitrtcappcllatur
3428 5797 3624 5858 Πεηαεο
