3950 6434
516 350 622 408 Ξῖὶό

1712 361 2111 422 MANUELIS
2153 365 2601 427 PAL/EOIDGI

3655 381 3750 442 236

512 471 848 534 acciperent,
885 467 974 537 qui
1021 468 1167 522 nulla
1200 469 1371 538 gratia
1405 483 1588 527 essent
1628 473 1800 544 digni,
1834 491 1932 531 nec
1969 492 2053 532 om

2160 478 2288 536 ,τοῦ
2345 481 2649 550 δεδομένον,
2699 482 2971 552 μηδεμιᾶς
3030 483 3211 538 αὐτῶν
3267 485 3626 554 ὑπαρξάντων
3659 495 3746 560 χά.

514 561 643 612 niuo
676 561 729 613 in
767 575 886 614 eam
923 575 1034 614 rem
1064 561 1270 628 aliquid
1301 563 1681 620 contulissent.

576 743 681 800 Sed
712 754 765 799 et
796 745 1072 800 voluntate
1102 754 1310 816 martyr
1353 749 1585 810 exstitit.
1620 751 1711 820 qui
1742 767 1799 806 se
1846 752 1960 823 ipse
1991 771 2090 824 pro

502 835 687 889 multis
736 837 1044 898 tradiderit,
1101 840 1456 909 proximeque
1508 842 1704 896 adierit
1752 844 1994 912 pericula
2027 863 2090 903 ac

501 929 676 982 tristia
745 941 1003 999 expertus
1049 933 1120 986 sit
1173 933 1610 1004 sustinueritque
1672 936 1977 1004 infamiam,
2025 955 2087 996 ac

497 1022 602 1074 alia
623 1022 821 1090 quibus
845 1022 1059 1076 animus
1089 1025 1423 1087 mordeatur,
1480 1027 1764 1096 possitque
1802 1045 1907 1083 non
1937 1047 2087 1099 spre-

499 1119 583 1163 tor
619 1111 802 1165 saeculi
842 1111 1003 1182 dejici
1051 1129 1064 1165 :
1113 1123 1276 1181 atque
1323 1115 1458 1166 adeo
1509 1115 1770 1184 liquetcx
1803 1121 2083 1181 omnibus,

495 1211 556 1255 ut
601 1204 717 1270 ejus
746 1205 999 1272 sospitas,
1034 1204 1404 1260 universitatis
1439 1207 1720 1261 hominum
1758 1211 1910 1263 salus
1940 1222 2088 1266 esset

493 1311 556 1351 ac
590 1295 827 1350 felicitas
859 1315 871 1349 :
903 1298 1100 1349 nedum
1142 1298 1391 1350 omnium
1445 1298 1523 1351 illi
1575 1301 1943 1364 subditorum,
1991 1303 2084 1355 sed

491 1397 544 1441 et
589 1403 778 1441 eorum
830 1388 924 1457 qui
972 1405 1077 1442 non
1131 1398 1318 1444 essent
1369 1390 1487 1459 ejus
1536 1390 1787 1446 ditionis.
1827 1392 1918 1447 Sic
1967 1403 2086 1448 erat

489 1482 724 1536 maxime
743 1481 1122 1546 admirabilis;
1150 1485 1229 1537 sic
1257 1484 1446 1538 multis
1467 1485 1639 1550 utilis,
1659 1501 1757 1540 nec
1781 1487 2079 1556 quidquam

489 1568 604 1630 suis
631 1591 793 1644 quam
822 1577 1046 1646 spiritus
1080 1579 1262 1631 minus
1297 1579 1666 1642 necessarius,
1709 1579 1958 1634 hostibus
1987 1597 2086 1636 au-

488 1678 593 1722 tem
627 1670 1035 1738 insuperabilis,
1064 1685 1126 1723 ac
1156 1685 1348 1724 eorum
1374 1680 1625 1726 avertens
1663 1672 1920 1741 impetus.
1947 1674 2080 1729 Rem

491 1773 678 1816 autem
713 1763 932 1832 probat,
962 1764 1105 1832 quod
1137 1765 1256 1817 solo
1283 1765 1397 1833 ipse
1422 1767 1475 1818 in
1501 1766 1834 1835 provinciam
1860 1783 1922 1822 ac
1951 1783 2077 1824 suos

486 1856 748 1921 adventu,
799 1856 1201 1911 formidabilem
1239 1857 1390 1912 illum
1445 1859 1792 1913 submoverit
1848 1875 1910 1914 ac
1943 1877 2073 1914 avo-

483 1949 642 2001 carit.
676 1947 796 2002 lllox
826 1950 972 2003 enim
1001 1958 1059 2002 ut
1090 1952 1360 2019 superbus
1392 1950 1558 2005 homo
1587 1967 1702 2005 rem
1739 1953 2070 2017 reseivisset,

482 2040 782 2107 desperans
813 2055 872 2094 se
903 2041 1198 2109 quidquam
1226 2042 1606 2096 confecturum
1642 2042 1717 2112 (Ι)
1738 2084 1750 2105 ,
1777 2044 1916 2098 elata
1958 2043 2071 2110 jam

481 2133 609 2186 olim
639 2133 882 2202 undique
916 2132 1210 2200 supercilia
1241 2135 1500 2201 demittit,
1535 2137 1812 2204 multaque
1834 2137 2068 2207 ignavia,

478 2241 543 2279 ex
593 2225 782 2280 multis
845 2227 1089 2295 tropaeis.
1137 2227 1238 2294 ipsi
1290 2227 1494 2296 pariter
1522 2243 1585 2281 ac
1631 2229 1953 2296 majoribus,
2001 2228 2071 2284 ob

476 2316 675 2370 multas
705 2331 768 2369 ac
801 2331 1023 2386 magnas
1051 2326 1240 2386 gentes
1271 2317 1513 2371 devictas
1537 2317 1855 2372 constitutis
1904 2318 2068 2372 colle-

476 2417 596 2461 (-tos
647 2407 695 2462 ci
724 2409 973 2477 spiritus,
1022 2408 1248 2475 abiicit;
1285 2411 1552 2478 traditque
1588 2409 1846 2464 oblivioni
1881 2426 2068 2465 sacra-

475 2509 655 2552 menta
694 2499 801 2563 illa,
837 2501 1039 2568 quibus
1074 2514 1154 2562 se,
1190 2500 1391 2553 collum
1444 2501 1767 2564 extendens,
1808 2515 1870 2554 ac
1907 2502 2067 2556 inde-

474 2606 602 2646 rore
634 2603 796 2659 caput
825 2591 1093 2661 cogitans,
1127 2591 1316 2659 gramli
1348 2591 1606 2654 clamore,
1646 2607 1707 2644 ac
1735 2607 1896 2661 supra
1925 2609 2064 2661 prae-

472 2681 628 2735 conis
663 2697 872 2742 vocem,
910 2681 1335 2745 obstrinxisset;
1409 2682 1574 2750 fitque
1620 2682 1764 2736 mitis
1793 2699 1857 2736 ex
1889 2681 2066 2737 feroce

469 2789 537 2827 ac
571 2775 662 2827 vix
691 2789 798 2827 non
831 2773 1020 2828 balans
1049 2774 1166 2826 ovis
1201 2774 1396 2827 instar.
1435 2772 1570 2826 Eum
1603 2774 1694 2842 qui
1743 2775 1949 2841 pridem
1982 2775 2065 2827 lu-

471 2867 554 2941 pis
578 2866 936 2919 truculentior
969 2865 1173 2929 hiabat,
1195 2866 1426 2919 dixisses
1455 2867 1753 2920 cicuratam
1794 2867 2056 2930 bellttam,

470 2959 524 3010 iu
552 2974 674 3011 eum
711 2966 932 3026 repente
957 2958 1243 3011 devectum
1271 2965 1496 3021 statum,
1522 2973 1646 3010 cum
1696 2973 1870 3028 nuper
1905 2973 2062 3026 aspe-

467 3060 558 3106 ctu
592 3051 819 3105 terribili
840 3054 891 3104 in
923 3052 1218 3104 lunnanum
1249 3051 1452 3120 rugiret
1475 3066 1663 3118 genus.
1684 3050 1952 3119 Cupiebat
1974 3067 2061 3104 er-

2197 588 2369 640 ριτος,
2427 573 2462 643 ἦ
2512 591 2566 627 τι
2614 575 2942 645 τοπαράπαν
2997 576 3424 647 είσενηνοχότων
3455 580 3535 644 είς
3575 581 3746 637 τοῦτο.

2263 750 2340 802 Οὐ
2388 751 2498 821 μὴν
2545 751 2680 805 ἀλλὰ
2721 755 2813 807 καὶ
2849 752 3061 824 μάρτυς
3111 751 3267 817 οὗτος
3305 756 3371 825 τῇ
3425 757 3750 825 προαιρέσει,

2191 839 2307 893 ἀνθ’
2333 833 2407 894 ὧν
2437 843 2533 893 καὶ
2568 841 2889 912 προῦδωκεν
2921 843 3083 894 αὑτὸν
3116 843 3256 913 ὑπὲρ
3278 843 3387 896 τῶν
3413 844 3639 908 πολλῶν,
3668 849 3755 898 καὶ

2192 930 2300 982 τῶν
2332 931 2595 984 κινδύνων
2624 933 2792 1000 ἐγγὺς
2824 933 3060 1000 ἐγένετο,
3095 936 3186 986 καὶ
3219 933 3480 1003 λυπηρῶν
3507 936 3754 1005 πεπείρα-

2189 1039 2303 1087 ται,
2351 1025 2446 1076 καὶ
2492 1023 2710 1088 ἀδοξίαν
2755 1025 2989 1095 ὑπέστη,
3026 1025 3120 1078 καὶ
3148 1025 3293 1095 ἕτερ’
3335 1028 3470 1080 ἄττα
3504 1027 3754 1081 δάκνοντα

2189 1112 2288 1181 τὴν
2335 1113 2530 1184 ψυχὴν,
2584 1117 2678 1168 καὶ
2730 1119 3078 1185 κατενεγκεῖν
3135 1114 3242 1181 οἷάΔ
3271 1135 3331 1168 τε
3376 1119 3501 1180 τοὺς
3539 1117 3612 1188 μὴ
3655 1120 3752 1170 τῶν

2191 1205 2475 1272 παρόντων
2509 1207 2950 1275 καταγελῶντας.
2995 1208 3091 1260 Ἐκ
3125 1207 3190 1278 δὴ
3223 1209 3444 1261 πάντων
3479 1207 3751 1276 πρόδηλον,

2188 1292 2263 1354 ὡς
2295 1293 2356 1345 τὸ
2383 1299 2654 1364 περιεῖναι
2683 1297 2874 1350 τοῦτον
2905 1300 2998 1351 καὶ
3031 1298 3092 1353 εὖ
3119 1299 3267 1368 ἔχειν
3287 1294 3356 1368 ἦν
3389 1297 3652 1368 δήπουθεν
3671 1301 3754 1350 καὶ

2191 1385 2482 1452 σώζεσθαι,
2518 1390 2611 1441 καὶ
2650 1389 2708 1443 εὖ
2749 1387 2888 1443 εἶναι
2924 1392 3129 1460 πλῆθος
3161 1392 3468 1465 ἀνθρώπων
3505 1393 3564 1444 οὑ
3603 1389 3752 1458 μόνον

2187 1494 2251 1544 γε
2280 1479 2387 1530 τῶν
2422 1481 2515 1533 ὑπ’
2557 1481 2723 1534 αὐτοῦ
2758 1483 3174 1552 δεσποζομένων
3207 1485 3489 1547 ἁπάντων,
3528 1481 3659 1534 ἀλλά
3694 1480 3750 1548 δὴ

2187 1573 2279 1626 καὶ
2313 1574 2420 1626 τῶν
2455 1576 2543 1644 ὑφ’
2579 1577 2789 1646 ἑτέροις
2826 1577 3192 1646 ταττομένων.
3227 1577 3417 1639 Οὕτως
3459 1571 3526 1645 ἦν
3557 1574 3748 1631 ἐκεῖνος

2189 1666 2673 1736 θαυμασιώτατος·
2727 1669 2870 1723 οὕτω
2910 1671 3128 1732 πολλοῖς
3172 1669 3475 1738 ὠφέλιμος,
3525 1666 3611 1717 ἴσα
3663 1663 3746 1714 καὶ

2189 1763 2322 1828 πνοῇ
2365 1762 2476 1824 τοῖς
2525 1761 2700 1830 φίλοις
2757 1763 3228 1830 ἀναγκαιότατοςο
3275 1763 3391 1822 τοῖς
3434 1757 3490 1812 δὲ
3543 1753 3742 1824 ἐχθροῖς

2181 1853 2501 1920 ἀχείρωτος,
2533 1854 2626 1906 καὶ
2651 1853 2748 1916 τάς
2773 1853 2999 1907 ἐκείνων
3017 1853 3348 1924 ἀποτρέπων
3373 1849 3620 1919 ἐφόδους.
3644 1843 3742 1897 Καὶ

2176 1943 2325 2012 δηλοῖ
2355 1945 2416 1998 τὸ
2445 1945 2536 1998 τὸν
2566 1947 2734 2000 πολὺν
2768 1949 2972 2000 ἐκεῖνον
3003 1945 3350 2015 ἀποσοϐῆσαι
3385 1943 3479 1996 καὶ
3519 1937 3738 2005 ἀποτρέ’

2174 2035 2296 2104 ψαι,
2329 2037 2475 2107 μόνῳ
2507 2037 2585 2107 τῷ
2603 2038 2934 2092 καταλαϐεῖν
2957 2038 3054 2109 τὴν
3078 2038 3264 2090 αὑτοῦ.
3281 2036 3457 2099 Εὐθὺς
3473 2033 3580 2102 γὰρ
3599 2028 3740 2082 τοῦτο

2176 2127 2366 2197 μαθὼν
2396 2130 2602 2190 ἐκεῖνος
2635 2132 2662 2182 ὁ
2712 2129 2963 2198 σοϐαρὸς,
3004 2124 3280 2196 ἀπογνοῦς
3313 2125 3407 2180 τοῦ
3449 2120 3647 2192 πρᾶξαί
3669 2135 3732 2180 τι,

2173 2220 2499 2274 καταϐάλλει
2534 2221 2632 2289 μὲν
2653 2221 2825 2290 ὀφρὺν
2847 2220 3129 2291 πόρρωθεν
3159 2220 3412 2290 ἠρμένην
3443 2211 3591 2284 αὑτῷ
3616 2208 3733 2264 πολ-

2170 2311 2431 2381 λαχόθεν·
2483 2314 2662 2382 ῥίπτει
2714 2313 2770 2365 δὲ
2819 2316 3076 2383 φρόνημα
3134 2313 3378 2380 ἀγεννῶς
3429 2308 3585 2374 ἄγαν,
3611 2305 3731 2366 ὅπερ

2169 2404 2362 2474 ἐκείνῳ
2407 2405 2752 2476 συνεφορήθη
2796 2407 3012 2476 συχνοῖς
3055 2406 3363 2476 τροπαίοις,
3414 2402 3553 2466 ἅπερ
3597 2390 3733 2458 αὖτῷ

2167 2513 2225 2548 τε
2250 2498 2342 2548 καὶ
2372 2499 2482 2558 τοῖς
2512 2497 2743 2565 φύσασιν
2781 2496 3014 2568 ἕστηκεν
3049 2498 3154 2550 ἀπὸ
3190 2495 3404 2551 πολλῶν
3435 2511 3488 2545 τε
3519 2489 3609 2542 καὶ
3639 2501 3728 2555 με·

2169 2587 2351 2656 γάλων
2383 2587 2554 2640 ἐθνῶν
2581 2605 2595 2620 ο
2639 2574 2952 2658 ἀμνημονεῖ
2979 2588 3037 2642 δὲ
3071 2589 3256 2659 ὅρκων
3289 2586 3530 2647 ἐκείνων,
3562 2579 3649 2640 οὓς
3675 2589 3730 2642 γε

2167 2677 2462 2732 ἀνατείνων
2513 2679 2734 2749 αὐχένα,
2767 2681 2862 2733 καὶ
2907 2681 3076 2734 κινῶν
3118 2684 3219 2751 τὴν
3265 2679 3518 2748 κεφαλὴν
3548 2674 3604 2725 οὐ
3649 2669 3734 2720 σὺν

2165 2773 2374 2841 κόσμῳ,
2410 2771 2548 2839 βοῶν
2579 2773 2721 2844 ὑπὲρ
2752 2775 2875 2836 τοὺς
2904 2774 3174 2844 κήρυκας,
3209 2774 3398 2844 ὤμνυ.
3431 2769 3536 2824 Kal
3562 2762 3624 2837 ἦν
3658 2777 3728 2822 τις

2164 2859 2371 2929 ἥμερος
2400 2861 2517 2914 τότε
2545 2860 2867 2931 μεταϐαλὼν
2901 2862 2956 2926 ἐξ
2979 2864 3193 2933 ἀγρίου,
3226 2863 3334 2916 καί
3369 2857 3585 2932 μονονοὺ
3614 2853 3723 2923 βλη·

2162 2951 2426 3021 χώμενος.
2461 2953 2516 3006 Ὀ
2543 2953 2808 3025 πρότερον
2837 2953 2978 3022 ὑπὲρ
3005 2955 3135 3018 τοὺς
3163 2955 3375 3017 λύκους
3396 2950 3561 3006 δεινὸν
3583 2960 3725 3013 κεχη-

2161 3043 2267 3105 νὼς
2316 3042 2478 3114 ἐῴκει
2520 3046 2829 3115 χειροήθεσι
2862 3046 3096 3118 Θηρίοις,
3150 3048 3231 3112 είς
3303 3045 3445 3102 τοῦτ’
3490 3041 3722 3109 ἐξαίφνης

467 3161 535 3210 go
572 3146 734 3200 citius
765 3145 1096 3214 demigrare,
1128 3145 1216 3211 qui
1257 3144 1392 3198 nihil
1443 3159 1503 3198 se
1539 3144 1924 3197 confecturum
1959 3144 2053 3197 sci-

2172 3134 2366 3201 ἐλθὼν,
2415 3139 2442 3190 ό
2476 3136 2690 3208 βλέπων
2745 3140 2805 3194 τὸ
2841 3140 3119 3210 βλοσυρὸν,
3160 3142 3254 3195 καὶ
3304 3141 3422 3196 κατ’
3450 3135 3727 3208 ἀνθρώπων

468 3247 570 3299 ret,
607 3240 700 3291 sed
736 3236 972 3306 pudebat
1007 3235 1306 3303 repentinae
1332 3235 1467 3288 adto
1502 3236 1840 3299 mutationis,
1885 3250 1949 3288 ac
1996 3243 2053 3288 ut

466 3330 704 3392 Euripus
734 3345 797 3383 ac
828 3329 1027 3382 stultus
1052 3329 1174 3396 quis
1201 3327 1479 3381 habendus
1505 3338 1669 3392 esset,
1701 3344 1794 3382 eos
1828 3344 2050 3398 pavens,

464 3425 560 3493 qui
621 3423 690 3477 ab
743 3437 809 3476 eo
864 3422 1080 3475 interim
1126 3420 1394 3489 fugissent
1446 3419 1766 3489 fugiensque
1832 3422 2051 3475 nemine

463 3521 849 3583 persequente,
887 3527 950 3566 ac
977 3511 1358 3579 superioribus
1394 3511 1572 3565 verbis
1605 3512 1895 3579 rebusque,
1923 3525 2053 3565 con-

463 3606 631 3659 trarie
658 3617 789 3660 tunc
819 3603 1086 3658 habentes
1115 3619 1222 3664 res,
1253 3618 1316 3657 ac
1340 3603 1508 3657 verba
1535 3603 1847 3656 ostendens.
1874 3603 2050 3670 Atque

461 3709 520 3751 ut
558 3697 748 3766 paucis
780 3695 984 3755 dicam,
1013 3695 1146 3748 nihil
1181 3694 1270 3747 ille
1293 3695 1644 3763 postmodum
1673 3693 1947 3764 prioribus
1977 3693 2051 3746 si-

461 3791 611 3852 mile,
632 3789 1001 3857 aut‘cogitare,
1026 3795 1121 3840 aut
1144 3787 1314 3855 loqui,
1340 3786 1676 3840 automnino
1698 3785 1876 3841 facere
1901 3787 2048 3840 vide-

460 3887 639 3936 Isatur.
678 3881 859 3952 Fingit
889 3895 1018 3935 vero
1052 3880 1129 3947 (2)
1158 3879 1434 3949 egregium
1461 3887 1782 3946 prmtextum
1829 3879 2045 3946 tegendi

464 3974 747 4043 probrum.
794 3971 880 4025 Ait
907 3971 1148 4039 acceptis
1169 3985 1197 4022 a
1225 3972 1442 4023 sultano
1462 3969 1662 4023 litteris
1689 3968 1740 4022 in
1765 3967 2040 4024 Orientem

459 4065 660 4126 vocari,
686 4051 890 4118 auxilio
923 4062 1139 4114 futurus
1163 4061 1425 4115 adversus
1447 4059 1732 4114 Temerem
1757 4062 2042 4132 Scytbam,

456 4157 547 4223 qui
581 4155 722 4210 bello
747 4157 1058 4208 lacesseret.
1081 4152 1228 4220 ,Fuit
1259 4155 1303 4208 is
1330 4151 1609 4216 Temercs,
1637 4153 1725 4207 cui
1753 4153 1898 4208 brevi
1925 4163 2047 4222 post

456 4248 604 4301 dedit
642 4260 834 4315 poenas
872 4259 1062 4299 eorum
1093 4259 1214 4314 quae
1256 4245 1422 4314 impia
1465 4244 1747 4309 gessisset,
1793 4252 1955 4311 atque
1989 4244 2041 4298 id

450 4340 600 4406 justo
625 4336 912 4390 admodum
948 4336 1176 4390 fanore.
1198 4335 1339 4400 Quia
1369 4344 1549 4388 tamen
1584 4335 1788 4388 sultani
1824 4336 1927 4388 illa:
1954 4337 2043 4389 lit-

455 4440 584 4484 tera:
615 4437 908 4498 prmtextus
942 4409 1097 4481 aaut
1123 4441 1186 4480 ac
1222 4441 1406 4489 scena,
1430 4426 1648 4480 dicebat
1674 4425 1892 4495 quidem
1918 4443 2043 4496 pro-

456 4535 582 4588 pere
608 4521 1055 4574 transmissurum
1083 4518 1518 4585 Hellespontum,
1541 4533 1663 4573 cum
1684 4518 1845 4572 nollet
1869 4529 2045 4574 trans-

455 4613 694 4665 mittere.
735 4610 904 4665 Lente
937 4611 1124 4678 itaque
1153 4609 1434 4673 incedens,
1466 4608 1698 4662 multum
1735 4617 1940 4678 tempus
1964 4609 2048 4662 in-

453 4705 619 4757 sumit
653 4720 667 4756 :
701 4711 864 4771 atque
911 4710 972 4755 ut
1021 4701 1178 4765 velis,
1207 4701 1287 4754 sic
1317 4700 1456 4754 clam
1511 4701 1744 4770 fugiens,
1800 4711 2046 4755 moratur

453 4810 582 4847 vero
614 4796 666 4848 in
710 4793 967 4855 Thracia,
997 4792 1220 4861 illicque
1254 4793 1553 4846 exercitum
1587 4794 1749 4861 cogit,
1788 4797 1947 4858 unde,
1979 4809 2044 4848 ac

451 4896 717 4954 quantum
755 4901 852 4955 per
899 4882 1218 4937 facultatem
1259 4892 1469 4950 posset,
1510 4883 1868 4952 ingentesque
1906 4885 2041 4939 adeo

527 5024 604 5092 (Ι)
638 5023 934 5090 Desperans
964 5040 1016 5076 se
1041 5023 1332 5092 quidquam
1357 5019 1742 5092 confecturum.
1774 5021 1888 5076 Sibi
1916 5020 2028 5074 Ma-

451 5091 675 5147 nuelac
728 5094 879 5146 fratri
909 5091 1246 5155 blandiatur,
1278 5100 1418 5143 utea
1448 5091 1715 5156 Bajazetis
1751 5093 2025 5160 regressio

451 5163 853 5232 desperationis
889 5165 1055 5216 fuerit
1104 5177 1134 5216 a
1181 5160 1456 5215 Theodori
1491 5172 1660 5222 metu,
1696 5178 1801 5214 non
1843 5161 2018 5229 magis

451 5231 756 5303 prudentia:
787 5233 1014 5293 bellicae,
1053 5248 1159 5301 qua
1191 5231 1448 5296 majorem
1483 5233 1786 5303 exercitum
1820 5247 2020 5303 cogen-

449 5301 578 5355 dum
613 5303 908 5367 putaverit,
931 5317 996 5356 ac
1023 5303 1146 5356 belli
1181 5303 1310 5354 moli
1347 5317 1554 5369 parem.
1586 5302 1677 5355 Sic
1707 5303 1842 5354 bene
1870 5301 2015 5353 indi-

449 5382 536 5424 eat
567 5369 836 5425 Laonicus
869 5373 903 5425 I.
942 5388 1001 5438 It,
1044 5374 1136 5427 ubi
1170 5373 1332 5425 etiam
1365 5371 1619 5424 Branezis
1675 5374 1826 5424 ducis
1860 5386 2022 5424 exer-

449 5447 595 5495 citus
643 5439 934 5506 Bajazetis,
987 5444 1080 5510 qui
1113 5443 1276 5512 paulo
1324 5455 1447 5509 post
1493 5444 1736 5508 ponitur,
1779 5457 1864 5492 res
1897 5455 2020 5512 per-

449 5512 672 5578 stringit
712 5526 774 5563 ac
816 5514 1064 5576 exordia,
1115 5511 1276 5578 quem
1314 5512 1586 5579 "pauéCnv
1629 5512 1862 5578 appellat
1897 5526 1911 5561 :
1950 5511 2017 5562 de

447 5597 556 5645 quo
588 5582 781 5632 iterum
816 5583 882 5634 ad
915 5585 1120 5636 calcem
1149 5584 1183 5635 |.
1215 5596 1288 5633 tv.
1311 5582 1504 5634 Narrat
1534 5582 1810 5634 Phranles
1837 5582 1872 5632 l.
1905 5596 1941 5640 ι,
1967 5595 2016 5632 c.

450 5650 538 5708 10.
564 5666 682 5715 quae
715 5653 798 5705 lnc
827 5651 1037 5704 Manuel
1062 5665 1204 5706 tacet
1235 5668 1248 5703 :
1276 5655 1535 5704 nimirum
1559 5665 1786 5703 causam
1815 5665 1878 5702 ex
1902 5664 2007 5717 qua

447 5717 726 5787 Bajazetes
757 5721 1044 5774 Theodoro
1082 5723 1344 5774 infensior
1376 5720 1553 5773 factus
1588 5727 1734 5772 esset
1767 5736 1779 5771 :
1815 5733 2008 5784 nempe

447 5792 592 5856 quod
639 5791 840 5844 Paulus
876 5792 1216 5845 Mammonas
1261 5793 1327 5842 de
1361 5794 1406 5843 vi
1444 5799 1672 5859 questus
1709 5789 1851 5857 apud
1880 5804 2007 5840 eum

2157 3231 2534 3302 βρυχώμενος.
2573 3235 2684 3288 Καὶ
2717 3235 2983 3304 ἐπεθύμει
3020 3237 3120 3305 μὲν
3158 3241 3390 3308 ταχέως
3422 3229 3718 3293 ἀπαλλαγῆ⁴

2154 3341 2264 3386 ναι,
2298 3324 2454 3387 εἰδὼς
2482 3325 2698 3378 ἀνύσων
2731 3325 2920 3379 οὐδέν·
2956 3328 3222 3398 ᾐσχύνετο
3253 3331 3325 3386 δὲ
3351 3331 3448 3400 τήν
3483 3323 3722 3393 ταχίστην

2155 3415 2480 3487 μεταϐολὴν,
2509 3419 2603 3471 καὶ
2639 3420 2686 3470 εἰ
2737 3418 2878 3485 δόξει
2920 3419 3160 3489 Εὕριπος
3203 3426 3316 3479 καὶ
3341 3423 3614 3477 ἀλλόκοτος
3640 3413 3724 3467 ἀν-

2153 3508 2392 3578 θρωπος,
2444 3509 2703 3580 ὀῤῥωδῶν
2732 3511 2860 3574 τοὺς
2889 3513 2982 3566 ἀπ’
3017 3513 3181 3568 αὐτοῦ
3232 3519 3372 3570 τότε
3417 3511 3717 3582 φεύγοντας,

2152 3601 2244 3653 καὶ
2283 3601 2526 3668 φεύγων,
2571 3602 2662 3654 ὑπ’
2706 3603 2921 3664 οὐδενὸς
2959 3603 3332 3674 διωκόμενος,
3374 3605 3462 3660 καὶ
3493 3602 3596 3660 τοῖς
3625 3595 3719 3660 πρδ

2148 3692 2244 3746 τοῦ
2287 3693 2382 3746 καὶ
2427 3693 2606 3762 λόγοις
2667 3697 2782 3764 καὶ;
2811 3696 3130 3766 πράγμασιν
3178 3699 3451 3760 ἐναντίως
3495 3694 3560 3746 τὰ
3612 3687 3716 3740 τότε

2150 3787 2454 3854 πράγματα
2498 3789 2594 3841 καὶ
2646 3788 2772 3850 τοὺς
2807 3788 3001 3856 λόγους
3039 3791 3399 3852 ἀποδεικνύς.
3442 3785 3548 3840 Kal
3579 3781 3622 3833 εί
3649 3776 3720 3828 δεῖ

2149 3879 2459 3949 συλλήϐδην
2507 3881 2568 3933 τὸ
2600 3882 2708 3935 πᾶν
2741 3881 2938 3942 εἰπεῖν,
2966 3883 3118 3935 οὐδὲν
3149 3885 3557 3952 διανοούμενος,
3586 3873 3612 3940 ἧ
3639 3868 3715 3920 λέ⁸

2143 3987 2278 4038 Υων»
2310 3970 2733 4042 ἢὲργαξόμενος
2763 3972 2958 4034 ἐοικὼς
2995 3977 3108 4035 τοῖς
3139 3975 3287 4045 ἔμπρ
3307 3975 3482 4033 οσοεν,
3513 3969 3715 4029 ὕστερον

2146 4060 2300 4123 οὗτος
2328 4062 2601 4129 ἐφαίνετο.
2622 4062 2854 4115 Πλάττει
2878 4063 2941 4132 δὴ
2973 4064 3254 4133 πρόφασιν
3276 4060 3555 4132 εὐπρεπῆ,
3585 4052 3710 4105 ὥστε

2149 4156 2444 4208 συσκιάσαι
2475 4154 2536 4207 τὸ
2568 4149 2758 4224 αἶσχος
2797 4157 2891 4208 καὶ
2913 4155 2974 4208 τὸ
3006 4156 3251 4224 πλάσμα.
3294 4158 3570 4225 Ἔφασκεν
3600 4145 3704 4195 ἐπι-

2146 4245 2341 4306 στολὰς
2370 4245 2615 4312 δεδέχθαι
2645 4245 3023 4310 σουλτανικάς,
3044 4247 3530 4318 προσκαλουμένας
3560 4231 3706 4289 αὑτὸν

2144 4339 2197 4399 ἐς
2223 4337 2320 4399 ἕω,
2344 4335 2485 4390 ὥστε
2519 4337 2736 4406 βοηθεῖν
2762 4337 2974 4406 ἐκείνῳ,
3003 4339 3106 4392 ὑπὸ
3133 4339 3228 4394 τοῦ
3258 4340 3467 4395 Σκύθου
3493 4325 3701 4396 Τεμήρη

2147 4428 2540 4499 πολεμουμένῳ
2558 4441 2574 4458 ·
2605 4429 2662 4492 ὃς
2691 4425 2778 4500 ἦν,
2800 4423 2844 4498 ᾧ
2868 4431 3064 4501 μικρὸν
3093 4431 3322 4504 ὕστερον
3344 4427 3508 4487 αὐτὸς
3532 4411 3708 4472 ἐδεδώο
3779 4481 3782 4484 ”

2074 4501 2119 4557 θ
2148 4538 2232 4574 κει
2264 4521 2419 4588 δίκην
2455 4515 2530 4574 ὧν
2559 4523 2823 4594 ἠσεϐήκει
2848 4540 2860 4552 ·
2902 4521 2995 4576 καὶ
3026 4501 3238 4596 ταύτην
3264 4529 3362 4581 σὺν
3395 4520 3534 4586 τόκῳ
3573 4505 3702 4596 μάλεξ

2140 4613 2353 4680 δικαίῳ.
2399 4613 2539 4668 Ἀλλ’
2575 4591 2806 4685 ἐπείπερ
2841 4617 3042 4685 σκῆψις
3073 4614 3140 4688 ἦν
3182 4591 3278 4672 Qui
3314 4611 3485 4683 σκηνὴ
3517 4605 3582 4656 τὰ
3619 4591 3702 4647 τοῦ

2145 4704 2437 4756 σουλτάνου
2470 4706 2796 4774 γράμματα,
2821 4707 2882 4760 τὸ
2905 4687 3155 4778 διαϐῆναι
3193 4709 3446 4764 σπεύδειν
3474 4698 3563 4750 τὸν
3593 4687 3700 4741 Ἐλο

2141 4792 2441 4862 λήσποντον
2490 4795 2646 4863 ἔλεγε
2687 4798 2808 4867 μὲν,
2849 4800 2952 4851 οὐκ
2995 4801 3248 4854 ἐϐούλετο
3281 4801 3362 4856 δέ.
3414 4781 3700 4867 Ἀντλιλίσκῖι

2141 4887 2199 4939 δὲ
2253 4889 2444 4957 χρόνον
2493 4890 2556 4942 οὐ
2603 4865 2858 4960 σμικρδν,
2892 4893 3060 4964 βάδην
3099 4896 3468 4966 πορευόμενος
3499 4899 3512 4913 .
3555 4875 3600 4926 εξ
3647 4865 3698 4918 δὲ

2140 5021 2365 5094 fuisset,
2402 5039 2466 5078 ac
2493 5034 2679 5094 erepta
2707 5028 3084 5084 Monembasia
3124 5029 3367 5092 civitate,
3402 5001 3697 5094 quamvis

2137 5077 2434 5164 regendém
2476 5077 2801 5164 accerpisset,
2843 5115 2905 5152 at:
2938 5077 3176 5164 Bajztzeti
3209 5077 3444 5164 tie-«iit'a'LI'
3479 5077 3691 5164 ¹θ⁰⁶ἶ¹’⁶ἶ.³λ

2326 5161 2508 5254 ("lingit
2559 5150 2698 5254 vero.
2750 5150 3340 5254 L'ate.tittic;sitltatitts

2131 5222 2304 5302 Syria:
2357 5222 2766 5309 dominabatur.
2820 5239 2908 5309 cui
2962 5222 3676 5309 utrBajazeteiadjvuﬂfisff

2123 5290 2253 5377 suas
2271 5307 2479 5376 copias,
2514 5306 2662 5377 haud
2692 5290 2832 5377 forte
2868 5290 3299 5374 Temercsjﬁseu—
3321 5290 3690 5377 Τιιιιὶοξίθηὲξξ]

2120 5376 2313 5448 attibos
2342 5349 2664 5430 Idevicisset.
2697 5376 2913 5430 Fortior
2948 5352 3148 5448 quippe,
3185 5381 3359 5432 virtus
3397 5365 3560 5448 ιιηξξξζ·

2121 5446 2252 5531 Il..."
2290 5427 2599 5531 segetes,
2635 5427 2793 5513 ίέιιλοιι
2811 5427 3545 5531 'mea.,.:;".,aa.1a...,ggi
3570 5427 3684 5531 ,ξτες

2121 5515 2229 5594 lius
2265 5499 2602 5596 consulturi),
2746 5499 3677 5602 accessione—3liquauilllpﬁrii,Eg);

2119 5585 2545 5668 prii__te'i'i.ninos
2585 5570 2878 5652 proferret,
2933 5570 3204 5668 quamqu
3246 5570 3680 5668 εὶὶειιξιὶιλιξηίξξξ

2121 5637 2342 5727 Itetttiori
2375 5637 2694 5717 invadebte,
2722 5637 2755 5707 ει
2939 5637 3123 5725 ipsius
3142 5637 3504 5727 postmodum
3539 5637 3642 5686 im"

2119 5724 2368 5778 dendunr
2385 5734 2547 5790 esset,
2579 5727 2784 5778 auxilio
2811 5724 3190 5783 defenderet.‘
