3950 6444
277 379 378 441 23ἷ

1053 385 1447 445 ΤΗΕΟΟΟΒΙ
1488 385 1849 445 DESI’OTAE
1889 377 2278 442 LAUDA'l'lO
2316 377 2730 439 FUNEBRlS.

3419 376 3527 437 213

264 495 478 562 βούλει,
538 495 759 564 φεύγων
814 497 1011 550 οὑτωσὶ
1066 496 1279 565 λάθραο
1329 495 1598 564 διατρίϐει
1656 495 1714 549 δὲ
1768 497 1827 546 ἐν

1944 490 2139 560 copias,
2176 496 2233 540 ιιι
2270 488 2357 551 iis,
2399 486 2755 554 Peloponnesi
2799 485 3074 556 negotium
3117 493 3289 539 totum
3337 490 3528 540 conl'e‘

262 590 449 660 Θρᾴκῃ
475 606 490 621 ο
524 591 746 657 συνάγει
778 589 833 644 δὲ
866 589 1146 657 στρατιὰν,
1185 587 1307 643 ὅθεν
1360 606 1419 641 τε
1452 589 1546 641 καὶ
1577 590 1726 651 ὅπως
1758 584 1828 657 ἦν

263 680 489 736 δυνατὸν
540 680 709 751 αὐτῷ,
745 681 1104 751 νομιζομένην
1137 683 1315 736 πάντα
1346 683 1568 751 ποιῆσαι
1612 680 1680 734 τὰ
1708 679 1829 734 καθ’

265 774 415 842 ὑμῶν
447 774 566 827 οἵαν
596 792 653 827 τε
690 772 830 829 εἶναι
853 792 866 806 ·
899 775 1107 843 πέμπει
1154 773 1210 826 δὲ
1244 772 1453 843 ταύτην
1493 774 1829 843 ληϊζομένην

264 868 442 921 πᾶσαν
468 869 571 936 τὴν
598 867 701 936 γῆν
740 866 833 920 τοῦ
871 865 1035 935 μηδὲν
1081 866 1267 935 ἕτερον
1297 866 1624 933 ἠδικηκότος
1666 865 1831 918 αὑτὸν

262 959 290 1028 ἢ
321 959 379 1012 τὸ
430 959 506 1029 μὴ
550 958 728 1029 τούτῳ
757 958 1163 1028 παρεσχηκέναι
1198 958 1275 1028 τῷ
1312 958 1529 1028 θανάτῳ
1583 957 1677 1011 καὶ
1718 959 1830 1020 τοῖς

261 1051 485 1118 αἵμασιν
534 1051 865 1118 ἐντρυφῆσαι
915 1052 1027 1113 τοῖς
1074 1049 1258 1104 αὑτοῦ.
1318 1050 1697 1117 Καταγγέλλει
1753 1051 1831 1119 τῷ

260 1142 569 1213 στρατηγῷ,
598 1142 872 1212 Βῳνέζης
902 1142 1073 1212 ὃνομα
1105 1143 1282 1211 αὐτῷ’
1321 1143 1436 1196 ῑστε
1463 1144 1519 1197 δὲ
1549 1144 1640 1197 τὸν
1676 1142 1831 1197 τοῦδε

258 1236 474 1305 τρόπον,
506 1236 600 1288 καὶ
625 1236 724 1304 τὴν
752 1235 896 1288 κατὰ
924 1236 1031 1288 τῶν
1061 1236 1274 1288 πιστῶν
1312 1234 1541 1306 ἔχθραν,
1580 1235 1655 1298 ώς
1684 1236 1829 1289 ἔστιν

258 1327 658 1398 ἀπαρὰμιλλος,
713 1327 939 1397 μηδενὸς
972 1328 1250 1397 φείδεσθαι
1275 1344 1288 1359 ·
1323 1328 1499 1392 οὕτως
1531 1325 1599 1400 ἦν
1639 1328 1830 1400 ἐκείνῳ

258 1419 397 1485 ζέων
416 1420 445 1471 ὁ
466 1419 657 1489 θυμός.
1612 1483 1619 1492 ι

327 1509 402 1563 Οὐ
436 1507 545 1578 μὴν
575 1507 689 1562 ἀλλ’
719 1502 788 1578 ἦν
811 1525 866 1561 τι
893 1509 985 1562 καὶ
1018 1509 1329 1579 ἀναγκάζον
1362 1509 1615 1581 ἀθροῖσαι
1645 1526 1700 1564 τε
1736 1512 1833 1565 καὶ

260 1596 477 1666 πέμψαι
507 1595 708 1666 πολλήν
735 1611 855 1649 τινα
889 1597 1148 1666 στρατιὰν
1182 1600 1329 1669 μάλα
1360 1601 1581 1655 αὐτίκα.
1606 1601 1680 1655 Οὐ
1721 1602 1831 1674 γὰρ

254 1684 324 1755 ἦν
352 1689 447 1742 καὶ
475 1686 544 1741 τὰ
565 1687 800 1759 φρούρια
823 1687 1114 1755 σώζεσθαι,
1154 1694 1249 1745 καὶ
1270 1692 1336 1757 ἃς
1364 1696 1614 1765 κατεῖχεν
1642 1696 1833 1749 ἐνταυ-

259 1781 345 1834 Θοί
372 1781 495 1833 τότε
520 1781 721 1846 πόλεις,
756 1780 830 1852 μὴ
860 1781 960 1850 τὴν
989 1783 1253 1854 ταχίστην
1290 1772 1826 1858 βοηθείαςπυχύντα.

1939 595 2137 637 cturus
2156 581 2451 635 videretur.
2475 580 2641 634 Mittit
2666 581 2952 649 autemqui
2985 579 3106 645 eius
3139 583 3279 634 hanc
3310 580 3523 634 univer-

1936 688 2055 728 sam
2083 673 2356 743 regionem
2386 674 2731 743 populentur,
2755 670 2849 741 qui
2873 670 3005 724 nihil
3027 670 3324 740 quidquam
3353 671 3527 723 laesis-

1937 774 2039 829 set,
2067 780 2230 833 quam
2254 774 2393 820 utne
2421 766 2611 820 mortis
2640 766 2755 833 ipse
2785 778 2900 819 sua:
2927 778 2991 817 ac
3025 765 3238 818 cruoris
3266 762 3526 830 gaudium

1940 858 2133 913 bellua:
2162 858 2386 913 faceret.
2411 857 2584 913 Porro
2610 857 2769 928 jubet
2793 856 2963 912 misso
2992 856 3142 922 duci,
3168 855 3405 909 Brunzes
3434 870 3530 907 Itu-

1939 947 2090 1002 mine
2122 946 2287 1019 (ejus
2325 962 2455 1003 vero
2489 947 2710 1002 habetis
2757 956 3068 1015 compertos
3122 959 3322 1008 mores,
3359 956 3531 1013 utque

1938 1039 2357 1110 incomparabili
2427 1041 2556 1096 odio
2604 1049 3034 1110 prosequeretur
3076 1036 3310 1105 ﬁdeles,)
3363 1048 3421 1092 ut
3461 1055 3530 1092 ne

1937 1130 2027 1185 cui
2060 1141 2248 1201 parcat
2286 1147 2302 1185 :
2333 1132 2414 1188 sic
2441 1132 2700 1187 nimirum
2726 1130 2852 1200 ejus
2875 1132 3030 1187 l'uror
3063 1130 3411 1187 ell‘erbuerat.

2009 1492 2282 1548 Caeterum
2333 1502 2450 1549 erat
2494 1509 2602 1564 quo
2646 1492 2907 1563 grandem
2951 1494 3250 1550 exercitum
3303 1511 3526 1550 necesse

1941 1585 2167 1641 haberet
2193 1601 2515 1655 cogerexac
2544 1587 2793 1643 subsidio
2831 1589 3067 1644 mittere.
3096 1587 3215 1643 Non
3252 1590 3395 1643 enim
3424 1606 3526 1659 po-

1940 1684 2084 1731 terat
2116 1685 2171 1732 et
2206 1679 2457 1748 praesidia
2487 1693 2731 1743 servare,
2765 1695 2830 1735 ac
2864 1696 3003 1751 quas
3034 1681 3121 1736 hic
3152 1691 3279 1736 tunc
3315 1690 3528 1750 ιρηψο⁴

1940 1768 2018 1824 ris
2055 1771 2361 1840 occupabat
2393 1775 2582 1837 urbes,
2622 1773 2725 1826 nisi
2781 1773 2870 1828 illa
2907 1774 3396 1844 prmsentissimunt
3426 1791 3531 1829 au-
3610 1818 3617 1825 .

267 1871 510 1925 Ἐδέοντο
541 1870 652 1941 γὰρ
679 1872 995 1944 ἐπικουρίας
1032 1874 1400 1945 παντοδαπῆς,
1441 1878 1532 1948 ὑφ’
1559 1879 1714 1949 ὑμῶν
1735 1897 1830 1932 πο-

1944 1862 2127 1917 tilium
2171 1877 2371 1933 prauo
2407 1864 2692 1921 baberent.
2734 1865 2901 1922 Vobis
2936 1870 3138 1939 quippe
3163 1873 3531 1938 expugnanti.

255 1961 618 2032 λιορκούμενα
637 2001 653 2028 ,
683 1964 777 2016 καὶ
806 1966 871 2034 τῇ
918 1964 1027 2017 τῶν
1057 1967 1375 2034 ἀναγκαίων
1428 1970 1601 2040 ἐνδείᾳ
1642 1971 1829 2026 ταλαι-

260 2057 605 2125 πωρούμενα.
629 2055 695 2107 Δί
723 2056 822 2124 μὲν
836 2052 930 2111 οὖν
954 2059 1307 2126 παρασκευαὶ
1328 2059 1524 2128 δειναὶ,
1539 2063 1570 2114 δ
1589 2061 1645 2114 δὲ
1667 2080 1832 2134 στρα-

262 2145 424 2215 τηγὸς
464 2145 648 2214 ὠμόςο
681 2148 715 2219 ἡ
767 2147 825 2201 δὲ
858 2150 1088 2218 στρατιὰ
1132 2151 1303 2224 πολλὴ
1344 2155 1441 2206 καὶ
1476 2152 1705 2218 εὔοπλος
1730 2155 1830 2226 οὐχ

274 2233 423 2308 ἦττον
449 2238 482 2309 ἢ
515 2237 768 2303 εὔῖππος.
789 2239 870 2293 Τὰ
897 2241 954 2295 δὲ
977 2242 1279 2313 πράγματα
1310 2246 1438 2314 ἡμῖν
1462 2245 1677 2316 ἐξίτηλα
1706 2248 1833 2299 πο).-

278 2327 485 2397 λαχόῆεν
502 2344 518 2359 ⁸
538 2328 638 2383 καὶ
662 2333 873 2401 προσῆν
894 2332 953 2385 τὸ
973 2334 1099 2398 τοὺς
1119 2334 1347 2405 ἐχθροὺς
1366 2337 1642 2406 ἡγεμόνας
1660 2338 1830 2408 ίσχειν

280 2419 487 2482 πολλοὺς
514 2421 623 2474 τῶν
676 2424 782 2476 ἀπὸ
811 2423 910 2493 τῆς
944 2424 1150 2495 χώρας,
1198 2429 1673 2498 παρακαλοῦντας,
1714 2431 1830 2495 πῶς

267 2510 389 2576 οίει,
446 2513 542 2566 καὶ
583 2514 986 2585 παροξύνοντας
1027 2520 1108 2577 είς
1161 2520 1229 2572 τὰ
1282 2522 1405 2574 καθ’
1459 2522 1637 2592 ἡμῶν,
1699 2522 1731 2574 ἢ
1773 2522 1832 2576 τύ

260 2618 322 2669 γε
355 2601 717 2674 ἀληθέστερον
748 2607 944 2673 εἰπεῖν,
973 2610 1053 2672 είς
1096 2611 1164 2663 τὰ
1197 2610 1318 2664 καθ’
1347 2612 1545 2667 αὐτῶν.

326 2881 408 2937 Ub
440 2881 546 2953 μὴν
574 2881 827 2937 ἀλλὀύδὲ
856 2883 1030 2937 ἐκεῖνο
1063 2884 1122 2938 τὸ
1143 2885 1451 2940 δεινότατον
1482 2888 1655 2957 ἀπῆν,
1691 2885 1834 2961 ἦσαν

257 2976 371 3047 γὰρ
393 2975 443 3028 οἶ
474 2975 910 3046 προσεκαλοῦντο
940 2976 1165 3041 τούτους
1202 2979 1428 3033 εἰσιέναι
1454 2981 1544 3034 τὸν
1588 2982 1829 3052 Ἰσϐμδν,

260 3068 685 3139 ὑπισχνούμενοι
712 3071 1044 3142 χορηγήσειν
1082 3072 1266 3134 αὐτοῖς
1301 3073 1515 3143 ἄφθονα
1543 3076 1612 3128 τὰ
1636 3078 1832 3147 ἐπιτή-

259 3160 403 3216 δεια.
434 3161 649 3221 Τούτων
679 3161 736 3214 δὲ
767 3162 826 3214 οὐ
857 3164 1087 3231 σμικρὸν
1116 3162 1365 3228 ἕκαστον,
1397 3164 1514 3218 ἀλλ’
1547 3166 1729 3220 ίκανδν
1757 3166 1835 3237 τῷ

264 3254 537 3323 πέμποντι
557 3253 652 3324 μὲν
666 3255 768 3323 τὴν
798 3242 1060 3324 στρατιὰν
1082 3256 1322 3326 χρηστὰς
1342 3260 1650 3328 παρασχεῖν
1680 3259 1837 3313 ἐλπί-

262 3345 380 3409 δας,
403 3348 514 3408 τοῖς
537 3345 591 3399 δὲ
618 3346 962 3416 προσδοκῶσι
981 3349 1081 3417 τὴν
1096 3347 1299 3418 ταύτης
1314 3347 1504 3418 ἔφοδον
1527 3350 1837 3418 ἀπόγνωσιν

261 3434 696 3507 ἐμποιῆσαι.Ἦν
712 3440 810 3506 μὲν
832 3435 924 3494 οὖν
938 3439 1110 3495 ταῦτα
1133 3441 1387 3512 καθάπερ
1405 3441 1563 3512 έφην·
1582 3443 1681 3496 οὐκ
1705 3446 1838 3497 ἀπο.

262 3529 488 3600 δεὸήκει
527 3529 581 3583 δὲ
628 3530 767 3586 κατὰ
800 3520 1027 3601 γνώμην
1066 3531 1259 3602 τάνδρὶ
1289 3533 1691 3605 τοὺγχείρημα.
1731 3535 1840 3587 Καὶ

260 3625 313 3678 τί
343 3626 490 3691 λέγω
515 3623 656 3678 κατὰ
680 3624 928 3693 γνώμην,
962 3626 1050 3679 ὅτε
1076 3623 1172 3678 καὶ⁵
1196 3625 1329 3694 πρὸς
1351 3626 1660 3680 τούναντίον
1687 3626 1838 3697 αὐτῷ

258 3718 332 3770 τὰ
358 3718 468 3769 τῶν
502 3715 730 3771 ἐλπίδων
760 3717 1167 3787 ἀντέστραπτο;
1201 3718 1338 3773 Οὔτε
1374 3718 1482 3789 γὰρ
1510 3719 1764 3791 εἰσῄεσαν
1801 3722 1833 3789 ὴ

263 3806 519 3872 στρατιὰ,
549 3805 1002 3874 προειληςιιμένων
1027 3806 1118 3875 ὑφ’
1157 3807 1312 3876 ὑμῶν
1338 3807 1445 3860 τῶν
1475 3808 1668 3878 χώρων
1694 3810 1837 3862 ἐκεί-

262 3916 389 3961 νων,
421 3889 482 3950 οὗ
522 3898 678 3968 στενή
703 3915 787 3961 τις
817 3893 885 3968 ἦν
908 3898 1047 3963 ὀδδς,
1078 3903 1170 3951 καὶ
1195 3898 1447 3969 λιθώδης,
1482 3900 1575 3953 καὶ
1600 3880 1838 3969 ἆνάντης

262 3991 357 4042 καὶ
389 3988 528 4050 ὅλως
554 3987 816 4051 δύσϐατος
842 4003 857 4019 ⁸
893 3988 954 4043 τό
992 4006 1049 4041 τε
1091 3990 1253 4060 κενὴν
1285 3992 1835 4062 αὐτὴν-ὑποστρέψαι

261 4081 594 4136 ἀποδεδώκει
626 4081 805 4144 πάσας
835 4082 932 4145 τὰς
966 4082 1149 4146 πόλεις
1178 4083 1276 4146 τὰς
1300 4084 1405 4137 ὑπὸ
1434 4083 1546 4137 τῶν
1577 4083 1838 4153 Τούρκων

263 4175 684 4246 κατεσχημένας
702 4175 781 4245 τῷ
811 4175 1035 4239 δικαίως
1058 4179 1154 4229 καὶ
1175 4176 1376 4245 καλῶς,
1392 4176 1487 4230 καὶ
1516 4177 1838 4246 κεκτημένῳ

258 4269 470 4333 ταύτας
525 4268 630 4339 πρὸ
669 4268 785 4335 τοῦ,
817 4269 914 4322 καὶ
944 4270 1273 4340 κτησαμένῳ
1314 4270 1647 4340 μετέπειτα·
1678 4269 1740 4322 τὸ
1779 4268 1837 4322 δὲ

261 4361 483 4415 πάντων
503 4359 809 4425 κάλλιστον,
831 4361 912 4413 ὅτι
928 4360 1026 4414 καὶ
1048 4361 1144 4416 σὺν
1163 4360 1304 4431 τόκῳ
1324 4360 1525 4423 ταύτας
1542 4344 1871 4429 ἀπείληφε.’

1858 3212 1904 3278 ο

1936 1955 2059 2020 bus,
2092 1971 2158 2011 ac
2189 1973 2312 2011 cum
2348 1961 2642 2013 necessarii
2677 1973 3019 2016 commeatus
3054 1963 3284 2031 penuria
3314 1964 3529 2018 labora—

1934 2056 2076 2113 rent,
2115 2050 2344 2105 omnino
2371 2065 2591 2105 necesse
2628 2060 2769 2119 erat,
2802 2062 2861 2107 ut
2899 2054 3153 2122 ιιι-περιιιί
3186 2055 3277 2110 ille
3323 2057 3528 2110 auxilio

1934 2140 2194 2208 presidio
2225 2151 2393 2198 esset.
2442 2141 2571 2197 Erat
2623 2144 2809 2214 itaque
2836 2144 3027 2215 ingens
3059 2156 3380 2214 apparatus,
3416 2149 3525 2202 dux

1934 2230 2213 2286 exercitus
2248 2247 2452 2294 swvus,
2478 2233 2738 2302 copiosus
2773 2234 2949 2300 miles,
2978 2252 3078 2291 nec
3107 2237 3305 2291 minori
3341 2256 3527 2292 armo-

1935 2334 2056 2375 rum
2107 2336 2269 2389 quam
2323 2336 2590 2391 equorum
2632 2335 2894 2393 apparatu
2940 2325 3246 2383 instructus
3277 2344 3292 2382 :
3328 2339 3531 2385 nostra:

1936 2425 2119 2469 autem
2163 2431 2249 2470 res
2295 2432 2363 2471 ex
2405 2418 2593 2473 multis
2629 2420 2801 2474 exiles
2836 2432 3017 2475 erant.
3069 2423 3150 2475 Ad
3196 2423 3335 2490 haec,
3385 2429 3529 2494 apud

1938 2505 2147 2561 bosmm
2186 2508 2352 2562 duces
2381 2511 2667 2565 merebant
2689 2514 3008 2582 cumplttres
3033 2515 3325 2586 indigeuar.
3352 2522 3527 2585 Quam

1938 2611 2066 2650 vero
2103 2609 2262 2664 putas
2315 2598 2350 2652 ii
2385 2600 2740 2671 impellebant
2779 2620 2842 2658 ac
2875 2606 3201 2673 incitabant,
3250 2623 3309 2665 ut
3343 2620 3531 2666 nostra

1938 2690 2219 2744 invaderet
2249 2692 2272 2743 ἳ
2297 2701 2392 2745 aut
2428 2694 2571 2763 quod
2604 2696 2789 2749 verius
2826 2697 2899 2751 sit
2921 2697 3152 2765 dictum,
3180 2718 3302 2769 qua:
3333 2718 3527 2758 eorum

1936 2791 2126 2837 essent
2158 2785 2401 2854 propria.

2007 2876 2083 2929 Ac
2105 2892 2279 2945 neque
2299 2878 2429 2932 illud
2448 2880 2832 2949 gravissimum
2854 2882 3236 2941 aberatJﬁrant
3254 2887 3453 2958 siquid:
3473 2903 3530 2945 ω

1937 2969 2029 3036 qui
2063 2969 2362 3027 imitantes
2390 2973 2605 3042 ingredi
2643 2973 2938 3038 Isthmum,
2967 2982 3342 3034 necessarium
3375 2997 3533 3036 enini—

1937 3071 2175 3116 meatum
2197 3064 2430 3117 ubertim
2453 3065 2977 3126 subministratnros
3003 3073 3330 3142 reciperent.
3360 3075 3533 3130 Erant.

1939 3156 2054 3209 haec
2096 3155 2308 3225 singula
2341 3156 2485 3212 haud
2519 3158 2631 3228 ipsa
2662 3176 2761 3229 per
2785 3176 2844 3217 se
2864 3162 3049 3233 exigui
3083 3166 3367 3232 momenti,
3399 3169 3534 3236 quin

1942 3247 2108 3301 etiam
2141 3256 2299 3302 erant
2326 3249 2565 3316 abunde,
2612 3260 2671 3306 ut
2700 3253 3018 3310 immittenti
3044 3258 3349 3312 exercitum
3378 3275 3532 3328 spem

1942 3340 2138 3395 bonam
2183 3342 2510 3411 praeberent,
2544 3345 2971 3416 immissumque
3001 3352 3451 3419 exspectantibus
3468 3344 3534 3409 ac

1944 3434 2291 3498 invasurum,
2334 3438 2772 3507 desperationem
2811 3441 3146 3511 ingererent.
3179 3443 3271 3502 Sic
3306 3461 3393 3502 res
3437 3449 3565 3504 ha»

1942 3525 2163 3592 hebant,
2194 3528 2272 3580 uti
2302 3529 2415 3582 dixi
2458 3546 2471 3582 :
2514 3546 2614 3583 nec
2657 3539 2839 3586 tamen
2875 3544 3106 3590 conatus
3130 3537 3248 3593 viro
3295 3553 3360 3593 ex
3409 3552 3535 3595 νοω

1941 3620 2228 3673 successit.
2265 3619 2406 3685 Quid
2440 3631 2625 3675 autem
2656 3638 2720 3676 ex
2754 3633 2879 3678 voto
2898 3610 3052 3685 dico.
3104 3629 3327 3695 quando
3362 3630 3529 3685 etiam

1944 3719 2052 3762 tota
2092 3711 2143 3763 in
2169 3713 2506 3766 contrarium
2550 3715 2717 3769 cessit
2746 3718 3127 3782 exspectatio?
3155 3716 3343 3789 Neque
3382 3721 3527 3775 enim

1941 3805 2112 3868 copim
2146 3801 2352 3869 ingredi
2386 3810 2708 3871 potuerunt,
2740 3821 2863 3858 cum
2905 3820 3003 3860 vos
3025 3810 3401 3877 occupasselis
3429 3826 3530 3866 an-
3564 3790 3570 3796 ’

1940 3902 2095 3963 gusta
2120 3894 2351 3959 itineris,
2383 3890 2730 3965 petrusaque,
2753 3906 2805 3951 et
2827 3899 3020 3965 ardua,
3051 3915 3112 3952 ar
3141 3902 3356 3971 penitus
3380 3904 3531 3958 inae.

1939 4000 2092 4039 cessa
2127 4004 2142 4041 :
2176 4001 2406 4058 quarum
2451 4003 2644 4043 cassus
2678 3991 2909 4056 reditus,
2949 3994 3112 4047 nrbes
3147 4008 3339 4051 omnes
3389 4014 3529 4063 quas

1943 4076 2110 4133 Turci
2159 4081 2525 4150 occupabant,
2566 4082 2716 4151 justo
2750 4084 2880 4137 olim
2924 4100 2989 4139 ac
3028 4086 3164 4140 bene
3201 4089 3531 4159 possidenti,

1940 4184 2006 4225 ac
2047 4172 2397 4241 postmodum
2449 4188 2795 4242 possessum,
2846 4178 3188 4246 postliminio
3240 4182 3530 4238 reddidit:

1939 4267 2296 4335 omniumque
2349 4265 2832 4333 praeclarissimum
2887 4270 2940 4323 id
2986 4271 3256 4336 videatur,
3296 4283 3356 4327 ut
3403 4290 3529 4329 cum

1940 4357 2114 4411 multo
2155 4357 2318 4411 etiam
2371 4357 2583 4413 foenore
2624 4360 2915 4430 receperit.
2953 4360 3125 4417 Porro
3164 4366 3377 4435 appello
3430 4366 3533 4423 lce-

259 4456 427 4521 Λέγω
447 4454 504 4507 δὲ
529 4454 688 4508 τόκον
716 4454 812 4508 νῦν
832 4454 958 4516 τοὺς
982 4453 1358 4522 δορυαλώτους
1386 4455 1662 4523 φρουροὺς
1685 4453 1803 4506 ὲκεί
1819 4484 1833 4496 ο

1944 4465 2069 4512 nus,
2105 4460 2295 4518 captas
2334 4450 2692 4519 munitiones,
2723 4469 2844 4525 qua:
2882 4468 3070 4512 essent
3110 4474 3221 4514 non
3264 4477 3530 4532 spernen-

260 4562 414 4611 νους,
449 4545 509 4598 οὐ
542 4544 753 4615 φαύλην
784 4544 944 4608 ὄντας
976 4547 1171 4613 μοῖραν
1196 4544 1307 4596 τῶν
1334 4543 1638 4614 πολεμίων.

340 4637 501 4690 Ἐστι
537 4636 729 4701 ταῦτα,
766 4637 862 4690 καὶ⁹
889 4635 1083 4709 βοᾶται
1110 4635 1378 4706 πολλαχοῦ
1410 4635 1539 4705 γῆς.
1587 4636 1749 4690 Ἀλλὰ
1778 4636 1840 4690 τὸ

262 4730 402 4783 πολὺ
424 4729 523 4798 τῆς
551 4729 802 4800 εὐτυχίας
827 4728 936 4784 τῶν
957 4729 1191 4796 ἀσεϐῶν,
1211 4730 1413 4801 μᾶλλον
1443 4729 1499 4783 δὲ
1532 4729 1593 4783 τὸ
1621 4729 1730 4783 τῶν
1751 4732 1841 4783 εὐ-

264 4839 323 4875 ca
334 4822 441 4876 δῶν
468 4821 727 4892 δυστυχὴς
756 4823 822 4875 ὲκ
846 4822 938 4875 τοῦ
963 4822 1038 4891 τῷ
1060 4823 1181 4891 Θεῷ
1207 4818 1589 4894 προσκρούειν,
1620 4822 1712 4875 τδν
1742 4839 1841 4876 κα-

269 4918 417 4972 κοδαί
425 4935 564 4989 μονα
582 4905 817 4986 δυσμενῆ
838 4917 1053 4971 πολλῶν
1071 4916 1342 4986 δεσπότην
1361 4918 1660 4985 ἀπέφηνεν,
1678 4911 1752 4971 ὧν
1775 4917 1841 4970 ἂν

267 5002 533 5079 ἧνδοῦλος
564 5006 702 5060 πάνυ
732 5007 976 5071 δικαίως.
1006 5008 1179 5062 Τοῦτο
1216 5008 1316 5079 τὴν
1345 5008 1512 5061 αὑτοῦ
1545 5008 1834 5080 στρατιὰν,

262 5104 417 5172 τῷτε
437 5102 653 5171 πλήθει,
674 5102 740 5172 τῇ
770 5117 829 5154 τε
854 5099 1106 5171 δυνάμει,
1137 5100 1273 5157 πολὺ
1292 5100 1488 5171 βελτίω
1516 5099 1838 5171 πεποίηκεν,

262 5192 433 5254 οὖσάν
461 5214 526 5265 γε
552 5197 648 5252 καὶ
667 5194 935 5265 πρότερον
952 5195 1012 5251 οὐ
1041 5194 1304 5265 σμικρὰν,
1329 5195 1451 5248 οὐδὲ
1478 5195 1699 5262 ἀγεννῆ.
1720 5191 1840 5246 ούὶὲ

265 5291 382 5344 τῶν
410 5288 724 5359 πολεμικῶν
768 5287 1014 5357 ἄπειρον,
1048 5286 1232 5357 ἡρέμα
1281 5303 1399 5349 πως
1428 5285 1843 5356 γυμνασθεῖσαν

263 5385 346 5453 τῷ
378 5382 575 5456 μακρῷ
603 5382 783 5455 χρόνῳ
815 5382 909 5434 καὶ
937 5381 1085 5450 πόνῳ
1114 5381 1301 5451 φέρειν
1333 5380 1400 5436 τὰ
1456 5380 1731 5434 λυποῦντα
1781 5380 1842 5433 τὺ

212 5526 241 5539 ,
268 5479 457 5547 σῶμα,
483 5476 575 5529 καὶ
593 5475 867 5543 διαμένειν
887 5475 945 5529 έν
966 5473 1243 5545 ἀλλοτρίᾳ,
1260 5475 1337 5537 ὼς
1355 5474 1457 5527 οὐκ
1484 5472 1551 5526 ἂν
1572 5472 1751 5544 ἕτεροι
1783 5475 1841 5525 ἐν

264 5569 417 5640 φιλίᾳ
444 5565 679 5640 [ίσλδίᾳ]
703 5567 914 5639 φυούσῃ
939 5568 1045 5620 πᾶν
1070 5566 1292 5635 ἀγαθόν.
1315 5566 1535 5635 Ταύτην
1555 5565 1651 5635 μὲν
1679 5582 1843 5635 στρα-

263 5660 391 5714 τιὰν
418 5661 601 5732 πατὴρ
635 5661 737 5730 μὲν
763 5659 912 5731 αὐτῷ
941 5646 1300 5712 καταλέλοιπε
1328 5658 1622 5727 δεξάμενος
1650 5662 1713 5711 ὲκ
1741 5657 1836 5713 τοῦ

266 5752 475 5823 πατρὸς
505 5751 598 5806 τοῦ
648 5752 785 5824 πρὸς
838 5751 1042 5820 πατρὸς
1098 5751 1265 5822 αὐτὴν
1313 5751 1719 5820 διαδεξαμένου,
1763 5751 1839 5812 ὡς

264 5849 516 5910 κάκεῖνος
570 5847 638 5901 αὖ
680 5849 748 5898 ἐκ
780 5843 873 5899 τοῦ
918 5847 1208 5914 φύσαντος.
1255 5845 1651 5917 Ἐρτογρούλης
1686 5843 1836 5915 αὐτῷ

1946 4532 2024 4598 ὁδ’
2039 4557 2167 4612 pars
2197 4543 2462 4600 hostium.

2018 4639 2092 4691 Itu
2132 4637 2491 4699 resbabuere,
2525 4654 2591 4692 ac
2619 4638 2824 4707 ubique
2855 4640 3100 4709 gentium
3131 4643 3526 4712 praedicantur,

1944 4727 2213 4783 Caeterum
2250 4727 2421 4782 multa
2451 4728 2769 4783 inﬁdelium
2801 4746 2863 4783 ac
2896 4731 3190 4799 impiorum
3251 4731 3525 4801 felicitas;

1944 4835 2038 4876 seu
2065 4822 2268 4888 potius,
2302 4821 2516 4889 piorum
2545 4837 2609 4876 ac
2648 4821 2743 4875 Dei
2786 4822 3087 4885 cultorum,
3124 4839 3191 4876 ex
3234 4838 3427 4877 eorum
3455 4828 3526 4879 -in

1948 4914 2117 4968 Deum
2159 4913 2387 4980 oﬂ'ensa,
2421 4915 2738 4982 infelicitas,
2766 4916 3003 4970 invisum
3025 4915 3136 4970 Deo
3157 4918 3364 4970 uestem
3386 4919 3530 4972 mul-

1947 5017 2128 5061 torum
2173 5006 2461 5061 dominum
2493 5007 2804 5073 constituit,
2829 5023 3064 5077 quorum
3113 5007 3205 5062 ille
3242 5007 3365 5078 iure
3425 5011 3529 5065 ad-
3590 5016 3611 5029 ’

1946 5098 2170 5155 modum
2202 5114 2397 5156 servus
2425 5107 2564 5154 erat.
2594 5097 2746 5152 Fecit
2769 5114 2831 5154 ea
2863 5114 2949 5154 res
2981 5099 3139 5155 abeo
3156 5102 3528 5175 conscriptum

1945 5192 2198 5257 militem,
2222 5208 2457 5247 numero
2483 5207 2550 5247 ac
2582 5194 2787 5247 virtute
2814 5193 2975 5261 longe
3024 5195 3352 5260 auctiorem,
3399 5213 3525 5251 cum

1944 5298 2125 5356 neque
2153 5287 2357 5356 alioqui
2388 5286 2517 5340 olim
2549 5286 2788 5350 exiguus
2804 5296 2972 5353 esset,
3010 5297 3107 5343 aut
3128 5285 3385 5357 ignavus,
3440 5291 3527 5346 vel

1945 5378 2023 5432 rei
2066 5377 2275 5432 bellicae
2305 5378 2496 5445 rudis;
2529 5377 2694 5447 longo
2724 5379 2930 5434 sensim
2979 5388 3229 5450 tempore
3290 5382 3528 5438 laboris-

1944 5485 2052 5541 que
2072 5470 2337 5526 exercitio
2365 5471 2600 5526 duratus
2629 5469 2872 5527 ferendis
2910 5472 3157 5528 molestis
3182 5473 3424 5542 corpori,
3462 5487 3530 5527 ac

1943 5567 2160 5628 doctus,
2191 5565 2470 5620 lubentius
2498 5564 2704 5620 morari
2746 5567 2799 5620 in
2840 5567 3041 5628 aliena.
3098 5581 3266 5636 quam
3323 5567 3376 5621 in
3423 5581 3524 5621 sua

1945 5655 2060 5718 alii.
2093 5655 2174 5711 vel
2206 5654 2255 5712 si
2279 5655 2527 5710 omnium
2585 5655 2855 5709 bonorum
2920 5656 3320 5710 feracissimam
3346 5653 3523 5707 dicas.

1945 5747 2055 5803 llas
2090 5748 2167 5802 illi
2196 5748 2382 5818 copias
2415 5746 2638 5817 reliquit
2673 5759 2851 5817 pater,
2895 5763 3018 5802 cum
3056 5746 3142 5801 ille
3165 5743 3472 5812 accepisset
3494 5758 3526 5797 a

1948 5848 2124 5911 patre,
2159 5842 2255 5912 qui
2289 5849 2345 5898 et
2380 5841 2501 5912 ipse
2529 5855 2558 5894 a
2590 5848 2747 5910 patre
2783 5848 3093 5907 acceperat,
3121 5847 3179 5891 ut
3202 5839 3292 5892 ille
3326 5838 3525 5890 iterum
