3950 6466
406 378 524 442 239

1610 387 2018 448 MANUELIS
2057 387 2512 449 ‘PAL/‘EOLOGI

3585 396 3692 458 240

416 502 704 564 arcepcrat
730 509 757 546 a
793 495 1061 563 genitore,
1099 496 1416 566 Ertogrnles
1457 491 1702 554 nomine.
1730 497 1790 552 lli
1823 513 1983 567 porro

2110 497 2355 567 ῖοῦνοίια.
2383 501 2590 561 Πάντες
2619 500 2678 552 δὲ
2719 498 3034 569 ἐπηύξησαν
3073 499 3206 570 ἄχρι
3257 501 3441 566 τοῦδε,
3484 506 3694 575 σπουδῇ

418 602 613 641 οιιιιιθε
646 587 724 656 (ι)
751 589 1021 641 hactenus
1052 598 1462 657 promoverunt,
1504 604 1605 644 sua
1640 589 1827 658 utique
1856 590 1985 644 dili-

420 680 603 749 gentia
632 689 685 734 et
747 680 935 734 labore
973 696 1038 737 ac
1095 681 1356 751 periculis
1412 697 1533 752 quae
1587 684 1983 739 desudarunt:

420 786 543 824 nam
578 770 870 826 dicendum
905 772 1164 841 estquod
1225 789 1314 830 res
1346 774 1529 839 habet,
1580 774 1727 829 haud
1801 784 1986 830 tamen

417 863 555 934 adeo
582 863 780 931 potiori
809 878 873 917 ac
906 866 1359 920 consummatiori
1381 866 1584 921 virtute
1613 882 1629 920 :
1656 882 1766 935 quo
1825 868 1989 936 plane

416 954 487 1007 sit
512 970 660 1023 spes,
681 964 739 1009 ut
772 954 913 1009 bona
956 956 1287 1027 quandoque
1321 956 1544 1012 fortuna
1577 958 1838 1013 mutanda
1895 959 1987 1023 sit,

417 1047 596 1116 iisque
620 1046 902 1102 destitutis
928 1048 993 1101 ad
1023 1063 1125 1104 nos
1149 1048 1351 1102 iterum
1398 1048 1706 1112 defectura,
1752 1051 1990 1120 pristino

417 1154 602 1193 rerum
635 1149 785 1193 statu
818 1141 1095 1206 restituto,
1157 1141 1337 1210 qualis
1388 1140 1581 1196 habuit
1629 1142 1733 1196 sub
1786 1143 1992 1198 nostris

417 1228 746 1295 majoribus.
776 1228 1004 1296 Quando
1027 1230 1173 1283 enim
1225 1230 1400 1285 virtus
1425 1230 1479 1283 in
1530 1231 1787 1286 omnibus
1824 1247 1989 1301 supe-

417 1331 522 1381 rat,
548 1334 669 1372 cum
708 1321 777 1374 sit
807 1322 861 1374 in
890 1330 1074 1375 nostra
1113 1321 1353 1391 positum
1406 1321 1664 1377 facultate
1713 1331 1775 1377 ut
1822 1323 1988 1377 vitam

417 1412 669 1464 evirtute
708 1426 1132 1480 componamus,
1185 1412 1326 1466 hami
1376 1413 1651 1466 immerito
1709 1427 1991 1482 speremus

398 1501 556 1570 lore,
595 1513 655 1557 ut
684 1518 875 1557 eorum
905 1504 1182 1573 quondam
1222 1506 1458 1558 victores
1520 1505 1835 1572 evadamus,
1897 1507 1992 1574 qui

416 1609 512 1662 per
548 1603 761 1659 tempus
793 1595 964 1649 nostri
1000 1595 1235 1649 victores
1296 1596 1608 1661 exsistunt;
1656 1596 1747 1664 qui
1812 1595 1995 1649 oderi-

421 1702 543 1739 mus
563 1685 1155 1756 vitium.'patermequc
1177 1703 1240 1741 ac
1269 1689 1430 1741 avitae
1468 1688 1688 1742 virtutis
1750 1688 1994 1741 imitato-

418 1793 506 1831 res
531 1778 855 1841 elliciamur,
907 1793 970 1831 ac
1024 1780 1371 1832 aetnulatores
1414 1779 1683 1833 honorum
1735 1792 1991 1847 Operum.

2098 592 2197 660 μὲν
2232 593 2445 654 πάντως
2467 592 2561 646 κού⁴
2587 592 2768 654 πόνοις
2785 592 2880 658 καὶ
2895 592 3160 656 κινδύνοις
3184 593 3415 647 ἑαυτῶν
3436 610 3451 624 ·
3476 595 3561 649 δεῖ
3585 600 3694 666 γὰρ

2092 683 2324 754 τάληθὲς
2371 685 2577 737 εἰπεῖν’
2613 683 2673 735 οὐ
2710 683 2818 751 μήν
2866 699 2929 749 γε
2960 683 3279 750 κρείττοσιν
3330 685 3566 754 ἀρεταῖς
3604 692 3697 742 κιιλ⁵

2093 773 2474 843 τελεωτέραις.
2517 774 2583 828 Ὀ
2616 773 2680 844 δὴ
2711 774 2807 826 καὶ
2836 775 3061 845 θαρρεῖν
3092 776 3245 844 ἡμᾶς
3278 775 3478 830 δίδωσι
3528 797 3697 847 μετα-

2096 863 2383 917 πεσεῖσθαί
2413 879 2545 916 ποτε
2587 864 2687 933 τὴν
2716 862 2927 930 ἀγαθὴν
2973 863 3163 934 τύχην.
3206 867 3309 917 καὶ
3367 866 3495 934 μεθ’
3540 870 3697 936 ἡμῶν

2097 956 2313 1021 ἐκείνην
2352 955 2509 1017 αὖθις
2537 954 2878 1019 τετάξεσθαι,
2912 955 3109 1017 αὐτοὺς
3145 957 3406 1026 ἐρήμους
3438 960 3694 1027 ἀφεῖσαν,

2096 1045 2175 1109 ὡς
2228 1047 2365 1099 κάπὶ
2431 1045 2539 1098 τῶν
2610 1046 2890 1117 ἡμετέρων
2963 1046 3246 1116 προγόνων
3321 1048 3549 1118 ὑπῆρχε
3631 1052 3698 1104 τὰ

2098 1138 2661 1207 πράγματα.Ἐπειδὴ
2689 1138 2797 1207 γὰρ
2828 1136 2998 1207 ἀρετὴ
3032 1140 3319 1208 πανταχοῦ
3354 1140 3420 1192 τὸ
3454 1141 3697 1210 κρατοῦν

2098 1229 2236 1290 ἐστι,
2255 1227 2407 1290 ὄντος
2439 1245 2500 1296 γε
2531 1229 2640 1282 τῶν
2667 1228 2749 1296 ἐφ’
2776 1231 2907 1298 ἡμῖν
2930 1227 3026 1281 τοῦ
3056 1228 3195 1297 μετὰ
3223 1231 3337 1299 τῆς
3371 1231 3580 1300 ἀρετῆς
3605 1233 3703 1299 ζῆ.

2101 1336 2213 1383 σαι,
2251 1321 2336 1388 εἴη
2375 1321 2442 1373 ἂν
2474 1321 2613 1374 πάνυ
2642 1320 2867 1382 δικαίως
2906 1322 2963 1374 ἑν
2996 1325 3110 1383 τοῖς
3159 1322 3561 1390 ἐλπιζομένοις
3595 1326 3701 1377 τῶν

2097 1409 2192 1462 νῦν
2226 1411 2568 1481 κρατούντων
2592 1412 2738 1482 ἡμᾶς
2758 1412 3079 1481 κρατήσειν,
3100 1412 3197 1483 τὴν
3225 1415 3333 1482 μὲν
3364 1416 3577 1467 κακίαν
3611 1432 3698 1482 μι-

2100 1506 2397 1570 σήσαντας,
2429 1504 2612 1571 φίλους
2640 1504 2699 1557 δὲ
2726 1504 2827 1572 τῆς
2847 1504 2956 1557 τῶν
2981 1505 3277 1573 φυσάντων
3304 1508 3521 1577 ἀρετῆς
3545 1524 3701 1576 γεγο-

2100 1592 2279 1657 νότας,
2312 1596 2407 1645 καὶ
2429 1593 2663 1663 ἐραστὰς
2692 1593 2802 1646 τῶν
2825 1593 3045 1661 ἀγαθῶν
3072 1594 3281 1665 ἔργων.
3310 1598 3699 1668 Πλὴννέκείνῳ

2087 1685 2206 1736 ¹τῶν
2251 1686 2595 1754 πραγμάτων
2629 1684 2996 1748 ἐπιδιδόντων,
3029 1686 3108 1756 τῷ
3160 1687 3489 1761 Παγιαζίτῃ
3535 1688 3695 1758 λέγω,

2100 1778 2169 1829 τὰ
2218 1778 2463 1846 ἡμέτερα
2501 1777 2636 1848 πρὸς
2682 1777 2906 1846 μείωσιν
2949 1774 3169 1845 ἀφῖκτο,
3216 1780 3456 1834 πάντων
3490 1783 3700 1853 ἀπιγοέ

418 1870 1021 1936 ϐιηιονιιιιιμιδοὺυεὶιιὶ,
1058 1869 1317 1938 Βιψανιί.
1356 1869 1601 1939 inquam,
1631 1869 1823 1924 {elices
1862 1883 1987 1923 suc—

2110 1869 2353 1920 ›ευόντων
2387 1868 2487 1921 οὐκ
2512 1869 2618 1920 ἄπο
2647 1867 2828 1935 λόγου.
2859 1869 2925 1921 Δί
2951 1868 3062 1940 γὰρ
3097 1870 3211 1922 τῶν
3249 1870 3547 1940 πολεμίων
3578 1874 3699 1925 ἑπι-

420 1978 612 2017 ccssus
662 1962 1013 2026 habentibus,
1068 1971 1271 2016 nostra:
1334 1961 1630 2016 admodum
1684 1962 1987 2015 imminuta:

420 2062 678 2117 erant,ut
703 2053 943 2108 universi
981 2053 1387 2106 nnnimmerito
1419 2053 1795 2122 desperarent.
1837 2054 1985 2106 Idem

2095 1960 2267 2022 δόσεις
2298 1961 2421 2029 ἴσην
2452 1977 2568 2022 πως
2594 1957 2824 2030 δύναμιν
2853 1959 3037 2031 ἔχουσι
3070 1962 3189 2024 ταῖς
3216 1961 3335 2015 τῶν
3380 1963 3697 2017 ἀντιπάλων

2099 2052 2424 2120 μειώσεσιν·
2458 2050 2649 2122 ὥσπερ
2678 2052 2775 2105 καὶ
2805 2053 2865 2104 τὸ
2896 2052 3157 2121 ἔμπαλιν.

419 2151 622 2221 quippe
658 2150 907 2219 prosperi
939 2150 1182 2205 hostium
1240 2164 1557 2215 successus,
1621 2167 1689 2205 ac
1752 2151 2060 2205 imminutae
2112 2149 2557 2205 adversariorum
2610 2150 2763 2205 vires
2822 2149 3118 2221 cladesque
3167 2148 3398 2218 eorum,
3451 2152 3691 2218 valeant,

420 2260 484 2298 ac
516 2260 546 2299 e
577 2253 788 2298 contra.

490 2336 786 2404 Porrojam
820 2336 1023 2391 accedo
1054 2336 1329 2401 dicturus,
1365 2338 1510 2407 quod
1540 2337 1698 2407 plane
1724 2338 1994 2409 lacrymas

412 2432 580 2485 cleat.
614 2429 844 2495 Quidam
886 2429 1055 2492 enim,
1099 2431 1241 2484 haud
1279 2430 1355 2484 illi
1393 2431 1538 2499 vulgi
1604 2431 1876 2493 homines,
1932 2444 1998 2485 ac

415 2540 483 2576 ex
507 2523 663 2592 plebe
699 2524 882 2576 intima
911 2522 1148 2592 primum
1201 2522 1421 2591 quidem
1457 2522 1696 2584 occulte,
1730 2532 1789 2576 ut
1840 2533 1994 2591 pote-

414 2626 546 2671 rant
608 2617 753 2685 (nam
776 2625 907 2685 puto
937 2631 1031 2670 eos
1059 2616 1138 2669 rei
1188 2616 1472 2687 pudebat),
1517 2625 1628 2670 tum
1661 2632 1791 2669 vero
1817 2616 1994 2685 palam

410 2724 484 2762 .ac
515 2707 708 2774 libere,
767 2707 1023 2761 hosdbus
1055 2708 1378 2762 accedentes
1426 2706 1628 2777 (solent
1685 2708 1831 2762 enim
1882 2707 1997 2778 pri-

414 2815 568 2851 mum
624 2798 761 2854 clam
810 2809 982 2868 gesta,
1034 2800 1378 2868 postmodum
1438 2801 1673 2853 tron'cm
1718 2801 1993 2868 induere),

422 2890 829 2948 irremcdiabilc
850 2891 1010 2945 nobis
1058 2891 1261 2946 vulnus
1306 2890 1616 2946 inferebant
1652 2907 1755 2947 :ae
1806 2894 1996 2947 nescio

422 2981 554 3050 quid
580 2981 702 3036 illos
739 2980 940 3036 dicturi
971 2983 1128 3046 estis,
1167 2997 1296 3035 num
1329 2981 1606 3036 [terminos
1637 2997 1703 3036 ac
1755 2980 1995 3036 Christi-

2174 2337 2334 2389 ’Ἥκω
2361 2335 2417 2388 δὲ
2449 2334 2618 2401 λέξων
2649 2335 2749 2405 ήδη
2784 2335 3036 2407 δακρύων
3078 2336 3236 2403 ἀξιον
3280 2337 3480 2399 ὅντως.
3528 2337 3695 2394 Ἔνιοι

2102 2431 2233 2501 γὰρ,
2266 2430 2451 2483 οὐκέτι
2473 2426 2583 2481 τῶν
2603 2429 2905 2483 τελούντων
2936 2430 3017 2494 είς
3044 2431 3243 2500 δῆμον,
3268 2432 3398 2487 οὐδὲ
3425 2434 3537 2486 τῶν
3564 2437 3695 2503 (pari-

2102 2523 2211 2575 λων
2250 2519 2388 2575 εἶναι
2421 2520 2749 2584 δοκούντων,
2776 2524 2889 2585 τοῖς
2920 2522 3205 2591 πολεμίοις
3242 2526 3692 2598 προστιθέμενοι,

2102 2615 2201 2680 τὴν
2245 2612 2344 2681 μὲν
2383 2611 2581 2681 ἀρχὴν,
2611 2611 2683 2673 ὡς
2714 2606 2827 2665 οἷόν
2856 2629 2940 2674 τε,
2974 2613 3152 2683 λάθρα
3176 2630 3192 2645 ο
3230 2616 3546 2688 ᾐσχύνοντο
3591 2626 3694 2688 γαρ

2103 2700 2263 2771 οἶμαι
2284 2719 2298 2734 ο
2335 2702 2526 2756 ἔπειτα
2549 2704 2771 2772 ἁναίδην
2799 2707 2927 2775 περὶ
2960 2707 3019 2760 τὰ
3053 2695 3348 2777 τελευταῖα
3373 2723 3392 2741 ⁸
3416 2711 3567 2781 φιλεῖ
3590 2713 3690 2783 γὰρ

2103 2797 2173 2848 τὰ
2203 2796 2503 2864 γιγνόμενα
2528 2796 2713 2867 κρύφα
2743 2798 2934 2866 χρόνου
2968 2803 3446 2873 περιπροσχόντος
3477 2807 3691 2875 τταρρη⁴

2107 2883 2429 2947 σιάζεσθαι·
2474 2884 2726 2938 δυσίατον
2774 2903 2829 2938 τι
2886 2887 3059 2950 πάθος
3106 2890 3244 2959 ἡμῖν
3287 2891 3687 2960 ἐγένοντο·οὓς

2108 2977 2207 3029 ούκ
2238 2971 2355 3029 οῖδα
2381 2977 2409 3029 ὃ
2439 2994 2491 3029 τι
2521 2976 2816 3030 καλέσετε’
2859 2978 3166 3049 Ῥωμαίους
3197 2983 3302 3036 καὶ
3333 2985 3688 3053 Χριστιανοὺς

422 3090 578 3137 auos,
605 3073 674 3128 ob
710 3089 884 3146 genus
912 3090 977 3129 ac
1007 3074 1277 3143 baptisma
1305 3093 1319 3140 ;
1370 3090 1438 3128 an
1465 3091 1495 3129 e
1523 3084 1739 3139 contra,
1778 3085 2001 3143 propter

2110 3071 2192 3124 διὰ
2222 3071 2283 3124 τὸ
2307 3072 2467 3139 γένος
2502 3072 2598 3125 καὶ
2637 3071 2701 3141 τὸ
2740 3071 3051 3143 βάπτισμα,
3086 3074 3117 3145 ἢ
3151 3076 3435 3131 τάναντία
3486 3078 3572 3131 διὰ
3600 3078 3687 3145 τὴν

421 3165 756 3222 voluntatem
792 3182 856 3221 ac
882 3168 1047 3228 acta}?
1115 3167 1257 3221 Num
1285 3166 1494 3230 hostes,
1554 3168 1627 3222 ob
1679 3181 1997 3236 perversum

422 3274 487 3313 ac
520 3259 730 3314 furioso
767 3259 1075 3330 proximum
1111 3261 1163 3313 in
1188 3260 1418 3328 patriam
1452 3258 1725 3325 animmu,
1755 3273 1823 3312 an
1857 3257 2002 3311 ami-

420 3365 537 3417 cos,
571 3353 715 3422 quod
738 3351 895 3408 vobis
916 3352 1232 3407 exstiterint
1255 3353 1441 3420 gloriae
1469 3362 1752 3413 auctores,
1779 3354 1999 3405 tametsi

416 3459 535 3499 non
570 3461 637 3500 ex
670 3444 855 3499 animo
880 3444 987 3500 illis
1019 3442 1238 3500 evenit?
1267 3442 1344 3498 Ex
1385 3445 1452 3497 iis
1474 3458 1714 3513 namque
1748 3458 1869 3511 quae
1900 3442 2006 3496 im-

420 3539 512 3609 pia
545 3539 598 3592 in
624 3546 1053 3602 vospatrarunt,
1095 3538 1339 3592 vestrum
1397 3553 1462 3589 ex
1504 3537 1738 3591 adverso
1803 3533 2003 3589 eﬂ‘nlsit

423 3633 648 3685 bonum.
679 3628 882 3685 Verum
919 3639 1143 3700 praestet
1171 3628 1314 3684 forte
1369 3630 1485 3682 haec
1524 3628 1780 3681 omittere
1814 3644 1828 3681 :
1862 3629 2002 3680 inte-

420 3724 527 3777 rim
552 3731 734 3778 autem
768 3736 1178 3792 prosequamur
1207 3735 1328 3791 qua
1368 3721 1576 3790 reliqua
1606 3730 1758 3777 sunt.

484 3896 869 3952 .luvalescebat
893 3895 1121 3959 malum,
1149 3910 1251 3950 uec
1288 3893 1561 3951 Barbarus
1596 3893 1776 3950 ltedus
1798 3894 2002 3949 admit-

416 3989 594 4052 tchat,
624 3987 752 4057 quin
789 3986 1081 4058 impotenti
1116 3985 1169 4038 in
1209 4000 1313 4039 nos
1346 3983 1627 4039 ferebatur
1652 3993 1847 4049 oestro,
1901 4000 2005 4038 nec

423 4091 543 4134 erat
566 4080 659 4151 qui
716 4079 1050 4140 contineret,
1081 4086 1246 4131 autve
1284 4075 1441 4130 fratri
1496 4077 1762 4132 auxilium
1814 4076 2003 4132 ferret.

423 4170 657 4226 Tantum
698 4171 900 4243 quippe
933 4178 1052 4224 erat
1081 4178 1138 4223 ut
1174 4169 1228 4223 in
1263 4185 1351 4222 me
1376 4169 1697 4233 cenlideret,
1723 4169 1883 4237 cujus"
1921 4183 2009 4222 res

427 4263 610 4317 multis
643 4263 892 4330 partibus
917 4260 1130 4315 all‘ectae
1155 4268 1365 4324 essent,
1398 4274 1465 4313 ac
1496 4259 1582 4314 cui
1626 4260 1803 4314 virtus
1842 4260 2007 4326 lengo

425 4351 772 4408 attrita'bello
796 4354 878 4409 sic
902 4351 1260 4414 concidisset,
1305 4351 1445 4406 utin
1493 4366 1771 4405 summum
1833 4351 2008 4403 malo-

2103 3165 2428 3233 προαίρεσιν
2452 3164 2546 3217 καὶ
2574 3165 2671 3226 τὰς
2694 3163 2950 3234 πράξεις’
2984 3165 3236 3236 ἐχθροὺς,
3269 3169 3361 3223 διὰ
3386 3170 3446 3223 τὸ
3474 3171 3606 3241 πρὸς
3633 3169 3688 3222 τὸ

2102 3255 2337 3324 πατρίδα
2368 3255 2806 3326 διεστραμμένον
2843 3256 2940 3309 καὶ
2979 3258 3229 3324 μανικὸν,
3272 3260 3306 3331 ἢ
3345 3262 3683 3333 προσφιλεῖς,

2101 3351 2177 3411 ὡς
2227 3349 2432 3411 αἰτίους
2476 3352 2804 3419 γενομένους
2849 3351 2978 3419 ὑμῖν
3031 3352 3320 3419 εὐκλείας,
3382 3357 3432 3410 εί
3481 3356 3546 3428 δὴ
3600 3357 3687 3410 καὶ

2102 3440 2347 3493 ἀκόντων
2380 3442 2608 3494 ἐκείνων
2641 3441 2801 3495 τοῦτο
2854 3444 3173 3513 συμὸέδηκε
3206 3463 3220 3511 ;
3259 3449 3386 3511 Τοῖς
3428 3448 3537 3519 Ῠὰρ
3571 3447 3686 3501 καθ’

2105 3533 2261 3600 ὑμῶν
2312 3534 2494 3586 αὐτῶν
2538 3533 2853 3603 ἀσεϐήμασι
2902 3533 2963 3587 τὸ
3016 3535 3294 3605 ὑμέτερον
3347 3540 3682 3610 ὲξήστρχψεν

2103 3628 2309 3695 ἀγαθὸν
2329 3627 2405 3689 ὡς
2431 3630 2489 3682 ἐν
2515 3628 2848 3698 παραθέσει.
2897 3630 3063 3684 una
3087 3634 3157 3684 τὰ
3187 3633 3298 3703 μὲν
3335 3640 3464 3707 περὶ
3492 3636 3684 3688 τούτων

2106 3718 2442 3789 παραλιπεῖν
2495 3718 2627 3782 ἴσως
2683 3718 2948 3790 ἄμεινον·
3005 3714 3267 3793 ἐχώμεθα.
3321 3727 3380 3780 δὲ
3428 3726 3538 3783 τῶν
3568 3726 3684 3797 ἑξῆς

2106 3809 2382 3865 ἐντεῦθεν.

2177 3900 2392 3965 Ηῦξανε
2440 3901 2499 3954 τὸ
2543 3902 2737 3967 δεινὸν,
2770 3901 2865 3956 καὶ
2906 3902 3142 3966 σπονδὰς
3189 3904 3217 3956 ὁ
3282 3904 3561 3977 βάρϐαρος
3592 3904 3709 3980 οὐκ,

2106 3993 2323 4061 ἐδέχετο
2347 4008 2361 4024 ο
2396 3992 2512 4045 ἀλλ’
2538 3987 2606 4065 ἦν
2647 3994 2953 4058 ἀκάθεκτος
2984 3995 3064 4057 είς
3092 3996 3161 4047 τὰ
3189 3997 3324 4050 καθ’
3366 3999 3552 4068 ἡμῶν·
3596 4004 3681 4046 καὶ

2109 4080 2233 4153 οὔτε
2279 4080 2472 4134 τοῦτον
2518 4078 2587 4152 ἦν
2638 4083 2989 4153 ἐπισχήσων,
3028 4084 3146 4137 οὗθ’
3187 4087 3215 4137 ὁ
3282 4085 3567 4157 βοηθήσων
3613 4084 3682 4150 τῷ

2106 4173 2341 4241 ἀδελφῷ.
2391 4174 2545 4242 Ἐμοὶ
2576 4178 2685 4243 γὰρ
2720 4165 2834 4245 εἶχε
2864 4175 3008 4246 μόνῳ
3039 4178 3289 4248 θαρρεῖν,
3329 4171 3376 4248 ᾦ
3409 4176 3682 4248 πολλαχῶς

2108 4258 2282 4313 ἐνόσει
2305 4258 2375 4310 τὰ
2393 4260 2719 4329 πράγματα,
2746 4263 2843 4315 καὶ
2873 4262 3021 4317 οὕτω
3049 4266 3348 4321 πέπτωκεν
3375 4269 3408 4342 ἠ
3438 4269 3591 4337 ίσχὺς
3608 4263 3679 4333 τῷ

2112 4349 2309 4416 μακρῷ
2333 4348 2428 4401 τοῦ
2449 4351 2690 4420 πολέμου
2724 4354 2924 4424 χρόνῳ,
2949 4355 3025 4418 ὡς
3047 4358 3127 4419 είς
3158 4358 3295 4411 αὐτὸ
3324 4359 3505 4412 δοκεῖν
3532 4358 3678 4428 ἣκειν

428 4461 549 4502 rum
581 4455 816 4500 ventura
853 4443 1159 4504 videretur,
1194 4457 1299 4496 nec
1349 4440 1675 4511 quidquam,
1702 4447 1762 4493 ut
1805 4441 2001 4493 Imma-

2110 4442 2168 4492 τὸ
2220 4439 2448 4509 ἔσχατον
2491 4442 2599 4495 τῶν
2646 4422 2885 4511 δεινῶν,
2910 4448 3004 4501 καὶ
3058 4447 3183 4516 μηδ’
3217 4450 3468 4517 ἡντινοῦν
3497 4422 3676 4501 ἐλπίδα

428 4554 553 4592 nam
589 4545 807 4607 spectes
832 4537 1131 4595 rationem,
1188 4534 1255 4587 ad
1304 4547 1453 4602 spem
1515 4533 1783 4600 reliquum
1837 4541 2006 4585 esset.

424 4628 561 4683 Cum
590 4643 676 4682 me
698 4644 852 4691 sane,
886 4636 1002 4680 tum
1037 4626 1219 4688 illum,
1255 4625 1458 4693 duplex
1493 4623 1712 4677 subibat
1738 4623 1919 4686 timor,
1952 4632 2011 4677 ut

427 4722 660 4792 quisque
696 4737 796 4791 pro
825 4736 905 4786 se,
938 4734 1001 4774 ac
1032 4720 1196 4774 ambo
1218 4734 1316 4788 pro
1343 4717 1572 4771 invicem
1605 4716 1824 4770 solliciti
1856 4731 2012 4770 csse-

429 4827 572 4865 mus.
619 4810 769 4865 More
814 4811 960 4865 enim
1014 4809 1253 4876 gigantis
1312 4807 1619 4876 procedens
1696 4804 2006 4869 calamitas,

424 4918 642 4957 omnem
669 4918 805 4973 pene
827 4903 1055 4957 omnino
1091 4915 1242 4969 spem
1279 4900 1478 4954 salutis
1529 4897 1861 4952 excluserat.
1911 4896 1998 4953 ln-
2032 4902 2045 4909 ‘

495 5112 574 5196 (ί)
618 5110 717 5194 Qui
770 5110 1098 5196 Ertogru‘lgs.
1125 5111 1194 5166 Hi
1241 5126 1398 5196 porro
1427 5126 1630 5196 omnes,
1662 5122 1770 5196 etc.
1812 5113 2020 5168 Laom-

422 5183 522 5238 cus
550 5183 649 5235 levi
681 5183 1361 5253 mutatione‘Oproyoekqv
1393 5192 1570 5245 vocat,
1591 5185 1750 5251 cujus
1781 5201 1868 5240 res
1892 5200 2023 5253 pro-

427 5254 675 5325 sequitur
698 5254 834 5325 lihro
853 5252 1050 5325 primo,
1068 5265 1132 5304 ac
1156 5253 1490 5319 reliquorum
1514 5255 1772 5325 deinceps
1796 5252 1936 5325 quos
1957 5270 2022 5309 ex

423 5320 670 5394 margine
688 5320 893 5394 codicis
909 5321 999 5394 hic
1015 5334 1346 5394 repraesenlo
1360 5338 1384 5378 :
1399 5325 1475 5377 Τὰ
1499 5324 1686 5394 πρόσω
1696 5320 2024 5393 πα.⁶Ερι;ογ-

427 5388 640 5476 ριύλὲιςν
656 5390 932 5476 ίθίθξένηεο
951 5388 1238 5476 “elatae
1256 5388 1554 5476 Μευράξηεέ
1579 5388 1903 5476 "arma
1930 5388 2027 5447 αὖ·

422 5459 535 5525 τός.
551 5459 683 5515 Sunt
697 5460 776 5511 lue
789 5459 1057 5526 persona:
1077 5459 1404 5527 Ertogralei,
1426 5459 2018 5528 Ot‘manes,'0iclianea,

425 5532 659 5584 Morare:
703 5546 765 5580 ac
796 5544 907 5599 ipse
948 5529 1252 5593 Baiazetes.
1286 5530 1566 5586 Videndus
1607 5533 2004 5599 Leunclatvius,

423 5615 491 5655 ac
520 5600 719 5667 aliiqui
746 5612 833 5651 res
856 5598 1123 5671 ATurcicas
1145 5604 1368 5671 scriptis
1388 5606 1847 5659 commendarunt
1878 5621 1893 5666 ;
1932 5598 2005 5655 si;

422 5671 650 5736 mulque
667 5668 1205 5734 notaudum,quibus
1230 5668 1374 5726 tanta
1398 5674 1612 5739 imperii
1631 5674 1799 5726 moles
1827 5673 2007 5728 initiis

426 5740 680 5815 creverit,
706 5745 834 5815 utet
866 5749 1034 5815 nostri
1060 5741 1329 5803 caverint,
1354 5756 1417 5796 ac
1446 5743 1526 5815 vel
1555 5758 1584 5794 a
1615 5740 1836 5815 Turcis,
1862 5743 2010 5809 quod

424 5806 580 5859 initia
606 5808 694 5860 illa
714 5810 910 5860 bonum
931 5811 1259 5876 habuerunt,
1276 5812 1516 5865 mutuari
1535 5827 1641 5864 non
1662 5806 2009 5866 erubti.:.rint.

2110 4531 2494 4602 ὑπολελεῖφθαι
2555 4537 2883 4607 κεχρημένῳ
2949 4538 3232 4609 λογισμοῖς
3299 4541 3673 4611 ἀνθρωπίνοις·

2120 4621 2364 4694 Ὑπῆρχε
2396 4624 2527 4692 γοῦν
2552 4627 2676 4697 ἐμοί
2705 4643 2762 4680 τε
2793 4629 3032 4698 κάκείνῳ
3063 4631 3236 4695 διττὸς
3262 4634 3291 4687 ὁ
3325 4633 3490 4703 φόϐος
3513 4649 3529 4667 ·
3557 4632 3677 4684 ἐκαο

2109 4715 2253 4785 τὲρῳ
2274 4733 2332 4769 τε
2361 4717 2556 4783 αὐτοῦ,
2584 4720 2681 4772 καὶ
2700 4719 2908 4789 ἀμφοῖν
2931 4721 3073 4792 ὑπὲρ
3098 4723 3372 4794 ἀλλήλων.
3398 4723 3553 4778 Κατά
3574 4721 3676 4788 γὰρ

2109 4813 2235 4871 τοὺς
2267 4808 2503 4877 ἀγαθοὺς
2531 4810 2643 4862 τῶν
2669 4811 2941 4881 δρομέων,
2973 4813 3165 4883 προϊὸν
3188 4818 3249 4868 τὸ
3283 4814 3549 4887 δυσχερὲς
3574 4810 3672 4863 πᾶ·

2111 4890 2209 4954 σαν
2235 4901 2511 4970 σωτηρίας
2539 4901 2735 4955 ἐλπίδα
2758 4905 2985 4973 μονονοὺ
3015 4905 3672 4977 παντάπασιν”ἁφῃρήκει.

2129 5114 2353 5169 Multam
2376 5114 2522 5189 genti
2538 5114 2797 5189 yirtutem
2819 5130 2943 5173 cum
2969 5120 3147 5189 primo
3171 5119 3288 5174 ﬁxit
3311 5117 3465 5189 sedes
3485 5131 3536 5170 in
3549 5112 3670 5189 ῥεῖα

2130 5200 2323 5257 omnes
2359 5186 2586 5257 perinde
2636 5188 2940 5257 scriptores
2969 5183 3268 5256 'nstruunt,
3303 5197 3361 5242 ut
3385 5186 3503 5255 ejus
3542 5183 3671 5236 forte

2132 5256 2357 5335 merito.
2390 5256 2879 5335 Deiprovidentia,
2914 5256 3183 5335 inﬁdelem
3212 5264 3670 5335 gentemhlgml)?‘

2136 5325 2265 5378 ralis
2298 5323 2526 5400 dominii
2556 5329 2778 5394 praemio
2800 5323 3330 5400 donatamvoluerit.
3352 5323 3574 5400 Delicias
3600 5323 3669 5400 vi-

2140 5405 2359 5462 tamque
2380 5392 2682 5449 molliorem
2706 5410 2736 5449 a
2762 5395 2968 5451 nostris
2990 5398 3248 5463 didicere,
3271 5410 3393 5451 cum
3424 5392 3665 5446 mulieres

2137 5463 2478 5538 Christianas
2509 5466 2563 5517 in
2593 5469 3192 5538 uxores_aecepissent,
3225 5464 3498 5538 quod__ipsi
3527 5466 3665 5538 notaf

2115 5544 2239 5587 runt
2264 5533 2564 5603 scriptores
2584 5533 2779 5589 Graeci.
2799 5533 3032 5590 Pulchra
3052 5533 3322 5591 Phranies
3344 5533 3662 5603 digressionc

2117 5604 2212 5655 lib.
2243 5616 2282 5668 ι,
2311 5617 2339 5653 a
2378 5601 2499 5672 cap.
2532 5602 2622 5656 25.
2649 5605 2714 5656 ad
2751 5605 2821 5658 54
2872 5606 3286 5660 Osmanidarum
3320 5601 3492 5672 gentis
3524 5601 3636 5664 prin

2118 5672 2629 5745 cipumhistoriam
2662 5675 3002 5744 perstringit,
3039 5690 3209 5745 usque
3236 5676 3298 5729 ad
3325 5672 3657 5745 Maliometotﬂ

2120 5734 2451 5816 secundum,
2475 5758 2504 5794 a
2533 5734 3063 5816 quo'tandem'urhs
3098 5734 3255 5816 c'apta
3282 5752 3385 5807 eat,
3414 5752 3475 5793 ac
3501 5734 3657 5786 lucer-

2121 5826 2190 5865 na
2222 5812 2426 5866 Οιιεςιε
2461 5812 2753 5868 exstincta.
