3950 6456
296 340 401 444 2:5

1058 383 1463 445 TlIEODORI
1510 383 1875 447 DESPOT/E
1917 388 2311 449 LAUDATIO
2338 390 2747 452 FUNEBRIS.

3445 387 3554 449 246

301 493 473 548 Τοῦτο
496 491 652 557 τέλος
690 490 934 561 εἰληφὸς,
962 492 1204 564 τοσούτῳ
1242 495 1566 548 συνετέλεσε
1605 498 1673 565 τῇ
1705 496 1877 548 Πελο-

1989 510 2097 554 tum
2134 500 2494 571 Pcloponnesi
2512 499 2816 557 commodis
2843 497 3075 563 addidit,
3110 503 3381 567 quantum
3410 507 3551 549 tem-

302 590 577 662 ποννήσῳ,
602 591 713 662 ὅσῳ
743 607 809 658 γε
838 589 1025 658 σαφῶς
1055 592 1084 643 ὁ
1118 592 1313 660 καιρὸς
1348 591 1542 657 ἔδειξε.
1577 591 1751 647 Τοῦτο
1775 592 1874 656 τὰς

301 683 526 751 ἐφξδους
555 682 665 735 τῶν
695 680 907 752 ἐχθρῶν
937 680 1034 735 καὶ
1054 683 1152 744 τὰς
1178 682 1450 749 εἰσϐολὰς,
1479 683 1603 736 ὅσον
1634 684 1666 753 ἡ
1706 684 1874 754 πεῖρα

301 774 672 844 παρέστησεν,
703 773 1073 842 άπεσῶησεν.
1103 770 1175 825 Οὔ
1191 790 1239 825 τε
1274 773 1382 843 γὰρ
1433 773 1697 842 στρατιάν
1723 775 1876 842 ἀγεί-

303 881 419 934 ρειν
445 864 674 934 ἰσχυρὰν
699 861 909 916 οῐκοθεν
938 858 1083 933 εἶχον
1104 863 1154 916 οἱ
1176 861 1553 930 γειτονοῦντες
1582 863 1870 934 βάρϐαροι,

300 956 424 1009 οὗτε
453 956 527 1025 μὴ
560 956 828 1025 πρότερον
859 954 939 1017 είς
964 954 1102 1008 πολὺ
1137 955 1611 1025 συναθροισθείσιν
1642 956 1877 1019 ἐκείνοις
1942 954 1951 961 ⁷

301 1046 532 1118 πλῆθος,
564 1048 665 1118 τὴν
714 1046 993 1117 ἡμετέραν
1025 1046 1388 1116 κατατρέχειν
1420 1046 1566 1118 ἐξῆν,
1595 1046 1705 1101 δέει
1748 1047 1874 1108 τοὺς

300 1140 576 1201 τοιούτους
631 1137 994 1210 στρατιώταςο
1032 1139 1092 1192 τὸ
1141 1137 1196 1192 δὲ
1246 1139 1451 1209 πολλήν
1498 1156 1626 1193 τινα
1667 1140 1876 1210 ταύτην

306 1209 771 1298 συγκροτηθῆναι,
822 1230 919 1282 καὶ
971 1229 1064 1284 διὰ
1107 1228 1327 1300 χρόνου,
1372 1231 1464 1283 καὶ
1516 1209 1873 1300 πολλαχόθεν

303 1322 467 1377 τοῦτο
516 1321 630 1392 γὰρ
678 1321 1087 1376 ὑπολέλειπται·
1126 1327 1222 1375 καὶ
1261 1322 1362 1386 τὰς
1410 1324 1647 1395 ὁμόρους
1692 1322 1876 1385 πόλεις

303 1415 513 1481 λαθεῖν,
541 1416 610 1469 δι’
637 1406 714 1469 ὧν
741 1415 774 1485 ἡ
820 1417 978 1486 φήμη
1017 1416 1329 1486 μετεδίδοτο
1361 1416 1501 1486 πρὸς
1540 1414 1639 1478 τὰς
1673 1412 1877 1484 ήμετέ·

305 1524 431 1578 ρας,
469 1505 669 1577 μικροῦ
699 1506 810 1561 δεῖν
845 1503 998 1580 οἶμαι
1021 1506 1307 1563 ἀδύνατον.
1339 1506 1641 1561 Γνωσθεῐσι
1672 1505 1729 1559 δὲ
1764 1506 1876 1569 τοῖς

303 1600 524 1671 ἐχθροῖς
555 1600 752 1654 παθεῖν
779 1616 833 1654 τι
866 1602 1068 1669 μᾶλλον
1099 1599 1441 1663 συνέϐαινεν,
1472 1600 1504 1671 ἦ
1538 1599 1739 1669 δρᾶσαί
1770 1616 1874 1653 που

305 1692 571 1763 λυπηρόν.
602 1691 779 1746 Τοῦτο
809 1691 987 1763 πολλῷ
1031 1691 1244 1763 βέλτιον
1272 1694 1386 1755 τοῖς
1414 1691 1537 1745 τότε
1572 1693 1875 1761 συνήνεγκε

307 1785 650 1853 πράγμασιν,
674 1783 707 1853 ἢ
731 1784 820 1838 ὅτε
845 1783 1051 1854 ταύτην
1070 1784 1492 1853 εὲπανεκτήσατο
1515 1784 1543 1836 ὁ
1570 1782 1876 1851 θαυμάσιος

305 1877 519 1941 οὐτοσὶ,
552 1876 717 1930 πολύν
759 1888 882 1932 τινα
930 1876 1122 1948 χρόνον
1157 1877 1260 1946 ἤδη
1307 1873 1878 1945 προαποσπασθεῖσαν

306 1969 413 2039 τῆς
431 1970 541 2024 τῶν
568 1971 855 2039 Ῥωμαίων
877 1969 1072 2040 ἀρχῆς.
1097 1967 1269 2022 Τοῦτο
1289 1966 1392 2039 τὴν
1417 1968 1628 2022 ἐκείνου
1658 1964 1875 2036 σοφίαν,

309 2063 407 2115 καὶ
434 2060 532 2132 τὴν
561 2061 689 2131 περὶ
717 2061 785 2115 τὰ
810 2062 969 2116 κοινὰ
998 2060 1338 2131 ἐπιστήμην,
1370 2058 1713 2130 ὑψηλοτέραν
1740 2059 1879 2114 ἀπέ-

313 2151 481 2217 δειξεν
507 2152 660 2206 οὐδὲν
683 2148 869 2224 ἦττον,
900 2154 933 2223 ἢ
963 2153 1053 2206 ὅτε
1080 2152 1499 2221 θαυμαζόμενος
1528 2144 1684 2215 οὗτος
1705 2147 1774 2223 ἦν
1799 2152 1879 2223 τῷ

322 2244 544 2299 κτᾶσθαι
580 2245 768 2310 πόλεις
803 2243 1018 2316 ἐτέρας.
1052 2245 1229 2299 Ἐστι
1263 2245 1373 2314 γὰρ
1406 2246 1613 2313 καιρὸς
1644 2242 1899 2308 λαϐεῖν,

330 2336 420 2389 καὶ
442 2338 646 2406 καιρὸς
672 2338 913 2403 πάντως
937 2334 1253 2405 προέσθαι.
1277 2337 1387 2390 Καὶ
1409 2335 1570 2390 τοῦτο
1596 2334 1880 2406 Σολομῶν-

319 2445 451 2492 mo;
500 2430 647 2497 δόξα·
692 2431 742 2484 εί
803 2428 1075 2499 μέμνηται
1123 2446 1210 2493 τις
1263 2428 1502 2495 ἐκείνου,
1557 2428 1634 2499 τῷ
1697 2426 1878 2498 καιρῷ

312 2519 487 2574 πάντα
516 2521 796 2592 νέμοντος.
825 2520 1065 2592 Θάτερον
1093 2521 1194 2592 μὲν
1228 2522 1340 2573 τοῖν
1375 2513 1879 2590 εἰρημένοινσλέγω

306 2612 372 2681 δὴ
407 2613 468 2665 τὸ
517 2612 614 2666 σὺν
658 2612 737 2684 τῷ
784 2612 959 2684 καιρῷ
1008 2611 1219 2666 δοῦναι·
1266 2612 1493 2683 ὑψηλὸν,
1527 2612 1623 2665 καὶ
1658 2612 1717 2665 οὐ
1770 2612 1879 2667 τῶν

306 2721 541 2760 πολλων.
1523 2755 1529 2761 .

392 2800 547 2854 Ἐπεὶ
583 2797 690 2868 γὰρ
725 2797 946 2864 πάντως
973 2797 1056 2861 είς
1091 2797 1154 2852 τδ
1184 2798 1359 2867 παρὸν
1390 2798 1441 2851 οἱ
1483 2797 1725 2852 πλεῖστοι
1758 2797 1879 2869 βλέ-

306 2909 470 2946 πουσι
508 2892 617 2947 τῶν
645 2891 972 2964 ἀνθρώπων,
1006 2891 1403 2962 ὀλιγωροῦντες
1434 2891 1529 2945 τοῦ
1565 2891 1878 2962 μέλλοντος,

305 2985 387 3048 ὡς
416 2986 476 3039 ἐν
508 2985 686 3056 ἀδήλῳ
712 2985 926 3049 τούτοις
955 2985 1233 3054 κειμένου,
1259 2983 1513 3054 δηλονότι
1538 2983 1655 3060 ,τῶν
1678 2984 1880 3052 ὀλίγων

309 3080 427 3133 ἐστὶ
475 3078 674 3148 μικρὰν
713 3078 1006 3147 ἀφαίρεσιν
1052 3078 1311 3146 δέξασθαι
1363 3078 1472 3131 τῶν
1522 3077 1877 3148 ὑπαρχόντων

1978 606 2082 660 pus
2114 592 2463 661 postmodum
2486 593 2695 662 liquido
2726 590 2987 646 ostendit.
3026 588 3100 642 Ea
3135 603 3245 653 res,
3307 587 3545 641 hostium

1976 678 2327 734 incursiones
2346 695 2410 734 ac
2441 681 2778 745 invasiones,
2807 688 3070 749 quantum
3109 675 3360 745 probavit
3383 690 3553 741 expc-

1976 772 2199 838 rientia,
2222 773 2520 827 submovit.
2545 770 2735 842 Neque
2762 771 2905 826 enim
2954 767 3122 822 vicini
3159 766 3383 820 Barbari
3445 766 3555 820 for-

1979 875 2085 919 tem
2114 866 2246 920 satis
2279 882 2308 921 a
2334 882 2393 921 se
2409 868 2715 922 exercitum
2767 873 3025 936 poterant
3044 877 3265 932 cogere,
3295 878 3394 916 nec
3422 877 3555 915 vero

1978 956 2318 1012 Rhodiorum
2342 969 2488 1013 metu
2509 958 2732 1022 licebat.
2752 959 2927 1014 utnisi
2948 974 3143 1028 magno
3157 957 3307 1028 prius
3327 970 3557 1011 numero

1980 1047 2219 1112 collecti,
2272 1048 2499 1103 ditionis
2529 1060 2730 1104 nostrae
2785 1060 2962 1105 terras
3024 1052 3374 1106 incursarent
3439 1067 3452 1100 :
3499 1058 3559 1098 ut

1979 1150 2160 1194 autem
2186 1156 2280 1210 per
2303 1147 2538 1206 tempus,
2562 1156 2622 1194 ac
2656 1156 2724 1195 ex
2753 1142 2941 1197 multis
2990 1143 3147 1208 locis,
3188 1142 3332 1212 quod
3387 1154 3558 1193 ιιιιιιιιι

1981 1232 2252 1300 reliquum
2269 1232 2657 1301 eratgrandem
2678 1233 3260 1301 ejusmodiexercitum
3280 1240 3558 1302 cogerent,

1980 1340 2178 1393 resque
2207 1324 2399 1378 lateret
2430 1323 2673 1379 contines
2702 1326 2977 1393 civitates,
3015 1342 3114 1398 per
3139 1341 3279 1396 quas
3338 1323 3485 1378 fama
3506 1323 3559 1376 in

1983 1429 2201 1471 nostras
2228 1415 2524 1470 derivanda
2562 1425 2730 1482 esset,
2757 1417 2810 1470 id
2843 1432 2971 1472 vero
3004 1418 3218 1486 opinor,
3252 1415 3397 1468 factu
3458 1413 3561 1466 im-

1980 1508 2246 1579 possibile
2275 1517 2414 1564 erat.
2447 1507 2519 1563 Ut
2548 1519 2731 1564 autem
2757 1511 2941 1565 hostes
2997 1508 3199 1563 detecti
3235 1507 3366 1572 sint,
3402 1504 3560 1560 triste

1978 1601 2162 1670 potius
2191 1600 2395 1669 aliquid
2424 1598 2625 1666 ferant,
2660 1616 2825 1671 quam
2867 1599 3122 1656 fecerint.
3158 1599 3346 1671 Eares
3376 1594 3557 1665 majus

1979 1695 2109 1763 quid
2136 1700 2267 1748 tunc
2299 1694 2364 1748 ad
2392 1702 2726 1747 momentum
2759 1694 2926 1748 rebus
2953 1692 3207 1756 contulit,
3234 1706 3397 1760 quam
3429 1706 3559 1744 cum

1979 1788 2064 1841 vir
2085 1785 2376 1848 mirabilis.
2408 1802 2437 1840 a
2466 1785 2695 1842 Romani
2717 1786 2923 1856 pridem
2946 1784 3160 1855 imperii
3181 1784 3389 1837 ditione
3406 1782 3561 1835 avul-

1987 1897 2104 1937 sam
2136 1880 2439 1947 civitatem,
2468 1880 2646 1936 eidem
2681 1878 2902 1946 adjecit.
2930 1876 3003 1932 Ea
3047 1892 3155 1943 res,
3190 1875 3345 1930 nihil‘
3383 1875 3564 1927 minus

1985 1974 2280 2031 sublimem
2308 1971 2740 2028 admirandiviri
2779 1970 3133 2044 sapientiam,
3167 1968 3394 2037 ejusque
3442 1964 3566 2018 uni-

1984 2070 2250 2123 versalem
2276 2067 2560 2124 scientiam
2593 2065 2852 2127 ostendit,
2881 2079 3046 2135 quam
3084 2077 3210 2119 cum
3232 2062 3394 2116 urbes
3419 2059 3559 2113 alias

1928 2206 1931 2209 .
1985 2175 2099 2215 sua:
2127 2159 2356 2214 ditionis
2382 2158 2530 2213 fecit.
2562 2157 2728 2211 Plane
2762 2171 2913 2217 vero,
2964 2152 3194 2224 Tempus
3245 2162 3325 2206 est
3380 2150 3566 2220 acqui-

1985 2253 2151 2313 rendi,
2179 2264 2383 2321 tempus
2408 2250 2683 2319 perdendi,
2701 2264 2821 2318 quae
2835 2246 3148 2302 Salomonis
3166 2242 3433 2301 sententia
3457 2251 3563 2301 est,

1987 2356 2047 2402 ut
2070 2346 2197 2416 quis
2222 2345 2552 2407 meminerit,
2572 2358 2697 2397 cum
2730 2341 2817 2395 ille
2837 2338 3107 2417 universis
3132 2346 3346 2407 tempus
3371 2334 3565 2389 distri-

1984 2442 2102 2498 buit
2130 2461 2143 2495 :
2163 2454 2499 2512 quamquam
2520 2438 2752 2501 duorum
2772 2436 3030 2500 alterum,
3058 2431 3191 2486 dare
3211 2428 3565 2485 sciliceteum

1986 2533 2059 2589 sit
2106 2541 2500 2603 Opportunum,
2555 2543 2643 2585 res
2693 2524 2947 2581 sublimis
2990 2521 3156 2579 animi
3212 2519 3282 2575 sit
3321 2532 3385 2574 ac
3436 2531 3570 2587 pau-

1986 2640 2193 2681 COl'llll).

2060 2809 2198 2864 Cum
2243 2806 2390 2862 enim
2436 2804 2681 2874 plerique
2734 2801 2961 2856 omnino
3011 2795 3315 2869 respiciant
3358 2794 3425 2849 ad
3482 2809 3570 2849 res

1991 2909 2306 2973 praesentes.
2341 2897 2666 2966 futurasque
2705 2893 2984 2966 negligant
3012 2900 3273 2961 tanquam
3302 2887 3567 2951 incertas,

1992 2997 2181 3065 utique
2211 2984 2510 3064 paucorum
2542 2991 2634 3056 sit,
2663 2997 2723 3043 ut
2756 2974 2946 3058 paﬁtm
2969 2984 3100 3055 quid
3155 2982 3257 3038 sibi
3316 2977 3567 3037 subtrahi

1996 3088 2291 3158 patiantur,
2324 3099 2434 3155 quo
2468 3083 2771 3137 maximum
2797 3078 2927 3150 quid
2959 3076 3190 3132 necdum
3220 3089 3461 3145 prmsens
3481 3088 3572 3127 ac-

307 3173 492 3235 αὐτοίς
524 3172 644 3226 ἀντὶ
679 3172 943 3241 μεγίστης
988 3171 1154 3243 μήπω
1200 3169 1507 3241 παρούσης.
1542 3169 1682 3225 Ἀλλ’
1722 3162 1876 3234 οὗτός

1993 3182 2239 3239 cesserit.
2272 3178 2425 3235 Haud
2454 3179 2739 3235 enimvero
2770 3174 2838 3231 iis
2865 3174 2953 3228 ille
2970 3170 3447 3232 similishahebat,
3468 3167 3563 3235 qui

309 3281 371 3332 γε
392 3264 453 3316 οὐ
467 3262 590 3318 κατ’
611 3261 853 3329 ἐκείνους
880 3266 1007 3327 τοὺς
1029 3266 1097 3317 τὰ
1120 3265 1177 3317 εν
1205 3264 1332 3317 ποσὶ
1360 3265 1524 3333 μόνον
1552 3262 1877 3334 βλέποντας.

310 3356 447 3410 ἀλλὰ
474 3357 569 3411 καὶ
596 3357 660 3431 τὸ
692 3356 885 3427 μέλλον
914 3359 1243 3429 προεωρᾶτο
1275 3356 1436 3426 είπερ
1468 3374 1552 3418 τις
1582 3357 1764 3420 ἄλλος,
1789 3357 1883 3409 καὶ

312 3451 444 3520 περὶ
471 3450 689 3503 πάντων
714 3448 837 3517 ἑξῆς
865 3450 1148 3521 ἐφρόντιζε
1184 3448 1293 3502 τῶν
1319 3452 1685 3520 πραγμάτων.
1716 3450 1883 3502 Ὅθεν

313 3542 739 3613 ἐξησθενηκυῖαν
793 3542 934 3612 ὁρῶν
984 3541 1083 3614 τὴν
1133 3542 1291 3595 πόλιν
1339 3538 1419 3612 τῷ
1469 3539 1882 3613 πολιορκεῖσθαι

316 3635 513 3704 μακρῷ
547 3633 623 3704 τῷ
654 3633 863 3709 χρόνῳ,
885 3635 978 3688 καὶ
1022 3635 1082 3687 τὸ
1126 3633 1386 3704 ἐσόμενον
1438 3633 1660 3696 πάντως
1694 3631 1884 3704 ὥσπερ

315 3728 407 3782 ὑπ’
431 3727 557 3797 ὅψιν
583 3727 743 3798 ἔχων,
772 3727 848 3790 ὡς
872 3727 920 3781 oi
949 3727 1366 3796 πολιορκοῦντες
1402 3725 1675 3799 βάρϐαροι
1703 3741 1885 3795 παρα-

314 3824 606 3890 στήσονται
651 3823 750 3894 μὲν
787 3823 956 3893 αὐτὴν
1007 3825 1069 3878 οὐ
1108 3823 1247 3895 μετὰ
1296 3822 1466 3876 πολύν
1500 3839 1623 3876 τινα
1669 3823 1881 3893 χρόνον,

316 3916 759 3986 παραστήσονται
788 3914 845 3969 δὲ
871 3913 1090 3979 πλείους
1122 3914 1286 3977 εὐθὺς
1321 3913 1541 3984 ἐκείνης
1571 3914 1886 3984 κρατήσαν-

313 4022 427 4073 τες,
466 4007 559 4059 καὶ
591 4005 837 4077 χωρήσει
881 4006 942 4058 τὸ
975 4003 1148 4057 δεινὸν
1189 4005 1281 4057 ἐπὶ
1318 4002 1595 4056 πλεῖστον⁸
1638 4002 1887 4071 ἡγήσατο

315 4099 375 4150 τὸ
414 4098 616 4167 ταύτην
644 4094 936 4167 προέσθαι,
982 4094 1124 4163 ὑπὲρ
1152 4094 1247 4147 τοῦ
1283 4093 1359 4163 μὴ
1394 4090 1620 4154 πλείους
1665 4091 1885 4160 σύναμα

314 4192 509 4262 ταύτῃ,
553 4189 744 4259 κέρδος
784 4189 851 4241 οὐ
911 4188 1108 4258 μικρὸν
1165 4184 1327 4240 εἶναι’
1354 4187 1450 4241 καὶ
1502 4183 1663 4254 ἐῴκει
1714 4182 1887 4237 ταῦτα

316 4281 569 4353 πράττων
594 4283 703 4343 τοῖς
736 4279 953 4351 σφοδρῷ
984 4278 1239 4349 ληφθεῖσι
1264 4277 1516 4341 κλύδωνι,
1537 4276 1585 4329 οἳ
1614 4276 1733 4339 ταῖς
1758 4276 1887 4328 ἑαυ-

315 4375 426 4430 τῶν
474 4375 631 4444 χερσὶ
678 4372 853 4427 πολλὰ
901 4373 1011 4425 τῶν
1067 4373 1369 4442 ἀγωγίμων
1425 4368 1884 4438 ἀποϐαλλόμενοι,

1985 3285 2198 3333 tantmn
2233 3274 2418 3328 vident
2447 3273 2500 3325 in
2534 3271 2765 3341 pedibus
2788 3264 3132 3339 posita,quin
3162 3261 3331 3317 futuri
3358 3270 3419 3315 ut
3443 3260 3569 3329 quis

1982 3369 2123 3424 alius
2150 3365 2476 3437 praevidens,
2502 3362 2781 3420 universis
2802 3356 3064 3430 deinceps
3095 3370 3285 3412 curam
3321 3352 3559 3409 adbibe-
3653 3388 3659 3394 .

1986 3464 2094 3519 lat.
2126 3462 2334 3519 Videns
2361 3462 2546 3531 itaque
2578 3459 2811 3512 fractam
2837 3455 3053 3510 viribus
3086 3452 3277 3508 urbem
3335 3464 3365 3503 a
3409 3446 3568 3513 longa

1981 3555 2290 3620 obsidione,
2312 3569 2375 3609 ac
2400 3553 2549 3624 quod
2579 3551 2825 3606 futurum
2850 3548 3082 3603 essetob
3103 3543 3294 3599 oculos
3318 3539 3527 3615 habens
3553 3555 3567 3602 ;

1984 3647 2105 3703 fore
2133 3642 2392 3702 nimirum
2426 3656 2486 3699 ut
2514 3642 2840 3700 obsidentes
2862 3638 3092 3694 Barbari
3121 3651 3184 3692 ea
3212 3634 3363 3689 brevi
3426 3629 3566 3700 poti-

1984 3748 2198 3805 rentur,
2223 3748 2388 3808 utqne
2405 3736 2585 3792 statim
2607 3750 2671 3789 ea
2708 3740 3043 3802 expugnata,
3065 3727 3259 3782 mirum
3301 3730 3568 3793 quantum

1985 3839 2342 3903 promovente
2405 3828 2588 3891 malo,
2637 3825 2820 3896 plures
2875 3823 3014 3878 alias
3066 3817 3280 3888 capturi
3327 3822 3514 3870 essent
3554 3828 3570 3876 ;

1987 3923 2129 3979 lucri
2160 3936 2266 3976 non
2291 3919 2490 3975 modici
2515 3916 2893 3973 accessionem
2912 3914 3031 3983 ejus
3064 3910 3255 3965 habuit
3271 3908 3569 3979 iacturam,

1987 4025 2049 4071 ut
2077 4029 2145 4070 ne
2173 4013 2389 4083 majori,
2423 4014 2613 4082 plures
2642 4024 2750 4065 una
2781 4007 3080 4064 amitteret.
3111 4004 3184 4057 Ea
3208 4016 3376 4073 porro
3408 3998 3570 4053 moli-

1988 4110 2135 4164 tione
2162 4107 2228 4162 iis
2251 4104 2450 4162 similis
2473 4102 2785 4167 videbatur,
2813 4098 2908 4171 qui
2940 4091 3398 4168 magnajcorrepti
3435 4099 3572 4145 tem-

1989 4206 2223 4272 pestate,
2257 4212 2471 4252 merces
2506 4195 2710 4249 multas
2747 4188 3119 4259 manibusipsi
3141 4184 3569 4256 salojactantes,

1986 4271 2258 4362 jacturam
2287 4288 2429 4344 lucri
2452 4286 2665 4342 ducunt
2694 4301 2709 4337 :
2739 4298 2848 4337 non
2869 4280 2994 4350 quia
3015 4294 3073 4333 re
3098 4276 3461 4341 delectentur,
3479 4271 3575 4327 sed

1990 4393 2052 4438 ut
2079 4398 2145 4439 ne
2168 4394 2380 4436 merces
2412 4388 2554 4434 totas
2584 4376 2822 4432 retinere
2864 4373 3135 4437 volentes,
3184 4383 3307 4423 cum
3363 4374 3577 4432 tempus

318 4469 507 4538 κέρδος
536 4454 637 4539 τὴν
672 4466 878 4538 ζημίαν
924 4464 1204 4537 ἡγοῦνται*
1226 4464 1325 4534 οὐχ
1359 4463 1549 4525 ἁπλῶς
1587 4461 1664 4539 τῷ
1710 4461 1883 4532 πράγ-

1996 4473 2343 4537 adversetur,
2374 4468 2517 4524 male
2548 4476 2694 4523 totas
2740 4464 3019 4521 amittant.
3070 4457 3443 4527 Quamobrem
3498 4454 3575 4508 uti

321 4536 452 4629 ματε
476 4536 783 4630 χαίροντες,
811 4536 1046 4611 ἀλλ’ἵνα
1083 4555 1244 4627 μὴτὸ
1274 4556 1382 4609 πᾶν
1414 4536 1691 4617 ἐθέλοντές
1719 4553 1883 4623 ἔχειν.

1999 4577 2157 4623 antea
2191 4565 2352 4633 longe
2373 4560 2789 4618 celeberrimam
2813 4556 3003 4611 urbem
3034 4551 3229 4608 multis
3247 4547 3576 4619 sumptibus,

318 4652 416 4705 τοῦ
455 4650 651 4719 καιροῦ
709 4650 847 4721 πρὸς
897 4648 1210 4703 τούναντίον
1264 4645 1614 4717 βιαζομένου,
1672 4645 1733 4699 τὸ
1783 4645 1892 4698 πᾶν

321 4738 507 4803 κακῶς
539 4739 906 4795 ἀπολέσωσιν.
929 4737 1113 4802 Ὥστε,
1141 4736 1396 4807 καθάπερ
1429 4736 1623 4805 τοπρὶν
1652 4730 1891 4805 εἰληφὼς

319 4830 550 4903 ταυτηνί⁵
597 4832 697 4901 τὴν
750 4829 1132 4901 πολυύμνητον
1181 4828 1362 4892 πόλιν,
1417 4827 1744 4898 ἀναλώμασι
1793 4826 1894 4896 μὲν

322 4922 559 4986 πολλοῖς,
583 4924 795 4977 πλείοσι
817 4923 873 4975 δὲ
897 4924 1102 4989 πόνοις,
1122 4922 1388 4982 κινδύνοις
1407 4919 1463 4974 δὲ
1480 4921 1563 4973 ὅτι
1588 4918 1894 4984 πλείστοις,

323 5017 500 5088 μέγας
531 5013 628 5081 ὢν,
664 5016 760 5069 καὶ
792 5015 1085 5069 δέδεικται·
1116 5014 1259 5068 οὕτω
1296 5013 1393 5066 καὶ
1436 5011 1583 5075 τότε,
1619 5008 1892 5072 δεδωκὼς,

320 5110 489 5179 ἡνίκα
535 5125 618 5175 τε,
657 5109 752 5162 καὶ
798 5102 880 5172 οἷς
913 5107 1103 5178 ἐχρῆν,
1145 5107 1240 5161 καὶ
1269 5105 1346 5169 ὡς
1379 5105 1480 5159 οὐκ
1517 5104 1584 5159 ἂν
1612 5099 1680 5176 ἦν
1717 5104 1894 5168 ἄλλως

325 5203 532 5273 βέλτιον
563 5202 878 5256 δεδωκέναι.
904 5202 1035 5256 Ὅτε
1061 5204 1174 5271 γάρ
1203 5200 1304 5255 οὐκ
1328 5193 1398 5270 ἦν
1423 5197 1641 5267 εκείνην
1667 5195 1748 5249 ἔτι.
1778 5195 1896 5249 δια-

324 5293 616 5361 σώζεσθαι,
647 5296 748 5349 καὶ
796 5295 913 5357 τοῖς
959 5293 1234 5362 Φρερίοις,
1279 5292 1374 5347 καὶ
1432 5289 1574 5357 μετὰ
1623 5286 1893 5359 λαμπρῶν

323 5388 696 5458 ὑποσχέσεων,
732 5386 949 5456 βοηθεῖν
991 5387 1124 5456 ἡμῖν
1154 5384 1400 5446 ἐκείνους
1440 5381 1616 5438 ἅπασι
1644 5381 1891 5451 τρόποις.

396 5481 569 5535 Πόσον
611 5479 704 5534 οῦν
739 5476 1118 5563 θαυμάζεσθαι
1163 5475 1396 5541 δίκαιος,
1429 5475 1478 5527 εί
1508 5475 1648 5543 ὅπερ
1675 5473 1898 5534 πάντως

320 5572 549 5644 ἔμελλεν
575 5574 636 5628 ὲν
661 5572 785 5634 ταῖς
828 5570 938 5623 τῶν
971 5561 1185 5640 ἐχθρῶν
1225 5566 1415 5639 χερσὶν
1452 5564 1698 5619 ἀπίστων
1725 5561 1896 5617 ὄντων

322 5664 566 5729 ἔσεσθαι,
604 5662 766 5717 τοῦτο
815 5661 989 5730 φίλοις
1023 5661 1121 5715 καὶ
1169 5658 1519 5728 Χριστιανοίς
1566 5654 1894 5725 ἐνεχείρισε,

322 5756 423 5810 καὶ
449 5754 622 5827 ταύτῃ
648 5770 716 5823 γε
748 5753 1076 5824 συμμάχους
1110 5750 1312 5813 αὐτοὺς
1336 5747 1611 5815 ἐκτήσατο
1635 5744 1728 5797 τοῦ
1756 5745 1896 5816 πρὸς

326 5848 567 5911 ἐκείνους
598 5846 877 5917 πολέμους
907 5846 1015 5900 Καὶ
1055 5846 1221 5899 πάλαι
1254 5845 1361 5913 γὰρ
1388 5841 1512 5901 τοὺς
1547 5838 1746 5911 divam;
1773 5838 1895 5891 τοῦ-

2003 4652 2435 4725 impensiprique
2469 4650 2677 4712 labore,
2704 4662 2769 4702 ac
2800 4643 3057 4716 plurimis
3092 4640 3386 4697 defunctus
3427 4639 3577 4708 peri-

1997 4747 2140 4802 culis
2188 4746 2243 4799 in
2268 4743 2527 4798 ditionem
2557 4739 2996 4808 recipiens,cum
3014 4741 3161 4788 esset
3187 4746 3437 4799 magnus,
3455 4743 3578 4782 sese

1998 4851 2257 4907 magnum
2288 4833 2533 4892 ostendit
2568 4851 2581 4887 :
2608 4832 2688 4889 sic
2705 4843 2927 4901 quoque
2952 4841 3048 4897 per
3080 4822 3133 4879 id
3165 4833 3406 4891 tempus.
3449 4834 3575 4875 cum

1999 4930 2263 4993 dedisset,
2288 4927 2509 4998 quando
2540 4940 2605 4981 ac
2625 4923 2828 4995 quibus
2853 4935 2949 4990 par
2975 4927 3144 4983 esset,
3173 4926 3338 4985 atque
3367 4922 3429 4969 ut
3460 4928 3575 4966 me-

1995 5022 2103 5078 lius
2133 5020 2338 5090 alioqui
2362 5035 2469 5074 non
2489 5025 2668 5090 posset
2698 5014 2873 5068 trahi:
2899 5008 3293 5066 tnm‘nimirum
3325 5020 3448 5060 cum
3467 5019 3577 5058 non

2003 5122 2149 5168 esset
2174 5112 2484 5168 servando:
2510 5118 2676 5178 atque
2698 5108 2834 5160 adeo
2862 5102 3148 5177 fratribus,
3170 5100 3263 5170 qui
3286 5106 3342 5154 et
3360 5099 3579 5153 abunde

1997 5204 2304 5274 magniﬁcis
2330 5197 2846 5274 pollicitationibus,
2877 5195 3056 5250 modis
3087 5208 3148 5249 se
3173 5191 3436 5248 omnibus
3477 5207 3579 5246 no-

2001 5298 2086 5354 bis
2114 5297 2373 5369 deinceps
2401 5293 2763 5351 auxiliaturos
2798 5291 3129 5361 reciperent.

2071 5476 2245 5543 Quam
2272 5488 2403 5545 ergo
2438 5473 2563 5545 jure
2606 5470 2992 5541 admirandus,
3054 5478 3115 5524 ut
3160 5469 3306 5540 quod
3354 5470 3579 5525 omnino

2002 5582 2286 5624 cessurum
2311 5573 2429 5621 erat
2451 5568 2504 5618 ln
2537 5556 2774 5619 bo‘stium
2799 5570 3148 5633 potestatem,
3184 5561 3347 5629 idque
3392 5558 3582 5612 inﬁde-

2000 5660 2158 5726 lium,
2189 5661 2293 5715 boc
2323 5659 2414 5713 ille
2434 5657 2631 5712 amicis
2682 5671 2745 5712 ac
2771 5654 3103 5710 Christianis
3131 5651 3449 5715 crediderit,
3493 5660 3579 5703 at-

2002 5768 2108 5823 que
2140 5766 2202 5806 ea
2222 5767 2280 5806 re
2301 5750 2426 5807 belli
2453 5749 2506 5804 in
2519 5764 2613 5804 eos
2633 5749 2812 5805 socios
2830 5743 3271 5816 comparaverit?
3294 5739 3323 5795 ,Ι
3330 5759 3411 5796 am
3433 5740 3576 5796 enim

2002 5844 2132 5901 olim
2165 5843 2324 5899 nobis
2350 5858 2471 5898 cum
2496 5841 2575 5896 cis
2599 5835 2954 5897 necessitudo
2983 5848 3119 5891 erat.
3149 5830 3307 5889 Unde
3335 5850 3456 5888 cum
3479 5831 3571 5886 ali-
