3950 6432
469 365 575 427 247

1656 377 1705 435 Μ
1722 375 2054 437 ANUELIS
2093 378 2542 445 PALAZOLOGI

3598 379 3701 450 ΞΗ

468 478 688 545 quando
712 482 1079 536 necessarium
1098 483 1424 542 haberemus
1451 488 1516 540 ab
1538 487 1729 541 amicis
1747 488 2004 542 auxilium

2111 510 2290 558 κτους,
2340 498 2403 550 ὲν
2449 496 2709 569 συνηθείᾳ
2773 516 2888 563 πως
2939 493 3180 571 εἴχομεν.
3206 497 3371 554 Ὅθεν
3431 496 3524 550 καί
3580 511 3701 548 ποτε

469 570 634 624 saluti
663 573 993 638 consulturi,
1043 578 1390 644 praebuerunt
1431 580 1507 633 illi
1559 581 1703 635 haud
1762 581 2041 635 modicum

464 663 745 719 submisso
777 666 1061 723 classiario
1092 670 1282 737 milite,
1316 687 1438 725 cum
1470 672 1586 727 sola
1640 674 2043 743 magnificentia

2146 586 2346 657 δεῆσαν
2403 592 2750 663 παντοδαπὴν
2805 592 3064 664 βοήθειαν
3120 592 3268 662 ἡμᾶς
3324 592 3508 661 ζητεῖν
3573 584 3705 651 ὑπὲρ

2148 682 2423 749 σωτηρίας
2453 686 2606 752 παρὰ
2633 685 2744 736 τῶν
2770 685 2963 753 φίλων,
2992 686 3053 738 οὐ
3084 684 3327 754 σμικρὰν
3358 685 3489 754 ἡμῖν
3512 682 3699 735 ἐκεῖνοι

2146 772 2233 825 διά
2265 772 2537 844 θαλάττης
2569 777 2909 847 παρέσχοντο
2946 777 3262 846 φιλοτιμίας
3291 776 3455 829 ἓνεκα
3486 774 3579 826 καὶ
3608 773 3699 824 τοῦ

2146 866 2497 935 γιγνομένου.
2523 867 2595 920 Οὐ
2641 869 2750 937 γὰρ
2781 869 2922 922 κατά
2950 869 3110 938 χρέος
3144 868 3360 938 βοηθεῖν
3398 868 3527 935 ἡμῖν
3558 865 3701 932 ὀφεί-

2145 954 2329 1018 λοντες
2358 951 2521 1025 ἦσαν,
2548 956 2670 1010 οὐδὲ
2701 956 3090 1028 ὠμωμόκεσαν
3124 957 3267 1025 ὑπὲρ
3300 953 3512 1016 τούτου,
3539 953 3610 1014 ὡς
3646 952 3701 1002 ἐν

2143 1048 2265 1109 ταῖς
2296 1048 2605 1118 συμϐάσεσι
2648 1051 2770 1114 ταῖς
2800 1050 2942 1119 ὑπὲρ
2980 1048 3275 1120 Κορίνθουο
3305 1047 3403 1100 καὶ
3449 1045 3616 1098 τοῖνδε
3645 1043 3700 1094 τὸ

2143 1139 2402 1208 διάφορον
2449 1140 2592 1205 ὅσον,
2622 1140 2798 1212 δῆλον,
2835 1139 2908 1194 Τὸ
2954 1140 3064 1211 γὰρ
3113 1142 3176 1193 ὲκ
3224 1138 3333 1192 τῶν
3383 1136 3522 1191 κατά
3553 1135 3700 1204 χρέος

2143 1230 2397 1284 διδόντων
2446 1235 2569 1286 τινα
2623 1233 2926 1303 λαμϐάνειν
2979 1232 3077 1286 τοῦ
3132 1231 3277 1285 κατά
3331 1227 3493 1300 χάριν
3530 1225 3700 1294 πολλῷ

2143 1324 2390 1394 προέχει.
2413 1327 2486 1379 Οὐ
2520 1325 2718 1396 μᾶλλον
2746 1327 2930 1379 τοίνυν
2957 1327 3130 1395 αὐτὴν
3152 1325 3354 1377 δέδωκε
3376 1325 3490 1386 τοῖς
3520 1321 3702 1390 ἀνδρά-

462 768 526 806 ac
548 756 775 820 iurandi
805 758 987 812 studio
1014 771 1327 828 agerentur.
1355 763 1514 817 Nulla
1528 767 1673 818 enim
1716 767 1857 820 ratio
1878 765 2042 820 debiti

459 847 681 898 suberat
712 857 769 918 ut
795 863 951 918 Opetn
991 850 1217 917 ferrent,
1250 870 1426 922 neque
1455 855 1661 910 ferendi
1685 859 1805 927 ejus
1850 873 2041 912 sacra-

462 952 701 992 mentum
728 942 896 994 ullum
917 944 1237 1009 emiserant,
1264 960 1323 1001 ut
1346 948 1400 1000 in
1425 959 1712 1005 contractu
1736 966 1832 1019 pro
1849 950 2046 1006 Corin-

461 1029 554 1082 tho
576 1031 874 1087 celebrato.
898 1034 1098 1105 Liquet
1127 1046 1309 1092 autem
1339 1040 1522 1093 uthzec
1543 1041 1685 1095 inter
1711 1043 1939 1096 mttltum
1965 1058 2045 1096 rc-

457 1120 858 1192 ferat.Quippe
879 1127 1110 1183 multum
1147 1139 1371 1200 praestat
1421 1132 1488 1186 ab
1530 1133 1611 1187 eis
1651 1137 1895 1205 accipere
1943 1135 2038 1206 qui

458 1224 717 1277 priestant
746 1230 811 1270 ex
851 1217 1054 1285 debito,
1091 1234 1255 1288 quam
1290 1221 1361 1274 ab
1386 1221 1471 1287 iis,
1509 1225 1685 1292 qttizex
1703 1228 1894 1296 gratia.
1922 1227 2039 1283 Non

456 1312 564 1356 tam
600 1320 730 1375 ergo
764 1308 896 1364 viris
926 1309 1203 1367 civitatem
1236 1312 1404 1379 dedit,
1436 1329 1599 1384 quam
1633 1333 1729 1389 per
1759 1335 1879 1374 eam
1900 1321 2039 1376 ‘illos

451 1397 687 1464 aCCPpit.
2144 1435 2229 1469 σιν
2262 1420 2511 1481 ἐκείνοις,
2544 1419 2576 1488 ἦ
2601 1418 2668 1471 δι’
2700 1419 2870 1489 αὐτῆς
2899 1419 3099 1483 αὐτοὺς
3126 1418 3342 1473 ἔλαϐεν.

523 1486 816 1545 Enimvero
872 1495 1272 1553 ostendendum
1308 1514 1441 1570 puto
1473 1505 1742 1573 apertius,
1777 1516 1837 1559 ut
1893 1507 2004 1561 fore

2211 1510 2283 1563 Οὐ
2322 1511 2430 1580 μὴν
2462 1486 2577 1564 ἀλλά
2603 1507 2757 1581 οϊμαι
2792 1486 3094 1581 προσήκειν
3131 1510 3306 1575 δεῖξαι
3353 1510 3698 1577 σαφέστερον,

452 1578 655 1633 malum
677 1597 788 1635 rem
810 1598 969 1641 secns
989 1587 1341 1647 babuisse.Ut
1359 1596 1504 1649 enim
1529 1597 1698 1666 probe
1724 1609 2004 1664 temporun

2138 1603 2264 1655 ὅσον
2289 1601 2353 1655 ἂν
2381 1578 2450 1672 ἦν
2475 1602 2535 1654 τδ
2568 1578 2759 1662 κακὸν,
2786 1578 2861 1672 μη
2888 1578 3063 1675 ταυτῃ
3088 1604 3381 1669 γεγονότος
3408 1600 3500 1652 τοῦ
3531 1613 3597 1663 πί
3609 1599 3699 1665 ἀγ-

455 1683 754 1739 rerumque
779 1677 1159 1743 memineritis,
1207 1692 1326 1737 erat
1380 1686 1607 1740 omnino
1651 1690 1837 1742 statim
1902 1690 2003 1743 urh

2142 1709 2336 1762 ματος.
2372 1693 2434 1746 Ei
2458 1693 2565 1763 γὰρ
2599 1692 2844 1764 ἀκριϐῶς
2876 1692 2985 1745 τῶν
3018 1694 3230 1762 καιρῶν
3263 1693 3360 1745 καὶ
3387 1692 3494 1743 τῶν
3527 1707 3696 1759 πραγ-

453 1759 822 1818 Barbarorum
848 1768 1103 1825 manibus
1132 1772 1461 1843 diripienda.
1492 1776 1647 1844 Quod
1708 1780 1755 1834 si
1811 1797 2004 1836 mense:

2142 1759 2330 1853 μάτων
2379 1759 2729 1855 μεμνήμεθα,
2776 1786 2973 1838 αὐτίκα
3010 1759 3229 1843 πάντως
3261 1785 3485 1852 ἔμελλεν
3531 1784 3621 1853 ⁴ἣδε
3664 1784 3694 1852 ἡ

448 1852 661 1922 aILquOt
691 1856 841 1914 idolo
874 1860 1082 1932 utique)
1115 1865 1249 1919 nihil
1280 1878 1373 1921 aut
1401 1868 1509 1939 igni
1534 1880 1629 1925 aut
1661 1870 1810 1926 ferro
1842 1873 2000 1928 defor

2134 1852 2286 1939 πόλις
2327 1852 2955 1946 ἔσεσθαι-βαρϐαρικαῖς
2993 1879 3153 1947 χερσὶ
3203 1852 3605 1947 παρανάλωμα.
3637 1875 3692 1926 Ei

449 1952 649 1996 matam
686 1944 874 2002 hostes
899 1955 1168 2007 servaturi
1218 1967 1427 2022 essent,
1479 1959 1668 2015 fuisset
1721 1977 1785 2016 ea
1840 1965 2004 2018 statin

2129 1967 2186 2021 δὲ
2218 1967 2283 2037 δὴ
2330 1969 2428 2021 καὶ
2480 1944 2618 2037 πρὸς
2663 1944 2875 2036 καιρὸν,
2925 1944 3147 2033 πάντως
3197 1970 3255 2022 δὲ
3289 1944 3455 2021 *κατά
3489 1969 3693 2031 ἀπάτην

445 2047 715 2101 apparens
745 2037 1042 2096 clementia
1079 2045 1344 2112 proximis
1371 2049 1599 2104 urbibus
1648 2067 1890 2120 prasens
1932 2069 2004 2110 oce

2129 2063 2386 2132 κατεῖχον
2420 2061 2593 2130 αὐτὴν
2615 2060 2874 2123 λαϐόντες
2906 2062 2956 2114 οἱ
2988 2063 3298 2130 δυσμενεῖς,
3327 2065 3478 2133 μήτε,
3504 2061 3692 2128 σιδήρῳ

446 2125 621 2191 casio,
642 2136 700 2180 ut
724 2131 924 2200 etipsze
941 2133 1273 2191 deditionem
1299 2138 1565 2196 facerent.
1586 2143 1686 2198 Par
1714 2146 1861 2200 enim
1880 2154 2021 2211 erat,

441 2226 504 2270 ut
531 2219 603 2272 ita
636 2218 1005 2280 Barbarorum
1038 2238 1159 2282 astu
1192 2230 1453 2301 deceptae,
1489 2236 1556 2289 iis
1606 2238 1815 2292 servire
1856 2253 2022 2310 quam

440 2319 613 2378 rapte
644 2317 846 2370 vastari
873 2318 1119 2375 mallent.
1152 2321 1308 2389 Quod
1342 2327 1486 2381 enim
1516 2339 1677 2398 capta
1714 2328 2022 2387 Corinthus

441 2417 629 2458 rarum
655 2411 999 2479 metropolis.
1030 2414 1167 2469 nihil
1195 2419 1419 2485 gravius
1470 2437 1628 2488 passa
1681 2433 1846 2489 esset,
1892 2441 2018 2480 cum

440 2494 658 2552 illarum
692 2502 890 2557 met-ito
922 2504 1247 2563 detrahebat
1274 2510 1521 2580 spiritus.
1543 2523 1655 2569 tum
1691 2533 1843 2585 spem
1871 2519 2015 2573 mul-

434 2596 546 2643 tam
565 2590 819 2663 addebat,
838 2605 893 2651 ttt
918 2612 1096 2668 neque
1122 2599 1227 2657 illae
1256 2618 1501 2671 passura:
1530 2618 1734 2663 essent.
1766 2609 1900 2663 Nam
1925 2623 2020 2665 ne-

431 2694 540 2745 que
574 2682 784 2740 ratione
802 2686 952 2753 duci,
977 2691 1246 2763 cujusque
1272 2697 1499 2764 passim,
1527 2716 1628 2755 nec
1654 2716 1783 2756 vero
1826 2718 2017 2758 exem—

431 2770 523 2840 plo
550 2776 825 2844 componi,
849 2780 1240 2850 sapientiorum
1273 2788 1569 2848 inveneris.
1616 2793 1769 2859 Quo-.l
1828 2796 1872 2851 si
1924 2811 2013 2852 res

434 2867 827 2937 successisset,
844 2874 1191 2941 planeautem
1210 2889 1327 2937 erat
1343 2897 1690 2952 succcssura,
1713 2888 1765 2943 in
1786 2887 2015 2944 immen-

431 2967 553 3006 sum
574 2956 734 3025 plane
750 2961 949 3016 malum
976 2969 1436 3034 prucessisset.lis
1463 2972 1647 3044 itaque
1665 2979 1924 3033 omnibus
1940 2983 2012 3038 de

429 3048 771 3107 causis.eam
794 3055 984 3111 urbem
1021 3060 1244 3118 ditionis
1286 3064 1536 3121 Fratrum
1559 3068 1675 3124 ﬁeri
1714 3075 2006 3140 concessit,

2126 2150 2571 2224 διαφθείραντες,
2606 2151 2756 2207 τοῦτ’
2795 2153 2862 2206 ἂν
2906 2153 3108 2206 αὐτίκα
3141 2153 3422 2223 πρόφασις
3461 2153 3693 2220 ἐγεγόνει

2124 2247 2246 2308 ταῖς
2298 2245 2523 2315 ὁμόροις
2581 2246 2717 2315 αὐτῇ
2775 2244 2997 2298 πόλεσιν
3055 2245 3162 2297 ὑπὸ
3209 2246 3338 2308 τοὺς
3392 2243 3691 2315 βαρεάρους

2127 2337 2408 2405 γενέσθαι.
2468 2336 2632 2399 Εἰκὸς
2678 2336 2788 2404 γὰρ
2833 2332 2901 2408 ἦν
2946 2336 3113 2399 αὐτὰς
3162 2335 3600 2404 ὲξαπατηθείσας
3629 2336 3688 2401 τῇ

2121 2429 2233 2483 τῶν
2267 2428 2565 2499 βαρϐάρων
2596 2429 2831 2500 δοκούσῃ
2868 2427 3253 2498 φιλανθρωπίᾳ
3288 2429 3381 2481 καὶ
3415 2425 3689 2481 “suam:

2120 2522 2334 2583 τούτοις
2361 2519 2762 2589 βουλεύσασθαι
2799 2520 2906 2588 πρὸ
2947 2520 3043 2573 τοῦ
3078 2520 3423 2590 πορθηθῆναι
3453 2518 3685 2591 πολέμῳ.

2122 2613 2197 2668 Τὸ
2231 2614 2343 2684 γάρ
2388 2612 2625 2666 ἀλοῦσαν
2651 2614 2749 2684 τὴν
2785 2611 3072 2682 Κόρινθον,
3132 2612 3473 2682 μητρόπολιν
3518 2609 3688 2664 αὐτῶν

2117 2700 2307 2769 οὖσαν,
2359 2704 2526 2775 μηδέν
2572 2723 2625 2757 τι
2682 2705 3010 2758 πεπονθέναι
3054 2704 3247 2768 δεινὸν,
3298 2702 3360 2756 τό
3402 2720 3462 2767 τε
3493 2702 3686 2755 τούτων

2117 2796 2375 2868 φρόνημα
2407 2794 2710 2849 κατέϐαλεν
2762 2795 2828 2850 ἂν
2876 2795 3126 2857 εἰκότως,
3160 2795 3256 2848 καὶ
3289 2793 3488 2864 κομιδῆ
3524 2791 3682 2861 παρέο

2118 2905 2246 2961 σχεν
2288 2886 2554 2953 ἐλπίζειν,
2590 2886 2667 2950 ὡς
2716 2885 2805 2956 ἄρ’
2848 2886 2957 2939 οὐδ’
2995 2878 3154 2940 αὗται
3194 2887 3504 2939 πείσονται.
3544 2879 3683 2935 Ἐπεί

2111 2997 2195 3034 τοι
2222 2979 2281 3033 τὸ
2309 2976 2408 3046 μὲν
2437 2977 2671 3046 ἄγεσθαι
2701 2978 2848 3045 λόγῳ
2868 2978 2932 3030 οὐ
2958 2976 3064 3029 τῶν
3090 2976 3374 3046 τυχόντων
3397 2976 3463 3030 ἂν
3488 2975 3679 3043 εὕροις

2112 3074 2173 3127 τὸ
2200 3072 2256 3127 δὲ
2283 3071 2648 3143 ῥυθμίξεσθαι
2678 3071 3088 3140 παραδείγματι
3115 3070 3224 3122 τῶν
3253 3071 3312 3122 οὐ
3340 3072 3676 3138 σοφωτέρων.

429 3154 539 3207 quo
558 3142 831 3201 minorum
854 3154 1177 3223 cumprimis
1197 3157 1430 3213 aliorum
1455 3161 1734 3217 civitatum
1758 3181 1822 3220 ac
1844 3167 2004 3236 oppi-

2114 3164 2226 3218 Καὶ
2275 3142 2328 3216 ετ
2372 3178 2436 3230 γε
2485 3161 2646 3215 τοῦτο
2685 3159 3057 3231 προύὁεόήκει
3101 3159 3146 3212 δ’
3195 3159 3265 3213 ἂν
3313 3160 3550 3221 πάντως.
3599 3155 3677 3207 ἐπ’

428 3230 646 3297 dorum,
671 3238 901 3311 ejusque
919 3244 1056 3300 adeo
1090 3246 1260 3316 ipsius
1282 3265 1402 3319 qua:
1422 3267 1523 3321 pro
1541 3255 1660 3310 aliis
1686 3230 2011 3315 tradebatur

338 3327 348 3337 '
426 3324 592 3378 saluti
620 3338 764 3384 esset
805 3335 1137 3391 consultum.
1165 3337 1327 3395 Velut
1356 3344 1540 3413 itaque
1561 3346 1673 3415 jam
1708 3359 1920 3419 eaptam
1941 3354 2010 3408 ab

428 3416 701 3488 hostibus,
753 3424 822 3477 ab
868 3440 1058 3482 eorum
1094 3434 1566 3500 ahstraxitmanu,
1592 3455 1710 3494 eam
1734 3441 2008 3499 credendo

425 3507 736 3570 Fratribus.
760 3516 896 3572 Cum
922 3535 1050 3589 ergo
1073 3522 1250 3591 ipsum
1283 3527 1383 3583 hoc
1402 3529 1470 3584 sit
1494 3533 1841 3599 praeclarum,
1859 3537 2009 3591 utsi-

424 3601 534 3654 mul
560 3604 696 3661 alias
742 3611 1053 3680 complures
1107 3616 1271 3672 urbes
1323 3635 1352 3674 a
1398 3623 1998 3692 periculnliberaverit,

376 3769 383 3779 ι
421 3698 693 3760 quomodo
735 3713 842 3755 non
888 3703 1093 3759 clarum
1147 3711 1381 3766 maxime
1435 3713 1637 3768 fuerit?

2112 3254 2342 3323 ἄπειρον
2376 3251 2442 3305 ἂν
2479 3249 2681 3321 ἐχώρει
2709 3252 2770 3303 τὸ
2792 3250 2986 3305 δεινόν.
3022 3250 3129 3302 Καὶ
3155 3249 3221 3321 δὴ
3244 3250 3357 3303 τῶν
3380 3247 3676 3320 εἰρημένων

2112 3345 2276 3398 ἕνεκα
2330 3343 2550 3396 πάντων
2609 3342 2961 3413 συνεχώρησε
3015 3341 3202 3396 λαδείν
3256 3343 3385 3406 τοὺς
3426 3340 3676 3410 Φρερίους

2112 3437 2266 3497 τήνδε
2297 3437 2395 3507 τὴν
2424 3435 2582 3489 πόλιν
2604 3436 2697 3490 ἐπὶ
2727 3434 2975 3506 σωτηρίᾳ
3000 3435 3241 3505 μάλιστα
3267 3436 3367 3505 μὲν
3399 3435 3493 3489 καὶ
3511 3432 3673 3487 ἄλλων

2111 3529 2404 3603 πολιχνίων
2437 3546 2496 3581 τε
2544 3531 2639 3583 κα1⁵
2677 3529 2907 3592 πόλεων,
2942 3530 3039 3599 οὐχ
3080 3522 3247 3601 ἦττον
3287 3529 3344 3582 δὲ
3378 3529 3471 3582 καὶ
3514 3527 3672 3591 αὐτῆς

2111 3625 2325 3694 ἐκείνης
2372 3624 2472 3693 τῆς
2506 3625 2602 3678 καὶ
2649 3623 2789 3693 ὑπὲρ
2831 3624 3009 3678 ἄλλων
3045 3624 3198 3693 ὅμως
3236 3624 3508 3695 δοθείσης.
3528 3616 3670 3673 Ὠσθ’

2109 3715 2184 3779 ὡς
2218 3716 2348 3775 ἔπος
2380 3716 2577 3783 εἰπεῖν,
2612 3715 2687 3780 ὡς
2717 3714 2822 3768 ὑπὸ
2850 3715 2960 3768 τῶν
2991 3714 3268 3784 πολεμίων
3306 3710 3670 3785 προειλημμέ-

418 3810 518 3863 νην
563 3794 666 3864 τῆς
710 3799 892 3854 αὐτῶν
934 3805 1119 3873 χειρὸς
1156 3808 1326 3878 αὐτὴν
1367 3811 1732 3877 ἐξανέσπασε,
1767 3813 1845 3884 τῷ
1883 3816 1994 3878 τοῖς
2012 3812 2270 3885 Φρερίοις
2294 3814 2464 3883 αὐτὴν
2486 3814 2818 3883 ἐγχειρέσαι.
2852 3813 2963 3866 Καὶ
2992 3813 3043 3865 εί
3093 3811 3254 3866 τοῦτό
3293 3831 3359 3882 γε
3390 3812 3549 3867 καλὸν
3584 3808 3668 3863 καὶ

419 3887 548 3942 καθ’
575 3888 709 3944 αὐτὸ
731 3891 1130 3966 θεωρούμενον,
1164 3901 1322 3955 ὁπότε
1354 3904 1418 3972 δὴ
1457 3909 1550 3960 καὶ
1581 3909 1766 3973 πόλεις
1799 3909 1995 3979 ἐτέρας
2027 3907 2240 3961 πολλῶν
2265 3906 2499 3959 κιδύνων
2530 3905 2820 3977 ἐρρύσατο,
2849 3907 2966 3968 πῶς
2994 3906 3052 3957 οὐ
3087 3905 3330 3975 μάλιστα
3361 3904 3497 3973 εἷενς

488 3979 753 4039 Caeterum
777 4000 997 4056 accepta
1017 3990 1281 4049 Corintho
1303 3998 1510 4052 munita
1530 4000 1701 4061 'urbe,
1732 4002 1993 4070 pulchra-

415 4089 524 4140 que
544 4090 607 4128 ac
631 4092 846 4146 magna,
878 4081 1253 4152 lsthmumque
1285 4089 1622 4155 continente,
1668 4091 1895 4160 pulchre
1937 4092 1990 4146 in

416 4180 482 4219 eo
511 4168 794 4235 aediﬁcata,
816 4172 1203 4231 iucessitviros
1223 4180 1423 4244 cupido
1447 4189 1506 4235 ut
1536 4191 1704 4236 totam
1732 4183 1989 4253 deinceps

416 4252 855 4322 l‘elOponnesum
889 4261 1181 4318 haberent.
1214 4265 1361 4320 Bona
1393 4268 1553 4337 plane
1595 4271 1879 4340 cogitatio,
1931 4252 1989 4325 ut

342 4358 345 4363 λ
413 4359 602 4399 mrum
637 4349 762 4416 quis
785 4352 947 4407 verba
965 4364 1189 4420 spectet,
1214 4366 1376 4428 atque
1391 4369 1450 4414 ut
1474 4361 1837 4426 aiiirmabant,
1863 4380 2015 4417 cum-

2177 4000 2444 4069 Ἔχοντας
2490 3997 2552 4067 δὴ
2596 3996 2699 4067 τὴν
2746 3997 3033 4067 Κόρινθον,
3086 3997 3242 4052 πόλιν
3303 3998 3529 4069 ἰσχυρὰν
3577 3990 3664 4047 καὶ

2101 4089 2274 4161 καλὴν
2325 4090 2420 4144 καὶ
2475 4092 2742 4161 μεγάλην,
2794 4091 3138 4159 κατέχουσάν
3186 4107 3247 4143 τε
3302 4093 3394 4144 τὸν
3438 4087 3661 4156 Ἰσθμὸν.

2098 4182 2237 4249 πρὸς
2264 4175 2306 4249 ᾧ
2341 4181 2521 4242 καλῶς
2551 4179 2893 4251 ᾠκοδόμητο,
2923 4183 3061 4252 ἔρως
3097 4184 3238 4251 σφᾶς
3282 4200 3346 4251 γε
3387 4180 3661 4248 είσελήλυ-

2097 4274 2186 4327 θεν
2216 4275 2435 4326 ἃπασαν
2466 4273 2594 4343 ἑξῆς
2618 4276 2916 4343 κατασχεῖν
2943 4275 3039 4345 τὴν
3070 4275 3177 4343 γῆν
3202 4276 3303 4342 τῆς
3339 4270 3662 4340 Πελοποννή-

2095 4374 2210 4419 σου.
2244 4365 2300 4417 '0
2337 4364 2395 4419 δὲ
2438 4364 2701 4433 λογισμὸς
2742 4363 2818 4428 ὡς
2850 4365 3075 4433 ἀγαθός·
3107 4365 3253 4432 λέγω
3284 4367 3340 4420 δὲ
3375 4365 3515 4420 κατὰ
3544 4362 3660 4421 τοὺς

413 4451 574 4488 suum
607 4437 683 4492 illi
710 4442 1001 4497 consilium
1033 4456 1161 4502 tutae
1193 4450 1315 4504 iidei
1348 4453 1664 4509 hominibus
1685 4457 1980 4524 aperirent.

413 4526 782 4552 c..-..______.9-
825 4550 838 4552 _
891 4535 903 4547 ο
995 4537 1006 4549 ι
1123 4541 1154 4552 ,ο
1340 4548 1341 4551 η
1399 4544 1411 4552 .
1530 4544 1543 4552 .

2111 4457 2281 4524 λόγους
2300 4458 2560 4530 δκείνων,
2601 4459 2701 4509 καὶ
2737 4457 2813 4520 ὡς
2849 4457 3213 4528 ίσχυρίζοντο,
3249 4460 3415 4529 ἡνίκα
3445 4457 3541 4526 τὴν
3567 4452 3658 4552 αυ-

413 4526 786 4587 Sacramenlis
816 4535 961 4589 enint
986 4537 1187 4608 juratis
1212 4548 1341 4611 quae
1363 4544 1579 4598 abunde
1608 4557 1813 4610 essent,
1858 4563 1982 4603 cum

410 4618 771 4677 substantiam
805 4640 1047 4694 omnem,
1076 4639 1187 4684 tum
1214 4647 1441 4703 corpora
1469 4650 1534 4690 ac
1576 4638 1741 4691 vitam
1777 4638 1982 4693 insum-

406 4720 598 4779 pturos
617 4713 892 4783 dicebant,
912 4729 971 4773 ut
990 4731 1131 4776 esset
1150 4738 1394 4792 necesse,
1419 4740 1483 4780 ac
1509 4742 1703 4796 magna
1728 4732 1981 4798 quaedam

407 4801 787 4871 designaturos
801 4823 899 4877 pro
919 4808 1121 4866 Christi
1138 4814 1328 4883 gloria,
1345 4826 1403 4869 ut
1430 4820 1838 4889 propttgnandte
1856 4821 1981 4886 {Pe-

407 4895 689 4963 loponnesi
711 4902 1049 4968 provinciam
1074 4905 1123 4957 in
1146 4922 1205 4961 se
1229 4908 1784 4978 liquidoreciperent.
1809 4911 1979 4967 Porro

404 4985 569 5038 etiam
599 4992 893 5056 uonjurati
919 4993 1075 5048 iidem
1105 4995 1400 5067 habebant,
1440 5010 1498 5053 ut
1522 5001 1656 5055 nihil
1679 5012 1863 5057 essent
1896 5003 1983 5056 di-

403 5077 547 5129 cturi
579 5093 607 5132 a
643 5094 741 5134 sua
774 5082 1016 5150 ipsorum
1051 5088 1248 5144 virtute
1294 5091 1602 5157 dissonum,
1630 5094 1711 5147 vel
1757 5110 1786 5147 a
1833 5093 1978 5148 fama

405 5166 607 5236 ubique
633 5170 877 5227 locorum
907 5176 973 5231 de
1002 5179 1083 5233 eis
1111 5192 1459 5251 pervagante,
1497 5192 1592 5237 aut
1628 5184 1864 5253 denique
1908 5185 1978 5240 ab

400 5256 590 5313 habitu
616 5274 677 5315 ac
701 5264 914 5331 ordine,
936 5268 988 5321 in
1009 5283 1117 5338 quo
1138 5278 1191 5324 et
1218 5272 1405 5327 vivunt
1425 5281 1478 5327 et
1505 5274 1745 5344 sapiunt,
1764 5290 1976 5330 accou-

402 5358 690 5405 rersantur
708 5370 722 5419 ;
741 5355 1069 5426 gloriantur,
1095 5377 1159 5416 ac
1178 5362 1378 5418 habent
1401 5366 1684 5433 honorem,
1717 5368 1975 5437 omnique

399 5453 550 5497 retro
567 5447 768 5501 szeculo
790 5448 1076 5507 habituros
1094 5466 1333 5522 sperant.
1354 5456 1431 5512 Ne
1459 5459 1583 5528 quis
1607 5474 1738 5530 ergo
1761 5461 1811 5513 in
1828 5462 1977 5515 Rho-

397 5536 527 5588 dum
555 5538 847 5607 aspiciens,
879 5558 942 5597 ac
972 5559 1174 5612 paucas
1207 5546 1258 5599 in
1286 5563 1349 5602 ea
1399 5549 1673 5616 triremes,
1720 5551 1970 5619 exiguam

398 5631 692 5695 quamdam
725 5648 788 5687 ac
816 5634 1141 5689 itttbecillem
1176 5638 1471 5695 arbitretur
1497 5642 1749 5697 Fratrum
1774 5657 1968 5714 poten-

399 5721 551 5772 tiam.
582 5720 728 5777 Multi
755 5725 901 5777 cnim
939 5742 1060 5779 cum
1093 5727 1224 5782 libet
1267 5731 1333 5782 ab
1362 5731 1513 5786 orbis
1538 5734 1805 5800 partibus,
1830 5749 1968 5804 quas

396 5813 627 5882 sparsim
656 5814 862 5880 colunt,
897 5830 1295 5887 congregantur
1324 5840 1336 5876 :
1374 5822 1472 5876 viri
1504 5823 1710 5893 utique,
1766 5827 1965 5896 quibus

2093 4548 2201 4601 τῶν
2238 4549 2434 4620 βουλὴν
2466 4549 2857 4604 άπεκάλυπτον
2884 4544 2965 4613 οἷς
2993 4551 3285 4621 ἐθάρρουν.
3308 4552 3527 4621 Ὀρκων
3560 4546 3656 4614 γὰρ

2093 4643 2527 4712 προηγουμένων
2573 4641 2742 4707 ἀξίων
2778 4644 2965 4695 πεῖσαι
3000 4643 3305 4708 πιστεύειν,
3351 4642 3535 4708 ἔλεγον
3568 4636 3654 4689 καὶ

2090 4734 2191 4802 τὴν
2212 4733 2403 4787 οὐσίαν
2428 4733 2667 4795 ἅπασαν,
2690 4735 2785 4786 καὶ
2804 4722 3038 4805 σώματα
3059 4734 3383 4802 ἀναλώσειν,
3404 4733 3468 4787 ἂν
3491 4728 3652 4786 οὕτως

2088 4822 2204 4895 δέῃι
2241 4821 2337 4875 καὶ
2373 4821 2558 4885 ἅπλῶς
2591 4825 2802 4893 μεγάλα
2839 4826 3074 4896 πράξειν
3106 4827 3245 4896 ὑπὲρ
3281 4828 3380 4896 τῆς
3403 4823 3496 4876 τοῦ
3522 4822 3648 4890 Χρι-

2091 4914 2216 4966 στοῦ
2257 4912 2435 4985 δόξης,
2475 4915 2525 4967 εί
2554 4915 2644 4969 τὸν
2673 4916 2815 4988 ὑπὲρ
2842 4919 2941 4989 τῆς
2980 4917 3391 4991 Πελοποννήσου
3425 4915 3649 4980 πόλεμον

2089 5004 2350 5076 καθαρῶς
2378 5007 2749 5074 ἀναδέξαιντο.
2788 5010 3176 5064 Ἑπιστεύοντο
3218 5011 3264 5065 δ’
3313 5009 3380 5064 ἂν
3428 5006 3646 5061 είκότως

2088 5098 2185 5150 καὶ
2213 5099 2313 5151 οὐκ
2339 5098 2601 5168 ὀμνύντες
2634 5101 2805 5170 μηδὲν
2835 5103 3044 5173 ἀπᾷδον
3072 5104 3348 5172 λέγοντες,
3382 5101 3515 5171 μήτε
3549 5096 3642 5161 τῆς

2085 5187 2267 5239 αὐτῶν
2301 5188 2610 5260 δυνάμεως,
2642 5193 2780 5262 μήτε
2818 5192 2918 5263 τῆς
2952 5194 3291 5264 ἑκασταχόσε
3325 5183 3642 5257 διακεχυμέ-

2085 5294 2182 5347 νης
2210 5281 2338 5351 περὶ
2374 5282 2555 5335 αὐτῶν
2589 5284 2801 5353 φήμης,
2839 5286 2977 5354 μήτε
3010 5286 3118 5354 μὴν
3150 5285 3244 5339 τοῦ
3274 5285 3561 5354 σχήματος,
3586 5276 3640 5327 ἐν

2080 5365 2125 5440 ᾧ
2168 5374 2264 5427 καὶ
2309 5373 2468 5441 ζῶσι,
2520 5376 2615 5430 καὶ
2668 5376 2927 5447 φρονοῦσι
2973 5375 3071 5431 καὶ
3123 5376 3516 5435 πολιτεύονται,
3551 5363 3637 5419 καὶ

2083 5463 2517 5533 φιλοτιμοῦνται,
2562 5466 2659 5520 καὶ
2690 5467 2986 5537 τιμῶνται,
3031 5467 3126 5522 καὶ
3164 5468 3498 5537 τετίμηνται,
3546 5454 3634 5512 καὶ

2079 5557 2406 5626 τιμήσεσθαι
2441 5559 2723 5624 ἐλπίζουσι
2766 5560 2859 5612 τὸν
2885 5561 3013 5629 ἑξῆς
3057 5561 3271 5630 χρόνον.
3309 5547 3630 5648 Μηδεὶς-οὒξ

2078 5651 2160 5710 εἰς
2206 5649 2305 5717 τὴν
2344 5649 2525 5702 Ῥόδον
2576 5649 2719 5719 ὁρῶν
2752 5650 2847 5704 καὶ
2899 5652 3024 5713 ταῖς
3078 5650 3470 5720 εὐαριθμήτοις
3520 5644 3626 5692 ἐκεῖ

2076 5742 2350 5811 τριήρεις,
2385 5742 2588 5814 μικράν
2612 5758 2734 5796 τινα
2766 5744 2860 5797 καὶ
2893 5743 3103 5813 ἀδρανῆ
3130 5744 3231 5813 τὴν
3261 5741 3364 5796 τῶν
3393 5732 3624 5806 Φρερίων

2080 5830 2233 5901 ἰσχὺν
2275 5830 2558 5901 νομιζέτω.
2606 5831 2800 5886 Πολλοὶ
2847 5833 2954 5904 γὰρ
3004 5826 3150 5888 οὗτοι
3197 5823 3620 5898 συναθροίζονται
