3950 6432
260 410 366 475 249

1039 404 1443 468 THEODORI
1489 403 1847 465 DESPOTJE
1885 405 2278 467 LAUDATIO
2308 406 2716 467 FUNEBRIS.

3398 398 3504 466 2Ξο
3549 426 3557 440 ι

251 523 602 597 βουληθέντες
648 524 714 577 ἐκ
762 522 874 578 τῶν
911 522 1010 591 τῆς
1055 520 1379 590 οἰκουμένης
1435 488 1707 588 papam-5.
1752 517 1816 587 δὴ

1928 519 2059 573 nihil
2083 535 2265 590 opera:
2290 520 2460 588 magis
2489 520 2725 589 pretium
2758 517 3031 576 videatur.
3077 532 3245 588 quam
3297 517 3342 573 si
3397 533 3505 586 qua

251 617 526 688 σποράδην
571 613 836 669 οἰκοῦσιν·
869 614 1084 682 ἄνδρες,
1111 608 1192 674 οἷς
1223 610 1375 665 οὐδέν
1410 628 1464 662 τι
1498 610 1821 680 προύργιαί-

248 728 423 785 τερον,
456 713 488 780 ἢ
520 713 623 763 ὅσα
671 709 828 778 φέρει
880 710 1016 774 πρὸς
1065 704 1353 776 εὐψυχίαν,
1405 704 1499 756 καὶ
1529 702 1690 763 ὅπλα,
1725 704 1821 753 καὶ

247 803 626 872 γενναιότητα.
656 800 731 852 Τὸ
764 800 876 868 γὰρ
930 798 995 867 δὴ
1029 796 1285 850 τεθνάναι
1345 797 1442 848 σὺν
1501 793 1631 865 δόξῃ

249 899 455 969 βέλτιον
503 896 701 962 ἄγουσι
755 891 853 948 τοῦ
902 890 1208 963 τραπέντες
1270 886 1652 958 παρασχέσθαι
1706 870 1821 948 eoi:-

245 987 458 1058 ἐχθροῖς
484 986 606 1048 ταῖς
651 984 742 1037 ἐπὶ
777 984 888 1035 τῶν
919 981 1109 1034 νώτων
1152 979 1337 1033 αὐτῶν
1388 978 1628 1050 πληγαῖς
1680 982 1821 1045 ἐφη-

247 1078 463 1145 σθῆναι.
495 1077 722 1145 Ἔχουσι
763 1074 820 1127 δέ
856 1073 949 1127 καὶ
985 1072 1197 1135 πόλεις,
1236 1070 1361 1125 οὔτε
1397 1070 1662 1141 σμικρὰς,
1695 1068 1821 1122 οὔτε

248 1172 443 1241 ῥαδίως
499 1168 933 1237 ἀριθμουμένας·
995 1167 1089 1219 καὶ
1142 1165 1390 1235 χρήμαθ’
1442 1165 1526 1218 ὅτι
1581 1163 1819 1215 πλεῖστα

246 1263 580 1324 ἀναλίσκειν,
617 1261 716 1315 τὰς
754 1261 864 1313 ἀπὸ
908 1260 1117 1314 τούτων
1155 1260 1266 1312 τῶν
1301 1258 1511 1312 πόλεων
1536 1257 1817 1326 εἰσφορὰς,

244 1356 281 1411 ἃ
309 1356 374 1424 δὴ
398 1354 610 1417 τούτοις
639 1354 878 1407 δέδονται
906 1353 1037 1421 παρ’
1060 1352 1273 1423 ἀνδρῶν
1301 1351 1569 1420 θεοφιλῶν
1598 1352 1698 1421 μιᾷ
1724 1351 1829 1404 καὶ·

248 1452 386 1524 μόνῃ
408 1451 688 1521 προφάσει
710 1448 983 1517 θεοφιλεῖ·
1022 1447 1168 1514 λέγω
1197 1446 1257 1499 δὲ
1290 1447 1391 1513 τὴν
1425 1444 1564 1513 πρὸς
1599 1444 1821 1506 ἀσεϐεῖς

247 1548 452 1614 μάχην.
483 1544 651 1596 Ταυτὶ
694 1541 759 1611 δὴ
802 1541 1176 1611 συνερχόμενα
1208 1539 1552 1611 ἐπιθυμῆσαι
1594 1539 1820 1602 Ῥοδίοις

242 1637 582 1708 προύξένησε
616 1638 715 1704 τῆς
754 1633 1186 1700 Πελοποννήσου.

314 1731 393 1781 Οὐ
451 1728 556 1798 μὴν
586 1726 722 1780 ἀλλὰ
778 1728 1001 1779 κάκεῖνο
1055 1726 1285 1795 κέντρον
1342 1725 1562 1793 ἐγένετο
1610 1726 1678 1796 τῇ
1712 1724 1819 1778 τῶν

238 1821 487 1891 Φρερίων
536 1819 824 1890 ἐπιθυμίᾳ.
868 1821 931 1877 Οἱ
975 1822 1085 1890 γὰρ
1124 1820 1235 1873 τῶν
1284 1820 1591 1890 Ἐσπερίων
1635 1820 1819 1891 μερῶν

242 1916 508 1979 Γαλάται,
531 1914 623 1967 καὶ
657 1914 921 1980 Ἰσπανοὶ,
942 1915 1035 1967 καὶ
1065 1914 1383 1984 Βρεττανοὶ.
1411 1916 1504 1968 καὶ
1527 1914 1817 1966 συνελόντα

246 2008 442 2073 εἰπεῖν,
475 2007 520 2058 οἱ
541 2005 650 2058 τῶν
674 2005 921 2060 Λατίνων
950 2005 1213 2075 ἄρχοντες
1248 2006 1472 2070 πάντες,
1503 2009 1598 2058 καὶ
1629 2005 1697 2058 τὰ
1725 2006 1816 2058 ὑπ’

245 2101 484 2162 ἐκείνους
513 2098 666 2169 ἔθνη,
695 2098 977 2152 κινοῦνται
1018 2097 1118 2167 μὲν
1154 2097 1215 2151 οὐ
1246 2097 1389 2152 πάνυ
1418 2097 1621 2168 ῥᾳδίως
1644 2097 1721 2160 ὡς
1746 2097 1815 2151 τὰ

248 2192 432 2246 πολλά·
457 2193 734 2246 κινοῦνται
758 2192 803 2244 δ’
830 2190 928 2245 οῦν
968 2192 1062 2245 καὶ
1092 2193 1336 2262 εὐχερῶς
1368 2190 1520 2244 ἔστιν
1550 2193 1664 2258 ὅτε,
1689 2207 1815 2259 σμι-

254 2288 389 2356 κρᾶς
411 2302 555 2348 τινος
596 2284 927 2355 προφάσεως
966 2284 1281 2353 λαϐόμενοι·
1318 2284 1411 2337 καὶ
1451 2283 1814 2353 ὁρμηθέντες.

259 2379 604 2431 δυσκάθεκτοι
655 2376 844 2429 λοιπὸν
897 2375 1158 2444 γίνονται.
1213 2373 1480 2428 Δύνανται
1528 2374 1586 2426 δὲ
1642 2373 1816 2426 πολλά

244 2470 620 2540 βουληθέντες·
653 2470 748 2523 καὶ
773 2468 923 2522 τοῦθ’
953 2471 981 2522 ό
1021 2470 1213 2539 χρόνος
1244 2470 1271 2521 ὁ
1304 2465 1596 2537 παρελθὼν
1628 2466 1815 2536 σαφῶς

240 2562 502 2624 πολλάκις
549 2563 918 2632 παρέστησεν.
958 2560 1153 2633 Ἐπῄει
1186 2560 1373 2614 τοίνυν
1413 2561 1527 2622 τοῖς
1565 2557 1818 2631 Φρερίοις

235 2657 485 2721 ἐλπίζειν
530 2657 598 2725 τῇ
652 2654 785 2724 παρ’
816 2653 1026 2707 ἑαυτῶν
1069 2654 1214 2723 ὁρμῇ
1255 2651 1381 2713 τοὺς
1412 2651 1646 2727 πολλοὺς
1686 2648 1814 2716 ἐφέ-

234 2748 464 2813 πεσθαι,
488 2747 583 2800 καὶ
615 2746 751 2815 μηδέ
777 2746 904 2808 τοὺς
926 2746 1025 2816 τὴν
1056 2744 1304 2813 μεγάλην
1329 2743 1561 2814 δύναμιν
1589 2744 1814 2814 ἔχοντας

233 2842 292 2894 ἐν
325 2840 532 2912 ἡσυχίᾳ
571 2838 759 2892 λοιπὸν
796 2838 1164 2900 καθεδεῖσθαι,
1205 2837 1351 2909 θήρᾳ
1382 2839 1476 2892 καὶ
1517 2838 1816 2909 τραπέζαις

234 2934 441 2994 αὖτοὺς
474 2931 750 2994 ἐκδόντας,
782 2930 876 2983 καί
922 2947 1035 2984 τισι
1070 2929 1193 2998 μεθ’
1224 2930 1404 2984 ὃπλων
1445 2928 1726 2997 ἁμίλλαις,
1754 2929 1815 2982 τὸ

240 3023 434 3092 μεῖζόν
477 3039 536 3075 τε
584 3025 663 3084 εἰς
694 3022 1010 3092 φιλοτιμίαν
1061 3021 1296 3085 ἐκείνοις
1342 3020 1526 3092 ἔργον,
1554 3022 1665 3075 κάκ
1703 3022 1815 3075 τῶν

237 3118 522 3188 προγόνων
553 3115 762 3169 ἀνωθεν
794 3115 1223 3185 κατερχόμενον.
1300 3120 1303 3123 ’

313 3206 586 3270 ἸηΙλπιξον
642 3206 828 3260 τοίνυν
889 3207 1111 3271 ἐκεῖνοι,
1146 3205 1262 3282 ικαὶ
1318 3202 1520 3274 κομιδῆ
1583 3202 1886 3291 βεϐαίωςο

239 3300 512 3373 ἐθάρρουν
544 3298 788 3372 μεγάλην
827 3298 1152 3367 ἐφελκύσειν
1193 3296 1407 3350 ἐκεῖθεν
1437 3297 1690 3367 δύναμιν,
1719 3298 1815 3351 καὶ

240 3391 583 3462 φανήσεσθαι
632 3390 909 3460 σπινθῆρα
957 3391 1018 3444 τὸ
1066 3392 1190 3446 κατ’
1216 3392 1418 3455 αὐτοὺς
1462 3393 1520 3445 ἐν
1570 3390 1694 3463 ὕλῃ,
1736 3395 1816 3455 είς

241 3484 417 3554 φλόγα
474 3484 740 3554 μεγίστην
797 3483 1106 3553 ἀναφθῆναι
1158 3483 1486 3554 δυναμένην,
1533 3486 1628 3537 καὶ
1673 3483 1816 3538 κατὰ

241 3576 464 3629 πάντων
487 3575 702 3629 ἀσεϐῶν
725 3574 1102 3645 ἀποϐήσεσθαι
1131 3575 1292 3628 τοῦτο
1316 3574 1379 3629 es
1407 3574 1590 3647 ἔργον,
1621 3578 1688 3645 τῇ
1716 3575 1818 3644 τῆς

241 3669 516 3739 Κορίνθου
546 3667 821 3739 προφάσει
860 3668 1248 3738 γεγενημένον.
1280 3668 1516 3730 Τούτους
1559 3664 1651 3720 οὗν
1694 3667 1814 3720 ὠδί-

243 3776 434 3822 νοντες
464 3759 938 3828 τοὺςλογισμοὺς,
973 3760 1076 3813 οὐκ
1108 3759 1362 3814 ἐδύναντο
1397 3760 1652 3829 κατέχειν
1687 3760 1816 3812 ἐαυ-

245 3850 404 3915 τούς·
438 3852 556 3905 ἀλλ’
607 3851 840 3920 ἐπείπερ
886 3850 986 3904 οὐκ
1037 3849 1188 3920 ἐξῆν,
1239 3849 1360 3903 οὐδέ
1407 3867 1470 3917 γε
1516 3850 1702 3921 ῥᾴδιον
1751 3843 1818 3918 ἦν

247 3946 431 4006 αὐτοῖς
451 3945 518 4013 τῇ
544 3942 771 4011 δυνάμει
803 3942 1197 4014 χρησαμένοις,
1223 3942 1322 4013 τὴν
1356 3943 1454 4009 τῆς
1481 3941 1821 4009 Πελοποννή-

249 4055 344 4091 σου
389 4038 709 4091 δεσποτείαν
753 4037 998 4090 ἀκόντων
1029 4036 1188 4105 ἠμῶν
1226 4035 1434 4096 λαϐεῖν,
1474 4034 1821 4107 βουλεύονται

244 4130 335 4184 διὰ
378 4131 676 4202 χρημάτων
727 4129 902 4199 αὐτὴν
935 4128 1242 4200 κτήσασθαι
1289 4127 1487 4200 γνώμῃ
1521 4146 1579 4180 τε
1623 4129 1689 4197 τῇ
1727 4122 1841 4178 τοῦ’

246 4224 531 4295 ἄρχοντος,
562 4223 658 4278 καὶ
688 4226 755 4296 τῇ
787 4224 1048 4292 ὑπηκόων
1079 4221 1348 4292 συνθήκῃ.
1383 4221 1447 4273 Al
1486 4220 1595 4291 γὰρ
1624 4218 1824 4288 ἡμέτε-

249 4334 342 4385 ραι
393 4315 734 4383 δυσπραγίαι
800 4313 861 4366 τὸ
919 4312 1222 4382 τηνικαῦτα
1290 4312 1564 4381 ἐγχειρεῖν
1624 4309 1824 4370 αὐτοὺς

248 4407 488 4471 ἔπειθον,
521 4401 596 4461 ὧν
639 4405 750 4459 οὐδ’
792 4406 860 4461 ἂν
912 4405 1248 4476 ἐμέμνηντο,
1296 4403 1509 4474 βέλτιον
1544 4404 1676 4473 ἡμῖν
1715 4398 1825 4451 τῶν

250 4499 601 4567 πραγμάτων
645 4498 900 4569 ἐχόντων,
955 4497 1220 4566 Ἡγοῦντο
1269 4494 1370 4565 μὲν
1411 4490 1505 4548 οὖν
1553 4490 1826 4562 τολμηρδν

1925 613 2465 683 adgenerositatem,
2487 627 2823 681 armaqueac
2843 612 3227 665 strenuitatem
3284 609 3491 665 ferunt.

1924 704 2113 775 Longe
2139 706 2284 759 enim
2313 706 2488 776 pluris
2519 706 2725 761 faciunt
2754 706 2992 775 gloriose
3037 703 3198 769 mori,
3241 718 3404 771 quam
3448 713 3504 755 ut

1923 801 1978 854 in
2006 799 2187 868 fugam
2214 800 2378 866 versi,
2403 800 2576 869 plagis
2602 799 2812 853 aversis
2839 800 3028 852 hostes
3058 811 3188 849 suos
3206 797 3499 850 delectent.

1923 886 2133 943 Habent
2165 901 2347 943 autem
2378 891 2541 969 etiam
2577 890 2737 943 urbes
2768 902 2868 943 nec
2895 887 3145 954 exiguas,
3168 901 3266 939 nec
3297 900 3504 950 paucas

1921 996 2171 1048 numero,
2205 992 2370 1052 atque
2399 992 2454 1036 ut
2479 983 2744 1051 pecunias
2772 982 3043 1050 plurimas
3061 977 3278 1047 possint
3297 978 3506 1043 impen-

1920 1078 2049 1130 dere
2075 1094 2090 1129 :
2112 1078 2307 1131 aerario
2331 1077 2562 1131 collecto
2581 1092 2646 1129 ex
2666 1091 2853 1128 earum
2874 1072 3092 1125 urbium
3120 1069 3363 1129 tributis,
3386 1071 3474 1137 pio

1920 1185 2043 1222 rum
2072 1169 2356 1222 hominum
2380 1166 2630 1236 religiosa
2656 1163 3058 1220 munificentia.
3093 1163 3258 1215 unius
3301 1177 3363 1213 ac
3409 1176 3497 1211 s0-

1921 1263 2027 1317 lius
2062 1260 2340 1329 religionis
2364 1275 2514 1329 ergo,
2538 1259 2739 1313 eisdem
2761 1255 3040 1311 concessis
3066 1253 3191 1315 belli
3246 1253 3502 1306 nimirum

1918 1357 2162 1412 subsidio
2183 1356 2445 1409 adversus
2463 1353 2710 1407 infideles
2733 1368 2795 1406 ac
2818 1351 3044 1419 impios.
3067 1348 3193 1401 ΗΜ
3225 1363 3355 1400 sane
3379 1362 3501 1399 cum

1919 1454 2342 1514 concurrerent,
2363 1444 2672 1501 ambiendte
2694 1442 3066 1514 Peloponnesi
3087 1456 3249 1495 causa
3271 1438 3504 1492 Rhodiis

1918 1542 2167 1596 fuerunt.

1990 1722 2094 1777 Sed
2122 1733 2176 1777 et
2205 1722 2261 1776 id
2288 1729 2548 1791 prteterea
2584 1718 2662 1773 illi
2716 1716 2969 1772 Fratrum
3002 1716 3285 1785 cupiditati
3327 1715 3507 1769 calces
3594 1734 3601 1743 ο

1919 1816 2153 1870 addebat
2193 1828 2207 1864 :
2254 1827 2452 1883 nempe
2504 1810 2729 1867 Occidui
2774 1810 3001 1875 Galatae,
3048 1807 3383 1878 Hispanique
3445 1823 3510 1860 ac

1926 1907 2191 1972 Britanni,
2220 1915 2406 1976 atque,
2464 1912 2525 1960 ut
2567 1905 2735 1959 verbo
2772 1904 2973 1969 dicam,
3032 1903 3353 1957 Latinorum
3382 1900 3510 1954 ιιιιί-

1925 2001 2068 2055 versi
2128 1999 2428 2069 principes,
2472 1997 2675 2069 eisque
2735 1996 2998 2063 subjectae
3052 1995 3327 2056 nationes,
3359 1992 3507 2045 haud

1924 2095 2145 2164 quidem
2176 2091 2341 2145 facile
2392 2064 2713 2158 ple'rumquc
2758 2088 3086 2150 excitantur,
3126 2087 3220 2141 sed
3249 2095 3297 2164 et
3336 2100 3514 2154 quan-

1925 2187 2100 2255 doque
2124 2183 2349 2237 minima
2381 2182 2625 2249 quaedam
2651 2180 2870 2233 occasio
2896 2176 3053 2231 facile
3081 2153 3465 2247 provocat-erit
3490 2193 3507 2228 ι

1923 2281 2088 2334 semel
2125 2292 2252 2330 vero
2308 2273 2548 2340 excitati,
2578 2274 2785 2341 impetu
2834 2270 3090 2335 deinceps
3148 2267 3414 2333 feruntur,
3451 2278 3511 2322 ut

1923 2379 2197 2442 nequeant
2244 2369 2438 2423 teneri.
2473 2367 2641 2420 Porro
2669 2374 2725 2420 ut
2760 2364 2947 2426 velint,
2984 2363 3154 2417 multa
3216 2372 3449 2431 possunt
3490 2379 3505 2426 ;

1921 2466 2089 2536 idque
2120 2464 2319 2532 saepius
2341 2471 2521 2515 aetum
2554 2468 2768 2528 tempus
2812 2457 3018 2527 liquido
3049 2454 3311 2510 ostendit.
3340 2454 3510 2508 Subi-

1927 2558 2021 2612 Lat
2069 2557 2251 2625 itaque
2283 2551 2591 2616 Fratribus,
2626 2550 2741 2605 fore
2770 2560 2829 2604 ιιι
2862 2552 3050 2619 plures
3080 2565 3270 2602 eorum
3307 2549 3510 2601 incita-

1928 2652 2132 2705 tionem
2181 2651 2572 2716 sequerentur,
2608 2659 2709 2699 nec
2740 2643 2831 2713 qui
2859 2658 3054 2710 magna
3094 2641 3362 2710 pollerent
3395 2640 3507 2692 vir-

1929 2751 2071 2805 tute,
2107 2756 2167 2795 se
2201 2740 2461 2806 deinceps
2493 2737 2766 2791 venationi
2804 2751 2867 2789 ac
2894 2735 3127 2794 mensis,
3172 2731 3511 2801 lndicrisque

1933 2849 2215 2889 armorum
2248 2830 2644 2885 certaminibus
2700 2826 2980 2889 dedentes,
3012 2827 3127 2880 otio
3173 2825 3509 2887 desiderent,

1930 2928 2128 2996 quibus
2180 2922 2359 2990 majus
2391 2924 2455 2975 ad
2481 2920 2707 2991 gloriam
2762 2919 3001 2980 facinus,
3032 2918 3101 2970 ab
3123 2916 3258 2985 ipsis
3290 2913 3514 2983 majori-

1927 3021 2034 3077 bus
2072 3034 2135 3074 ac
2164 3018 2292 3072 olim
2325 3015 2594 3078 solemne,
2619 3012 2954 3084 postliminio
2978 3010 3202 3065 rediret.

1995 3195 2299 3265 Sperabam
2326 3208 2477 3264 ergo.
2506 3208 2568 3247 ac
2605 3193 2770 3245 multa
2808 3189 3003 3245 fiducia
3035 3200 3359 3259 persuasum
3409 3184 3515 3239 ha-

1926 3290 2149 3352 bebant,
2190 3303 2440 3355 magnam
2492 3301 2552 3340 se
2602 3284 2729 3339 inde
2785 3285 3064 3338 excituros
3131 3280 3513 3346 virtutemuac

1920 3381 2061 3447 fore,
2101 3389 2161 3434 ut
2200 3382 2344 3450 quod
2388 3379 2651 3449 gerebant
2705 3377 2987 3446 negotium
3030 3372 3282 3427 scintillae
3332 3368 3513 3423 simile

1920 3475 2202 3530 videretur
2250 3482 2388 3526 nam!
2421 3468 2643 3525 accendi
2684 3468 2737 3522 in
2770 3466 3045 3520 ﬂammam
3101 3463 3422 3521 maximam,
3447 3473 3514 3512 ac

1920 3569 2124 3638 sylvam
2169 3567 2478 3626 absumere,
2513 3573 2678 3630 utque
2710 3577 2740 3614 a
2771 3559 3036 3614 Corintho
3069 3565 3245 3622 empta
3276 3552 3515 3613 molitio,

1919 3642 1974 3715 in
2008 3661 2254 3715 infideles
2281 3671 2470 3712 omnes
2501 3655 2788 3708 recideret.
2828 3650 2937 3705 llos
2972 3661 3103 3714 ergo
3137 3645 3514 3715 parturientes

1921 3751 2311 3821 cogitationum
2341 3756 2524 3801 motus
2558 3760 2616 3799 se
2640 3745 2736 3803 insi
2759 3742 3038 3796 continere
3055 3752 3121 3792 ne
3142 3732 3515 3806 ptibant.Quia

1922 3834 2106 3897 taiuen
2151 3840 2293 3895 baud
2354 3839 2572 3898 licebat,
2603 3850 2706 3891 nec
2740 3849 2869 3888 vero
2916 3840 3035 3885 erat
3067 3845 3155 3884 res
3215 3827 3414 3890 facilis,
3453 3834 3515 3879 ut

1923 3935 2162 4005 potentia
2199 3939 2437 3991 utentes,
2468 3927 2653 3981 invitis
2708 3923 2865 3978 nobis
2928 3917 3288 3987 Peloponnesi
3339 3915 3520 3969 domi-

1926 4027 2076 4080 nium
2118 4024 2463 4078 vindicarent
2493 4060 2509 4085 ,
2542 4017 2830 4074 consilium
2870 4018 3082 4072 ineunt,
3119 4020 3172 4064 ut
3203 4019 3493 4065 numerata

1928 4119 2178 4188 pecunia,
2204 4131 2329 4171 cum
2356 4115 2477 4183 ejus
2505 4111 2768 4183 principis
2802 4108 3081 4162 voluntate
3116 4111 3229 4154 tum
3264 4102 3521 4156 subditoo

1927 4223 2044 4262 rum
2073 4222 2323 4270 assensu,
2358 4220 2472 4258 sum
2499 4203 2696 4258 ditioni
2726 4201 3056 4269 adiungant.
3078 4194 3282 4251 Rerum
3311 4194 3517 4260 quippe.

1928 4310 2239 4354 nostrarnm
2260 4297 2589 4352 misrrabilis
2614 4302 2806 4355 status,
2828 4291 2878 4346 id
2899 4286 2988 4345 eos
3009 4300 3142 4344 tunc
3162 4289 3363 4343 audere
3388 4284 3520 4337 fecit

1928 4394 2072 4463 quod
2121 4408 2184 4447 eo
2209 4390 2420 4446 meliori
2457 4404 2524 4443 ne
2557 4388 2611 4441 in
2670 4396 2904 4439 mentem
2937 4384 3159 4453 quidem
3221 4388 3512 4433 venturum

1931 4494 2094 4541 esset.
2142 4482 2515 4536 'l‘etnerariuui
2575 4478 2799 4546 quidem
2835 4476 3145 4535 videbatur,
3179 4482 3240 4525 ut
3286 4469 3388 4538 ipsi
3424 4482 3518 4536 per

249 4561 487 4659 ἐξειπεῖν
525 4561 743 4661 ἀμέσώς
776 4592 837 4644 τὸ
883 4561 1157 4660 βούλημα·
1208 4561 1349 4659 πλὴν
1392 4586 1454 4639 τὸ
1501 4585 1570 4639 δι’
1618 4561 1820 4653 ἐτέρων

1928 4593 2006 4642 se,
2039 4575 2188 4629 nullo
2241 4572 2440 4638 medio,
2468 4570 2756 4624 consilium
2799 4567 3101 4620 edicerent.
3146 4561 3285 4627 Quia
3340 4570 3521 4613 tamen

250 4687 481 4758 φράζειν
509 4684 756 4737 κίνδυνον
787 4682 912 4754 ἕχον
942 4683 1167 4746 εἰδότες,
1203 4675 1339 4752 ἧκον
1373 4677 1530 4731 αὐτοὶ
1558 4674 1711 4745 παρὰ
1734 4673 1828 4727 τὸν

249 4778 520 4845 δεσπότην
562 4771 677 4828 οὐδε
710 4776 840 4828 ἄνευ
872 4774 1050 4835 δέους·
1094 4773 1188 4825 καὶ
1233 4770 1313 4841 τῷ
1359 4768 1453 4823 τοῦ
1502 4767 1828 4840 πράγματος

254 4869 431 4938 ἀδήλῳ
469 4865 811 4936 βαλλόμενοι,
851 4866 1014 4932 μόγις
1063 4862 1403 4932 ἐδυνήθησαν
1449 4857 1826 4925 ἐξαγγέλλειν,

262 4955 328 5012 ὧν
352 4956 501 5029 ἕνεχ’
532 4953 688 5030 ἧκον.
722 4953 961 5020 Ἀξιοῦσι
988 4954 1053 5024 δὴ
1084 4954 1302 5024 πρῶτον
1341 4951 1462 5023 μὲν,
1486 4952 1534 5004 εί
1576 4950 1654 5018 μὴ
1686 4948 1831 5002 κατὰ

258 5055 483 5122 γνώμην
531 5049 742 5118 λέγοιεν
793 5047 962 5118 αὐτῷ,
1016 5048 1200 5101 δοῦναι
1236 5044 1568 5114 συγγνώμην
1620 5043 1826 5107 αὐτοῖς,

256 5143 447 5213 ἀγαθῷ
482 5141 734 5211 λογισμῷ
772 5138 1145 5209 κινουμένοις·
1183 5136 1377 5189 ἔπειτα
1422 5135 1518 5187 καὶ
1551 5128 1825 5201 δεύτερον,

253 5236 567 5306 ἀπόρῥητον
608 5234 744 5301 παρ’
791 5231 970 5298 ἐαυτῷ
1014 5229 1267 5299 κατέχειν
1318 5227 1380 5280 τὸ
1429 5225 1825 5297 ῥηθησόμενον,

254 5331 350 5381 καὶ
400 5329 603 5397 τρίτον,
658 5324 855 5377 θᾶττον
906 5320 1333 5392 ἀποκρίνασθαι,
1396 5320 1508 5373 εἴτε
1567 5317 1829 5386 πράττειν

256 5396 568 5491 βουληθείη,
620 5417 730 5471 εἴτε
770 5418 866 5488 μή.
897 5416 1088 5470 Ταῦτα
1118 5416 1173 5468 δὲ
1216 5414 1427 5467 ἐκείνου
1458 5396 1663 5474 δόντος.
1692 5410 1742 5462 οἱ
1772 5408 1829 5462 δὲ

256 5515 461 5576 εὐθέως
492 5511 755 5581 ἐχώρουν·
784 5509 845 5563 οὺ
877 5511 1061 5576 μέντοι
1099 5508 1221 5560 κατ’
1250 5505 1468 5559 εὐθεῖαν
1493 5505 1587 5557 καὶ
1621 5500 1825 5564 ἁπλῶς,

256 5604 371 5660 ἀλλ’
402 5605 594 5673 ὥσπερ
640 5601 946 5663 ἐλικοειδῶς
980 5599 1363 5673 πορευόμενοι,
1384 5582 1696 5665 ’ἐπειρῶντο
1728 5593 1827 5656 τὴν

259 5694 425 5749 αὐτοῦ
447 5693 692 5747 διάνοιαν
716 5691 994 5753 κλέπτειν,
1031 5691 1080 5741 εί
1115 5687 1223 5756 ἄρα
1257 5679 1557 5755 κεκμηκώς
1588 5684 1702 5735 ἐστι
1732 5683 1829 5734 καὶ

260 5787 677 5857 ἀπαγορεύσας,
733 5783 827 5837 καὶ
888 5782 1117 5853 βούλοιτ’
1172 5782 1239 5834 ἂν
1287 5776 1669 5845 ἀπαλλαγῆναι
1719 5774 1830 5826 τῶν

264 5879 544 5940 δυσιερῶν
568 5881 664 5932 καὶ
692 5875 937 5932 ἐπικινδύ
949 5893 1069 5930 νων.
1099 5876 1210 5929 Καὶ
1240 5871 1399 5927 τοῦτο
1428 5865 1829 5931 προγινώσκειν

1932 4669 2078 4724 haud
2114 4665 2359 4737 periculo
2398 4678 2596 4717 vacare
2628 4666 2904 4730 putarent,
2940 4667 2997 4710 ut
3035 4671 3129 4724 per
3164 4655 3303 4708 alios
3347 4651 3520 4718 expli-

1932 4771 2138 4827 carent,
2190 4759 2407 4829 ipsimet
2453 4757 2736 4824 despotatn
2779 4751 3002 4812 adeunt,
3035 4758 3351 4817 quanquam
3408 4757 3517 4794 non

1930 4854 2159 4907 omnino
2207 4861 2350 4903 metu
2375 4847 2542 4903 soluti
2578 4864 2593 4912 ;
2629 4845 2806 4913 deque
2836 4841 2911 4895 rei
2939 4842 3149 4893 incerto
3182 4848 3381 4890 eventu
3424 4848 3524 4885 au-

1933 4944 2123 5011 iii,vix
2156 4944 2373 4997 tandem
2405 4939 2600 4995 efferre
2656 4943 2906 5007 possunt.
2949 4946 3184 5002 quorum
3233 4942 3402 4982 causa
3428 4942 3522 4979 ve-

1932 5037 2344 5095 nissent.Porro
2366 5036 2603 5105 primum
2630 5037 2821 5099 rogant
2840 5026 3163 5088 veniatn,'ut
3185 5020 3315 5091 quid
3338 5019 3524 5071 minus

1931 5149 1998 5188 ex
2032 5132 2219 5185 animo
2248 5102 2510 5193 dixerint,
2545 5134 2804 5192 tauquam
2853 5119 2944 5186 qui
2983 5116 3154 5187 probo
3189 5102 3356 5168 animi
3402 5125 3520 5179 pro.

1933 5226 2118 5294 posito
2174 5228 2408 5291 agantur
2440 5235 2454 5273 :
2493 5225 2609 5271 tum
2671 5215 2834 5269 etiam
2894 5209 3163 5271 secundo,
3199 5214 3257 5260 ut
3287 5202 3430 5271 apud
3469 5216 3526 5255 se

1932 5330 2192 5372 arcanum
2215 5321 2416 5377 teneat,
2439 5307 2585 5379 quod
2610 5306 2896 5360 dicendum
2937 5302 3008 5356 sit
3040 5317 3057 5365 ;
3101 5300 3264 5353 tertio
3293 5297 3525 5362 denique
3606 5294 3613 5314 '

1934 5420 1994 5464 ut
2019 5410 2130 5465 cito
2171 5406 2521 5474 respondeat,
2558 5408 2686 5452 num
2720 5411 2836 5452 rem
2875 5394 3007 5447 velit
3057 5392 3195 5456 ﬁeri,
3229 5404 3422 5444 net-ne.
3454 5383 3528 5439 Ut

1933 5510 2115 5555 autem
2154 5497 2239 5551 bis
2270 5495 2361 5550 ille
2417 5491 2730 5551 annuisset,
2792 5486 3102 5558 procedunt
3150 5483 3334 5538 statim
3372 5497 3386 5543 ;
3422 5491 3528 5531 non

1932 5601 2115 5647 tamen
2152 5566 2300 5643 recta
2345 5600 2409 5640 ac
2457 5582 2802 5651 simpliciter,
2842 5579 2935 5633 sed
2984 5576 3136 5647 velut
3183 5587 3279 5642 per
3316 5579 3520 5623 cuneos

1933 5700 1998 5739 ac
2032 5682 2333 5744 anfractus,
2365 5677 2484 5747 ejus
2514 5675 2656 5729 clam
2697 5673 2944 5727 animum
2978 5667 3164 5723 venari
3201 5660 3516 5718 tentabant:

1934 5791 2060 5830 unm
2118 5774 2335 5828 tandem
2386 5767 2633 5823 defectus
2684 5773 2850 5827 esset,
2881 5775 2947 5817 ac
2994 5772 3146 5828 spem
3198 5752 3514 5823 abiecisset,

1934 5869 2204 5926 velletque
2259 5860 2477 5919 liberari
2525 5873 2552 5913 a
2586 5856 2766 5914 malis.
2799 5867 2865 5909 ac
2902 5866 2989 5907 res
3021 5851 3075 5905 in
3115 5858 3231 5903 tuto
3288 5856 3511 5903 uouere.
