3950 6452
471 380 576 448 251

1660 392 2064 456 MANUELIS
2105 398 2555 461 PAL/EOLOGI

3607 410 3708 477 252

466 503 735 559 Volebam
777 514 959 562 autem
995 521 1056 562 ea
1089 506 1368 577 praescire,
1398 516 1459 563 ut
1497 520 1720 580 possent
1754 514 1857 568 laeti
1892 515 2034 570 inire

2157 517 2436 583 ϐούλοντο,
2463 520 2537 584 ὡς
2564 519 2629 574 ἂν
2648 520 2822 590 ἔχοιεν
2845 520 3177 592 θρύπτεσθαι
3192 522 3289 576 ἐπὶ
3313 525 3412 588 τὰς
3426 528 3716 599 συμϐάσεις

473 605 649 664 pacta,
680 596 809 650 dum
855 598 924 652 ita
957 597 1158 652 habere
1194 613 1609 669 cognoscerent,
1652 605 1726 658 uti
1768 621 1832 660 ex
1882 607 2045 662 rebus

462 699 527 736 ac
579 695 882 755 temporum
926 689 1177 744 molestia
1218 689 1534 747 babiturum
1572 692 1844 762 conjicere
1888 708 2046 767 puta-

466 773 618 829 bant.

536 863 673 931 Quia
713 881 847 921 vero
887 867 1055 925 latere
1121 886 1225 926 non
1268 881 1478 939 poterat
1514 874 1689 929 virum
1734 878 1901 932 mu'ta
1958 895 2049 933 or-

465 964 652 1010 natum
688 959 999 1026 prudentia,
1026 977 1126 1016 nec
1184 965 1399 1019 modica
1461 960 1645 1022 rer'um
1706 974 2046 1040 experientia

467 1048 774 1116 praeditum.
804 1067 917 1119 quo
944 1052 1057 1107 haec
1089 1054 1315 1121 ferrent,
1347 1058 1603 1130 detegunt
1624 1062 1899 1133 deinceps,
1932 1082 2047 1123 rem

466 1146 636 1193 totam
701 1141 1057 1209 explicantes,
1093 1148 1224 1215 quid
1260 1149 1430 1203 animi
1461 1166 1523 1205 ac
1557 1153 1853 1211 voluntatis
1886 1158 2050 1215 habe-

467 1239 634 1285 rent:
691 1244 749 1285 ut
805 1235 973 1290 tetius
1008 1237 1363 1308 Peloponnesi
1402 1243 1763 1313 principatum
1803 1251 2050 1318 accipere

470 1322 655 1390 velint,
688 1326 960 1393 siquidem
1014 1331 1180 1386 libi-at
1219 1335 1454 1398 tradere,
1485 1338 1724 1408 velitque
1753 1340 1911 1396 facile
1929 1361 2053 1413 pro-

469 1414 643 1469 vincia
676 1419 953 1487 excedere,
972 1424 1058 1477 cui
1089 1423 1365 1494 deinceps,
1389 1434 1467 1482 tot
1491 1430 1773 1485 confertim
1800 1433 2048 1498 malis.ad

466 1522 553 1572 ea,
588 1524 708 1577 qua:
757 1513 1019 1569 continua
1057 1518 1493 1584 praecessissent,
1523 1523 1745 1578 cumulo
1794 1526 2051 1595 ingruen-

467 1598 637 1666 tibus,
675 1604 967 1670 prtesidere
998 1622 1105 1660 non
1141 1620 1340 1677 posset.
1374 1611 1597 1669 Multam
1622 1620 1753 1685 ergo
1808 1621 2051 1686 perunize

466 1692 577 1746 vim
607 1695 856 1763 polliciti,
879 1713 943 1753 ac
972 1701 1120 1755 omni
1147 1703 1309 1757 modo
1336 1704 1455 1775 ejus
1485 1708 1705 1764 familia:
1732 1712 2041 1765 CO'ltantliS

468 1785 787 1853 adnixuros,
828 1804 927 1844 nec
950 1790 1076 1845 ullis
1109 1794 1334 1850 omissis
1372 1797 1576 1865 quibus
1630 1800 1684 1853 in
1722 1803 2047 1855 sententiam

2149 611 2416 677 ἐλθόντες,
2451 615 2499 667 ει
2553 616 2730 681 γνοῖεν
2770 610 2899 668 ὄντα
2946 615 3212 682 τοιοῦτον,
3251 612 3366 670 οἷον
3413 618 3478 673 ἐκ
3521 640 3579 675 τε
3616 624 3717 680 τῶν

2149 705 2494 773 πραγμάτων
2542 706 2636 759 καὶ
2678 707 2778 775 τῆς
2819 706 2929 759 τῶν
2971 706 3181 779 καιρῶν
3217 709 3525 774 ἐπιθέσεως
3574 717 3717 768 ἐτεκ-

2154 796 2435 866 μαίροντο.

2232 890 2384 941 Ἐπεὶ
2410 888 2455 942 δ’
2476 889 2578 943 οὐκ
2606 884 2674 960 ἦν
2698 889 2926 943 δυνατὸν
2955 891 3158 958 λαθεῖν,
3221 895 3409 958 πόθεν,
3441 898 3534 950 τὸν
3560 899 3719 970 πολλῇ

2154 981 2253 1049 μὲν
2322 980 2536 1034 συνέσει
2602 983 3045 1051 κεκοσμημένον,
3110 985 3281 1055 πολλῇ
3341 986 3399 1040 δέ
3468 989 3722 1061 ἐμπειρία

2151 1072 2428 1139 κομῶντα,
2494 1070 2942 1127 ἀποκαλύπτουσι
3007 1074 3213 1141 λοιπὸν,
3260 1077 3718 1143 διαπεταννύντες

2151 1165 2261 1217 πᾶν
2290 1165 2606 1234 πρόϐλημα,
2636 1166 2735 1237 τὴν
2766 1166 2946 1219 αὐτῶν
2975 1165 3233 1237 βούλησίν
3263 1186 3324 1222 τε
3361 1170 3458 1222 καὶ
3481 1171 3721 1242 γνώμην·

2153 1256 2229 1319 ὡς
2263 1250 2373 1308 εἶεν
2422 1256 2679 1323 δέξασθαι
2715 1257 2966 1321 θέλοντες
3022 1262 3203 1312 πᾶσαν
3254 1258 3358 1330 τὴν
3407 1262 3584 1332 ἀρχὴν
3623 1263 3719 1330 τῆς

2142 1348 2591 1419 Πελοποννήσου,
2620 1350 2666 1402 εἰ
2699 1350 2948 1418 βούλοιτό
2975 1367 3038 1417 γε
3063 1351 3240 1403 τοῖσδε
3269 1352 3539 1421 παρέχειν
3565 1353 3724 1423 αὐτὴν

2152 1443 2381 1506 ἐκεῖνος,
2413 1442 2510 1496 καὶ
2540 1437 2715 1513 οὗπερ
2745 1443 2848 1496 οὐκ
2881 1443 3059 1513 ἰσχύει
3088 1441 3406 1509 δεσπόζειν,
3441 1444 3633 1500 τούτου
3665 1463 3722 1513 γε

2152 1535 2355 1604 ῥαδίως
2389 1533 2695 1600 ὑπεξιέναι,
2736 1534 2948 1588 πολλῶν
2990 1536 3103 1590 τῶν
3146 1537 3508 1592 ἁπευκταὶων
3539 1537 3723 1608 ἁθρόον

2152 1626 2596 1681 ἐπεισπεσόντων
2621 1628 2733 1689 τοῖς
2758 1627 3128 1697 προλαϐοῦσιν
3153 1629 3487 1699 ἐπαλλήλοις
3519 1629 3721 1692 δεινοῖς.

2153 1717 2355 1786 Συχνόν
2382 1713 2475 1771 οὗν
2503 1717 2927 1787 ὑπισχνούμενοι
2951 1718 3290 1789 καταθήσειν
3325 1718 3608 1789 ἀργύριον,
3635 1720 3723 1773 καὶ

2154 1808 2535 1880 λυσιτελήσειν
2569 1811 2788 1864 ἅπαντα
2836 1810 3038 1881 τρόπον
3092 1811 3258 1863 παντὶ
3308 1809 3390 1878 τῷ
3428 1811 3598 1878 γένει,
3636 1812 3721 1863 καὶ

467 1889 696 1944 possent
754 1882 991 1945 trahere,
1053 1888 1272 1940 tandem
1319 1900 1534 1957 rogant,
1570 1900 1630 1944 ιιι
1674 1892 1854 1947 edicat
1915 1894 2045 1962 quid

2157 1898 2324 1967 μηδὲν
2352 1898 2759 1968 παραλιπόντες
2793 1893 2875 1962 οἷς
2904 1899 3115 1953 πείθειν
3142 1894 3315 1969 εἶχον,
3348 1901 3718 1966 τελευτῶντες,

471 1966 718 2024 videatur
746 1988 776 2025 e
808 1989 865 2028 re
913 1979 1193 2032 communi
1230 1996 1244 2044 ;
1287 1980 1338 2034 in
1373 1997 1492 2050 quae
1533 1984 1696 2036 verba
1729 1983 1932 2038 faciunt
1961 1986 2045 2039 di—

470 2062 624 2115 cendi
683 2066 866 2120 finem.
901 2067 1280 2136 Respondente
1315 2074 1430 2139 illo,
1460 2075 1512 2129 in
1550 2077 1851 2132 crastinum
1890 2079 1958 2131 ali
1980 2094 2047 2134 eo

470 2154 755 2211 audituros
796 2173 811 2211 :
843 2174 940 2213 nec
969 2161 1113 2214 enim
1153 2162 1376 2219 decebat
1404 2174 1461 2220 ut
1492 2166 1573 2221 sic
1604 2167 1912 2224 inconSulte
1958 2187 2050 2225 re—

470 2248 766 2313 Sponderet
795 2266 811 2304 :
848 2251 1100 2307 abierunt
1148 2254 1224 2309 illi
1244 2255 1370 2321 lazti,
1406 2262 1552 2328 quod
1584 2275 1692 2316 non
1736 2261 1915 2330 primo
1945 2273 2050 2318 sta-

470 2336 568 2390 tim
600 2353 924 2409 congressu,
949 2344 1026 2398 rei
1063 2361 1211 2414 spem
1241 2363 1457 2403 omnem
1485 2351 1849 2420 abjiciendam
1874 2356 2049 2410 dixis—

472 2436 576 2489 set,
639 2445 704 2484 ac
766 2447 833 2486 ne
895 2434 1217 2495 inconcessa
1270 2451 1690 2508 prtcsumerent.
1726 2444 2047 2515 Quanquam

470 2526 557 2572 est
595 2521 738 2588 quod
775 2523 862 2578 bie
906 2525 1171 2581 miremur
1204 2546 1218 2584 :
1251 2545 1349 2599 par
1395 2533 1540 2586 enim
1590 2543 1730 2600 erat,
1773 2547 1832 2591 ut
1877 2538 2051 2610 magis

471 2609 704 2681 injectas
732 2631 913 2672 moras
940 2619 1169 2676 moleste
1200 2620 1427 2687 ferrent,
1467 2626 1716 2697 quodque
1741 2644 1846 2683 non
1866 2633 2050 2686 statim

475 2705 628 2758 firma
662 2722 788 2776 spes
820 2707 960 2765 facta
991 2724 1134 2767 esset
1163 2714 1241 2769 rei
1276 2715 1648 2776 conﬁciendae.

546 2895 686 2962 Quia
724 2907 855 2954 tunc
896 2903 1041 2957 enim
1095 2904 1430 2966 difﬁcillimis
1476 2919 1537 2966 ut
1595 2928 1832 2980 unquam
1889 2919 2052 2976 rebus

477 2989 752 3054 utebatur,
786 3001 902 3046 erat
936 2995 1160 3051 omnino
1212 3007 1271 3052 ut
1327 3012 1477 3054 certo
1509 3003 1842 3059 confiderent
1877 3006 2054 3064 liben-

478 3081 688 3137 tissime
711 3092 1096 3153 suseepturum
1124 3103 1316 3143 eorum
1345 3106 1626 3149 sermones
1660 3111 1675 3161 ;
1710 3098 1835 3166 quia
1864 3108 2046 3155 tamen

474 3174 566 3243 qui
597 3180 937 3233 occasionem
992 3182 1136 3236 nacti
1170 3198 1201 3238 a
1232 3194 1473 3254 tempore
1496 3202 1558 3243 ae
1593 3191 1777 3255 rebus,
1806 3206 1904 3262 pro
1932 3192 2052 3248 tali-

2150 1988 2398 2059 εὗχονται
2430 1991 2487 2042 τὸ
2520 1993 2677 2060 κοινῇ
2718 1993 2966 2044 συνοῖσον
2990 1990 3156 2044 αὒτδν
3187 1993 3395 2058 εἰπεῖν,
3432 1994 3527 2046 καὶ
3564 2011 3721 2048 καταο

2147 2082 2371 2137 λύουσιν
2415 2083 2666 2137 ἐνταυθοῖ
2706 2085 2799 2138 τὸν
2830 2084 3014 2153 λόγον.
3046 2084 3321 2139 Κὰκείνου
3366 2086 3508 2156 πρὸς
3540 2086 3721 2148 αὐτοὺς

2150 2175 2460 2246 εἰρηκότος,
2490 2176 2548 2238 ἐς
2581 2173 2774 2244 αὔριον
2813 2173 3151 2228 ἀκούσεσθαι
3190 2177 3328 2245 παρ’
3364 2174 3563 2240 αὑτοῦ,
3602 2175 3720 2246 μηδὲ

2151 2268 2261 2333 γὰρ
2306 2264 2375 2318 ἂν
2424 2265 2663 2333 πρέπειν
2694 2264 2847 2333 αὐτῷ
2856 2265 3461 2329 ρῦτωσὶνιάσκέπτως
3499 2267 3719 2335 ἀποκρί-

2149 2354 2363 2415 νασθαι,
2396 2356 2444 2408 ol
2487 2354 2532 2407 δ’
2566 2355 2821 2417 ἀπιόντες
2859 2355 3100 2427 ἔχαιρον,
3135 2356 3213 2425 τῷ
3241 2357 3320 2427 μὴ
3362 2357 3463 2428 τὴν
3495 2355 3709 2426 πρώτην

2149 2445 2338 2507 αὐτοῖς
2367 2447 2576 2498 ἐκεῖνον
2607 2448 2785 2499 εἰπεῖν
2813 2446 3159 2500 παντάπασιν
3188 2447 3602 2515 ἀπογινώσκειν
3633 2442 3716 2499 τοῦ

2152 2533 2501 2603 πράγματος,
2537 2536 2634 2588 καὶ
2680 2535 2948 2605 μηδαμῶς
2997 2537 3112 2598 τοῖς
3158 2535 3484 2603 ἀνεφίκτοις
3526 2536 3721 2603 ἐπιχει-

2154 2626 2291 2694 ρεῖν.
2324 2625 2436 2677 Καί
2465 2642 2547 2678 τοι
2579 2625 2727 2690 ἄξιον
2775 2624 3015 2681 ἐνταῦθα
3060 2626 3370 2696 θαυμάσαι.
3413 2625 3720 2679 Τοῦναντίον

2151 2718 2262 2787 γάρ
2285 2716 2478 2787 ἐχρῆν,
2506 2719 2572 2787 τῇ
2601 2717 2835 2788 ἀναϐολῇ
2866 2718 3194 2788 δυσχερᾶναι
3228 2719 3363 2783 τοὺς
3386 2718 3608 2789 ἄνδρας,
3634 2718 3718 2770 καὶ

2151 2807 2231 2877 τῷ
2267 2806 2342 2877 μὴ
2374 2807 2599 2877 βεϐαίας
2625 2808 2846 2871 ἐλπίδας
2877 2808 3038 2882 εὐθὺς
3068 2807 3286 2864 λαϐεῖν.

2236 2899 2456 2970 Ἐπειδὴ
2491 2900 2602 2971 γὰρ
2636 2902 2845 2964 ἐκεῖνος
2878 2899 2956 2970 τῷ
2980 2900 3297 2968 τηνικαῦτα
3331 2898 3715 2971 χαλεπωτάτοις

2152 2983 2315 3064 ειπερ
2348 2992 2479 3047 ποτὲ
2519 2996 2630 3056 τοῖς
2666 2993 2992 3064 πράγμασιν
3036 2994 3333 3064 ἐκέχρητο,
3370 2993 3481 3047 ἔδει
3520 2992 3716 3053 πάντως

2153 3083 2353 3146 αὐτοὺς
2380 3084 2445 3137 θα
2455 3085 2626 3155 ῤῥεῖν,
2652 3085 2729 3147 ὡς
2757 3083 3146 3154 ἀσμενέστατα
3168 3084 3426 3161 δέξεσθαι
3448 3085 3573 3147 τοὺς
3598 3081 3715 3151 παρ’

2154 3176 2334 3232 αὐτῶν
2360 3177 2574 3245 λόγους.
2609 3178 2671 3231 Oi
2700 3177 2780 3243 δὲ,
2808 3177 2885 3241 ὡς
2913 3176 3078 3241 ἔοικε,
3116 3177 3179 3230 τὺ
3213 3176 3323 3248 μὲν
3353 3178 3447 3232 ἐπὶ
3470 3175 3717 3235 τοιούτοις

478 3267 579 3321 bus
610 3270 728 3323 ausi
759 3282 947 3327 essent
996 3275 1146 3329 adire
1174 3283 1343 3342 atque
1373 3278 1549 3345 aﬂ‘ari,
1581 3281 1839 3336 inflexum
1880 3300 2046 3354 repu-

2157 3266 2480 3338 προσελθεῖν
2513 3267 2612 3321 καὶ
2643 3266 3001 3337 διαλεχθῆναι
3028 3265 3314 3337 τολμῆσαι
3343 3265 3455 3320 ἀπὸ
3491 3265 3583 3318 τοῦ
3611 3278 3717 3316 καις

482 3349 662 3415 tantes
690 3376 751 3415 ac
789 3364 1280 3423 tolerantissimum
1313 3371 1413 3424 viri
1451 3373 1716 3435 animum,
1753 3378 2054 3433 cententio-

478 3466 709 3520 sumque
737 3469 801 3508 ac
838 3470 1118 3526 asperum,
1172 3460 1332 3529 plane
1380 3464 1645 3529 putabant
1691 3464 1828 3532 fore,
1878 3479 1935 3522 ut
1970 3477 2055 3525 te-

480 3544 784 3600 meritatem
821 3563 885 3603 ac
925 3550 1140 3604 inanem
1179 3553 1405 3621 gloriam
1439 3555 1639 3611 decoro
1669 3574 1733 3613 ac
1762 3560 1879 3615 utili
1912 3577 2054 3629 pra:-

421 3702 428 3709 ‘
482 3634 994 3704 lrabenda~putaret.
1034 3637 1241 3693 Idcirco
1279 3639 1529 3699 lubenu‘s
1568 3655 1897 3713 acceperunt
1921 3661 2056 3701 con-

481 3724 731 3779 stitutum
773 3728 1094 3796 terminum,
1140 3731 1411 3801 quodque
1477 3748 1584 3788 non
1629 3736 1811 3789 statim
1873 3736 1940 3789 ab
1989 3751 2056 3790 eo

481 3818 1045 3890 audissent,qumrcre
1075 3822 1184 3885 lupi
1210 3823 1343 3877 alas.
1380 3824 1474 3879 Sic
1499 3840 1632 3895 ergo
1656 3827 1900 3883 confusis
1941 3828 2059 3882 ani-

482 3911 613 3978 mis,
645 3912 795 3967 dubii
827 3913 897 3968 de
948 3912 1136 3970 futuro
1165 3916 1241 3970 rei
1289 3915 1415 3980 ﬁne,
1454 3918 1728 3973 abierunt.
1770 3920 1863 3975 llle
1892 3936 2057 3991 porro

481 4020 675 4059 eorum
733 4007 1070 4062 voluntatem
1150 4008 1469 4080 alacresque
1517 4011 1570 4066 in
1630 4028 1743 4067 rem
1817 4014 2090 4081 animos..

483 4100 679 4168 ingens
712 4100 951 4155 oblatum
1003 4111 1175 4165 ratus,
1226 4105 1432 4172 gratias
1484 4103 1702 4160 Christo
1746 4106 2054 4162 auxilianti.

485 4190 633 4246 Sane
668 4192 885 4259 quidem
924 4192 976 4246 in
1017 4208 1114 4248 eos
1142 4194 1331 4250 audire
1357 4204 1707 4265 erumpentes
1750 4212 2057 4263 sermones,

486 4284 761 4352 impendio
785 4285 1149 4352 desiderabat,
1180 4302 1242 4342 ea
1266 4303 1324 4344 se
1361 4289 1670 4353 occasione,
1703 4304 1799 4343 vos
1833 4304 2058 4357 sperans

484 4377 842 4434 liberaturum
880 4392 909 4433 a
945 4380 1302 4447 praesentibus
1360 4382 1543 4446 malis,
1587 4395 1653 4436 ae
1704 4382 1792 4448 iis,
1838 4397 1960 4452 quae
2000 4384 2056 4439 in

485 4471 771 4540 procinctu
809 4472 1054 4526 timorem
1100 4473 1416 4530 faciebant:
1449 4473 1591 4543 quod
1635 4474 1795 4544 plane
1825 4475 1895 4528 ita
1932 4490 2058 4530 eve-

487 4563 590 4626 nit,
648 4562 832 4618 divina
917 4563 1135 4620 coalitus
1187 4566 1359 4635 gratia
1425 4577 1682 4620 conatum
1742 4566 2132 4657 adiuvante.”

486 4655 642 4721 Quod
675 4666 856 4710 tamen
900 4670 996 4712 eos
1024 4657 1100 4711 rei
1130 4657 1358 4726 cupidos
1400 4657 1589 4718 sciret,
1656 4656 1875 4711 nolebat
1918 4671 2057 4727 pra»

486 4749 728 4817 tendere,
764 4757 826 4804 ut
869 4764 936 4804 ne
966 4749 1071 4806 hoc
1106 4751 1327 4820 gloriari
1376 4749 1551 4813 daret,
1607 4756 1864 4818 tanquam
1909 4749 2061 4802 vide-

486 4852 640 4898 retur
698 4842 814 4911 ipse
854 4840 1136 4906 invitasse,
1184 4839 1261 4895 uti
1321 4840 1462 4895 solet
1498 4840 1550 4895 in
1583 4841 1652 4895 iis
1683 4856 1825 4909 quos
1855 4841 2061 4896 scimus

485 4932 823 4988 defunctorie
877 4934 1028 4989 velle.
1077 4932 1233 5000 Quod
1279 4933 1466 5003 itaque
1511 4933 1563 4987 in
1592 4934 1733 4989 votis
1782 4943 1919 4995 erat.
1962 4948 2062 4988 nec

489 5026 724 5081 habebat
753 5036 811 5082 ut
839 5025 1104 5088 ediceret,
1141 5033 1203 5080 ut
1237 5026 1513 5080 'nimirum
1571 5027 1782 5095 priores
1836 5025 1914 5079 illi
1946 5044 1974 5078 a
2002 5039 2063 5079 se

489 5119 814 5188 inciperent,
848 5119 952 5173 hoc
983 5127 1178 5186 sponte
1215 5117 1418 5174 factum
1448 5119 1666 5186 videns,
1699 5132 1820 5174 eam
1862 5118 1940 5171 rei
1969 5132 2063 5170 cx-

486 5212 845 5280 peditionem,
887 5208 966 5264 uti
1020 5224 1120 5277 par
1178 5217 1317 5273 erat,
1366 5210 1724 5278 providentiae
1780 5206 2057 5275 aseripsit.

487 5300 601 5356 Nisi
645 5317 780 5357 sane
809 5316 898 5356 res
949 5301 1087 5357 bene
1118 5316 1183 5357 ac
1215 5316 1282 5356 ex
1333 5302 1518 5357 animo
1576 5302 1747 5357 beatae
1789 5298 2064 5354 memoriae

487 5395 606 5447 viro
638 5394 1019 5461 successisset,
1055 5396 1251 5449 merito
1277 5396 1487 5450 veritus
1517 5410 1695 5450 essem
1738 5393 1820 5449 sic
1849 5391 2065 5460 simpli-

488 5488 649 5550 citer,
686 5487 765 5542 uti
813 5489 1066 5557 superius
1116 5503 1250 5544 usus
1292 5501 1433 5549 sum,
1464 5487 1624 5541 verba
1654 5499 1917 5553 usurpare
1949 5500 1965 5537 :
2003 5498 2066 5537 ac

399 5600 403 5605 ·
489 5595 666 5647 neque
710 5581 830 5646 eius
861 5579 1060 5653 bonum
1093 5579 1419 5633 desiderium
1447 5577 1699 5634 dicturus
1738 5591 1887 5630 cram
1923 5593 1936 5629 ι
1971 5576 2066 5631 b0-

489 5683 647 5736 num,
703 5669 952 5739 inquam,
983 5680 1045 5725 ut
1092 5680 1305 5740 spectes
1337 5680 1572 5740 tempus,
1612 5685 1735 5724 cum
1788 5681 1898 5736 quo
1939 5676 2068 5722 sunt

490 5759 673 5813 ouuiia
720 5759 911 5814 bona:
958 5774 1058 5814 nec
1116 5774 1245 5814 vero
1293 5770 1352 5814 ut
1381 5761 1572 5830 ingens
1633 5757 1763 5812 illud
1823 5756 2063 5812 oblatum

487 5850 911 5907 existimandum
948 5858 1095 5907 esset
1131 5869 1145 5919 ;
1179 5853 1319 5923 quod
1362 5852 1569 5909 scilicet
1623 5850 1842 5904 Fratres
1898 5849 2000 5917 ipsi
2034 5865 2063 5903 a

2159 3357 2254 3429 ροῢ
2286 3360 2382 3411 καὶ
2421 3357 2532 3411 τῶν
2582 3359 2929 3428 πραγμάτων
2976 3357 3256 3423 λαϐόντες,
3299 3358 3360 3413 τὸ
3411 3358 3468 3412 δὲ
3517 3355 3715 3414 άκλινές

2156 3450 2255 3504 καὶ
2314 3449 2800 3520 καρτερικώτατον
2866 3450 3080 3504 ἐκείνου
3142 3449 3456 3518 φιλόνεικόν
3522 3466 3578 3502 τε
3632 3445 3715 3499 καὶ

2158 3540 2398 3612 σκληρὸν
2428 3542 2775 3612 νομίσαντες,
2795 3540 2967 3614 ᾤοντο
2994 3542 3267 3612 δήπουθεν
3296 3544 3458 3598 αὐτὸν
3480 3543 3538 3595 τὸ
3564 3538 3716 3595 αὔθα-

2155 3632 2243 3697 δες
2289 3649 2348 3686 τε
2385 3634 2480 3687 καὶ
2514 3631 2792 3699 κενόδοξον
2829 3634 2923 3687 τοῦ
2963 3632 3132 3687 καλοῦ
3182 3650 3242 3687 τε
3293 3636 3392 3689 καὶ
3427 3631 3714 3703 συμφέρον-

2106 3772 2112 3778 ,
2157 3743 2250 3791 τος
2300 3727 2770 3798 προτιμήσεσθαι.
2821 3728 2934 3781 Καὶ
2977 3726 3066 3780 διὰ
3099 3726 3261 3780 τοῦτο
3315 3729 3416 3797 τὴν
3465 3721 3715 3791 ἀναϐολὴν

2157 3819 2545 3890 ὴσμενίσαντο,
2595 3820 2692 3873 καὶ
2740 3819 2801 3872 τὺ
2853 3819 2930 3891 μὴ
2987 3820 3212 3883 τούτους
3247 3820 3554 3889 ἀκηκοέναι
3596 3809 3713 3883 παρ’

2158 3909 2349 3974 αὐτοῦ,
2381 3910 2547 3964 λύκου
2582 3910 2757 3980 πτερὰ
2791 3909 2996 3980 ζητεῖν.
3031 3911 3094 3965 Οἱ
3127 3910 3226 3978 μὲν
3257 3908 3358 3965 οὖν
3393 3909 3560 3969 οὕτως
3583 3906 3717 3975 Elav-

2157 4017 2249 4065 τες
2279 4002 2727 4072 συγκεχυμένους
2749 4003 2876 4066 τοὺς
2904 4001 3225 4072 λογισμοὺς,
3258 4004 3394 4073 περὶ
3424 3999 3517 4054 τοῦ
3541 3997 3713 4055 τέλους

2159 4092 2621 4163 ἁμφιϐάλλοντες,
2649 4092 2990 4162 ἀπήλλαξανο
3024 4094 3051 4145 ὁ
3081 4090 3261 4162 δὲτὴν
3297 4092 3503 4146 τούτων
3536 4088 3714 4157 βούλητ

2161 4203 2269 4253 σιν,
2305 4187 2400 4240 καὶ
2429 4186 2491 4239 τὸ
2522 4187 2652 4255 περὶ
2686 4188 2921 4257 πρᾶγμα
2955 4182 3273 4255 προθύμους
3313 4182 3471 4243 εἷναι,
3501 4182 3712 4251 ἕρμαιον

2160 4278 2533 4349 ἡγησάμενος.
2581 4277 2922 4347 άνωμολόγει
2975 4278 3205 4349 χάριτας
3247 4277 3331 4347 τῷ
3376 4270 3711 4343 συνεργοῦντι

2161 4370 2396 4439 Σωτῆρι.
2440 4369 2739 4439 Ἐπεθύμει
2770 4370 2874 4435 μὲν
2903 4370 3010 4440 γὰρ
3041 4371 3249 4432 ἐκεῖνος
3275 4372 3356 4431 είς
3387 4368 3571 4422 τούσδε
3599 4361 3713 4421 τοὺς

2159 4459 2352 4528 λόγους
2382 4459 2579 4525 ἐλθεῖν,
2608 4460 2845 4523 ἐλπίζων
2877 4459 2984 4513 ἀπὺ
3005 4458 3213 4513 τούτων
3243 4461 3391 4528 ὑμᾶς
3420 4452 3711 4514 ἀπαλλάξαι

2160 4550 2483 4620 δυνήσεσθαι
2536 4549 2647 4604 τῶν
2699 4566 2761 4603 τε
2796 4550 3101 4620 παρόντων,
3130 4550 3238 4603 τῶν
3280 4551 3328 4604 θ’
3362 4545 3712 4617 ὑφορωμένων

2161 4642 2373 4696 δεινῶν·
2416 4643 2607 4713 ὥσπερ
2656 4641 2749 4695 οὖν
2800 4642 2898 4696 καὶ
2942 4640 3191 4709 γέγονεν,
3235 4640 3529 4712 οὐρανόθεν
3575 4631 3713 4690 θείας

2161 4735 2383 4805 χάριτος
2433 4736 2927 4805 συνεφαπτομένης
2954 4733 3051 4787 τοῦ
3101 4736 3522 4804 ὲγχειρίηαατος.
3557 4721 3714 4780 Γινώ-

2163 4847 2308 4884 σκων
2336 4829 2380 4884 δ’
2406 4831 2553 4899 ὅμως
2595 4829 2840 4891 ἐκείνους
2879 4828 3206 4896 ἐφιεμένους
3239 4827 3332 4880 τοῦ
3385 4823 3710 4893 πράγματος»

2161 4921 2262 4973 οὐκ
2300 4919 2549 4972 ἐϐούλετο
2582 4921 2889 4988 προτεῖναι,
2923 4921 3017 4973 καὶ
3054 4918 3233 4989 ταύτῃ
3286 4917 3472 4970 δοῦναι
3503 4908 3713 5000 τούτους

2162 5010 2537 5074 πλεονεκτεῖν,
2570 5008 2647 5079 τῷ
2681 5009 2862 5063 δοκεῖν
2910 5006 3351 5078 παρακαλεῖσθαι
3403 5001 3492 5056 ὑπ’
3538 4998 3709 5051 αὑτοῦ.

2161 5099 2191 5153 δ
2211 5101 2382 5154 ποιεῖν
2403 5098 2680 5169 εἰώθαμεν
2707 5099 2925 5152 ἐπὶτῶν
2956 5098 3032 5169 μὴ
3058 5098 3199 5152 πάνυ
3224 5086 3710 5168 προθύμως.”οπεί³

2163 5174 2344 5247 τοίνυν
2382 5191 2638 5245 ἐϐούλετο
2678 5190 2803 5261 μὲν,
2842 5191 2943 5245 οὐκ
2993 5187 3108 5261 εἶχε
3143 5190 3188 5244 δ’
3225 5190 3372 5250 ὅπως
3411 5181 3707 5279 ἐργάσξταξυ

2164 5284 2307 5352 λέγω
2348 5284 2411 5354 δὴ
2441 5285 2501 5336 τὸ
2531 5283 2750 5346 κείνους
2792 5281 3046 5353 πρώτους
3080 5281 3435 5352 ἐνάρξασθαι,
3468 5269 3604 5369 τοῦτ’
3625 5269 3712 5369 ξὺ-

2164 5380 2402 5450 τόματον
2434 5377 2558 5431 ἰδὼν
2586 5378 2990 5447 παραγεγονὸς,
3017 5377 3117 5447 τὴν
3148 5375 3419 5436 εὐκολίαν,
3446 5365 3504 5421 εὖ
3535 5365 3707 5456 amat}.

2164 5476 2238 5542 τῇ,
2260 5472 2350 5524 τοῦ
2383 5471 2519 5524 Θεοῦ
2551 5471 2783 5541 προνοίᾳ
2812 5469 3114 5537 λελόγιστο.
3149 5466 3290 5535 Ἐγὼ
3313 5467 3355 5518 δ’
3383 5465 3429 5517 εἰ
3457 5459 3528 5530 μὴ
3552 5451 3711 5507 καλῶς

2165 5567 2226 5619 τὸ
2256 5567 2491 5635 πρᾶγμα
2518 5562 2703 5632 ἐξέϐη,
2739 5564 2832 5615 καὶ
2864 5562 3009 5616 κατὰ
3041 5559 3188 5627 νοῦν,
3221 5558 3415 5625 ἐκείνῳ
3444 5550 3516 5619 τῷ
3551 5552 3711 5635 μακξι·

2171 5628 2316 5730 ρίτῃ,
2358 5628 2583 5710 ἐδεδίειν
2616 5628 2682 5709 ἂν
2718 5655 2946 5718 εἰκότως
3002 5653 3191 5716 ἁπλῶς
3224 5654 3335 5713 τοῖς
3377 5647 3545 5731 λόγοις
3587 5628 3709 5731 ΧΡῨΓ

2170 5729 2390 5811 σαάοαιι
2427 5746 2502 5810 ὡς
2531 5746 2594 5818 δὴ
2627 5747 2954 5814 προσλαϐὼν
2985 5745 3329 5815 ἐχρησάμηνο
3358 5738 3446 5793 καὶ
3472 5730 3589 5784 οὔτε

2170 5842 2469 5912 ἐπιθυμίαν
2515 5839 2730 5893 ἐκείνου
2775 5838 2875 5910 τὴν
2915 5837 3125 5910 ἀγαθὴν
3160 5833 3312 5892 εἷπον
3361 5831 3444 5885 ἄν’
3496 5830 3624 5883 ιεγω
3657 5803 3705 5856 δὲ
