3950 6428
146 5914 151 5916 γ
255 5852 319 5889 τε
364 5837 635 5909 ὠργίζετο
672 5877 685 5891 .
740 5838 918 5908 "pio;
976 5842 1083 5909 γάρ
1141 5837 1251 5911 ἦν,

261 349 374 462 ’953

1046 399 1458 461 THEODORI
1497 399 1861 462 DESPOTAE
1908 398 2306 462 LAUDATIO
2346 401 2756 466 FUNEBRIS.

3418 396 3527 463 256

279 511 480 579 ἀγαθὴν
508 511 596 565 διά
626 511 716 565 τὸν
748 512 961 584 καιρὸν,
995 514 1119 584 μεθ’
1153 508 1215 570 οὗ
1254 515 1322 567 τά
1357 515 1537 570 πάντα
1569 514 1637 569 τὰ
1674 514 1836 591 καλά,

1945 530 2004 570 sc
2026 529 2091 568 ac
2126 514 2271 569 ultro
2312 515 2362 569 in
2396 525 2549 585 pacta
2596 517 2979 572 convolassent
3017 535 3031 571 :
3066 530 3164 572 nec
3196 517 3440 577 demum,
3469 524 3534 569 ut

279 603 399 659 οὔτε
429 604 535 676 μὴν
562 604 626 658 τὸ
670 605 900 676 ἕρμαιον
929 607 1137 662 ἐκεῖνον
1164 608 1389 676 νομίσαι
1421 612 1483 661 τὸ
1529 610 1656 671 τοὺς
1701 609 1843 678 Φρε-

278 699 427 768 pios;
471 699 610 768 πρὸς
655 699 755 761 τάς
812 700 1117 769 συμϐάσεις
1172 701 1422 770 πρώτους
1458 701 1656 755 ἐλθεῖν.
1698 700 1840 752 Ἀλλ’

276 791 392 844 οὐδὲ
426 791 487 842 τὸ
524 789 754 860 ὕστερον
795 775 885 854 εἰς’
905 791 1159 845 εὐκολίαν
1188 792 1464 862 τραπῆναι
1507 794 1567 846 τὸ
1599 793 1729 861 πρὶν
1758 792 1842 846 δο-

277 882 404 933 κοῦν
449 881 712 950 δυσχερὲς
748 883 1146 952 ἰσχυρισαίμην
1173 882 1239 936 ἄν
1285 884 1406 937 ποτ’
1437 885 1547 950 ἐγὼ
1576 886 1676 951 τὴν
1709 883 1845 953 πρό-

275 985 419 1020 νοιαν
449 968 892 1038 ᾠκονομηκέναι.
919 972 984 1025 ΟΞ
1036 972 1259 1035 πλείους
1298 973 1410 1043 γάρ
1441 974 1538 1044 οὐχ
1572 974 1711 1045 ὅπερ
1735 992 1843 1037 τις,

273 1062 363 1112 καὶ
406 1060 597 1125 διὰτί,
630 1063 726 1114 καὶ
752 1063 877 1116 τίνα
913 1064 1071 1117 τοῦτο
1119 1066 1320 1135 τρόπον
1363 1068 1683 1135 εἰργάσατο.
1727 1067 1844 1120 ἀλλ’

275 1152 351 1212 είς
378 1151 477 1213 τὰς
506 1152 762 1214 ἐκϐάσεις
807 1155 994 1217 ἁπλῶς
1038 1158 1260 1225 δρῶσιν.
1293 1159 1471 1213 Αὐτοῦ
1519 1162 1578 1214 δέ
1632 1178 1723 1231 μοι
1751 1162 1846 1216 τοῦ

277 1245 603 1313 πράγματος
624 1247 731 1300 ἀπὸ
759 1247 854 1302 τοῦ
880 1248 1072 1310 τέλους
1095 1250 1192 1321 ἠδη
1223 1252 1681 1322 συνηγοροῦντος,
1713 1255 1846 1327 θαρ-

278 1333 515 1402 ῥούντως
542 1339 813 1391 τουτοισὶν
853 1341 1182 1411 ἐχρησάμην
1213 1328 1327 1406 τοίς
1367 1346 1573 1414 λόγοις.
1621 1348 1843 1419 Ῥητέον

273 1422 330 1475 δὲ
358 1425 490 1491 ἡμῖν
513 1422 581 1477 ἂν
606 1428 692 1495 εἴη
728 1428 1087 1497 σαφέστερον,
1121 1434 1215 1486 καὶ
1244 1435 1540 1490 ἀποδοτέον
1573 1437 1703 1507 ἑξῆς
1743 1439 1847 1503 τάς

273 1514 405 1578 περὶ
447 1514 541 1566 τοῦ
588 1514 866 1584 δράματος
912 1518 1241 1590 ὑποσχέσεις
1295 1524 1502 1591 μεταξὺ
1551 1526 1650 1594 τῆς
1678 1525 1846 1596 ἆὶλης

1950 607 2119 661 ardua
2171 608 2386 662 molitio
2441 609 2494 661 in
2555 608 2769 663 facilem
2836 610 3113 673 cessisset,
3171 606 3529 678 providentiae

1948 699 2312 753 (Bcouomiam
2361 700 2737 754 atﬁrmasscm.
2786 699 2977 755 Plures
3009 701 3178 776 enim,
3220 700 3357 754 nihil
3399 698 3529 768 quid

1948 776 2093 857 quis,
2134 799 2225 843 aut
2271 793 2648 859 quamobrem.
2683 808 2859 859 quove
2928 808 3039 846 rem
3075 794 3238 845 modo
3269 790 3529 853 effecerit,

1947 891 2290 950 reputantes,
2347 898 2527 936 rerum
2583 883 2847 937 duntaxat
2904 894 3132 936 eventus
3184 885 3471 936 attendunt
3517 897 3532 933 :

1942 973 2086 1041 quod
2134 982 2316 1026 autem
2368 972 2478 1040 jam
2537 975 2668 1028 mibi
2711 992 2795 1028 res
2830 990 2860 1028 a
2903 975 3009 1028 ﬁne
3038 971 3400 1042 suﬂragetur.
3437 984 3534 1024 eos

1951 1078 2241 1119 sermones
2273 1063 2470 1117 ﬁducia
2517 1064 2650 1118 dixi.
2687 1065 2804 1119 Erit
2837 1079 2965 1118 vero
2995 1064 3254 1132 deinceps
3291 1062 3535 1131 apertius

1944 1155 2545 1226 dicendum,‘iuterque
2611 1157 2717 1211 alia
2786 1157 3059 1212 narranda
3116 1154 3392 1225 implenda
3433 1154 3534 1206 erit

1945 1250 2264 1320 promissio,
2307 1266 2472 1319 quam
2509 1250 2574 1304 de
2625 1252 2807 1304 fabula
2847 1250 2973 1306 feci.
3006 1248 3247 1315 Liquido
3275 1248 3418 1302 enim
3441 1261 3537 1299 cx-

1942 1343 2254 1411 plicauduat
2289 1341 2493 1405 veniat,
2540 1357 2662 1394 cum
2704 1343 2858 1411 cujus
2898 1343 3071 1411 gratia
3115 1356 3204 1395 res
3232 1341 3303 1394 sit
3331 1337 3529 1392 consti-

1944 1414 2096 1498 tuta,
2123 1442 2236 1488 tum
2282 1444 2340 1487 ut
2369 1443 2593 1504 propter
2640 1450 2758 1489 eam
2822 1438 3091 1490 restitutae
3154 1447 3243 1489 res
3329 1441 3531 1486 statqu

1932 1503 2236 1581 ‘meliorem
2266 1503 2485 1596 adeptae
2520 1531 2655 1584 sint.

270 1609 600 1675 διηγήσεως.
630 1611 725 1663 Δςτ
748 1612 857 1681 γάρ
885 1611 1134 1683 δηλῶσαι
1166 1616 1379 1685 σαφῶς,
1417 1619 1561 1684 τίνος
1590 1637 1652 1674 τε
1680 1622 1846 1691 χάριν
1869 1623 2034 1677 τοῦτο
2059 1624 2320 1693 συνέστη,
2354 1625 2453 1678 καὶ
2478 1625 2629 1688 ὅπως
2659 1624 2740 1687 είς
2787 1624 2848 1677 τδ
2905 1623 3117 1699 βέλτιον
3185 1623 3534 1678 ἀποκατέστη

272 1702 340 1754 τά
370 1702 674 1772 πράγματα
697 1707 913 1761 τουτουῒ
939 1711 1039 1763 τοῦ
1060 1710 1339 1784 δράματος
1361 1715 1548 1771 ἕνεκα.

352 1837 530 1909 Ἑὼρα
556 1842 664 1895 πᾶν
695 1842 756 1896 τδ
794 1845 885 1898 ὑπ’
914 1846 1076 1900 αὐτὸν
1109 1849 1475 1923 ἐξησθένηκδς
1511 1854 1735 1920 πολλοῖς
1762 1873 1843 1910 τι-

2023 1849 2256 1907 Videbat
2299 1852 2563 1921 quidquid
2612 1868 2724 1907 sua:
2789 1851 3026 1906 ditionis
3072 1859 3241 1918 esset,
3275 1866 3305 1904 a
3353 1848 3536 1905 multis

273 1949 359 1985 σιν
386 1936 675 2003 ἐπιφοραῖς
715 1942 1162 2008 συμπτωμάτωνο
1195 1941 1268 1997 ὧν
1302 1948 1402 2016 μία
1432 1965 1514 2010 τις
1542 1944 1610 2018 ἧν
1639 1951 1850 2020 πρόφα-

275 2044 362 2089 σις
391 2029 424 2097 ἡ
481 2029 588 2081 τῶν
624 2031 1010 2085 άσεϐεστάτων
1063 2036 1332 2099 ἐπίθεσις,
1370 2039 1515 2092 κατά
1570 2042 1850 2110 συνέχειαν

275 2120 331 2181 ἐς
372 2121 579 2190 μακρὸν
635 2125 1045 2196 ἐπιτεταμένη.
1113 2128 1412 2182 Ἠπῖστατο
1468 2131 1513 2183 δ’
1562 2127 1629 2185 αὖ
1686 2133 1850 2187 πάλιν

281 2212 515 2276 ἑκείνους
549 2215 821 2284 μηδεμίαν
842 2218 1035 2286 ἑτέραν
1068 2219 1301 2290 δύναμιν
1335 2222 1408 2284 ὡς
1439 2224 1544 2294 τὴν
1570 2225 1677 2277 τῶν
1712 2229 1849 2297 Φρε·

295 2302 413 2367 ρίων
445 2304 877 2370 ὐποπτεύοντας.
915 2310 1049 2363 Οὐδὲ
1087 2311 1195 2382 γὰρ
1229 2315 1463 2380 ἠγνόουν
1492 2316 1550 2366 τὸ
1582 2317 1704 2370 κατ’
1750 2320 1849 2372 αὐ-

284 2395 415 2455 τοὺς,
443 2397 536 2447 καὶ
581 2394 657 2460 ὡς
689 2398 830 2452 είσὶν
857 2393 1001 2455 οὗτοι
1036 2402 1223 2458 κλάδοι
1259 2404 1417 2474 ῥίζης
1448 2406 1707 2474 εὐγενοῦς
1754 2410 1850 2463 καὶ

271 2485 559 2555 μεγίστης,
612 2490 709 2543 καὶ
741 2492 1106 2562 κατεχούσης,
1162 2495 1238 2557 ὡς
1290 2497 1491 2560 είπείν,
1529 2498 1746 2552 ἅπαντα
1778 2505 1848 2555 τὰ

264 2577 465 2633 δυτικά
505 2582 670 2651 μέρη.
735 2584 977 2649 Εἰκότως
1013 2587 1103 2658 ἀρ’
1137 2588 1391 2655 ἐδόξαζεν
1436 2590 1660 2659 εὔλογον
1704 2591 1847 2647 εἶναι
1882 2630 1901 2645 .

265 2672 518 2741 νομίζειν
552 2677 678 2737 τοὺς
716 2676 930 2742 ἀσεϐεῖς
959 2681 1131 2734 οἴσειν
1164 2698 1226 2749 γε
1280 2681 1379 2752 τὴν
1412 2682 1611 2753 πρᾶξιν
1643 2686 1848 2756 ταύτην

264 2765 486 2835 καρπὸν
513 2767 742 2831 ἐκείνοις
766 2770 867 2837 μὲν
898 2770 1164 2841 ὀλέθριον,
1190 2774 1445 2829 εὐσεϐέσι
1466 2777 1523 2830 δὲ
1545 2776 1845 2847 ὠφέλιμον.

262 2857 434 2911 Ταῦτ’
462 2858 616 2923 εἰδὼς
647 2863 675 2915 ὁ
709 2861 1034 2935 θαυμάσιος,
1066 2867 1216 2940 ᾠήθη
1243 2870 1353 2924 δεῖν
1383 2887 1507 2925 τινα
1528 2875 1720 2946 φήμην
1745 2876 1846 2930 οὐκ

262 2949 481 3022 ἀγαθὴν
516 2954 651 3023 πρός
683 2973 805 3011 τινα
846 2961 1037 3027 καιρὸν
1069 2959 1350 3026 δέξασθαι,
1383 2963 1533 3025 ὅπως
1567 2967 1846 3033 μετέπειτ⁹

263 3038 541 3106 εὔκλειαν,
574 3044 682 3098 ἀπὸ
739 3046 834 3100 τοῦ
870 3048 1145 3103 σεσῶσθαι
1177 3049 1237 3103 τὸ
1284 3052 1619 3108 κινδυνεῦον.
1673 3056 1847 3111 Καλεϊ

1952 1955 2179 1994 casuum
2211 1940 2550 2006 incursibus,
2575 1943 2779 1996 virtute
2813 1941 3119 2006 defectum,
3155 1942 3227 1995 ob
3259 1940 3536 2007 praecipue

1951 2032 2405 2100 impiissimorum
2479 2034 2825 2088 invasionem
2902 2033 2958 2086 in
3012 2032 3237 2103 longum
3321 2034 3536 2100 tempus

1951 2124 2210 2179 continue
2250 2126 2600 2194 productam.
2669 2110 2906 2179 Aliunde
2942 2140 3077 2180 vero
3130 2125 3357 2188 sciebat,
3412 2125 3535 2179 nul-

1949 2216 2057 2270 lam
2092 2232 2189 2271 eos
2225 2217 2527 2285 potentiam
2563 2218 2789 2286 perinde
2819 2233 2883 2272 ac
2913 2216 3169 2272 Fratrum
3206 2226 3527 2287 suspectam

1952 2306 2176 2362 habere.
2226 2306 2379 2361 "and
2423 2312 2571 2362 enim
2604 2323 2795 2361 eorum
2827 2324 2915 2364 res
2949 2308 3294 2376 nesciebant,
3361 2316 3533 2378 utque

1950 2399 1984 2453 ii
2049 2401 2185 2453 rami
2235 2404 2506 2454 exsistant
2561 2399 2809 2468 ingenua:
2882 2417 2945 2455 ac
3003 2402 3514 2463 maximaeradicis.

1930 2490 2198 2562 quaeque,
2242 2503 2301 2546 ut
2340 2494 2410 2547 ita
2432 2492 2929 2557 dicam,0cciduas
2980 2509 3175 2550 omnes
3226 2493 3407 2564 partes
3437 2511 3534 2551 oc-

1949 2593 2130 2653 Cttpel.
2169 2584 2368 2638 Merito
2407 2586 2574 2652 igitur
2604 2588 2962 2651 existimavit,
3020 2602 3152 2641 vero
3218 2602 3528 2644 consonum

1950 2666 2313 2730 arbitratnros
2345 2677 2612 2743 inﬁdeles,
2674 2679 2791 2733 fore
2839 2688 2993 2734 utea
3032 2679 3267 2746 molitio,
3306 2668 3532 2750 iis'qui-

1951 2770 2071 2823 dem
2105 2768 2343 2824 fructum
2392 2772 2713 2836 exitiosum,
2757 2771 2861 2839 piis
2916 2778 3099 2827 autem
3161 2786 3225 2825 ac
3279 2771 3530 2828 ﬁdelibus
3584 2760 3588 2764 δ

1951 2864 2137 2918 utilem
2173 2862 2408 2917 aﬂ'crret.
2445 2861 2568 2916 iter:
2604 2864 2685 2917 vir
2710 2864 3053 2919 admirabilis
3102 2865 3271 2932 probe
3315 2866 3528 2930 sciens,

1949 2969 2132 3024 Opera:
2171 2955 2406 3024 pretium
2456 2942 2632 3016 duxit.
2686 2957 2889 3008 malum
2937 2956 3003 3010 ad
3055 2964 3272 3024 tempus
3327 2971 3529 3011 nomen

1949 3049 2243 3111 asciscere,
2268 3062 2375 3117 quo
2396 3047 2742 3116 pOslmodttm
2768 3047 3063 3102 accedente
3100 3049 3273 3117 gloria
3304 3063 3334 3102 a
3368 3057 3528 3116 parta

262 3130 329 3200 δὴ
362 3130 488 3187 τοὺς
523 3133 758 3201 Ῥοδίους
782 3139 912 3207 παρ’
928 3139 1111 3193 αὐτόν·
1137 3140 1283 3209 λέγει
1304 3142 1363 3195 τὸ
1389 3144 1603 3208 τούτοις
1627 3146 1843 3216 ἐφετὸν,

1953 3139 2131 3194 salute
2161 3141 2476 3196 constitutis
2532 3139 2585 3194 in
2619 3140 2881 3209 periculis
2907 3141 3093 3195 clarus
3134 3141 3305 3196 ﬁeret.
3336 3140 3531 3205 Itaque

264 3230 771 3299 προοιμιασάμενός
801 3251 860 3286 τε
898 3233 993 3288 καὶ
1026 3235 1341 3299 καταλύσας
1366 3238 1461 3290 τὸν
1490 3239 1670 3307 λόγον,
1706 3242 1845 3312 πρὸς

264 3320 366 3391 τὴν
411 3322 582 3376 αὐτοῦ
634 3323 909 3395 βούλησιν.
962 3326 1127 3380 Αὐτοὶ
1154 3327 1199 3382 δ’
1244 3329 1540 3384 ἀκούουσιν
1592 3330 1842 3402 ἀσμενοι,

266 3415 361 3467 καὶ
387 3415 678 3485 τρέχουσιν
707 3415 839 3473 εὐθὺ
869 3419 965 3472 ἐπὶ
996 3420 1095 3485 τὰς
1128 3423 1437 3490 συμϐάσεις
1458 3438 1471 3453 ’
1503 3425 1801 3479 τελειοῦσιν
1825 3442 1841 3459 ’

266 3506 678 3577 ἐπανέρχονται
695 3508 835 3579 πρὸς
872 3510 974 3582 τὴν
1014 3512 1155 3565 ίδίαν
1184 3511 1375 3584 ὥσπερ
1407 3516 1717 3584 πετόμενοι,
1749 3517 1845 3571 καὶ

264 3599 326 3651 τὸ
376 3600 623 3669 πραχθὲν
665 3600 1073 3670 ἀναγγέλλουσι
1121 3607 1236 3668 τοῖς
1289 3606 1472 3660 αὐτῶν
1534 3610 1840 3678 μείξουσιν.

264 3691 329 3745 υἱ
362 3693 410 3745 δ’
439 3693 796 3761 ἀφικνοῦνται
829 3693 920 3749 διὰ
949 3695 1147 3766 τάχους
1177 3700 1234 3761 ἐς
1267 3699 1700 3768 Πελοπόννησον,
1735 3720 1842 3772 μα-

264 3785 414 3855 κρῶν
442 3786 579 3838 νεῶν
622 3787 938 3852 ἐπιϐάντες.
983 3791 1093 3845 Καὶ
1140 3793 1229 3847 ἶνα
1277 3794 1345 3848 τά
1371 3796 1429 3848 ἐν
1478 3797 1628 3867 μέσῳ
1658 3801 1840 3868 παρῶ,

262 3874 604 3945 λαμϐάνουσι
625 3895 777 3943 τινας
805 3878 1010 3945 πόλεις,
1034 3882 1389 3953 ὀμωμοκότες
1415 3885 1484 3938 τά
1508 3887 1719 3952 δέοντα,
1748 3888 1843 3942 καὶ

265 3967 638 4038 καταθέμενοι
670 3987 793 4024 τινα
840 3973 1120 4043 χρήματα,
1174 3975 1612 4045 ἀναγκαιότατον
1660 3980 1839 4049 δόξαν,

262 4057 406 4111 ὥστε
439 4060 516 4128 μὴ
550 4060 712 4128 μόνον
762 4062 961 4126 αὐτοὺς
1000 4066 1275 4134 κατέχειν,
1313 4067 1455 4121 ἀλλά
1490 4071 1586 4123 καὶ
1613 4074 1842 4142 κατέχε-

265 4148 394 4200 σθαί
426 4166 564 4215 πως,
615 4150 713 4204 καὶ
738 4151 771 4221 ἢ
800 4152 1248 4208 πλεονεκτεῖσθαι
1276 4160 1342 4227 τῇ
1394 4161 1625 4231 κατοχῇ,
1658 4160 1693 4232 ἦ
1733 4179 1839 4231 μη-

259 4240 451 4309 δαμῶς
512 4242 896 4297 πλεονεκτεῖν.
938 4246 1175 4299 ’Ἔπειθ’
1224 4247 1438 4302 ἵσταται
1488 4251 1550 4304 τὸ
1613 4253 1839 4321 γεγονὸς

260 4334 391 4403 ἄχρι
428 4334 605 4391 τοῦδε.
658 4329 785 4390 Ὧδε
815 4340 925 4409 γὰρ
975 4339 1152 4407 ἐδόκει
1206 4341 1319 4396 δεῖν
1374 4343 1451 4413 τῷ
1505 4347 1704 4417 ποιητῇ
1744 4345 1840 4400 τοῦ

259 4425 560 4494 δράματος.

331 4647 445 4715 Τῆς
497 4647 690 4720 φήμης
734 4649 794 4703 δὲ
846 4649 1198 4719 διαχυθείσης
1249 4650 1611 4719 ἑκασταχόσε,
1672 4648 1836 4720 θροῦς

262 4741 357 4791 καὶ
406 4741 556 4808 λόγοι
598 4741 851 4811 διάφοροί
900 4745 1013 4807 τοῖς
1049 4744 1104 4795 ὲν
1137 4744 1334 4814 ἀγνοίᾳ
1385 4743 1483 4795 τοῦ
1533 4742 1832 4811 δράματος,

263 4832 356 4884 at;
387 4831 454 4901 δὴ
485 4830 588 4899 τῆς
619 4833 878 4901 ἀληθείας
920 4834 1178 4903 ἐπίτηδες
1227 4837 1636 4906 κρυπτομένης.
1669 4838 1835 4890 Ὅθεν

271 4923 341 4982 εἰς
374 4922 477 4991 μὲν
509 4921 571 4975 τὺ
599 4923 930 4993 φαινόμενον
960 4925 1295 4994 ἀφορῶντες,
1330 4927 1394 4979 τὸ
1431 4927 1488 4979 δὲ
1515 4928 1838 4997 κεκρυμμέ-

265 5030 347 5065 νον
397 5013 459 5066 οὒ
492 5012 808 5082 βλέποντες,
850 5016 946 5069 καὶ
976 5017 1066 5069 διὰ
1099 5017 1262 5070 τοῦτο
1315 5019 1760 5087 προσκόπτοντες
1787 5021 1835 5072 oi

260 5104 469 5168 πολλοὶ,
525 5106 627 5160 οὐκ
677 5106 743 5159 ἂν
799 5103 1047 5170 δέξαιντο
1104 5110 1319 5179 μέμψιν
1367 5109 1620 5167 δικαίαν.
1670 5112 1734 5164 Et
1775 5110 1837 5165 δὲ

184 5214 195 5220 ·
257 5197 349 5248 καί
382 5212 529 5261 τινες
558 5197 778 5252 ἐδόκουν
803 5198 1055 5254 ἀπειθεῖν
1122 5200 1219 5254 καὶ
1265 5200 1639 5272 νεωτερίζειν,
1670 5202 1735 5255 τό
1769 5218 1834 5271 γε

257 5288 479 5355 κινῆσαι
528 5288 628 5358 οὐχ
702 5287 890 5358 ἕτερον
955 5288 990 5360 ἢ
1052 5291 1376 5361 ἀποστροφὴ
1452 5292 1554 5362 μὲν
1612 5294 1836 5357 πάντως

257 5380 397 5447 πρὸς
431 5379 770 5450 ἀλλοτρίους,
823 5382 1011 5452 ἀγάπη
1046 5381 1103 5435 δὲ
1158 5383 1294 5453 πρὸς
1340 5385 1432 5437 τὸν
1488 5384 1674 5438 αὐτῶν
1725 5403 1834 5438 σω-

257 5470 400 5537 τῆρά
427 5485 486 5520 τε
524 5471 619 5522 καὶ
673 5470 963 5538 δεσπότην.
1001 5472 1074 5523 Οὐ
1116 5472 1228 5539 γὰρ
1282 5470 1348 5540 δὴ
1397 5469 1588 5525 τοῦτον
1643 5471 1832 5538 αὐτὸν,

252 5561 340 5625 τίς
389 5560 531 5613 οὕτω
562 5564 691 5624 παῖς
726 5564 821 5613 καὶ
859 5561 1269 5633 ὶμϐρόντητος;
1306 5563 1381 5615 Τὸ
1438 5563 1484 5614 δ’
1538 5564 1661 5617 ἀντὶ
1712 5563 1836 5618 τού·-

253 5670 350 5706 του
400 5654 621 5723 σχήσειν
677 5640 933 5724 ἑτέρους,
984 5654 1163 5709 ἅπασι
1210 5655 1497 5724 διέφευγον
1556 5656 1781 5725 τρόποις
1814 5671 1831 5687 ·

256 5744 321 5797 εὖ
348 5762 415 5812 γε
443 5745 746 5808 ποιοῦντες.
782 5747 890 5799 Καὶ
940 5746 1092 5800 ταῦτ’
1112 5746 1284 5811 ἐἰδὼς
1343 5746 1599 5817 ἀδελφὸς,
1651 5746 1830 5801 οὐδενί

1332 5840 1420 5893 καὶ
1458 5842 1568 5903 rei;
1640 5841 1832 5894 ἐπται-

1951 3232 2183 3287 accersit
2212 3230 2457 3288 Rhodios
2493 3231 2784 3299 :loquitur
2808 3231 2952 3301 quod
2993 3232 3072 3286 illi
3100 3233 3381 3302 impendio
3427 3248 3528 3287 cu-

1947 3333 2161 3394 perent.
2192 3325 2463 3379 orationis
2526 3341 2648 3379 cum
2710 3325 2963 3389 exordio,
2988 3334 3114 3378 Jum
3164 3324 3285 3381 sine
3336 3339 3367 3380 e
3429 3339 3530 3380 sua

1946 3418 2269 3484 compositis
2297 3417 2599 3471 voluntate.
2632 3417 2881 3472 Audiunt
2922 3418 3001 3472 illi
3033 3417 3312 3478 iubentes,
3375 3430 3531 3469 mox-

1947 3523 2055 3575 que
2087 3506 2150 3560 ad
2189 3520 2463 3562 conventa
2493 3519 2831 3579 procurrunt
2864 3526 2880 3575 ;
2928 3487 3338 3569 consummant,
3373 3508 3528 3563 volu-

1946 3614 2101 3653 crum
2128 3600 2454 3673 pernicitate
2476 3602 2528 3654 in
2576 3617 2736 3656 suam
2769 3611 3038 3668 remeant,
3062 3617 3290 3670 remque
3312 3611 3525 3669 gestam

1946 3691 2244 3761 majoribus
2283 3693 2399 3747 suis
2436 3693 2782 3749 denuntiant.
2817 3694 2859 3745 Ii
2903 3708 3070 3762 porro
3109 3708 3337 3762 magnas
3389 3707 3525 3745 con—

1944 3782 2272 3838 scendentes
2301 3799 2487 3848 naves,
2509 3783 2664 3838 Ocius
2684 3784 2737 3836 iu
2757 3782 3201 3850 Peloponnesum
3239 3780 3525 3833 involant:

1945 3884 2111 3944 atque
2152 3885 2298 3929 utea
2331 3885 2565 3940 taceam,
2601 3890 2723 3945 quze
2753 3874 2930 3927 media
2956 3874 3309 3959 exstiterunt,
3352 3883 3527 3938 quas-

1943 3971 2069 4023 dam
2101 3966 2378 4036 accipiunt
2412 3968 2577 4020 urbes
2603 3965 2702 4021 Sllll
2757 3963 3123 4025 sacramentis
3180 3961 3416 4024 debitis,
3458 3975 3527 4015 ac

1944 4071 2100 4131 parte
2152 4060 2400 4129 pecuniae
2463 4066 2799 4122 numerata;
2866 4054 3184 4110 necessaria
3225 4053 3524 4107 admodum

1945 4154 2222 4217 cautione,
2251 4151 2529 4204 utuedum
2576 4150 2923 4216 possiderent
2958 4148 3088 4219 ipsi,
3141 4148 3238 4204 sed
3284 4157 3339 4202 et
3386 4163 3533 4218 quo-

1944 4243 2237 4299 dammodo
2292 4240 2703 4307 possiderentur
2752 4249 2970 4308 ;utque
3002 4239 3373 4309 possessione,
3431 4246 3527 4290 aut

1944 4334 2094 4387 velut
2132 4330 2430 4386 inferretur
2455 4330 2659 4399 injuria
2682 4371 2697 4394 ,
2734 4340 2830 4384 aut.
2867 4329 3016 4383 nullo
3054 4332 3216 4383 modo
3234 4327 3524 4382 inferrent.

1904 4430 1921 4447 '
1945 4426 2219 4480 Hactenus
2257 4432 2441 4477 autem
2480 4423 2752 4491 processit
2775 4438 2863 4478 res
2889 4440 2905 4479 :
2935 4421 3017 4478 sic
3045 4421 3250 4494 quippe
3321 4418 3525 4475 fabula:

1863 4510 1917 4570 Β
1942 4513 2155 4569 auctori
2182 4513 2358 4567 visqu
2387 4520 2527 4566 erat.

2011 4648 2117 4705 Ubi
2172 4662 2337 4716 porro
2363 4645 2507 4701 fama
2556 4646 2759 4714 ubique
2811 4643 3242 4715 percrebuisset.
3309 4640 3524 4696 multus

1936 4743 2208 4813 spargitur
2252 4757 2462 4804 rumor,
2490 4740 2777 4809 jactautur
2804 4738 2973 4790 multa
3002 4738 3166 4791 verba
3203 4733 3524 4788 nescienti-

1940 4837 2045 4890 bus
2082 4834 2597 4893 fabnlatu.veritate
2621 4847 2688 4886 ex
2723 4829 3034 4898 composito
3083 4829 3282 4883 celata.
3320 4825 3526 4892 Quam-

1936 4928 2123 4981 obrem
2150 4940 2310 4981 nemo
2353 4926 2479 4995 jure
2528 4923 2962 4994 reprehendent,
2999 4921 3155 4984 utjsie
3185 4919 3411 4985 multos,
3467 4917 3523 4973 id

1943 5025 2156 5070 tantum
2194 5016 2528 5086 aSpieientes
2578 5015 2723 5085 quod
2780 5015 3082 5075 videretur,
3122 5027 3225 5068 nec
3274 5012 3523 5066 videntes

1935 5109 2082 5177 quod
2103 5117 2249 5163 esset
2278 5107 2580 5172 ocCultum,
2606 5103 2806 5160 oﬁendi
2832 5104 3147 5174 contigerit.
3196 5102 3293 5158 Sin
3335 5114 3523 5158 autem

1936 5207 2124 5254 essent
2172 5198 2267 5267 qui
2320 5211 2628 5266 repugnare
2673 5196 3007 5259 riderentur,
3048 5209 3113 5249 ac
3133 5194 3322 5249 turbas
3347 5194 3531 5257 ciere,

1939 5294 2132 5361 agebat
2162 5306 2259 5345 eos
2310 5305 2504 5346 aversa
2570 5290 2801 5343 omnino
2860 5289 2927 5343 ad
2974 5288 3189 5343 alienos
3241 5287 3530 5352 voluntas,

1942 5379 2363 5449 impensiorque
2419 5378 2474 5432 iu
2513 5387 2853 5433 servatorem
2906 5392 3069 5432 suum
3114 5390 3182 5430 ac
3228 5376 3519 5442 despotam

1939 5487 2116 5535 amor,
2150 5486 2250 5525 nec
2275 5469 2573 5540 quidquam
2625 5481 2917 5539 praeterea.
2953 5465 3149 5522 Nullus
3198 5469 3346 5520 enim
3379 5464 3525 5518 adeo

1941 5580 2077 5627 puer
2094 5580 2157 5618 ac
2176 5564 2422 5617 attonitae
2445 5563 2667 5628 tuentis,
2686 5571 2746 5618 ut
2771 5576 2878 5616 uou
2896 5578 3021 5616 eum
3039 5560 3234 5616 ducem
3257 5556 3525 5618 ambiret,

1938 5658 2289 5721 aliorumque
2320 5656 2571 5710 omnium
2634 5655 2755 5724 ejus
2803 5658 2926 5712 loco
2985 5653 3275 5723 imperium
3331 5649 3523 5703 detre-

1935 5753 2130 5802 claret.
2166 5746 2223 5801 id
2274 5746 2433 5817 plane
2467 5745 2690 5802 merito.
2741 5745 2990 5815 Cumque
3033 5746 3201 5797 frater
3240 5739 3291 5794 id
3326 5739 3524 5801 sciret,

1938 5839 2145 5895 nemini
2187 5840 2527 5896 irascebatur
2564 5854 2579 5893 :
2641 5853 2768 5894 nam
2823 5826 2963 5892 lenis
2997 5844 3132 5897 erat,
3167 5832 3246 5887 rrl
3293 5830 3346 5887 in
3392 5844 3520 5894 eos,
