3950 6452
413 399 519 461 Ξ55
1607 405 1989 466 MANUELIS

2097 410 2453 472 ΑιίΕοιοο
2468 412 2491 471 Ι
3564 369 3683 481 ’256

412 511 504 577 qui
537 526 632 581 per
657 528 1042 586 quemcunque
1076 519 1709 577 molunmtiendissent.
1746 521 1976 577 Veniam

2097 532 2206 587 κόσι
2287 533 2387 601 μὲν
2475 532 2599 584 καθ’

412 603 599 672 itaque
621 607 939 675 rogantibus
955 610 1142 665 statim
1177 611 1512 680 indulgebat,
1548 616 1643 685 qui
1688 625 1833 671 esset
1875 618 1988 671 cle-

417 708 594 748 mens.

489 784 631 838 Sane
652 786 874 854 quidem
898 788 989 842 alii
1010 788 1158 842 aliud
1179 789 1589 857 existimabant,
1625 795 1985 850 nescientium

414 872 652 926 fabulam
691 894 707 943 ;
748 892 814 931 ac
853 878 1105 947 plerique
1136 882 1610 950 promptissimum
1653 886 1759 939 sibi
1793 888 1989 941 interi-

409 973 527 1016 -tum
558 981 671 1018 rem
722 969 1104 1025 autumabant.
1166 972 1234 1026 At
1280 973 1369 1026 ille
1425 975 1569 1028 bono
1614 977 1800 1030 animo
1868 986 1989 1033 erat

418 1057 734 1126 malumque
754 1074 947 1115 omnes
978 1064 1161 1117 statim
1201 1064 1256 1117 in
1288 1067 1628 1121 contrarium
1661 1071 1984 1126 vertendum

417 1149 674 1216 sperabat
712 1152 1035 1221 :nimirum,
1067 1167 1339 1227 satrapam
1393 1168 1452 1213 ut
1482 1176 1604 1214 mox
1639 1173 1787 1218 esset
1826 1166 1986 1218 audi-

414 1245 573 1295 turus
635 1243 937 1311 perieulum
990 1261 1134 1312 esse,
1189 1265 1257 1303 ne
1312 1250 1493 1306 Latini
1546 1252 1983 1324 Peloponnesum

410 1330 551 1397 juris
581 1334 664 1386 sui
706 1334 969 1402 facerent,
999 1339 1150 1410 gravi
1181 1343 1458 1409 pulsatum
1517 1354 1691 1410 metu,
1734 1350 1785 1400 in
1837 1352 1989 1416 pacis

413 1424 615 1480 foedera
650 1430 831 1481 statim
890 1445 1306 1488 concessurum.
1348 1430 1498 1490 Haud
1544 1440 1763 1507 quidem
1801 1441 1852 1494 id
1890 1458 1986 1495 vc-

414 1531 471 1569 ra
497 1517 775 1597 voluntate
804 1538 819 1575 :
845 1523 970 1593 quid
1013 1526 1158 1579 enim
1191 1527 1264 1582 illi
1297 1543 1363 1582 ac
1400 1529 1617 1583 veritati
1642 1547 1933 1588 commune
1964 1534 1988 1590 ‘2

413 1608 505 1660 sed
542 1609 667 1678 quia
705 1610 888 1680 potius
922 1615 1152 1672 haberet
1175 1619 1610 1687 Pel0ponnesum
1647 1635 1849 1680 nostra:
1901 1626 1986 1680 di-

415 1697 585 1753 tionis
606 1716 750 1766 esse,
783 1720 946 1773 quam
982 1709 1162 1764 utsibi
1189 1726 1308 1766 eam
1344 1710 1660 1769 Latinorum
1702 1719 1986 1786 capreolus

414 1803 478 1842 ac
512 1806 706 1847 manus
740 1795 1067 1865 implicaret.
1131 1800 1305 1858 Porro
1354 1806 1570 1861 eratin
1632 1822 1802 1863 causa
1872 1825 1982 1865 non

2690 532 2995 602 οἱονδήτινα
3078 533 3290 603 τρόπον
3321 549 3337 566 ο
3419 535 3685 601 αἰτήσασι

2089 622 2134 675 δ’
2163 619 2256 677 οὗν
2288 624 2619 695 συγγνώμην
2644 623 2809 688 εὐθὺς
2835 623 3031 687 ἐδίδου,
3069 622 3479 696 φιλάνθρωπος
3510 626 3608 682 ὥν.

2164 795 2359 858 Ἀλλος
2390 797 2490 866 μὲν
2522 792 2618 851 οὖν
2655 799 2785 852 ἄλλο
2828 816 2884 853 τι
2922 784 3143 867 ἐδόξαζε
3169 803 3289 856 τῶν
3320 803 3429 856 οὐκ
3465 805 3689 860 εἰδότων

2088 886 2148 940 τὸ
2174 888 2379 957 δρᾶμα,
2441 892 2535 943 καὶ
2585 887 2754 960 ᾤοντό
2797 908 2862 959 γε
2897 892 3128 971 πολλοὶη
3163 894 3467 948 ἀπώλειαν
3502 897 3689 964 σφίσιν

2088 977 2310 1033 ἔσεσθαι
2357 980 2458 1048 τὴν
2512 980 2779 1051 ταχίστην
2825 982 2889 1035 τὸ
2937 985 3335 1053 πραττόμενον
3367 1004 3384 1020 ο
3434 987 3601 1050 αὐτὸς
3632 988 3687 1042 δὲ

2088 1069 2330 1140 ἐθάρρει,
2369 1072 2463 1124 καὶ
2493 1073 2635 1124 πάνυ
2660 1072 2912 1143 ἦλπιξεν,
2970 1074 3048 1137 ὡς
3090 1076 3303 1130 αὐτίκα
3354 1079 3473 1131 πᾶν
3517 1080 3719 1133 δεινὸν·

2088 1162 2167 1223 εἰς
2217 1163 2531 1216 τούναντίον
2580 1165 2990 1234 τραπήσεσθαι.
3050 1166 3155 1221 Τὸν
3216 1169 3335 1240 γὰρ
3393 1173 3690 1242 σατράπην

2087 1255 2252 1316 εὐθὺς
2295 1255 2536 1323 μαθόντα
2567 1256 2908 1310 κινδυνεύειν
2940 1259 3068 1321 τοὺς
3108 1260 3391 1323 Λατίνους
3443 1262 3548 1327 τῆς
3590 1264 3692 1315 [Is-

2085 1348 2421 1418 λοποννήσου
2450 1349 2757 1413 δεσπόζειν,
2789 1350 2972 1420 πολλῷ
2996 1352 3076 1420 τῷ
3095 1351 3207 1404 δέει
3238 1352 3685 1423 κατασχεθέντα,

2089 1440 2225 1509 πρὸς
2252 1439 2547 1508 διαλλαγὰς
2585 1441 2746 1504 εὐθὺς
2780 1442 2953 1510 ἥξειν’
2982 1442 3045 1496 οὗ
3077 1444 3224 1496 κατὰ
3261 1444 3532 1513 ἀλήθειαν
3569 1448 3686 1515 μέν·

2086 1534 2138 1583 τί
2166 1530 2275 1598 γὰρ
2310 1533 2504 1602 ἐκείνῳ
2530 1532 2625 1585 καὶ
2659 1532 2890 1603 ἀληθείᾳ
2946 1534 3169 1601 κοινόν;
3221 1535 3368 1589 ἀλλὰ
3420 1537 3501 1605 τῷ
3553 1538 3685 1591 πολύ

2087 1640 2140 1676 τι
2171 1624 2376 1694 βέλτιον
2405 1624 2561 1691 ἄγειν
2591 1625 2693 1690 τὴν
2721 1624 2818 1679 τοῦ
2855 1625 3099 1689 Πέλοπος
3130 1626 3225 1695 ὑφ’
3255 1629 3415 1697 ἡμᾶς
3458 1625 3621 1690 εἶναι,
3652 1630 3683 1699 ἢ

2086 1711 2186 1782 τὴν
2216 1713 2324 1765 τῶν
2347 1714 2594 1767 Λατίνων
2623 1715 2781 1769 ἕλικα
2803 1716 3013 1786 ταύτης
3037 1716 3384 1786 δράξασθαι.
3418 1718 3606 1773 Αἴτιον
3633 1719 3686 1772 δὲ

2087 1801 2149 1853 ού
2181 1800 2242 1852 τὸ
2271 1800 2476 1871 ῥᾳδίως
2514 1803 2960 1872 μεταϐεϐλῆσθαι
2988 1806 3085 1860 τὸν
3115 1807 3445 1878 ἄνθρωπον,
3481 1812 3577 1862 καὶ
3602 1809 3685 1879 βεο

416 1879 537 1949 citis
573 1882 756 1941 facilis
785 1893 1037 1953 mutatio,
1071 1902 1167 1948 aut
1190 1896 1315 1965 quia
1342 1899 1761 1968 tranquillitatis
1787 1917 1981 1957 amans

2097 1878 2415 1947 ﬁculsﬁcflat
2451 1895 2767 1959 πείσασθαι,
2815 1899 3148 1969 ὴγαπηκότα
3174 1872 3240 1953 to
3269 1902 3537 1972 ἠρεμεῖν
3577 1872 3683 1971 ἐρῶ

415 1971 598 2033 induci
648 1990 831 2045 posset
874 1982 938 2034 ad
973 1986 1233 2039 utendum
1261 1990 1532 2045 consilio:
1573 2008 1698 2047 mox
1732 1995 1877 2048 enim
1901 1995 1985 2049 di-

414 2077 609 2123 cturus
644 2076 1025 2139 sum,utnulla
1052 2079 1099 2133 ei
1126 2080 1189 2132 ad
1229 2070 1398 2135 ullum
1432 2084 1631 2140 bonum
1661 2097 1806 2144 esset
1836 2104 1992 2144 com-

415 2162 605 2215 munio
627 2180 640 2213 :
660 2163 754 2218 sed
780 2166 907 2235 quia
941 2170 1179 2236 timeret,
1204 2188 1270 2228 ne
1296 2190 1461 2243 quam
1485 2175 1870 2248 i’eIOponneso
1902 2182 1985 2234 vi-

414 2251 551 2305 cina:
603 2256 769 2310 urbes
823 2272 853 2313 a
921 2259 1227 2328 Fratribus,
1276 2266 1371 2334 qui
1428 2270 1588 2327 nobis
1646 2273 1987 2339 potentiores

412 2354 617 2410 essent,
653 2346 908 2429 iniuriam
941 2352 1230 2411 referrent.
1260 2358 1399 2413 Sunt
1430 2361 1577 2414 enim
1610 2362 1687 2416 illi
1723 2380 1823 2417 ceu
1866 2363 1971 2419 rivi

417 2435 640 2502 quidam
676 2442 995 2507 perennium
1034 2460 1096 2499 ac
1136 2451 1499 2504 maximorum
1534 2451 1849 2517 fluminum,
1882 2455 1987 2511 Oc-

416 2526 974 2603 ciduarumjnquam,
994 2539 1236 2606 gentium
1258 2557 1323 2595 ex
1341 2543 1541 2611 quibus
1563 2560 1983 2615 processerunt.

486 2619 611 2675 Haec
636 2624 804 2691 probe
832 2629 1027 2682 scienti
1073 2629 1229 2686 fratri
1257 2633 1476 2690 subibat
1506 2637 1727 2704 fiducia,
1755 2648 1814 2692 ut
1842 2650 1989 2696 esset

414 2710 468 2765 in
492 2712 696 2769 bonum
729 2733 952 2774 cessura
986 2720 1192 2777 fabula.
1224 2725 1414 2796 Neque
1440 2730 1583 2784 enim
1656 2731 1769 2787 fieri
1803 2749 1984 2802 posse,

417 2812 477 2856 ut
500 2820 618 2874 qua:
650 2818 781 2864 tunc
811 2824 1124 2883 agerentur,
1163 2829 1476 2888 serpentem
1511 2823 1746 2878 laterent
1795 2842 1810 2890 ;
1846 2843 1985 2884 neve

418 2909 477 2951 ut
501 2900 685 2956 sciens
731 2914 879 2960 esset
910 2908 1295 2975 quieturus,ac
1318 2923 1737 2984 exspectaturus
1762 2919 1988 2974 utacei-

419 3001 609 3057 perent
641 2994 825 3051 finem.
862 2997 952 3054 Sic
972 3001 1064 3055 ille
1084 3017 1235 3072 spem
1259 3005 1520 3073 habebat,
1554 3007 1745 3077 sicque
1773 3011 1984 3066 evenit.

418 3081 555 3137 Nam
579 3101 701 3140 cum
736 3104 849 3144 rem
874 3091 1180 3157 didicisset,
1197 3096 1289 3166 qui
1315 3113 1343 3150 a
1369 3099 1521 3153 vobis
1537 3114 1714 3170 neque
1744 3102 1981 3169 litteras,

425 3191 602 3245 neque
623 3194 962 3248 sermonem,
991 3184 1289 3256 velutquid
1339 3189 1488 3244 aliud
1516 3192 1580 3247 ad
1621 3208 1806 3261 pacem
1859 3209 1990 3262 pro-
2022 3212 2063 3268 ε

421 3283 623 3325 vocans
651 3273 822 3339 dicas,
858 3279 1190 3347 accepisset,
1229 3280 1279 3333 in
1314 3290 1485 3336 totum
1524 3293 1789 3349 mutatus,
1842 3285 1990 3354 lega-

418 3361 621 3416 tionem
660 3365 725 3418 al)
748 3365 869 3420 Asia
891 3368 957 3420 ad
989 3383 1163 3438 usque
1209 3368 1461 3437 Spartam
1491 3373 1557 3427 ad
1596 3374 1817 3429 fratrem
1862 3375 1993 3428 mlt-

424 3454 509 3516 tit,
533 3452 788 3511 ferienda:
810 3458 960 3526 pacis
980 3462 1234 3516 mandata
1266 3463 1656 3532 perferentem,
1677 3480 1740 3520 ac
1770 3465 1991 3534 longam

419 3548 872 3615 supplicationem
904 3554 1235 3610 emendandi
1268 3572 1390 3624 qua:
1421 3558 1777 3615 accidissent.
1827 3558 1988 3627 Quod

422 3641 601 3710 ipsum
636 3644 710 3697 ita
749 3646 979 3715 contigit
1007 3664 1022 3713 ;
1055 3663 1235 3718 eoque
1258 3662 1482 3716 eventu,
1507 3667 1671 3721 quam
1703 3655 1854 3708 omni
1909 3670 1994 3710 re-

419 3743 505 3789 tro
539 3745 785 3805 tempore
816 3740 973 3795 vobis
1010 3742 1233 3811 despota
1261 3742 1464 3798 clarior
1516 3745 1738 3811 enituit,
1779 3762 1887 3817 quo
1917 3748 1992 3803 ita

418 3844 534 3883 rem
576 3831 903 3897 providisset
933 3848 996 3888 ac
1032 3834 1405 3903 dispensasset
1430 3855 1444 3890 :
1473 3838 1749 3907 coepitque
1790 3840 1977 3898 fabula

421 3919 708 3982 celebrari,
755 3937 822 3976 ac
860 3921 1203 3992 ejusauetrix
1233 3910 1495 3995 sapientia
1530 3944 1554 3993 ;
1598 3930 1855 4000 quodque
1907 3931 1996 3987 ille

418 4024 595 4084 neque
620 4028 870 4082 personae
894 4030 1188 4095 congruam
1219 4019 1539 4086 gravitatem
1567 4023 1866 4085 amisisset,
1909 4036 1975 4077 ac

425 4123 492 4162 ne
521 4107 749 4162 verbum
783 4109 1004 4179 quidem
1034 4112 1380 4180 protulisset,
1404 4130 1513 4183 quo
1546 4115 1629 4170 vel
1659 4115 1764 4169 levi
1788 4116 1994 4169 indicio

424 4198 672 4264 proderet
703 4198 1147 4261 amaritudinem,
1182 4213 1241 4255 ut
1271 4202 1377 4255 ulla
1412 4203 1509 4272 qui
1542 4206 1761 4258 ratione
1818 4204 1992 4257 olTen-

421 4292 649 4349 dissent.
680 4289 917 4359 Eratque
949 4293 1193 4358 gaudens
1224 4294 1477 4362 despota,
1524 4296 1577 4348 in
1627 4296 1994 4366 gaudentibus

422 4384 654 4439 subditis
699 4401 712 4449 ;
749 4399 837 4437 res
884 4386 1048 4453 plane
1078 4384 1146 4439 ad
1202 4386 1581 4452 spectaculum
1654 4389 1989 4457 gratissima.

421 4475 557 4532 Cum
591 4475 734 4530 enim
764 4477 894 4531 olim
934 4479 1046 4546 jam
1078 4478 1252 4532 multo
1284 4493 1408 4533 cum
1438 4494 1622 4532 amore
1646 4495 1710 4534 ac
1754 4479 1993 4536 admira-

2093 1985 2201 2054 γὰρ
2229 1985 2408 2053 αὖθις,
2439 1988 2514 2049 ὡς
2551 1989 2705 2041 οὐδὲν
2747 1990 2929 2043 κοινὸν
2959 1990 3095 2058 πρὸς
3123 1990 3312 2045 ὁτιοῦν
3350 1991 3555 2059 ἐκείνῳ
3578 1992 3681 2044 τῶν

2094 2076 2317 2144 ἀγαθῶν
2346 2096 2359 2110 ο
2393 2079 2542 2149 φόϐῳ
2575 2080 2653 2142 δὲ,
2702 2079 2798 2132 τοῦ
2849 2081 2922 2150 μὴ
2972 2080 3071 2142 τὰς
3101 2081 3364 2148 γείτονας
3395 2083 3584 2145 πόλεις
3618 2084 3678 2151 τῇ

2092 2170 2486 2240 Πελοποννήσῳ
2540 2168 2799 2233 δέξασθαί
2844 2187 2967 2224 τινα
3020 2169 3231 2239 βλάϐην
3283 2174 3352 2224 ὲκ
3406 2170 3524 2224 τῶν
3551 2173 3681 2241 dips-

2098 2264 2250 2332 ρίων,
2305 2263 2668 2333 ἰσχυροτέρων
2719 2261 2878 2331 ἡμῶν
2935 2262 3125 2334 ὄντων.
3164 2262 3294 2315 Είσὶ
3330 2262 3446 2333 γὰρ
3497 2261 3682 2330 ὥσπερ

2095 2354 2298 2425 ρύακες
2362 2354 2604 2408 ἁεννάων
2658 2353 2924 2421 ποταμῶν
2978 2353 3070 2406 καὶ
3131 2354 3423 2421 μεγίστων
3460 2373 3473 2386 ·
3541 2354 3680 2421 λέγω

2090 2441 2148 2493 δὲ
2201 2441 2269 2494 τὰ
2320 2440 2513 2494 δυτικά
2586 2442 2766 2495 πάντα
2815 2442 2967 2512 ἔθνη,
3029 2440 3089 2507 ἐξ
3142 2435 3222 2495 ὧν
3286 2443 3402 2496 οἶδε
3457 2442 3680 2514 ὥρμην-

2088 2548 2202 2586 ται.

2167 2622 2350 2674 Ταῦτα
2378 2620 2560 2683 καλῶς
2582 2620 2744 2676 εἰδότι
2770 2618 3020 2690 τάδε).φῷ
3051 2621 3282 2697 θαρρεῖν
3313 2620 3478 2692 ἐπῄει
3502 2620 3657 2674 τελευ

2095 2717 2280 2783 τήσειν
2308 2718 2388 2777 εῑς
2422 2714 2625 2782 ἀγαθὸν
2656 2713 2715 2771 τὸ
2743 2714 2950 2784 δρᾶμα.
2990 2715 3144 2784 Μήτε
3174 2716 3287 2783 γὰρ
3342 2712 3458 2769 οἷον
3505 2733 3563 2768 τε
3589 2716 3653 2767 λα

2096 2809 2211 2862 θεῖν
2233 2809 2327 2861 τὸν
2377 2807 2501 2875 ὄφιν
2560 2809 2767 2861 ἐκεῖνον
2809 2809 2876 2861 τὰ
2909 2804 3223 2874 τηνικαῦτα
3275 2808 3671 2880 πραττόμενα·

2102 2901 2236 2969 μήτε
2268 2900 2379 2969 μὴν
2407 2898 2608 2966 γνόντα
2656 2899 2842 2966 μένειν
2869 2914 2929 2950 τε
2966 2894 3342 2972 αὖτοτρέμας,
3372 2900 3468 2951 καὶ
3508 2915 3670 2950 κατα-

2092 2993 2347 3061 δέχεσθαι
2403 2991 2580 3044 ταῦτα
2629 2991 2808 3061 πέρας
2846 2991 3054 3043 λαϐεῖν.
3094 2989 3294 3055 Οὕτως
3349 2987 3421 3062 ἦν
3474 2993 3673 3051 ἐκεῖνος

2093 3082 2359 3147 ιλπίζων,
2389 3083 2486 3135 καὶ
2513 3081 2685 3145 οὕτως
2713 3081 2897 3152 ἐξέϐη.
2930 3082 3039 3135 Καὶ
3066 3081 3176 3152 γὰρ
3213 3083 3277 3136 τὺ
3314 3085 3550 3152 πρᾶγμα
3585 3097 3654 3133 κα

2096 3174 2379 3244 ταμαθὼν,
2419 3173 2473 3236 ὃς
2501 3173 2619 3226 οὐδὲ
2653 3173 2961 3243 γράμματα
3002 3173 3217 3242 ἐδέχετο
3252 3176 3386 3244 παρ’
3415 3172 3588 3243 ὑμῶν,
3613 3172 3669 3222 ού

2097 3267 2275 3335 λόγον,
2304 3266 2414 3319 οὐδ’
2439 3265 2621 3319 ὁτιοῦν
2646 3265 2707 3318 τὸ
2743 3264 2880 3331 πρὸς
2929 3266 3151 3336 είρήνην
3203 3264 3582 3337 παρακαλοῦν,
3618 3261 3669 3325 ἐξ

2098 3359 2429 3430 ἀντιῤῥόπου
2467 3357 2815 3426 μεταϐαλὼν,
2847 3357 3057 3426 πέμπει
3104 3356 3184 3423 τῷ
3225 3359 3347 3426 ἐμῷ
3382 3356 3668 3428 πρεσϐείαν

2096 3450 2309 3520 ἀδελφῷ
2364 3450 2421 3516 ἐξ
2467 3448 2655 3511 Ἀσίας
2712 3450 2770 3511 ἐς
2831 3449 3001 3518 αὐτὴν
3057 3448 3344 3519 Σπάρτην,
3383 3446 3667 3510 διαλλαγὰς

2097 3543 2450 3613 κομίζουσαν,
2483 3542 2577 3595 καὶ
2612 3541 2829 3611 μακρὰν
2860 3541 3088 3606 ἀξίωσιν
3118 3541 3261 3610 πρὸς
3282 3540 3384 3611 τὴν
3409 3540 3503 3593 τοῦ
3538 3554 3668 3603 cup.-

2099 3635 2290 3697 ϐἀντος
2318 3632 2625 3703 διόρθωσιν.
2684 3634 2748 3685 Ὃ
2799 3633 3136 3701 καὶγίνεται
3161 3648 3174 3663 ο
3213 3634 3316 3686 καὶ
3365 3629 3662 3701 γεγονότος.

2098 3727 2353 3798 λαμπρὸς
2382 3728 2510 3795 ὑμῖν
2554 3729 2580 3779 ὁ
2610 3725 2879 3796 δεσπότης
2910 3724 3071 3794 είπερ
3105 3725 3240 3777 ποτὲ
3273 3726 3367 3780 καὶ
3416 3724 3514 3792 τῆς
3547 3737 3668 3790 προ-

2099 3822 2249 3886 νοίας
2280 3821 2467 3883 ἕνεκα,
2503 3820 2597 3875 καὶ
2633 3821 2732 3889 τῆς
2764 3818 3080 3889 οἰκονομίας
3110 3817 3320 3888 ταύτης
3373 3818 3566 3885 ἐφάνη.
3598 3813 3664 3864 Τὸ

2096 3914 2154 3968 δὲ
2180 3915 2367 3984 δρᾶμα
2394 3910 2624 3983 ὕμνητο,
2660 3912 2754 3964 καὶ
2803 3912 2838 3980 ἡ
2871 3910 3032 3978 σοφία
3058 3908 3154 3962 τοῦ
3187 3911 3543 3979 ποιήσαντος·
3578 3909 3665 3958 καὶ

2096 4007 2158 4060 τδ
2194 4007 2332 4076 μήτε
2383 4004 2570 4075 σχῆμα
2621 4001 2812 4057 τοῦτον
2868 4001 3169 4063 δεικνύναι,
3228 4004 3368 4072 μήτε
3415 4017 3468 4052 τι
3520 3998 3662 4067 ῥῆμα

2099 4097 2384 4169 προέσθαι,
2443 4078 2588 4163 live;
2641 4093 2988 4163 ὑπεμφαῖνον
3042 4092 3294 4162 πικρίας,
3347 4093 3402 4145 εί
3426 4105 3565 4152 τινες
3603 4085 3660 4137 δι’

2098 4187 2350 4258 ἡντινοῦν
2402 4185 2579 4240 αἰτίαν
2637 4182 3145 4255 προσκεκρούκασι.
3202 4185 3317 4237 Καὶ
3368 4179 3437 4254 ἦν
3467 4180 3663 4252 χαίρων

2099 4279 2156 4330 ὲν
2205 4275 2480 4346 χαίρουσι,
2539 4275 2810 4343 δεσπότης
2869 4273 3171 4341 ὑπηκόοιςο
3240 4274 3461 4345 ἥδιστον
3522 4269 3659 4320 ἰδεῖν.

2103 4369 2241 4422 Πολὺ
2290 4367 2398 4437 γὰρ
2443 4367 2539 4420 καὶ
2588 4365 2913 4435 φιλούμενος
2953 4365 3050 4417 καὶ
3087 4362 3505 4433 θαυμαζόμενος
3534 4360 3661 4413 ἄνω·

2102 4462 2215 4523 θεν,
2242 4458 2546 4528 τηνικαῦτα
2585 4456 2705 4526 μεθ’
2739 4454 3191 4526 ὑπερϐαλλούσης
3232 4453 3546 4523 προσθήκης
3574 4448 3660 4500 καὶ

425 4568 569 4621 tione
626 4578 1114 4637 prosequerentur,
1200 4574 1371 4624 multa
1428 4579 1557 4625 tunc
1604 4575 1989 4641 exsuperantia

2103 4555 2340 4621 ἐφιλεῖτο
2365 4552 2459 4605 καὶ⁸
2489 4549 2858 4619 ἐθαυμάζετο.
2890 4548 2999 4601 Καὶ
3028 4547 3088 4600 τὸ
3116 4546 3303 4617 θαῦμα
3337 4544 3490 4615 ᾔδετο
3511 4558 3526 4572 ο

424 4670 716 4730 utrumque
764 4662 1141 4729 praestabant;
1186 4663 1600 4731 eanebaturque
1639 4665 1991 4732 miraculum,

423 4766 488 4804 ac
534 4750 585 4803 ei
614 4764 803 4805 omnes
851 4750 961 4805 vim
1010 4751 1400 4820 impensiorem
1461 4753 1667 4807 amoris
1730 4753 1995 4822 repende-

429 4846 581 4900 bant.
604 4842 771 4899 Plane
793 4847 1007 4899 merito.
1036 4844 1249 4911 Quibus
1269 4845 1411 4896 enim
1440 4854 1597 4899 antea
1636 4862 1701 4900 ne
1725 4846 1829 4900 vita
1856 4845 1981 4916 ipsa

425 4942 540 4988 tuta
578 4936 714 4989 satis
740 4944 907 5000 esset,
949 4935 1135 4989 felices
1175 4944 1399 5002 repente
1422 4945 1716 4991 evaserant
1771 4953 1786 4990 :
1844 4940 1993 5005 quod

425 5024 713 5094 planeipsa
729 5039 825 5093 per
841 5039 899 5079 se
941 5024 1120 5079 dulcia
1149 5025 1336 5080 multis
1364 5027 1605 5082 dulciora
1628 5029 1801 5082 videri
1838 5028 1992 5086 facit.

430 5115 535 5181 Qui
573 5130 703 5183 ergo
733 5131 842 5169 non
871 5130 1065 5170 omnes
1087 5115 1354 5172 miraculo
1382 5119 1596 5188 plenam
1626 5136 1690 5174 ac
1711 5121 1989 5191 voluptate

426 5219 539 5257 rem
564 5205 920 5268 aestimarent,
958 5205 1011 5256 in
1047 5215 1242 5260 vestras
1278 5206 1470 5260 salutis
1502 5209 1981 5275 negotio'gestam,

430 5307 552 5344 mm
595 5306 656 5345 ea
723 5294 861 5360 ipsa,
890 5294 1091 5362 quibus
1154 5309 1243 5351 res
1281 5304 1493 5350 vestras
1536 5296 1795 5350 deteriori
1852 5307 1996 5351 statu

430 5383 711 5438 habituras
748 5386 1048 5451 putabatis,
1082 5388 1242 5457 longe
1268 5416 1273 5423 ι
1299 5404 1392 5443 eas
1432 5389 1645 5443 meliori
1670 5389 1865 5444 fecisse
1916 5390 1997 5444 vi-

428 5476 671 5534 deretis?
696 5482 887 5536 Pacem
925 5498 1059 5537 sane
1098 5499 1264 5554 quam
1299 5486 1541 5540 maxime
1572 5485 1994 5549 desiderabatis,

427 5575 486 5620 at
529 5583 694 5636 quam
741 5572 971 5629 minime
1025 5577 1327 5638 sperabatis
1380 5595 1392 5631 :
1445 5575 1760 5630 obtinuistis
1815 5584 1995 5627 autem

428 5654 594 5711 altam
616 5658 908 5717 admodum
939 5681 1001 5718 ac
1020 5666 1249 5736 pristina
1282 5668 1444 5736 longe
1473 5667 1783 5727 meliorem,
1817 5665 1988 5718 multa

432 5746 789 5805 nihilominus
849 5758 1163 5813 accessione
1213 5760 1418 5828 glerim,
1449 5767 1508 5812 ut
1562 5759 1607 5813 is
1649 5757 1716 5810 ad
1765 5771 1863 5810 vos
1904 5756 1996 5809 dc-

435 5836 716 5895 stiaavcrit
741 5840 969 5912 legatos,
988 5848 1077 5915 qui
1107 5865 1171 5902 ne
1196 5849 1380 5905 ridere
1409 5847 1628 5918 quidem
1661 5845 1990 5907 sustinebat,

2093 4645 2153 4699 τὸ
2191 4644 2414 4714 φίλτρον
2447 4642 2627 4712 τούτῳ
2658 4642 2860 4704 πάντες
2884 4638 3226 4693 ἀπεδίδοσαν.
3264 4637 3521 4727 Εἰκότως.
3556 4628 3658 4727 Καὲ

2095 4738 2201 4808 γὰρ
2251 4736 2300 4790 οἳ
2341 4735 2471 4800 πρὶν
2516 4734 2618 4787 οὐκ
2674 4727 2823 4802 εἶχον
2869 4731 3094 4803 θαρῤεῖν
3151 4730 3293 4798 ὑπὲρ
3354 4725 3515 4795 μόνον
3569 4725 3656 4808 τῷ

2095 4806 2218 4899 ζῇν,
2268 4827 2592 4888 εὐδαίμονες
2634 4824 2799 4886 εὐθὺς
2846 4822 3246 4875 ἀνεδείκνυντο·
3282 4816 3444 4911 τοῦτο
3472 4812 3540 4911 δη
3568 4806 3655 4911 καί

2093 4924 2161 4973 τὰ
2191 4919 2323 4987 ἡδέα
2353 4916 2542 4971 ποιοῦν
2591 4915 2774 4986 πολλῷ
2809 4914 2944 4983 ἡδίω
2969 4912 3281 4980 φαίνεσθαι.
3316 4909 3439 4970 Πῶς
3485 4899 3574 4957 οὖν
3597 4899 3653 4950 οὗ

2094 5013 2231 5066 πᾶσι
2260 5010 2582 5079 κριθήσεται
2604 5008 2666 5060 τὸ
2697 5007 2828 5076 περὶ
2854 5005 2953 5076 τὴν
2983 5005 3256 5073 ὑμετέραν
3283 4997 3549 5097 σωτηρίαν

2095 5103 2412 5172 γονὲκεῖνο
2452 5100 2734 5169 θαύματος
2778 5098 2949 5165 γέμον
2995 5098 3092 5150 καὶ
3140 5095 3355 5167 ἡδονῆς,
3417 5091 3466 5143 εί
3506 5080 3631 5172 τοιύο

2097 5192 2241 5261 ὅπερ
2277 5190 2556 5258 ἐνομίζετε
2608 5188 2778 5259 χείρω
2810 5187 3181 5256 καταστήσειν
3210 5186 3337 5253 ὑμῖν
3366 5180 3433 5234 τὰ
3484 5171 3649 5244 πράγ-

2100 5303 2265 5355 ματα,
2301 5285 2442 5339 aere
2469 5284 2532 5355 δὴ
2558 5283 2736 5337 ταῦτα
2769 5281 3073 5351 πεποίηκεν
3117 5281 3301 5334 ἐκεῖνα
3334 5271 3507 5337 πολλῷ
3535 5264 3648 5337 βελ·

2096 5380 2230 5444 τίως
2265 5378 2504 5447 Εἰρήνης
2538 5376 2645 5445 γὰρ
2669 5375 3003 5445 ἐπεθυμεῖτε
3031 5374 3132 5443 μὲν
3160 5372 3236 5437 ὡς
3283 5368 3530 5440 μάλιστα·
3561 5355 3646 5425 ὴλσ

2101 5473 2286 5529 πίξετε
2314 5471 2358 5523 δ’
2385 5470 2460 5532 ὡς
2507 5471 2733 5539 ἥκιστα’
2764 5466 2938 5536 αὐτῆς
2987 5466 3044 5519 δὲ
3072 5466 3215 5519 πάνυ
3268 5460 3483 5535 βαθείας
3508 5463 3648 5504 τετυ-

2102 5565 2331 5634 χήκατε,
2381 5560 2560 5631 πολλῷ
2611 5578 2676 5629 γε
2719 5559 2931 5629 βέλτιον
2976 5558 3009 5627 ἢ
3054 5558 3161 5628 πρὸ
3189 5555 3305 5617 τοῦ,
3360 5544 3641 5618 προσούσης

2099 5673 2163 5724 γε
2188 5659 2281 5710 καὶ
2306 5657 2465 5723 δόξης
2499 5656 2559 5708 οὐ
2585 5653 2918 5721 σμικρᾶ;,ὲκ
2947 5651 3042 5703 τοῦ
3087 5646 3378 5721 πρεσϐείαν
3423 5639 3642 5727 πέμπειν

2102 5750 2176 5810 ὡς
2205 5749 2372 5817 ὑμᾶς,
2400 5747 2492 5799 τὸν
2527 5745 2663 5815 μηδὲ
2697 5742 3178 5811 ἰδεῖψάνεχόμενον
3213 5740 3267 5792 εἴ
3299 5755 3379 5794 τις
3405 5728 3459 5791 ἐξ
3501 5724 3639 5817 ON?”

2105 5843 2181 5905 είς
2214 5842 2374 5894 αὑτὸν
2424 5840 2566 5909 ὑπὲρ
2603 5839 2822 5909 εἰρήνης
2846 5834 3196 5906 ἐπρέσϐευεν.
3236 5832 3395 5886 Ἷστε,
3434 5818 3516 5876 οὓς
3541 5822 3636 5863 των
